  <div class='ocr_page' id='page_1' title='image "/cluster/home/n/w/nwhite01/storage/ocr_20150623/106/nnc1.0046979980/130.png"; bbox 0 0 4276 6438; ppageno 0'>
   <div class='ocr_carea' id='block_1_1' title="bbox 225 406 336 470">
    <p class='ocr_par' dir='ltr' id='par_1_1' title="bbox 225 406 336 470">
     <span class='ocr_line' id='line_1_1' title="bbox 225 406 336 470; baseline 0.018 -2"><span class='ocrx_word' id='word_1_1' title='bbox 225 406 336 470; x_wconf 71' lang='lat'><strong>229</strong></span> 
     </span>
    </p>
   </div>
   <div class='ocr_carea' id='block_1_2' title="bbox 1191 404 2496 469">
    <p class='ocr_par' dir='ltr' id='par_1_2' title="bbox 1191 404 2496 469">
     <span class='ocr_line' id='line_1_2' title="bbox 1191 404 2496 469; baseline 0 -1"><span class='ocrx_word' id='word_1_2' title='bbox 1191 406 1801 468; x_wconf 65' lang='lat' dir='ltr'><strong>COMMENTARIUS</strong></span> <span class='ocrx_word' id='word_1_3' title='bbox 1843 404 1923 464; x_wconf 75' lang='grc' dir='ltr'><strong>ΙΝ</strong></span> <span class='ocrx_word' id='word_1_4' title='bbox 1966 407 2496 469; x_wconf 76' lang='lat' dir='ltr'><strong>APOCALYPSIN.</strong></span> 
     </span>
    </p>
   </div>
   <div class='ocr_carea' id='block_1_3' title="bbox 3395 414 3505 476">
    <p class='ocr_par' dir='ltr' id='par_1_3' title="bbox 3395 414 3505 476">
     <span class='ocr_line' id='line_1_3' title="bbox 3395 414 3505 476; baseline 0 0"><span class='ocrx_word' id='word_1_5' title='bbox 3395 414 3505 476; x_wconf 74' lang='lat'><strong>230</strong></span> 
     </span>
    </p>
   </div>
   <div class='ocr_carea' id='block_1_4' title="bbox 225 514 1914 592">
    <p class='ocr_par' dir='ltr' id='par_1_4' title="bbox 225 514 1914 591">
     <span class='ocr_line' id='line_1_4' title="bbox 225 514 1914 591; baseline -0.003 -20"><span class='ocrx_word' id='word_1_6' title='bbox 225 521 401 589; x_wconf 74' lang='grc' dir='ltr'>πυρός</span> <span class='ocrx_word' id='word_1_7' title='bbox 423 537 434 548; x_wconf 94' lang='grc'><strong>·</strong></span> <span class='ocrx_word' id='word_1_8' title='bbox 467 521 592 584; x_wconf 68' lang='grc' dir='ltr'>τοὺς</span> <span class='ocrx_word' id='word_1_9' title='bbox 632 521 733 591; x_wconf 80' lang='grc' dir='ltr'>μὲν</span> <span class='ocrx_word' id='word_1_10' title='bbox 781 520 973 589; x_wconf 80' lang='grc' dir='ltr'>ἀγίους</span> <span class='ocrx_word' id='word_1_11' title='bbox 1018 519 1380 587; x_wconf 66' lang='grc' dir='ltr'><strong>¹φιυτίζζοντες,</strong></span> <span class='ocrx_word' id='word_1_12' title='bbox 1414 519 1540 578; x_wconf 75' lang='grc' dir='ltr'>τοὺς</span> <span class='ocrx_word' id='word_1_13' title='bbox 1561 516 1618 569; x_wconf 78' lang='grc' dir='ltr'>δὲ</span> <span class='ocrx_word' id='word_1_14' title='bbox 1650 514 1808 586; x_wconf 77' lang='grc' dir='ltr'><strong>βεὸή-</strong></span> <span class='ocrx_word' id='word_1_15' title='bbox 1840 520 1879 574; x_wconf 81' lang='grc' dir='ltr'><strong>Α</strong></span> <span class='ocrx_word' id='word_1_16' title='bbox 1911 541 1914 560; x_wconf 74' lang='grc' dir='ltr'>ι</span> 
     </span>
    </p>
   </div>
   <div class='ocr_carea' id='block_1_5' title="bbox 1819 514 3508 592">
    <p class='ocr_par' dir='ltr' id='par_1_5' title="bbox 1840 518 3508 592">
     <span class='ocr_line' id='line_1_5' title="bbox 1840 518 3508 592; baseline 0.002 -18"><span class='ocrx_word' id='word_1_17' title='bbox 1840 520 1879 574; x_wconf 81' lang='grc' dir='ltr'><strong>Α</strong></span> <span class='ocrx_word' id='word_1_18' title='bbox 1911 526 2015 569; x_wconf 75' lang='lat' dir='ltr'><strong>csL</strong></span> <span class='ocrx_word' id='word_1_19' title='bbox 2050 518 2225 586; x_wconf 84' lang='lat' dir='ltr'><strong>Atque</strong></span> <span class='ocrx_word' id='word_1_20' title='bbox 2274 519 2329 573; x_wconf 90' lang='lat' dir='ltr'><strong>in</strong></span> <span class='ocrx_word' id='word_1_21' title='bbox 2386 519 2508 587; x_wconf 85' lang='lat' dir='ltr'><strong>ejus</strong></span> <span class='ocrx_word' id='word_1_22' title='bbox 2547 518 2623 571; x_wconf 88' lang='lat' dir='ltr'><strong>rei</strong></span> <span class='ocrx_word' id='word_1_23' title='bbox 2665 527 3044 585; x_wconf 71' lang='lat' dir='ltr'><strong>argumentum</strong></span> <span class='ocrx_word' id='word_1_24' title='bbox 3094 521 3249 576; x_wconf 82' lang='lat' dir='ltr'><strong>canis</strong></span> <span class='ocrx_word' id='word_1_25' title='bbox 3293 524 3508 592; x_wconf 79' lang='lat' dir='ltr'><strong>capillis</strong></span> 
     </span>
    </p>
   </div>
   <div class='ocr_carea' id='block_1_6' title="bbox 224 611 748 681">
    <p class='ocr_par' dir='ltr' id='par_1_6' title="bbox 224 611 748 681">
     <span class='ocr_line' id='line_1_6' title="bbox 224 611 748 681; baseline 0.008 -19"><span class='ocrx_word' id='word_1_26' title='bbox 224 612 351 675; x_wconf 81' lang='grc' dir='ltr'>λους</span> <span class='ocrx_word' id='word_1_27' title='bbox 382 611 748 681; x_wconf 72' lang='grc' dir='ltr'>φλογίζοντες.</span> 
     </span>
    </p>
   </div>
   <div class='ocr_carea' id='block_1_7' title="bbox 1928 605 3509 681">
    <p class='ocr_par' dir='ltr' id='par_1_7' title="bbox 1928 605 3509 681">
     <span class='ocr_line' id='line_1_7' title="bbox 1928 605 3509 681; baseline 0.008 -24"><span class='ocrx_word' id='word_1_28' title='bbox 1928 617 2151 675; x_wconf 86' lang='lat' dir='ltr'><strong>opertus</strong></span> <span class='ocrx_word' id='word_1_29' title='bbox 2185 609 2449 663; x_wconf 90' lang='lat' dir='ltr'><strong>cernitur.</strong></span> <span class='ocrx_word' id='word_1_30' title='bbox 2483 605 2638 662; x_wconf 89' lang='lat' dir='ltr'><strong>Oculi</strong></span> <span class='ocrx_word' id='word_1_31' title='bbox 2677 618 2858 663; x_wconf 84' lang='lat' dir='ltr'><strong>autem</strong></span> <span class='ocrx_word' id='word_1_32' title='bbox 2897 611 3021 680; x_wconf 84' lang='lat' dir='ltr'><strong>ejus</strong></span> <span class='ocrx_word' id='word_1_33' title='bbox 3053 612 3234 681; x_wconf 74' lang='lat' dir='ltr'><strong>ignita:</strong></span> <span class='ocrx_word' id='word_1_34' title='bbox 3273 614 3509 670; x_wconf 74' lang='lat' dir='ltr'><strong>ﬂamma:</strong></span> 
     </span>
    </p>
   </div>
   <div class='ocr_carea' id='block_1_8' title="bbox 224 700 3507 780">
    <p class='ocr_par' dir='ltr' id='par_1_8' title="bbox 224 700 3507 780">
     <span class='ocr_line' id='line_1_8' title="bbox 224 700 3507 780; baseline 0.002 -19"><span class='ocrx_word' id='word_1_35' title='bbox 224 708 467 775; x_wconf 88' lang='lat' dir='ltr'><strong>speciem</strong></span> <span class='ocrx_word' id='word_1_36' title='bbox 490 723 611 777; x_wconf 78' lang='lat' dir='ltr'><strong>prie</strong></span> <span class='ocrx_word' id='word_1_37' title='bbox 655 723 716 763; x_wconf 87' lang='lat' dir='ltr'><strong>se</strong></span> <span class='ocrx_word' id='word_1_38' title='bbox 744 706 947 761; x_wconf 75' lang='lat' dir='ltr'><strong>lerunt.</strong></span> <span class='ocrx_word' id='word_1_39' title='bbox 990 704 1255 772; x_wconf 78' lang='lat' dir='ltr'><strong>Quamvis</strong></span> <span class='ocrx_word' id='word_1_40' title='bbox 1288 706 1433 759; x_wconf 87' lang='lat' dir='ltr'><strong>enim</strong></span> <span class='ocrx_word' id='word_1_41' title='bbox 1484 704 1538 758; x_wconf 86' lang='lat' dir='ltr'><strong>hi</strong></span> <span class='ocrx_word' id='word_1_42' title='bbox 1592 710 1814 759; x_wconf 90' lang='lat' dir='ltr'><strong>sanctos</strong></span> <span class='ocrx_word' id='word_1_43' title='bbox 1875 700 2152 755; x_wconf 92' lang='lat' dir='ltr'><strong>illustrant</strong></span> <span class='ocrx_word' id='word_1_44' title='bbox 2198 714 2253 757; x_wconf 93' lang='lat' dir='ltr'><strong>ct</strong></span> <span class='ocrx_word' id='word_1_45' title='bbox 2285 715 2561 769; x_wconf 82' lang='lat' dir='ltr'><strong>recreant,</strong></span> <span class='ocrx_word' id='word_1_46' title='bbox 2632 706 2885 761; x_wconf 83' lang='lat' dir='ltr'><strong>homines</strong></span> <span class='ocrx_word' id='word_1_47' title='bbox 2927 717 3109 762; x_wconf 88' lang='lat' dir='ltr'><strong>tamen</strong></span> <span class='ocrx_word' id='word_1_48' title='bbox 3159 708 3428 780; x_wconf 77' lang='lat' dir='ltr'><strong>profanos</strong></span> <span class='ocrx_word' id='word_1_49' title='bbox 3452 719 3507 765; x_wconf 79' lang='lat' dir='ltr'><strong>et</strong></span> 
     </span>
    </p>
   </div>
   <div class='ocr_carea' id='block_1_9' title="bbox 225 797 1505 866">
    <p class='ocr_par' dir='ltr' id='par_1_9' title="bbox 225 797 1505 866">
     <span class='ocr_line' id='line_1_9' title="bbox 225 797 1505 866; baseline -0.001 -13"><span class='ocrx_word' id='word_1_50' title='bbox 225 800 527 854; x_wconf 86' lang='lat' dir='ltr'><strong>sceleratos</strong></span> <span class='ocrx_word' id='word_1_51' title='bbox 564 800 867 855; x_wconf 90' lang='lat' dir='ltr'><strong>incendunt</strong></span> <span class='ocrx_word' id='word_1_52' title='bbox 895 798 1124 866; x_wconf 84' lang='lat' dir='ltr'><strong>direque</strong></span> <span class='ocrx_word' id='word_1_53' title='bbox 1154 797 1505 852; x_wconf 83' lang='lat' dir='ltr'><strong>excruciant.</strong></span> 
     </span>
    </p>
   </div>
   <div class='ocr_carea' id='block_1_10' title="bbox 298 888 1818 958">
    <p class='ocr_par' dir='ltr' id='par_1_10' title="bbox 298 888 1818 958">
     <span class='ocr_line' id='line_1_10' title="bbox 298 888 1818 958; baseline -0.004 -14"><span class='ocrx_word' id='word_1_54' title='bbox 298 891 409 944; x_wconf 71' lang='grc' dir='ltr'><strong>Καὶ</strong></span> <span class='ocrx_word' id='word_1_55' title='bbox 430 894 481 945; x_wconf 80' lang='grc' dir='ltr'>οὶ</span> <span class='ocrx_word' id='word_1_56' title='bbox 508 890 693 957; x_wconf 72' lang='grc' dir='ltr'>πόδες</span> <span class='ocrx_word' id='word_1_57' title='bbox 728 890 917 945; x_wconf 86' lang='grc' dir='ltr'>αὑτοῦ</span> <span class='ocrx_word' id='word_1_58' title='bbox 940 890 1133 957; x_wconf 83' lang='grc' dir='ltr'>ὅμοιοι</span> <span class='ocrx_word' id='word_1_59' title='bbox 1164 888 1607 958; x_wconf 68' lang='grc' dir='ltr'>χαλκολιϐάνῳ,</span> <span class='ocrx_word' id='word_1_60' title='bbox 1636 888 1718 955; x_wconf 84' lang='grc' dir='ltr'><strong>ὡς</strong></span> <span class='ocrx_word' id='word_1_61' title='bbox 1748 888 1818 939; x_wconf 85' lang='grc' dir='ltr'><strong>ἐν</strong></span> 
     </span>
    </p>
   </div>
   <div class='ocr_carea' id='block_1_11' title="bbox 227 981 927 1050">
    <p class='ocr_par' dir='ltr' id='par_1_11' title="bbox 227 981 927 1050">
     <span class='ocr_line' id='line_1_11' title="bbox 227 981 927 1050; baseline -0.001 -17"><span class='ocrx_word' id='word_1_62' title='bbox 227 983 461 1049; x_wconf 75' lang='grc' dir='ltr'>καμίνῳ</span> <span class='ocrx_word' id='word_1_63' title='bbox 492 981 927 1050; x_wconf 74' lang='grc' dir='ltr'><strong>πεπυρωμένοι.</strong></span> 
     </span>
    </p>
   </div>
   <div class='ocr_carea' id='block_1_12' title="bbox 301 1068 1812 1141">
    <p class='ocr_par' dir='ltr' id='par_1_12' title="bbox 301 1068 1812 1141">
     <span class='ocr_line' id='line_1_12' title="bbox 301 1068 1812 1141; baseline -0.001 -19"><span class='ocrx_word' id='word_1_64' title='bbox 301 1072 445 1134; x_wconf 72' lang='grc' dir='ltr'>Τοὺς</span> <span class='ocrx_word' id='word_1_65' title='bbox 471 1072 638 1133; x_wconf 84' lang='grc' dir='ltr'>πόδας</span> <span class='ocrx_word' id='word_1_66' title='bbox 665 1073 761 1124; x_wconf 72' lang='grc' dir='ltr'>καὶ</span> <span class='ocrx_word' id='word_1_67' title='bbox 787 1074 815 1124; x_wconf 90' lang='grc' dir='ltr'><strong>ὀ</strong></span> <span class='ocrx_word' id='word_1_68' title='bbox 851 1072 994 1137; x_wconf 82' lang='grc' dir='ltr'>θεῖος</span> <span class='ocrx_word' id='word_1_69' title='bbox 1036 1071 1338 1141; x_wconf 78' lang='grc' dir='ltr'>Γρηγόριος</span> <span class='ocrx_word' id='word_1_70' title='bbox 1378 1072 1478 1140; x_wconf 87' lang='grc' dir='ltr'>τὴν</span> <span class='ocrx_word' id='word_1_71' title='bbox 1509 1068 1651 1139; x_wconf 89' lang='grc' dir='ltr'><strong>μετά</strong></span> <span class='ocrx_word' id='word_1_72' title='bbox 1684 1086 1812 1139; x_wconf 69' lang='lat' dir='ltr'><strong>cap-</strong></span> 
     </span>
    </p>
   </div>
   <div class='ocr_carea' id='block_1_13' title="bbox 228 1159 1811 1232">
    <p class='ocr_par' dir='ltr' id='par_1_13' title="bbox 228 1159 1811 1232">
     <span class='ocr_line' id='line_1_13' title="bbox 228 1159 1811 1232; baseline 0.001 -20"><span class='ocrx_word' id='word_1_73' title='bbox 228 1160 324 1222; x_wconf 79' lang='grc' dir='ltr'>κὸς</span> <span class='ocrx_word' id='word_1_74' title='bbox 365 1161 590 1230; x_wconf 78' lang='grc' dir='ltr'>ἐνόησεν</span> <span class='ocrx_word' id='word_1_75' title='bbox 632 1163 973 1232; x_wconf 82' lang='grc' dir='ltr'>οίκονομίαν’</span> <span class='ocrx_word' id='word_1_76' title='bbox 1020 1162 1183 1223; x_wconf 82' lang='grc' dir='ltr'>πόδες</span> <span class='ocrx_word' id='word_1_77' title='bbox 1232 1160 1340 1231; x_wconf 76' lang='grc' dir='ltr'><strong>γὰρ</strong></span> <span class='ocrx_word' id='word_1_78' title='bbox 1374 1160 1539 1215; x_wconf 86' lang='grc' dir='ltr'>αὑτοῦ</span> <span class='ocrx_word' id='word_1_79' title='bbox 1569 1163 1600 1230; x_wconf 80' lang='grc' dir='ltr'>ἠ</span> <span class='ocrx_word' id='word_1_80' title='bbox 1633 1159 1768 1231; x_wconf 82' lang='grc' dir='ltr'>σάρξ</span> <span class='ocrx_word' id='word_1_81' title='bbox 1798 1175 1811 1188; x_wconf 90' lang='grc'><strong>·</strong></span> 
     </span>
    </p>
   </div>
   <div class='ocr_carea' id='block_1_14' title="bbox 226 1247 1816 1323">
    <p class='ocr_par' dir='ltr' id='par_1_14' title="bbox 226 1247 1816 1323">
     <span class='ocr_line' id='line_1_14' title="bbox 226 1247 1816 1323; baseline 0.001 -21"><span class='ocrx_word' id='word_1_82' title='bbox 226 1247 373 1323; x_wconf 83' lang='grc' dir='ltr'>ᾗτινι</span> <span class='ocrx_word' id='word_1_83' title='bbox 420 1252 449 1319; x_wconf 75' lang='grc' dir='ltr'><strong>ἠ</strong></span> <span class='ocrx_word' id='word_1_84' title='bbox 511 1251 702 1321; x_wconf 83' lang='grc' dir='ltr'>θεότης</span> <span class='ocrx_word' id='word_1_85' title='bbox 757 1253 1024 1317; x_wconf 73' lang='grc' dir='ltr'>ἐπιϐᾶσα,</span> <span class='ocrx_word' id='word_1_86' title='bbox 1068 1252 1168 1323; x_wconf 80' lang='grc' dir='ltr'>τὴν</span> <span class='ocrx_word' id='word_1_87' title='bbox 1219 1252 1497 1323; x_wconf 77' lang='grc' dir='ltr'><strong>ἡμετέραν</strong></span> <span class='ocrx_word' id='word_1_88' title='bbox 1540 1252 1816 1321; x_wconf 80' lang='grc' dir='ltr'><strong>σωτηρίαν</strong></span> 
     </span>
    </p>
   </div>
   <div class='ocr_carea' id='block_1_15' title="bbox 229 1343 1813 1413">
    <p class='ocr_par' dir='ltr' id='par_1_15' title="bbox 229 1343 1813 1413">
     <span class='ocr_line' id='line_1_15' title="bbox 229 1343 1813 1413; baseline 0 -18"><span class='ocrx_word' id='word_1_89' title='bbox 229 1343 654 1413; x_wconf 83' lang='grc' dir='ltr'>κατειργάσατο.</span> <span class='ocrx_word' id='word_1_90' title='bbox 695 1346 859 1407; x_wconf 79' lang='grc' dir='ltr'>ηόδε;</span> <span class='ocrx_word' id='word_1_91' title='bbox 892 1345 947 1397; x_wconf 80' lang='grc' dir='ltr'>δὲ</span> <span class='ocrx_word' id='word_1_92' title='bbox 986 1346 1081 1398; x_wconf 73' lang='grc' dir='ltr'><strong>καὶ</strong></span> <span class='ocrx_word' id='word_1_93' title='bbox 1125 1346 1173 1397; x_wconf 89' lang='grc' dir='ltr'><strong>οἱ</strong></span> <span class='ocrx_word' id='word_1_94' title='bbox 1200 1344 1514 1403; x_wconf 73' lang='grc' dir='ltr'>ἀπόστολοι,</span> <span class='ocrx_word' id='word_1_95' title='bbox 1543 1345 1617 1403; x_wconf 82' lang='grc' dir='ltr'>ὡς</span> <span class='ocrx_word' id='word_1_96' title='bbox 1649 1344 1813 1413; x_wconf 81' lang='grc' dir='ltr'>θεμέ-</span> 
     </span>
    </p>
   </div>
   <div class='ocr_carea' id='block_1_16' title="bbox 224 1435 1810 1506">
    <p class='ocr_par' dir='ltr' id='par_1_16' title="bbox 224 1435 1810 1506">
     <span class='ocr_line' id='line_1_16' title="bbox 224 1435 1810 1506; baseline 0.003 -21"><span class='ocrx_word' id='word_1_97' title='bbox 224 1436 331 1486; x_wconf 87' lang='grc' dir='ltr'>λιοι</span> <span class='ocrx_word' id='word_1_98' title='bbox 356 1435 457 1503; x_wconf 74' lang='grc' dir='ltr'>τῆς</span> <span class='ocrx_word' id='word_1_99' title='bbox 493 1435 843 1505; x_wconf 78' lang='grc' dir='ltr'>Ἐκκλησίας.</span> <span class='ocrx_word' id='word_1_100' title='bbox 875 1437 1279 1501; x_wconf 72' lang='grc' dir='ltr'>Χαλκολίῦανος</span> <span class='ocrx_word' id='word_1_101' title='bbox 1311 1438 1365 1489; x_wconf 77' lang='grc' dir='ltr'>δέ</span> <span class='ocrx_word' id='word_1_102' title='bbox 1405 1439 1575 1501; x_wconf 75' lang='grc' dir='ltr'>ἐστιν,</span> <span class='ocrx_word' id='word_1_103' title='bbox 1614 1440 1672 1490; x_wconf 85' lang='grc' dir='ltr'>ὃν</span> <span class='ocrx_word' id='word_1_104' title='bbox 1704 1455 1810 1506; x_wconf 83' lang='grc' dir='ltr'>φα-</span> 
     </span>
    </p>
   </div>
   <div class='ocr_carea' id='block_1_17' title="bbox 224 1527 1809 1599">
    <p class='ocr_par' dir='ltr' id='par_1_17' title="bbox 224 1527 1809 1599">
     <span class='ocr_line' id='line_1_17' title="bbox 224 1527 1809 1599; baseline 0.002 -22"><span class='ocrx_word' id='word_1_105' title='bbox 224 1542 311 1578; x_wconf 90' lang='grc' dir='ltr'><strong>σιν</strong></span> <span class='ocrx_word' id='word_1_106' title='bbox 344 1528 395 1579; x_wconf 87' lang='grc' dir='ltr'>οί</span> <span class='ocrx_word' id='word_1_107' title='bbox 430 1528 609 1598; x_wconf 75' lang='grc' dir='ltr'>ἰατροὶ</span> <span class='ocrx_word' id='word_1_108' title='bbox 635 1528 811 1599; x_wconf 78' lang='grc' dir='ltr'>εὐώδη</span> <span class='ocrx_word' id='word_1_109' title='bbox 855 1527 996 1581; x_wconf 76' lang='grc' dir='ltr'>εἶναι</span> <span class='ocrx_word' id='word_1_110' title='bbox 1030 1529 1398 1599; x_wconf 80' lang='grc' dir='ltr'><strong>θυμιώμενον,</strong></span> <span class='ocrx_word' id='word_1_111' title='bbox 1426 1530 1517 1581; x_wconf 79' lang='grc' dir='ltr'><strong>τὸν</strong></span> <span class='ocrx_word' id='word_1_112' title='bbox 1553 1531 1683 1599; x_wconf 76' lang='grc' dir='ltr'>παρ’</span> <span class='ocrx_word' id='word_1_113' title='bbox 1711 1530 1809 1582; x_wconf 83' lang='grc' dir='ltr'><strong>αὑ-</strong></span> 
     </span>
    </p>
   </div>
   <div class='ocr_carea' id='block_1_18' title="bbox 219 1617 1809 1691">
    <p class='ocr_par' dir='ltr' id='par_1_18' title="bbox 219 1617 1809 1691">
     <span class='ocr_line' id='line_1_18' title="bbox 219 1617 1809 1691; baseline 0.004 -24"><span class='ocrx_word' id='word_1_114' title='bbox 219 1619 339 1679; x_wconf 78' lang='grc' dir='ltr'>τοῖς</span> <span class='ocrx_word' id='word_1_115' title='bbox 369 1617 949 1690; x_wconf 56' lang='grc' dir='ltr'>καλούμενονιάρῤενα</span> <span class='ocrx_word' id='word_1_116' title='bbox 1008 1619 1292 1691; x_wconf 72' lang='grc' dir='ltr'>[λίϐανον].</span> <span class='ocrx_word' id='word_1_117' title='bbox 1341 1621 1408 1672; x_wconf 85' lang='grc' dir='ltr'><strong>Ἣ</strong></span> <span class='ocrx_word' id='word_1_118' title='bbox 1446 1620 1769 1686; x_wconf 76' lang='grc' dir='ltr'>καὶ-ἑτέρως</span> <span class='ocrx_word' id='word_1_119' title='bbox 1795 1636 1809 1650; x_wconf 77' lang='grc'>⁸</span> 
     </span>
    </p>
   </div>
   <div class='ocr_carea' id='block_1_19' title="bbox 221 1708 1811 1783">
    <p class='ocr_par' dir='ltr' id='par_1_19' title="bbox 221 1708 1811 1783">
     <span class='ocr_line' id='line_1_19' title="bbox 221 1708 1811 1783; baseline 0.001 -22"><span class='ocrx_word' id='word_1_120' title='bbox 221 1708 427 1777; x_wconf 77' lang='grc' dir='ltr'>χαλκοῦ</span> <span class='ocrx_word' id='word_1_121' title='bbox 466 1710 587 1778; x_wconf 79' lang='grc' dir='ltr'>μὲν,</span> <span class='ocrx_word' id='word_1_122' title='bbox 619 1712 717 1779; x_wconf 82' lang='grc' dir='ltr'>τῆς</span> <span class='ocrx_word' id='word_1_123' title='bbox 766 1712 1115 1782; x_wconf 78' lang='grc' dir='ltr'>ἀνθρωπίνης</span> <span class='ocrx_word' id='word_1_124' title='bbox 1139 1730 1152 1744; x_wconf 89' lang='grc'><strong>·</strong></span> <span class='ocrx_word' id='word_1_125' title='bbox 1186 1713 1405 1765; x_wconf 76' lang='grc' dir='ltr'>λιϐάνου</span> <span class='ocrx_word' id='word_1_126' title='bbox 1431 1714 1507 1773; x_wconf 84' lang='grc' dir='ltr'>δὲ,</span> <span class='ocrx_word' id='word_1_127' title='bbox 1532 1713 1630 1783; x_wconf 85' lang='grc' dir='ltr'>τῆς</span> <span class='ocrx_word' id='word_1_128' title='bbox 1659 1712 1811 1775; x_wconf 78' lang='grc' dir='ltr'>θείας</span> 
     </span>
    </p>
   </div>
   <div class='ocr_carea' id='block_1_20' title="bbox 221 1798 1809 1877">
    <p class='ocr_par' dir='ltr' id='par_1_20' title="bbox 221 1798 1809 1877">
     <span class='ocr_line' id='line_1_20' title="bbox 221 1798 1809 1877; baseline 0.002 -25"><span class='ocrx_word' id='word_1_129' title='bbox 221 1802 525 1871; x_wconf 72' lang='grc' dir='ltr'><strong>νοουμένης</strong></span> <span class='ocrx_word' id='word_1_130' title='bbox 565 1802 802 1869; x_wconf 82' lang='grc' dir='ltr'>φύσεως,</span> <span class='ocrx_word' id='word_1_131' title='bbox 836 1802 927 1875; x_wconf 81' lang='grc' dir='ltr'>[δι’</span> <span class='ocrx_word' id='word_1_132' title='bbox 952 1798 1052 1877; x_wconf 82' lang='grc' dir='ltr'>ὧν]</span> <span class='ocrx_word' id='word_1_133' title='bbox 1077 1806 1355 1858; x_wconf 82' lang='grc' dir='ltr'>δείκνυται</span> <span class='ocrx_word' id='word_1_134' title='bbox 1382 1804 1476 1858; x_wconf 73' lang='grc' dir='ltr'>καὶ</span> <span class='ocrx_word' id='word_1_135' title='bbox 1519 1804 1579 1857; x_wconf 86' lang='grc' dir='ltr'>τὸ</span> <span class='ocrx_word' id='word_1_136' title='bbox 1610 1803 1809 1867; x_wconf 79' lang='grc' dir='ltr'>εὑῶδες</span> 
     </span>
    </p>
   </div>
   <div class='ocr_carea' id='block_1_21' title="bbox 1999 883 3508 958">
    <p class='ocr_par' dir='ltr' id='par_1_21' title="bbox 1999 883 3508 958">
     <span class='ocr_line' id='line_1_21' title="bbox 1999 883 3508 958; baseline 0.006 -22"><span class='ocrx_word' id='word_1_137' title='bbox 1999 884 2036 945; x_wconf 83' lang='grc' dir='ltr'>Ι,</span> <span class='ocrx_word' id='word_1_138' title='bbox 2076 885 2161 939; x_wconf 70' lang='lat' dir='ltr'><strong>lii.</strong></span> <span class='ocrx_word' id='word_1_139' title='bbox 2201 883 2269 939; x_wconf 87' lang='lat' dir='ltr'><strong>Et</strong></span> <span class='ocrx_word' id='word_1_140' title='bbox 2324 888 2476 953; x_wconf 84' lang='lat' dir='ltr'><strong>pedes</strong></span> <span class='ocrx_word' id='word_1_141' title='bbox 2516 889 2630 957; x_wconf 94' lang='lat' dir='ltr'><strong>ejus</strong></span> <span class='ocrx_word' id='word_1_142' title='bbox 2676 890 2879 945; x_wconf 84' lang='lat' dir='ltr'><strong>similes</strong></span> <span class='ocrx_word' id='word_1_143' title='bbox 2923 890 3252 958; x_wconf 79' lang='lat' dir='ltr'><strong>aurichalco,</strong></span> <span class='ocrx_word' id='word_1_144' title='bbox 3284 893 3419 947; x_wconf 89' lang='lat' dir='ltr'><strong>sicut</strong></span> <span class='ocrx_word' id='word_1_145' title='bbox 3454 894 3508 946; x_wconf 85' lang='lat' dir='ltr'><strong>in</strong></span> 
     </span>
    </p>
   </div>
   <div class='ocr_carea' id='block_1_22' title="bbox 1924 978 2401 1031">
    <p class='ocr_par' dir='ltr' id='par_1_22' title="bbox 1924 978 2401 1031">
     <span class='ocr_line' id='line_1_22' title="bbox 1924 978 2401 1031; baseline 0.006 -4"><span class='ocrx_word' id='word_1_146' title='bbox 1924 978 2136 1028; x_wconf 86' lang='lat' dir='ltr'><strong>camino</strong></span> <span class='ocrx_word' id='word_1_147' title='bbox 2171 980 2401 1031; x_wconf 83' lang='lat' dir='ltr'><strong>ardenti.</strong></span> 
     </span>
    </p>
   </div>
   <div class='ocr_carea' id='block_1_23' title="bbox 1997 1065 3504 1134">
    <p class='ocr_par' dir='ltr' id='par_1_23' title="bbox 1997 1065 3504 1134">
     <span class='ocr_line' id='line_1_23' title="bbox 1997 1065 3504 1134; baseline 0.009 -17"><span class='ocrx_word' id='word_1_148' title='bbox 1997 1065 2098 1121; x_wconf 85' lang='lat' dir='ltr'><strong>l‘er</strong></span> <span class='ocrx_word' id='word_1_149' title='bbox 2125 1069 2277 1134; x_wconf 82' lang='lat' dir='ltr'><strong>pedes</strong></span> <span class='ocrx_word' id='word_1_150' title='bbox 2312 1068 2691 1126; x_wconf 80' lang='lat' dir='ltr'><strong>Nazianzenus</strong></span> <span class='ocrx_word' id='word_1_151' title='bbox 2718 1073 2922 1128; x_wconf 89' lang='lat' dir='ltr'><strong>Christi</strong></span> <span class='ocrx_word' id='word_1_152' title='bbox 2954 1075 3257 1129; x_wconf 87' lang='lat' dir='ltr'><strong>secundum</strong></span> <span class='ocrx_word' id='word_1_153' title='bbox 3282 1090 3504 1131; x_wconf 89' lang='lat' dir='ltr'><strong>carnem</strong></span> 
     </span>
    </p>
   </div>
   <div class='ocr_carea' id='block_1_24' title="bbox 1925 1162 3505 1238">
    <p class='ocr_par' dir='ltr' id='par_1_24' title="bbox 1925 1162 3505 1238">
     <span class='ocr_line' id='line_1_24' title="bbox 1925 1162 3505 1238; baseline 0.006 -27"><span class='ocrx_word' id='word_1_154' title='bbox 1925 1163 2291 1214; x_wconf 66' lang='lat' dir='ltr'><strong>oeconomiam</strong></span> <span class='ocrx_word' id='word_1_155' title='bbox 2338 1162 2702 1231; x_wconf 75' lang='lat' dir='ltr'><strong>significatam</strong></span> <span class='ocrx_word' id='word_1_156' title='bbox 2748 1168 3065 1232; x_wconf 76' lang='lat' dir='ltr'><strong>existimat;</strong></span> <span class='ocrx_word' id='word_1_157' title='bbox 3106 1169 3380 1238; x_wconf 81' lang='lat' dir='ltr'><strong>siquidem</strong></span> <span class='ocrx_word' id='word_1_158' title='bbox 3413 1186 3505 1223; x_wconf 86' lang='lat' dir='ltr'><strong>sa-</strong></span> 
     </span>
    </p>
   </div>
   <div class='ocr_carea' id='block_1_25' title="bbox 1914 1256 3496 1332">
    <p class='ocr_par' dir='ltr' id='par_1_25' title="bbox 1914 1256 3496 1332">
     <span class='ocr_line' id='line_1_25' title="bbox 1914 1256 3496 1332; baseline 0.009 -29"><span class='ocrx_word' id='word_1_159' title='bbox 1914 1263 2199 1307; x_wconf 86' lang='lat' dir='ltr'><strong>crosancta</strong></span> <span class='ocrx_word' id='word_1_160' title='bbox 2231 1270 2381 1318; x_wconf 86' lang='lat' dir='ltr'><strong>caro,</strong></span> <span class='ocrx_word' id='word_1_161' title='bbox 2440 1256 2711 1311; x_wconf 83' lang='lat' dir='ltr'><strong>divinitati</strong></span> <span class='ocrx_word' id='word_1_162' title='bbox 2751 1257 2899 1312; x_wconf 91' lang='lat' dir='ltr'><strong>illius</strong></span> <span class='ocrx_word' id='word_1_163' title='bbox 2965 1261 3163 1327; x_wconf 87' lang='lat' dir='ltr'><strong>pedum</strong></span> <span class='ocrx_word' id='word_1_164' title='bbox 3196 1261 3322 1316; x_wconf 90' lang='lat' dir='ltr'><strong>loco</strong></span> <span class='ocrx_word' id='word_1_165' title='bbox 3357 1277 3496 1332; x_wconf 87' lang='lat' dir='ltr'><strong>quo-</strong></span> 
     </span>
    </p>
   </div>
   <div class='ocr_carea' id='block_1_26' title="bbox 1913 1343 3502 1420">
    <p class='ocr_par' dir='ltr' id='par_1_26' title="bbox 1913 1343 3502 1420">
     <span class='ocr_line' id='line_1_26' title="bbox 1913 1343 3502 1420; baseline 0.008 -25"><span class='ocrx_word' id='word_1_166' title='bbox 1913 1343 2204 1400; x_wconf 72' lang='lat' dir='ltr'><strong>dammodo</strong></span> <span class='ocrx_word' id='word_1_167' title='bbox 2243 1348 2473 1402; x_wconf 77' lang='lat' dir='ltr'><strong>exstitit.</strong></span> <span class='ocrx_word' id='word_1_168' title='bbox 2512 1348 2646 1402; x_wconf 88' lang='lat' dir='ltr'><strong>Nam</strong></span> <span class='ocrx_word' id='word_1_169' title='bbox 2679 1360 2731 1404; x_wconf 88' lang='lat' dir='ltr'><strong>et</strong></span> <span class='ocrx_word' id='word_1_170' title='bbox 2758 1366 2856 1420; x_wconf 90' lang='lat' dir='ltr'><strong>per</strong></span> <span class='ocrx_word' id='word_1_171' title='bbox 2884 1350 3031 1406; x_wconf 82' lang='lat' dir='ltr'><strong>illam</strong></span> <span class='ocrx_word' id='word_1_172' title='bbox 3083 1356 3149 1408; x_wconf 88' lang='lat' dir='ltr'><strong>ad</strong></span> <span class='ocrx_word' id='word_1_173' title='bbox 3204 1370 3305 1410; x_wconf 81' lang='lat' dir='ltr'><strong>nos</strong></span> <span class='ocrx_word' id='word_1_174' title='bbox 3332 1356 3502 1420; x_wconf 83' lang='lat' dir='ltr'><strong>venit,</strong></span> 
     </span>
    </p>
   </div>
   <div class='ocr_carea' id='block_1_27' title="bbox 1911 1442 3499 1514">
    <p class='ocr_par' dir='ltr' id='par_1_27' title="bbox 1911 1442 3499 1514">
     <span class='ocr_line' id='line_1_27' title="bbox 1911 1442 3499 1514; baseline 0.009 -26"><span class='ocrx_word' id='word_1_175' title='bbox 1911 1444 1965 1489; x_wconf 87' lang='lat' dir='ltr'><strong>et</strong></span> <span class='ocrx_word' id='word_1_176' title='bbox 1996 1446 2239 1491; x_wconf 86' lang='lat' dir='ltr'><strong>nostram</strong></span> <span class='ocrx_word' id='word_1_177' title='bbox 2275 1456 2492 1494; x_wconf 82' lang='lat' dir='ltr'><strong>rursum</strong></span> <span class='ocrx_word' id='word_1_178' title='bbox 2543 1442 2775 1497; x_wconf 86' lang='lat' dir='ltr'><strong>salutem</strong></span> <span class='ocrx_word' id='word_1_179' title='bbox 2809 1460 2905 1512; x_wconf 90' lang='lat' dir='ltr'><strong>per</strong></span> <span class='ocrx_word' id='word_1_180' title='bbox 2955 1446 3202 1498; x_wconf 87' lang='lat' dir='ltr'><strong>eamdem</strong></span> <span class='ocrx_word' id='word_1_181' title='bbox 3242 1449 3499 1514; x_wconf 78' lang='lat' dir='ltr'><strong>patravit.</strong></span> 
     </span>
    </p>
   </div>
   <div class='ocr_carea' id='block_1_28' title="bbox 1916 1524 3504 1602">
    <p class='ocr_par' dir='ltr' id='par_1_28' title="bbox 1916 1524 3504 1602">
     <span class='ocr_line' id='line_1_28' title="bbox 1916 1524 3504 1602; baseline 0.009 -23"><span class='ocrx_word' id='word_1_182' title='bbox 1916 1524 2056 1580; x_wconf 89' lang='lat' dir='ltr'><strong>Sunt</strong></span> <span class='ocrx_word' id='word_1_183' title='bbox 2095 1538 2276 1582; x_wconf 85' lang='lat' dir='ltr'><strong>autem</strong></span> <span class='ocrx_word' id='word_1_184' title='bbox 2310 1531 2472 1598; x_wconf 67' lang='lat' dir='ltr'><strong>pedes</strong></span> <span class='ocrx_word' id='word_1_185' title='bbox 2513 1534 2600 1587; x_wconf 92' lang='lat' dir='ltr'><strong>isti</strong></span> <span class='ocrx_word' id='word_1_186' title='bbox 2648 1536 2858 1589; x_wconf 84' lang='lat' dir='ltr'><strong>similes</strong></span> <span class='ocrx_word' id='word_1_187' title='bbox 2904 1537 3293 1602; x_wconf 79' lang='lat' dir='ltr'><strong>cltalcolibano,</strong></span> <span class='ocrx_word' id='word_1_188' title='bbox 3335 1540 3387 1593; x_wconf 91' lang='lat' dir='ltr'><strong>id</strong></span> <span class='ocrx_word' id='word_1_189' title='bbox 3420 1552 3504 1594; x_wconf 86' lang='lat' dir='ltr'><strong>est</strong></span> 
     </span>
    </p>
   </div>
   <div class='ocr_carea' id='block_1_29' title="bbox 1913 1619 3499 1699">
    <p class='ocr_par' dir='ltr' id='par_1_29' title="bbox 1913 1619 3499 1699">
     <span class='ocr_line' id='line_1_29' title="bbox 1913 1619 3499 1699; baseline 0.008 -28"><span class='ocrx_word' id='word_1_190' title='bbox 1913 1619 2059 1671; x_wconf 83' lang='lat' dir='ltr'><strong>tliuri</strong></span> <span class='ocrx_word' id='word_1_191' title='bbox 2096 1623 2377 1686; x_wconf 87' lang='lat' dir='ltr'><strong>masculo;</strong></span> <span class='ocrx_word' id='word_1_192' title='bbox 2413 1625 2517 1677; x_wconf 83' lang='lat' dir='ltr'><strong>hoc</strong></span> <span class='ocrx_word' id='word_1_193' title='bbox 2573 1628 2721 1680; x_wconf 88' lang='lat' dir='ltr'><strong>enim</strong></span> <span class='ocrx_word' id='word_1_194' title='bbox 2781 1628 3093 1695; x_wconf 89' lang='lat' dir='ltr'><strong>incensum,</strong></span> <span class='ocrx_word' id='word_1_195' title='bbox 3123 1631 3499 1699; x_wconf 87' lang='lat' dir='ltr'><strong>gratissimum</strong></span> 
     </span>
    </p>
   </div>
   <div class='ocr_carea' id='block_1_30' title="bbox 1913 1708 3500 1784">
    <p class='ocr_par' dir='ltr' id='par_1_30' title="bbox 1913 1708 3500 1784">
     <span class='ocr_line' id='line_1_30' title="bbox 1913 1708 3500 1784; baseline 0.008 -23"><span class='ocrx_word' id='word_1_196' title='bbox 1913 1708 2136 1763; x_wconf 91' lang='lat' dir='ltr'><strong>odorem</strong></span> <span class='ocrx_word' id='word_1_197' title='bbox 2163 1727 2420 1783; x_wconf 82' lang='lat' dir='ltr'><strong>spargere</strong></span> <span class='ocrx_word' id='word_1_198' title='bbox 2444 1714 2599 1769; x_wconf 88' lang='lat' dir='ltr'><strong>solet.</strong></span> <span class='ocrx_word' id='word_1_199' title='bbox 2632 1714 2786 1782; x_wconf 84' lang='lat' dir='ltr'><strong>Quod</strong></span> <span class='ocrx_word' id='word_1_200' title='bbox 2826 1719 2873 1771; x_wconf 91' lang='lat' dir='ltr'><strong>si</strong></span> <span class='ocrx_word' id='word_1_201' title='bbox 2900 1734 3084 1784; x_wconf 79' lang='lat' dir='ltr'><strong>voces,</strong></span> <span class='ocrx_word' id='word_1_202' title='bbox 3117 1721 3260 1774; x_wconf 87' lang='lat' dir='ltr'><strong>unde</strong></span> <span class='ocrx_word' id='word_1_203' title='bbox 3299 1735 3500 1774; x_wconf 84' lang='lat' dir='ltr'><strong>nomen</strong></span> 
     </span>
    </p>
   </div>
   <div class='ocr_carea' id='block_1_31' title="bbox 1915 1801 3503 1883">
    <p class='ocr_par' dir='ltr' id='par_1_31' title="bbox 1915 1801 3503 1883">
     <span class='ocr_line' id='line_1_31' title="bbox 1915 1801 3503 1883; baseline 0.008 -29"><span class='ocrx_word' id='word_1_204' title='bbox 1915 1801 2016 1857; x_wconf 88' lang='lat' dir='ltr'><strong>hoc</strong></span> <span class='ocrx_word' id='word_1_205' title='bbox 2046 1803 2329 1871; x_wconf 80' lang='lat' dir='ltr'><strong>conﬂatur,</strong></span> <span class='ocrx_word' id='word_1_206' title='bbox 2393 1822 2645 1865; x_wconf 88' lang='lat' dir='ltr'><strong>seorsum</strong></span> <span class='ocrx_word' id='word_1_207' title='bbox 2709 1811 3111 1879; x_wconf 83' lang='lat' dir='ltr'><strong>interpreteris,</strong></span> <span class='ocrx_word' id='word_1_208' title='bbox 3171 1828 3267 1883; x_wconf 88' lang='lat' dir='ltr'><strong>per</strong></span> <span class='ocrx_word' id='word_1_209' title='bbox 3294 1828 3369 1867; x_wconf 62' lang='lat' dir='ltr'><strong>aes</strong></span> <span class='ocrx_word' id='word_1_210' title='bbox 3401 1813 3503 1867; x_wconf 82' lang='lat' dir='ltr'><strong>ltu-</strong></span> 
     </span>
    </p>
   </div>
   <div class='ocr_carea' id='block_1_32' title="bbox 218 1885 1907 1973">
    <p class='ocr_par' dir='ltr' id='par_1_32' title="bbox 218 1885 1883 1967">
     <span class='ocr_line' id='line_1_32' title="bbox 218 1885 1883 1967; baseline 0.005 -26"><span class='ocrx_word' id='word_1_211' title='bbox 218 1892 321 1958; x_wconf 70' lang='grc' dir='ltr'>τῆς</span> <span class='ocrx_word' id='word_1_212' title='bbox 345 1893 605 1958; x_wconf 83' lang='grc' dir='ltr'>πίστεως,</span> <span class='ocrx_word' id='word_1_213' title='bbox 634 1896 731 1946; x_wconf 75' lang='grc' dir='ltr'>καὶ</span> <span class='ocrx_word' id='word_1_214' title='bbox 761 1895 821 1947; x_wconf 87' lang='grc' dir='ltr'>τὸ</span> <span class='ocrx_word' id='word_1_215' title='bbox 850 1896 1161 1967; x_wconf 83' lang='grc' dir='ltr'>ἀσύγχυτον</span> <span class='ocrx_word' id='word_1_216' title='bbox 1186 1896 1290 1965; x_wconf 81' lang='grc' dir='ltr'>τῆς</span> <span class='ocrx_word' id='word_1_217' title='bbox 1318 1894 1589 1960; x_wconf 78' lang='grc' dir='ltr'>ἑνώσεως.</span> <span class='ocrx_word' id='word_1_218' title='bbox 1612 1898 1687 1949; x_wconf 83' lang='grc' dir='ltr'><em>Ἢ</em></span> <span class='ocrx_word' id='word_1_219' title='bbox 1714 1896 1807 1949; x_wconf 90' lang='grc' dir='ltr'><strong>τοῦ</strong></span> <span class='ocrx_word' id='word_1_220' title='bbox 1843 1885 1883 1941; x_wconf 80' lang='grc' dir='ltr'><strong>Β</strong></span> 
     </span>
    </p>
   </div>
   <div class='ocr_carea' id='block_1_33' title="bbox 1811 1885 3500 1973">
    <p class='ocr_par' dir='ltr' id='par_1_33' title="bbox 1843 1885 3500 1973">
     <span class='ocr_line' id='line_1_33' title="bbox 1843 1885 3500 1973; baseline 0.008 -27"><span class='ocrx_word' id='word_1_221' title='bbox 1843 1885 1883 1941; x_wconf 85' lang='grc' dir='ltr'><strong>Β</strong></span> <span class='ocrx_word' id='word_1_222' title='bbox 1916 1910 2074 1949; x_wconf 87' lang='lat' dir='ltr'><strong>mana</strong></span> <span class='ocrx_word' id='word_1_223' title='bbox 2106 1894 2310 1951; x_wconf 87' lang='lat' dir='ltr'><strong>Christi</strong></span> <span class='ocrx_word' id='word_1_224' title='bbox 2343 1908 2560 1965; x_wconf 79' lang='lat' dir='ltr'><strong>natura,</strong></span> <span class='ocrx_word' id='word_1_225' title='bbox 2588 1916 2683 1970; x_wconf 90' lang='lat' dir='ltr'><strong>per</strong></span> <span class='ocrx_word' id='word_1_226' title='bbox 2724 1904 2849 1957; x_wconf 77' lang='lat' dir='ltr'><strong>llius</strong></span> <span class='ocrx_word' id='word_1_227' title='bbox 2896 1913 3081 1957; x_wconf 89' lang='lat' dir='ltr'><strong>autem</strong></span> <span class='ocrx_word' id='word_1_228' title='bbox 3116 1904 3299 1958; x_wconf 80' lang='lat' dir='ltr'><strong>divina</strong></span> <span class='ocrx_word' id='word_1_229' title='bbox 3346 1904 3500 1973; x_wconf 86' lang='lat' dir='ltr'><strong>ejus-</strong></span> 
     </span>
    </p>
   </div>
   <div class='ocr_carea' id='block_1_34' title="bbox 219 1984 1805 2060">
    <p class='ocr_par' dir='ltr' id='par_1_34' title="bbox 219 1984 1805 2060">
     <span class='ocr_line' id='line_1_34' title="bbox 219 1984 1805 2060; baseline 0.003 -24"><span class='ocrx_word' id='word_1_230' title='bbox 219 1984 430 2052; x_wconf 61' lang='grc' dir='ltr'>χαλκοῦ</span> <span class='ocrx_word' id='word_1_231' title='bbox 476 1986 578 2056; x_wconf 80' lang='grc' dir='ltr'>μὲν</span> <span class='ocrx_word' id='word_1_232' title='bbox 623 1987 911 2058; x_wconf 78' lang='grc' dir='ltr'><strong>δηλοῦντος</strong></span> <span class='ocrx_word' id='word_1_233' title='bbox 942 1991 1003 2042; x_wconf 85' lang='grc' dir='ltr'>τὸ</span> <span class='ocrx_word' id='word_1_234' title='bbox 1050 1991 1144 2043; x_wconf 86' lang='grc' dir='ltr'><strong>τοῦ</strong></span> <span class='ocrx_word' id='word_1_235' title='bbox 1180 1990 1537 2060; x_wconf 81' lang='grc' dir='ltr'><strong>κηρύγματος</strong></span> <span class='ocrx_word' id='word_1_236' title='bbox 1573 1989 1805 2060; x_wconf 71' lang='grc' dir='ltr'>εὔηχονο</span> 
     </span>
    </p>
   </div>
   <div class='ocr_carea' id='block_1_35' title="bbox 217 2076 1807 2153">
    <p class='ocr_par' dir='ltr' id='par_1_35' title="bbox 217 2076 1807 2153">
     <span class='ocr_line' id='line_1_35' title="bbox 217 2076 1807 2153; baseline 0.005 -26"><span class='ocrx_word' id='word_1_237' title='bbox 217 2076 315 2127; x_wconf 88' lang='grc' dir='ltr'><strong>τοῦ</strong></span> <span class='ocrx_word' id='word_1_238' title='bbox 344 2077 399 2129; x_wconf 78' lang='grc' dir='ltr'>δὲ</span> <span class='ocrx_word' id='word_1_239' title='bbox 440 2078 683 2141; x_wconf 72' lang='grc' dir='ltr'>λιϐάνου,</span> <span class='ocrx_word' id='word_1_240' title='bbox 718 2080 817 2151; x_wconf 75' lang='grc' dir='ltr'>τὴν</span> <span class='ocrx_word' id='word_1_241' title='bbox 851 2082 959 2135; x_wconf 81' lang='grc' dir='ltr'><strong>τῶν</strong></span> <span class='ocrx_word' id='word_1_242' title='bbox 996 2083 1168 2136; x_wconf 83' lang='grc' dir='ltr'>ὲθνῶν</span> <span class='ocrx_word' id='word_1_243' title='bbox 1215 2085 1553 2153; x_wconf 71' lang='grc' dir='ltr'>ἐπιστροφήν</span> <span class='ocrx_word' id='word_1_244' title='bbox 1578 2100 1593 2115; x_wconf 77' lang='grc' dir='ltr'><strong><em>ο</em></strong></span> <span class='ocrx_word' id='word_1_245' title='bbox 1618 2083 1743 2135; x_wconf 85' lang='grc' dir='ltr'>ὅθεν</span> <span class='ocrx_word' id='word_1_246' title='bbox 1774 2082 1807 2153; x_wconf 75' lang='grc' dir='ltr'>ἡ</span> 
     </span>
    </p>
   </div>
   <div class='ocr_carea' id='block_1_36' title="bbox 220 2165 1807 2244">
    <p class='ocr_par' dir='ltr' id='par_1_36' title="bbox 220 2165 1807 2244">
     <span class='ocr_line' id='line_1_36' title="bbox 220 2165 1807 2244; baseline 0.006 -28"><span class='ocrx_word' id='word_1_247' title='bbox 220 2165 435 2239; x_wconf 76' lang='grc' dir='ltr'>Νύμφη</span> <span class='ocrx_word' id='word_1_248' title='bbox 462 2170 721 2239; x_wconf 78' lang='grc' dir='ltr'>ἔρχεσθαι</span> <span class='ocrx_word' id='word_1_249' title='bbox 756 2173 1065 2229; x_wconf 83' lang='grc' dir='ltr'>κελεύεται.</span> <span class='ocrx_word' id='word_1_250' title='bbox 1106 2175 1273 2237; x_wconf 82' lang='grc' dir='ltr'>Πόδες</span> <span class='ocrx_word' id='word_1_251' title='bbox 1297 2174 1390 2227; x_wconf 87' lang='grc' dir='ltr'><strong>τοῦ</strong></span> <span class='ocrx_word' id='word_1_252' title='bbox 1424 2173 1665 2244; x_wconf 81' lang='grc' dir='ltr'>Χριστοῦ</span> <span class='ocrx_word' id='word_1_253' title='bbox 1710 2176 1807 2227; x_wconf 77' lang='grc' dir='ltr'>καὶ</span> 
     </span>
    </p>
   </div>
   <div class='ocr_carea' id='block_1_37' title="bbox 215 2264 1807 2340">
    <p class='ocr_par' dir='ltr' id='par_1_37' title="bbox 215 2264 1807 2340">
     <span class='ocr_line' id='line_1_37' title="bbox 215 2264 1807 2340; baseline 0.004 -26"><span class='ocrx_word' id='word_1_254' title='bbox 215 2264 265 2315; x_wconf 88' lang='grc' dir='ltr'><strong>οἱ</strong></span> <span class='ocrx_word' id='word_1_255' title='bbox 299 2264 610 2331; x_wconf 79' lang='grc' dir='ltr'>ἀπόστολοι,</span> <span class='ocrx_word' id='word_1_256' title='bbox 649 2270 715 2338; x_wconf 77' lang='grc' dir='ltr'><strong>τῇ</strong></span> <span class='ocrx_word' id='word_1_257' title='bbox 767 2268 984 2338; x_wconf 79' lang='grc' dir='ltr'>καμίνῳ</span> <span class='ocrx_word' id='word_1_258' title='bbox 1018 2268 1127 2321; x_wconf 82' lang='grc' dir='ltr'>τῶν</span> <span class='ocrx_word' id='word_1_259' title='bbox 1169 2268 1497 2339; x_wconf 82' lang='grc' dir='ltr'>πειρασμῶν</span> <span class='ocrx_word' id='word_1_260' title='bbox 1527 2268 1807 2340; x_wconf 83' lang='grc' dir='ltr'>πυρωθέν-</span> 
     </span>
    </p>
   </div>
   <div class='ocr_carea' id='block_1_38' title="bbox 214 2358 1381 2431">
    <p class='ocr_par' dir='ltr' id='par_1_38' title="bbox 214 2358 1381 2431">
     <span class='ocr_line' id='line_1_38' title="bbox 214 2358 1381 2431; baseline 0.007 -24"><span class='ocrx_word' id='word_1_261' title='bbox 214 2371 307 2419; x_wconf 86' lang='grc' dir='ltr'><strong>τες</strong></span> <span class='ocrx_word' id='word_1_262' title='bbox 336 2358 478 2410; x_wconf 81' lang='grc' dir='ltr'><strong>κατά</strong></span> <span class='ocrx_word' id='word_1_263' title='bbox 507 2359 607 2428; x_wconf 83' lang='grc' dir='ltr'>τὴν</span> <span class='ocrx_word' id='word_1_264' title='bbox 637 2359 733 2411; x_wconf 89' lang='grc' dir='ltr'><strong>τοῦ</strong></span> <span class='ocrx_word' id='word_1_265' title='bbox 765 2360 1089 2414; x_wconf 74' lang='grc' dir='ltr'>διδασκάλου</span> <span class='ocrx_word' id='word_1_266' title='bbox 1125 2362 1381 2431; x_wconf 77' lang='grc' dir='ltr'>μίμησιν.</span> 
     </span>
    </p>
   </div>
   <div class='ocr_carea' id='block_1_39' title="bbox 1918 1986 3502 2065">
    <p class='ocr_par' dir='ltr' id='par_1_39' title="bbox 1918 1986 3502 2065">
     <span class='ocr_line' id='line_1_39' title="bbox 1918 1986 3502 2065; baseline 0.006 -24"><span class='ocrx_word' id='word_1_267' title='bbox 1918 1986 2041 2042; x_wconf 90' lang='lat' dir='ltr'><strong>dem</strong></span> <span class='ocrx_word' id='word_1_268' title='bbox 2092 1988 2397 2044; x_wconf 88' lang='lat' dir='ltr'><strong>substantia</strong></span> <span class='ocrx_word' id='word_1_269' title='bbox 2428 1993 2721 2047; x_wconf 86' lang='lat' dir='ltr'><strong>denotatur</strong></span> <span class='ocrx_word' id='word_1_270' title='bbox 2767 2012 2779 2047; x_wconf 96' lang='lat'><strong>:</strong></span> <span class='ocrx_word' id='word_1_271' title='bbox 2830 2011 2926 2063; x_wconf 83' lang='lat' dir='ltr'><strong>per</strong></span> <span class='ocrx_word' id='word_1_272' title='bbox 2966 2004 3258 2065; x_wconf 84' lang='lat' dir='ltr'><strong>utrumque</strong></span> <span class='ocrx_word' id='word_1_273' title='bbox 3286 2012 3416 2051; x_wconf 86' lang='lat' dir='ltr'><strong>vero</strong></span> <span class='ocrx_word' id='word_1_274' title='bbox 3446 2006 3502 2051; x_wconf 90' lang='lat' dir='ltr'><strong>et</strong></span> 
     </span>
    </p>
   </div>
   <div class='ocr_carea' id='block_1_40' title="bbox 1909 2080 3500 2153">
    <p class='ocr_par' dir='ltr' id='par_1_40' title="bbox 1909 2080 3500 2153">
     <span class='ocr_line' id='line_1_40' title="bbox 1909 2080 3500 2153; baseline 0.006 -18"><span class='ocrx_word' id='word_1_275' title='bbox 1909 2081 2031 2137; x_wconf 89' lang='lat' dir='ltr'><strong>ﬁdei</strong></span> <span class='ocrx_word' id='word_1_276' title='bbox 2080 2080 2402 2153; x_wconf 80' lang='lat' dir='ltr'><strong>fragrantia,</strong></span> <span class='ocrx_word' id='word_1_277' title='bbox 2442 2094 2497 2139; x_wconf 91' lang='lat' dir='ltr'><strong>et</strong></span> <span class='ocrx_word' id='word_1_278' title='bbox 2540 2085 2828 2141; x_wconf 59' lang='lat' dir='ltr'><strong>incon‘fnsa</strong></span> <span class='ocrx_word' id='word_1_279' title='bbox 2887 2097 3207 2142; x_wconf 83' lang='lat' dir='ltr'><strong>naturarum</strong></span> <span class='ocrx_word' id='word_1_280' title='bbox 3263 2088 3407 2143; x_wconf 85' lang='lat' dir='ltr'><strong>inter</strong></span> <span class='ocrx_word' id='word_1_281' title='bbox 3439 2103 3500 2144; x_wconf 86' lang='lat' dir='ltr'><strong>se</strong></span> 
     </span>
    </p>
   </div>
   <div class='ocr_carea' id='block_1_41' title="bbox 1907 2176 3497 2253">
    <p class='ocr_par' dir='ltr' id='par_1_41' title="bbox 1907 2176 3497 2253">
     <span class='ocr_line' id='line_1_41' title="bbox 1907 2176 3497 2253; baseline 0.005 -25"><span class='ocrx_word' id='word_1_282' title='bbox 1907 2176 2038 2229; x_wconf 89' lang='lat' dir='ltr'><strong>unio</strong></span> <span class='ocrx_word' id='word_1_283' title='bbox 2062 2186 2227 2245; x_wconf 87' lang='lat' dir='ltr'><strong>atque</strong></span> <span class='ocrx_word' id='word_1_284' title='bbox 2254 2178 2589 2248; x_wconf 86' lang='lat' dir='ltr'><strong>conjunctio.</strong></span> <span class='ocrx_word' id='word_1_285' title='bbox 2624 2180 2733 2234; x_wconf 81' lang='lat' dir='ltr'><strong>Aut</strong></span> <span class='ocrx_word' id='word_1_286' title='bbox 2760 2196 2857 2250; x_wconf 87' lang='lat' dir='ltr'><strong>per</strong></span> <span class='ocrx_word' id='word_1_287' title='bbox 2899 2196 2974 2235; x_wconf 65' lang='lat' dir='ltr'><strong>aes</strong></span> <span class='ocrx_word' id='word_1_288' title='bbox 3010 2182 3195 2237; x_wconf 84' lang='lat' dir='ltr'><strong>suavis</strong></span> <span class='ocrx_word' id='word_1_289' title='bbox 3234 2181 3497 2253; x_wconf 69' lang='lat' dir='ltr'><strong>praedica-</strong></span> 
     </span>
    </p>
   </div>
   <div class='ocr_carea' id='block_1_42' title="bbox 1907 2268 3495 2346">
    <p class='ocr_par' dir='ltr' id='par_1_42' title="bbox 1907 2268 3495 2346">
     <span class='ocr_line' id='line_1_42' title="bbox 1907 2268 3495 2346; baseline 0.003 -24"><span class='ocrx_word' id='word_1_290' title='bbox 1907 2268 2072 2323; x_wconf 91' lang='lat' dir='ltr'><strong>tionis</strong></span> <span class='ocrx_word' id='word_1_291' title='bbox 2108 2283 2280 2324; x_wconf 90' lang='lat' dir='ltr'><strong>sonus</strong></span> <span class='ocrx_word' id='word_1_292' title='bbox 2312 2270 2684 2340; x_wconf 88' lang='lat' dir='ltr'><strong>signiﬁcatur;</strong></span> <span class='ocrx_word' id='word_1_293' title='bbox 2723 2288 2819 2342; x_wconf 91' lang='lat' dir='ltr'><strong>per</strong></span> <span class='ocrx_word' id='word_1_294' title='bbox 2852 2274 2978 2329; x_wconf 82' lang='lat' dir='ltr'><strong>llius</strong></span> <span class='ocrx_word' id='word_1_295' title='bbox 3016 2283 3198 2329; x_wconf 88' lang='lat' dir='ltr'><strong>autem</strong></span> <span class='ocrx_word' id='word_1_296' title='bbox 3254 2276 3495 2346; x_wconf 85' lang='lat' dir='ltr'><strong>gentium</strong></span> 
     </span>
    </p>
   </div>
   <div class='ocr_carea' id='block_1_43' title="bbox 1906 2359 3501 2436">
    <p class='ocr_par' dir='ltr' id='par_1_43' title="bbox 1906 2359 3501 2436">
     <span class='ocr_line' id='line_1_43' title="bbox 1906 2359 3501 2436; baseline 0.005 -23"><span class='ocrx_word' id='word_1_297' title='bbox 1906 2362 1972 2413; x_wconf 86' lang='lat' dir='ltr'><strong>ad</strong></span> <span class='ocrx_word' id='word_1_298' title='bbox 2006 2359 2164 2413; x_wconf 88' lang='lat' dir='ltr'><strong>ﬁdem</strong></span> <span class='ocrx_word' id='word_1_299' title='bbox 2191 2364 2512 2429; x_wconf 84' lang='lat' dir='ltr'><strong>conversio;</strong></span> <span class='ocrx_word' id='word_1_300' title='bbox 2571 2363 2637 2417; x_wconf 87' lang='lat' dir='ltr'><strong>ad</strong></span> <span class='ocrx_word' id='word_1_301' title='bbox 2678 2380 2841 2434; x_wconf 88' lang='lat' dir='ltr'><strong>quam</strong></span> <span class='ocrx_word' id='word_1_302' title='bbox 2889 2367 3101 2436; x_wconf 90' lang='lat' dir='ltr'><strong>Sponsa</strong></span> <span class='ocrx_word' id='word_1_303' title='bbox 3154 2366 3208 2422; x_wconf 88' lang='lat' dir='ltr'><strong>ln</strong></span> <span class='ocrx_word' id='word_1_304' title='bbox 3258 2366 3501 2422; x_wconf 82' lang='lat' dir='ltr'><strong>Canticis</strong></span> 
     </span>
    </p>
   </div>
   <div class='ocr_carea' id='block_1_44' title="bbox 217 2447 3497 2527">
    <p class='ocr_par' dir='ltr' id='par_1_44' title="bbox 217 2447 3497 2527">
     <span class='ocr_line' id='line_1_44' title="bbox 217 2447 3497 2527; baseline 0.004 -27"><span class='ocrx_word' id='word_1_305' title='bbox 217 2447 504 2503; x_wconf 87' lang='lat' dir='ltr'><strong>invitatur.</strong></span> <span class='ocrx_word' id='word_1_306' title='bbox 545 2449 668 2504; x_wconf 81' lang='lat' dir='ltr'><strong>Alio</strong></span> <span class='ocrx_word' id='word_1_307' title='bbox 696 2452 857 2505; x_wconf 89' lang='lat' dir='ltr'><strong>etiam</strong></span> <span class='ocrx_word' id='word_1_308' title='bbox 881 2467 1054 2507; x_wconf 83' lang='lat' dir='ltr'><strong>sensu</strong></span> <span class='ocrx_word' id='word_1_309' title='bbox 1088 2452 1343 2522; x_wconf 79' lang='lat' dir='ltr'><strong>aposmli,</strong></span> <span class='ocrx_word' id='word_1_310' title='bbox 1378 2450 1581 2506; x_wconf 88' lang='lat' dir='ltr'><strong>Christi</strong></span> <span class='ocrx_word' id='word_1_311' title='bbox 1636 2450 1801 2521; x_wconf 88' lang='lat' dir='ltr'><strong>pedes</strong></span> <span class='ocrx_word' id='word_1_312' title='bbox 1833 2450 1941 2505; x_wconf 91' lang='lat' dir='ltr'><strong>dici</strong></span> <span class='ocrx_word' id='word_1_313' title='bbox 1982 2460 2238 2520; x_wconf 89' lang='lat' dir='ltr'><strong>possunt,</strong></span> <span class='ocrx_word' id='word_1_314' title='bbox 2264 2460 2322 2505; x_wconf 90' lang='lat' dir='ltr'><strong>ut</strong></span> <span class='ocrx_word' id='word_1_315' title='bbox 2342 2453 2433 2522; x_wconf 88' lang='lat' dir='ltr'><strong>qui</strong></span> <span class='ocrx_word' id='word_1_316' title='bbox 2454 2453 2631 2509; x_wconf 79' lang='lat' dir='ltr'><strong>solida</strong></span> <span class='ocrx_word' id='word_1_317' title='bbox 2677 2455 2931 2511; x_wconf 72' lang='lat' dir='ltr'><strong>Ecclesia:</strong></span> <span class='ocrx_word' id='word_1_318' title='bbox 2988 2456 3096 2512; x_wconf 91' lang='lat' dir='ltr'><strong>sint</strong></span> <span class='ocrx_word' id='word_1_319' title='bbox 3120 2456 3497 2527; x_wconf 82' lang='lat' dir='ltr'><strong>fundamenta,</strong></span> 
     </span>
    </p>
   </div>
   <div class='ocr_carea' id='block_1_45' title="bbox 214 2542 2732 2612">
    <p class='ocr_par' dir='ltr' id='par_1_45' title="bbox 214 2542 2732 2612">
     <span class='ocr_line' id='line_1_45' title="bbox 214 2542 2732 2612; baseline 0.002 -18"><span class='ocrx_word' id='word_1_320' title='bbox 214 2551 272 2594; x_wconf 87' lang='lat' dir='ltr'><strong>et</strong></span> <span class='ocrx_word' id='word_1_321' title='bbox 325 2542 392 2593; x_wconf 89' lang='lat' dir='ltr'><strong>ad</strong></span> <span class='ocrx_word' id='word_1_322' title='bbox 432 2542 677 2612; x_wconf 78' lang='lat' dir='ltr'><strong>magistri</strong></span> <span class='ocrx_word' id='word_1_323' title='bbox 727 2545 1037 2612; x_wconf 82' lang='lat' dir='ltr'><strong>exemplum</strong></span> <span class='ocrx_word' id='word_1_324' title='bbox 1092 2545 1144 2597; x_wconf 91' lang='lat' dir='ltr'><strong>in</strong></span> <span class='ocrx_word' id='word_1_325' title='bbox 1225 2544 1543 2598; x_wconf 86' lang='lat' dir='ltr'><strong>tentationis</strong></span> <span class='ocrx_word' id='word_1_326' title='bbox 1597 2543 1814 2597; x_wconf 81' lang='lat' dir='ltr'><strong>camino</strong></span> <span class='ocrx_word' id='word_1_327' title='bbox 1839 2543 2055 2611; x_wconf 80' lang='lat' dir='ltr'><strong>egregie</strong></span> <span class='ocrx_word' id='word_1_328' title='bbox 2086 2544 2299 2612; x_wconf 84' lang='lat' dir='ltr'><strong>probati</strong></span> <span class='ocrx_word' id='word_1_329' title='bbox 2327 2553 2381 2597; x_wconf 84' lang='lat' dir='ltr'><strong>et</strong></span> <span class='ocrx_word' id='word_1_330' title='bbox 2409 2544 2732 2600; x_wconf 81' lang='lat' dir='ltr'><strong>examinati.</strong></span> 
     </span>
    </p>
   </div>
   <div class='ocr_carea' id='block_1_46' title="bbox 285 2632 1800 2703">
    <p class='ocr_par' dir='ltr' id='par_1_46' title="bbox 285 2632 1800 2703">
     <span class='ocr_line' id='line_1_46' title="bbox 285 2632 1800 2703; baseline -0.001 -17"><span class='ocrx_word' id='word_1_331' title='bbox 285 2634 399 2686; x_wconf 76' lang='lat' dir='ltr'><strong>Kal</strong></span> <span class='ocrx_word' id='word_1_332' title='bbox 427 2633 465 2699; x_wconf 82' lang='grc' dir='ltr'><strong><em>ή</em></strong></span> <span class='ocrx_word' id='word_1_333' title='bbox 494 2634 664 2702; x_wconf 70' lang='grc' dir='ltr'>φωνὴ</span> <span class='ocrx_word' id='word_1_334' title='bbox 706 2636 893 2688; x_wconf 83' lang='grc' dir='ltr'>αὑτοῦ</span> <span class='ocrx_word' id='word_1_335' title='bbox 938 2636 1016 2700; x_wconf 84' lang='grc' dir='ltr'>ὠς</span> <span class='ocrx_word' id='word_1_336' title='bbox 1042 2635 1214 2703; x_wconf 72' lang='grc' dir='ltr'><strong>φωνὴ</strong></span> <span class='ocrx_word' id='word_1_337' title='bbox 1254 2635 1491 2689; x_wconf 79' lang='grc' dir='ltr'><strong>ὑδάτων</strong></span> <span class='ocrx_word' id='word_1_338' title='bbox 1518 2632 1768 2687; x_wconf 71' lang='grc' dir='ltr'>πολλῶν</span> <span class='ocrx_word' id='word_1_339' title='bbox 1788 2648 1800 2660; x_wconf 91' lang='grc'><strong>·</strong></span> 
     </span>
    </p>
   </div>
   <div class='ocr_carea' id='block_1_47' title="bbox 214 2726 1805 2795">
    <p class='ocr_par' dir='ltr' id='par_1_47' title="bbox 214 2726 1805 2795">
     <span class='ocr_line' id='line_1_47' title="bbox 214 2726 1805 2795; baseline 0 -18"><span class='ocrx_word' id='word_1_340' title='bbox 214 2727 312 2778; x_wconf 79' lang='grc' dir='ltr'>καὶ</span> <span class='ocrx_word' id='word_1_341' title='bbox 343 2726 503 2793; x_wconf 80' lang='grc' dir='ltr'>ἔχων</span> <span class='ocrx_word' id='word_1_342' title='bbox 526 2728 596 2779; x_wconf 89' lang='grc' dir='ltr'><strong>ἑν</strong></span> <span class='ocrx_word' id='word_1_343' title='bbox 619 2726 691 2794; x_wconf 78' lang='grc' dir='ltr'>τῇ</span> <span class='ocrx_word' id='word_1_344' title='bbox 719 2726 891 2795; x_wconf 73' lang='grc' dir='ltr'>δεξιᾷ</span> <span class='ocrx_word' id='word_1_345' title='bbox 914 2727 1102 2780; x_wconf 83' lang='grc' dir='ltr'>αὑτοῦ</span> <span class='ocrx_word' id='word_1_346' title='bbox 1120 2728 1381 2795; x_wconf 76' lang='grc' dir='ltr'>ἀστέρας</span> <span class='ocrx_word' id='word_1_347' title='bbox 1407 2727 1583 2791; x_wconf 78' lang='grc' dir='ltr'>ἑπτὰ,</span> <span class='ocrx_word' id='word_1_348' title='bbox 1609 2726 1708 2779; x_wconf 76' lang='grc' dir='ltr'><strong>καί</strong></span> <span class='ocrx_word' id='word_1_349' title='bbox 1736 2726 1805 2777; x_wconf 68' lang='grc' dir='ltr'>ἐκ</span> 
     </span>
    </p>
   </div>
   <div class='ocr_carea' id='block_1_48' title="bbox 211 2817 1805 2888">
    <p class='ocr_par' dir='ltr' id='par_1_48' title="bbox 211 2817 1805 2888">
     <span class='ocr_line' id='line_1_48' title="bbox 211 2817 1805 2888; baseline -0.001 -18"><span class='ocrx_word' id='word_1_350' title='bbox 211 2818 323 2871; x_wconf 77' lang='grc' dir='ltr'><strong>τοῦ</strong></span> <span class='ocrx_word' id='word_1_351' title='bbox 350 2821 649 2886; x_wconf 82' lang='grc' dir='ltr'>στόματος</span> <span class='ocrx_word' id='word_1_352' title='bbox 684 2818 877 2873; x_wconf 83' lang='grc' dir='ltr'>αὑτοῦ</span> <span class='ocrx_word' id='word_1_353' title='bbox 899 2822 1165 2888; x_wconf 64' lang='grc' dir='ltr'>ῥομφαία</span> <span class='ocrx_word' id='word_1_354' title='bbox 1201 2820 1491 2886; x_wconf 82' lang='grc' dir='ltr'>δίστομος</span> <span class='ocrx_word' id='word_1_355' title='bbox 1518 2817 1683 2881; x_wconf 80' lang='grc' dir='ltr'>ὀξεῖα</span> <span class='ocrx_word' id='word_1_356' title='bbox 1710 2817 1805 2869; x_wconf 81' lang='grc' dir='ltr'><strong>ἐκ·</strong></span> 
     </span>
    </p>
   </div>
   <div class='ocr_carea' id='block_1_49' title="bbox 212 2910 1808 2980">
    <p class='ocr_par' dir='ltr' id='par_1_49' title="bbox 212 2910 1808 2980">
     <span class='ocr_line' id='line_1_49' title="bbox 212 2910 1808 2980; baseline 0 -19"><span class='ocrx_word' id='word_1_357' title='bbox 212 2910 589 2979; x_wconf 69' lang='grc' dir='ltr'>πορευομένη</span> <span class='ocrx_word' id='word_1_358' title='bbox 616 2926 632 2942; x_wconf 80' lang='grc'><em>’</em></span> <span class='ocrx_word' id='word_1_359' title='bbox 662 2913 758 2963; x_wconf 79' lang='grc' dir='ltr'><strong>καί</strong></span> <span class='ocrx_word' id='word_1_360' title='bbox 790 2913 827 2979; x_wconf 75' lang='grc' dir='ltr'><strong><em>ἠ</em></strong></span> <span class='ocrx_word' id='word_1_361' title='bbox 850 2912 987 2980; x_wconf 56' lang='grc' dir='ltr'>ὄις-ις</span> <span class='ocrx_word' id='word_1_362' title='bbox 1011 2912 1198 2966; x_wconf 77' lang='grc' dir='ltr'>αὑτοῦ</span> <span class='ocrx_word' id='word_1_363' title='bbox 1222 2912 1303 2976; x_wconf 86' lang='grc' dir='ltr'><strong>ὡς</strong></span> <span class='ocrx_word' id='word_1_364' title='bbox 1326 2913 1358 2965; x_wconf 87' lang='grc' dir='ltr'><em>ό</em></span> <span class='ocrx_word' id='word_1_365' title='bbox 1382 2910 1556 2979; x_wconf 71' lang='grc' dir='ltr'>ἣλιος</span> <span class='ocrx_word' id='word_1_366' title='bbox 1575 2910 1808 2978; x_wconf 71' lang='grc' dir='ltr'>φαίνων</span> 
     </span>
    </p>
   </div>
   <div class='ocr_carea' id='block_1_50' title="bbox 211 3000 911 3069">
    <p class='ocr_par' dir='ltr' id='par_1_50' title="bbox 211 3000 911 3069">
     <span class='ocr_line' id='line_1_50' title="bbox 211 3000 911 3069; baseline 0.004 -17"><span class='ocrx_word' id='word_1_367' title='bbox 211 3002 282 3052; x_wconf 78' lang='grc' dir='ltr'><strong>ἐν</strong></span> <span class='ocrx_word' id='word_1_368' title='bbox 315 3000 389 3068; x_wconf 79' lang='grc' dir='ltr'>τῇ</span> <span class='ocrx_word' id='word_1_369' title='bbox 416 3000 665 3069; x_wconf 77' lang='grc' dir='ltr'>δυνάμει</span> <span class='ocrx_word' id='word_1_370' title='bbox 699 3003 911 3055; x_wconf 82' lang='grc' dir='ltr'>αὑτοῦ.</span> 
     </span>
    </p>
   </div>
   <div class='ocr_carea' id='block_1_51' title="bbox 283 3091 1806 3163">
    <p class='ocr_par' dir='ltr' id='par_1_51' title="bbox 283 3091 1806 3163">
     <span class='ocr_line' id='line_1_51' title="bbox 283 3091 1806 3163; baseline 0 -20"><span class='ocrx_word' id='word_1_371' title='bbox 283 3093 423 3163; x_wconf 72' lang='grc' dir='ltr'><strong>[Τὴν</strong></span> <span class='ocrx_word' id='word_1_372' title='bbox 454 3093 509 3145; x_wconf 83' lang='grc' dir='ltr'>δὲ</span> <span class='ocrx_word' id='word_1_373' title='bbox 539 3095 721 3163; x_wconf 76' lang='grc' dir='ltr'>φωνὴν</span> <span class='ocrx_word' id='word_1_374' title='bbox 763 3093 932 3147; x_wconf 80' lang='grc' dir='ltr'>αὐτοῦ</span> <span class='ocrx_word' id='word_1_375' title='bbox 978 3095 1054 3157; x_wconf 82' lang='grc' dir='ltr'>ὡς</span> <span class='ocrx_word' id='word_1_376' title='bbox 1106 3094 1292 3163; x_wconf 70' lang='grc' dir='ltr'>φωνὴν</span> <span class='ocrx_word' id='word_1_377' title='bbox 1346 3093 1559 3145; x_wconf 82' lang='grc' dir='ltr'>ὑδάτων</span> <span class='ocrx_word' id='word_1_378' title='bbox 1594 3091 1806 3143; x_wconf 78' lang='grc' dir='ltr'>πολλῶν</span> 
     </span>
    </p>
   </div>
   <div class='ocr_carea' id='block_1_52' title="bbox 1974 2627 3498 2709">
    <p class='ocr_par' dir='ltr' id='par_1_52' title="bbox 1974 2627 3498 2709">
     <span class='ocr_line' id='line_1_52' title="bbox 1974 2627 3498 2709; baseline 0.006 -24"><span class='ocrx_word' id='word_1_379' title='bbox 1974 2627 2019 2695; x_wconf 83' lang='lat' dir='ltr'><strong>l,</strong></span> <span class='ocrx_word' id='word_1_380' title='bbox 2068 2632 2153 2695; x_wconf 76' lang='grc'><strong>15,</strong></span> <span class='ocrx_word' id='word_1_381' title='bbox 2200 2634 2285 2685; x_wconf 78' lang='grc'><strong>16.</strong></span> <span class='ocrx_word' id='word_1_382' title='bbox 2316 2631 2383 2685; x_wconf 87' lang='grc' dir='ltr'>Ει</span> <span class='ocrx_word' id='word_1_383' title='bbox 2428 2650 2525 2687; x_wconf 71' lang='lat' dir='ltr'><strong>vos:</strong></span> <span class='ocrx_word' id='word_1_384' title='bbox 2583 2632 2731 2688; x_wconf 87' lang='lat' dir='ltr'><strong>illius</strong></span> <span class='ocrx_word' id='word_1_385' title='bbox 2778 2646 3036 2706; x_wconf 77' lang='lat' dir='ltr'><strong>tanquam</strong></span> <span class='ocrx_word' id='word_1_386' title='bbox 3090 2654 3192 2693; x_wconf 70' lang='lat' dir='ltr'><strong>vos:</strong></span> <span class='ocrx_word' id='word_1_387' title='bbox 3235 2656 3498 2709; x_wconf 83' lang='lat' dir='ltr'><strong>aquarum</strong></span> 
     </span>
    </p>
   </div>
   <div class='ocr_carea' id='block_1_53' title="bbox 1906 2722 3495 2799">
    <p class='ocr_par' dir='ltr' id='par_1_53' title="bbox 1906 2722 3495 2799">
     <span class='ocr_line' id='line_1_53' title="bbox 1906 2722 3495 2799; baseline 0.009 -27"><span class='ocrx_word' id='word_1_388' title='bbox 1906 2722 2196 2776; x_wconf 86' lang='lat' dir='ltr'><strong>multarum</strong></span> <span class='ocrx_word' id='word_1_389' title='bbox 2224 2739 2242 2776; x_wconf 88' lang='lat'><em>:</em></span> <span class='ocrx_word' id='word_1_390' title='bbox 2268 2734 2318 2777; x_wconf 83' lang='lat' dir='ltr'><strong>el</strong></span> <span class='ocrx_word' id='word_1_391' title='bbox 2349 2724 2574 2777; x_wconf 84' lang='lat' dir='ltr'><strong>habebat</strong></span> <span class='ocrx_word' id='word_1_392' title='bbox 2596 2726 2651 2778; x_wconf 82' lang='lat' dir='ltr'><strong>in</strong></span> <span class='ocrx_word' id='word_1_393' title='bbox 2678 2726 2868 2781; x_wconf 75' lang='lat' dir='ltr'><strong>dextra</strong></span> <span class='ocrx_word' id='word_1_394' title='bbox 2898 2745 2997 2781; x_wconf 83' lang='lat' dir='ltr'><strong>sua</strong></span> <span class='ocrx_word' id='word_1_395' title='bbox 3037 2730 3219 2783; x_wconf 86' lang='lat' dir='ltr'><strong>stellas</strong></span> <span class='ocrx_word' id='word_1_396' title='bbox 3250 2743 3443 2799; x_wconf 80' lang='lat' dir='ltr'><strong>septem</strong></span> <span class='ocrx_word' id='word_1_397' title='bbox 3474 2751 3495 2798; x_wconf 85' lang='lat'><strong><em>;</em></strong></span> 
     </span>
    </p>
   </div>
   <div class='ocr_carea' id='block_1_54' title="bbox 1900 2815 3491 2887">
    <p class='ocr_par' dir='ltr' id='par_1_54' title="bbox 1900 2815 3491 2887">
     <span class='ocr_line' id='line_1_54' title="bbox 1900 2815 3491 2887; baseline 0.009 -22"><span class='ocrx_word' id='word_1_398' title='bbox 1900 2815 2040 2866; x_wconf 83' lang='lat' dir='ltr'><strong>etde</strong></span> <span class='ocrx_word' id='word_1_399' title='bbox 2066 2830 2153 2866; x_wconf 83' lang='lat' dir='ltr'><strong>ore</strong></span> <span class='ocrx_word' id='word_1_400' title='bbox 2176 2817 2289 2883; x_wconf 87' lang='lat' dir='ltr'><strong>ejus</strong></span> <span class='ocrx_word' id='word_1_401' title='bbox 2328 2816 2543 2886; x_wconf 76' lang='lat' dir='ltr'><strong>gladius</strong></span> <span class='ocrx_word' id='word_1_402' title='bbox 2579 2827 2807 2886; x_wconf 87' lang='lat' dir='ltr'><strong>utraque</strong></span> <span class='ocrx_word' id='word_1_403' title='bbox 2845 2832 3004 2887; x_wconf 78' lang='lat' dir='ltr'><strong>parte</strong></span> <span class='ocrx_word' id='word_1_404' title='bbox 3033 2833 3222 2877; x_wconf 82' lang='lat' dir='ltr'><strong>acutus</strong></span> <span class='ocrx_word' id='word_1_405' title='bbox 3259 2825 3441 2879; x_wconf 76' lang='lat' dir='ltr'><strong>exibat</strong></span> <span class='ocrx_word' id='word_1_406' title='bbox 3476 2866 3491 2879; x_wconf 92' lang='lat'><strong>.</strong></span> 
     </span>
    </p>
   </div>
   <div class='ocr_carea' id='block_1_55' title="bbox 1905 2905 3213 2976">
    <p class='ocr_par' dir='ltr' id='par_1_55' title="bbox 1905 2905 3213 2976">
     <span class='ocr_line' id='line_1_55' title="bbox 1905 2905 3213 2976; baseline 0.008 -17"><span class='ocrx_word' id='word_1_407' title='bbox 1905 2914 1956 2959; x_wconf 83' lang='lat' dir='ltr'><strong>et</strong></span> <span class='ocrx_word' id='word_1_408' title='bbox 1984 2905 2148 2974; x_wconf 84' lang='lat' dir='ltr'><strong>[acies</strong></span> <span class='ocrx_word' id='word_1_409' title='bbox 2172 2908 2307 2976; x_wconf 85' lang='lat' dir='ltr'><strong>ejus,</strong></span> <span class='ocrx_word' id='word_1_410' title='bbox 2344 2909 2482 2961; x_wconf 69' lang='lat' dir='ltr'><strong>sicut</strong></span> <span class='ocrx_word' id='word_1_411' title='bbox 2522 2909 2604 2964; x_wconf 90' lang='lat' dir='ltr'><strong>sol</strong></span> <span class='ocrx_word' id='word_1_412' title='bbox 2624 2911 2759 2964; x_wconf 82' lang='lat' dir='ltr'><strong>lucet</strong></span> <span class='ocrx_word' id='word_1_413' title='bbox 2790 2912 2842 2964; x_wconf 85' lang='lat' dir='ltr'><strong>in</strong></span> <span class='ocrx_word' id='word_1_414' title='bbox 2881 2912 3072 2967; x_wconf 80' lang='lat' dir='ltr'><strong>virtute</strong></span> <span class='ocrx_word' id='word_1_415' title='bbox 3093 2930 3213 2970; x_wconf 88' lang='lat' dir='ltr'><strong>sua.</strong></span> 
     </span>
    </p>
   </div>
   <div class='ocr_carea' id='block_1_56' title="bbox 1977 3082 3492 3157">
    <p class='ocr_par' dir='ltr' id='par_1_56' title="bbox 1977 3082 3492 3157">
     <span class='ocr_line' id='line_1_56' title="bbox 1977 3082 3492 3157; baseline 0.007 -19"><span class='ocrx_word' id='word_1_416' title='bbox 1977 3082 2130 3139; x_wconf 81' lang='lat' dir='ltr'><strong>Haud</strong></span> <span class='ocrx_word' id='word_1_417' title='bbox 2167 3085 2367 3155; x_wconf 90' lang='lat' dir='ltr'><strong>injuria</strong></span> <span class='ocrx_word' id='word_1_418' title='bbox 2404 3102 2506 3140; x_wconf 77' lang='lat' dir='ltr'><strong>vox</strong></span> <span class='ocrx_word' id='word_1_419' title='bbox 2535 3085 2680 3141; x_wconf 93' lang='lat' dir='ltr'><strong>illius</strong></span> <span class='ocrx_word' id='word_1_420' title='bbox 2726 3102 2994 3157; x_wconf 88' lang='lat' dir='ltr'><strong>aquarum</strong></span> <span class='ocrx_word' id='word_1_421' title='bbox 3027 3092 3371 3147; x_wconf 88' lang='lat' dir='ltr'><strong>multitudini</strong></span> <span class='ocrx_word' id='word_1_422' title='bbox 3400 3110 3492 3149; x_wconf 88' lang='lat' dir='ltr'><strong>as-</strong></span> 
     </span>
    </p>
   </div>
   <div class='ocr_carea' id='block_1_57' title="bbox 212 3177 1901 3257">
    <p class='ocr_par' dir='ltr' id='par_1_57' title="bbox 212 3181 1870 3257">
     <span class='ocr_line' id='line_1_57' title="bbox 212 3181 1870 3257; baseline -0.001 -22"><span class='ocrx_word' id='word_1_423' title='bbox 212 3181 388 3254; x_wconf 79' lang='grc' dir='ltr'>λέγει]</span> <span class='ocrx_word' id='word_1_424' title='bbox 424 3185 671 3245; x_wconf 77' lang='grc' dir='ltr'>εἰκότως.</span> <span class='ocrx_word' id='word_1_425' title='bbox 711 3186 880 3257; x_wconf 77' lang='grc' dir='ltr'>Κοινὴ</span> <span class='ocrx_word' id='word_1_426' title='bbox 909 3187 1018 3256; x_wconf 78' lang='grc' dir='ltr'><strong>γὰρ</strong></span> <span class='ocrx_word' id='word_1_427' title='bbox 1046 3188 1076 3255; x_wconf 75' lang='grc' dir='ltr'>ἡ</span> <span class='ocrx_word' id='word_1_428' title='bbox 1119 3186 1270 3256; x_wconf 82' lang='grc' dir='ltr'>φωνὴ</span> <span class='ocrx_word' id='word_1_429' title='bbox 1306 3184 1473 3238; x_wconf 82' lang='grc' dir='ltr'>αὐτοῦ</span> <span class='ocrx_word' id='word_1_430' title='bbox 1500 3201 1554 3236; x_wconf 90' lang='grc' dir='ltr'><strong>τε</strong></span> <span class='ocrx_word' id='word_1_431' title='bbox 1586 3186 1677 3235; x_wconf 76' lang='grc' dir='ltr'>καὶ</span> <span class='ocrx_word' id='word_1_432' title='bbox 1707 3182 1801 3234; x_wconf 82' lang='grc' dir='ltr'><strong>τοῦ</strong></span> <span class='ocrx_word' id='word_1_433' title='bbox 1837 3248 1870 3257; x_wconf 46' lang='grc' dir='ltr'><strong>Α</strong></span> 
     </span>
    </p>
   </div>
   <div class='ocr_carea' id='block_1_58' title="bbox 1802 3177 3491 3257">
    <p class='ocr_par' dir='ltr' id='par_1_58' title="bbox 1837 3177 3491 3257">
     <span class='ocr_line' id='line_1_58' title="bbox 1837 3177 3491 3257; baseline 0.005 -27"><span class='ocrx_word' id='word_1_434' title='bbox 1837 3248 1870 3257; x_wconf 43' lang='grc' dir='ltr'><strong>Α</strong></span> <span class='ocrx_word' id='word_1_435' title='bbox 1906 3177 2198 3233; x_wconf 84' lang='lat' dir='ltr'><strong>simllatur.</strong></span> <span class='ocrx_word' id='word_1_436' title='bbox 2226 3178 2362 3233; x_wconf 86' lang='lat' dir='ltr'><strong>Nam</strong></span> <span class='ocrx_word' id='word_1_437' title='bbox 2416 3195 2521 3234; x_wconf 88' lang='lat' dir='ltr'><strong>una</strong></span> <span class='ocrx_word' id='word_1_438' title='bbox 2549 3181 2851 3250; x_wconf 76' lang='lat' dir='ltr'><strong>eademque</strong></span> <span class='ocrx_word' id='word_1_439' title='bbox 2874 3181 3017 3236; x_wconf 89' lang='lat' dir='ltr'><strong>illius</strong></span> <span class='ocrx_word' id='word_1_440' title='bbox 3050 3194 3104 3237; x_wconf 91' lang='lat' dir='ltr'><strong>et</strong></span> <span class='ocrx_word' id='word_1_441' title='bbox 3137 3184 3365 3253; x_wconf 89' lang='lat' dir='ltr'><strong>spiritus</strong></span> <span class='ocrx_word' id='word_1_442' title='bbox 3394 3202 3491 3239; x_wconf 83' lang='lat' dir='ltr'><strong>vox</strong></span> 
     </span>
    </p>
   </div>
   <div class='ocr_carea' id='block_1_59' title="bbox 214 3248 1903 3348">
    <p class='ocr_par' dir='ltr' id='par_1_59' title="bbox 214 3248 1870 3348">
     <span class='ocr_line' id='line_1_59' title="bbox 214 3248 1870 3348; baseline -0.002 -19"><span class='ocrx_word' id='word_1_443' title='bbox 214 3278 537 3345; x_wconf 71' lang='grc' dir='ltr'>Ιινεὺματος</span> <span class='ocrx_word' id='word_1_444' title='bbox 559 3294 572 3307; x_wconf 74' lang='grc' dir='ltr'><strong><em>ο</em></strong></span> <span class='ocrx_word' id='word_1_445' title='bbox 608 3272 668 3328; x_wconf 72' lang='grc' dir='ltr'>οῦ</span> <span class='ocrx_word' id='word_1_446' title='bbox 698 3281 935 3348; x_wconf 74' lang='grc' dir='ltr'>ποταμοὶ</span> <span class='ocrx_word' id='word_1_447' title='bbox 976 3282 1041 3331; x_wconf 88' lang='grc' dir='ltr'>ὲκ</span> <span class='ocrx_word' id='word_1_448' title='bbox 1076 3279 1175 3348; x_wconf 79' lang='grc' dir='ltr'>τῆς</span> <span class='ocrx_word' id='word_1_449' title='bbox 1209 3277 1419 3339; x_wconf 86' lang='grc' dir='ltr'>κοιλίας</span> <span class='ocrx_word' id='word_1_450' title='bbox 1448 3276 1557 3328; x_wconf 85' lang='grc' dir='ltr'>τῶν</span> <span class='ocrx_word' id='word_1_451' title='bbox 1595 3276 1801 3327; x_wconf 83' lang='grc' dir='ltr'>πιστῶν</span> <span class='ocrx_word' id='word_1_452' title='bbox 1830 3248 1870 3302; x_wconf 79' lang='lat' dir='ltr'><strong>C</strong></span> 
     </span>
    </p>
   </div>
   <div class='ocr_carea' id='block_1_60' title="bbox 1805 3248 3494 3348">
    <p class='ocr_par' dir='ltr' id='par_1_60' title="bbox 1830 3248 3494 3342">
     <span class='ocr_line' id='line_1_60' title="bbox 1830 3248 3494 3342; baseline 0.006 -19"><span class='ocrx_word' id='word_1_453' title='bbox 1830 3248 1870 3302; x_wconf 79' lang='lat' dir='ltr'><strong>C</strong></span> <span class='ocrx_word' id='word_1_454' title='bbox 1905 3278 2007 3326; x_wconf 84' lang='lat' dir='ltr'><strong>est.</strong></span> <span class='ocrx_word' id='word_1_455' title='bbox 2040 3273 2137 3326; x_wconf 78' lang='lat' dir='ltr'><strong>Ast</strong></span> <span class='ocrx_word' id='word_1_456' title='bbox 2194 3272 2422 3341; x_wconf 90' lang='lat' dir='ltr'><strong>spiritus</strong></span> <span class='ocrx_word' id='word_1_457' title='bbox 2479 3272 2526 3325; x_wconf 69' lang='lat' dir='ltr'><strong>vi</strong></span> <span class='ocrx_word' id='word_1_458' title='bbox 2566 3276 2623 3325; x_wconf 79' lang='grc' dir='ltr'><strong>ιιι</strong></span> <span class='ocrx_word' id='word_1_459' title='bbox 2673 3282 2730 3326; x_wconf 90' lang='lat' dir='ltr'><strong>ut</strong></span> <span class='ocrx_word' id='word_1_460' title='bbox 2764 3248 2935 3342; x_wconf 61' lang='lat' dir='ltr'><strong>aqua:</strong></span> <span class='ocrx_word' id='word_1_461' title='bbox 2988 3277 3122 3328; x_wconf 70' lang='lat' dir='ltr'><strong>vivat:</strong></span> <span class='ocrx_word' id='word_1_462' title='bbox 3162 3286 3432 3333; x_wconf 87' lang='lat' dir='ltr'><strong>torrentes</strong></span> <span class='ocrx_word' id='word_1_463' title='bbox 3466 3297 3494 3333; x_wconf 90' lang='lat' dir='ltr'><strong>e</strong></span> 
     </span>
    </p>
   </div>
   <div class='ocr_carea' id='block_1_61' title="bbox 214 3365 1805 3439">
    <p class='ocr_par' dir='ltr' id='par_1_61' title="bbox 214 3365 1805 3439">
     <span class='ocr_line' id='line_1_61' title="bbox 214 3365 1805 3439; baseline -0.002 -20"><span class='ocrx_word' id='word_1_464' title='bbox 214 3367 425 3431; x_wconf 79' lang='grc' dir='ltr'>ζῶντος</span> <span class='ocrx_word' id='word_1_465' title='bbox 468 3369 658 3431; x_wconf 82' lang='grc' dir='ltr'>ὓδατος</span> <span class='ocrx_word' id='word_1_466' title='bbox 726 3368 1022 3439; x_wconf 74' lang='grc' dir='ltr'>ἔρῤευσαν,</span> <span class='ocrx_word' id='word_1_467' title='bbox 1070 3370 1165 3421; x_wconf 75' lang='grc' dir='ltr'>καὶ</span> <span class='ocrx_word' id='word_1_468' title='bbox 1214 3369 1294 3430; x_wconf 84' lang='grc' dir='ltr'><strong>είς</strong></span> <span class='ocrx_word' id='word_1_469' title='bbox 1328 3368 1511 3420; x_wconf 81' lang='grc' dir='ltr'>πᾶσαν</span> <span class='ocrx_word' id='word_1_470' title='bbox 1568 3365 1669 3437; x_wconf 79' lang='grc' dir='ltr'>τὴν</span> <span class='ocrx_word' id='word_1_471' title='bbox 1700 3366 1805 3434; x_wconf 83' lang='grc' dir='ltr'>γῆν</span> 
     </span>
    </p>
   </div>
   <div class='ocr_carea' id='block_1_62' title="bbox 212 3458 1796 3531">
    <p class='ocr_par' dir='ltr' id='par_1_62' title="bbox 212 3458 1796 3531">
     <span class='ocr_line' id='line_1_62' title="bbox 212 3458 1796 3531; baseline -0.002 -20"><span class='ocrx_word' id='word_1_472' title='bbox 212 3460 541 3529; x_wconf 85' lang='grc' dir='ltr'>διαπρύσιον</span> <span class='ocrx_word' id='word_1_473' title='bbox 572 3463 804 3531; x_wconf 74' lang='grc' dir='ltr'>ἤχησαν.</span> <span class='ocrx_word' id='word_1_474' title='bbox 847 3463 1109 3531; x_wconf 80' lang='grc' dir='ltr'>’Δστέρας</span> <span class='ocrx_word' id='word_1_475' title='bbox 1144 3462 1204 3513; x_wconf 87' lang='grc' dir='ltr'>δὲ</span> <span class='ocrx_word' id='word_1_476' title='bbox 1234 3461 1394 3524; x_wconf 76' lang='grc' dir='ltr'>ἑπτὰ,</span> <span class='ocrx_word' id='word_1_477' title='bbox 1436 3458 1796 3529; x_wconf 81' lang='grc' dir='ltr'>παρακατιὼν</span> 
     </span>
    </p>
   </div>
   <div class='ocr_carea' id='block_1_63' title="bbox 212 3550 1804 3623">
    <p class='ocr_par' dir='ltr' id='par_1_63' title="bbox 212 3550 1804 3623">
     <span class='ocr_line' id='line_1_63' title="bbox 212 3550 1804 3623; baseline -0.001 -19"><span class='ocrx_word' id='word_1_478' title='bbox 212 3552 358 3618; x_wconf 79' lang='grc' dir='ltr'>τοὺς</span> <span class='ocrx_word' id='word_1_479' title='bbox 405 3552 525 3605; x_wconf 84' lang='grc' dir='ltr'>τῶν</span> <span class='ocrx_word' id='word_1_480' title='bbox 588 3553 965 3621; x_wconf 66' lang='grc' dir='ltr'>Ἐκκλησιῶν</span> <span class='ocrx_word' id='word_1_481' title='bbox 1036 3571 1199 3623; x_wconf 79' lang='grc' dir='ltr'>φησιν</span> <span class='ocrx_word' id='word_1_482' title='bbox 1256 3552 1576 3622; x_wconf 72' lang='grc' dir='ltr'>ἀγγέλους.</span> <span class='ocrx_word' id='word_1_483' title='bbox 1633 3550 1804 3618; x_wconf 79' lang='grc' dir='ltr'>Ῥομ-</span> 
     </span>
    </p>
   </div>
   <div class='ocr_carea' id='block_1_64' title="bbox 210 3644 1807 3716">
    <p class='ocr_par' dir='ltr' id='par_1_64' title="bbox 210 3644 1807 3716">
     <span class='ocr_line' id='line_1_64' title="bbox 210 3644 1807 3716; baseline 0 -21"><span class='ocrx_word' id='word_1_484' title='bbox 210 3646 402 3712; x_wconf 73' lang='grc' dir='ltr'><strong>φαὶαν</strong></span> <span class='ocrx_word' id='word_1_485' title='bbox 432 3646 488 3699; x_wconf 82' lang='grc' dir='ltr'>δὲ</span> <span class='ocrx_word' id='word_1_486' title='bbox 542 3647 855 3716; x_wconf 78' lang='grc' dir='ltr'>δίστομον,</span> <span class='ocrx_word' id='word_1_487' title='bbox 889 3649 987 3715; x_wconf 81' lang='grc' dir='ltr'>τὴν</span> <span class='ocrx_word' id='word_1_488' title='bbox 1033 3648 1174 3699; x_wconf 89' lang='grc' dir='ltr'><strong>κατά</strong></span> <span class='ocrx_word' id='word_1_489' title='bbox 1222 3645 1334 3697; x_wconf 86' lang='grc' dir='ltr'><strong>τῶν</strong></span> <span class='ocrx_word' id='word_1_490' title='bbox 1366 3644 1583 3698; x_wconf 78' lang='grc' dir='ltr'>ἀσεϐῶν</span> <span class='ocrx_word' id='word_1_491' title='bbox 1641 3660 1807 3712; x_wconf 77' lang='grc' dir='ltr'>φησιν</span> 
     </span>
    </p>
   </div>
   <div class='ocr_carea' id='block_1_65' title="bbox 210 3735 1807 3806">
    <p class='ocr_par' dir='ltr' id='par_1_65' title="bbox 210 3735 1807 3806">
     <span class='ocr_line' id='line_1_65' title="bbox 210 3735 1807 3806; baseline -0.001 -17"><span class='ocrx_word' id='word_1_492' title='bbox 210 3736 513 3804; x_wconf 71' lang='grc' dir='ltr'>ἀπόφασιν,</span> <span class='ocrx_word' id='word_1_493' title='bbox 565 3736 663 3806; x_wconf 77' lang='grc' dir='ltr'>τὴν</span> <span class='ocrx_word' id='word_1_494' title='bbox 710 3738 1033 3806; x_wconf 79' lang='grc' dir='ltr'>τομωτέραν</span> <span class='ocrx_word' id='word_1_495' title='bbox 1094 3735 1235 3806; x_wconf 84' lang='grc' dir='ltr'>ὑπὲρ</span> <span class='ocrx_word' id='word_1_496' title='bbox 1292 3737 1476 3788; x_wconf 84' lang='grc' dir='ltr'>πᾶσαν</span> <span class='ocrx_word' id='word_1_497' title='bbox 1527 3735 1807 3805; x_wconf 67' lang='grc' dir='ltr'>μάχαιραν</span> 
     </span>
    </p>
   </div>
   <div class='ocr_carea' id='block_1_66' title="bbox 190 3825 1807 3899">
    <p class='ocr_par' dir='ltr' id='par_1_66' title="bbox 190 3825 1807 3899">
     <span class='ocr_line' id='line_1_66' title="bbox 190 3825 1807 3899; baseline 0 -20"><span class='ocrx_word' id='word_1_498' title='bbox 190 3827 475 3895; x_wconf 70' lang='grc' dir='ltr'>’δίστομον</span> <span class='ocrx_word' id='word_1_499' title='bbox 500 3844 515 3859; x_wconf 77' lang='grc' dir='ltr'><strong><em>ο</em></strong></span> <span class='ocrx_word' id='word_1_500' title='bbox 543 3827 575 3897; x_wconf 83' lang='grc' dir='ltr'><strong>ῆ</strong></span> <span class='ocrx_word' id='word_1_501' title='bbox 601 3828 695 3881; x_wconf 59' lang='grc' dir='ltr'><strong>καὶ⁸</strong></span> <span class='ocrx_word' id='word_1_502' title='bbox 732 3825 877 3899; x_wconf 79' lang='grc' dir='ltr'>[τὴν]</span> <span class='ocrx_word' id='word_1_503' title='bbox 909 3827 1348 3897; x_wconf 83' lang='grc' dir='ltr'>περιτέμνουσαν</span> <span class='ocrx_word' id='word_1_504' title='bbox 1395 3828 1673 3895; x_wconf 84' lang='grc' dir='ltr'>μάχαιραν</span> <span class='ocrx_word' id='word_1_505' title='bbox 1710 3827 1807 3879; x_wconf 89' lang='grc' dir='ltr'><strong>τοῦ</strong></span> 
     </span>
    </p>
   </div>
   <div class='ocr_carea' id='block_1_67' title="bbox 211 3916 1805 3988">
    <p class='ocr_par' dir='ltr' id='par_1_67' title="bbox 211 3916 1805 3988">
     <span class='ocr_line' id='line_1_67' title="bbox 211 3916 1805 3988; baseline -0.001 -17"><span class='ocrx_word' id='word_1_506' title='bbox 211 3919 558 3987; x_wconf 76' lang='grc' dir='ltr'>Πνεῦματος,</span> <span class='ocrx_word' id='word_1_507' title='bbox 587 3919 676 3971; x_wconf 79' lang='grc' dir='ltr'><strong>τὸν</strong></span> <span class='ocrx_word' id='word_1_508' title='bbox 700 3919 845 3981; x_wconf 61' lang='lat' dir='ltr'><strong>me;</strong></span> <span class='ocrx_word' id='word_1_509' title='bbox 873 3918 1031 3988; x_wconf 72' lang='grc' dir='ltr'>ἡμῶν</span> <span class='ocrx_word' id='word_1_510' title='bbox 1061 3918 1369 3988; x_wconf 77' lang='grc' dir='ltr'>ἄνθρωπον.</span> <span class='ocrx_word' id='word_1_511' title='bbox 1410 3916 1480 3972; x_wconf 80' lang='grc' dir='ltr'><strong>Τὸ</strong></span> <span class='ocrx_word' id='word_1_512' title='bbox 1514 3918 1583 3970; x_wconf 83' lang='grc' dir='ltr'>δὲ</span> <span class='ocrx_word' id='word_1_513' title='bbox 1614 3920 1805 3985; x_wconf 81' lang='grc' dir='ltr'>πρόσ-</span> 
     </span>
    </p>
   </div>
   <div class='ocr_carea' id='block_1_68' title="bbox 208 4009 1800 4080">
    <p class='ocr_par' dir='ltr' id='par_1_68' title="bbox 208 4009 1800 4080">
     <span class='ocr_line' id='line_1_68' title="bbox 208 4009 1800 4080; baseline -0.003 -17"><span class='ocrx_word' id='word_1_514' title='bbox 208 4027 383 4063; x_wconf 67' lang='grc' dir='ltr'>ωπον</span> <span class='ocrx_word' id='word_1_515' title='bbox 420 4010 612 4063; x_wconf 83' lang='grc' dir='ltr'>αὑτοῦ</span> <span class='ocrx_word' id='word_1_516' title='bbox 656 4013 896 4079; x_wconf 74' lang='grc' dir='ltr'>φαίνειν</span> <span class='ocrx_word' id='word_1_517' title='bbox 936 4012 1016 4076; x_wconf 86' lang='grc' dir='ltr'>ὡς</span> <span class='ocrx_word' id='word_1_518' title='bbox 1046 4011 1243 4077; x_wconf 75' lang='grc' dir='ltr'>ἥλιον,</span> <span class='ocrx_word' id='word_1_519' title='bbox 1276 4012 1377 4063; x_wconf 83' lang='grc' dir='ltr'><strong>οὐκ</strong></span> <span class='ocrx_word' id='word_1_520' title='bbox 1412 4009 1675 4080; x_wconf 82' lang='grc' dir='ltr'>αἰσθητὴν</span> <span class='ocrx_word' id='word_1_521' title='bbox 1702 4009 1800 4079; x_wconf 81' lang='grc' dir='ltr'>τὴν</span> 
     </span>
    </p>
   </div>
   <div class='ocr_carea' id='block_1_69' title="bbox 209 4102 1799 4173">
    <p class='ocr_par' dir='ltr' id='par_1_69' title="bbox 209 4102 1799 4173">
     <span class='ocr_line' id='line_1_69' title="bbox 209 4102 1799 4173; baseline -0.001 -18"><span class='ocrx_word' id='word_1_522' title='bbox 209 4104 433 4173; x_wconf 71' lang='grc' dir='ltr'>αἴγλην,</span> <span class='ocrx_word' id='word_1_523' title='bbox 485 4102 625 4156; x_wconf 83' lang='grc' dir='ltr'><strong>ἀλλά</strong></span> <span class='ocrx_word' id='word_1_524' title='bbox 658 4104 877 4173; x_wconf 79' lang='grc' dir='ltr'>νοητὴν,</span> <span class='ocrx_word' id='word_1_525' title='bbox 925 4103 1107 4173; x_wconf 83' lang='grc' dir='ltr'>δῆλον.</span> <span class='ocrx_word' id='word_1_526' title='bbox 1164 4103 1374 4168; x_wconf 73' lang='grc' dir='ltr'>Ἥλιος</span> <span class='ocrx_word' id='word_1_527' title='bbox 1406 4103 1517 4172; x_wconf 83' lang='grc' dir='ltr'>γάρ</span> <span class='ocrx_word' id='word_1_528' title='bbox 1543 4103 1670 4155; x_wconf 79' lang='grc' dir='ltr'>ἐστι</span> <span class='ocrx_word' id='word_1_529' title='bbox 1712 4102 1799 4154; x_wconf 81' lang='grc' dir='ltr'>δι-</span> 
     </span>
    </p>
   </div>
   <div class='ocr_carea' id='block_1_70' title="bbox 207 4195 1796 4267">
    <p class='ocr_par' dir='ltr' id='par_1_70' title="bbox 207 4195 1796 4267">
     <span class='ocr_line' id='line_1_70' title="bbox 207 4195 1796 4267; baseline -0.003 -18"><span class='ocrx_word' id='word_1_530' title='bbox 207 4196 569 4262; x_wconf 74' lang='grc' dir='ltr'>καιοσύνης,</span> <span class='ocrx_word' id='word_1_531' title='bbox 604 4198 669 4266; x_wconf 78' lang='grc' dir='ltr'><strong>τῇ</strong></span> <span class='ocrx_word' id='word_1_532' title='bbox 704 4198 880 4267; x_wconf 78' lang='grc' dir='ltr'>οίκεὶᾳ</span> <span class='ocrx_word' id='word_1_533' title='bbox 910 4195 1139 4265; x_wconf 79' lang='grc' dir='ltr'>δυνάμει</span> <span class='ocrx_word' id='word_1_534' title='bbox 1170 4197 1264 4248; x_wconf 76' lang='grc' dir='ltr'>καὶ</span> <span class='ocrx_word' id='word_1_535' title='bbox 1312 4195 1532 4264; x_wconf 74' lang='grc' dir='ltr'>ἐξουσίᾳ</span> <span class='ocrx_word' id='word_1_536' title='bbox 1586 4210 1796 4247; x_wconf 85' lang='grc' dir='ltr'>καταυ-</span> 
     </span>
    </p>
   </div>
   <div class='ocr_carea' id='block_1_71' title="bbox 210 4282 1792 4357">
    <p class='ocr_par' dir='ltr' id='par_1_71' title="bbox 210 4282 1792 4357">
     <span class='ocr_line' id='line_1_71' title="bbox 210 4282 1792 4357; baseline -0.003 -17"><span class='ocrx_word' id='word_1_537' title='bbox 210 4286 434 4353; x_wconf 82' lang='grc' dir='ltr'>γάζων·</span> <span class='ocrx_word' id='word_1_538' title='bbox 469 4287 530 4338; x_wconf 86' lang='grc' dir='ltr'>οὐ</span> <span class='ocrx_word' id='word_1_539' title='bbox 588 4285 773 4349; x_wconf 85' lang='grc' dir='ltr'>καθὼς</span> <span class='ocrx_word' id='word_1_540' title='bbox 828 4289 855 4339; x_wconf 84' lang='grc' dir='ltr'><strong>ὁ</strong></span> <span class='ocrx_word' id='word_1_541' title='bbox 907 4287 1168 4356; x_wconf 85' lang='grc' dir='ltr'>αίσθητὸς</span> <span class='ocrx_word' id='word_1_542' title='bbox 1200 4282 1381 4357; x_wconf 74' lang='grc' dir='ltr'>ἥλιος,</span> <span class='ocrx_word' id='word_1_543' title='bbox 1422 4284 1517 4340; x_wconf 72' lang='grc' dir='ltr'>ἆτε</span> <span class='ocrx_word' id='word_1_544' title='bbox 1564 4290 1792 4355; x_wconf 74' lang='grc' dir='ltr'>κτίσμα,</span> 
     </span>
    </p>
   </div>
   <div class='ocr_carea' id='block_1_72' title="bbox 209 4376 1615 4449">
    <p class='ocr_par' dir='ltr' id='par_1_72' title="bbox 209 4376 1615 4449">
     <span class='ocr_line' id='line_1_72' title="bbox 209 4376 1615 4449; baseline 0.002 -20"><span class='ocrx_word' id='word_1_545' title='bbox 209 4378 481 4446; x_wconf 83' lang='grc' dir='ltr'>θεοσδότῳ</span> <span class='ocrx_word' id='word_1_546' title='bbox 512 4376 615 4441; x_wconf 82' lang='grc' dir='ltr'>[δὲ]</span> <span class='ocrx_word' id='word_1_547' title='bbox 654 4378 879 4447; x_wconf 65' lang='grc' dir='ltr'>δδνάμει</span> <span class='ocrx_word' id='word_1_548' title='bbox 911 4380 1004 4431; x_wconf 79' lang='grc' dir='ltr'>καὶ</span> <span class='ocrx_word' id='word_1_549' title='bbox 1049 4379 1179 4449; x_wconf 83' lang='grc' dir='ltr'>θείῳ</span> <span class='ocrx_word' id='word_1_550' title='bbox 1207 4378 1615 4448; x_wconf 80' lang='grc' dir='ltr'>προστάγματι.</span> 
     </span>
    </p>
   </div>
   <div class='ocr_carea' id='block_1_73' title="bbox 1905 3365 3492 3437">
    <p class='ocr_par' dir='ltr' id='par_1_73' title="bbox 1905 3365 3492 3437">
     <span class='ocr_line' id='line_1_73' title="bbox 1905 3365 3492 3437; baseline 0.006 -20"><span class='ocrx_word' id='word_1_551' title='bbox 1905 3365 2146 3419; x_wconf 87' lang='lat' dir='ltr'><strong>ﬁdelium</strong></span> <span class='ocrx_word' id='word_1_552' title='bbox 2180 3377 2370 3421; x_wconf 85' lang='lat' dir='ltr'><strong>ventre</strong></span> <span class='ocrx_word' id='word_1_553' title='bbox 2422 3366 2626 3431; x_wconf 88' lang='lat' dir='ltr'><strong>lluant,</strong></span> <span class='ocrx_word' id='word_1_554' title='bbox 2668 3369 2925 3437; x_wconf 85' lang='lat' dir='ltr'><strong>clareque</strong></span> <span class='ocrx_word' id='word_1_555' title='bbox 2957 3384 3052 3429; x_wconf 82' lang='lat' dir='ltr'><strong>per</strong></span> <span class='ocrx_word' id='word_1_556' title='bbox 3092 3380 3363 3425; x_wconf 88' lang='lat' dir='ltr'><strong>terrarum</strong></span> <span class='ocrx_word' id='word_1_557' title='bbox 3396 3389 3492 3426; x_wconf 89' lang='lat' dir='ltr'><strong>or-</strong></span> 
     </span>
    </p>
   </div>
   <div class='ocr_carea' id='block_1_74' title="bbox 1904 3456 3492 3530">
    <p class='ocr_par' dir='ltr' id='par_1_74' title="bbox 1904 3456 3492 3530">
     <span class='ocr_line' id='line_1_74' title="bbox 1904 3456 3492 3530; baseline 0.007 -21"><span class='ocrx_word' id='word_1_558' title='bbox 1904 3458 2024 3510; x_wconf 85' lang='lat' dir='ltr'><strong>bem</strong></span> <span class='ocrx_word' id='word_1_559' title='bbox 2066 3469 2384 3527; x_wconf 86' lang='lat' dir='ltr'><strong>personent.</strong></span> <span class='ocrx_word' id='word_1_560' title='bbox 2418 3456 2591 3513; x_wconf 84' lang='lat' dir='ltr'><strong>Porro</strong></span> <span class='ocrx_word' id='word_1_561' title='bbox 2621 3471 2800 3513; x_wconf 86' lang='lat' dir='ltr'><strong>autem</strong></span> <span class='ocrx_word' id='word_1_562' title='bbox 2823 3476 2977 3530; x_wconf 81' lang='lat' dir='ltr'><strong>quos</strong></span> <span class='ocrx_word' id='word_1_563' title='bbox 3012 3462 3101 3516; x_wconf 87' lang='lat' dir='ltr'><strong>hic</strong></span> <span class='ocrx_word' id='word_1_564' title='bbox 3128 3464 3335 3526; x_wconf 83' lang='lat' dir='ltr'><strong>stellas,</strong></span> <span class='ocrx_word' id='word_1_565' title='bbox 3369 3466 3492 3520; x_wconf 88' lang='lat' dir='ltr'><strong>illos</strong></span> 
     </span>
    </p>
   </div>
   <div class='ocr_carea' id='block_1_75' title="bbox 1906 3548 3491 3624">
    <p class='ocr_par' dir='ltr' id='par_1_75' title="bbox 1906 3548 3491 3624">
     <span class='ocr_line' id='line_1_75' title="bbox 1906 3548 3491 3624; baseline 0.006 -23"><span class='ocrx_word' id='word_1_566' title='bbox 1906 3548 2068 3618; x_wconf 91' lang='lat' dir='ltr'><strong>paulo</strong></span> <span class='ocrx_word' id='word_1_567' title='bbox 2092 3557 2218 3618; x_wconf 90' lang='lat' dir='ltr'><strong>post</strong></span> <span class='ocrx_word' id='word_1_568' title='bbox 2236 3558 2445 3618; x_wconf 81' lang='lat' dir='ltr'><strong>septem</strong></span> <span class='ocrx_word' id='word_1_569' title='bbox 2466 3548 2831 3604; x_wconf 84' lang='lat' dir='ltr'><strong>Ecclesiarum</strong></span> <span class='ocrx_word' id='word_1_570' title='bbox 2861 3552 3075 3622; x_wconf 81' lang='lat' dir='ltr'><strong>angelos</strong></span> <span class='ocrx_word' id='word_1_571' title='bbox 3105 3554 3357 3624; x_wconf 79' lang='lat' dir='ltr'><strong>appellat.</strong></span> <span class='ocrx_word' id='word_1_572' title='bbox 3390 3556 3491 3610; x_wconf 84' lang='lat' dir='ltr'><strong>Per</strong></span> 
     </span>
    </p>
   </div>
   <div class='ocr_carea' id='block_1_76' title="bbox 1904 3641 3491 3713">
    <p class='ocr_par' dir='ltr' id='par_1_76' title="bbox 1904 3641 3491 3713">
     <span class='ocr_line' id='line_1_76' title="bbox 1904 3641 3491 3713; baseline 0.008 -21"><span class='ocrx_word' id='word_1_573' title='bbox 1904 3641 2144 3709; x_wconf 82' lang='lat' dir='ltr'><strong>gladium</strong></span> <span class='ocrx_word' id='word_1_574' title='bbox 2186 3651 2370 3695; x_wconf 90' lang='lat' dir='ltr'><strong>autem</strong></span> <span class='ocrx_word' id='word_1_575' title='bbox 2435 3643 2698 3713; x_wconf 80' lang='lat' dir='ltr'><strong>utrimque</strong></span> <span class='ocrx_word' id='word_1_576' title='bbox 2743 3656 2959 3698; x_wconf 83' lang='lat' dir='ltr'><strong>acutum</strong></span> <span class='ocrx_word' id='word_1_577' title='bbox 3013 3649 3491 3705; x_wconf 85' lang='lat' dir='ltr'><strong>condemnationis</strong></span> 
     </span>
    </p>
   </div>
   <div class='ocr_carea' id='block_1_77' title="bbox 1906 3734 3491 3805">
    <p class='ocr_par' dir='ltr' id='par_1_77' title="bbox 1906 3734 3491 3805">
     <span class='ocr_line' id='line_1_77' title="bbox 1906 3734 3491 3805; baseline 0.004 -18"><span class='ocrx_word' id='word_1_578' title='bbox 1906 3734 2198 3800; x_wconf 87' lang='lat' dir='ltr'><strong>sententia,</strong></span> <span class='ocrx_word' id='word_1_579' title='bbox 2234 3749 2400 3804; x_wconf 88' lang='lat' dir='ltr'><strong>quam</strong></span> <span class='ocrx_word' id='word_1_580' title='bbox 2422 3744 2611 3787; x_wconf 91' lang='lat' dir='ltr'><strong>contra</strong></span> <span class='ocrx_word' id='word_1_581' title='bbox 2646 3735 2844 3804; x_wconf 88' lang='lat' dir='ltr'><strong>impios</strong></span> <span class='ocrx_word' id='word_1_582' title='bbox 2872 3736 3205 3805; x_wconf 80' lang='lat' dir='ltr'><strong>fulminabit,</strong></span> <span class='ocrx_word' id='word_1_583' title='bbox 3241 3741 3491 3794; x_wconf 87' lang='lat' dir='ltr'><strong>insinua-</strong></span> 
     </span>
    </p>
   </div>
   <div class='ocr_carea' id='block_1_78' title="bbox 1906 3823 3491 3899">
    <p class='ocr_par' dir='ltr' id='par_1_78' title="bbox 1906 3823 3491 3899">
     <span class='ocr_line' id='line_1_78' title="bbox 1906 3823 3491 3899; baseline 0.004 -21"><span class='ocrx_word' id='word_1_584' title='bbox 1906 3834 2015 3878; x_wconf 89' lang='lat' dir='ltr'><strong>tur.</strong></span> <span class='ocrx_word' id='word_1_585' title='bbox 2049 3823 2121 3877; x_wconf 84' lang='lat' dir='ltr'><strong>Ea</strong></span> <span class='ocrx_word' id='word_1_586' title='bbox 2148 3824 2295 3877; x_wconf 90' lang='lat' dir='ltr'><strong>enim</strong></span> <span class='ocrx_word' id='word_1_587' title='bbox 2343 3826 2538 3893; x_wconf 91' lang='lat' dir='ltr'><strong>quovis</strong></span> <span class='ocrx_word' id='word_1_588' title='bbox 2567 3826 2793 3895; x_wconf 87' lang='lat' dir='ltr'><strong>ancipiti</strong></span> <span class='ocrx_word' id='word_1_589' title='bbox 2864 3826 3047 3897; x_wconf 83' lang='lat' dir='ltr'><strong>gladio</strong></span> <span class='ocrx_word' id='word_1_590' title='bbox 3100 3830 3491 3899; x_wconf 89' lang='lat' dir='ltr'><strong>penetrabilior</strong></span> 
     </span>
    </p>
   </div>
   <div class='ocr_carea' id='block_1_79' title="bbox 1904 3917 3491 3991">
    <p class='ocr_par' dir='ltr' id='par_1_79' title="bbox 1904 3917 3491 3991">
     <span class='ocr_line' id='line_1_79' title="bbox 1904 3917 3491 3991; baseline 0.006 -22"><span class='ocrx_word' id='word_1_591' title='bbox 1904 3919 2009 3970; x_wconf 89' lang='lat' dir='ltr'><strong>erit</strong></span> <span class='ocrx_word' id='word_1_592' title='bbox 2043 3933 2057 3979; x_wconf 90' lang='lat'><strong>;</strong></span> <span class='ocrx_word' id='word_1_593' title='bbox 2091 3926 2185 3969; x_wconf 89' lang='lat' dir='ltr'><strong>aut</strong></span> <span class='ocrx_word' id='word_1_594' title='bbox 2228 3928 2378 3972; x_wconf 88' lang='lat' dir='ltr'><strong>certe</strong></span> <span class='ocrx_word' id='word_1_595' title='bbox 2440 3918 2505 3972; x_wconf 90' lang='lat' dir='ltr'><strong>de</strong></span> <span class='ocrx_word' id='word_1_596' title='bbox 2550 3917 2733 3988; x_wconf 86' lang='lat' dir='ltr'><strong>gladio</strong></span> <span class='ocrx_word' id='word_1_597' title='bbox 2801 3919 3064 3989; x_wconf 87' lang='lat' dir='ltr'><strong>Spiritus,</strong></span> <span class='ocrx_word' id='word_1_598' title='bbox 3100 3937 3211 3991; x_wconf 90' lang='lat' dir='ltr'><strong>quo</strong></span> <span class='ocrx_word' id='word_1_599' title='bbox 3258 3922 3491 3978; x_wconf 88' lang='lat' dir='ltr'><strong>interior</strong></span> 
     </span>
    </p>
   </div>
   <div class='ocr_carea' id='block_1_80' title="bbox 1904 4006 3487 4083">
    <p class='ocr_par' dir='ltr' id='par_1_80' title="bbox 1904 4006 3487 4083">
     <span class='ocr_line' id='line_1_80' title="bbox 1904 4006 3487 4083; baseline 0.006 -26"><span class='ocrx_word' id='word_1_600' title='bbox 1904 4006 2070 4059; x_wconf 84' lang='lat' dir='ltr'><strong>homo</strong></span> <span class='ocrx_word' id='word_1_601' title='bbox 2103 4006 2539 4073; x_wconf 88' lang='lat' dir='ltr'><strong>circumciditur,</strong></span> <span class='ocrx_word' id='word_1_602' title='bbox 2591 4016 2675 4061; x_wconf 82' lang='lat' dir='ltr'><strong>est</strong></span> <span class='ocrx_word' id='word_1_603' title='bbox 2703 4007 2793 4062; x_wconf 87' lang='lat' dir='ltr'><strong>hic</strong></span> <span class='ocrx_word' id='word_1_604' title='bbox 2824 4025 3027 4065; x_wconf 88' lang='lat' dir='ltr'><strong>sermo.</strong></span> <span class='ocrx_word' id='word_1_605' title='bbox 3060 4008 3217 4076; x_wconf 89' lang='lat' dir='ltr'><strong>Quod</strong></span> <span class='ocrx_word' id='word_1_606' title='bbox 3243 4026 3372 4067; x_wconf 87' lang='lat' dir='ltr'><strong>vero</strong></span> <span class='ocrx_word' id='word_1_607' title='bbox 3396 4014 3487 4083; x_wconf 67' lang='lat' dir='ltr'><strong>’[a-</strong></span> 
     </span>
    </p>
   </div>
   <div class='ocr_carea' id='block_1_81' title="bbox 1900 4097 3487 4166">
    <p class='ocr_par' dir='ltr' id='par_1_81' title="bbox 1900 4097 3487 4166">
     <span class='ocr_line' id='line_1_81' title="bbox 1900 4097 3487 4166; baseline 0.007 -16"><span class='ocrx_word' id='word_1_608' title='bbox 1900 4098 2004 4151; x_wconf 86' lang='lat' dir='ltr'><strong>cies</strong></span> <span class='ocrx_word' id='word_1_609' title='bbox 2033 4097 2144 4166; x_wconf 82' lang='lat' dir='ltr'><strong>ejus</strong></span> <span class='ocrx_word' id='word_1_610' title='bbox 2185 4100 2359 4151; x_wconf 83' lang='lat' dir='ltr'><strong>instar</strong></span> <span class='ocrx_word' id='word_1_611' title='bbox 2380 4100 2719 4153; x_wconf 80' lang='lat' dir='ltr'><strong>solis&#39;lucida</strong></span> <span class='ocrx_word' id='word_1_612' title='bbox 2742 4102 2978 4166; x_wconf 90' lang='lat' dir='ltr'><strong>dicatur,</strong></span> <span class='ocrx_word' id='word_1_613' title='bbox 3010 4104 3062 4157; x_wconf 92' lang='lat' dir='ltr'><strong>id</strong></span> <span class='ocrx_word' id='word_1_614' title='bbox 3110 4119 3217 4158; x_wconf 92' lang='lat' dir='ltr'><strong>non</strong></span> <span class='ocrx_word' id='word_1_615' title='bbox 3257 4105 3324 4159; x_wconf 87' lang='lat' dir='ltr'><strong>ad</strong></span> <span class='ocrx_word' id='word_1_616' title='bbox 3360 4122 3487 4161; x_wconf 87' lang='lat' dir='ltr'><strong>sen-</strong></span> 
     </span>
    </p>
   </div>
   <div class='ocr_carea' id='block_1_82' title="bbox 1900 4189 3488 4263">
    <p class='ocr_par' dir='ltr' id='par_1_82' title="bbox 1900 4189 3488 4263">
     <span class='ocr_line' id='line_1_82' title="bbox 1900 4189 3488 4263; baseline 0.006 -19"><span class='ocrx_word' id='word_1_617' title='bbox 1900 4189 2053 4244; x_wconf 87' lang='lat' dir='ltr'><strong>silem</strong></span> <span class='ocrx_word' id='word_1_618' title='bbox 2090 4190 2326 4259; x_wconf 87' lang='lat' dir='ltr'><strong>aliquam</strong></span> <span class='ocrx_word' id='word_1_619' title='bbox 2361 4193 2536 4246; x_wconf 88' lang='lat' dir='ltr'><strong>lucem</strong></span> <span class='ocrx_word' id='word_1_620' title='bbox 2573 4194 2657 4247; x_wconf 89' lang='lat' dir='ltr'><strong>vel</strong></span> <span class='ocrx_word' id='word_1_621' title='bbox 2691 4194 3061 4263; x_wconf 87' lang='lat' dir='ltr'><strong>splendorem,</strong></span> <span class='ocrx_word' id='word_1_622' title='bbox 3094 4198 3186 4252; x_wconf 89' lang='lat' dir='ltr'><strong>sed</strong></span> <span class='ocrx_word' id='word_1_623' title='bbox 3215 4195 3283 4253; x_wconf 82' lang='lat' dir='ltr'><strong>ad</strong></span> <span class='ocrx_word' id='word_1_624' title='bbox 3334 4216 3488 4254; x_wconf 82' lang='lat' dir='ltr'><strong>men-</strong></span> 
     </span>
    </p>
   </div>
   <div class='ocr_carea' id='block_1_83' title="bbox 1900 4282 3487 4359">
    <p class='ocr_par' dir='ltr' id='par_1_83' title="bbox 1900 4282 3487 4359">
     <span class='ocr_line' id='line_1_83' title="bbox 1900 4282 3487 4359; baseline 0.006 -25"><span class='ocrx_word' id='word_1_625' title='bbox 1900 4282 1970 4336; x_wconf 89' lang='lat' dir='ltr'><strong>tis</strong></span> <span class='ocrx_word' id='word_1_626' title='bbox 1994 4282 2414 4338; x_wconf 84' lang='lat' dir='ltr'><strong>illustrationem</strong></span> <span class='ocrx_word' id='word_1_627' title='bbox 2439 4283 2627 4338; x_wconf 84' lang='lat' dir='ltr'><strong>referri</strong></span> <span class='ocrx_word' id='word_1_628' title='bbox 2651 4285 2832 4339; x_wconf 82' lang='lat' dir='ltr'><strong>debet.</strong></span> <span class='ocrx_word' id='word_1_629' title='bbox 2859 4286 3311 4357; x_wconf 79' lang='lat' dir='ltr'><strong>Quandoquidem</strong></span> <span class='ocrx_word' id='word_1_630' title='bbox 3337 4292 3487 4359; x_wconf 66' lang='grc' dir='ltr'><strong>θεοί</strong></span> 
     </span>
    </p>
   </div>
   <div class='ocr_carea' id='block_1_84' title="bbox 1894 4371 3485 4443">
    <p class='ocr_par' dir='ltr' id='par_1_84' title="bbox 1894 4371 3485 4443">
     <span class='ocr_line' id='line_1_84' title="bbox 1894 4371 3485 4443; baseline 0.004 -20"><span class='ocrx_word' id='word_1_631' title='bbox 1894 4372 2128 4439; x_wconf 71' lang='lat' dir='ltr'><strong>justitiw</strong></span> <span class='ocrx_word' id='word_1_632' title='bbox 2156 4371 2206 4425; x_wconf 85' lang='lat' dir='ltr'><strong>vi</strong></span> <span class='ocrx_word' id='word_1_633' title='bbox 2240 4372 2461 4441; x_wconf 91' lang='lat' dir='ltr'><strong>propria</strong></span> <span class='ocrx_word' id='word_1_634' title='bbox 2496 4381 2549 4426; x_wconf 92' lang='lat' dir='ltr'><strong>et</strong></span> <span class='ocrx_word' id='word_1_635' title='bbox 2580 4384 2848 4441; x_wconf 77' lang='lat' dir='ltr'><strong>patestate</strong></span> <span class='ocrx_word' id='word_1_636' title='bbox 2892 4376 3038 4431; x_wconf 87' lang='lat' dir='ltr'><strong>lucet</strong></span> <span class='ocrx_word' id='word_1_637' title='bbox 3074 4387 3131 4432; x_wconf 91' lang='lat' dir='ltr'><strong>et</strong></span> <span class='ocrx_word' id='word_1_638' title='bbox 3173 4380 3433 4434; x_wconf 86' lang='lat' dir='ltr'><strong>illumina:</strong></span> <span class='ocrx_word' id='word_1_639' title='bbox 3466 4396 3485 4443; x_wconf 84' lang='lat'><strong>;</strong></span> 
     </span>
    </p>
   </div>
   <div class='ocr_carea' id='block_1_85' title="bbox 209 4463 3485 4540">
    <p class='ocr_par' dir='ltr' id='par_1_85' title="bbox 209 4463 3485 4540">
     <span class='ocr_line' id='line_1_85' title="bbox 209 4463 3485 4540; baseline 0.001 -16"><span class='ocrx_word' id='word_1_640' title='bbox 209 4471 422 4525; x_wconf 87' lang='lat' dir='ltr'><strong>nonita</strong></span> <span class='ocrx_word' id='word_1_641' title='bbox 454 4480 637 4524; x_wconf 90' lang='lat' dir='ltr'><strong>autem</strong></span> <span class='ocrx_word' id='word_1_642' title='bbox 672 4472 752 4525; x_wconf 88' lang='lat' dir='ltr'><strong>sol</strong></span> <span class='ocrx_word' id='word_1_643' title='bbox 792 4472 880 4525; x_wconf 91' lang='lat' dir='ltr'><strong>ille</strong></span> <span class='ocrx_word' id='word_1_644' title='bbox 908 4471 1002 4540; x_wconf 89' lang='lat' dir='ltr'><strong>qui</strong></span> <span class='ocrx_word' id='word_1_645' title='bbox 1060 4472 1344 4527; x_wconf 70' lang='lat' dir='ltr'><strong>obtutibUs</strong></span> <span class='ocrx_word' id='word_1_646' title='bbox 1374 4472 1597 4525; x_wconf 79' lang='lat' dir='ltr'><strong>nostris</strong></span> <span class='ocrx_word' id='word_1_647' title='bbox 1630 4469 1876 4539; x_wconf 83' lang='lat' dir='ltr'><strong>quotidie</strong></span> <span class='ocrx_word' id='word_1_648' title='bbox 1932 4463 2211 4532; x_wconf 74' lang='lat' dir='ltr'><strong>obiicitur.</strong></span> <span class='ocrx_word' id='word_1_649' title='bbox 2258 4463 2309 4519; x_wconf 91' lang='lat' dir='ltr'><strong>ls</strong></span> <span class='ocrx_word' id='word_1_650' title='bbox 2359 4464 2507 4518; x_wconf 87' lang='lat' dir='ltr'><strong>enim</strong></span> <span class='ocrx_word' id='word_1_651' title='bbox 2555 4472 2839 4535; x_wconf 76' lang='lat' dir='ltr'><strong>tanquam</strong></span> <span class='ocrx_word' id='word_1_652' title='bbox 2893 4483 2984 4525; x_wconf 78' lang='lat' dir='ltr'><strong>res</strong></span> <span class='ocrx_word' id='word_1_653' title='bbox 3049 4480 3233 4526; x_wconf 84' lang='lat' dir='ltr'><strong>creata</strong></span> <span class='ocrx_word' id='word_1_654' title='bbox 3289 4473 3485 4529; x_wconf 66' lang='lat' dir='ltr'><strong>virtute</strong></span> 
     </span>
    </p>
   </div>
   <div class='ocr_carea' id='block_1_86' title="bbox 206 4560 2593 4635">
    <p class='ocr_par' dir='ltr' id='par_1_86' title="bbox 206 4560 2593 4635">
     <span class='ocr_line' id='line_1_86' title="bbox 206 4560 2593 4635; baseline 0 -20"><span class='ocrx_word' id='word_1_655' title='bbox 206 4578 376 4635; x_wconf 80' lang='lat' dir='ltr'><strong>quam</strong></span> <span class='ocrx_word' id='word_1_656' title='bbox 405 4578 436 4615; x_wconf 89' lang='lat' dir='ltr'><strong>a</strong></span> <span class='ocrx_word' id='word_1_657' title='bbox 474 4563 585 4615; x_wconf 88' lang='lat' dir='ltr'><strong>Deo</strong></span> <span class='ocrx_word' id='word_1_658' title='bbox 616 4562 846 4632; x_wconf 78' lang='lat' dir='ltr'><strong>accepit,</strong></span> <span class='ocrx_word' id='word_1_659' title='bbox 877 4562 1054 4617; x_wconf 83' lang='lat' dir='ltr'><strong>lucem</strong></span> <span class='ocrx_word' id='word_1_660' title='bbox 1096 4565 1325 4634; x_wconf 79' lang='lat' dir='ltr'><strong>spargit,</strong></span> <span class='ocrx_word' id='word_1_661' title='bbox 1376 4564 1636 4634; x_wconf 81' lang='lat' dir='ltr'><strong>illiusque</strong></span> <span class='ocrx_word' id='word_1_662' title='bbox 1657 4563 1976 4631; x_wconf 70' lang='lat' dir='ltr'><strong>adeojussu</strong></span> <span class='ocrx_word' id='word_1_663' title='bbox 2008 4571 2212 4611; x_wconf 83' lang='lat' dir='ltr'><strong>munus</strong></span> <span class='ocrx_word' id='word_1_664' title='bbox 2232 4572 2408 4611; x_wconf 74' lang='lat' dir='ltr'><strong>suum</strong></span> <span class='ocrx_word' id='word_1_665' title='bbox 2432 4590 2435 4591; x_wconf 53' lang='grc' dir='ltr'><strong>ν</strong></span> <span class='ocrx_word' id='word_1_666' title='bbox 2457 4560 2593 4615; x_wconf 77' lang='lat' dir='ltr'><strong>obit.</strong></span> 
     </span>
    </p>
   </div>
   <div class='ocr_carea' id='block_1_87' title="bbox 282 4650 1971 4726">
    <p class='ocr_par' dir='ltr' id='par_1_87' title="bbox 282 4650 1878 4723">
     <span class='ocr_line' id='line_1_87' title="bbox 282 4650 1878 4723; baseline 0.003 -16"><span class='ocrx_word' id='word_1_667' title='bbox 282 4655 394 4708; x_wconf 81' lang='lat' dir='ltr'><strong>Kal</strong></span> <span class='ocrx_word' id='word_1_668' title='bbox 416 4654 514 4707; x_wconf 79' lang='grc' dir='ltr'><strong>ὅτε</strong></span> <span class='ocrx_word' id='word_1_669' title='bbox 535 4650 699 4708; x_wconf 75' lang='grc' dir='ltr'>εἶδον</span> <span class='ocrx_word' id='word_1_670' title='bbox 719 4654 928 4721; x_wconf 81' lang='grc' dir='ltr'>αὑτὸν,</span> <span class='ocrx_word' id='word_1_671' title='bbox 950 4656 1146 4709; x_wconf 71' lang='grc' dir='ltr'>ἔπεσα</span> <span class='ocrx_word' id='word_1_672' title='bbox 1163 4656 1469 4723; x_wconf 73' lang='grc' dir='ltr'>πρὸς-’τοὺς</span> <span class='ocrx_word' id='word_1_673' title='bbox 1489 4657 1680 4722; x_wconf 76' lang='grc' dir='ltr'>,πόδας</span> <span class='ocrx_word' id='word_1_674' title='bbox 1697 4660 1801 4709; x_wconf 83' lang='grc' dir='ltr'><strong>αὐ·</strong></span> <span class='ocrx_word' id='word_1_675' title='bbox 1836 4660 1878 4712; x_wconf 89' lang='lat' dir='ltr'><strong>D</strong></span> 
     </span>
    </p>
   </div>
   <div class='ocr_carea' id='block_1_88' title="bbox 1798 4650 3487 4726">
    <p class='ocr_par' dir='ltr' id='par_1_88' title="bbox 1798 4650 3487 4726">
     <span class='ocr_line' id='line_1_88' title="bbox 1798 4650 3487 4726; baseline 0.008 -25"><span class='ocrx_word' id='word_1_676' title='bbox 1798 4687 1801 4695; x_wconf 53' lang='grc' dir='ltr'><strong><em>μ</em></strong></span> <span class='ocrx_word' id='word_1_677' title='bbox 1836 4660 1878 4712; x_wconf 84' lang='grc' dir='ltr'>ι)</span> <span class='ocrx_word' id='word_1_678' title='bbox 1980 4650 2019 4715; x_wconf 91' lang='grc' dir='ltr'>Ι,</span> <span class='ocrx_word' id='word_1_679' title='bbox 2058 4651 2146 4714; x_wconf 82' lang='lat' dir='ltr'><strong>l7,</strong></span> <span class='ocrx_word' id='word_1_680' title='bbox 2187 4650 2270 4705; x_wconf 76' lang='grc'><strong>18.</strong></span> <span class='ocrx_word' id='word_1_681' title='bbox 2306 4650 2374 4703; x_wconf 86' lang='lat' dir='ltr'><strong>Et</strong></span> <span class='ocrx_word' id='word_1_682' title='bbox 2406 4668 2526 4705; x_wconf 86' lang='lat' dir='ltr'><strong>cum</strong></span> <span class='ocrx_word' id='word_1_683' title='bbox 2555 4654 2795 4708; x_wconf 71' lang='lat' dir='ltr'><strong>vidissem</strong></span> <span class='ocrx_word' id='word_1_684' title='bbox 2840 4671 2981 4720; x_wconf 82' lang='lat' dir='ltr'><strong>eum,</strong></span> <span class='ocrx_word' id='word_1_685' title='bbox 3016 4657 3183 4709; x_wconf 82' lang='lat' dir='ltr'><strong>cecidi</strong></span> <span class='ocrx_word' id='word_1_686' title='bbox 3218 4660 3290 4710; x_wconf 79' lang='lat' dir='ltr'><strong>ad</strong></span> <span class='ocrx_word' id='word_1_687' title='bbox 3318 4660 3487 4726; x_wconf 69' lang='lat' dir='ltr'><strong>pedes</strong></span> 
     </span>
    </p>
   </div>
   <div class='ocr_carea' id='block_1_89' title="bbox 204 4745 1803 4814">
    <p class='ocr_par' dir='ltr' id='par_1_89' title="bbox 204 4745 1803 4814">
     <span class='ocr_line' id='line_1_89' title="bbox 204 4745 1803 4814; baseline -0.001 -16"><span class='ocrx_word' id='word_1_688' title='bbox 204 4746 319 4799; x_wconf 81' lang='grc' dir='ltr'><strong>τοῦ</strong></span> <span class='ocrx_word' id='word_1_689' title='bbox 330 4746 411 4810; x_wconf 85' lang='grc' dir='ltr'>ὡς</span> <span class='ocrx_word' id='word_1_690' title='bbox 427 4745 662 4812; x_wconf 74' lang='grc' dir='ltr'>νεκρός·</span> <span class='ocrx_word' id='word_1_691' title='bbox 683 4746 779 4798; x_wconf 74' lang='grc' dir='ltr'><strong>καί</strong></span> <span class='ocrx_word' id='word_1_692' title='bbox 804 4747 1063 4812; x_wconf 74' lang='grc' dir='ltr'>ἐπέθηκε</span> <span class='ocrx_word' id='word_1_693' title='bbox 1079 4745 1412 4812; x_wconf 73' lang='grc' dir='ltr'>τὴνδεξιὰν</span> <span class='ocrx_word' id='word_1_694' title='bbox 1425 4746 1613 4799; x_wconf 80' lang='grc' dir='ltr'>αὑτοῦ</span> <span class='ocrx_word' id='word_1_695' title='bbox 1635 4746 1803 4814; x_wconf 77' lang='grc' dir='ltr'>χεῖρα</span> 
     </span>
    </p>
   </div>
   <div class='ocr_carea' id='block_1_90' title="bbox 204 4836 1801 4906">
    <p class='ocr_par' dir='ltr' id='par_1_90' title="bbox 204 4836 1801 4906">
     <span class='ocr_line' id='line_1_90' title="bbox 204 4836 1801 4906; baseline 0.003 -19"><span class='ocrx_word' id='word_1_696' title='bbox 204 4836 303 4887; x_wconf 75' lang='grc' dir='ltr'><strong>ἐπ’</strong></span> <span class='ocrx_word' id='word_1_697' title='bbox 321 4836 446 4905; x_wconf 81' lang='grc' dir='ltr'>ἐμὲ,</span> <span class='ocrx_word' id='word_1_698' title='bbox 464 4836 680 4903; x_wconf 73' lang='grc' dir='ltr'>λέγων·</span> <span class='ocrx_word' id='word_1_699' title='bbox 709 4837 801 4905; x_wconf 80' lang='grc' dir='ltr'><strong>Μὴ</strong></span> <span class='ocrx_word' id='word_1_700' title='bbox 822 4837 1033 4905; x_wconf 75' lang='grc' dir='ltr'>φοϐοῦ·</span> <span class='ocrx_word' id='word_1_701' title='bbox 1058 4837 1175 4905; x_wconf 78' lang='grc' dir='ltr'>ἐγώ</span> <span class='ocrx_word' id='word_1_702' title='bbox 1196 4842 1314 4906; x_wconf 73' lang='grc' dir='ltr'>εἰμι</span> <span class='ocrx_word' id='word_1_703' title='bbox 1332 4841 1365 4890; x_wconf 83' lang='grc' dir='ltr'><em>ὁ</em></span> <span class='ocrx_word' id='word_1_704' title='bbox 1385 4836 1747 4904; x_wconf 76' lang='grc' dir='ltr'>πρῶτος-καί</span> <span class='ocrx_word' id='word_1_705' title='bbox 1768 4840 1801 4891; x_wconf 82' lang='grc' dir='ltr'><em>ό</em></span> 
     </span>
    </p>
   </div>
   <div class='ocr_carea' id='block_1_91' title="bbox 203 4928 1800 4999">
    <p class='ocr_par' dir='ltr' id='par_1_91' title="bbox 203 4928 1800 4999">
     <span class='ocr_line' id='line_1_91' title="bbox 203 4928 1800 4999; baseline -0.001 -16"><span class='ocrx_word' id='word_1_706' title='bbox 203 4930 490 4995; x_wconf 76' lang='grc' dir='ltr'>ἔσχατος·</span> <span class='ocrx_word' id='word_1_707' title='bbox 510 4928 800 4994; x_wconf 75' lang='grc' dir='ltr'><strong>καὶόζὶὖν,</strong></span> <span class='ocrx_word' id='word_1_708' title='bbox 824 4930 922 4983; x_wconf 78' lang='grc' dir='ltr'><strong>καί</strong></span> <span class='ocrx_word' id='word_1_709' title='bbox 950 4930 1247 4999; x_wconf 74' lang='grc' dir='ltr'><strong>ἐγενόμην</strong></span> <span class='ocrx_word' id='word_1_710' title='bbox 1270 4931 1511 4997; x_wconf 78' lang='grc' dir='ltr'>νεκρός·</span> <span class='ocrx_word' id='word_1_711' title='bbox 1546 4931 1642 4983; x_wconf 78' lang='grc' dir='ltr'><strong>καί</strong></span> <span class='ocrx_word' id='word_1_712' title='bbox 1670 4929 1800 4982; x_wconf 79' lang='grc' dir='ltr'>ίδοὺ</span> 
     </span>
    </p>
   </div>
   <div class='ocr_carea' id='block_1_92' title="bbox 206 5020 1799 5095">
    <p class='ocr_par' dir='ltr' id='par_1_92' title="bbox 206 5020 1799 5095">
     <span class='ocr_line' id='line_1_92' title="bbox 206 5020 1799 5095; baseline 0.001 -22"><span class='ocrx_word' id='word_1_713' title='bbox 206 5020 325 5081; x_wconf 65' lang='grc' dir='ltr'><strong>τῶν</strong></span> <span class='ocrx_word' id='word_1_714' title='bbox 353 5024 471 5090; x_wconf 80' lang='grc' dir='ltr'>ειμι</span> <span class='ocrx_word' id='word_1_715' title='bbox 522 5023 611 5088; x_wconf 81' lang='grc' dir='ltr'><strong>εις</strong></span> <span class='ocrx_word' id='word_1_716' title='bbox 653 5021 798 5087; x_wconf 84' lang='grc' dir='ltr'>τοὺς</span> <span class='ocrx_word' id='word_1_717' title='bbox 843 5020 1068 5088; x_wconf 80' lang='grc' dir='ltr'>αιῶνας</span> <span class='ocrx_word' id='word_1_718' title='bbox 1094 5022 1216 5074; x_wconf 87' lang='grc' dir='ltr'><strong>τῶν</strong></span> <span class='ocrx_word' id='word_1_719' title='bbox 1244 5022 1493 5075; x_wconf 66' lang='lat' dir='ltr'><strong>alsit-mar.</strong></span> <span class='ocrx_word' id='word_1_720' title='bbox 1526 5020 1799 5095; x_wconf 76' lang='grc' dir='ltr'><strong>[Ἀμήν.]</strong></span> 
     </span>
    </p>
   </div>
   <div class='ocr_carea' id='block_1_93' title="bbox 207 5112 1794 5181">
    <p class='ocr_par' dir='ltr' id='par_1_93' title="bbox 207 5112 1794 5181">
     <span class='ocr_line' id='line_1_93' title="bbox 207 5112 1794 5181; baseline 0 -12"><span class='ocrx_word' id='word_1_721' title='bbox 207 5114 317 5169; x_wconf 76' lang='grc' dir='ltr'><strong>Καὶ</strong></span> <span class='ocrx_word' id='word_1_722' title='bbox 354 5114 473 5179; x_wconf 73' lang='grc' dir='ltr'><strong>ἔχω</strong></span> <span class='ocrx_word' id='word_1_723' title='bbox 508 5114 611 5179; x_wconf 71' lang='grc' dir='ltr'>τὰς</span> <span class='ocrx_word' id='word_1_724' title='bbox 653 5112 1039 5179; x_wconf 70' lang='grc' dir='ltr'>κλεῖδαςτοῦ</span> <span class='ocrx_word' id='word_1_725' title='bbox 1063 5113 1330 5167; x_wconf 79' lang='grc' dir='ltr'>θανάτου</span> <span class='ocrx_word' id='word_1_726' title='bbox 1356 5115 1455 5167; x_wconf 69' lang='grc' dir='ltr'><strong>καί</strong></span> <span class='ocrx_word' id='word_1_727' title='bbox 1476 5114 1583 5168; x_wconf 85' lang='grc' dir='ltr'><strong>τοῦ</strong></span> <span class='ocrx_word' id='word_1_728' title='bbox 1622 5115 1794 5181; x_wconf 73' lang='grc' dir='ltr'>ᾅδου.</span> 
     </span>
    </p>
   </div>
   <div class='ocr_carea' id='block_1_94' title="bbox 284 5203 1799 5276">
    <p class='ocr_par' dir='ltr' id='par_1_94' title="bbox 284 5203 1799 5276">
     <span class='ocr_line' id='line_1_94' title="bbox 284 5203 1799 5276; baseline 0.003 -22"><span class='ocrx_word' id='word_1_729' title='bbox 284 5204 497 5256; x_wconf 72' lang='grc' dir='ltr'>Ταυτδν</span> <span class='ocrx_word' id='word_1_730' title='bbox 545 5203 603 5257; x_wconf 73' lang='grc' dir='ltr'>δὲ</span> <span class='ocrx_word' id='word_1_731' title='bbox 663 5204 975 5257; x_wconf 75' lang='grc' dir='ltr'>πεπονθότα</span> <span class='ocrx_word' id='word_1_732' title='bbox 1038 5205 1128 5257; x_wconf 77' lang='grc' dir='ltr'>τὸν</span> <span class='ocrx_word' id='word_1_733' title='bbox 1162 5205 1459 5257; x_wconf 79' lang='grc' dir='ltr'>ἀπόστολον</span> <span class='ocrx_word' id='word_1_734' title='bbox 1504 5205 1678 5276; x_wconf 79' lang='grc' dir='ltr'>Ἰησοῦ</span> <span class='ocrx_word' id='word_1_735' title='bbox 1720 5205 1799 5275; x_wconf 79' lang='grc' dir='ltr'>τῷ</span> 
     </span>
    </p>
   </div>
   <div class='ocr_carea' id='block_1_95' title="bbox 207 5295 1796 5369">
    <p class='ocr_par' dir='ltr' id='par_1_95' title="bbox 207 5295 1796 5369">
     <span class='ocr_line' id='line_1_95' title="bbox 207 5295 1796 5369; baseline 0.004 -22"><span class='ocrx_word' id='word_1_736' title='bbox 207 5295 306 5348; x_wconf 81' lang='grc' dir='ltr'><strong>τοῦ</strong></span> <span class='ocrx_word' id='word_1_737' title='bbox 338 5297 499 5366; x_wconf 77' lang='grc' dir='ltr'><strong>Ναυῆ</strong></span> <span class='ocrx_word' id='word_1_738' title='bbox 530 5298 625 5350; x_wconf 79' lang='grc' dir='ltr'>καὶ</span> <span class='ocrx_word' id='word_1_739' title='bbox 652 5298 873 5367; x_wconf 79' lang='grc' dir='ltr'>Δανιὴλ,</span> <span class='ocrx_word' id='word_1_740' title='bbox 908 5300 999 5351; x_wconf 73' lang='grc' dir='ltr'><strong>διὰ</strong></span> <span class='ocrx_word' id='word_1_741' title='bbox 1029 5300 1089 5351; x_wconf 81' lang='grc' dir='ltr'>τὸ</span> <span class='ocrx_word' id='word_1_742' title='bbox 1124 5299 1351 5362; x_wconf 74' lang='grc' dir='ltr'>ἀσθενὲς</span> <span class='ocrx_word' id='word_1_743' title='bbox 1387 5303 1488 5369; x_wconf 85' lang='grc' dir='ltr'>τῆς</span> <span class='ocrx_word' id='word_1_744' title='bbox 1523 5300 1796 5369; x_wconf 82' lang='grc' dir='ltr'>ἀνθρωπί-</span> 
     </span>
    </p>
   </div>
   <div class='ocr_carea' id='block_1_96' title="bbox 210 5388 1794 5463">
    <p class='ocr_par' dir='ltr' id='par_1_96' title="bbox 210 5388 1794 5463">
     <span class='ocr_line' id='line_1_96' title="bbox 210 5388 1794 5463; baseline 0.006 -25"><span class='ocrx_word' id='word_1_745' title='bbox 210 5388 917 5461; x_wconf 70' lang='grc' dir='ltr'>ῦης’φιῒσεως,-ἀνέρρωσεν</span> <span class='ocrx_word' id='word_1_746' title='bbox 945 5394 973 5444; x_wconf 84' lang='grc' dir='ltr'><strong><em>ὁ</em></strong></span> <span class='ocrx_word' id='word_1_747' title='bbox 1005 5392 1262 5463; x_wconf 81' lang='grc' dir='ltr'>Χριστὸς,</span> <span class='ocrx_word' id='word_1_748' title='bbox 1294 5394 1476 5461; x_wconf 79' lang='grc' dir='ltr'>φήσας</span> <span class='ocrx_word' id='word_1_749' title='bbox 1497 5392 1673 5462; x_wconf 78' lang='grc' dir='ltr'>αὐτῷ’</span> <span class='ocrx_word' id='word_1_750' title='bbox 1699 5394 1794 5461; x_wconf 71' lang='grc' dir='ltr'><strong>Μὴ</strong></span> 
     </span>
    </p>
   </div>
   <div class='ocr_carea' id='block_1_97' title="bbox 207 5481 1793 5553">
    <p class='ocr_par' dir='ltr' id='par_1_97' title="bbox 207 5481 1793 5553">
     <span class='ocr_line' id='line_1_97' title="bbox 207 5481 1793 5553; baseline 0 -16"><span class='ocrx_word' id='word_1_751' title='bbox 207 5482 403 5552; x_wconf 71' lang='grc' dir='ltr'>φοϐοῦ</span> <span class='ocrx_word' id='word_1_752' title='bbox 429 5496 442 5508; x_wconf 80' lang='lat'><strong>‘</strong></span> <span class='ocrx_word' id='word_1_753' title='bbox 477 5481 539 5534; x_wconf 85' lang='grc' dir='ltr'>οὐ</span> <span class='ocrx_word' id='word_1_754' title='bbox 573 5483 681 5553; x_wconf 80' lang='grc' dir='ltr'>γὰρ</span> <span class='ocrx_word' id='word_1_755' title='bbox 712 5484 1033 5537; x_wconf 76' lang='grc' dir='ltr'>θανατῶσαί</span> <span class='ocrx_word' id='word_1_756' title='bbox 1098 5501 1156 5536; x_wconf 85' lang='grc' dir='ltr'><strong>σε</strong></span> <span class='ocrx_word' id='word_1_757' title='bbox 1215 5485 1573 5553; x_wconf 85' lang='grc' dir='ltr'>παραγέγονα</span> <span class='ocrx_word' id='word_1_758' title='bbox 1597 5502 1611 5517; x_wconf 80' lang='grc' dir='ltr'><strong><em>ο</em></strong></span> <span class='ocrx_word' id='word_1_759' title='bbox 1664 5486 1793 5553; x_wconf 84' lang='grc' dir='ltr'>ὅσγε</span> 
     </span>
    </p>
   </div>
   <div class='ocr_carea' id='block_1_98' title="bbox 206 5574 1793 5649">
    <p class='ocr_par' dir='ltr' id='par_1_98' title="bbox 206 5574 1793 5649">
     <span class='ocr_line' id='line_1_98' title="bbox 206 5574 1793 5649; baseline 0.001 -21"><span class='ocrx_word' id='word_1_760' title='bbox 206 5576 461 5646; x_wconf 73' lang='grc' dir='ltr'>ἄναρχος·</span> <span class='ocrx_word' id='word_1_761' title='bbox 477 5574 554 5627; x_wconf 81' lang='grc' dir='ltr'>ὢν</span> <span class='ocrx_word' id='word_1_762' title='bbox 610 5576 705 5628; x_wconf 76' lang='grc' dir='ltr'>καὶ</span> <span class='ocrx_word' id='word_1_763' title='bbox 752 5576 1143 5647; x_wconf 55' lang='lat' dir='ltr'><strong>tralati-tntae,</strong></span> <span class='ocrx_word' id='word_1_764' title='bbox 1180 5576 1246 5629; x_wconf 85' lang='grc' dir='ltr'><strong>δι’</strong></span> <span class='ocrx_word' id='word_1_765' title='bbox 1278 5577 1425 5646; x_wconf 79' lang='grc' dir='ltr'>ὑμᾶς</span> <span class='ocrx_word' id='word_1_766' title='bbox 1460 5578 1659 5649; x_wconf 73' lang='grc' dir='ltr'>νεκρὸς</span> <span class='ocrx_word' id='word_1_767' title='bbox 1701 5578 1793 5642; x_wconf 77' lang='grc' dir='ltr'><strong>γέ·</strong></span> 
     </span>
    </p>
   </div>
   <div class='ocr_carea' id='block_1_99' title="bbox 206 5663 1789 5738">
    <p class='ocr_par' dir='ltr' id='par_1_99' title="bbox 206 5663 1789 5738">
     <span class='ocr_line' id='line_1_99' title="bbox 206 5663 1789 5738; baseline 0 -19"><span class='ocrx_word' id='word_1_768' title='bbox 206 5682 373 5733; x_wconf 81' lang='grc' dir='ltr'>γονα·</span> <span class='ocrx_word' id='word_1_769' title='bbox 414 5663 533 5735; x_wconf 83' lang='grc' dir='ltr'>[καὶ</span> <span class='ocrx_word' id='word_1_770' title='bbox 560 5665 669 5734; x_wconf 76' lang='grc' dir='ltr'><strong>ἔχω</strong></span> <span class='ocrx_word' id='word_1_771' title='bbox 701 5666 798 5728; x_wconf 74' lang='grc' dir='ltr'>τὰς</span> <span class='ocrx_word' id='word_1_772' title='bbox 832 5667 980 5730; x_wconf 83' lang='grc' dir='ltr'>κλείς</span> <span class='ocrx_word' id='word_1_773' title='bbox 1006 5667 1101 5719; x_wconf 87' lang='grc' dir='ltr'><strong>τοῦ</strong></span> <span class='ocrx_word' id='word_1_774' title='bbox 1132 5668 1364 5719; x_wconf 82' lang='grc' dir='ltr'>θανάτου</span> <span class='ocrx_word' id='word_1_775' title='bbox 1398 5667 1611 5719; x_wconf 76' lang='grc' dir='ltr'>καὶτοῦ</span> <span class='ocrx_word' id='word_1_776' title='bbox 1638 5667 1789 5738; x_wconf 69' lang='grc' dir='ltr'>ᾅδου,</span> 
     </span>
    </p>
   </div>
   <div class='ocr_carea' id='block_1_100' title="bbox 208 5754 1541 5827">
    <p class='ocr_par' dir='ltr' id='par_1_100' title="bbox 208 5754 1541 5827">
     <span class='ocr_line' id='line_1_100' title="bbox 208 5754 1541 5827; baseline 0 -18"><span class='ocrx_word' id='word_1_777' title='bbox 208 5760 328 5827; x_wconf 65' lang='grc' dir='ltr'>ἦτοι</span> <span class='ocrx_word' id='word_1_778' title='bbox 360 5754 455 5807; x_wconf 90' lang='grc' dir='ltr'><strong>τοῦ</strong></span> <span class='ocrx_word' id='word_1_779' title='bbox 486 5754 725 5825; x_wconf 73' lang='grc' dir='ltr'>ψυχικοῦ</span> <span class='ocrx_word' id='word_1_780' title='bbox 760 5758 855 5808; x_wconf 84' lang='grc' dir='ltr'>καὶ</span> <span class='ocrx_word' id='word_1_781' title='bbox 892 5756 1217 5827; x_wconf 84' lang='grc' dir='ltr'>σωματικοῦ</span> <span class='ocrx_word' id='word_1_782' title='bbox 1256 5755 1541 5827; x_wconf 84' lang='grc' dir='ltr'>θανάτου.]</span> 
     </span>
    </p>
   </div>
   <div class='ocr_carea' id='block_1_101' title="bbox 1904 4743 3489 4816">
    <p class='ocr_par' dir='ltr' id='par_1_101' title="bbox 1904 4743 3489 4816">
     <span class='ocr_line' id='line_1_101' title="bbox 1904 4743 3489 4816; baseline 0.007 -20"><span class='ocrx_word' id='word_1_783' title='bbox 1904 4743 2018 4812; x_wconf 79' lang='lat' dir='ltr'><strong>ejus</strong></span> <span class='ocrx_word' id='word_1_784' title='bbox 2072 4752 2324 4814; x_wconf 67' lang='lat' dir='ltr'><strong>tamquam</strong></span> <span class='ocrx_word' id='word_1_785' title='bbox 2366 4756 2628 4800; x_wconf 65' lang='lat' dir='ltr'><strong>mortuus.</strong></span> <span class='ocrx_word' id='word_1_786' title='bbox 2682 4747 2752 4801; x_wconf 80' lang='lat' dir='ltr'><strong>Et</strong></span> <span class='ocrx_word' id='word_1_787' title='bbox 2798 4750 2979 4816; x_wconf 74' lang='lat' dir='ltr'><strong>posuit</strong></span> <span class='ocrx_word' id='word_1_788' title='bbox 3013 4750 3286 4803; x_wconf 66' lang='lat' dir='ltr'><strong>dexteram</strong></span> <span class='ocrx_word' id='word_1_789' title='bbox 3332 4770 3489 4808; x_wconf 66' lang='lat' dir='ltr'><strong>suam</strong></span> 
     </span>
    </p>
   </div>
   <div class='ocr_carea' id='block_1_102' title="bbox 1904 4838 3488 4911">
    <p class='ocr_par' dir='ltr' id='par_1_102' title="bbox 1904 4838 3488 4911">
     <span class='ocr_line' id='line_1_102' title="bbox 1904 4838 3488 4911; baseline 0.006 -22"><span class='ocrx_word' id='word_1_790' title='bbox 1904 4854 2063 4905; x_wconf 85' lang='lat' dir='ltr'><strong>super</strong></span> <span class='ocrx_word' id='word_1_791' title='bbox 2095 4853 2196 4899; x_wconf 72' lang='lat' dir='ltr'><strong>me,</strong></span> <span class='ocrx_word' id='word_1_792' title='bbox 2220 4838 2436 4901; x_wconf 75' lang='lat' dir='ltr'><strong>dicens;</strong></span> <span class='ocrx_word' id='word_1_793' title='bbox 2470 4838 2602 4893; x_wconf 71' lang='lat' dir='ltr'><strong>Noli</strong></span> <span class='ocrx_word' id='word_1_794' title='bbox 2642 4842 2828 4895; x_wconf 76' lang='lat' dir='ltr'><strong>timrc</strong></span> <span class='ocrx_word' id='word_1_795' title='bbox 2874 4857 3016 4911; x_wconf 36' lang='lat' dir='ltr'><strong>:Iego</strong></span> <span class='ocrx_word' id='word_1_796' title='bbox 3058 4859 3176 4895; x_wconf 76' lang='lat' dir='ltr'><strong>sum</strong></span> <span class='ocrx_word' id='word_1_797' title='bbox 3204 4846 3406 4911; x_wconf 77' lang='lat' dir='ltr'><strong>primus</strong></span> <span class='ocrx_word' id='word_1_798' title='bbox 3434 4858 3488 4899; x_wconf 82' lang='lat' dir='ltr'><strong>es</strong></span> 
     </span>
    </p>
   </div>
   <div class='ocr_carea' id='block_1_103' title="bbox 1904 4929 3490 5000">
    <p class='ocr_par' dir='ltr' id='par_1_103' title="bbox 1904 4929 3490 5000">
     <span class='ocr_line' id='line_1_103' title="bbox 1904 4929 3490 5000; baseline 0.007 -21"><span class='ocrx_word' id='word_1_799' title='bbox 1904 4929 2259 4991; x_wconf 74' lang='lat' dir='ltr'><strong>novissimus;</strong></span> <span class='ocrx_word' id='word_1_800' title='bbox 2291 4937 2344 4981; x_wconf 85' lang='lat' dir='ltr'><strong>et</strong></span> <span class='ocrx_word' id='word_1_801' title='bbox 2386 4931 2555 4995; x_wconf 71' lang='lat' dir='ltr'><strong>vius,</strong></span> <span class='ocrx_word' id='word_1_802' title='bbox 2581 4943 2629 4985; x_wconf 88' lang='lat' dir='ltr'><strong>et</strong></span> <span class='ocrx_word' id='word_1_803' title='bbox 2680 4932 2760 5000; x_wconf 77' lang='lat' dir='ltr'><strong>{ai</strong></span> <span class='ocrx_word' id='word_1_804' title='bbox 2792 4942 3078 4997; x_wconf 76' lang='lat' dir='ltr'><strong>mortuus;</strong></span> <span class='ocrx_word' id='word_1_805' title='bbox 3117 4944 3165 4986; x_wconf 86' lang='lat' dir='ltr'><strong>et</strong></span> <span class='ocrx_word' id='word_1_806' title='bbox 3215 4950 3331 4989; x_wconf 83' lang='lat' dir='ltr'><strong>ecce</strong></span> <span class='ocrx_word' id='word_1_807' title='bbox 3366 4952 3490 4989; x_wconf 83' lang='lat' dir='ltr'><strong>suns</strong></span> 
     </span>
    </p>
   </div>
   <div class='ocr_carea' id='block_1_104' title="bbox 1901 5018 3489 5084">
    <p class='ocr_par' dir='ltr' id='par_1_104' title="bbox 1901 5018 3489 5084">
     <span class='ocr_line' id='line_1_104' title="bbox 1901 5018 3489 5084; baseline 0.004 -12"><span class='ocrx_word' id='word_1_808' title='bbox 1901 5021 2073 5073; x_wconf 69' lang='lat' dir='ltr'><strong>visens</strong></span> <span class='ocrx_word' id='word_1_809' title='bbox 2091 5019 2149 5071; x_wconf 83' lang='lat' dir='ltr'><strong>in</strong></span> <span class='ocrx_word' id='word_1_810' title='bbox 2173 5018 2371 5071; x_wconf 70' lang='lat' dir='ltr'><strong>stu-uia</strong></span> <span class='ocrx_word' id='word_1_811' title='bbox 2404 5020 2753 5084; x_wconf 55' lang='lat' dir='ltr'><strong>saeculorum,</strong></span> <span class='ocrx_word' id='word_1_812' title='bbox 2773 5032 2845 5075; x_wconf 36' lang='lat' dir='ltr'><strong>tet</strong></span> <span class='ocrx_word' id='word_1_813' title='bbox 2876 5022 3043 5075; x_wconf 70' lang='lat' dir='ltr'><strong>Italico</strong></span> <span class='ocrx_word' id='word_1_814' title='bbox 3083 5023 3489 5079; x_wconf 62' lang='lat' dir='ltr'><strong>clavesmorsis</strong></span> 
     </span>
    </p>
   </div>
   <div class='ocr_carea' id='block_1_105' title="bbox 1900 5110 2190 5178">
    <p class='ocr_par' dir='ltr' id='par_1_105' title="bbox 1900 5110 2190 5178">
     <span class='ocr_line' id='line_1_105' title="bbox 1900 5110 2190 5178; baseline -0.007 -15"><span class='ocrx_word' id='word_1_815' title='bbox 1900 5120 1948 5163; x_wconf 85' lang='lat' dir='ltr'><strong>et</strong></span> <span class='ocrx_word' id='word_1_816' title='bbox 1974 5110 2190 5178; x_wconf 76' lang='lat' dir='ltr'><strong>inferni.</strong></span> 
     </span>
    </p>
   </div>
   <div class='ocr_carea' id='block_1_106' title="bbox 1968 5200 3486 5272">
    <p class='ocr_par' dir='ltr' id='par_1_106' title="bbox 1968 5200 3486 5272">
     <span class='ocr_line' id='line_1_106' title="bbox 1968 5200 3486 5272; baseline 0.006 -17"><span class='ocrx_word' id='word_1_817' title='bbox 1968 5200 2113 5255; x_wconf 79' lang='lat' dir='ltr'><strong>Idem</strong></span> <span class='ocrx_word' id='word_1_818' title='bbox 2168 5215 2366 5269; x_wconf 87' lang='lat' dir='ltr'><strong>passus</strong></span> <span class='ocrx_word' id='word_1_819' title='bbox 2436 5210 2520 5255; x_wconf 89' lang='lat' dir='ltr'><strong>est</strong></span> <span class='ocrx_word' id='word_1_820' title='bbox 2578 5202 2862 5272; x_wconf 90' lang='lat' dir='ltr'><strong>apostolus</strong></span> <span class='ocrx_word' id='word_1_821' title='bbox 2914 5203 3059 5272; x_wconf 91' lang='lat' dir='ltr'><strong>quod</strong></span> <span class='ocrx_word' id='word_1_822' title='bbox 3113 5202 3285 5261; x_wconf 81' lang='lat' dir='ltr'><strong>Josue</strong></span> <span class='ocrx_word' id='word_1_823' title='bbox 3341 5206 3486 5264; x_wconf 84' lang='lat' dir='ltr'><strong>ﬁlius</strong></span> 
     </span>
    </p>
   </div>
   <div class='ocr_carea' id='block_1_107' title="bbox 1898 5290 3479 5363">
    <p class='ocr_par' dir='ltr' id='par_1_107' title="bbox 1898 5290 3479 5363">
     <span class='ocr_line' id='line_1_107' title="bbox 1898 5290 3479 5363; baseline 0.006 -19"><span class='ocrx_word' id='word_1_824' title='bbox 1898 5290 2067 5359; x_wconf 82' lang='lat' dir='ltr'><strong>Nave,</strong></span> <span class='ocrx_word' id='word_1_825' title='bbox 2108 5301 2160 5345; x_wconf 88' lang='lat' dir='ltr'><strong>et</strong></span> <span class='ocrx_word' id='word_1_826' title='bbox 2182 5292 2442 5361; x_wconf 85' lang='lat' dir='ltr'><strong>propheta</strong></span> <span class='ocrx_word' id='word_1_827' title='bbox 2476 5291 2664 5347; x_wconf 84' lang='lat' dir='ltr'><strong>Daniel</strong></span> <span class='ocrx_word' id='word_1_828' title='bbox 2707 5312 2720 5347; x_wconf 91' lang='lat'><strong>:</strong></span> <span class='ocrx_word' id='word_1_829' title='bbox 2770 5309 2933 5363; x_wconf 88' lang='lat' dir='ltr'><strong>quem</strong></span> <span class='ocrx_word' id='word_1_830' title='bbox 2968 5296 3198 5363; x_wconf 84' lang='lat' dir='ltr'><strong>proinde</strong></span> <span class='ocrx_word' id='word_1_831' title='bbox 3221 5296 3479 5353; x_wconf 85' lang='lat' dir='ltr'><strong>Christus</strong></span> 
     </span>
    </p>
   </div>
   <div class='ocr_carea' id='block_1_108' title="bbox 1896 5383 3481 5458">
    <p class='ocr_par' dir='ltr' id='par_1_108' title="bbox 1896 5383 3481 5458">
     <span class='ocr_line' id='line_1_108' title="bbox 1896 5383 3481 5458; baseline 0.004 -21"><span class='ocrx_word' id='word_1_832' title='bbox 1896 5385 1969 5439; x_wconf 80' lang='lat' dir='ltr'><strong>ob</strong></span> <span class='ocrx_word' id='word_1_833' title='bbox 2002 5394 2209 5437; x_wconf 67' lang='lat' dir='ltr'><strong>natura:</strong></span> <span class='ocrx_word' id='word_1_834' title='bbox 2238 5383 2670 5438; x_wconf 72' lang='lat' dir='ltr'><strong>imbecillitatem</strong></span> <span class='ocrx_word' id='word_1_835' title='bbox 2697 5385 3092 5452; x_wconf 80' lang='lat' dir='ltr'><strong>corroboravit,</strong></span> <span class='ocrx_word' id='word_1_836' title='bbox 3123 5387 3481 5458; x_wconf 69' lang='lat' dir='ltr'><strong>aliquema-</strong></span> 
     </span>
    </p>
   </div>
   <div class='ocr_carea' id='block_1_109' title="bbox 1899 5475 3482 5549">
    <p class='ocr_par' dir='ltr' id='par_1_109' title="bbox 1899 5475 3482 5549">
     <span class='ocr_line' id='line_1_109' title="bbox 1899 5475 3482 5549; baseline 0.003 -18"><span class='ocrx_word' id='word_1_837' title='bbox 1899 5478 2044 5531; x_wconf 84' lang='lat' dir='ltr'><strong>tione</strong></span> <span class='ocrx_word' id='word_1_838' title='bbox 2076 5477 2465 5543; x_wconf 78' lang='lat' dir='ltr'><strong>compellavit:</strong></span> <span class='ocrx_word' id='word_1_839' title='bbox 2519 5475 2673 5530; x_wconf 83' lang='lat' dir='ltr'><strong>Nilu&#39;l</strong></span> <span class='ocrx_word' id='word_1_840' title='bbox 2716 5487 2920 5531; x_wconf 67' lang='lat' dir='ltr'><strong>melleas</strong></span> <span class='ocrx_word' id='word_1_841' title='bbox 2966 5496 2979 5532; x_wconf 91' lang='lat'><strong>:</strong></span> <span class='ocrx_word' id='word_1_842' title='bbox 3011 5493 3190 5549; x_wconf 78' lang='lat' dir='ltr'><strong>neque</strong></span> <span class='ocrx_word' id='word_1_843' title='bbox 3229 5480 3381 5535; x_wconf 78' lang='lat' dir='ltr'><strong>enim</strong></span> <span class='ocrx_word' id='word_1_844' title='bbox 3411 5483 3482 5535; x_wconf 86' lang='lat' dir='ltr'><strong>ob</strong></span> 
     </span>
    </p>
   </div>
   <div class='ocr_carea' id='block_1_110' title="bbox 1898 5568 3478 5641">
    <p class='ocr_par' dir='ltr' id='par_1_110' title="bbox 1898 5568 3478 5641">
     <span class='ocr_line' id='line_1_110' title="bbox 1898 5568 3478 5641; baseline 0.002 -18"><span class='ocrx_word' id='word_1_845' title='bbox 1898 5570 1949 5623; x_wconf 91' lang='lat' dir='ltr'><strong>id</strong></span> <span class='ocrx_word' id='word_1_846' title='bbox 1982 5570 2087 5623; x_wconf 80' lang='lat' dir='ltr'><strong>huc</strong></span> <span class='ocrx_word' id='word_1_847' title='bbox 2117 5572 2257 5635; x_wconf 87' lang='lat' dir='ltr'><strong>veni,</strong></span> <span class='ocrx_word' id='word_1_848' title='bbox 2289 5577 2349 5623; x_wconf 77' lang='lat' dir='ltr'><strong>ut</strong></span> <span class='ocrx_word' id='word_1_849' title='bbox 2375 5571 2631 5623; x_wconf 70' lang='lat' dir='ltr'><strong>uertite</strong></span> <span class='ocrx_word' id='word_1_850' title='bbox 2656 5568 2877 5625; x_wconf 86' lang='lat' dir='ltr'><strong>dedam.</strong></span> <span class='ocrx_word' id='word_1_851' title='bbox 2924 5568 3295 5626; x_wconf 70' lang='lat' dir='ltr'><strong>Etenisncam</strong></span> <span class='ocrx_word' id='word_1_852' title='bbox 3326 5576 3478 5641; x_wconf 86' lang='lat' dir='ltr'><strong>prin-</strong></span> 
     </span>
    </p>
   </div>
   <div class='ocr_carea' id='block_1_111' title="bbox 1894 5663 3478 5733">
    <p class='ocr_par' dir='ltr' id='par_1_111' title="bbox 1894 5663 3478 5733">
     <span class='ocr_line' id='line_1_111' title="bbox 1894 5663 3478 5733; baseline 0.003 -17"><span class='ocrx_word' id='word_1_853' title='bbox 1894 5663 2020 5731; x_wconf 89' lang='lat' dir='ltr'><strong>cipii</strong></span> <span class='ocrx_word' id='word_1_854' title='bbox 2067 5663 2299 5729; x_wconf 71' lang='lat' dir='ltr'><strong>ﬁnisque</strong></span> <span class='ocrx_word' id='word_1_855' title='bbox 2340 5678 2537 5733; x_wconf 76' lang='lat' dir='ltr'><strong>expers</strong></span> <span class='ocrx_word' id='word_1_856' title='bbox 2592 5678 2807 5726; x_wconf 78' lang='lat' dir='ltr'><strong>essent,</strong></span> <span class='ocrx_word' id='word_1_857' title='bbox 2873 5674 3104 5719; x_wconf 80' lang='lat' dir='ltr'><strong>mortem</strong></span> <span class='ocrx_word' id='word_1_858' title='bbox 3188 5666 3478 5721; x_wconf 76' lang='lat' dir='ltr'><strong>hominum</strong></span> 
     </span>
    </p>
   </div>
   <div class='ocr_carea' id='block_1_112' title="bbox 1894 5755 3480 5827">
    <p class='ocr_par' dir='ltr' id='par_1_112' title="bbox 1894 5755 3480 5827">
     <span class='ocr_line' id='line_1_112' title="bbox 1894 5755 3480 5827; baseline 0.002 -17"><span class='ocrx_word' id='word_1_859' title='bbox 1894 5771 2060 5810; x_wconf 72' lang='lat' dir='ltr'><strong>causa</strong></span> <span class='ocrx_word' id='word_1_860' title='bbox 2095 5755 2238 5810; x_wconf 79' lang='lat' dir='ltr'><strong>ultro</strong></span> <span class='ocrx_word' id='word_1_861' title='bbox 2265 5757 2457 5811; x_wconf 80' lang='lat' dir='ltr'><strong>subire</strong></span> <span class='ocrx_word' id='word_1_862' title='bbox 2482 5770 2591 5808; x_wconf 90' lang='lat' dir='ltr'><strong>non</strong></span> <span class='ocrx_word' id='word_1_863' title='bbox 2622 5756 2911 5812; x_wconf 56' lang='lat' dir='ltr'><strong>dubitavi.</strong></span> <span class='ocrx_word' id='word_1_864' title='bbox 2936 5756 3079 5822; x_wconf 86' lang='lat' dir='ltr'><strong>Quin</strong></span> <span class='ocrx_word' id='word_1_865' title='bbox 3115 5761 3314 5813; x_wconf 86' lang='lat' dir='ltr'><strong>mortis</strong></span> <span class='ocrx_word' id='word_1_866' title='bbox 3344 5774 3480 5827; x_wconf 82' lang='lat' dir='ltr'><strong>qne-</strong></span> 
     </span>
    </p>
   </div>
   <div class='ocr_carea' id='block_1_113' title="bbox 209 5848 3101 5924">
    <p class='ocr_par' dir='ltr' id='par_1_113' title="bbox 209 5848 3101 5924">
     <span class='ocr_line' id='line_1_113' title="bbox 209 5848 3101 5924; baseline 0.002 -24"><span class='ocrx_word' id='word_1_867' title='bbox 209 5868 314 5924; x_wconf 79' lang='lat' dir='ltr'><strong>que</strong></span> <span class='ocrx_word' id='word_1_868' title='bbox 341 5860 396 5907; x_wconf 85' lang='lat' dir='ltr'><strong>et</strong></span> <span class='ocrx_word' id='word_1_869' title='bbox 432 5848 631 5904; x_wconf 75' lang='lat' dir='ltr'><strong>inferni</strong></span> <span class='ocrx_word' id='word_1_870' title='bbox 660 5850 862 5918; x_wconf 84' lang='lat' dir='ltr'><strong>claves,</strong></span> <span class='ocrx_word' id='word_1_871' title='bbox 894 5851 995 5906; x_wconf 87' lang='lat' dir='ltr'><strong>hoc</strong></span> <span class='ocrx_word' id='word_1_872' title='bbox 1018 5861 1122 5919; x_wconf 87' lang='lat' dir='ltr'><strong>est,</strong></span> <span class='ocrx_word' id='word_1_873' title='bbox 1154 5850 1459 5905; x_wconf 81' lang='lat' dir='ltr'><strong>absolutam</strong></span> <span class='ocrx_word' id='word_1_874' title='bbox 1506 5853 1561 5905; x_wconf 88' lang='lat' dir='ltr'><strong>in</strong></span> <span class='ocrx_word' id='word_1_875' title='bbox 1600 5853 1795 5903; x_wconf 65' lang='lat' dir='ltr'><strong>animm</strong></span> <span class='ocrx_word' id='word_1_876' title='bbox 1847 5860 1899 5905; x_wconf 92' lang='lat' dir='ltr'><strong>et</strong></span> <span class='ocrx_word' id='word_1_877' title='bbox 1967 5850 2521 5919; x_wconf 79' lang='lat' dir='ltr'><strong>corporismortem,</strong></span> <span class='ocrx_word' id='word_1_878' title='bbox 2561 5858 2883 5918; x_wconf 80' lang='lat' dir='ltr'><strong>potestatem</strong></span> <span class='ocrx_word' id='word_1_879' title='bbox 2910 5850 3101 5906; x_wconf 78' lang='lat' dir='ltr'><strong>habeo.</strong></span> 
     </span>
    </p>
   </div>
  </div>
