4276 6438
739 367 838 432 231

1918 366 2248 427 ANDRExE
2289 365 2577 426 C/ESARI
2587 365 2806 428 ENSIS

3918 369 4028 437 232

812 479 852 544 l,
886 477 971 539 19,
1006 475 1096 529 ΞΟ.
1127 474 1308 530 Scribe
1340 490 1462 544 ergo
1488 491 1604 545 qua:
1630 475 1831 541 vidisti,
1862 485 1911 528 et
1943 492 2060 545 qua:
2083 486 2230 541 sunt,
2273 484 2323 530 et
2353 485 2404 541 Α
2500 522 2501 525 η

2353 485 2404 541 Α
2500 475 2754 543 Γράψον
2782 472 2897 527 οὖν
2923 471 2960 527 ἅ
2994 468 3170 540 εἶδες,
3211 474 3309 527 καὶ
3360 473 3399 527 ἂ
3444 475 3586 540 είσὶ,
3622 475 3721 539 καὶ
3748 476 3786 530 ἅ
3811 478 4029 546 μέλλει

736 586 853 636 quae
883 581 1085 637 oportet
1112 570 1230 639 ﬁeri
1252 578 1368 638 post
1391 569 1522 623 hare.
1550 568 1953 625 Sacramenta»:
1983 579 2178 636 septem
2201 569 2329 624 stel-

740 662 937 724 larunt,
963 678 1094 732 quas
1126 661 1303 714 vidisti
1336 661 1391 714 in
1436 662 1657 716 dextera
1693 677 1837 725 mea;
1882 672 1931 715 et
1970 673 2164 730 septem
2203 679 2329 716 can-

739 752 959 807 delabra
1011 770 1196 807 aurea.
1256 752 1468 823 Septem
1518 753 1685 806 stella:
1714 793 1728 816 ,
1765 754 1938 823 angeli
1980 765 2103 809 sunt
2135 763 2330 823 septem

749 844 1110 899 Ecciesiarum
1140 860 1158 897 :
1218 856 1263 899 et
1309 843 1633 898 candelabra
1682 855 1902 913 septem,
1960 862 2078 917 qua:
2127 845 2330 912 vidisti,

744 946 935 1005 septem
971 934 1227 990 Ecclesia:
1257 946 1404 990 sunt.

818 1028 1270 1098 Quandoquidem
1312 1029 1404 1082 lux
1429 1042 1555 1083 vera
1600 1039 1683 1083 est
1713 1027 1966 1084 Christus
2004 1044 2016 1079 :
2062 1025 2118 1079 ﬁt
2155 1033 2213 1079 ιιι
2245 1040 2337 1080 co-

747 1122 989 1191 piosiore
1023 1122 1140 1175 lucc
1174 1121 1241 1175 ab
1268 1135 1335 1176 eo
1372 1122 1657 1189 illustrati,
1688 1122 1917 1175 lucerna:
1970 1119 2333 1190 appellentur,

749 1215 906 1283 quasi
950 1212 1236 1282 prtesentis
1272 1212 1393 1268 vita:
1439 1222 1653 1268 noctem
1702 1213 1814 1282 jam
1859 1214 2029 1265 exuti.
2077 1209 2339 1264 Lacernae

754 1322 972 1361 rursum
1031 1305 1175 1360 haud
1245 1306 1573 1361 inconcinne
1622 1316 1887 1360 vocantur
1938 1305 2230 1370 Ecclesiae;
2282 1312 2341 1357 ut

755 1414 874 1469 qua:
904 1399 1087 1453 stellas
1112 1398 1383 1467 ejusmodi
1414 1400 1553 1452 intra
1584 1414 1640 1453 se
1671 1397 1908 1464 foveant,
1928 1412 2051 1466 qua:
2079 1396 2203 1450 vita:
2224 1412 2345 1449 ver-

758 1493 883 1545 hum
944 1491 1095 1560 juxta
1133 1491 1376 1561 Apostoli
1440 1490 1761 1545 sententiam
1822 1488 2092 1543 obtinent.
2153 1488 2343 1542 Aurea:

759 1595 938 1637 autem
995 1584 1198 1639 eaedem
1253 1584 1478 1637 lucerna:
1528 1594 1582 1636 ct
1643 1583 1761 1652 ipsa
1812 1584 1977 1637 etiam
2021 1583 2341 1637 candelabra

758 1678 1037 1741 dicuntur,
1069 1678 1134 1730 ad
1171 1676 1505 1730 innuendam
1546 1676 1879 1745 singularem
1912 1677 2128 1729 illorqu
2163 1675 2345 1729 excel-

760 1767 1391 1835 lentiam,eximiamque
1431 1766 1577 1831 ﬁdei,
1608 1782 1730 1836 qua:
1774 1766 1827 1819 in
1855 1766 1988 1835 ipsis
2024 1766 2186 1835 viget,
2230 1765 2345 1819 siu—

2432 566 2715 631 τενέσθαι
2765 564 2918 634 μετὰ
2964 564 3171 620 ταῦτα.
3237 564 3313 619 Τό
3351 569 3696 635 μυστήριον
3723 568 3843 621 τῶν
3878 570 4031 623 ἑπτὰ

2434 660 2706 727 ἀστέρων
2738 654 2827 713 ὧν
2872 655 3032 724 εἶδες
3074 658 3172 712 ἐπὶ
3217 657 3329 726 τῆς
3359 657 3565 725 δεξιᾶς
3594 678 3737 728 μου,
3775 661 3872 713 καί
3922 664 4033 728 τὰς

2433 750 2584 804 ἑπτὰ
2635 749 2896 818 λυχνίας
2965 748 3075 814 τὰς
3117 747 3392 817 χρυσᾶςο
3440 752 3495 802 ol
3547 750 3703 804 ἑπτὰ
3750 750 4031 818 ἀστέρες.

2435 843 2678 913 ἄγγελοι
2700 839 2822 897 τῶν
2857 840 3011 896 ἑπτὰ
3057 842 3434 910 Ἐκκλησιῶν
3473 844 3592 897 εἱσι
3616 860 3631 874 ⁸
3666 844 3766 897 καὶ
3793 847 3853 898 al
3882 845 4037 898 ἑπτὰ

2436 938 2685 1005 λυχνίαι
2711 934 2781 1002 ἅς
2812 931 2991 1002 εἶδες,
3024 934 3176 989 ἑπτὰ
3218 935 3567 1002 Ἐκκλησίαι
3604 937 3784 989 εισίν.

2521 1029 2740 1100 Ἐπειδὴ
2784 1029 2839 1081 δὲ
2870 1028 2985 1096 φῶς
3016 1026 3271 1098 ἀληθινὸν
3298 1029 3327 1080 ὁ
3355 1027 3619 1098 Χριστὸς,
3651 1026 3844 1080 τούτου
3872 1028 4036 1098 χάριν

2439 1120 2645 1189 λύχνοι,
2672 1122 2720 1172 οἱ
2749 1120 2840 1173 τὸν
2874 1117 3043 1173 αὐτοῦ
3070 1118 3435 1181 πλουτοῦντες
3463 1118 3800 1186 φωτισμὸν,
3839 1118 3917 1181 ὡς
3933 1118 4037 1188 τὴν

2442 1212 2612 1266 νύκτα
2644 1212 2739 1266 τοῦ
2792 1213 3061 1283 παρόντος
3107 1210 3227 1281 βίου
3262 1211 3743 1281 καταλάμποντες.
3794 1212 4029 1281 Λυχνίαι

2442 1306 2498 1359 δὲ
2554 1306 2785 1367 εἰκότως
2838 1307 2895 1358 αἱ
2972 1303 3292 1375 Ἑκκλησίαι
3339 1302 3722 1373 ὀνομάζονται,
3776 1302 3853 1365 ὡς
3907 1304 4038 1364 τοῦς

2445 1399 2740 1468 φωστῆρας
2795 1396 3057 1467 ἔχουσαι,
3114 1396 3241 1459 τοὺς
3288 1395 3448 1464 λόγον
3508 1394 3656 1464 ζωῆς
3711 1396 4035 1464 ἐπέχοντας,

2448 1488 2591 1543 κατὰ
2638 1488 2729 1541 τὸν
2762 1487 3105 1541 Ἀπόστολον.
3138 1486 3370 1556 Χρυσοῒ
3413 1486 3469 1539 δὲ
3504 1487 3561 1539 οἵ
3600 1502 3658 1538 τε
3688 1488 3907 1555 λύχνοι
3934 1488 4038 1539 καὶ

2445 1586 2505 1636 al
2532 1583 2799 1651 λυχνίαι,
2830 1581 2920 1634 διὰ
2961 1583 3021 1634 τὸ
3045 1581 3227 1651 τίμιον
3260 1580 3357 1633 καὶ
3391 1579 3687 1648 ἀκίϐδηλον
3712 1579 3815 1648 τῆς
3838 1583 3895 1631 ἐν
3924 1580 4030 1631 αὺ-

2445 1678 2559 1737 τοῖς
2590 1674 2845 1736 πίστεως.
2891 1672 3114 1726 Τούτων
3148 1674 3205 1727 δὲ
3257 1672 3468 1744 ἑκάστῃ
3523 1671 3779 1741 ἄγγελος
3830 1672 4040 1739 φύλαξ

2448 1766 2743 1837 ἐφέστηκε,
2772 1764 2957 1829 καθώς
2998 1783 3164 1836 φησιν
3198 1767 3226 1819 ὁ
3257 1766 3463 1836 Κύριος
3487 1779 3502 1795 ⁸
3553 1764 3648 1817 καὶ
3698 1765 3727 1817 ὁ
3773 1763 4041 1831 Θεολόγος

760 1860 1060 1912 ceritatem.
1095 1858 1336 1928 Singulis
1390 1874 1578 1927 porro,
1616 1867 1675 1912 nt
1736 1856 2002 1912 Dominus
2028 1858 2231 1913 alicubi
2267 1858 2349 1912 in-
2376 1854 2423 1914 B

2376 1854 2423 1914 Β
2450 1859 2507 1912 δὲ
2535 1859 2839 1929 Γρηγόριος
2874 1857 3063 1931 [οὕτω]
3103 1857 3164 1910 τὸ
3196 1857 3371 1928 παρὸν
3422 1855 3648 1925 νενόηκε
3693 1855 3995 1923 κεφάλαιον
4024 1872 4037 1884 ⁸

760 1954 962 2017 sinuat,
990 1961 1043 2005 et
1070 1951 1366 2021 Gregorius
1421 1951 1755 2022 Theologus,
1808 1951 1936 2005 dum
1972 1967 2210 2021 praesens
2241 1952 2344 2005 hoc

758 2054 922 2113 caput
950 2044 1223 2107 edisserit,
1252 2044 1563 2107 conﬁrmat,
1595 2046 1823 2113 angelus
1869 2053 2056 2101 custos
2092 2045 2345 2114 praiposi-

2454 1950 2547 2015 οὓς
2580 1950 2859 2021 τροπικῶς
2889 1950 3125 2021 ἀστέρας
3160 1948 3250 2002 διὰ
3279 1948 3342 2002 τὸ
3371 1946 3633 2019 φωτεινδν
3668 1947 3761 2001 καὶ
3797 1945 4045 2015 καθαρὸν

2451 2045 2549 2114 τῆς
2575 2043 2790 2113 φύσεως
2830 2043 3105 2112 ὠνόμασε.

764 2147 848 2189 tus
905 2146 1006 2190 νει.
1065 2134 1177 2191 llos
1236 2146 1417 2190 autem
1474 2136 1688 2207 angelos
1758 2138 2001 2193 custodes
2062 2138 2132 2194 ob
2192 2149 2400 2192 naturae
2450 2138 2775 2204 claritatem,
2828 2136 3060 2206 vitaeque
3122 2136 3467 2192 sanctitatem
3526 2148 3581 2192 et
3630 2133 4041 2197 castimoniam,

760 2231 1170 2301 tropoquodam
1204 2230 1484 2285 stellarum
1520 2246 1650 2287 voce
1671 2232 2011 2290 denominat.

1348 2375 1598 2431 CAPUT.
1642 2376 1727 2432 ΙΙΙ.

893 2490 975 2542 Ad
1002 2489 1281 2559 Ephesiae:
1317 2491 1571 2547 Ecclesia:
1597 2494 1843 2564 angelum
1878 2494 2169 2551 destinata.

830 2687 892 2748 ll,
926 2689 974 2741 Ι.
1019 2687 1085 2741 Et
1121 2688 1307 2759 angelo
1344 2687 1541 2757 Ephesi
1578 2688 1834 2744 Ecclesia:
1864 2691 2079 2745 scribe:
2117 2690 2242 2745 llarc
2266 2693 2342 2745 di-

760 2785 829 2835 cit
853 2784 943 2853 qui
971 2793 1104 2837 tenet
1139 2795 1334 2854 septem
1360 2785 1546 2840 stellas
1572 2786 1626 2840 in
1659 2787 1882 2841 dextera
1909 2805 2008 2842 sua
2032 2806 2052 2854 ;
2098 2791 2191 2860 qui
2237 2807 2347 2844 an:-

760 2878 904 2928 bulat
940 2877 993 2929 in
1026 2877 1196 2931 medio
1226 2887 1422 2947 septem
1451 2878 1892 2934 candelabrorum
1929 2898 2237 2938 aureorum.

834 3051 939 3106 Per
967 3053 1219 3123 angelum
1269 3054 1568 3112 Ecclesiam
1606 3058 1833 3128 perinde
1862 3058 1979 3115 fere
2007 3061 2225 3127 aﬂatur,
2263 3071 2349 3116 at-

3060 2378 3317 2432 ΚΕΦΛΛ.
3359 2374 3432 2431 I".

2462 2492 2542 2547 Τὰ
2600 2493 2974 2564 γεγραμμένα
3023 2490 3172 2564 πρὸς
3223 2490 3332 2564 τόν
3392 2489 3503 2557 τῆς
3549 2489 3838 2560 Ἐφεσίων
3906 2489 4045 2543 Ἐκ-

2952 2563 3216 2629 κλησίας
3265 2562 3545 2630 ἄγγελον.

2523 2698 2613 2765 Τῷ
2648 2700 2885 2771 ἀγγέλῳ
2931 2698 3040 2769 τῆς
3073 2698 3143 2752 ἐν
3184 2698 3421 2768 Ἐφέσῳ
3479 2697 3845 2764 Ἐκκγησίας
3898 2697 4045 2767 πρά-

2448 2798 2574 2864 ψον
2598 2810 2612 2825 ⁸
2658 2794 2803 2848 Τάδε
2823 2794 2985 2864 λέγει
3015 2796 3047 2848 ό
3074 2791 3307 2861 κρατῶν
3331 2792 3474 2858 τοὺς
3499 2792 3648 2844 ἑπτὰ
3674 2790 3941 2858 ἀστέρας
3972 2792 4047 2843 ἐν

2450 2886 2526 2955 τῇ
2565 2885 2738 2955 δεξιᾷ
2765 2882 2953 2942 αὑτοῦ
2987 2890 3019 2940 ό
3067 2883 3410 2956 περιπατῶν
3440 2885 3508 2938 ἐν
3531 2883 3703 2955 μέσῳ
3747 2882 3867 2937 τῶν
3893 2884 4048 2938 ἑπτὰ

2457 2975 2728 3047 λυχνιῶν
2754 2973 2873 3029 τῶν
2900 2974 3169 3045 χρυσῶν.

2527 3069 2626 3122 Διὰ
2657 3067 2748 3121 τοῦ
2783 3070 3019 3136 ἀγγέλου
3043 3072 3109 3138 τῇ
3151 3067 3449 3139 Ἐκκλησία
3489 3067 3821 3135 διαλέγεται,
3853 3066 4047 3135 ὥσπερ

761 3141 943 3240 quasi
985 3145 1112 3240 quis
1160 3160 1256 3240 per
1306 3147 1662 3240 paedagogum
1690 3151 1856 3204 verba
1902 3151 1971 3205 ad
2001 3152 2153 3207 illum
2182 3151 2348 3208 faciat
2379 3181 2422 3240 ο

2379 3181 2422 3240 c
2457 3163 2522 3217 ἄν
2540 3180 2623 3225 τις
2650 3161 2738 3215 διὰ
2762 3162 3117 3229 παιδαγωγοῦ
3139 3161 3216 3231 τῷ
3236 3160 3767 3230 παιδαγωγουμένῳ.
3794 3158 4046 3213 Οἰκειοῦ-

761 3235 853 3299 ιμιὶ
881 3235 1073 3291 litteris
1108 3237 1345 3306 primum
1380 3239 1667 3295 imbuitur.
1702 3241 1892 3298 Solent
1941 3259 2180 3315 namque
2207 3260 2349 3315 prte-

762 3336 1034 3393 (Ἔνιοι-οε.
1084 3341 1209 3395 quas
1261 3327 1660 3398 discipulorum
1701 3340 1851 3396 sunt,
1908 3331 1961 3385 in
1994 3346 2055 3387 se
2096 3347 2353 3386 nonnun-

763 3431 928 3483 quam
962 3416 1257 3473 transferre
1283 3458 1298 3482 ,
1345 3418 1460 3474 sive
1498 3435 1562 3474 ea
1594 3430 1772 3476 errata
1800 3420 2021 3487 iuerint,
2070 3423 2185 3478 sive
2216 3438 2354 3493 prae-

764 3508 914 3562 clara
944 3524 1165 3580 quoque
1193 3509 1461 3566 facinora.
1494 3510 1760 3568 Nituutur
1776 3515 1924 3569 enim
1960 3515 2017 3570 hi
2043 3516 2350 3588 discipulos

764 3603 943 3668 quoad
969 3600 1085 3670 ejus
1141 3603 1256 3658 tieri
1303 3613 1500 3673 potest,
1542 3607 1751 3662 similes
1785 3608 1890 3662 sibi
1930 3608 2179 3664 reddere.
2217 3607 2353 3663 Pro-

766 3693 946 3747 babile
974 3693 1031 3747 lit
1064 3705 1247 3748 autem
1270 3711 1367 3766 per
1385 3707 1581 3766 septem
1609 3700 1793 3754 stellas
1824 3711 2078 3771 septemve
2115 3703 2351 3774 angelos,

765 3800 906 3854 quos
936 3782 1169 3839 Irena-us
1183 3795 1237 3839 et
1260 3786 1597 3858 Epiphanius
1627 3789 2050 3861 intelligentiam
2085 3794 2351 3849 caelorum

768 3876 989 3929 nomine
1015 3876 1215 3931 alicubi
1260 3880 1597 3949 exprimunt,
1638 3882 1810 3936 totius
1854 3884 2099 3940 universi
2153 3886 2354 3956 guber-

766 3968 1065 4034 nationem,
1123 3986 1246 4040 qua:
1302 3970 1357 4025 in
1399 3973 1622 4027 dextera
1669 3973 1895 4042 Christi,
1965 3976 2109 4032 sicut
2165 3993 2355 4035 omnes

766 4074 985 4129 quoque
1042 4071 1199 4116 terrae
1250 4063 1404 4129 lines,
1455 4065 1559 4118 sita
1589 4073 1693 4125 est.
1731 4066 1837 4121 hoc
1876 4066 1999 4121 loco
2032 4069 2351 4139 signiﬁcari.

2456 3254 2580 3306 σθαι
2628 3252 2737 3323 γὰρ
2778 3254 2805 3305 ὁ
2850 3251 3166 3316 διδάσκαλος
3228 3253 3297 3306 τὰ
3324 3252 3420 3306 τοῦ
3482 3251 3726 3322 μαθητοῦ
3775 3253 4046 3321 πέφυκεν,

2451 3344 2561 3397 εἴτε
2592 3346 2941 3413 ἐγκλήματα,
2996 3346 3104 3398 εἴτε
3165 3345 3594 3416 κατορθώματα,
3644 3346 3739 3399 az;
3797 3344 4049 3396 σπεύδων

2453 3436 2736 3507 ἐξομοιοῦν
2772 3437 2954 3507 ἑαυτῷ
2981 3437 3072 3489 τὸν
3098 3437 3507 3507 διδασκόμενον.
3538 3438 3698 3499 Εἰκὸς
3724 3438 3781 3489 δὲ
3810 3437 3901 3490 διὰ
3926 3433 4050 3489 τῶν

2452 3527 2602 3581 ἑπτὰ
2623 3528 2917 3596 ἀστέρων,
2952 3527 3143 3596 ἤγουν
3177 3527 3343 3600 [τῶν]
3374 3528 3665 3597 ἀγγέλων,
3705 3528 3813 3579 τῶν
3845 3530 3904 3579 ἐν
3936 3530 4053 3592 τοῖς

2458 3622 2781 3691 εἰρημένοις
2814 3622 3092 3692 Εἰρηναίῳ
3119 3622 3214 3674 καὶ
3252 3620 3564 3692 Ἐπιφανίῳ
3590 3623 3701 3683 τοῖς
3730 3620 4052 3691 μακαρίοις,

2460 3712 2602 3765 ἑπτὰ
2626 3712 2901 3783 οὐρανοῖς,
2926 3711 3162 3781 λογικῶν
3197 3712 3410 3776 τάξεων
3454 3712 3753 3780 δηλοῦσθαι
3785 3712 3886 3781 τὴν
3935 3711 4053 3763 δια.

2461 3803 2757 3872 κόσμησιν,
2797 3805 2857 3856 έν
2891 3806 2957 3874 τῇ
3002 3803 3152 3874 δεξιᾷ
3188 3803 3284 3858 τοῦ
3312 3805 3551 3872 Χριστοῦ
3576 3805 3843 3874 κειμένην
3868 3821 3883 3835 ⁸
3931 3806 3990 3856 ὲν

2458 3894 2552 3945 καὶ
2579 3894 2649 3945 τὰ
2672 3892 2774 3963 τῆς
2818 3896 2923 3963 γῆς
2948 3894 3162 3962 πέρατα
3190 3910 3205 3925 ⁸
3236 3893 3334 3947 τοῦ
3366 3896 3461 3949 καὶ
3491 3897 3549 3948 ὲν
3585 3896 3737 3965 μέσῳ
3774 3895 3886 3947 τῶν
3925 3896 4052 3948 Ἐκ-

2455 3982 2697 4053 κλησιῶν
2757 3985 3213 4055 περιπατοῦντος,
3303 3986 3448 4040 κατὰ
3506 3990 3607 4058 τὴν
3655 3987 3867 4041 οἰκείαν
3923 3987 4053 4040 ὑπό-

2457 4092 2664 4146 σχεσιν.

769 4149 1135 4244 Siquidemis
1189 4160 1273 4244 est
1313 4155 1405 4221 qui
1455 4154 1613 4224 juxta
1648 4160 2068 4225 promissionem
2111 4176 2269 4216 suam
2298 4163 2351 4218 in
2395 4168 2575 4222 medio
2628 4166 3003 4226 Ecclesiarum
3066 4171 3335 4238 ambulat,
3366 4173 3744 4244 mundumque
3793 4186 3891 4243 per
3922 4187 4047 4228 san-

768 4252 890 4299 etos
921 4243 1147 4314 angelos
1182 4243 1555 4302 administrat.

841 4356 907 4421 ll,
936 4358 1057 4413 ‘2-5.
1097 4358 1221 4413 Scio
1243 4376 1404 4430 opera
1455 4372 1551 4416 tua
1577 4372 1627 4417 et
1654 4363 1912 4431 laborem,
1945 4376 1996 4421 et
2040 4370 2354 4437 patientiam

771 4459 957 4512 tuam;
988 4461 1036 4503 et
1073 4451 1197 4520 quia
1237 4468 1337 4505 non
1367 4463 1514 4521 potes
1540 4458 1801 4511 sustinere
1833 4458 2026 4526 malos,
2055 4470 2106 4514 et
2135 4465 2353 4516 tentasti

2538 4371 2682 4430 Οτδα
2714 4376 2787 4430 τὰ
2811 4377 2954 4447 ἔργα
2983 4393 3124 4443 σου,
3163 4379 3262 4432 καὶ
3287 4379 3395 4433 τὸν
3420 4379 3613 4432 κόπον
3641 4395 3781 4441 σου,
3810 4379 3907 4432 καί
3937 4379 4055 4447 τὴν

2462 4470 2783 4537 ὑπομονήν
2801 4485 2919 4524 σου
2946 4485 2960 4499 ⁸
2993 4471 3093 4524 καὶ
3147 4471 3238 4524 ὅτι
3295 4474 3367 4526 οὐ
3406 4472 3562 4540 δύνῃ
3586 4472 3903 4536 βαστάσαι
3944 4491 4053 4527 κα-

768 4557 854 4595 eos
878 4542 969 4611 qui
992 4544 1177 4596 dicunt
1204 4560 1258 4598 se
1285 4546 1554 4614 apostolos
1588 4564 1723 4614 esse,
1754 4559 1804 4603 et
1836 4567 1939 4605 non
1966 4563 2112 4617 sunt,
2137 4564 2186 4608 et
2216 4557 2359 4609 inre-
2391 4531 2436 4586 ί)

2391 4531 2436 4586 D
2464 4531 2647 4629 κούς⁸
2682 4531 2780 4617 καὶ
2837 4565 3165 4632 ἐπείρασας
3196 4565 3339 4631 τοὺς
3389 4531 3684 4633 λέγοντας
3748 4565 4052 4642 Ῐέαυτοὺς]

774 4640 902 4692 nisti
927 4656 1012 4692 eos
1046 4641 1320 4694 mendaces
1345 4658 1363 4695 :
1402 4653 1451 4697 et
1484 4644 1541 4714 θ
1564 4647 1877 4714 patientiam
1905 4649 2089 4717 habes,
2116 4661 2165 4704 et
2193 4654 2356 4706 susti-

773 4731 939 4784 nuisti
965 4741 1177 4800 propter
1225 4750 1415 4788 nomen
1469 4752 1665 4802 meum,
1702 4750 1751 4793 et
1806 4757 1914 4794 non
1942 4743 2206 4811 deiecisti.
2254 4744 2358 4800 Sed

772 4823 937 4877 habeo
993 4825 1271 4880 adversum
1318 4838 1366 4881 te
1411 4845 1605 4897 pauca,
1667 4835 1805 4903 quod
1854 4835 2168 4892 charitatem
2210 4850 2357 4893 tuam

774 4918 1002 4985 primum
1031 4918 1314 4987 reliquisti.
1344 4920 1545 4975 Memor
1574 4934 1685 4977 esto
1707 4926 1886 4995 itaque
1906 4931 2043 4984 unde
2069 4933 2355 4997 excideris,

773 5018 821 5061 et
846 5026 939 5079 age
970 5012 1354 5081 paenitentiam,
1373 5028 1421 5068 et
1452 5017 1627 5085 prima
1657 5034 1817 5086 opera
1854 5020 1966 5089 fac.

849 5299 1214 5371 Ephesiorum
1248 5302 1553 5360 Ecclesiam
1591 5306 1659 5363 de
1680 5309 1898 5366 duobus
1930 5312 2173 5366 tribusve
2216 5329 2364 5367 sum-

780 5395 968 5447 matim
1010 5398 1389 5463 commendat;
1416 5399 1633 5453 de-uno
1682 5412 1865 5455 autem
1925 5404 2161 5470 incusat,
2195 5405 2361 5473 idque

780 5486 833 5539 in
868 5486 1050 5540 medio
1076 5486 1333 5541 collocat.
1363 5489 1574 5544 Etenim
1626 5491 1969 5546 tolerantiam
2005 5493 2362 5563 laboremque

779 5588 834 5632 et
912 5580 1220 5635 molestiam
1281 5598 1440 5651 quam
1506 5600 1603 5653 pro
1652 5586 1757 5641 lide
1816 5597 2164 5657 susceperat;
2240 5598 2358 5643 tum

780 5671 964 5724 odium
994 5687 1236 5743 quoque,
1268 5690 1379 5744 quo
1420 5676 1791 5743 improborum
1853 5681 2059 5734 scelera
2092 5688 2149 5734 et
2181 5680 2361 5749 impo-

783 5772 967 5817 sturas
1001 5769 1450 5837 persequebatur,
1504 5772 1706 5825 laudat.
1758 5771 1968 5826 Laudat
2016 5789 2171 5844 atque
2219 5774 2363 5842 quod

786 5878 895 5915 non
928 5863 1079 5917 omni
1106 5862 1323 5933 spiritui
1354 5866 1512 5921 tidem
1546 5865 1779 5932 habeat;
1813 5881 1999 5921 verum
2040 5866 2091 5921 iu
2129 5882 2227 5923 eos
2267 5867 2361 5936 qui

2458 4655 2845 4722 ἀποστόλους
2877 4653 3052 4721 εἶναι,
3092 4658 3193 4711 καὶ
3245 4660 3356 4712 οὐκ
3388 4660 3511 4711 εἰσί
3535 4675 3550 4689 ⁸
3601 4658 3700 4711 καὶ
3743 4655 3920 4731 εὗρες
3943 4662 4054 4712 αὺ-

2460 4747 2602 4810 τυὺς
2636 4747 2919 4815 ψευδεῖς,
2970 4748 3068 4801 καί
3139 4748 3518 4816 ἐϐάστασαςο
3586 4749 3687 4802 καὶ
3728 4749 4055 4817 ὑπομονὴν

2458 4839 2620 4907 ἔχεις
2652 4839 2749 4892 διὰ
2778 4840 2847 4893 τὸ
2900 4840 3089 4909 ὄνομά
3118 4859 3262 4910 μου,
3331 4842 3431 4895 καὶ
3489 4841 3609 4914 [οὐ]
3658 4843 4049 4908 κεκοπίακας.

2473 4930 2627 4985 Ἀλλ’
2657 4932 2776 5001 ἔχω
2818 4932 2969 4986 κατὰ
3010 4932 3147 4996 σοῦ,
3203 4934 3291 4986 ὅτι
3333 4932 3451 5001 τὴν
3493 4933 3739 5002 ἀγάπην
3782 4948 3901 4987 σου
3935 4932 4053 4999 τὴν

2461 5026 2702 5097 πρώτην
2761 5030 3024 5098 ἀφῆκας.
3072 5030 3426 5098 Μνημόνευε
3484 5025 3600 5085 οὖν
3641 5030 3830 5085 πόθεν
3874 5030 4038 5083 ἐκπέ-

2460 5135 2734 5187 strumae,
2794 5122 2890 5174 καὶ
2927 5122 3331 5191 μετανόησον,
3375 5124 3472 5176 καὶ
3531 5123 3605 5177 τὰ
3653 5120 3855 5191 πρῶτα
3908 5121 4058 5190 ἔργα

2461 5213 2741 5279 ποίησον.

2546 5307 2635 5357 Ἐν
2663 5306 2783 5358 δυσὶ
2813 5308 2868 5358 δὲ
2902 5308 2997 5377 τὴν
3040 5308 3373 5377 Ἐκκλησίαν
3416 5309 3841 5379 ἀποδεχόμενος,
3873 5308 3931 5361 ὲν
3970 5310 4054 5360 ἔνι

2462 5398 2637 5470 ταύτῃ
2668 5401 3091 5470 καταμέμφεται
3122 5416 3135 5429 ⁸
3158 5401 3186 5451 δ
3210 5404 3307 5455 καὶ
3335 5401 3505 5471 μέσον
3535 5402 3803 5466 τέθεικεν,
3834 5403 3905 5455 τὰ
3930 5418 4058 5453 κετ-

2464 5490 2765 5559 ορθώματα
2815 5491 2929 5554 θεὶς
2982 5493 3361 5563 ἑκατέρωθεν
3432 5494 3525 5547 τὸν
3579 5494 3677 5564 μὲν
3740 5492 3913 5545 κόπον
3961 5493 4057 5543 καὶ

2463 5584 2563 5652 τὴν
2590 5586 2729 5656 ὑπὲρ
2757 5588 2856 5655 τῆς
2893 5587 3133 5651 πίστεως
3165 5588 3468 5660 ὑπομονὴν,
3503 5590 3597 5640 καὶ
3626 5587 3724 5657 τὴν
3758 5587 3897 5650 πρὸς
3924 5587 4053 5645 τοῦς

2466 5680 2670 5743 κακοὺς
2728 5682 2897 5750 αὐτῆς
2951 5684 3307 5752 ἀλλοτρίωσιν
3362 5684 3628 5755 ἐπῄνεσεν
3665 5699 3677 5712 ⁸
3723 5684 3811 5735 ὃτι
3864 5698 3927 5733 τε
3974 5679 4053 5748 μὴ

2468 5773 2634 5825 παντὶ
2682 5775 3026 5828 πιστεύσασα
3062 5778 3380 5846 Πνεύματι,
3421 5778 3681 5845 ἐπείρασε
3730 5776 3856 5835 τοὺς
3898 5773 4059 5840 ψευδ-

2468 5868 2795 5932 αποστόὶονς
2831 5884 2843 5897 ·
2883 5870 2975 5923 καὶ
3022 5870 3226 5938 γνοῦσα
3272 5872 3487 5940 ςαευδεῖς
3537 5871 3755 5933 αὐτοὺς,
3792 5869 4049 5937 ἀπεπέμ-
