4276 6438
252 421 363 482 233
1225 413 1830 473 COMMENTARIUS
1870 413 1949 472 ΙΝ
1996 415 2524 476 APOCALYPSIN.
3413 415 3508 487 23f,

252 537 397 604 ςατο
425 551 439 566 ⁸
483 534 616 604 πρὸς
673 533 726 585 δὲ
761 532 956 602 τούτῳ,
987 534 1068 585 ὅτι
1112 534 1205 585 καὶ
1234 536 1301 587 τὰ
1347 535 1480 604 ἔργα
1509 535 1616 587 τῶν
1648 537 1842 606 αἰσχρ-
1871 549 1894 604 Α

1890 549 2047 604 ιντο
2099 530 2360 603 apostolis
2400 545 2459 584 se
2503 525 2881 588 venditabant,
2917 525 3204 593 diligenter
3256 527 3517 596 inquirat,

252 625 474 696 ουργῶν
531 624 872 677 Νικολαϊτῶν
919 623 1248 694 μεμίσηκεν.
1322 625 1713 694 Ἐπεμέμψατο
1769 626 1848 691 δὲ,

1950 629 2228 695 falsosque
2275 632 2583 690 compertos
2634 619 2932 689 prudenter
2994 618 3264 687 repudiet.
3314 617 3525 671 Laudat

252 723 337 772 ὅτι
387 719 488 789 τὴν
544 717 681 787 πρὸς
742 718 833 768 τὸν
893 717 1122 786 πλησίον
1183 718 1405 787 ἀγάπην
1445 719 1541 772 καὶ
1599 717 1848 771 εὐποιίαν

1949 717 2168 772 tandem
2193 714 2337 783 quod
2375 713 2587 780 impura
2619 710 3016 765 Nicolaitarum
3047 724 3214 779 opera
3245 723 3524 767 aversetur

255 811 474 880 ἐχλξςινε
505 827 518 839 ·
558 810 694 881 πρὸς
725 809 793 878 ἣν
834 809 1004 880 αὐτὴν
1041 807 1250 879 [πάλιν]
1286 811 1375 863 διὰ
1422 811 1531 862 τῶν
1569 811 1693 881 ἑξῆς
1753 812 1846 862 ἀν-

1945 811 2239 880 palamque
2278 807 2601 862 detestetur.
2638 804 2706 858 At
2734 817 2863 857 vero
2901 802 3050 871 quod
3099 802 3332 870 primam
3395 800 3529 860 dile-

262 888 593 953 εχαλέσατω
619 901 685 953 δι’
710 894 784 953 ὧν
819 917 950 971 φησι
985 918 1000 933 ο
1035 903 1111 958 Τὰ
1145 899 1347 968 πρῶτα
1379 903 1523 971 ἔργα
1556 904 1842 972 ποίησον.

1945 903 2208 963 ctionem,
2254 899 2581 965 solitamque
2641 912 2766 966 erga
2835 909 3037 966 egenos
3117 892 3528 948 beneﬁcentiam

256 993 578 1055 remissius,
610 1008 775 1062 quam
810 1010 906 1063 par
935 1003 1075 1058 erat,
1097 1004 1400 1056 exerceret,
1428 993 1480 1047 id
1501 994 1634 1049 vitio
1665 996 1827 1048 vertit
1861 1012 1873 1046 :
1913 994 1980 1049 ad
2009 1007 2171 1063 quam
2231 991 2461 1060 proinde
2505 990 2652 1044 illam
2679 990 2857 1043 denuo
2904 1001 3166 1042 revocare
3203 983 3480 1040 contendit
3516 1001 3528 1048 _:

259 1086 370 1138 hue
407 1101 642 1154 namque
697 1086 934 1156 pertinet
993 1082 1353 1138 comminatio
1395 1098 1561 1153 quam
1621 1098 1747 1139 mox
1775 1082 2084 1159 subiungit,
2157 1090 2211 1134 et
2259 1080 2422 1135 verba
2477 1080 2749 1148 illazAge
2817 1080 3204 1146 pwuitentiam,
3269 1077 3532 1142 etprima

259 1194 423 1246 opera
452 1180 642 1247 facito.
1888 1165 1894 1169 i

331 1278 399 1327 Ei
430 1274 499 1327 δὲ
535 1275 644 1344 μὴ,
681 1274 931 1344 ἔρχομαί
969 1289 1070 1327 σοι
1106 1275 1280 1344 ταχὺ,
1312 1274 1414 1327 καὶ
1464 1275 1694 1341 κινήσω
1740 1277 1852 1344 τὴν

2034 1272 2105 1335 ΙΙ,
2146 1274 2197 1336 5,
2235 1273 2288 1326 6.
2329 1272 2425 1326 Sin
2491 1281 2690 1335 autem,
2746 1273 2950 1324 veniam
3006 1271 3100 1323 tibi
3177 1273 3302 1334 cito,
3329 1282 3378 1324 ct
3420 1288 3535 1323 mo-

260 1369 532 1437 .luzrlar
561 1382 679 1422 σου
711 1367 804 1438 [ἐκ
835 1369 942 1422 τοῦ
982 1370 1172 1429 τόπου
1225 1368 1462 1441 αὑτῆς],
1492 1371 1601 1423 ἐὰν
1639 1368 1725 1439 μὴ
1751 1388 1856 1439 με·

1957 1369 2079 1423 vebo
2118 1368 2497 1422 candelabrum
2546 1376 2694 1417 tuum
2735 1366 2797 1417 de
2828 1367 2940 1418 loco
2981 1381 3101 1427 suo,
3148 1365 3250 1416 nisi
3285 1368 3536 1432 pmnitcn.

263 1461 598 1527 τεινοήσῃς.
653 1459 829 1513 Ἀλλὰ
869 1458 1052 1512 τοῦτο
1081 1461 1243 1528 ἔχεις
1273 1461 1362 1515 ὅτι
1390 1462 1590 1531 μισεῖς
1622 1461 1694 1514 τὰ
1719 1462 1860 1532 ἔργα

1959 1463 2090 1515 tiam
2111 1464 2296 1531 egeris.
2339 1459 2441 1515 Sed
2463 1460 2559 1513 hoc
2605 1460 2786 1526 habes,
2817 1460 2942 1529 quia
2967 1459 3126 1511 odisti
3163 1458 3310 1527 facta
3367 1457 3536 1516 Nico-

263 1551 387 1605 τῶν
417 1553 814 1616 Νικολαϊτῶν,
847 1553 885 1605 ἂ
922 1554 1084 1622 κάγὼ
1104 1553 1285 1623 μισῶ.

1955 1553 2246 1614 laitarum;
2277 1567 2400 1620 qua:
2429 1560 2477 1604 et
2507 1566 2599 1618 ego
2622 1551 2730 1604 odi.

2026 1664 2320 1719 Ecclesium
2343 1664 2457 1717 loco
2480 1664 2673 1718 moveri
2705 1663 2846 1716 haud
2873 1663 3220 1717 incommode
3249 1664 3537 1730 asset-itur,

1956 1772 2081 1812 cum
2126 1757 2308 1811 divina
2364 1757 2538 1825 gratia
2594 1757 2900 1810 denudatur
2932 1774 2945 1810 :
2975 1756 3246 1824 siquidem
3294 1770 3404 1808 uno
3435 1755 3539 1809 hoc

1890 1833 1930 1889 Β
1965 1851 2155 1922 gratia“:
2213 1850 2470 1920 praesidio
2517 1849 2800 1912 destituta,
2863 1863 2957 1917 per
3001 1848 3262 1917 nequitia:
3313 1847 3540 1924 spiritus

1963 1945 2326 2018 heminesque
2400 1943 2718 2010 sceleratos,
2773 1942 3010 1998 eiﬁcacia
3060 1943 3375 2004 earumdem
3428 1943 3537 2012 spi-

1963 2037 2168 2092 rituum
2203 2051 2408 2106 organa
2443 2046 2493 2090 et
2524 2036 2901 2099 administros,
2945 2036 2998 2089 in
3036 2035 3212 2090 [cellos
3256 2034 3453 2090 ﬂuctus
3486 2045 3542 2090 et

1962 2138 2312 2200 tempestates
2340 2128 2501 2183 facile
2533 2128 2849 2197 conjicitur.
2881 2129 3019 2182 Sunt
3052 2129 3416 2182 nihilominus
3447 2129 3540 2196 qui

1960 2239 2055 2291 per
2090 2223 2397 2278 candelabri
2432 2222 2718 2275 motionem
2773 2223 2920 2278 sedis
2966 2221 3277 2295 pontificiae,
3313 2236 3436 2291 qua:
3487 2222 3539 2275 in

356 1664 590 1733 Κίνησις
644 1664 727 1736 [δὲ
767 1665 866 1734 τῆς
895 1666 1143 1734 λυχνίας,
1177 1666 1296 1736 ἦτοι
1349 1666 1470 1738 τῆς]
1529 1668 1854 1737 Ἐκκλησίας

267 1755 442 1822 ἐστὶν,
485 1759 518 1826 ἡ
573 1757 670 1820 τῆς
715 1756 866 1821 θείας
905 1758 1129 1828 χάριτος
1171 1761 1451 1829 γύμνωσις
1483 1776 1499 1792 ο
1539 1760 1606 1813 δι’
1635 1758 1700 1830 ἦς
1739 1759 1858 1832 [γυο

271 1846 558 1918 μνώσεως]
593 1851 650 1901 ἐν
683 1849 828 1919 σάλῳ
867 1850 959 1901 καὶ
988 1850 1219 1903 κλύδωνι
1256 1851 1360 1903 ὑπὸ
1392 1850 1500 1913 τῶν
1530 1855 1628 1922 τῆς
1683 1869 1850 1922 πονη-

270 1945 396 2010 ρίας
436 1940 765 2010 πνευμάτων
798 1941 892 1994 καὶ
921 1943 1030 1993 τῶν
1071 1943 1495 2013 ὑπουργούντων
1536 1946 1721 2007 αὐτοῖς
1752 1962 1852 1998 πο-

272 2029 459 2100 νηρῶν
511 2028 816 2099 ἀνθρώπων
870 2031 1221 2094 καθίσταται,
1264 2032 1420 2095 Τινὲς
1481 2033 1536 2086 δὲ
1602 2033 1702 2103 τὴν
1756 2033 1853 2103 τῆς

268 2121 497 2191 λυχνίας
537 2123 775 2190 κίνησιν,
806 2123 898 2176 τὸν
924 2124 1310 2195 ἀρχιερατικδν
1343 2127 1439 2196 τῆς
1471 2125 1698 2195 Ἐφέσου
1733 2127 1857 2197 Ορό‹

273 2232 386 2280 νον,
414 2216 488 2279 ὡς
521 2216 580 2268 ὲν
612 2219 677 2286 τῇ
717 2217 949 2285 βασιλίδι
976 2218 1364 2287 μετατεθέντα,
1392 2219 1654 2289 ἐνόησαν.
1696 2221 1777 2273 Τὰ
1807 2220 1863 2271 δὲ

271 2309 413 2377 ἔργα
461 2309 567 2361 τῶν
598 2309 958 2372 Νικολαϊτῶν,
984 2311 1134 2373 ὅπως
1176 2312 1288 2366 εἰσὶ
1318 2313 1397 2382 τῷ
1445 2311 1566 2380 θεῷ
1625 2313 1857 2381 μισητὰ,

1962 2317 2234 2387 Ephesina
2265 2317 2487 2371 civitate
2519 2315 2796 2384 quondam
2834 2317 3104 2381 exstabat,
3138 2316 3192 2370 in
3220 2317 3424 2385 regiam
3458 2317 3540 2369 ei-

274 2401 517 2469 ἑντυχών
551 2417 633 2463 τις
678 2403 744 2470 τῇ
792 2400 1026 2472 βδελυρᾷ
1064 2401 1246 2455 αὐτῶν
1299 2401 1531 2471 αἱρέσει,
1564 2402 1854 2471 γνώσεται.

1962 2405 2182 2458 vitatem
2236 2404 2656 2458 translationem
2699 2404 3028 2474 intelligant.
3065 2405 3335 2460 Cat-terum
3367 2422 3530 2475 quam

274 2492 513 2545 obscena
543 2491 761 2561 Deoque
801 2507 967 2548 exosa
993 2490 1382 2547 Nicolaitarum
1434 2492 1642 2548 fuerint
1709 2509 1899 2562 opera,
1972 2494 2106 2550 illud
2155 2494 2355 2548 diversi
2402 2495 2782 2549 commentarii
2828 2495 2896 2551 de
2933 2497 3255 2556 exsecrabili
3325 2498 3542 2553 illorum

278 2584 474 2636 haeresi
518 2583 723 2637 dudum
775 2593 900 2636 ante
944 2583 1095 2648 editi,
1142 2582 1445 2639 meridiana
1496 2585 1616 2637 luce
1657 2585 1858 2639 clarius
1903 2585 2219 2651 ostendunt.

361 2679 416 2729 Ὀ
453 2679 610 2747 ἔχων
658 2673 791 2744 οὖς,
848 2680 1169 2733 ἀκουσάτω
1193 2680 1250 2731 τί
1307 2680 1374 2733 τὸ
1410 2678 1651 2749 Πνεῦμα
1693 2681 1858 2749 λέγει

277 2768 408 2834 ταῖς
456 2770 846 2836 Ἐκκλησίαις
871 2787 886 2802 θ
929 2768 1015 2833 Τῷ
1062 2770 1322 2834 νικῶντι,
1356 2769 1527 2823 δώσω
1557 2770 1716 2836 αὐτῷ
1746 2788 1862 2840 φα-

281 2860 416 2928 γεῖν
463 2861 532 2913 ἐκ
571 2861 675 2915 τοῦ
717 2862 907 2925 ξύλου
948 2861 1057 2930 τῆς
1091 2860 1260 2938 ζωῆς,
1303 2863 1335 2915 ὅ
1371 2863 1544 2922 ,ἐστιν
1585 2863 1653 2917 ἐν
1693 2866 1863 2936 μέσῳ

280 2953 388 3006 τοῦ
419 2953 791 3022 παραδείσου
821 2954 927 3007 τοῦ
953 2955 1121 3008 Θεοῦ.

346 3067 410 3117 '0
427 3065 584 3133 ἔχων
601 3061 711 3130 οὖς
730 3065 1074 3124 ἀκουσάτω.
1100 3097 1168 3106 -
1185 3068 1456 3137 ξαρκικὺν
1489 3070 1588 3138 μὲν
1617 3066 1708 3133 οὖς
1757 3074 1863 3134 πᾶς

279 3158 595 3228 ἄνθρωπος,
656 3159 1027 3227 πνευματικὸν
1069 3159 1125 3212 δὲ
1181 3164 1213 3214 ό
1252 3163 1659 3230 πνευματικὸς
1705 3165 1863 3232 μόνος

281 3252 546 3320 κέκτηται
580 3267 595 3280 ο
631 3252 766 3320 ὅπερ
811 3254 906 3304 καὶ
944 3250 1022 3320 τῷ
1086 3251 1282 3322 Ἡσαΐᾳ
1335 3253 1737 3322 προστέθειται.
1778 3255 1868 3324 Τῷ

280 3344 339 3395 δὲ
373 3341 600 3411 τοιούτῳ
628 3342 848 3396 νικῶντι
885 3342 977 3394 τὸν
1012 3342 1146 3412 πρὸς
1174 3344 1299 3404 τοὺς
1318 3343 1577 3412 δαίμονας
1611 3345 1867 3414 πόλεμον,

283 3435 480 3486 δώσειν
513 3434 913 3502 ἐπαγγέλλεται
932 3435 1129 3502 φαγεῖν
1161 3434 1224 3486 ἐκ
1257 3433 1351 3486 τοῦ
1375 3433 1529 3498 ξύλου
1559 3435 1660 3504 τῆς
1689 3436 1833 3504 ζωῆς
1853 3453 1867 3466 ο

289 3526 544 3577 τουτέστι
576 3528 872 3594 μετασχεῖν
906 3525 1015 3578 τῶν
1046 3526 1136 3578 τοῦ
1175 3526 1461 3594 μέλλοντος
1504 3529 1703 3588 αἰῶνος
1736 3529 1871 3594 ἁγα-

286 3619 418 3672 θῶν.
462 3617 926 3688 Περιφραστικῶς
955 3618 1063 3687 γὰρ
1096 3616 1184 3669 διὰ
1221 3620 1315 3670 τοῦ
1352 3619 1511 3684 ξύλου
1553 3618 1805 3689 δηλοῦται
1836 3623 1868 3688 ἡ

285 3713 403 3781 ζωὴ
457 3714 488 3780 ἡ
533 3714 784 3773 αἰώνιος⁸
825 3706 900 3767 ὧν
934 3713 1196 3781 ἑκάτερον
1238 3713 1265 3763 ὁ
1314 3713 1546 3781 Χριστός
1597 3715 1764 3774 ἐστιν,
1797 3712 1871 3774 ὥς

289 3823 458 3874 φησιν
485 3806 513 3856 ὁ
547 3803 821 3874 Σολομῶν,
858 3785 952 3856 κατι
985 3806 1013 3856 ὁ
1044 3804 1238 3872 παρὼν
1262 3805 1561 3866 ἀπόστολος
1602 3803 1832 3872 ἑτέρωθι
1854 3820 1866 3834 ’

286 3901 317 3950 ὁ
347 3899 467 3966 μὲν,
502 3898 632 3968 περὶ
671 3899 766 3969 τῆς
789 3899 991 3966 Σοφεας
1021 3898 1215 3963 λέγων’
1255 3899 1458 3951 Ξύλον
1490 3898 1638 3966 ζωῆς
1664 3899 1834 3952 ἐστιν
1854 3915 1870 3932 ο

283 3994 315 4044 ὁ
347 3992 425 4056 δὲ,
452 3991 714 4054 ὡσαύτως
748 3992 876 4058 περὶ
920 3991 1014 4048 τοῦ
1068 3989 1309 4060 Χριστοῦ
1338 4003 1350 4016 ·
1402 3991 1596 4053 Αὐτός
1645 3990 1811 4042 ἐστιν
1841 3992 1872 4041 o'

285 4084 573 4150 ἀληθινὸς
597 4083 762 4148 Θεὸς,
791 4082 889 4138 καὶ
911 4084 948 4149 ἡ
971 4081 1082 4148 ζωὴ
1111 4084 1149 4149 ἠ
1165 4083 1419 4147 αἰώνιος.
1440 4083 1500 4134 Εἰ
1531 4083 1710 4133 τοίνυν
1734 4082 1875 4134 ἑκεί-

288 4194 400 4229 νων
418 4178 600 4246 τυχεῖν
624 4176 910 4246 ἐφιέμεθα,
938 4177 1036 4241 τὴν
1062 4174 1205 4231 κατὰ
1227 4176 1334 4228 τῶν
1357 4176 1541 4228 πλθῶν
1570 4177 1722 4244 νίκην
1742 4176 1872 4246 [na-

301 4268 538 4340 ρακαὶὼ]
564 4266 1020 4337 κατορθώσωμεν.
1051 4267 1175 4329 Τοῖς
1206 4267 1314 4336 γὰρ
1340 4267 1524 4329 πόνοις
1559 4268 1614 4319 αἱ
1648 4267 1874 4336 ἀμοιϐαὶ

297 4364 512 4424 παντως
551 4361 769 4430 ἕψονται
805 4376 818 4390 ’
856 4361 1040 4430 χάριτι
1079 4361 1172 4411 καὶ
1219 4359 1601 4431 φιλανθρωπὶᾳ
1628 4360 1722 4412 τοῦ
1767 4362 1877 4412 Κυ-

2041 2681 2122 2744 lI,
2169 2680 2216 2733 7.
2271 2680 2373 2744 Qui
2427 2681 2578 2733 habet
2628 2697 2831 2742 aurem,
2891 2683 3076 2735 audiat
3135 2683 3263 2752 quid
3312 2682 3545 2753 Spiritus

1973 2773 2116 2827 dicat
2164 2772 2414 2827 Ecclesiis
2449 2792 2461 2825 :
2510 2772 2750 2827 Vincenti
2779 2774 2914 2828 dabo
2949 2776 3098 2831 edere
3136 2778 3202 2831 de
3233 2777 3374 2859 ligno
3408 2783 3545 2850 vitae,

1972 2867 2109 2936 quod
2136 2877 2210 2920 est
2242 2868 2296 2920 in
2330 2867 2581 2936 paradiso
2621 2865 2712 2928 Dei
2771 2870 2888 2921 mci.

2047 3074 2243 3124 Aurem
2291 3086 2608 3142 corpoream
2650 3072 2837 3127 nullus
2895 3089 3004 3127 non
3041 3076 3356 3134 mortalium
3387 3082 3550 3134 sorti-

1971 3175 2094 3230 tur;
2130 3165 2424 3234 spiritalcm
2486 3175 2691 3230 autem,
2727 3165 2991 3234 spiritalis
3053 3177 3267 3223 tantum
3308 3190 3320 3225 :
3359 3171 3547 3243 cujus-

1971 3259 2117 3313 modi
2148 3259 2298 3313 auris
2343 3259 2617 3328 prophetae
2663 3258 2818 3324 lsaitc
2860 3259 3073 3328 obtigit.
3108 3262 3326 3321 Homini
3365 3265 3550 3335 itaque

1973 3367 2037 3405 ex
2072 3351 2257 3420 prmlio
2297 3352 2441 3420 quod
2483 3362 2672 3405 contra
2707 3350 2985 3404 dasmones
3015 3353 3241 3422 geritur,
3270 3357 3550 3412 victoriam

1976 3442 2257 3509 referenti,
2287 3458 2412 3498 esca
2443 3442 2512 3498 de
2553 3443 2698 3510 ligno
2728 3442 2852 3496 vita:
2883 3442 3138 3512 decerpta
3167 3449 3506 3514 promittitur
3536 3470 3548 3516 ;

1977 3550 2174 3604 nempe
2199 3546 2528 3589 aeternorum
2561 3534 2830 3589 bonorum
2881 3539 3326 3606 communicatio,
3381 3541 3554 3610 siqni-

1974 3627 2096 3680 dem
2137 3643 2230 3696 per
2256 3637 2472 3681 mterna:
2509 3628 2631 3681 vita:
2688 3628 2895 3696 lignum
2925 3627 3193 3695 ejusmodi
3231 3632 3373 3687 bona
3408 3635 3555 3687 disi-

1977 3721 2131 3789 gnari
2159 3722 2354 3776 solent.
2379 3722 2683 3788 Utrumque
2699 3732 2905 3784 autem,
2927 3731 2984 3775 ut
3002 3723 3259 3777 Salomon
3290 3726 3553 3792 insinuat,

1976 3822 2029 3867 et
2057 3829 2298 3882 prtesens
2330 3813 2662 3882 evangelista
2698 3815 2898 3875 alicubi
2934 3817 3138 3871 diserte
3187 3817 3439 3883 allii-mat,
3469 3830 3549 3871 est

1974 3905 2251 3959 Christus.
2288 3905 2384 3959 Ille
2413 3905 2556 3959 enim
2610 3907 2676 3960 de
2705 3909 2970 3976 sapientia
3009 3909 3175 3962 verba
3227 3909 3457 3972 faciens,
3488 3911 3550 3964 iis

1977 4000 2069 4067 qui
2102 4000 2518 4068 apprehendunt
2548 4001 2717 4064 illam,
2760 4002 2928 4054 instar
2961 4001 3088 4071 ligni
3141 4004 3261 4055 vine
3289 4017 3410 4058 esse
3434 4018 3556 4072 pro-

1979 4092 2235 4157 nuntiat;
2293 4089 2530 4146 Joannes
2587 4101 2766 4146 autem
2793 4094 2858 4147 de
2909 4092 3127 4148 Christo
3153 4095 3205 4147 in
3245 4094 3389 4148 hunc
3444 4111 3555 4148 mo-

1979 4183 2109 4243 dum
2145 4184 2337 4237 scribit
2362 4202 2376 4237 :
2404 4182 2506 4238 llic
2535 4193 2614 4236 est
2646 4201 2795 4237 verus
2832 4184 3054 4248 Deus,et
3073 4186 3178 4239 vita
3205 4197 3396 4238 a'terna
3419 4189 3460 4241 ⁵.
3498 4186 3554 4240 Si

1981 4271 2145 4339 igitur
2170 4282 2369 4328 aeterna
2393 4273 2477 4326 illa
2516 4273 2654 4325 bona
2686 4275 2950 4341 consequi
2989 4274 3395 4336 desideramus,
3429 4291 3557 4328 con-

1981 4368 2062 4410 tra
2095 4358 2262 4411 animi
2288 4360 2727 4428 perturbationes
2769 4361 3062 4430 earnisque
3091 4363 3397 4431 voluptates
3431 4380 3557 4419 acre

301 4453 412 4517 pio-1
442 4451 600 4522 ἡμῶν
643 4452 822 4520 ’1ησοῦ
853 4451 1117 4521 Χριστοῦ,
1153 4452 1272 4520 μεθ’
1315 4445 1375 4503 οὗ
1432 4453 1511 4521 τῷ
1553 4454 1726 4521 Πατρὶ
1752 4454 1868 4521 ἅμα

1900 4467 1948 4525 ι)
1983 4460 2260 4504 certamen
2310 4454 2582 4514 ineamus,
2611 4452 2948 4521 victoriaque
2989 4456 3152 4522 potiri
3210 4457 3368 4510 enixe
3421 4472 3556 4511 con-

298 4545 390 4593 xa‘t
429 4542 508 4612 τῷ
554 4545 692 4612 ἁγίῳ
724 4543 1026 4611 Πνεύματι,
1055 4542 1182 4608 δόξα
1215 4540 1332 4613 ἱνῦν
1364 4543 1458 4595 καὶ
1490 4545 1600 4606 ἀεὶ,
1644 4542 1760 4612 καὶ]
1794 4543 1875 4606 εἰς

295 4635 422 4698 τοὺς
439 4636 644 4697 αἰῶνας
675 4635 782 4687 τῶν
806 4633 1040 4688 αἰώνων.
1074 4634 1268 4702 Ἀμήν.

1984 4543 2296 4605 temlamus,
2357 4546 2801 4612 quandoquidem
2835 4561 2930 4613 per
2958 4546 3172 4600 Domini
3199 4549 3385 4604 'nostri
3427 4549 3555 4604 Jesu

1983 4632 2182 4686 Christi
2221 4635 2450 4701 gratiam
2479 4645 2642 4703 atque
2682 4635 3029 4688 clementiam
3060 4636 3372 4690 istiusmodi
3409 4638 3559 4689 Iaho-

294 4743 382 4782 res
409 4741 506 4781 sua
543 4727 790 4781 mercede
825 4742 1105 4797 nunquam
1154 4727 1576 4787 t‘rustrabuntur.
1641 4727 1751 4795 lpsi
1799 4741 1904 4790 una
1934 4741 2056 4781 cum
2101 4725 2258 4787 Patre
2306 4737 2358 4780 ct
2427 4728 2630 4796 Spiritu
2684 4740 2872 4782 sancto
2907 4729 2978 4782 sit
3023 4730 3193 4798 gloria
3247 4731 3300 4783 in
3361 4734 3556 4785 szccula

295 4820 635 4875 saeculorum.
670 4822 863 4875 Amen.

724 4932 976 4985 ΚΕΦΑΛ.
1024 4929 1099 4986 Δ’.
1129 4933 1350 4985 ΛΟΓΟΣ
1383 4934 1456 4986 B'.

302 5068 380 5122 Τὰ
429 5067 780 5136 δηλωθέντα
813 5066 892 5130 τῷ
941 5068 1050 5191 τᾶἷς
1087 5069 1454 5191 ἔμυρνιιίων
1511 5068 1878 5134 Ἐκκλησίας

993 5156 1096 5191 νγε
1141 5157 1202 5191 ω.

993 5156 1202 5206 nam.

369 5278 477 5330 Kal
527 5275 606 5340 τῷ
632 5277 866 5345 ἀγγέλῳ
926 5277 1037 5344 τῆς
1087 5279 1156 5329 ἐν
1209 5278 1452 5345 Σμύρνῃ
1524 5277 1880 5341 Ἑκκλησίας

296 5369 563 5437 γράψον·
595 5369 741 5423 Τάδε
773 5370 934 5438 λέγει
970 5375 1001 5423 ὀ
1035 5369 1265 5438 πρῶτος
1314 5373 1407 5423 καὶ
1440 5376 1471 5423 ό
1499 5372 1779 5439 ἔσχατος,
1814 5368 1880 5433 ὃς

295 5462 539 5532 ἐγένετο
559 5461 796 5528 νεκρὸς,
831 5461 931 5514 καὶ
951 5461 1185 5528 ἑζὴσεν.

371 5573 597 5645 Πρῶτός
661 5573 858 5644 [ἐστιν]
903 5576 978 5637 ὡς
1037 5576 1205 5638 Θεὸς·
1244 5575 1490 5644 ἔσχατος,
1530 5575 1604 5637 ὡς

297 5681 402 5726 πος
445 5664 533 5714 ἐπ’
559 5664 806 5731 ἐσχάτων
830 5664 940 5718 τῶν
979 5665 1186 5735 καιρῶν
1211 5665 1469 5734 γεγονὼς,
1512 5665 1602 5720 καὶ
1647 5665 1732 5717 διὰ
1775 5664 1873 5731 τῆς

371 5845 435 5899 ⁸1
467 5843 626 5901 Joan.
647 5847 804 5910 v,‘2tl.

590 5941 858 6001 PATROL.
895 5946 986 6003 Cn
1037 5944 1191 6003 CVI.

1679 5573 1881 5643 ἄνθρω-

2411 4931 2646 4986 CAPUT
2680 4931 2770 4986 IV.
2818 4932 3050 4987 SERMO
3101 4935 3167 4989 ll.

1985 5069 2290 5137 Cujusmodi
2323 5067 2661 5136 Smyrnensis
2686 5068 2936 5123 Ecclesia:
2962 5070 3147 5138 angelo
3167 5072 3271 5122 sint
3301 5071 3556 5124 indicata.

2055 5274 2119 5335 ll,
2149 5275 2200 5327 9.
2227 5273 2328 5341 ιο
2345 5271 2409 5324 Et
2439 5273 2620 5342 angelo
2647 5272 2887 5340 Smyrna:
2911 5272 3161 5327 Ecclesia:
3183 5273 3349 5326 scribe
3383 5289 3398 5325 :
3433 5272 3560 5327 Ilwc

1990 5369 2116 5422 dicit
2149 5369 2350 5434 primus
2375 5377 2423 5419 et
2451 5367 2783 5432 novissimus,
2805 5368 2895 5435 qui
2917 5367 3018 5434 fuit
3043 5375 3303 5434 mortuus,
3332 5377 3380 5420 et
3416 5368 3557 5420 vivit.

2059 5570 2205 5623 ldcm
2239 5568 2493 5624 Christus
2527 5577 2611 5623 est
2639 5571 2845 5637 primus
2873 5578 2925 5623 et
2953 5570 3319 5625 novissimus:
3353 5569 3560 5638 primus

1988 5664 2226 5733 quidem,
2281 5672 2339 5716 ut
2385 5661 2568 5725 Deus;
2617 5662 2950 5718 novissimus
3001 5673 3205 5727 autem,
3257 5669 3316 5715 ut
3362 5662 3554 5726 home;
