4276 6438
307 449 411 508 237

1253 445 1848 504 COMMENTARIUS
1889 445 1960 499 IN
2008 443 2227 499 .\P0l‘..\
2242 446 2322 500 ΙΝ
2335 447 2435 500 l'Sl
2449 445 2492 499 Ν
2505 491 2516 501 .

3383 444 3484 507 238

305 563 533 630 μάρτυς
561 578 676 628 μου
708 563 738 611 ό
792 559 1022 621 πιστὸς,
1048 558 1112 622 ῖνς
1139 557 1476 621 ἀπεκτάνθη
1533 558 1666 621 παρ’
1691 554 1844 620 ὑμῖν,
1875 567 1921 614 Α
1949 555 1994 619 [il

1797 572 1844 615 ι’,
1875 567 1921 614 Α
1949 554 2138 619 fidelis,
2185 558 2270 621 qui
2311 572 2508 606 occisus
2559 567 2633 604 est
2688 558 2822 618 apud
2853 571 2957 612 ros.
3001 557 3087 607 ubi
3133 555 3359 611 Satanas
3392 561 3486 610 Ita-

304 650 460 702 ὅπου
486 653 517 702 ὀ
557 649 819 712 Σατανᾶς
849 648 1124 700 κατοικεῖ.

410 759 657 820 Ἀντίπας
688 759 742 810 δέ
792 757 922 827 [τις]
952 755 1208 823 τοῦνομα,
1245 756 1452 824 μάρτυς
1497 755 1552 805 ὲν
1582 754 1853 823 Περγάμῳ

308 851 532 916 γέγονεν
563 850 952 916 ἀνδρειότατος,
973 845 1139 914 οὗπερ
1168 847 1402 911 ἀνέγνων
1428 845 1486 897 τὸ
1528 845 1850 914 μαρτύριον·

306 936 368 992 οὗ
406 940 500 991 νῦν
530 943 556 991 ὁ
605 940 989 1008 εύαγγελιστὴς
1021 939 1152 1006 πρὸς
1181 937 1402 999 ἔνδειξιν
1431 937 1525 1003 τῆς
1554 952 1610 986 τε
1643 935 1855 986 ἐκείνων

309 1030 609 1097 ὑπομονῆς,
672 1030 767 1097 τῆς
829 1045 886 1080 τε
945 1028 1052 1079 τῶν
1094 1027 1519 1094 πεπλανημένων
1580 1025 1856 1094 ὠμότητος

311 1119 733 1186 ἐμνημόνευσεν.

396 1396 572 1446 Ἀλλὰ
594 1395 709 1461 ἔχω
735 1398 882 1448 κατὰ
901 1397 1015 1447 σοῦ
1047 1395 1235 1461 ὀλίγα,
1259 1397 1286 1444 ὅ
1298 1412 1346 1446 τι
1375 1395 1531 1460 ἔχεις
1565 1393 1690 1445 ἐκεῖ
1721 1411 1859 1460 xpu-

311 1483 564 1548 τοῦντας
626 1485 736 1550 τὴν
794 1485 1047 1552 διδαχὴν
1105 1484 1378 1552 Βαλαίὶμο
1431 1483 1498 1545 ὃς
1545 1482 1859 1535 ἐδίδασκεν

307 1575 379 1623 ἐν
413 1574 742 1640 τῷΒαλαὰμ
765 1575 867 1625 τὸν
901 1576 1097 1626 Βαλὰκ
1120 1575 1337 1637 ,βαλεῖν
1360 1573 1704 1625 σκάνδαλον
1716 1571 1857 1624 ἐνὼο

309 1681 451 1715 πίον
487 1664 600 1714 τῶν
632 1663 772 1716 υἱῶν
798 1665 1055 1730 Ἰσραὴλ,
1081 1662 1222 1734 [καὶ]
1249 1663 1457 1731 φαγεῖν
1504 1663 1856 1715 εἰδωλόθυτα

310 1755 406 1804 κα)
433 1754 755 1821 πορνεῦσαι
776 1771 788 1783 °
819 1755 1002 1818 οὓτως
1039 1756 1198 1820 ἔχεις
1233 1755 1325 1806 καὶ
1369 1753 1449 1805 σὺ
1485 1754 1848 1819 κρατοῦντας

310 1843 425 1908 τὴν
449 1843 703 1911 διδαχὴν
738 1843 1229 1896 τῶι-Αἰκολαϊτών
1251 1842 1484 1912 [ὁμοίως
1575 1843 1651 1908 ἢν
1681 1843 1849 1909 μισῶ.

394 1953 498 2006 Δύο
527 1953 580 2005 δὲ
608 1955 836 2022 χαλεπὰ,
857 1955 930 2014 ὡς
962 1953 1156 2015 ἔοικεν,
1179 1956 1210 2022 ἡ
1235 1955 1385 2016 πόλις
1412 1954 1546 2021 αὓτη
1566 1954 1852 2022 ἐκέκτητο·

311 2043 420 2114 [ab]
476 2049 598 2108 τοὺς
649 2049 745 2114 μὲν
799 2048 1043 2108 πλείονας
1083 2048 1345 2117 ’Έλληνας
1370 2044 1530 2118 [εἶναι
1571 2050 1625 2100 ὲν
1654 2048 1810 2118 αὐτῇ]
1840 2066 1853 2079 ·

312 2134 372 2199 ἐξ
403 2135 577 2187 αὐτῶν
595 2138 648 2188 δὲ
670 2137 774 2188 τῶν
803 2138 1006 2189 πιστῶν
1031 2136 1456 2205 ὠνομασμένων,
1484 2138 1608 2199 τοὺς
1632 2139 1852 2206 αἰσχρο-

312 2227 502 2285 ποιοὺς
542 2227 864 2288 Νικολαῒτας
905 2228 1308 2294 ὑποσπαρέντας
1360 2227 1435 2295 τῷ
1471 2227 1598 2297 σίτῳ
1644 2230 1854 2294 πονηρὰ

313 2313 548 2375 ζιζάνια.
573 2315 664 2367 Διὸ
712 2316 804 2366 καὶ
840 2316 927 2366 τού
958 2316 1182 2383 Βαλαὰμ
1227 2317 1616 2383 ἐμνημόνευσε,
1658 2318 1851 2382 φήσας·

317 2404 424 2465 ⁸ος
447 2403 761 2455 ἐδίδασκεν
797 2405 864 2455 ἐν
912 2404 990 2467 τῷ
1019 2406 1262 2471 Βαλαὰμ
1301 2404 1406 2456 τὸν
1449 2406 1670 2458 Βαλὰκ.
1703 2404 1858 2472 Δηλοῖ

309 2491 366 2541 δὲ
387 2492 471 2542 διὰ
508 2493 707 2545 τούτων
729 2494 815 2545 τὸν
853 2495 1039 2562 νοητὸν
1067 2493 1290 2562 Βαλαὰμ
1317 2494 1408 2545 τὸν
1436 2493 1676 2545 διὰῦο).ον
1704 2495 1759 2545 ὲν
1783 2494 1857 2563 τῷ

314 2581 579 2650 αἰσθητῷ,
610 2585 697 2635 τὸν
730 2584 906 2637 Βαλὰκ
932 2585 1136 2647 διδάξαι
1175 2585 1235 2636 τὸ
1271 2585 1412 2637 κατὰ
1442 2585 1548 2636 τῶν
1599 2586 1862 2654 Ἰσραηλιο

312 2671 423 2725 τῶν
449 2673 756 2736 σκάνδαλον,
793 2674 1048 2744 πορνείαν
1077 2677 1169 2727 καὶ
1191 2673 1623 2743 εἰδωλολατρεαν.
1651 2675 1729 2742 Τῇ
1753 2674 1859 2742 γὰρ

315 2763 530 2831 ἐκείνης
555 2764 708 2833 ἡδονῇ
733 2766 810 2828 εἰς
858 2764 1057 2831 ταύτην
1079 2766 1154 2834 τῷ
1192 2763 1507 2833 Βεελφεγὼρ
1527 2763 1860 2825 τελεσθέντες

317 2852 807 2921 κατεκυλίσθησαν.

319 2957 417 3008 per
468 2943 846 2995 scortationem
905 2943 1072 2996 illexit
1112 2945 1257 2998 illum
1314 2945 1378 2997 ad
1438 2941 1796 2997 idololatriam
1841 2960 1853 2996 :

1953 643 2102 692 bitat.

2027 749 2122 817 ιι
2155 749 2382 814 Quidam
2429 751 2651 817 Antipas
2694 752 2932 817 nomine,
2980 752 3313 807 fortissimus
3357 770 3489 806 con.

1955 838 2430 905 stantissimusque
2487 839 2682 892 Christi
2735 851 2938 909 martyr
2963 841 3163 894 exstitit
3212 840 3491 909 Pergami,

1955 927 2114 992 cujus
2143 942 2240 993 ego
2269 928 2587 994 martyrium
2613 930 2738 984 olim
2764 931 2886 998 legi.
2916 929 3065 985 Facit
3098 942 3272 985 autem
3325 930 3494 983 Evan-

1956 1017 2142 1084 gelista
2180 1017 2502 1084 peculiarem
2529 1019 2670 1075 illius
2697 1021 2794 1074 hoc
2829 1023 2946 1073 loco
2990 1021 3342 1082 mentionem,
3381 1029 3492 1073 tum

1955 1121 2062 1172 quo
2095 1106 2331 1159 ﬁdelium
2358 1107 2596 1161 civitatis
2626 1109 2769 1162 illius
2810 1113 2977 1164 virtus
3007 1119 3166 1178 atque
3194 1111 3493 1163 constantia

1959 1195 2119 1261 plana
2148 1195 2256 1259 liat,
2307 1205 2417 1248 tum
2466 1198 2626 1249 etiam
2685 1213 2792 1268 quo
2843 1201 3188 1252 seductorum
3249 1198 3491 1267 ejusdem

1959 1285 2345 1337 immanitatem
2372 1287 2441 1338 ob
2489 1288 2676 1341 oculos
2713 1289 2870 1342 nobis
2903 1299 3087 1358 ponat.

2029 1394 2091 1455 Il,
2127 1395 2205 1458 tl,
2230 1395 2310 1447 l5.
2330 1395 2429 1448 Sed
2462 1398 2620 1450 habeo
2639 1401 2882 1452 adversus
2899 1411 2946 1453 te
2971 1419 3138 1469 pauca
3168 1423 3186 1460 :
3205 1407 3327 1474 quia
3344 1408 3494 1462 habet

1958 1483 2070 1533 illic
2100 1493 2322 1535 tenentes
2350 1486 2642 1536 doctrinam
2681 1487 2924 1549 Balaam,
2959 1493 3046 1556 qui
3085 1493 3298 1545 docebat
3332 1495 3496 1551 Balac

1960 1575 2158 1623 mittere
2179 1574 2486 1624 scandalum
2533 1591 2704 1626 coram
2746 1577 2869 1643 ﬁliis
2904 1577 3094 1641 Israel,
3125 1583 3270 1636 edere
3302 1594 3348 1636 et
3385 1588 3495 1652 for—

1959 1664 2124 1713 nicari
2166 1665 2285 1715 :ita
2340 1665 2494 1716 habes
2539 1675 2584 1716 ct
2621 1677 2672 1717 tu
2711 1678 2935 1722 tenentes
2983 1674 3275 1727 doctrinam
3331 1674 3495 1729 Nico-

1959 1749 2227 1814 luitarum,
2257 1768 2410 1819 quam
2442 1755 2546 1807 odi.

2032 1948 2268 2015 Duobus,
2302 1961 2359 2004 ut
2379 1953 2608 2018 videtur,
2643 1955 2757 2008 lucc
2788 1957 2977 2009 civitas
3003 1958 3216 2025 tlagitiis
3244 1960 3502 2014 obstricta

1964 2042 2244 2094 tenebatur
2279 2079 2293 2104 ,
2352 2043 2525 2111 iisque
2602 2046 2822 2099 minime
2877 2048 3208 2113 vulgaribus.
3252 2049 3383 2102 Nam
3449 2061 3504 2106 et

1964 2129 2162 2182 multos
2209 2129 2384 2185 adhuc
2438 2146 2673 2200 paganos
2718 2135 2857 2187 intra
2896 2149 2953 2188 se.
2986 2134 3198 2189 fovebat
3229 2153 3242 2187 :
3273 2147 3327 2191 ct
3363 2138 3503 2194 inter

1960 2237 2055 2276 eos
2108 2223 2198 2291 qtti
2239 2223 2548 2277 Christiano
2589 2227 2805 2282 nomine
2847 2228 3225 2289 censebantur,
3251 2230 3502 2298 permulti

1962 2313 2171 2382 impuro
2218 2313 2544 2370 Nicolaismo
2576 2319 2948 2382 Contaminati,
2979 2329 3032 2373 et
3063 2321 3199 2375 inter
3228 2322 3333 2374 loci
3358 2323 3504 2377 illius

1964 2404 2319 2470 orthodoxos,
2355 2408 2575 2475 perinde
2613 2406 2725 2462 lere
2772 2421 2936 2478 atque
2967 2412 3151 2466 lolium
3197 2412 3335 2466 inter
3364 2415 3504 2468 triti-

1966 2508 2086 2546 cum
2132 2496 2286 2559 solet,
2321 2497 2550 2551 intersiti
2595 2501 3084 2569 comperiebantur.
3126 2502 3300 2571 Atque
3346 2518 3407 2557 ca
3439 2504 3505 2558 de

1958 2599 2118 2638 causa
2168 2585 2543 2656 Balaami,qui
2590 2591 2844 2658 pupulum
2903 2591 3251 2647 lsraeliticum
3314 2595 3506 2649 callide

1961 2673 2016 2727 in
2061 2688 2298 2728 errorem
2355 2677 2659 2742 induxerat,
2689 2681 3016 2732 mentionem
3059 2679 3207 2735 facit.
3237 2682 3498 2740 Ceterum

1961 2780 2053 2833 per
2082 2776 2366 2821 externum
2392 2777 2446 2821 et
2475 2770 2728 2824 seusilem
2764 2770 2911 2825 hunc
2934 2770 3249 2828 Balaamum
3282 2775 3375 2844 qui
3427 2775 3507 2832 ls-

1961 2854 2087 2907 raeli
2147 2871 2242 2923 per
2285 2856 2530 2912 Balacnm
2589 2859 2811 2913 insidias
2864 2869 3135 2916 struxerat
3199 2864 3505 2933 (siquidem

1917 2944 2097 2997 carnis
2161 2947 2302 2999 enim
2352 2947 2625 3015 voluptate
2653 2948 2879 3012 deliniti,
2930 2964 2995 3003 eo
3026 2949 3228 3019 delapsi
3279 2963 3425 3019 sunt,
3451 2963 3510 3011 ut

321 3033 469 3085 idolo
512 3032 829 3102 Beelpltegor
865 3035 1078 3103 publice
1127 3036 1512 3103 immolarent),
1549 3035 1854 3088 insinuatur
1881 3032 2098 3088 Balaam
2165 3036 2446 3107 mysticus,
2515 3054 2703 3107 nempe
2733 3039 2982 3093 diabolus
3035 3051 3090 3095 et
3147 3041 3397 3101 Satanas.

395 3145 781 3208 Μετανόησον
808 3139 920 3196 οὖν
954 3162 966 3178 ο
1003 3147 1054 3197 εὶ
1082 3146 1148 3197 δὲ
1172 3145 1278 3212 μὴ,
1297 3145 1539 3212 ἔρχομαί
1569 3160 1664 3197 σοι
1691 3142 1858 3210 ταχὺ,

2035 3145 2096 3209 ΙΙ,
2132 3145 2214 3198 l6.
2245 3145 2497 3199 Similiter
2538 3150 2890 3214 paenitentiam
2921 3165 3013 3218 age
3040 3167 3058 3203 :
3080 3153 3126 3203 si
3166 3169 3266 3218 quo
3319 3157 3507 3219 minus,

321 3232 420 3282 καὶ
458 3231 777 3297 πολεμήσω
809 3233 935 3300 μετ’
972 3232 1168 3288 αὐτῶν
1215 3235 1282 3285 ἐν
1341 3233 1411 3301 τῇ
1448 3233 1716 3300 ῥομφαίᾳ
1750 3231 1854 3283 τοῦ
1883 3224 1925 3280 C
1959 3251 2010 3288 υε

1823 3231 1854 3282 ῦ
1883 3224 1925 3280 C
1959 3236 2159 3288 veniam
2220 3236 2310 3288 tibi
2357 3238 2480 3301 cito,
2527 3250 2574 3290 et
2617 3240 2854 3307 pugnabo
2896 3255 3013 3292 cum
3071 3241 3178 3294 illis
3229 3244 3280 3296 in
3333 3246 3507 3312 gladio

319 3324 616 3388 στὸματος
634 3339 771 3388 μου.

419 3429 502 3479 Ἐν
529 3432 592 3499 τῇ
618 3429 810 3509 ἀπειλῇ
839 3429 895 3482 δὲ
941 3430 974 3495 ἡ
1012 3428 1406 3500 φιλανθρωπία.
1441 3431 1514 3482 Οὐ
1552 3429 1680 3497 γὰρ,
1706 3428 1862 3482 Μετὰ

315 3521 456 3584 σοῦ,
488 3524 672 3588 φησὶν,
720 3521 874 3585 ἀλλὰ,
926 3523 1051 3588 μετ’
1084 3521 1329 3573 ἐκείνων
1379 3520 1724 3587 πολεμήσω,
1755 3519 1862 3571 τῶν

314 3626 611 3665 νοσούντων
639 3625 849 3666 ανιατα.

401 3813 462 3864 '0
495 3815 650 3878 ἔχων
695 3809 824 3877 οὖς,
864 3813 1174 3866 ἀκουσάτω
1220 3814 1271 3863 τι
1303 3812 1366 3864 τὸ
1415 3813 1650 3880 Πνεῦμα
1703 3814 1862 3881 ,λέγει

320 3903 446 3967 ταῖς
497 3903 876 3968 Ἐκκλησίαις
901 3919 913 3931 ·
973 3903 1054 3967 Τῷ
1086 3903 1325 3955 νικῶντι
1367 3903 1534 3955 δώσω
1565 3904 1721 3968 αὑτῷ
1756 3921 1864 3971 φα-

317 3992 444 4056 γεῖν
463 3992 579 4043 ἀπὸ
605 3992 705 4044 τοῦ
722 3991 922 4058 μάννα
955 3991 1060 4044 τοῦ
1093 3991 1500 4058 κεκρυμμένου
1531 4009 1546 4023 ο
1573 3993 1665 4044 καὶ
1697 3992 1865 4044 δώσω

316 4080 475 4144 αὑτῴ
518 4081 725 4149 ψῆφον
760 4082 1008 4148 λευκὴν,
1033 4083 1130 4134 καὶ
1161 4082 1257 4133 ἐπὶ
1301 4081 1414 4148 τὴν
1447 4082 1654 4150 ψῆφον
1681 4084 1866 4150 ὄνομα

316 4172 526 4224 καινὸν
573 4175 993 4241 γεγραμμένον,
1058 4171 1088 4224 ὃ
1121 4173 1344 4239 ,οὐδεὶς
1394 4170 1558 4226 οἶδεν
1620 4177 1670 4226 εἱ
1715 4174 1800 4241 μὴ
1835 4178 1865 4225 ό

314 4263 652 4328 λαμϐάνων.

399 4372 608 4425 Μὰννα
635 4375 690 4426 δὲ
721 4375 1146 4442 κεκρυμμένον,
1170 4375 1197 4426 ὀ
1220 4375 1382 4442 ἄρτος
1411 4376 1507 4444 τῆς
1536 4374 1698 4444 ζωῆς,
1730 4376 1756 4426 ὁ
1780 4375 1866 4425 οὖα

322 4465 523 4532 ρὰνιος,
553 4465 838 4533 οὐρανόθεν
853 4465 920 4517 δι’
956 4468 1101 4533 ἡμᾶς
1126 4464 1418 4529 κατελθὼν,
1457 4466 1548 4516 καὶ
1596 4465 1867 4533 βρώσιμος

1964 3326 2069 3379 oris
2100 3326 2217 3378 mei.

2033 3437 2134 3500 En,
2170 3447 2227 3491 ut
2253 3438 2389 3491 inter
2435 3437 2610 3494 minas
2661 3439 2963 3496 clementiae
3010 3456 3224 3512 quoque
3261 3452 3315 3497 et
3359 3444 3511 3498 beni-

1966 3525 2187 3593 gnitatis
2217 3541 2322 3578 non
2349 3526 2735 3581 obliviscatur:
2763 3544 2935 3597 neque
2962 3532 3105 3586 enim
3139 3533 3234 3594 ait,
3262 3531 3512 3602 Pugnabo

1963 3615 2236 3669 adversum
2267 3625 2348 3678 te;
2376 3617 2469 3670 sed
2497 3618 2571 3671 ait
2600 3634 2616 3671 :
2649 3617 2896 3688 Pugnabo
2940 3631 3120 3675 contra
3150 3624 3291 3684 illos,
3321 3640 3515 3692 nempe

1964 3707 2229 3761 obscenos
2256 3708 2578 3772 Nicolaitas,
2611 3709 2700 3778 qui
2724 3710 3008 3763 insanabili
3039 3713 3221 3764 morbo
3246 3713 3508 3772 laborant.

2037 3821 2102 3882 ll,
2126 3822 2204 3874 l7.
2233 3821 2336 3884 Qui
2360 3823 2508 3874 habet
2538 3837 2737 3885 aurem,
2765 3822 2948 3875 audiat
2966 3824 3091 3891 quid
3111 3823 3338 3892 Spiritus
3368 3827 3508 3878 dicat

1971 3907 2216 3961 Ecclesiis
2259 3926 2274 3963 :
2323 3909 2553 3963 Vincenti
2597 3911 2731 3962 dabo
2782 3927 2976 3962 manna
3022 3910 3419 3972 absconditum;
3461 3920 3510 3966 et

1966 3998 2101 4050 dabo
2152 3999 2232 4049 illi
2282 3999 2541 4050 calculum
2595 4001 2875 4052 candidum
2908 4008 2955 4051 et
2999 4001 3054 4052 in
3082 4001 3286 4053 calculo
3331 4018 3514 4058 nomen

1968 4104 2155 4141 norum
2185 4090 2455 4156 scriptum,
2478 4091 2610 4156 quod
2641 4106 2789 4143 nemo
2812 4092 2929 4154 scit,
2963 4092 3066 4143 nisi
3094 4093 3184 4155 qui
3217 4093 3424 4159 accipit.

2043 4362 2243 4416 Manna
2289 4363 2644 4417 absconditum
2670 4371 2752 4416 est
2782 4363 3019 4416 cmlestis
3042 4361 3162 4416 vita:
3195 4363 3369 4429 panis,
3397 4363 3511 4430 qui,

1973 4465 2153 4507 nostra
2203 4468 2366 4507 causa
2396 4469 2425 4506 e
2457 4453 2596 4507 caelo
2641 4453 2916 4521 delapsus,
2961 4453 3028 4505 ad
3081 4453 3511 4505 manducandum
3568 4460 3571 4464 '

322 4555 628 4623 γενόμενος·
677 4556 948 4625 τροπικῶς
993 4556 1049 4608 δὲ
1079 4557 1171 4608 καὶ
1220 4555 1288 4606 τὰ
1340 4554 1596 4623 μέλλοντα
1652 4554 1863 4620 ἀγαθὰ.
1900 4558 1940 4609 D
1972 4560 2011 4611 al

1822 4573 1863 4615 ι,
1900 4558 1940 4609 ι)
1972 4545 2214 4613 apprime
2247 4555 2331 4598 est
2378 4543 2622 4597 idoneus.
2655 4542 2795 4607 Quin
2823 4543 2963 4597 bona
2999 4543 3086 4596 illa
3116 4558 3234 4608 quae
3266 4543 3317 4594 in
3345 4542 3511 4595 altero

315 4645 516 4712 μάννα
564 4645 798 4712 λέγεται,
847 4647 942 4697 an
990 4646 1280 4713 οὐρανόθεν
1326 4649 1720 4714 κατερχόμενα,
1744 4645 1864 4696 ὃθεν

321 4733 419 4784 καὶ
451 4736 486 4798 ἡ
517 4733 637 4784 ἅνω
674 4733 1084 4800 Ἰερουσαλήμ.
1122 4732 1357 4796 Τούτων,
1376 4735 1558 4800 φησὶν,
1593 4733 1642 4782 οἱ
1674 4731 1864 4783 νικῶνσ

319 4837 410 4880 τες
450 4821 537 4871 τὸν
575 4822 819 4875 διάϐολον
850 4822 1152 4885 τεύξονται.
1202 4823 1470 4891 Λήψονται
1525 4822 1581 4874 δὲ
1619 4821 1712 4873 καὶ
1747 4820 1868 4888 ψῆο

319 4930 439 4980 ερον
461 4914 710 4977 λευκὴν,
735 4916 975 4967 τουτέστι
992 4912 1291 4985 [καθαρῶς]
1316 4914 1568 4977 νικῶσαν,
1583 4913 1678 4980 τῆς
1693 4912 1869 4974 δεξιᾶς

326 5001 520 5068 μοίρας
544 5001 880 5072 ἀξιούμενοι*
918 5004 1012 5055 καὶ
1043 5003 1227 5070 ὄνομα
1260 5003 1468 5055 καινὸν
1514 5005 1578 5071 τῇ
1625 5000 1871 5069 παρούσῃ

321 5089 436 5156 ζωῇ
457 5091 813 5160 ἀγνοούμενον
846 5109 859 5122 ·
886 5093 1158 5162 ὀφθαλμὸς
1201 5093 1307 5162 γὰρ
1352 5094 1449 5148 οὐκ
1487 5088 1614 5156 εἶδε,
1644 5094 1735 5144 καὶ
1777 5090 1870 5149 οὓς

320 5178 423 5228 οὐκ
453 5180 668 5245 ignauos,
695 5182 785 5232 καὶ
813 5180 933 5242 νοῦς
953 5181 1012 5232 ού
1038 5180 1298 5233 κατέλαϐε
1332 5185 1400 5234 τὰ
1437 5181 1614 5247 ἁγαθὰ
1638 5182 1702 5233 τὰ
1736 5179 1865 5248 μέλ⁹

322 5270 500 5333 λοντα,
519 5274 610 5322 καὶ
630 5272 688 5322 τὸ
707 5273 889 5324 καινὸν
902 5272 1089 5341 ὄνομα,
1106 5272 1190 5328 ὃοὶ
1217 5274 1359 5338 ἅγιοι
1383 5272 1866 5340 κληρονομήσουσι.

1971 4636 2162 4691 saeculo
2190 4636 2394 4689 sanctis
2442 4634 2671 4702 reposita
2704 4643 2828 4687 sunt
2853 4673 2869 4698 ,
2900 4650 3089 4686 uiarum
3141 4647 3357 4702 quoque
3416 4648 3514 4699 ap-

1973 4728 2271 4797 pellantur;
2330 4736 2388 4779 ut
2437 4741 2558 4795 qua:
2613 4735 2667 4778 et
2716 4726 2928 4778 caelitus
2962 4725 3271 4785 veniant,et
3300 4724 3350 4775 in
3380 4725 3519 4776 ctelo

1982 4825 2212 4879 tantum,
2270 4816 2414 4883 quod
2477 4815 2585 4868 alio
2637 4814 2854 4867 nomine
2931 4829 3154 4879 superna
3226 4811 3516 4864 Jerusalem

1977 4915 2214 4966 vocatur,
2251 4905 2404 4972 plene
2444 4905 2745 4972 obtingant.
2795 4903 3000 4955 Horum
3036 4911 3214 4955 autem
3251 4902 3516 4953 bonorum

1979 5004 2093 5048 tuta
2141 4993 2482 5064 possessione
2514 4992 2589 5046 illi
2632 4993 2846 5045 demum
2889 4991 3180 5058 potientur,
3217 4989 3310 5056 qui
3339 4988 3519 5041 diabo-

1980 5084 2092 5137 lqu
2150 5091 2201 5135 et
2238 5081 2500 5134 mundum
2552 5081 2817 5134 vicerunt.
2858 5077 3144 5144 Accepturi
3173 5077 3330 5130 iidem
3381 5089 3518 5144 quo-

1977 5191 2080 5242 que
2102 5180 2226 5228 sunt
2260 5172 2540 5224 candidum
2585 5173 2926 5236 victoremque
2970 5167 3227 5220 calculum
3271 5181 3289 5221 ;
3337 5173 3518 5241 utpote

1976 5267 2091 5335 qui,
2125 5274 2184 5317 ut
2241 5263 2303 5315 ad
2354 5260 2561 5316 Judicis
2616 5261 2891 5314 dexteram
2947 5259 3315 5320 collocentur,
3363 5256 3517 5325 digni

327 5367 688 5418 habebuntur.
743 5367 1023 5435 Accipient
1074 5369 1285 5420 tandem
1361 5384 1465 5419 una
1537 5381 1660 5420 cum
1720 5363 1933 5416 calculo
1996 5375 2176 5414 nomen
2222 5374 2406 5410 novum
2441 5397 2456 5423 ,
2511 5355 2864 5427 prtesentique
2918 5352 3042 5407 huic
3111 5352 3230 5405 vitae
3299 5365 3519 5419 prorsus

322 5459 682 5526 incognitum.
737 5456 940 5514 Oculus
985 5458 1130 5513 enim
1185 5474 1290 5511 non
1365 5458 1538 5518 vidit.
1605 5471 1704 5509 nec
1779 5454 1928 5507 auris
1985 5452 2225 5514 audivit,
2289 5463 2460 5518 neque
2532 5462 2684 5500 tuens
2755 5447 2989 5498 humana
3063 5439 3463 5511 comprehcndit
3501 5477 3518 5500 ,

327 5567 452 5619 qua:
512 5563 829 5622 quantaque
875 5553 928 5606 in
997 5553 1178 5606 luturo
1227 5569 1341 5608 aevo
1420 5560 1714 5622 przeparata
1773 5558 1896 5602 sunt
1922 5546 2110 5615 justis;
2140 5546 2276 5599 sicut
2311 5559 2410 5599 nec
2457 5556 2650 5597 nomen
2706 5552 2924 5610 quoque
2955 5533 3087 5589 illud
3118 5549 3337 5598 novum,
3374 5531 3520 5602 quod

325 5646 489 5700 iidem
524 5646 597 5698 illi
648 5656 833 5713 pacate
871 5646 1241 5713 possidebunt.
