4276 6438
273 486 382 548 219

1225 485 1830 555 COMMENTARIUS
1868 495 1946 554 IN
1989 493 2510 556 APOCALYPSIN.

3412 505 3523 566 950

286 598 461 666 Ἀρχὴ
490 595 568 668 [δὲ
602 597 714 666 τῆς
741 598 994 663 κτίσεως
1087 598 1208 649 ἀντὶ
1257 601 1375 664 τοῦ,
1410 602 1665 671 βασιλεία
1693 621 1704 632 ·
1749 604 1844 656 καὶ
1873 604 1918 659 Λ
1950 603 1975 670 il

1829 604 1918 659 tA
1950 603 2277 670 ipsissimam
2336 605 2616 658 veritatem
2671 619 2764 673 per
2806 607 3124 670 essentiam.
3177 608 3278 662 hac
3337 615 3518 680 pbrasi

270 689 416 759 ἀρχὴ
447 689 686 752 πάντων,
713 691 788 752 ὡς
817 689 925 742 τῶν
950 691 1265 758 κτισμάτων
1285 693 1638 756 δεσπόζουσα.
1684 695 1737 746 ’Λ
1750 695 1852 766 ρχὴ

271 779 384 848 γὰρ
437 777 578 850 [τῆς]
631 780 862 843 κτίσεως
933 781 968 850 ή
1019 783 1474 853 προκαταρκτικὴ
1549 783 1698 835 αἰτία
1756 784 1853 835 καὶ

271 873 554 933 ἄκτιστος.

350 1049 492 1102 Οἶδά
537 1065 653 1103 σου
691 1053 762 1103 τὰ
809 1052 978 1119 ἔργα·
1020 1051 1108 1104 ὅτι
1157 1053 1294 1104 οὔτε
1329 1051 1562 1119 ψυχρὸς
1601 1039 1674 1117 sl,
1712 1054 1850 1106 οὔτε

274 1141 482 1203 ζεστός
540 1142 649 1212 [ὅτι
703 1143 947 1208 χλιαρὸς
975 1138 1072 1212 εἷ].
1114 1143 1381 1209 Ὄφελον
1426 1144 1661 1210 ψυχρὸς
1692 1139 1766 1212 ἧς
1812 1145 1847 1212 ἢ

273 1230 506 1294 (sorde!
531 1232 729 1296 Οῡτως
769 1233 858 1284 ὅτι
895 1232 1146 1301 χλιαρὸς
1181 1228 1255 1296 εἴ,
1284 1233 1382 1285 καὶ
1424 1235 1560 1286 οὔτε
1619 1233 1846 1300 ζεστὸς,

273 1323 414 1374 οὔτε
443 1325 699 1390 ψυχρός.

347 1415 455 1466 Καὶ
501 1417 530 1466 ὁ
562 1414 820 1481 Θεολόγος
864 1415 997 1484 φησὶ
1035 1415 1360 1486 Γρηγόριος·
1395 1407 1541 1468 Δέον
1592 1412 1848 1484 ἀκριϐῶς

272 1503 414 1570 ζεῖν,
435 1506 471 1573 ἣ
490 1506 741 1574 ἀκριϐῶς
757 1507 1118 1574 ἀπεψύχθαι.
1145 1508 1380 1570 Εἰκότως
1408 1524 1419 1536 ·
1439 1510 1466 1559 ὁ
1493 1508 1589 1577 μὲν
1615 1510 1721 1578 γὰρ
1743 1509 1846 1578 ψυ·

273 1597 427 1667 χρὸς,
456 1600 549 1649 καὶ
574 1599 671 1667 τῆς
693 1597 917 1667 ζεούσης
963 1599 1199 1660 πίστεως
1231 1600 1518 1666 ἄγευστος,
1578 1602 1635 1650 ἐν
1671 1601 1844 1653 ἐλπίδι

270 1688 536 1749 πολλάκις
579 1688 727 1740 ἔσται
775 1688 869 1741 τοῦ
931 1691 1116 1757 τυχεῖν
1147 1689 1316 1757 αὐτῆς
1350 1706 1362 1718 ’
1389 1689 1416 1740 ὁ
1451 1690 1506 1741 δὲ
1553 1689 1716 1753 ζέσας
1756 1691 1844 1744 διὰ

267 1774 363 1826 τοῦ
409 1775 788 1845 βαπτίσματος
816 1777 892 1847 τῷ
920 1778 1216 1847 Πνεύματι,
1256 1780 1346 1831 καὶ
1385 1779 1718 1849 ἀποψυχθεὶς
1756 1781 1844 1834 διὰ

269 1868 548 1938 ῥαθυμίαν
589 1870 841 1941 ὕστερον,
872 1871 1049 1941 ἑαυτῷ
1096 1872 1192 1933 τὰς
1239 1872 1463 1933 ἐλπίδας
1516 1873 1613 1940 τῆς
1665 1890 1841 1942 σωτη-

269 1958 395 2025 ρίας
441 1959 690 2029 ἐξέκοψε,
716 1962 1018 2026 καταγνοὺς
1076 1962 1172 2030 τῆς
1224 1961 1534 2030 αἱρεθείσης
1582 1965 1836 2024 πίστεως.

273 2048 500 2117 Ἔργοις
541 2050 640 2118 μὲν
668 2049 775 2120 γὰρ
805 2050 906 2103 οὐκ
937 2052 1299 2118 ἀπογνωστέα
1343 2052 1374 2120 ἡ
1423 2053 1653 2120 μεσότης
1685 2068 1699 2084 ⁸
1730 2051 1836 2104 ῶσ-

265 2157 375 2206 περ
406 2142 434 2190 ὁ
462 2141 683 2210 ἔννομος
712 2144 904 2212 γάμος,
945 2143 1108 2212 μέσος
1137 2143 1212 2194 ὢν
1239 2143 1534 2212 παρθενίας
1561 2144 1658 2196 καὶ
1695 2159 1831 2214 πορ-

265 2233 435 2293 νείας,
465 2233 562 2284 οὐκ
593 2234 914 2304 ἀπόόλητος·
946 2237 1001 2287 ὲν
1030 2234 1084 2287 δὲ
1113 2237 1179 2304 τῇ
1211 2236 1408 2299 πίστει,
1438 2235 1497 2287 τὸ
1543 2236 1708 2306 μέσον
1740 2235 1835 2290 καὶ¹

263 2323 488 2394 χλιαρὸν
511 2325 790 2395 ἀδόκιμον.

1959 693 2252 749 indicatur.
2282 686 2516 747 Vocatur
2548 705 2727 748 autem
2748 708 3005 751 creatura-
3025 700 3367 768 principium,
3394 707 3520 770 quia

1952 791 2035 836 est
2061 785 2425 851 primordialis
2456 795 2508 838 et
2539 787 2777 842 inereata
2808 788 3053 856 ejusdem
3086 807 3300 844 causa-z
3339 795 3422 846 vel
3453 798 3521 847 ob

1954 873 2004 926 id
2035 882 2299 927 creatura:
2354 875 2495 944 ἀρχὴ
2547 888 2791 942 vocatur,
2824 881 2953 948 quia
2987 881 3297 934 absolutum
3346 884 3399 936 in
3437 901 3523 938 res

1953 967 2140 1015 omnes
2164 961 2451 1029 productas
2486 963 2846 1032 principatum
2875 978 3043 1022 tenet.

2021 1050 2107 1113 ΙΙΙ,
2145 1045 2229 1118 13,
2264 1053 2348 1106 16.
2387 1051 2507 1106 Scio
2540 1072 2696 1122 opera
2730 1066 2839 1120 tua,
2881 1061 3018 1127 quod
3077 1071 3240 1132 neque
3286 1064 3518 1133 frigidus

1949 1160 2023 1204 es,
2054 1159 2213 1210 neque
2236 1143 2442 1196 calidus
2475 1161 2493 1196 :
2526 1147 2727 1199 utinam
2785 1148 3006 1216 frigibus
3049 1169 3204 1218 esses,
3247 1165 3340 1208 aut
3389 1157 3523 1210 cali‘

1948 1236 2084 1287 dus!
2114 1234 2216 1288 Sed
2256 1237 2379 1305 quia
2424 1238 2626 1304 tepidus
2650 1254 2725 1301 es,
2753 1249 2921 1294 etnec
2962 1241 3191 1311 frigidus
3242 1263 3334 1300 nec
3386 1250 3520 1300 catl-

1948 1327 2070 1392 dus,
2120 1328 2369 1395 incipiam
2422 1339 2468 1381 te
2495 1337 2724 1382 evomere
2756 1347 2821 1382 ea:
2837 1348 2922 1385 ore
2955 1350 3085 1387 meo.

2019 1419 2155 1471 Cum
2187 1419 2460 1472 hominem
2496 1429 2747 1474 accurate
2774 1422 2973 1489 vivere,
3010 1426 3110 1479 hoc
3136 1435 3238 1488 est,
3268 1428 3346 1480 vel
3373 1429 3507 1482 insi-

1949 1511 2116 1578 gniter
2164 1510 2380 1578 fervere,
2419 1512 2497 1564 vel
2550 1513 2826 1578 insigniter
2857 1513 3044 1582 frigere
3083 1528 3357 1584 oporteat,
3402 1536 3514 1574 me-

1948 1600 2052 1653 rito
2079 1599 2586 1668 (inquitGregot-ius
2619 1601 2946 1674 Theologus)
2967 1604 3129 1659 dicit:
3165 1606 3381 1660 Utinam
3417 1610 3516 1677 fri-

1946 1690 2097 1759 gidus
2121 1700 2209 1744 aut
2240 1692 2470 1758 fervidus
2497 1696 2670 1746 esses!
2702 1693 2978 1764 Siquidem
3029 1697 3122 1765 qui
3175 1700 3397 1752 omnino
3422 1701 3518 1752 ad-

1948 1783 2052 1835 huc
2088 1783 2268 1851 friget,
2297 1784 2396 1836 hoc
2419 1793 2521 1849 est,
2554 1784 2811 1838 ferventis
2839 1787 2958 1839 ﬁdei
2991 1802 3182 1841 exsors
3213 1796 3318 1849 cst,
3358 1799 3515 1857 pror-

1944 1886 2038 1927 sus
2070 1889 2218 1942 spem
2253 1873 2381 1926 facit
2410 1874 2522 1927 fore
2552 1883 2609 1928 ut
2637 1891 2756 1929 eam
2792 1877 3083 1944 aliquando
3123 1891 3514 1947 consequatur,

1941 1962 2186 2032 adeoque
2215 1978 2278 2016 ex
2329 1961 2522 2032 frigido
2571 1963 2811 2019 fervidus
2838 1968 3073 2020 evadat:
3130 1977 3184 2022 at
3246 1984 3376 2022 vero
3423 1969 3515 2037 qui

1939 2072 2033 2126 per
2060 2057 2394 2125 baptismum
2445 2057 2637 2126 spiritu
2695 2057 2933 2114 fervidus
2963 2061 3129 2114 semel
3186 2062 3420 2127 exstitit,
3464 2068 3517 2115 et

1937 2155 2123 2213 postea
2157 2159 2251 2214 per
2283 2147 2548 2214 ignaviam
2583 2146 2834 2215 intepuit.
2874 2149 2962 2201 ille
2989 2149 3183 2202 salutis
3209 2166 3361 2218 spem
3412 2149 3513 2202 sibi

1937 2239 2035 2307 ipsi
2071 2239 2472 2307 quodammodo
2511 2242 2830 2309 amputavit;
2884 2242 2984 2294 fide
3022 2243 3304 2305 nimirum,
3352 2256 3513 2310 quam

1937 2339 2060 2384 ante
2095 2331 2407 2398 complexus
2435 2326 2740 2396 videbatur,
2781 2335 3080 2402 repudiata.
3118 2335 3262 2387 Sane
3296 2336 3348 2385 in
3386 2348 3516 2401 ope.—

263 2415 419 2469 ribus
450 2418 706 2480 externis,
741 2418 883 2486 quod
937 2418 1177 2472 medium
1235 2427 1436 2484 servat,
1465 2421 1571 2472 nan
1629 2429 1712 2474 est
1762 2433 1978 2490 semper
2023 2420 2413 2490 respuendum.
2474 2425 2629 2491 quasi
2667 2440 2791 2476 cum
2866 2425 2999 2477 vitio
3031 2421 3101 2478 sit
3162 2426 3514 2494 conjunclunt

266 2516 466 2577 (neque
503 2512 650 2566 enim
689 2513 986 2580 legitimum
1027 2513 1368 2581 conjugium,
1413 2515 1556 2581 quod
1595 2515 1828 2569 medium
1855 2522 2000 2567 tenet
2033 2515 2174 2568 inter
2234 2513 2559 2584 virginitatis
2622 2517 2930 2568 custodiant
2995 2527 3048 2569 et
3105 2531 3291 2584 vagam
3330 2516 3514 2570 libidi-

263 2619 413 2669 nem,
435 2613 517 2658 est
544 2605 1060 2675 condemnandum).
1085 2606 1154 2659 At
1185 2621 1310 2658 vero
1341 2605 1597 2668 medium,
1640 2608 1743 2662 hoc
1772 2616 1854 2661 est
1882 2605 2120 2674 tepidum
2157 2607 2206 2659 in
2236 2608 2358 2671 ﬁde,
2388 2608 2508 2675 jure
2538 2608 2606 2658 ab
2642 2608 2893 2661 omnibus
2937 2607 3297 2675 improbatur.

333 2695 547 2750 Μέλλω
595 2713 668 2749 σε
699 2696 904 2763 ἐμέσαι
949 2697 1019 2749 ἐκ
1053 2697 1157 2749 τοῦ
1197 2699 1492 2764 στόματός
1543 2717 1661 2766 μου
1689 2718 1700 2729 ·
1737 2693 1828 2752 ὅτι

261 2786 480 2855 λέγεις,
508 2787 807 2852 Πλούσιός
838 2789 974 2855 εἰμι,
1001 2787 1097 2838 καὶ
1136 2789 1547 2853 πεπλούτηκα,
1581 2791 1678 2842 καὶ
1729 2792 1829 2844 οὐ·

261 2877 439 2941 δενὸς
495 2877 702 2944 χρείαν
751 2878 889 2945 ἔχω.
953 2879 1058 2932 Καὶ
1122 2881 1234 2930 οὐκ
1291 2873 1460 2943 οἶδας
1514 2877 1604 2931 ὅτι
1660 2879 1741 2932 σὺ
1781 2883 1832 2933 εὶ

261 2968 295 3017 ὁ
343 2967 736 3032 ταλαίπωρος,
772 2965 891 3034 [καὶ
939 2964 1245 3035 ἐ.ῑεεινὸς,]
1291 2967 1386 3018 καὶ
1430 2965 1684 3035 πτωχὸς,
1737 2963 1834 3020 καὶ

263 3057 518 3124 τυφλὸς,
550 3058 646 3108 καὶ
686 3059 932 3124 γυμνός.

327 3148 540 3218 Ὠσπερ
587 3150 716 3218 γὰρ,
747 3150 900 3218 φησὶ,
946 3149 1005 3200 τὸ
1037 3150 1255 3220 χλιαρὸν
1300 3150 1497 3220 ἔμετον
1549 3147 1688 3201 κινεῖ
1723 3151 1834 3212 τοῖς

2003 2693 2086 2759 Ill,
2122 2698 2205 2761 16,
2243 2699 2329 2750 17.
2356 2697 2613 2764 Incipiam
2651 2709 2700 2751 te
2738 2711 2971 2750 evomere
3000 2713 3063 2750 ex
3090 2715 3180 2750 ore
3217 2716 3349 2764 meo,
3387 2700 3514 2769 quia

1931 2788 2060 2841 dicis
2101 2805 2117 2842 :
2147 2788 2303 2841 Dives
2335 2805 2472 2852 sum,
2503 2799 2548 2840 et
2574 2789 2946 2856 locupletatus,
2975 2798 3022 2841 et
3055 2788 3248 2841 nullius
3286 2806 3438 2859 egeo;
3464 2796 3516 2844 et

1933 2881 2093 2930 nescis
2118 2880 2242 2947 quia
2268 2889 2322 2930 tu
2362 2895 2414 2932 es
2449 2880 2626 2943 miser,
2660 2887 2710 2932 et
2757 2879 3095 2942 miserabilis,
3138 2890 3187 2932 et
3214 2893 3434 2948 pauper,
3465 2887 3516 2936 et

1931 2982 2120 3032 σαντα-ς,
2152 2976 2200 3021 et
2223 2969 2416 3021 nudus.

2013 3137 2503 3207 Quemadmodum,
2544 3143 2740 3212 inquit,
2764 3145 3004 3213 tepidum
3056 3145 3121 3199 iis
3151 3146 3296 3200 ciere
3333 3147 3510 3200 vomi-

263 3240 792 3308 μεταλαμϐάνουσιν,
824 3241 964 3292 οὕτω
985 3240 1136 3307 κάγώ
1157 3259 1211 3292 σε
1234 3242 1307 3303 ὡς
1327 3239 1612 3309 aestuum
1640 3239 1832 3310 βρῶμα
1863 3236 1900 3290 C
1938 3242 1952 3287 l

1825 3260 1832 3292 ι
1863 3236 1900 3290 C
1938 3242 2050 3287 tum
2089 3236 2226 3289 solet
2267 3235 2358 3304 qui
2401 3236 2528 3289 illud
2558 3246 2884 3300 assumunt,
2920 3238 2992 3291 ita
3029 3253 3127 3306 ego
3172 3254 3390 3308 quoque
3421 3254 3514 3309 per

259 3329 446 3397 ὲμέσω
475 3330 563 3382 διὰ
595 3330 751 3396 λόγου
781 3331 1042 3398 στόματός
1073 3349 1174 3400 μου
1204 3333 1286 3394 εἰς
1321 3329 1535 3384 αἰώνιον
1567 3331 1784 3383 κόλασιν
1817 3349 1829 3362 ·

261 3422 346 3473 ὅτι
374 3423 489 3483 ταῖς
523 3421 783 3484 ἀκάνθαις
810 3421 902 3473 τοῦ
937 3422 1166 3474 πλούτου
1200 3421 1289 3475 τὸν
1316 3424 1514 3493 σπόρον
1541 3424 1633 3475 τοῦ
1688 3425 1830 3477 θείου

258 3513 423 3580 λόγου
474 3513 875 3581 συμπνίγουσα,
909 3514 1007 3584 τὴν
1050 3515 1248 3582 ἑαυτῆς
1274 3516 1330 3566 ὲν
1373 3517 1482 3577 τοῖς
1529 3533 1831 3584 πνευματι-

261 3607 378 3667 κοῖς
435 3605 648 3670 ἀγνοεῖς
684 3605 975 3672 πτωχείαν,
1042 3605 1137 3657 καὶ
1188 3605 1286 3674 τὴν
1318 3605 1426 3658 τῶν
1452 3608 1660 3675 νοητῶν
1689 3606 1830 3678 [σου]

258 3697 556 3765 ὀφθαλμῶν
607 3696 901 3766 τύφλωσιν,
933 3697 1026 3749 καὶ
1069 3698 1167 3766 τὴν
1197 3697 1255 3761 ἐξ
1307 3698 1527 3764 ἀγαθῶν
1580 3699 1831 3768 πράξεων

261 3788 568 3858 γύμνωσιν.
889 3771 897 3781 ⁸

331 3971 723 4036 Συμϐουλεύω
768 3984 863 4021 σοι
902 3967 1191 4034 ἀγοράσαι
1227 3966 1363 4033 παρ’
1395 3965 1540 4035 ἐμοῦ
1571 3968 1830 4035 χρυσίον

257 4060 688 4128 πεπυρωμένον
734 4060 802 4111 ἐκ
855 4061 1064 4126 πυρί-ς,
1122 4060 1221 4111 ἵνα
1278 4057 1660 4124 πλουτήσῃς·
1731 4059 1829 4111 καὶ

257 4151 458 4221 ἱμάτια
485 4151 693 4214 λευκὰ,
721 4151 821 4203 ἵνα
851 4149 1162 4217 περτίῖάλῃ,
1200 4149 1297 4202 καὶ
1334 4150 1416 4217 μὴ
1449 4149 1757 4217 φανερωθῇ
1793 4151 1829 4217 ἠ

256 4245 521 4310 αἰσχύνη
570 4242 680 4310 τῆς
726 4243 1094 4310 γυμνότητός
1147 4257 1292 4293 σου·
1351 4241 1446 4292 καὶ
1506 4241 1829 4309 κολλύριον

256 4336 543 4404 ἐγχρισον
573 4334 712 4399 τοὺς
751 4333 1095 4401 ὀφθαλμούς
1123 4347 1260 4394 σου,
1293 4333 1392 4384 ἵνα
1421 4330 1684 4399 βλέπῃς.

329 4427 394 4478 Et
435 4425 491 4476 δὲ
540 4423 836 4492 πλουτῆσαι
882 4422 1066 4494 βούλῃ,
1105 4424 1258 4492 φησὶ,
1317 4422 1670 4492 συμϐουλεύω
1722 4439 1827 4488 σοι,

256 4519 388 4586 παρ’
438 4517 572 4585 ἐμοῦ
618 4515 712 4569 τοῦ
771 4515 1148 4578 πλουτίζοντος
1205 4513 1503 4583 κτήσασθαι
1569 4513 1826 4584 προθέσει

1937 3329 2161 3382 verbum
2196 3332 2312 3381 oris
2360 3328 2463 3380 mei
2523 3337 2573 3381 te
2609 3328 2773 3380 veluti
2803 3331 3190 3383 exsecrabilem
3217 3347 3396 3385 escam
3458 3333 3510 3386 in

1935 3421 2330 3488 sempiternum
2363 3419 2685 3487 supplicium
2715 3434 2997 3487 exspuam.
3028 3420 3164 3474 Nam
3197 3423 3510 3477 divitiarum

1935 3511 2106 3578 Spinis
2139 3509 2564 3570 obsitus,divini
2609 3510 2758 3562 verbi
2797 3525 2979 3563 semen
3016 3513 3067 3564 in
3126 3523 3177 3565 te
3218 3513 3507 3582 prmlocas,

1934 3611 2191 3671 tuamque
2222 3603 2271 3655 in
2293 3603 2452 3656 rebus
2469 3600 2811 3669 spiritalibus
2848 3601 3083 3670 inopiam
3120 3601 3344 3671 ignoras
3369 3620 3383 3662 ;
3413 3619 3511 3657 ne-

1933 3709 2038 3763 que
2067 3695 2389 3747 interiorum
2423 3693 2707 3746 oculorum
2738 3705 2956 3745 tuorum
2987 3693 3286 3746 caecitatem
3323 3708 3504 3755 curas,

1935 3801 2110 3856 neque
2142 3794 2287 3839 tuam
2315 3797 2533 3854 quoque
2560 3783 2769 3837 a‘bonls
2798 3784 3059 3853 operibus
3086 3784 3385 3838 nuditatem
3419 3799 3511 3839 sa-

1934 3880 2003 3932 tis
2039 3887 2293 3932 accurate
2318 3878 2657 3931 consideras.

2006 3971 2106 4038 17
2131 3961 2217 4031 111,
2247 3967 2328 4023 l8.
2365 3961 2574 4022 Suadeo
2605 3967 2702 4020 tibi
2721 3982 2889 4021 emere
2916 3983 2947 4019 a
2971 3982 3051 4019 me
3073 3981 3262 4019 aurum
3289 3967 3512 4035 ignitum

1931 4061 2242 4128 probatum,
2277 4070 2334 4113 ut
2385 4059 2615 4126 locuples
2651 4059 2751 4126 fias
2782 4073 2799 4110 :
2826 4068 2874 4110 et
2903 4058 3224 4110 vestimentis
3255 4056 3390 4109 albis
3424 4057 3510 4108 in-

1931 4153 2148 4216 duaris,
2186 4163 2241 4204 ut
2282 4168 2384 4203 non
2424 4160 2677 4219 appareat
2707 4149 2948 4215 confusio
2987 4149 3246 4201 nuditatis
3280 4160 3384 4201 tua:
3414 4165 3432 4201 :
3463 4158 3513 4199 et

1931 4244 2151 4312 collyrio
2186 4243 2378 4312 innng'c
2409 4244 2586 4295 oculos
2626 4253 2762 4306 tuos,
2799 4251 2855 4293 ut
2885 4242 3081 4293 rideas.

2001 4418 2058 4473 Si
2087 4419 2354 4473 ditescere
2395 4417 2579 4483 lubet,
2621 4432 2651 4471 a
2695 4433 2796 4481 me,
2837 4417 3032 4486 inquit,
3068 4417 3161 4485 qui
3197 4431 3351 4469 veras
3401 4427 3513 4470 sta-

1933 4511 2175 4579 bilesque
2197 4526 2328 4580 opes
2369 4510 2593 4580 largior,
2629 4508 2862 4563 ferventi
2893 4509 3164 4562 desiderio
3203 4511 3513 4574 volcntiquc

256 4609 459 4679 ζεούσῃ
495 4609 587 4660 καὶ
622 4608 818 4677 καρδία
852 4605 1101 4678 θελούσῃ,
1150 4606 1368 4675 χρυσίον
1399 4605 1823 4674 πεπυρωμένον,
1863 4584 1904 4638 D
1935 4618 1945 4655 :

1822 4653 1823 4658 η
1863 4584 1904 4638 Ῑ)
1935 4603 2116 4655 anlmo
2145 4602 2373 4671 ignitum
2400 4616 2593 4654 aurum
2613 4602 2813 4663 emito;
2837 4614 3030 4666 nempe
3057 4613 3226 4652 sacra:
3252 4600 3511 4653 doctrina:

257 4696 494 4768 [ἤγουν]
534 4696 625 4748 τὸν
674 4695 1050 4747 διδασκαλικὸν
1096 4693 1272 4760 λόγον,
1315 4693 1404 4745 τὸν
1434 4694 1510 4762 τῷ
1545 4696 1677 4760 πυρὶ
1716 4693 1825 4744 τῶν

257 4788 585 4858 πειρασμῶν
621 4785 1103 4856 λαμπρυνόμενον·
1136 4777 1204 4838 δι’
1232 4778 1292 4838 οὗ
1329 4780 1464 4850 ἕξεις
1499 4787 1556 4837 ἐν
1588 4788 1652 4854 τῇ
1689 4803 1824 4854 καρ-

254 4878 344 4946 δίᾳ
389 4877 478 4928 τὸν
509 4876 783 4945 θησαυρὸν
814 4875 1027 4937 ἄσυλον,
1067 4875 1160 4926 καὶ
1195 4874 1459 4943 περιϐαλῇ
1498 4874 1594 4940 τὴν
1630 4874 1824 4944 στολὴν

255 4969 363 5020 τῶν
395 4967 605 5036 ἀρετῶν
638 4968 733 5036 τὴν
777 4967 1198 5038 ὑπέρλαμπρον
1236 4966 1302 5017 δι’
1332 4962 1398 5036 ἦς
1440 4969 1472 5036 ὴ
1533 4983 1824 5034 προσγενο-

259 5059 399 5127 μένη
452 5076 532 5110 σοι
585 5059 644 5122 ἐξ
697 5057 966 5124 ἁμαρτίας
1023 5057 1468 5126 ἀμφιασθὴσεται
1522 5057 1823 5126 γύμνωσις.

258 5150 592 5213 Κολλύριον
616 5148 693 5211 δὲ,
719 5149 751 5214 ἡ
775 5146 1146 5216 ἁκτημοσύνη.
1180 5147 1238 5198 Εἰ
1264 5147 1371 5216 γὰρ
1396 5148 1544 5218 δῶρα
1569 5147 1825 5215 ἐκτυφλοί

253 5240 569 5309 ὀφθαλμοὺς
607 5239 934 5308 βλεπόντων,
975 5241 1195 5300 τούτους
1234 5239 1451 5302 πάντως
1516 5240 1719 5306 ἀνοίγει
1762 5240 1824 5292 τὸ

254 5330 530 5398 ἀδωροδὸκ
541 5346 684 5397 ητον.

340 5503 486 5576 Ἐγὼ
517 5505 698 5572 ὅσους
749 5507 857 5558 ἐὰν
907 5505 1081 5575 φιλῶ,
1129 5507 1354 5576 ἐλέγχω
1400 5507 1498 5560 καὶ
1541 5507 1818 5563 παιδεύω.

256 5595 551 5663 Ζήλωσον
579 5591 692 5650 οὖν
717 5597 814 5649 καὶ
838 5599 1242 5665 μετανόησον.

328 5686 346 5758 [
377 5689 523 5756 Ἐγὼ
549 5687 733 5752 ὅσους
767 5688 872 5740 ἐὰν
904 5687 1079 5756 φιλῶ,
1109 5689 1351 5757 ἐλέγχω.
1380 5720 1450 5729 --
1475 5689 1492 5759 ]
1529 5690 1700 5744 Βαόαὶ
1723 5692 1822 5759 τῆς

260 5782 699 5852 φιλανθρωπίαςὶ
728 5783 866 5853 πόσῃ
888 5783 1181 5850 ἀγαθότητι
1214 5783 1240 5834 ό
1275 5783 1490 5851 ἔλεγχος
1527 5784 1817 5852 κέκραταιῖ

345 5873 496 5930 Ἰδοὺ
541 5874 765 5940 ἕστηκα
806 5876 899 5928 ἐπὶ
941 5876 1050 5942 τὴν
1089 5876 1292 5942 θύραν,
1328 5875 1419 5926 καὶ
1461 5877 1680 5942 κρούω·
1715 5878 1821 5928 ἐὰν

1931 4693 2151 4746 verbum
2199 4693 2323 4759 igne
2358 4691 2720 4745 tentationum
2753 4691 3096 4758 exploratum
3135 4689 3512 4757 splendidum-

1929 4799 2033 4853 que
2079 4783 2369 4836 redditum.
2423 4782 2526 4836 Per
2567 4783 2672 4836 hoc
2718 4782 2861 4835 enim
2910 4781 3062 4834 cordi
3111 4780 3508 4846 tuo‘ejusuiodi

1930 4875 2218 4927 thesaurus
2258 4873 2526 4940 obtinget,
2555 4873 2646 4940 qui
2675 4887 2774 4925 nec
2806 4872 2994 4924 violari
3043 4885 3142 4924 nec
3165 4870 3326 4937 diripi
3356 4870 3512 4922 facile

1929 4965 2143 5032 poterit.
2177 4962 2553 5032 Vestierisque
2587 4963 2869 5032 splendida
2917 4964 3183 5016 virtutum
3210 4962 3373 5022 stola,
3403 4976 3511 5028 qua

1929 5055 2163 5114 nuditas,
2201 5068 2370 5122 quam
2399 5068 2466 5106 ex
2497 5062 2722 5121 peCeato
2750 5060 3126 5111 contraxeras,
3163 5061 3507 5117 contegi-tur.

1929 5138 2029 5197 Per
2073 5144 2350 5212 collyrium
2389 5151 2569 5196 autem
2613 5143 2850 5195 intulere
2890 5143 3110 5196 videtur
3157 5150 3506 5192 externarum

1928 5248 2105 5287 rerum
2135 5235 2436 5302 penuriam,
2471 5244 2872 5300 mulierumque
2900 5231 3336 5298 despicientiam.
3368 5227 3502 5279 Nam

1926 5323 1969 5378 si
2005 5325 2147 5378 dona
2214 5325 2510 5377 videntium
2548 5325 2739 5377 oculos
2780 5330 3090 5384 excaecant,
3114 5321 3348 5374 omnino
3383 5335 3503 5372 mu-

1927 5429 2114 5468 nerum
2148 5415 2486 5483 contemptio
2513 5415 2614 5468 bos
2643 5414 2872 5483 aperiet.

1995 5505 2083 5570 Ill,
2116 5507 2197 5561 l9.
2235 5505 2346 5576 Ego
2370 5521 2497 5576 quos
2524 5523 2662 5566 amo.
2684 5521 2849 5574 arguo
2877 5513 2925 5557 et
2965 5503 3187 5571 castigo.
3221 5500 3505 5555 .Emulare

1922 5611 2042 5668 ergo
2061 5640 2075 5661 ,
2104 5609 2150 5652 et
2173 5599 2531 5665 paenitentiam
2565 5613 2680 5667 age.

1995 5689 2182 5759 Papus!
2233 5699 2436 5758 quanta
2483 5689 2576 5743 Dei
2620 5687 2946 5744 clementia!
2988 5699 3188 5756 quanta
3233 5687 3503 5741 suavitate

1924 5793 1977 5838 et
2007 5782 2337 5849 benignitate
2373 5781 2852 5849 reprehensionem
2886 5780 3177 5848 temperat!

1999 5873 2086 5942 Ill,
2113 5875 2202 5930 ‘20.
2248 5879 2358 5942 qu
2396 5886 2479 5929 sto
2515 5875 2583 5928 ad
2615 5875 2804 5930 ostium
2850 5883 2896 5926 et
2931 5873 3102 5940 pulso.
3156 5872 3213 5926 Si
3245 5872 3358 5938 quis
3399 5887 3496 5920 utt-
