4276 6438
249 365 356 426 257

1204 367 1807 426 COMMENTARIUS
1847 367 1927 425 ΙΝ
1969 368 2498 429 ΛΡΟΟᾹΙᾹῬΞῙΝ.

3387 372 3495 432 258

253 477 365 524 εἶτε
413 473 508 535 ti;
568 474 763 539 ἀρπᾶς
827 474 923 535 τὰς
972 475 1263 542 τέσσαρας,
1318 475 1411 525 καὶ
1459 474 1527 525 τὰ
1584 475 1942 543 τέσσαραΛε

1815 493 1829 525 ι
1858 482 1900 536 Λ
1932 477 2045 531 sive
2084 477 2137 528 in
2164 491 2308 543 aere,
2347 480 2461 532 sive
2491 479 2595 532 sub
2627 488 2770 534 terra
2809 480 3077 536 exsistant
3102 520 3119 544 ,
3143 481 3452 538 dominatus
3490 525 3504 548 ,

255 565 584 630 Εὑαγγὲλια,
615 564 687 625 ὡς
711 565 915 635 ἑτέροις
953 565 1129 627 καλῶς
1166 565 1308 632 ἔχειν
1342 565 1649 631 λελόγισται
1673 581 1687 595 θ
1720 564 1826 617 τοῦ

257 653 358 719 μὲν
396 653 645 718 λέοντος
701 653 983 721 δηλοῦντος
1034 653 1132 721 τὴν
1179 653 1429 722 ἀνδρείαν
1480 655 1573 705 καὶ
1601 655 1660 704 τὸ
1691 653 1829 706 κατὰ

266 744 522 813 Ἰωάννην
547 746 900 812 Εὐαγγέλιον,
926 746 1000 807 ῶς
1024 763 1187 815 φησιν
1211 746 1516 815 Εἰρηναῖος·
1545 745 1628 796 διὰ
1654 745 1711 797 τὸ
1733 745 1828 813 τῆς

252 837 584 900 προαιωνίου
623 835 896 904 βασιλείας
940 837 1130 887 τούτου
1176 836 1546 904 σημαντικόνο
1586 837 1642 886 ὲν
1686 837 1826 903 ἀρχῇ

254 929 364 995 γὰρ
393 924 530 980 εἶναι
573 929 663 979 τὸν
710 929 879 994 Λόγον
908 927 1141 997 ἐκήρυξε
1163 943 1174 955 ’
1207 928 1312 980 τοῦ
1351 927 1409 978 δὲ
1443 929 1703 994 μόσχον,
1734 927 1826 979 ἅτε

253 1020 370 1078 τοῖς
415 1020 636 1080 οίκείοις
691 1019 1035 1087 ἀρκουμένου
1087 1018 1290 1082 πόνοις,
1342 1017 1440 1087 τὴν
1487 1018 1830 1085 δικαιοσύνην

256 1110 352 1160 καὶ
401 1109 461 1158 τὸ
490 1110 627 1160 κατὰ
665 1110 876 1159 Λουκᾶν
934 1107 1282 1174 Εὐαγγέλιον,
1343 1105 1414 1170 ὡς
1464 1107 1702 1174 νομικῶς
1739 1107 1831 1158 καὶ

258 1199 555 1268 ἱερατικῶς
628 1200 719 1250 τὸν
787 1199 1020 1266 Χριστὸν
1081 1198 1512 1266 γενεαλογῆςανο
1597 1196 1701 1249 τοῦ
1772 1196 1828 1248 δὲ

253 1291 457 1352 ἀετοῦ,
494 1291 589 1360 τὴν
623 1291 1011 1361 σωφροσύνην
1042 1291 1244 1359 ταύτην
1285 1290 1394 1360 γὰρ
1425 1287 1648 1360 μειλεῖν]
1686 1304 1830 1356 μαρι-

256 1386 500 1450 τυρεῖται
542 1382 740 1452 [ro-3:0]
796 1383 855 1433 τὸ
907 1382 1079 1445 ζῶονο
1142 1381 1236 1433 καὶ
1293 1382 1353 1433 τὸ
1410 1381 1549 1433 κατὰ
1603 1380 1829 1448 Μάρκον

628 1200 719 1250 τὸν
787 1199 1020 1266 Χριστὸν
1081 1198 1512 1266 γενεαλογῆςανο

258 1475 608 1540 ίζὺαγγέλιον,
642 1475 715 1534 ὡς
759 1474 1019 1542 σύντομον
1060 1476 1153 1524 καὶ
1203 1473 1311 1527 ἀπὸ
1353 1471 1448 1523 τοῦ
1489 1471 1828 1542 προφητικοῦ

259 1567 574 1632 Πνεῦματος
599 1563 901 1632 ἀρξάμενον
921 1580 934 1592 °
968 1563 1079 1616 τοῦ
1107 1563 1162 1615 δὲ
1194 1563 1508 1630 ἀνθρώπου
1551 1565 1649 1633 τὴν
1685 1564 1828 1632 ¹φρό-

254 1675 434 1726 νησιν,
470 1658 563 1708 καὶ
594 1658 654 1707 τὸ
693 1656 832 1708 κατὰ
867 1654 1140 1708 Ματθαῖον
1177 1655 1525 1720 Εὐαγγέλιον,
1564 1655 1638 1714 ὡς
1673 1655 1828 1722 φύσει

255 1752 350 1801 καὶ
397 1751 456 1801 οὗ
509 1750 656 1817 νόμῳ
688 1748 931 1817 κηρύξαι)
960 1749 1058 1811 τὴν
1088 1745 1230 1817 [τοῦ]
1277 1748 1514 1816 Χριστοῦ
1552 1748 1824 1815 γέννησιν.

1933 577 2024 620 aut
2051 576 2286 635 quatuor
2314 570 2584 635 primariae
2615 571 2846 626 virtutes
2895 589 2909 625 τ
2940 581 3035 627 aut
3065 584 3303 640 quatuor
3337 574 3510 628 Evan-

1931 660 2066 730 gelia
2103 677 2116 714 :
2164 671 2278 724 aut,
2319 661 2462 730 quod
2512 663 2633 718 aliis
2671 664 2843 733 magis
2877 663 3161 732 probatur,
3215 675 3510 732 utrumque

1931 749 2093 801 simul
2141 767 2154 801 :
2190 749 2335 802 leone
2391 749 2612 818 quidem
2665 751 3040 806 fortitudinem
3073 762 3128 806 et
3157 752 3507 821 Evangelium

1931 837 2229 891 secundum
2264 838 2532 892 Joannem
2559 839 2928 907 signiﬁcante.
2967 841 3135 905 Nam,
3184 851 3240 894 ut
3272 843 3509 896 lremeus

1931 929 2186 982 admonet
2213 970 2226 992 ,
2258 945 2426 983 unum
2461 933 2566 983 hoc
2611 933 2664 984 in
2695 932 2816 1000 ipso
2846 934 3026 988 statim
3057 935 3282 987 exordio
3309 936 3510 1002 sempi-

1932 1021 2068 1072 terni
2102 1021 2250 1088 regni
2279 1021 2611 1076 mentionem
2646 1023 2831 1078 infert.
2859 1023 3124 1078 Praedicat
3155 1040 3390 1092 natnquc
3417 1025 3509 1077 Dei

1935 1109 2168 1164 Verbum
2199 1128 2227 1165 a
2261 1113 2528 1182 principio
2549 1116 2839 1170 exstitisse.
2877 1116 3055 1169 Vittth
3079 1131 3225 1178 vero,
3251 1127 3506 1186 tanquam

1930 1203 2166 1272 propriis
2201 1205 2395 1274 opibus
2431 1206 2819 1276 laboribusque
2855 1218 3113 1262 contento
3145 1209 3361 1277 sibique
3395 1209 3510 1262 suf-

1934 1294 2166 1357 ﬁciente,
2189 1297 2462 1363 justitiam
2492 1306 2546 1350 et
2572 1298 2922 1366 Evangelium
2947 1301 3246 1354 secundum
3280 1299 3508 1363 Lucam,

1929 1383 2020 1452 qtti
2052 1383 2254 1436 Christi
2288 1383 2655 1452 genealogiam
2688 1386 2850 1440 simul
2879 1401 2973 1455 per
2995 1386 3215 1453 legalem
3247 1398 3299 1441 ct
3323 1404 3510 1442 sacer-

1931 1472 2165 1525 dotalem
2192 1473 2385 1526 lineam
2411 1473 2562 1528 ducit
2591 1493 2603 1527 :
2639 1476 2816 1544 aquila
2841 1486 3042 1539 autem,
3073 1481 3509 1546 temperantiam,

1932 1562 2085 1628 (huic
2109 1561 2252 1613 enim
2285 1562 2508 1616 animali
2549 1564 2739 1619 isthaac
2771 1565 2946 1619 virtus
2974 1565 3260 1621 familiaris
3291 1567 3507 1637 fertur),

1930 1662 1984 1705 et
2029 1653 2379 1721 Evangeliom
2424 1655 2721 1710 secundum
2759 1655 3026 1720 Marcum,
3067 1657 3210 1725 quod
3248 1666 3301 1709 et
3349 1658 3510 1711 breve

1931 1754 2032 1807 est,
2063 1755 2116 1799 et
2147 1760 2175 1798 a
2201 1746 2518 1814 prophetico
2544 1746 2755 1814 Spiritu
2778 1747 3064 1801 exordium
3097 1749 3230 1802 facit
3259 1767 3272 1802 :
3302 1749 3512 1803 homine

254 1841 418 1903 Εἰκὸς
449 1840 503 1892 δὲ
543 1840 629 1890 διὰ
655 1838 858 1891 τούτων
899 1838 992 1890 καὶ
1038 1838 1137 1907 τὴν
1163 1839 1478 1908 οἰκονομίαν
1519 1838 1658 1912 [τοῦ]
1697 1841 1830 1909 Χρι-
1865 1845 1943 1907 BI

1822 1869 1830 1880 -
1865 1853 1906 1907 Β
1934 1837 2146 1891 tandem
2180 1838 2527 1906 prudentiam
2558 1847 2613 1892 et
2645 1838 2998 1910 Evangelium
3040 1842 3342 1896 secundum
3374 1840 3511 1895 Mat-

254 1930 384 1984 στοῦ
413 1929 727 2002 δηλοῦσθαι·
757 1930 845 1983 διὰ
872 1929 975 1982 τοῦ
1004 1929 1275 1994 λέοντος,
1307 1930 1382 1992 ὡς
1409 1931 1675 2000 βασιλέως
1695 1947 1706 1958 ·
1740 1931 1827 1983 διὰ

249 2022 360 2075 τοῦ
381 2024 640 2090 μόσχου,
672 2021 746 2084 ὼς
781 2022 990 2091 ἱερέως,
1031 2022 1231 2090 μᾶλλον
1259 2020 1316 2072 δὲ
1355 2023 1448 2074 καὶ
1477 2021 1673 2091 ἱερείου
1697 2038 1708 2050 ·
1740 2022 1827 2074 διὰ

251 2112 360 2164 τοῦ
399 2111 735 2178 ἀνθρώπου,
781 2111 856 2174 ὼς
903 2111 968 2162 δι’
1007 2111 1154 2179 ἡμᾶς
1203 2109 1602 2179 ἁνδριυοέντοςο
1655 2110 1742 2163 διὰ
1771 2110 1828 2163 δὲ

250 2203 362 2256 τοῦ
388 2204 588 2266 ἀετοῦ,
611 2203 685 2266 ὡς
713 2202 948 2273 χορηγοῦ
966 2201 1058 2256 τοῦ
1086 2201 1348 2266 ζωοποιοῦ
1364 2201 1696 2272 Πνεύματος,
1728 2203 1822 2255 τοῦ

252 2296 584 2358 ἐπιπτάντος
614 2298 744 2365 ἡμῖν
777 2294 1004 2349 ἄνωθεν.

1929 1929 2319 1998 thatum,'quod
2340 1930 2495 1998 legali
2524 1931 2716 1992 missa,
2741 1931 3046 1987 naturalem
3065 1941 3275 1987 tantum
3299 1932 3507 1985 Christi

1930 2021 2337 2089 generationem
2365 2023 2518 2076 texit.
2556 2021 2843 2076 Probabile
2881 2022 2940 2077 ﬁt
2973 2039 3190 2092 quoque
3210 2024 3511 2092 praecipuas

1931 2112 2253 2165 meonomiae
2277 2111 2481 2164 Christi
2511 2121 2691 2180 partes
2716 2126 2812 2180 per
2836 2121 3077 2180 quatuor
3107 2113 3221 2168 haec
3251 2113 3508 2167 animalia

1930 2202 2219 2271 designare
2269 2202 2530 2257 voluisse.
2586 2203 2786 2271 Regem
2837 2203 3120 2259 exstitisse
3149 2244 3164 2267 .
3210 2205 3510 2260 indicatum

1931 2294 2102 2347 videri
2144 2304 2319 2363 potest
2349 2310 2444 2364 per
2487 2295 2689 2346 leonem
2730 2310 2747 2347 :
2782 2295 3123 2350 sacerdotem
3171 2312 3334 2364 porro
3358 2334 3373 2359 ,
3410 2305 3506 2350 aut

251 2388 438 2442 verius
468 2388 817 2450 sacriﬁcium,
848 2403 943 2457 per
971 2387 1188 2441 vitulum
1219 2402 1236 2439 :
1263 2387 1432 2441 nostri
1459 2399 1639 2441 autem
1671 2403 1835 2443 cau~a
1891 2402 2110 2443 carnem
2163 2388 2549 2457 assumpsisse,
2585 2403 2679 2456 per
2713 2389 3015 2445 hominem:
3053 2389 3250 2445 viviﬁci
3280 2389 3513 2459 denique

253 2477 516 2549 Spiritus,
555 2483 646 2552 qui
676 2498 706 2538 ο
735 2482 985 2549 supernis
1018 2482 1263 2545 devolat,
1297 2483 1589 2552 benignum
1622 2482 1934 2551 largitorem
1959 2497 2102 2546 esse,
2137 2498 2234 2552 per
2257 2482 2514 2550 aquilam.

324 2574 432 2624 Kal
463 2573 729 2642 τέσσαρα
773 2574 904 2636 ζῶα,
939 2573 1010 2626 ἓν
1045 2576 1172 2625 καθ’
1201 2573 1270 2627 ἐν
1299 2574 1500 2627 αὐτῶν
1530 2572 1676 2642 ἕχον
1712 2575 1828 2627 ἀνὰ

251 2661 553 2729 πτέρυγας
597 2663 665 2726 ἐξ
718 2664 1046 2727 κύκλωθεν,
1099 2664 1196 2718 καὶ
1253 2662 1482 2717 ἔσωθεν
1539 2661 1826 2731 γέμουσιν

251 2753 598 2819 ὀφθαλμῶν.

324 2846 455 2916 [Kal
485 2846 750 2913 τέσσαρα
782 2845 892 2906 ζῶα
918 2845 987 2900 ἓν
1021 2847 1147 2900 καθ’
1192 2846 1261 2898 ἒν
1300 2843 1498 2898 αὐτῶν
1527 2844 1674 2910 ἕχον
1707 2844 1826 2896 ἀνὰ

253 2939 559 3006 πτέρυγας
605 2939 693 3002 ἓξ.
731 2966 790 2978 -—
816 2938 834 3009 ]
865 2939 1050 2991 Ταῦτα
1090 2940 1117 2990 ὁ
1153 2938 1326 3007 μέγας
1377 2938 1509 3004 φησὶ
1553 2936 1826 2997 Διονύσιος

252 3030 342 3080 διὰ
371 3027 529 3080 τοῦτο
560 3030 674 3090 ταῖς
706 3029 824 3080 δυσὶ
855 3027 1080 3097 πτέρυξι
1109 3027 1402 3082 καλύπτειν
1434 3027 1502 3079 τὰ
1535 3026 1820 3091 πρόσωπα,

255 3119 353 3170 καὶ
378 3119 499 3179 ταῖς
523 3118 643 3169 δυσὶ
675 3119 800 3179 τοὺς
833 3118 1019 3178 πόδας,
1050 3119 1141 3168 καὶ
1173 3119 1287 3178 ταῖς
1323 3116 1514 3184 μέσαις
1546 3114 1824 3165 πέτεσῦαιο
1854 3108 1898 3168 C
1932 3118 2183 3170 volabant

255 3209 342 3262 ἴνα
370 3211 406 3280 ἡ
436 3210 564 3278 περὶ
591 3210 656 3261 τὰ
691 3207 997 3276 ὑψηλότερα
1024 3205 1248 3277 ίαὺτῶν]
1282 3206 1376 3256 καὶ
1424 3203 1697 3272 βαθύτερα
1727 3203 1826 3269 τῆς

253 3301 464 3361 οἰκείας
495 3299 852 3367 καταλήψεως
895 3301 1035 3366 φανῇ
1071 3295 1356 3349 εὐλάϐειαο
1389 3294 1455 3345 δι’
1487 3294 1553 3362 ἣν
1581 3295 1694 3354 τοῖς
1730 3294 1828 3363 μέ-

255 3409 372 3455 σοις
402 3391 540 3459 πρὸς
573 3392 671 3452 τὰς
703 3389 998 3461 Θεαρχικὰς
1055 3389 1228 3456 αὐγὰς
1259 3386 1417 3458 [τοῖςι
1450 3386 1612 3448 θείοις
1646 3385 1830 3451 ζυγοῖς

253 3484 649 3539 ἁνατείνονται.

329 3662 438 3715 Kal
489 3660 837 3713 ἀνάπαυσιν
879 3661 988 3712 οὐκ
1035 3658 1305 3726 ἔχουσιν,
1342 3656 1567 3722 ἡμέρας
1601 3656 1695 3707 καὶ
1725 3673 1830 3708 νυ-

254 3752 400 3818 κτὸς
439 3752 749 3821 λέγοντεςο
786 3739 1009 3818 "A'ytoc,
1062 3750 1247 3816 ἅγιος,
1297 3748 1493 3816 ὤμος’
1545 3749 1753 3814 Κύριος
1801 3751 1832 3801 ό

256 3843 407 3908 Θεὸς
432 3846 463 3894 ό
509 3843 956 3908 παντοκράτωρ,
985 3843 1015 3893 ό
1042 3838 1145 3903 ὢν,
1173 3840 1272 3892 καὶ
1293 3841 1324 3892 ό
1354 3835 1450 3906 ἦν,
1477 3839 1573 3891 καί
1603 3842 1634 3890 ὀ
1668 3839 1833 3905 ἑρχό-

251 3953 459 4003 μενος.

342 4027 700 4091 Ἀνάπαυσις
729 4025 785 4077 δὲ
822 4025 940 4085 ταῖς
972 4022 1156 4090 ἁγίαις
1189 4021 1414 4082 ταύταις
1447 4018 1740 4088 δυνάμεσι,
1776 4019 1834 4070 τὸ

255 4123 324 4172 εκ
352 4120 451 4185 τῆς
498 4118 646 4180 Θείας
686 4115 957 4187 ὑμνῳδίας
985 4114 1061 4184 μὴ
1106 4112 1399 4176 παύεσθαι,
1439 4111 1530 4162 καὶ
1563 4109 1652 4162 τὸν
1682 4127 1836 4180 τρισ-

258 4211 350 4260 σὸν
380 4207 648 4277 ἁγιασμὸν
678 4209 744 4276 τῇ
773 4202 1188 4274 τρισυποστὰτῳ
1214 4200 1544 4270 προσφέρειν
1574 4198 1823 4268 Θεὸτητι.

257 4304 332 4354 Τὸ
363 4302 441 4364 δὲ,
489 4301 541 4352 Ὀ
568 4301 652 4352 ὢν
675 4299 773 4352 καὶ
801 4301 832 4351 ό
865 4293 941 4366 ἦν
971 4296 1063 4348 καὶ
1096 4298 1126 4348 ό
1152 4294 1475 4362 ἐρχόμενος
1502 4291 1571 4363 [ὀ
1611 4307 1832 4344 παντο-

257 4393 488 4459 κράτωρ
511 4391 551 4462 ],
583 4393 681 4461 τὴν
712 4391 876 4457 ἁγίαν
902 4387 1106 4458 Τριάδα
1139 4385 1330 4456 δηλοῦν
1358 4384 1589 4455 ἔφημεν.

2009 2572 2098 2635 ιν,
2133 2574 2188 2626 8.
2225 2572 2291 2624 Et
2312 2582 2541 2642 quatuor
2574 2574 2868 2640 animalia,
2905 2574 3115 2644 singula
3141 2590 3324 2628 eorum
3351 2575 3513 2633 habe-

1933 2667 2056 2720 baut
2080 2666 2195 2718 alas
2221 2682 2371 2719 senas
2401 2668 2452 2718 in
2478 2669 2725 2732 circuitu,
2752 2678 2800 2720 et
2825 2655 2967 2721 intus
2994 2668 3147 2736 plena
3175 2679 3297 2720 sunt
3324 2671 3509 2722 oculis.

2003 2842 2249 2907 Quatuor
2298 2843 2410 2895 hate
2454 2843 2741 2906 animalia,
2798 2850 2857 2896 ut
2889 2858 3087 2912 magno
3132 2841 3388 2914 Dionysio
3434 2845 3512 2898 vi-

1931 2949 2052 2988 sum
2087 2944 2205 2999 est,
2239 2935 2451 2988 duabus
2498 2936 2600 2988 alis
2644 2934 2716 2988 ob
2752 2934 2804 2988 id
2847 2933 3018 2989 facies
3059 2951 3188 2990 suas
3223 2936 3510 3005 tegebant,

1930 3025 2143 3079 duabus
2192 3041 2408 3078 rursum
2447 3026 2639 3094 pedes;
2685 3035 2738 3080 et
2782 3025 2996 3080 duabus
3047 3027 3265 3080 tandem
3318 3028 3512 3081 mediis

2230 3135 2243 3169 :
2297 3134 2406 3186 quo
2438 3117 2566 3171 hinc
2615 3127 2890 3172 constaret
2935 3127 3143 3187 quanto
3193 3134 3318 3174 cum
3367 3129 3511 3174 metu

1931 3217 1984 3262 et
2033 3209 2334 3262 reverentia
2392 3210 2444 3261 in
2497 3209 2879 3262 sublimiorum
2927 3225 3108 3264 rerum
3149 3210 3415 3264 tlteoriam
3460 3223 3514 3265 et

1933 3300 2366 3368 inquisitionem,
2388 3299 2921 3370 profundiorumque
2947 3302 3333 3370 mysteriorum
3361 3318 3514 3355 com-

1933 3393 2348 3459 prehensionem
2375 3391 2658 3457 ferantur;
2685 3402 2997 3462 quantaque
3019 3396 3272 3450 cautione
3293 3396 3514 3449 haustos

1940 3479 2248 3536 Divinitalis
2281 3483 2494 3543 radios,
2546 3483 2610 3535 ad
2658 3483 2796 3536 alios
2851 3484 3164 3553 interjectos
3206 3485 3430 3539 ordines
3462 3497 3515 3540 et

1933 3570 2089 3624 sedes
2115 3586 2220 3624 non
2251 3573 2456 3640 absque
2481 3572 2571 3624 Dei
2594 3572 2747 3640 jussu
2777 3576 3144 3628 transmittere
3174 3575 3405 3627 Soleant.

2004 3663 2093 3727 IV,
2123 3663 2175 3717 8.
2206 3662 2272 3715 Et
2306 3665 2528 3732 requiem
2563 3679 2664 3715 non
2696 3663 2884 3718 habent
2914 3665 2998 3716 die
3029 3679 3089 3717 ac
3122 3674 3300 3728 nocte,
3333 3666 3512 3717 dicen-

1935 3756 2040 3808 tia:
2072 3754 2320 3815 Sanctus,
2353 3764 2586 3818 sanctus,
2624 3765 2841 3807 sanctus
2877 3753 3129 3806 Dominus
3164 3753 3303 3806 Deus
3339 3755 3512 3807 omni-

1932 3858 2134 3914 potens,
2159 3848 2247 3915 qui
2277 3856 2374 3910 est,
2400 3856 2446 3898 et
2476 3846 2564 3912 qui
2594 3854 2730 3901 erat,
2758 3857 2808 3904 el
2836 3847 2922 3911 qui
2959 3855 3200 3900 venturus
3233 3853 3334 3896 est.

2008 4015 2223 4071 Sanctae
2265 4015 2382 4068 ista:
2421 4014 2650 4068 virtutes
2689 4014 2758 4066 ob
2799 4012 2847 4065 id
2889 4013 3129 4081 requiem
3173 4011 3370 4066 habere
3415 4026 3513 4065 nc-

1938 4119 2157 4177 gantur,
2191 4107 2333 4176 quod
2371 4121 2398 4158 a
2435 4105 2637 4159 divinis
2675 4105 2927 4159 laudibus
2957 4119 3238 4173 nunquam
3277 4113 3513 4157 cesscnt.

1936 4200 2203 4253 Caeterum
2243 4214 2336 4267 per
2374 4198 2682 4253 sanctitatis
2730 4212 2926 4250 nomen
2973 4196 3130 4250 tertio
3180 4194 3468 4265 repetitum
3496 4235 3511 4257 ,

1940 4289 2244 4350 Divinitati,
2279 4303 2398 4357 quae
2450 4287 2502 4340 in
2553 4287 2730 4340 tribus
2779 4285 3203 4356 ltypostasibus,
3242 4299 3309 4338 ex
3358 4298 3515 4352 aequo

1940 4380 2212 4443 subsistit,
2251 4377 2464 4432 laudem
2497 4375 2768 4431 deferunt.
2802 4376 2974 4431 Porro
3009 4383 3190 4429 autem
3220 4375 3375 4439 illud,
3408 4373 3514 4438 Qui

254 4494 359 4545 est,
393 4492 440 4535 et
491 4461 577 4551 qui
622 4491 756 4544 erat,
790 4490 839 4534 et
882 4480 971 4549 qui
1005 4488 1252 4532 venturus
1289 4485 1401 4541 est,
1445 4484 1812 4529 sacrosancta:
1842 4472 2122 4528 Trinitatis
2179 4469 2532 4540 mysterium,
2589 4480 2646 4522 ut
2698 4479 2824 4522 ante
2873 4482 3092 4536 quoque
3155 4461 3366 4520 dictum
3394 4473 3511 4527 est,

255 4580 329 4632 ob
364 4578 553 4632 oculos
591 4575 745 4628 nobis
782 4573 954 4641 ponit.

328 4667 440 4721 Kal
470 4667 614 4718 ὅταν
642 4662 909 4716 δώσουσι
937 4660 1011 4712 τὰ
1039 4657 1151 4720 ζῶα
1177 4656 1363 4720 δόξαν
1395 4656 1486 4708 καί
1515 4655 1696 4723 τιμὴν
1728 4656 1825 4708 καί
1860 4666 1904 4720 ι)

255 4759 650 4829 εὐχαριστίαν
703 4755 783 4816 τῷ
833 4752 1143 4818 καθημένῳ
1187 4748 1284 4799 ἐπὶ
1329 4746 1434 4799 τοῦ
1484 4747 1719 4812 θρόνου,
1751 4745 1831 4809 τῷ

255 4850 428 4910 ζῶντι
461 4849 544 4911 εἰς
580 4845 718 4909 τοὺς
761 4840 980 4905 αἰῶνας
1028 4838 1147 4891 τῶν
1197 4839 1446 4900 αἰώνων,
1501 4837 1830 4889 πεσοῦνται

259 4945 316 4995 ol
355 4936 844 5001 εἰκοσιτέσσαρες
862 4930 1247 4998 πρεσϐύτεροι
1266 4927 1520 4980 ἐνώπιον
1546 4926 1650 4978 τοῦ
1688 4933 1828 4976 και)-

257 5030 485 5100 ημὲνου
545 5027 643 5079 ἐπὶ
676 5024 782 5078 τοῦ
828 5023 1076 5089 θρόνου·
1142 5020 1240 5070 καὶ
1287 5017 1831 5084 προσκυνήσουσιν

255 5118 441 5181 αὐτῷ.

333 5205 692 5282 [Πεσοιῖννται
722 5205 774 5255 ol
795 5200 1282 5266 elxomrécaupec
1313 5199 1721 5264 πρεσϐύτεροι.
1744 5195 1833 5265 -]

258 5303 364 5357 Διᾶ
403 5299 608 5352 τούτων
636 5294 908 5365 δηλοῦται.
959 5292 1052 5346 καὶ
1081 5294 1203 5353 τοὺς
1230 5290 1519 5359 νοηθέντας
1550 5291 1675 5357 ἡμῖν
1703 5306 1838 5356 πρε-

261 5395 562 5462 σὸυτὲρους
613 5388 907 5448 κοινωνοὺς
951 5380 1088 5438 εἶναι
1123 5383 1251 5455 [τῆς
1282 5379 1584 5452 ὑμνῳδίας]
1618 5379 1723 5432 τῶν
1750 5381 1838 5431 οῦ-

264 5486 468 5558 ρανίων
516 5482 831 5550 δυνάμεων·
869 5474 1264 5547 ὁμολογοῦντας
1320 5475 1383 5526 ὲκ
1425 5474 1558 5525 Θεοῦ
1609 5472 1836 5540 κεκομί-

265 5579 391 5631 σθαι
423 5576 520 5643 si;
556 5572 740 5648 ξκατὰ]
800 5572 908 5623 τῶν
941 5570 1142 5638 νοητῶν
1185 5568 1394 5638 ἐχθρῶν
1443 5568 1595 5637 νίκης
1628 5566 1721 5633 τὴν
1752 5565 1838 5616 8'3-

263 5685 450 5737 ναμιν.

333 5763 440 5814 Kal
483 5757 752 5822 ,θολοῦσι
806 5754 942 5820 τοὺς
983 5752 1324 5820 στεφάνους
1358 5750 1554 5803 αὐτῶν
1587 5747 1838 5801 ἐνώπιον

2003 4648 2091 4713 IV,
2138 4648 2193 4714 9,
2236 4649 2319 4707 lO.
2359 4646 2426 4700 Et
2467 4663 2581 4700 cum
2632 4647 2822 4698 darent
2857 4644 2952 4696 illa
3001 4643 3256 4696 animalia
3287 4645 3515 4713 gloriam

1937 4752 1985 4796 et
2016 4743 2260 4794 honorem
2287 4750 2336 4793 et
2375 4738 2785 4792 benedictionem
2829 4736 3026 4789 sedenti
3063 4751 3218 4803 super
3248 4735 3513 4800 thronum,

1939 4835 2122 4889 viventi
2153 4835 2206 4886 in
2237 4833 2432 4886 alecula
2464 4828 3005 4898 steculorutn,viginti
3032 4837 3258 4895 quatuor
3287 4826 3390 4898 21
3433 4845 3516 4882 se-

1941 4929 2109 4979 niores
2138 4925 2476 4992 procidebant
2511 4933 2633 4974 ante
2666 4920 2925 4973 sedentem
2962 4919 3017 4970 in
3055 4919 3262 4982 throno,
3296 4931 3343 4972 et
3387 4918 3517 4972 ado-

1944 5017 2126 5068 rubant
2166 5015 2413 5067 viventem
2449 5015 2499 5063 in
2529 5012 2722 5065 sa'cula
2752 4997 3084 5061 sa'culorum.

2008 5195 2143 5249 Hinc
2190 5193 2453 5247 discimus
2502 5191 2775 5252 seniores,
2833 5189 2900 5242 de
2950 5187 3154 5256 quibus
3205 5196 3383 5241 actum
3435 5199 3516 5241 est

1950 5299 2096 5351 ante,
2129 5288 2181 5338 in
2218 5286 2413 5339 divinae
2455 5283 2630 5336 laudis
2660 5280 3039 5334 decantatione
3077 5278 3372 5332 virtutibus
3401 5293 3516 5331 cce-

1949 5381 2175 5436 lestibus
2203 5375 2506 5431 consociari
2543 5392 2557 5427 :
2591 5373 2985 5440 victoriamque
3015 5371 3082 5424 de
3109 5369 3391 5431 hostibus,
3423 5369 3517 5436 qui

1948 5473 2048 5527 sub
2079 5477 2356 5540 aspectum
2394 5482 2500 5520 non
2540 5465 2783 5529 veniunt,
2831 5461 2962 5525 nulli
3002 5461 3155 5514 alteri
3203 5474 3368 5528 quam
3409 5457 3518 5512 Deo

1948 5574 2218 5633 accept-un
2251 5561 2409 5614 ferre.

2021 5741 2106 5800 IV,
2146 5738 2227 5803 t0,
2268 5740 2353 5792 ll.
2404 5735 2470 5790 Et
2515 5734 2792 5788 mittebant
2823 5744 3041 5785 coronas
3071 5743 3194 5784 suas
3223 5737 3343 5781 ante
3378 5729 3517 5779 thro-
