4276 6438
269 435 383 497 265

267 651 396 704 την,
430 637 510 698 είς
535 636 634 697 τὰς
675 635 813 701 μετὰ
842 633 1002 688 τοῦτο
1035 634 1385 703 θεοσημείας·
1423 634 1522 704 τὴν
1557 635 1847 705 τετάρτην,

269 728 356 788 εἰς
381 726 482 796 τὴν
513 727 605 777 ἐπὶ
646 726 878 779 Πιλάτου
914 727 1259 797 παράστασιν
1280 741 1293 754 ·
1327 725 1427 795 τὴν
1459 725 1737 796 πέμπτην,
1770 726 1851 788 εἰς

269 816 367 868 τὸν
401 817 663 887 σταυρόν·
709 818 809 887 τὴν
839 823 911 882 ς’,
947 820 1025 879 είς
1055 818 1154 887 τὴν
1186 819 1243 869 ὲν
1457 818 1700 886 μνήματι
1755 833 1851 866 κα-

270 910 528 961 τάθεσινο
567 910 661 961 καὶ
710 910 809 980 τὴν
860 908 1116 979 έῦδόμην,
1166 910 1245 970 είς
1291 908 1390 976 τὴν
1424 906 1518 959 τοῦ
1550 906 1675 976 ᾅδου
1716 906 1851 960 σκύ-

270 1000 479 1054 λευσιν.
525 1002 717 1070 Ἡμεῖς
771 1001 853 1067 δὲ,
909 1002 1328 1071 ἐντετυχηκότες
1379 999 1628 1067 Μεθοδίῳ
1680 999 1852 1061 οὕτως

270 1095 525 1163 εἰρηκότι
550 1096 642 1146 ἐπὶ
667 1092 900 1156 λέξεως,
935 1093 1016 1145 ὃτι
1052 1095 1133 1146 Οὺ
1160 1092 1277 1160 χρὴ
1307 1092 1415 1145 τὸν
1447 1091 1705 1159 Χριστὸν
1741 1094 1851 1143 αὐ·

272 1185 385 1237 τὸν
404 1182 555 1238 εἶναι
583 1184 842 1253 νομίζειν
881 1185 987 1237 τὸν
1021 1184 1489 1254 γεγεννημένον
1522 1184 1709 1238 πάλαι
1742 1183 1852 1251 γὰρ

274 1273 393 1341 πρὸ
412 1276 521 1342 τῆς
549 1277 1009 1343 Ἀποκαλύψεως
1028 1276 1413 1341 ἐπεπλήρωτο
1439 1276 1505 1327 τὸ
1516 1274 1854 1343 μυστήριον

271 1369 387 1435 τῆς
432 1369 946 1437 ἐνανθρωπήσεως
1002 1368 1109 1421 τοῦ
1172 1368 1385 1439 [Θεοῦ]
1437 1371 1653 1437 Λόγου.
1697 1370 1757 1420 't)
1797 1369 1851 1419 δὲ

285 1455 560 1527 Ἰωάννης,
625 1461 752 1527 περὶ
811 1456 993 1528 [τῶν]
1048 1462 1331 1527 παρόντων
1394 1459 1486 1511 καὶ
1552 1458 1853 1527 μελλόντων

274 1546 577 1617 θεσμῳδεῖο
615 1548 740 1601 ἔνθα
772 1549 873 1619 τὴν
904 1548 998 1601 τοῦ
1033 1548 1209 1619 πυροῦ
1240 1548 1532 1617 δράκοντος
1555 1548 1854 1611 ἀνάπτυξιν

274 1634 575 1703 ἐποιήσατο
602 1636 676 1699 ὼς
707 1637 1092 1690 ὑποτέτακται.
1127 1636 1315 1700 Οὖτως
1348 1638 1715 1706 ὲξειλήῳαμεν
1754 1640 1853 1706 τὴν

272 1722 377 1793 τῆς
418 1725 640 1797 πρώτης
693 1726 986 1797 σφραγῖδος
1034 1726 1208 1791 λύσιν,
1254 1726 1351 1796 τὴν
1392 1726 1503 1778 τῶν
1537 1727 1853 1780 ἀποστόλων

273 1817 574 1869 ἐννοεῖσθαι
600 1818 792 1884 γενεάν
812 1833 825 1849 °
857 1817 908 1870 οἳ
937 1817 1190 1885 καθάπερ
1224 1816 1378 1884 τόξον
1405 1818 1465 1872 τδ
1495 1818 1850 1885 εύαγγελικδν

1232 426 1837 489 COMMENTARIUS
1878 426 1959 486 IN
2000 426 2526 488 APOCALYPSIN.

270 544 525 610 γένεσινο
559 540 657 611 τὴν
682 541 964 612 δευτέραν,
998 541 1077 605 είς
1122 540 1183 594 τδ
1233 541 1549 610 βάπτισμα·
1581 541 1681 611 τὴν
1719 540 1840 611 τρί-
1874 548 1959 608 Αι

1534 558 1549 572 ·
1581 541 1681 611 τὴν
1719 540 1840 611 τρί-
1874 548 1919 606 Α
1946 539 2184 608 primum
2232 556 2299 595 ex
2330 540 2418 594 his
2448 546 2655 610 septem
2680 576 2695 600 ,
2748 537 2814 592 ad
2846 537 2990 592 illius
3038 547 3216 594 ortum

3412 427 3518 493 266

3267 559 3279 593 ζ
3321 557 3520 597 380"!!-

1951 634 2104 694 dum,
2139 635 2206 685 ad
2248 632 2583 700 Baptismum
2616 651 2629 686 :
2665 632 2906 695 tertium,
2937 632 3002 684 ad
3046 634 3219 702 signa,
3249 648 3371 701 quae
3400 646 3522 703 post

1955 720 2291 791 Baptismum
2326 732 2638 791 susceptum
2674 721 2909 792 patravit
2950 739 2964 777 :
3003 732 3295 791 quartum,
3334 724 3401 776 ad
3441 726 3524 778 in-

1948 813 2154 881 justam
2206 813 2346 881 apud
2388 812 2540 866 l'ilati
2590 813 2829 866 tribunal
2868 813 3272 866 accusationem
3310 831 3322 866 :
3360 814 3525 882 quin-

1956 914 2090 967 tum,
2122 904 2190 956 ad
2226 918 2442 957 crucem
2479 920 2493 955 :
2534 915 2770 967 sextum,
2807 905 2874 958 ad
2932 904 3267 973 sepulturam
3303 922 3316 958 :
3353 906 3525 973 septi-

1955 1013 2141 1059 mum,
2196 996 2264 1049 ad
2314 994 2636 1049 descensum
2701 998 2767 1049 ad
2826 996 3062 1058 inferos,
3119 996 3527 1066 inferorumque

1955 1086 2358 1157 Spoliationem.
2392 1087 2501 1140 Nos
2527 1094 2706 1139 autem
2738 1087 2988 1140 Methodii
3021 1088 3303 1141 sententia!
3337 1088 3526 1141 luben-

1958 1191 2038 1231 ter
2065 1179 2449 1245 astipulantur.
2486 1177 2683 1230 Scribit
2718 1179 2762 1231 is
2790 1188 2968 1231 autem
3004 1181 3055 1232 in
3090 1182 3234 1233 hunc
3263 1179 3483 1232 modqu
3512 1197 3523 1231 :

1956 1270 2119 1323 Nulla
2142 1271 2418 1322 necessitas
2441 1271 2576 1338 cogit
2606 1281 2659 1322 ut
2688 1270 2796 1321 Ita'c
2826 1272 2894 1321 ad
2926 1270 3192 1322 Christum
3215 1270 3323 1341 24
3346 1283 3530 1323 natum

1955 1363 2210 1429 pertinere
2305 1364 2646 1425 arbitremur,
2698 1363 2957 1430 siquidem
3040 1364 3304 1415 ineat-nati
3376 1362 3529 1417 Verbi

1958 1454 2281 1520 mysterium,
2318 1455 2519 1504 dudum
2551 1462 2672 1504 ante
2717 1452 3067 1520 Aporalypsin
3095 1454 3311 1515 editam,
3349 1453 3533 1519 imple-

1959 1554 2067 1596 tum
2105 1556 2217 1597 erat
2255 1561 2273 1596 :
2303 1543 2542 1599 Joannes
2589 1558 2769 1599 autem
2799 1546 2863 1598 dc
2899 1547 3262 1612 praisentibns
3294 1549 3533 1613 oleqne

1959 1635 2156 1690 futuris
2187 1636 2347 1689 verba
2380 1636 2529 1689 favit.
2562 1636 2672 1689 Hac
2707 1646 2890 1691 autem
2940 1639 3190 1706 pericopa
3216 1679 3229 1699 .
3255 1640 3533 1707 quomodo

1957 1724 2112 1779 rufus
2141 1727 2231 1779 ille
2267 1725 2583 1794 ignitusque
2629 1726 2797 1778 draco
2828 1726 3151 1795 subiugatus
3197 1726 3394 1789 fuerit,
3436 1742 3534 1781 ex-

1959 1816 2197 1886 ponitur.
2238 1814 2403 1869 Primi
2441 1813 2671 1884 proimle
2718 1816 2877 1885 sigilli
2917 1817 3121 1871 solutio
3160 1817 3225 1871 ad
3258 1819 3525 1887 apostolo-

273 1909 540 1980 κήρυγμα
596 1910 737 1963 κατὰ
783 1910 1057 1980 δαιμόνων
1108 1911 1467 1975 ὲντείναντες,
1501 1909 1580 1980 τῷ
1629 1911 1851 1981 Χριστῷ
1888 1899 1962 1959 BI

1843 1899 1927 1960 »Β
1959 1924 2077 1962 rum
2129 1909 2537 1978 generationem
2594 1909 2737 1961 haud
2780 1909 3127 1963 incommode
3188 1910 3532 1962 transfertur.

270 2002 403 2065 τοὺς
434 2003 742 2071 τρωθέντας
773 2007 885 2065 τοῖς
919 2005 1208 2073 σωτηρίοις
1238 2004 1416 2073 βέλεσι
1468 2004 1847 2072 προσήγαγονο

272 2092 544 2159 στέφανον
576 2094 859 2163 εἰληφότες
897 2096 1013 2149 ἀνθ’
1067 2091 1141 2147 ὧν
1187 2096 1272 2148 διὰ
1329 2090 1426 2163 τὴς
1473 2094 1729 2164 ἀληθείας
1761 2096 1851 2147 τὸν

269 2183 374 2253 τῆς
400 2184 605 2255 πλάνης
632 2188 874 2257 ἀρχηγὸν
902 2189 1160 2258 ἐνίκησαν
1181 2204 1194 2219 ·
1246 2188 1329 2240 ἐπ’
1374 2186 1547 2239 ἐλπίδι
1591 2185 1852 2257 δευτέρας

270 2275 453 2345 νίκης,
501 2277 604 2345 τῆς
657 2280 819 2349 μέχρι
877 2281 1052 2350 βιαίου
1112 2279 1346 2333 θανάτου
1407 2279 1697 2349 ὁμολογίας
1761 2277 1854 2331 τοῦ

273 2368 613 2421 Δεσποτικοῦ
648 2371 933 2441 ὀνόματος.
966 2372 1056 2423 Διὸ
1086 2372 1394 2441 γέγραπται
1415 2387 1431 2398 ’
1486 2370 1740 2437 Ἐξῆλθε
1767 2387 1852 2423 νι-

272 2461 421 2528 κῶν,
475 2465 573 2519 real
623 2467 724 2521 ἵνα
770 2467 1017 2535 νικήσῃ.
1060 2468 1255 2538 Πρώτη
1308 2468 1417 2538 γὰρ
1468 2466 1615 2537 νίκη,
1656 2467 1689 2535 ἡ
1745 2464 1852 2518 τῶν

272 2554 451 2609 ἐθνῶν
486 2558 825 2631 ἐπιστροφή·
860 2561 1090 2629 δευτέρα
1124 2559 1276 2633 [δὲ],
1383 2560 1478 2613 τοῦ
1515 2558 1764 2630 σώματος
1786 2558 1851 2610 δι’

273 2647 448 2718 αὐτὴν
480 2650 725 2715 ἑκούσιος
751 2652 889 2722 μετὰ
913 2654 1185 2706 κολάσεων
1205 2654 1403 2720 ἔξοδος.

1961 2002 2021 2055 lli
2055 2016 2287 2070 namque
2334 1999 2611 2070 Evangelii
2658 2001 3098 2069 praedicationem
3147 2001 3309 2053 veluti
3343 2016 3531 2055 arcum

1957 2094 2246 2149 infractum
2293 2103 2483 2148 contra
2535 2093 2811 2148 daemones
2862 2093 3243 2154 intenderunt,
3276 2094 3535 2148 salutari-

1959 2186 2169 2255 busque
2193 2184 2408 2254 sagittis
2437 2184 2754 2238 vulneratos
2777 2183 2843 2236 ad
2861 2182 3140 2237 Christum
3157 2182 3533 2239 adduxerunt:

1966 2291 2228 2330 coronam
2272 2277 2345 2330 ob
2392 2275 2443 2329 id
2492 2276 2696 2339 sortiti,
2747 2277 2894 2346 quod
2950 2291 3047 2346 per
3095 2277 3338 2331 veritatis
3385 2290 3536 2329 arma

1958 2370 2163 2424 erroris
2184 2370 2378 2424 ducem
2408 2369 2745 2435 devicerunt,
2778 2370 3143 2440 secundisque
3168 2370 3413 2426 victoriae
3445 2385 3540 2440 spe

1962 2476 2135 2530 usque
2161 2461 2226 2516 ad
2253 2462 2543 2517 violentam
2575 2472 2808 2517 mortem
2837 2478 3033 2517 nomen
3068 2463 3280 2517 Domini
3309 2462 3539 2531 professi

1960 2560 2108 2605 sunt.
2144 2552 2445 2622 Eaproptcr
2488 2553 2588 2607 hoc
2618 2552 2761 2616 loco,
2797 2551 2975 2606 Exivit
3013 2553 3175 2606 vietor
3203 2562 3257 2605 ut
3290 2554 3537 2606 vinceret.

1959 2645 2140 2699 Prima
2170 2646 2351 2714 itaque
2384 2646 2606 2700 victoria
2627 2684 2642 2709 ,
2675 2660 2840 2713 quam
2866 2661 2965 2716 per
2990 2647 3267 2716 apostolos
3287 2647 3541 2702 Christus

274 2748 472 2793 nactus
497 2751 601 2807 est,
630 2744 872 2813 gentium
900 2743 1310 2801 fuitcouversio
1344 2762 1357 2799 :
1396 2744 1634 2801 secunda
1663 2752 1869 2804 autem,
1909 2748 2247 2807 spontancus
2279 2752 2311 2792 a
2342 2752 2571 2807 corpore
2600 2738 2783 2793 exitus
2808 2779 2822 2803 ,
2863 2754 2970 2792 nou
3031 2740 3237 2809 absque
3292 2740 3539 2794 cruciatu

274 2831 402 2903 ejus
435 2834 513 2889 rei
541 2849 707 2891 causa
738 2847 1048 2909 susceptus.

874 2975 1125 3029 ΚΕΦΛΛ.
1161 2977 1258 3028 [δ’.

274 3103 474 3183 Λύσις
518 3104 629 3183 τῆς
674 3104 965 3183 δευτέρας
1004 3108 1343 3183 σφραγῖδος
1391 3108 1720 3183 (δηλοῦσα
1750 3104 1859 3162 τὸν

369 3176 490 3227 τῶν
516 3176 789 3229 ἀπίστων
827 3177 977 3230 κατὰ
1013 3176 1131 3232 τῶν
1160 3176 1405 3233 πιστῶν
1429 3180 1753 3249 πόλεμον).

353 3331 465 3385 Kal
485 3332 582 3385 ὅτε
604 3330 813 3400 ἤνοιξε
832 3331 948 3399 τὴν
966 3332 1254 3402 δευτέραν
1274 3334 1594 3405 σφραγῖδα,
1620 3334 1860 3403 ἤκουσα

277 3424 389 3479 τοῦ
423 3423 707 3491 δευτέρου
735 3424 903 3489 ζώου,
933 3425 1223 3493 λέγοντος
1245 3444 1259 3459 ο
1296 3428 1514 3497 Ἔρχου
1545 3428 1645 3481 καὶ
1677 3426 1787 3481 ἴδε.

354 3536 503 3593 Ζῶον
545 3534 700 3608 οἶμαι
749 3537 1021 3608 δεύτερον,
1072 3540 1163 3591 τδν
1199 3541 1399 3610 μόσχον
1442 3541 1719 3609 λέγεσθαι,
1754 3543 1862 3594 τῶν

282 3630 456 3697 ἁγίων
496 3628 790 3700 μαρτύρων
818 3632 917 3693 τάς
944 3631 1094 3700 ἱερὰς
1126 3630 1315 3695 θυσίας
1363 3636 1860 3705 χαρακτηρίζοντα,

281 3719 376 3773 τοῦ
429 3720 698 3790 προτέρου
727 3721 827 3790 τὴν
862 3722 1227 3793 ἁποστολικὴν
1260 3722 1509 3787 ἐξουσίαν
1536 3723 1865 3794 διαγράφον-

280 3828 399 3877 τος,
430 3812 503 3876 ὠς
534 3812 770 3882 εἴρηται.

356 3926 464 3978 Kal
492 3921 683 3990 εἶδον,
714 3925 811 3979 καὶ
840 3924 967 3979 ἰδοὺ
994 3924 1255 3993 ἐξῆλθεν
1286 3926 1477 3992 ἄλλος
1504 3928 1687 3994 ἵππος
1718 3930 1863 3996 avﬁ-

274 4019 412 4087 ρός.
461 4018 573 4070 Kal
621 4018 703 4084 τῷ
762 4018 1074 4086 καθημένῳ
1124 4019 1216 4071 ἐπ’
1266 4019 1448 4084 αὐτῷ,
1494 4018 1670 4087 ἐδόοη
1704 4018 1864 4085 αὐτῷ

282 4109 497 4164 λαΰεῖν
531 4110 648 4180 τὴν
676 4110 926 4177 εΙρ-ήνην
970 4111 1038 4163 ἐκ
1090 4110 1199 4177 τῆς
1249 4111 1382 4179 γῆς,
1426 4113 1525 4163 ἵνα
1554 4112 1864 4178 ἀλλήλους

283 4200 597 4271 σφάξωσν
639 4202 737 4255 καὶ
772 4200 953 4270 ἐδόθη
987 4200 1148 4266 αὐτῷ
1176 4202 1443 4271 μάχαιρα
1466 4202 1720 4272 μεγάλη.

359 4316 581 4387 Ταύτην
606 4317 768 4387 ἡμεῖς
792 4314 1167 4386 στοχαζόμεθα
1195 4314 1294 4386 τὴν
1319 4314 1576 4386 δευτέραν
1602 4315 1711 4368 τῶν
1732 4315 1867 4369 ἀπο-

291 4408 498 4462 στόλων
524 4408 761 4461 νοεῖσθαι
787 4408 1029 4479 διδαχὴν,
1054 4408 1141 4461 διὰ
1174 4408 1473 4478 μαρτύρων
1495 4408 1587 4460 καὶ
1608 4408 1865 4462 διδασκά-

284 4500 395 4554 λων
426 4500 921 4571 συμπληρουμένην
942 4516 955 4530 ·
985 4502 1043 4553 ὲν
1126 4500 1528 4566 πλατυνομένου
1558 4501 1742 4553 λοιπὸν
1771 4500 1865 4553 τοῦ

288 4594 667 4664 κηρύγματος,
712 4595 863 4666 ήτοῦ
897 4596 1104 4665 κόσμου
1136 4596 1325 4665 εἰρήνη
1370 4595 1554 4664 ἐλύθη.
1591 4596 1712 4649 καθ’
1741 4596 1867 4647 ἐαυ-

2551 2968 2774 3023 CAPUT
2836 2969 2973 3024 XIV.

1967 3104 2195 3162 Secundi
2233 3104 2399 3174 sigilli
2431 3102 2657 3165 solutio,
2700 3120 2805 3172 qua
2850 3104 3092 3170 prwlium
3137 3105 3277 3172 quod
3306 3102 3542 3173 inﬁdeles

2243 3173 2428 3229 contra
2459 3173 2638 3242 ﬁdeles
2670 3176 2872 3238 ineunt,
2905 3175 3241 3229 describitur.

2036 3328 2121 3394 VI,
2151 3331 2204 3386 5.
2229 3328 2289 3382 Et
2320 3345 2438 3382 cum
2455 3327 2744 3397 aperuisset
2765 3326 3001 3395 sigillum
3027 3326 3338 3393 secundum,
3362 3328 3545 3383 audiri

1962 3419 2244 3473 secundum
2278 3419 2479 3472 animal
2508 3418 2684 3471 dicens
2719 3434 2736 3474 :
2782 3416 2907 3470 Veni
2939 3427 2987 3470 et
3019 3417 3150 3473 ride.

2038 3533 2347 3589 Secundum
2405 3533 2607 3587 animal
2664 3533 2893 3586 vitulum
2946 3533 3051 3587 dici
3107 3534 3382 3590 existimo.
3430 3534 3545 3590 lloc

1969 3634 2151 3677 autem
2207 3629 2592 3677 sacrosanctas
2652 3624 2933 3676 beatorum
2987 3634 3286 3692 martyrum
3338 3627 3551 3681 hostias

1967 3716 2250 3785 designat,
2298 3714 2457 3768 sicuti
2508 3714 2744 3781 primum
2794 3713 3151 3781 apostolicam
3189 3726 3547 3785 potestatem,

1967 3807 2043 3862 uti
2076 3807 2239 3877 paulo
2270 3816 2395 3860 ante
2427 3805 2794 3860 indicabatur.

2037 3920 2126 3987 Vl,
2158 3924 2212 3976 ιι.
2240 3921 2307 3975 Ει
2328 3923 2489 3976 exivit
2530 3921 2670 3975 alius
2692 3936 2858 3991 equus
2908 3920 3078 3988 rufus.
3116 3918 3183 3973 Et
3215 3923 3306 3991 qui
3339 3924 3545 3977 sedebat

1966 4032 2125 4083 super
2153 4016 2339 4080 illum,
2365 4015 2553 4067 datum
2577 4024 2654 4067 est
2680 4015 2729 4067 ei
2758 4022 2814 4065 ut
2839 4022 3065 4065 sumeret
3087 4029 3266 4081 pacem
3294 4016 3360 4069 de
3388 4027 3550 4080 terra,

1965 4124 2013 4167 et
2039 4122 2092 4165 ut
2122 4113 2343 4164 invicem
2378 4127 2431 4164 se
2461 4109 2784 4178 interﬁciant
2815 4125 2828 4172 ;
2855 4115 2903 4160 et
2936 4106 3092 4160 datus
3120 4119 3197 4162 est
3228 4109 3311 4163 illi
3342 4110 3552 4179 gladius

1967 4218 2206 4271 magnus.

2037 4312 2192 4369 Ilanc
2253 4312 2548 4367 secundam
2587 4313 2655 4368 ab
2696 4314 2957 4382 apostolis
3000 4314 3406 4370 successionem
3458 4314 3546 4367 in-

1967 4405 2254 4476 terpretari
2287 4420 2612 4475 possumus.
2641 4420 2763 4475 qua:
2791 4420 2887 4476 per
2917 4418 3185 4478 martyres
3216 4415 3269 4461 et
3303 4406 3553 4460 doctores

1968 4497 2264 4550 constituta
2309 4505 2414 4549 est.
2443 4495 2499 4549 In
2523 4496 2627 4550 hac
2654 4496 2799 4550 enim
2836 4497 3093 4552 Ecclesiae
3120 4508 3298 4561 relate,
3328 4499 3553 4551 dilatata

1968 4587 2078 4656 jatn
2112 4587 2389 4658 Evangelii
2424 4588 2806 4656 praedicatione
2828 4628 2842 4651 .
2876 4589 3062 4643 mundi
3103 4590 3266 4659 hujus
3302 4604 3403 4659 pax
3438 4589 3553 4643 dis-

288 4690 392 4755 τῆς
423 4687 778 4758 μερισθείσης
807 4691 907 4757 τῆς
938 4688 1173 4756 φύσεως,
1206 4688 1346 4740 κατά
1371 4688 1430 4739 τὸ
1462 4685 1625 4755 ῥηθὲν
1654 4688 1758 4739 ὑπὸ
1780 4685 1872 4739 τοῦ
1907 4700 1952 4757 ι)

1865 4685 1872 4736 ἱ
1907 4700 1952 4757 ι)
1980 4680 2190 4742 soluta,
2235 4679 2632 4749 hominumque
2667 4689 2858 4733 natura
2896 4689 3086 4734 contra
3127 4681 3362 4750 seipsatn
3413 4694 3554 4748 quo-

290 4779 567 4847 Χριστοῦο
613 4782 735 4834 Οὐκ
784 4776 977 4851 ἦλθον
1023 4780 1245 4845 βαλεῖν
1290 4780 1538 4848 εἰρήνην
1588 4780 1722 4851 [ἐπὶ
1766 4780 1876 4847 τῆς

298 4870 414 4940 τῆς
431 4868 473 4942 l.
500 4871 661 4925 ἀλλὰ
689 4874 1011 4941 μάχαιραν.
1042 4873 1118 4924 Δι’
1155 4867 1220 4943 ἦς
1244 4873 1311 4924 τὰ
1338 4871 1650 4943 μαρτυρικά
1672 4871 1875 4937 σφάγια

299 4962 383 5023 είς
428 4961 490 5012 τὸ
531 4960 645 5013 ἄνω
677 4960 1066 5030 θυσιαστήριον
1110 4961 1504 5031 άνηνέχθησαν.
1552 4960 1603 5012 '0
1633 4958 1700 5011 δὲ
1732 4962 1879 5027 πιρ-

282 5052 399 5121 ρὸς
434 5053 641 5119 ἵππος,
686 5052 719 5125 ἧ
759 5055 855 5123 τῆς
909 5054 1188 5123 ἐκχύσεως
1231 5054 1339 5106 τῶν
1394 5052 1662 5121 αἱμάτων,
1697 5053 1729 5122 ἦ
1777 5053 1876 5121 τῆς

296 5145 705 5215 πεπυρωμένης
738 5144 845 5198 τῶν
895 5146 1036 5217 ὑπὲρ
1072 5146 1309 5217 Χριστοῦ
1353 5147 1669 5217 πασχόντων
1695 5144 1875 5197 διαθέ-

298 5252 437 5301 σεως
464 5236 750 5307 σύμϐολον.
785 5238 860 5290 Τὸ
886 5227 944 5291 δὲ
976 5240 1304 5309 γεγράφθαι,
1328 5238 1579 5307 δοθῆναι
1598 5238 1676 5304 τῷ
1728 5241 1872 5292 καθ-

296 5331 499 5401 ημένῳ
515 5331 605 5385 ἐπ’
631 5328 791 5395 αὐτῷ
810 5330 1021 5384 λαϐεῖν
1042 5330 1151 5402 τὴν
1174 5329 1447 5401 είρήνην,
1478 5332 1577 5401 τὴν
1600 5331 1874 5398 πάνσοφον

295 5424 537 5480 δείκνυσι
563 5424 658 5477 τοῦ
686 5425 821 5479 Θεοῦ
852 5424 1221 5495 συγχώρησιν,
1248 5425 1375 5491 τοὺς
1401 5426 1627 5488 πιστοὺς
1656 5423 1874 5486 δούλους

298 5516 388 5571 διὰ
421 5515 746 5587 πειρασμῶν
774 5515 1181 5585 δοκιμάζουσαν

375 5869 422 5904 ¹³
456 5870 645 5925 Matth.
681 5889 735 5925 χ.
760 5874 849 5925 Si.

632 5970 898 6027 ΙἈίιιιιι..
949 5968 1061 6027 Gn.
1109 5968 1265 6029 CV].

1977 4771 2268 4825 dammodo
2307 4770 2480 4825 divisa
2529 4781 2632 4825 est.
2682 4768 2797 4825 lluc
2846 4787 3083 4838 namque
3135 4772 3370 4838 pertinet
3425 4767 3557 4822 illttd

1977 4864 2177 4917 Christi
2212 4880 2224 4914 :
2264 4862 2388 4917 Non
2438 4865 2552 4919 veni
2592 4880 2770 4932 pacem
2810 4865 3050 4927 mittere,
3095 4864 3185 4917 sed
3230 4862 3554 4934 gladium”;

1979 4971 2073 5027 per
2099 4971 2256 5025 quem
2291 4964 2589 5025 martyrum
2621 4956 2813 5011 hostire
2844 4967 3128 5020 mactatae,
3168 4965 3219 5011 et
3257 4956 3312 5009 in
3344 4955 3554 5009 caelesti

1978 5064 2071 5103 ara
2107 5048 2299 5102 oblatae
2330 5057 2477 5103 sunt.
2514 5049 2687 5104 Porro
2725 5065 2886 5118 equus
2918 5050 3092 5114 rufus,
3117 5058 3213 5103 aut
3241 5048 3397 5103 ell‘usi
3429 5063 3558 5101 san-

1978 5139 2159 5210 guinis
2206 5140 2511 5208 symbolum
2566 5149 2681 5203 est,
2736 5151 2829 5195 aut
2888 5140 3282 5195 inﬂammatum
3342 5139 3557 5191 illorutn

1981 5232 2229 5286 allectum
2274 5230 2578 5299 signiﬁcat‘,
2606 5232 2700 5300 qui
2743 5240 2974 5285 mortem
3019 5245 3118 5298 pro
3146 5227 3367 5283 Christo
3392 5240 3559 5295 oppe-

1980 5324 2203 5377 tierunt.
2234 5322 2370 5377 Cum
2410 5332 2590 5376 autem
2616 5322 2854 5387 additur,
2889 5323 3009 5391 rufo
3032 5336 3162 5391 equo
3191 5318 3443 5373 insidenti
3465 5316 3561 5368 da-

1982 5428 2090 5471 tam
2112 5434 2222 5472 esse
2246 5426 2554 5487 potestatem
2584 5427 2640 5471 ut
2665 5417 2868 5471 tolleret
2889 5431 3067 5485 pacem
3091 5414 3153 5468 de
3178 5410 3555 5480 terra.sapirn-

1984 5509 2195 5564 tissitna
2231 5508 2320 5561 Dei
2355 5509 2647 5578 permissio
2671 5509 2741 5562 ob
2769 5508 2957 5563 oculos
2987 5505 3143 5560 nobis
3168 5505 3406 5575 ponitur.
3440 5501 3559 5555 Ila-r

1986 5616 2092 5655 una
2125 5600 2269 5655 enim
2309 5608 2414 5663 est,
2447 5615 2568 5669 qua:
2597 5600 2734 5655 ﬁdos
2764 5598 2856 5655 Dei
2894 5612 3082 5654 servos
3111 5613 3207 5667 per
3233 5594 3558 5651 tentationes

1986 5694 2202 5763 probari
2230 5701 2281 5749 et
2310 5693 2581 5764 explorari
2608 5693 2758 5747 sinit.
