4276 6438
793 363 890 423 967

1403 474 1634 531 CAPUT
1668 474 1779 530 XV.

800 614 998 671 Salutio
1062 615 1201 668 tertii
1250 612 1451 680 sigilli,
1492 630 1608 681 qua:
1645 612 1856 666 illorum
1893 628 1924 665 η
1967 612 2177 665 Christo
2217 613 2362 680 defe-

865 692 1083 740 ctionem
1114 686 1354 754 proponit
1382 685 1471 754 qui
1503 685 1670 737 minus
1705 683 1931 752 firmiter
1965 684 2017 737 in
2053 685 2223 749 ipsum
2249 700 2365 737 cre-

865 760 1125 808 uiderant.

864 764 1125 811 uiderant.

868 891 949 948 VI.
976 891 1029 941 Pi.
1078 889 1143 942 Et
1174 906 1291 943 cum
1322 889 1605 955 aperuisset
1641 887 1853 941 tertium
1882 887 2140 957 sigillum,
2184 888 2365 941 audivi

794 985 1006 1036 tertium
1027 983 1250 1043 animal,
1284 982 1459 1033 dicens
1485 995 1504 1032 .'
1548 978 1673 1032 Veni
1698 989 1747 1033 et
1772 981 1906 1033 vide.

864 1072 1109 1126 Tertium
1162 1071 1362 1124 animal
1390 1070 1689 1133 hominem,
1712 1079 1769 1124 ut
1792 1070 2049 1131 arbitror,
2072 1069 2321 1139 designat
2349 1086 2363 1124 :

796 1166 881 1219 hic
932 1172 1147 1224 autem,
1197 1162 1505 1215 mortalium
1564 1160 1809 1214 omnitnn
1859 1176 2067 1214 casum.
2112 1160 2243 1214 Nam
2296 1162 2368 1216 ob

796 1257 1086 1309 voluntatis
1122 1254 1426 1307 libertatem
1467 1264 1519 1307 et
1541 1253 1723 1306 carnis
1778 1251 2147 1305 inﬁrmitatem
2204 1251 2368 1306 homo

796 1349 952 1403 facile
985 1346 1286 1417 prolabitur
1326 1345 1377 1396 in
1414 1355 1727 1411 peceatum;
1756 1357 1930 1411 eaque
1972 1343 2037 1396 de
2067 1356 2234 1396 causa
2263 1343 2367 1396 mi-

798 1441 988 1492 tiomm
1029 1448 1245 1503 quoque
1279 1447 1494 1503 pinnam
1528 1432 1824 1499 promereri
1860 1432 2091 1487 videtur.

868 1529 957 1591 Ἠ,
982 1528 1032 1589 5,
1063 1529 1114 1579 ϋ.
1148 1524 1211 1577 Et
1242 1540 1354 1577 ecce
1376 1540 1537 1591 equus
1563 1524 1748 1591 niger:
1773 1533 1821 1575 et
1849 1523 1938 1591 qui
1976 1523 2181 1576 sedebat
2216 1537 2370 1590 super

796 1622 901 1690 25
927 1622 1099 1681 il.'um,
1136 1616 1355 1669 habebat
1380 1624 1633 1667 stateram
1666 1616 1717 1666 in
1759 1630 1917 1667 manu
1944 1629 2078 1675 sua;
2103 1622 2152 1668 et
2188 1613 2369 1666 audiui

797 1727 1045 1783 tanquam
1074 1726 1244 1762 rorem
1280 1709 1334 1760 in
1368 1707 1535 1759 medio
1569 1718 1795 1774 quatuor
1823 1704 2169 1767 animalium,
2195 1704 2371 1756 dicen-

798 1810 898 1853 tem
932 1817 949 1853 :
982 1800 1201 1853 Bilibris
1245 1800 1454 1862 tritici,
1485 1799 1703 1851 denario
1741 1813 1880 1860 uno;
1917 1808 1965 1850 et
2008 1806 2110 1849 tres
2157 1795 2369 1849 bilibres

796 1890 998 1953 hordei,
1040 1890 1255 1943 denario
1289 1905 1392 1942 uno
1423 1904 1440 1942 .'
1474 1900 1521 1942 et
1557 1889 1731 1941 uinum
1760 1897 1808 1940 et
1839 1886 2012 1940 oleum
2041 1903 2104 1941 ne
2144 1886 2363 1941 laseris.

864 2070 1154 2125 Probabile
1208 2070 1268 2122 lit
1320 2068 1557 2137 aliquam
1618 2074 1730 2119 tum
1796 2066 2060 2133 temporis
2110 2065 2364 2119 seusilem

796 2173 1189 2230 externamque
1242 2161 1439 2213 famem
1486 2158 1768 2212 exstitisse
1834 2175 1847 2211 :
1899 2171 2005 2226 qua
2052 2159 2118 2211 de
2166 2173 2223 2212 re
2264 2172 2366 2211 suo

798 2264 984 2325 pOstea
1027 2255 1147 2307 loco
1183 2253 1466 2322 aliquanto
1499 2251 1680 2325 plura._
1711 2251 1813 2305 Per
1852 2266 2038 2319 equum
2072 2261 2255 2304 autem
2288 2251 2367 2302 ni-

798 2365 950 2416 grum
982 2348 1275 2401 denotatur
1306 2347 1487 2398 luctus
1520 2353 1569 2397 ct
1608 2358 1811 2395 mceror
1840 2342 1928 2396 ille
1963 2341 2078 2410 qui,
2124 2350 2180 2395 ut
2218 2342 2365 2396 credi

797 2448 994 2509 potest,
1025 2437 1165 2507 apud
1188 2436 1367 2503 justos
1397 2434 1465 2489 de
1494 2434 1597 2487 illis
1627 2435 1835 2487 orietur
1862 2434 1955 2503 qui
1990 2444 2208 2502 propter
2238 2449 2367 2503 sup-

798 2532 1083 2597 pliciorum
1124 2528 1517 2581 immanitatem
1548 2540 1574 2577 a
1601 2526 1702 2579 (ille
1726 2540 1847 2594 qua:
1869 2534 1951 2579 est
1980 2525 2032 2577 in
2061 2526 2363 2588 Christum,

797 2622 1118 2676 desciscent.
1146 2619 1246 2673 Ρη·
1266 2629 1517 2672 stateram
1536 2627 1741 2679 autem,
1765 2631 1991 2669 examen
2015 2616 2157 2683 quod
2175 2630 2364 2668 eorum

797 2715 1013 2767 animos
1059 2712 1368 2780 explorabit
1411 2710 1502 2778 qui
1559 2709 1629 2763 ob
1667 2707 1863 2760 utentis
1910 2707 2276 2759 lubricitatem
2313 2715 2367 2759 et

799 2806 1259 2868 inconstantiam,
1296 2812 1389 2857 aut
1437 2812 1657 2870 promer
1707 2800 1923 2853 inanem
1967 2798 2233 2867 gloriam,
2274 2806 2366 2852 aut

797 2900 1048 2970 corporis
1104 2911 1321 2967 quoque
1386 2893 1793 2953 inﬁrmitatem,
1862 2891 2020 2942 Iidem
2085 2889 2365 2957 ahjicient.

802 2992 986 3047 Tritici
1041 3005 1203 3061 porro
1255 2987 1532 3041 citae/ticam
1582 2974 1674 3037 seu
1728 2983 1963 3035 bilibrem
2000 2981 2217 3033 denario
2266 2996 2366 3032 uno

797 3082 1076 3143 wstimari.
1117 3091 1273 3148 tropo
1307 3076 1580 3147 quodam,
1635 3084 1691 3127 ut
1721 3073 1939 3142 quidam
1983 3081 2209 3141 putant,
2244 3071 2366 3125 illo-

1945 360 2272 420 ΑΝΟΒΕίΕ
2311 362 2843 435 (ἸΞΕΞΛΙΠΕΝΞΙΒ,

3930 372 4041 438 268

3048 486 3299 541 ΚΕΦΛΛ.
3352 488 3451 541 IE'.

2467 617 2794 696 Λύσιςτῆς
2831 621 3393 696 τρίτης,σφρατῖζος
3438 620 3751 696 [δηλρῦσα
3808 627 4040 694 uir/«ft

2537 689 2763 766 παχίέος
2794 689 3209 766 πιστωρντών
3237 689 3318 759 τῷ
3382 689 3614 762 Χριστῷ
3648 693 3763 762 τὴν
3788 696 3893 750 ἀπ’
3928 689 4035 751 άὺξ

2534 757 2639 809 τοῦ
2668 757 2991 814 ἔκπτωσιν.
3012 758 3031 831 ]

2536 890 2645 944 Καὶ
2663 891 2759 945 ὅτε
2772 891 2979 960 ἤνοιξε
2996 894 3108 960 τὴν
3121 893 3419 963 σφραγῖδα
3436 894 3550 963 τὴν
3565 897 3788 963 τρίτην.
3802 897 4043 964 ἤκουσα

2466 984 2571 1038 τοῦ
2591 987 2789 1051 τρίτου
2814 986 2958 1046 ζώου
2987 986 3301 1056 λέγοντοςο
3338 989 3560 1055 Ἔρχου
3592 986 3721 1058 [καὶ
3751 988 3894 1057 ide].

2539 1072 2687 1145 [ΤὸΙ
2716 1076 2909 1146 ίτρίτον
2949 1075 3088 1140 ζῶον
3128 1075 3359 1129 ἐνταῦθα
3410 1077 3500 1129 τὸν
3542 1076 3829 1145 ἄνθρωπον
3876 1077 4036 1147 οἶμαι

2466 1164 2740 1234 λέγεσθαι.
2783 1167 2884 1236 τὴν
2931 1164 3041 1219 τῶν
3083 1165 3384 1237 ἀνθρώπων
3422 1166 3683 1238 δηλοῦντα
3735 1168 4037 1231 ἔκπτωσιν,

2467 1257 2661 1312 καὶδιὰ
2676 1257 2839 1311 τοῦτο
2855 1258 3098 1323 κόλασιν,
3118 1258 3209 1311 διὰ
3226 1259 3285 1312 τὸ
3300 1260 3434 1330 πρὸς
3452 1259 3725 1330 ἁμαρτίαν
3742 1260 4041 1326 εὐόλισθον,

2466 1353 2534 1420 τῇ
2563 1349 2781 1420 ἐξουσίᾳ
2801 1350 2897 1420 τῆς
2923 1350 3320 1421 προαιρέσεως.

2539 1526 2681 1596 [Kal
2703 1522 2922 1598 εἷδον,]
2954 1527 3050 1580 καὶ
3080 1527 3210 1582 ιδοὺ
3242 1526 3627 1596 ἵππος-μέλας
3646 1545 3662 1559 ο
3693 1528 3791 1582 καὶ
3830 1531 3865 1582 ό
3895 1533 4041 1582 καθ-

2469 1616 2691 1684 ήμενος
2738 1618 2829 1671 ἐπ’
2871 1618 3031 1684 αὐτῷ
3068 1620 3225 1688 ἔχων
3250 1616 3427 1689 ζυγὸν
3449 1620 3520 1672 ἐν
3548 1620 3620 1686 τῇ
3652 1621 3797 1688 χειρὶ
3828 1620 4039 1673 αὐτοῦ·

2471 1707 2568 1759 καὶ
2608 1706 2848 1773 ἥκουσα
2876 1706 3079 1776 φωνῆς
3103 1710 3173 1761 ἐν
3203 1709 3371 1778 μέσῳ
3401 1707 3518 1790 τῶν
3552 1709 3861 1776 τεσσάρων
3882 1709 4046 1769 ζώων

2399 1830 2441 1885 Β
2470 1800 2804 1867 λεγούσης·
2851 1799 3053 1864 Χοῖνιξ
3110 1802 3308 1865 σίτου,
3354 1802 3673 1868 δηναριόυ’
3737 1802 3833 1854 καί
3887 1801 4044 1868 τρεῖς

2469 1889 2733 1956 χοίνικες
2764 1888 3003 1957 κριθῶν,
3055 1890 3375 1959 δηναρίουο
3419 1892 3516 1945 καὶ
3558 1893 3625 1945 τὸ
3682 1891 3889 1946 ἔλαιον
3941 1892 4043 1944 καὶ

2468 1981 2574 2035 τὸν
2601 1978 2772 2036 οἶνον
2795 1982 2879 2052 μὴ
2906 1982 3226 2051 ἀδικήσῃς.

2540 2075 2637 2128 Δια
2679 2075 2735 2128 δὲ
2776 2075 2872 2129 τοῦ
2909 2074 3137 2145 μέλανος
3180 2075 3346 2128 ἵππου
3390 2075 3451 2129 τὸ
3486 2075 3679 2138 πένθος
3746 2076 4043 2145 δηλοῦσθαι

2467 2169 2789 2239 νομίζομεν,
2834 2168 2895 2220 τὸ
2939 2169 3029 2221 ἐπὶ
3064 2170 3177 2231 τοῖς
3224 2167 3519 2221 ἐκπεσοῦσι
3548 2168 3646 2238 τῆς
3680 2170 3759 2231 εἰς
3806 2170 4045 2238 Χριστὸν

2468 2258 2739 2322 πίστεως,
2766 2257 2854 2312 διὰ
2884 2257 2982 2328 τὴν
3023 2257 3326 2329 ὑπερϐολὴν
3374 2258 3482 2312 τῶν
3521 2258 3815 2312 κολάσεων
3851 2259 3947 2312 τὸν
3985 2261 4045 2311 δὲ

2469 2353 2667 2420 ζυγὸν,
2706 2351 3042 2422 δοκιμαστὴν
3080 2347 3355 2405 εἶναιτῶν
3398 2369 3457 2404 τε
3504 2351 3570 2406 δι’
3606 2352 3858 2405 εὐκολίαν
3902 2352 4041 2421 γνὼ-

2472 2460 2577 2513 μης
2629 2442 2662 2513 ἢ
2701 2441 3037 2507 κενοδοξίαν,
3079 2441 3186 2494 τῶν
3230 2460 3288 2495 τε
3329 2443 3418 2498 διὰ
3465 2444 3715 2514 σώματος
3756 2445 4047 2498 ἀσθένειαν

2469 2534 2900 2587 ἐκπεπτωκότων
2930 2534 3028 2603 τῆς
3057 2537 3311 2597 πῖστεως.
3356 2535 3560 2600 Χοῖνιξ
3599 2539 3807 2599 σίτου,
3856 2536 4047 2600 δηνα-

2462 2627 2618 2693 ρίου.
2649 2626 2807 2689 Εἰκὸς
2857 2626 2955 2695 μὲν
2996 2628 3089 2678 καὶ
3116 2625 3371 2694 αἰσθητὸν
3401 2627 3558 2697 λιμὸν
3589 2628 3708 2680 τότε
3749 2626 4002 2693 γενέσθαι
4028 2667 4044 2689 ,

2467 2717 2649 2779 καθὼς
2676 2718 2769 2771 καὶ
2803 2720 2859 2770 ἐν
2890 2721 3001 2780 τοῖς
3032 2718 3158 2785 ἑξῆς
3187 2717 3519 2787 ῥηθήσεται·
3553 2719 3644 2771 τον
3674 2719 3731 2771 δὲ
3758 2718 3852 2771 τοῦ
3889 2721 4047 2771 σίτου

2468 2807 2680 2875 χοίνικα
2714 2809 2806 2859 τὸν
2842 2803 3099 2877 δηναρίου
3154 2807 3331 2871 ἄξιον,
3368 2808 3643 2877 τροπικῶς
3692 2808 3883 2876 δηλοῦν
3916 2811 4049 2872 τοὶς

2468 2898 2715 2967 νομίμως
2748 2898 3090 2967 ἁθλήσαντας
3112 2941 3125 2962 ,
3168 2900 3262 2952 καί
3294 2902 3393 2969 τῆς
3429 2900 3675 2971 δοθείσης
3709 2902 3912 2963 εἰκόνος
3940 2900 4046 2969 τῆς

2470 2988 2615 3051 θείας
2661 2988 2902 3058 ἀκριϐῶς
2952 2989 3221 3057 φύλακας.
3287 2991 3426 3055 Τοὺς
3462 2990 3530 3043 δὲ
3571 2990 3729 3058 τρεῖς
3770 2993 4047 3059 χοίνικας

2468 3079 2578 3147 τῆς
2626 3078 2827 3145 κριθῆς
2854 3118 2869 3141 ,
2916 3079 3043 3141 τοὺς
3083 3081 3477 3149 κτηνοπρεπῶς
3514 3084 3627 3138 τοῖς
3674 3081 3930 3144 διώκταις
3975 3081 4049 3133 δι’

799 3190 919 3228 rum
968 3183 1166 3228 stutum
1217 3170 1492 3231 insinuat,
1537 3166 1629 3236 qui
1683 3165 1921 3234 legitime
1971 3173 2353 3230 certaverunt,
2394 3166 2439 3226 ο
2479 3190 2488 3223 ‹

2394 3166 2439 3226 ο
2479 3171 2767 3240 ἀνανδρίαν
2807 3170 3225 3239 ὑποκύψαντας,
3259 3170 3537 3238 ἀναλόγως
3577 3170 3633 3222 δὲ
3677 3174 4048 3241 μεταρήσαν-

797 3271 1229 3337 impressamque
1258 3279 1287 3317 a
1344 3262 1450 3315 Deo
1504 3260 1791 3328 imaginem
1829 3267 2081 3313 accurate
2122 3260 2366 3313 custodi-

798 3367 1009 3414 verunt.
1067 3357 1193 3411 Tres
1230 3362 1407 3407 autem
1441 3352 1623 3404 hordei
1652 3351 1900 3402 chanicca
1934 3350 2189 3401 tantidem
2225 3349 2364 3417 ﬁeri,

799 3453 1013 3506 iliorum
1083 3448 1357 3501 fortunam
1418 3442 1705 3511 exprimit,
1759 3441 1852 3509 qui
1914 3455 2038 3495 cum
2098 3441 2365 3510 pecudum

798 3558 950 3598 more
984 3540 1184 3612 ignari,
1218 3545 1630 3608 persecutormn
1676 3533 1833 3588 furiis
1864 3540 1990 3586 ante
2036 3533 2327 3586 cessissmu
2352 3572 2365 3597 ,

800 3646 982 3705 postea
1028 3649 1126 3703 pro
1169 3634 1420 3701 lapsuum
1471 3643 1696 3682 suorum
1739 3626 1951 3680 ratione
1996 3624 2365 3695 pmnitentiam

798 3733 1063 3794 egerunt,
1105 3722 1506 3790 imaginemque
1557 3726 1903 3788 peccatorum
1955 3716 2209 3794 sordibqs
2244 3724 2369 3769 ante

798 3824 1212 3882 ronspurcatam
1267 3809 1521 3878 lacrymis
1566 3809 1872 3862 abluerunt.
1925 3778 2189 3873 Quando“
2218 3823 2365 3871 vero,

798 3925 860 3962 ne
882 3909 1059 3960 vinum
1090 3914 1181 3957 aut
1206 3903 1375 3955 oleum
1399 3901 1647 3965 laniatur,
1671 3900 1911 3969 jubetur,
1943 3915 2008 3953 ne
2032 3915 2125 3968 per
2154 3900 2365 3953 turbam

796 3997 997 4052 Christi
1048 3995 1317 4049 medicina
1370 4003 1687 4057 evertatur,
1728 4000 1821 4045 aut
1880 4006 1974 4060 per
2019 3991 2265 4044 fraudem
2312 4000 2367 4045 et

800 4093 1159 4161 imposturam
1211 4086 1538 4148 inlirtnetnr,
1588 4084 1733 4138 serio
1769 4083 2068 4153 iniungitur
2102 4101 2113 4135 :
2160 4091 2217 4135 ut
2249 4097 2371 4151 quae

800 4184 923 4239 illos
961 4196 1154 4238 sanare
1185 4180 1257 4234 sit
1296 4178 1510 4241 idonea,
1544 4181 1634 4248 qui
1670 4178 1723 4231 in
1769 4178 2006 4232 latrones
2040 4177 2369 4230 inciderunt.

796 4278 877 4330 Ad
920 4276 1036 4329 ham
1085 4289 1178 4343 per
1219 4281 1447 4326 mortem
1501 4271 1623 4325 illos
1665 4269 1988 4339 intercipere
2032 4284 2139 4321 non
2186 4267 2369 4332 licere,

797 4366 892 4435 qui
948 4380 1042 4434 per
1093 4364 1184 4417 Dei
1243 4364 1709 4433 longanimitatem
1768 4371 1821 4415 et
1860 4361 2214 4430 patientiam,
2251 4368 2374 4428 post

799 4461 1015 4526 lapsum
1067 4455 1247 4508 denuo
1293 4453 1698 4516 exsul-recturi,
1753 4452 2027 4521 decusque
2081 4451 2369 4520 pristinum

2470 3281 2567 3326 τας
2601 3261 2824 3331 ὕστερον
2847 3304 2861 3327 ,
2908 3261 3002 3314 καὶ
3044 3261 3142 3331 τὴν
3176 3261 3517 3329 ρυπωθεῖσαν
3564 3262 3745 3314 εἰκόνα
3779 3264 4049 3333 δάκρυσν

2470 3351 2906 3414 ἀποπλύναντας.
2939 3351 3011 3402 Τὸ
3040 3351 3225 3415 μέντοι
3258 3350 3572 3404 ἐντετάλθαι
3597 3350 3682 3420 μὴ
3708 3352 4047 3405 ἀδικεῖσθαι

2468 3444 2577 3497 τὸν
2617 3438 2786 3495 οἶνον
2826 3441 2924 3495 καὶ
2958 3442 3024 3495 τὸ
3052 3444 3291 3506 ἔλαιον,
3326 3443 3386 3496 τὸ
3423 3444 3497 3512 μὴ
3538 3443 3851 3498 ἀθετεῖσθαι
3894 3444 4050 3512 λέγει

2469 3536 2567 3607 τὴν
2596 3537 2662 3589 δι’
2694 3535 3028 3606 ἐπιστροφῆς
3072 3534 3209 3607 [τοῦ]
3247 3536 3484 3605 Χριστοῦ
3524 3535 3797 3606 ἰατρείαν,
3841 3538 3873 3606 ἢ
3918 3540 4050 3599 τοὺς

2468 3626 2895 3693 ἐμπεπτωκότας
2948 3627 3059 3687 τοῖς
3104 3624 3328 3695 λῃσταῖς
3388 3625 3483 3677 καί
3534 3625 4051 3695 τραυματισθέντας

2470 3715 2836 3785 θεραπεῦσαι,
2884 3716 2977 3768 καὶ
3034 3716 3108 3786 μὴ
3166 3716 3324 3769 ἐάσαι
3368 3716 3786 3787 προαρπαγῆναι
3827 3715 4051 3784 θανάτῳ

2470 3812 2691 3869 τούτους
2719 3810 2767 3861 οἰ
2799 3809 2889 3862 διὰ
2923 3808 3306 3879 μακροθυμίας
3336 3808 3433 3879 τὴν
3459 3804 3628 3880 ἧτταν
3655 3808 3879 3877 ἔμελλον
3910 3810 4045 3861 ἀναν

2474 3902 2842 3971 μαχήσασθαι.
2904 3902 3019 3954 Ἵνα
3075 3901 3255 3954 τοίνυν
3305 3902 3399 3954 καὶ
3458 3901 3616 3971 ἡμεῖς
3668 3899 4051 3969 φιλάνθρωπον

2474 3992 2658 4063 ἰατρόν
2684 3994 2773 4046 τὸν
2807 3993 2938 4047 Θεὸν
2968 3994 3058 4046 ἐπὶ
3082 3996 3193 4056 τοῖς
3217 3994 3467 4064 ψυχικοῖς
3492 3992 3651 4063 ἡμῶν
3681 3992 3878 4045 πάθεσι
3904 4010 4045 4061 κτη-

2474 4085 2727 4154 σώμεθα,
2760 4086 2991 4140 τοιοῦτοι
3032 4089 3145 4150 τοῖς
3178 4086 3429 4155 ἀδελφοῖς
3459 4086 3617 4157 ἡμῶν
3653 4086 4051 4155 σφαλλομένοις

2474 4178 2729 4245 γενέσθαι
2760 4179 3173 4247 σπουδάσωμεν,
3212 4178 3292 4243 τῷ
3319 4179 3502 4242 ἐλαίῳ
3541 4175 3647 4245 τῆς
3673 4180 4046 4246 συμπαθείας

2468 4270 2833 4339 μεμιγμένον
2865 4269 2972 4323 τὸν
3003 4268 3113 4338 τῆς
3147 4268 3556 4336 παραινέσεως
3592 4264 3762 4323 οἶνον
3789 4266 4051 4338 [τούτοις]

2476 4362 2875 4431 προσφέροντες
2900 4378 2914 4391 ·
2963 4361 3048 4414 ἵνα
3084 4362 3158 4432 μὴ
3208 4361 3271 4415 τὸ
3300 4361 3472 4431 χωλὸν
3499 4363 3780 4432 ἐκτραπῇ,
3825 4360 3949 4430 ἰαθῇ
3991 4360 4050 4413 δὲ

2480 4454 2702 4522 μᾶλλον,
2758 4455 2900 4509 κατὰ
2951 4454 3038 4507 τὸν
3071 4453 3255 4526 [Θεῖον]
3312 4454 3669 4507 Ἀπὸστολονο
3715 4454 3865 4515 ὅπως
3912 4452 4050 4504 Θεοῦ

796 4552 1170 4621 recuperaturi
1202 4559 1346 4606 sunt.
1376 4550 1447 4605 Ut
1478 4550 1643 4619 igitur
1678 4564 1776 4603 nos
1798 4562 2015 4618 quoque
2044 4547 2210 4602 lleum
2242 4546 2365 4615 Opt.
2397 4526 2448 4586 Β
2477 4562 2485 4595 ι

2359 4588 2365 4602 .
2397 4526 2448 4586 D
2477 4546 2723 4616 συνεργοί
2751 4546 3062 4615 γενόμενοι,
3101 4549 3213 4610 τοῖς
3236 4545 3398 4599 αὑτοῦ
3429 4545 3653 4612 ἀγαθοῖς
3687 4544 3929 4605 αἱωνίως
3963 4544 4048 4595 ἑν-

798 4644 936 4697 Max.
970 4643 1264 4711 benignum
1317 4641 1749 4709 clementemquc
1794 4640 2100 4694 animarum
2146 4646 2364 4693 nostra-

799 4751 919 4789 rutn
955 4736 1223 4788 medicum
1256 4735 1626 4804 experiamur,
1660 4731 1921 4786 fratribus
1950 4731 2151 4786 nostris
2178 4746 2369 4786 erran-

801 4829 944 4882 tibus
978 4828 1240 4897 benignos
1270 4827 1673 4895 cletnentesque
1708 4839 1808 4878 nos
1841 4823 2097 4877 exhibere
2148 4821 2367 4876 studea-

800 4936 954 4984 mus,
1031 4919 1413 4989 objurgationis
1480 4920 1655 4971 vinum
1716 4915 2187 4969 commiserationis
2257 4914 2369 4969 oleo

2476 4639 2877 4708 τρυφήσωμεν,
2921 4638 3104 4707 χάριτι
3147 4638 3242 4690 καὶ
3285 4637 3666 4707 φιλανθρωπία
3698 4634 3789 4687 τοῦ
3839 4635 4050 4705 Κυρίου

2473 4730 2629 4800 ἡμῶν
2678 4730 2852 4800 Ἰησοῦ
2882 4729 3153 4801 Χριστοῦ’
3193 4730 3312 4801 μεθ’
3341 4724 3402 4784 οὗ
3430 4728 3508 4801 τῷ
3561 4728 3767 4797 Πατρί,
3813 4726 3930 4795 ἅμα
3973 4726 4048 4795 τῷ

2475 4821 2615 4891 ἁγίῳ
2646 4820 2945 4892 Πνεύματι,
2974 4821 3125 4885 δόξα,
3164 4820 3409 4894 [κράτος.
3444 4819 3538 4872 νῦν
3570 4819 3664 4871 καὶ
3701 4819 3787 4871 ἀεὶ
3820 4816 3941 4889 καί]
3970 4820 4049 4880 εἰς

2472 4913 2599 4977 τοὺς
2625 4912 2826 4977 αἰῶνας
2852 4914 2958 4967 τῶν
2981 4913 3210 4967 αἰώνων.
3256 4912 3445 4983 Ἀμήν.

800 5011 1107 5073 miscentes;
1173 5024 1238 5063 ne
1300 5009 1469 5063 nimia
1533 5008 1851 5071 severitate,
1904 5006 2048 5075 quod
2091 5006 2387 5075 Apostolus
2442 5004 2685 5071 damnat,
2723 5006 2773 5060 id
2806 5007 2951 5076 quod
2986 5006 3237 5061 claudum
3327 5003 3645 5057 mutilumve
3668 5011 3813 5068 erat,
3846 5002 4047 5056 distor-

797 5118 1061 5170 queamus
1091 5103 1274 5156 verius
1314 5116 1477 5171 quam
1507 5116 1796 5167 sanemus;
1835 5115 2007 5166 eaque
2042 5100 2252 5153 ratione
2280 5097 2372 5153 Dei
2436 5099 2714 5169 adjutores
2771 5099 2944 5154 eliecti
2970 5138 2985 5163 ,
3028 5100 3081 5152 in
3143 5097 3299 5152 bonis
3352 5098 3500 5152 illius
3550 5111 3655 5149 non
3704 5094 3912 5164 absque
3952 5097 4044 5164 ju-

798 5196 979 5251 cunda
1022 5198 1303 5266 voluptate
1345 5197 1401 5250 in
1456 5212 1617 5251 omne
1662 5211 1835 5249 atrum
1890 5210 2201 5257 versemur;
2250 5195 2421 5263 gratia
2479 5205 2533 5249 et
2592 5194 2879 5249 clementia
2940 5191 3153 5247 Domini
3218 5192 3390 5245 nostri
3449 5186 3581 5243 Jesu
3628 5187 3868 5251 Christi,
3922 5202 4048 5242 cum
4100 5234 4111 5240 -

797 5305 907 5360 quo
943 5289 1088 5344 Patri
1135 5300 1189 5345 et
1242 5289 1468 5359 Spiritui
1517 5302 1709 5345 sancto
1742 5292 1811 5343 sit
1854 5289 2025 5359 gloria
2072 5288 2126 5342 in
2171 5289 2368 5343 saecula
2404 5288 2754 5344 saeculorum.
2796 5288 2990 5342 Amen.

1186 5407 1415 5465 CAPUT
1452 5408 1588 5463 XVI.
1630 5408 1862 5465 SERMO
1902 5409 1963 5466 V.

2895 5406 3145 5460 κεψΑΑ.
3184 5406 3301 5470 ις’.
3342 5401 3561 5456 soror.
3590 5398 3667 5455 ε’.

800 5527 1004 5584 Salutio
1034 5530 1208 5597 quarti
1242 5530 1435 5599 sigilli.
1469 5547 1570 5599 qua
1607 5531 1817 5582 illorum
1852 5529 2065 5597 ﬂagella
2100 5528 2371 5580 deliaean-
2472 5546 2489 5582 Α

2351 5558 2371 5569 -
2472 5530 2662 5594 Λύσις
2689 5525 2799 5593 τῆς
2832 5526 3112 5593 τετάρτης
3148 5521 3497 5599 σφραγῖδος,
3529 5519 3906 5599 ἐμφαίνουσα
3944 5518 4040 5584 τὰς

871 5608 956 5669 tur
1005 5592 1093 5669 qui
1128 5592 1341 5668 proptEr
1380 5592 1543 5653 animi
1581 5592 1861 5654 mollitiem
1901 5592 1947 5653 et
1983 5600 2369 5668 impatientiam

2141 5600 2369 5651 fientiam
2639 5592 2649 5594 ⁷
2682 5592 3059 5666 ἐπαγομένας
3088 5595 3212 5659 τοῖς
3240 5594 3485 5648 ἀσεϐέσι
3515 5592 3830 5661 μάστιγας.

867 5667 1144 5723 Dominum
1183 5682 1515 5740 negaverunt.

862 5802 952 5867 Vl,
995 5804 1048 5859 Ἰ.
1098 5804 1161 5858 Et
1198 5824 1316 5861 cum
1370 5809 1659 5877 aperuisset
1691 5810 1923 5878 sigillum
1954 5819 2236 5878 quartum,
2278 5824 2374 5860 au~
2544 5832 2551 5855 λ

2353 5836 2374 5846 η
2544 5805 2647 5856 Kat
2699 5818 2795 5854 ore
2838 5816 3043 5868 ηνοιςε
3094 5798 3208 5867 τῖιι·
3238 5793 3538 5867 σφραγῖδα
3583 5794 3693 5864 τὴν
3728 5791 4039 5860 τετίῇητην,
