4276 6438
244 450 350 508 ‘27?

1201 446 1805 506 COMMENTARIUS
1847 444 1927 503 IN
1967 441 2495 504 APOCALYPSIN.

3385 436 3493 498 278

256 561 535 620 Ἰουδαίοις
590 557 919 627 γεγενῆσθαι
973 556 1317 627 ὲξείληπται,
1380 559 1487 610 τῶν
1541 554 1945 626 τεσσάρωνΑΙ

1803 573 1823 608 ν
1853 559 1899 616 Α
1930 554 2198 619 feruntur,
2233 569 2354 624 qua:
2385 551 2556 606 Judazi
2589 550 2864 620 quondam
2898 563 2926 602 a
2953 546 3215 603 Romanis
3253 550 3492 616 perpessi

243 652 408 704 Θείων
439 650 683 718 ἀγγέλων
712 648 904 718 δηλοῦν
933 650 1115 710 αὐτοῖς
1145 649 1513 716 νομισθέντων
1554 650 1612 700 τὸ
1643 649 1733 700 ὲττί
1769 665 1824 699 τε

245 744 352 813 γῆς
390 743 481 794 ἐπί
521 759 580 794 τε
622 741 930 810 θαλάττης,
960 742 1068 793 τῶν
1111 741 1213 809 τὴν
1255 741 1424 810 ὀργὴν
1469 742 1828 810 πειρωμένων

243 834 648 902 διαδιδράσκειν
683 832 943 900 ἄφυκτον,
966 831 1144 899 πολλῷ
1165 833 1364 900 μᾶλλον
1386 832 1542 884 τοῦτο
1561 835 1616 885 ὲν
1646 837 1708 903 τῇ
1733 831 1826 885 τοῦ

257 925 630 993 ’Λντιχρίστου
663 920 942 974 ὲπελεύσει
977 922 1289 988 γενήσεται,
1317 922 1414 973 οὐκ
1447 924 1504 972 ἐν
1533 924 1599 990 τῇ
1626 925 1824 991 μερικῇ

246 1019 321 1083 γῇ
354 1015 456 1082 τῆς
479 1014 758 1075 Ἰουδαίας,
791 1011 906 1064 ἀλλ’
939 1011 996 1063 ἐν
1025 1013 1171 1080 πασῃ
1202 1006 1267 1080 ἧς
1299 1012 1390 1062 ἐπὶ
1418 1012 1524 1062 τῶν
1546 1014 1828 1080 τεσσάρων

250 1103 469 1169 γωνιῶν
519 1103 737 1154 ἑστάναι
788 1104 913 1164 τοὺς
955 1100 1219 1167 ἀγγέλους
1254 1101 1526 1166 διέξεισιν,
1575 1102 1649 1162 ὡς
1694 1103 1830 1169 πλη-

249 1193 484 1260 ροῦντας
532 1190 810 1252 διακονίας
861 1188 1046 1241 Θεόθεν
1092 1190 1278 1248 αὐτοῖς
1320 1191 1825 1259 ἐγκεχειρισμένας,

249 1283 386 1349 ἡμῖν
408 1281 463 1333 δὲ
491 1279 820 1347 ἀγνώστους.
865 1278 931 1331 Ἡ
953 1278 1009 1330 δὲ
1038 1278 1154 1331 τῶν
1183 1277 1420 1346 ἀνέμων
1441 1279 1634 1347 ἐποχή
1696 1297 1829 1349 προς

248 1371 424 1439 δήλως
456 1371 608 1422 λύσιν
645 1371 742 1438 τῆς
781 1366 1035 1432 εὐταξίας
1066 1370 1164 1437 τῆς
1193 1371 1444 1431 κτίσεως,
1479 1372 1572 1423 καὶ
1621 1370 1682 1422 τὸ
1720 1371 1825 1421 τῶν

250 1461 438 1512 κακῶν
468 1460 720 1530 ἐμφαίνει
748 1460 1126 1528 ἁδιάδραστον.
1162 1459 1238 1510 Δι’
1266 1461 1483 1529 ἀνέμων
1511 1461 1618 1530 γὰρ
1646 1462 1739 1514 καὶ
1760 1463 1826 1515 τὰ

246 1553 350 1619 τῆς
384 1552 483 1619 γῆς
502 1552 654 1618 ’φυτὰ
689 1553 1003 1621 τρέφονται,
1042 1551 1136 1602 καὶ
1165 1552 1378 1603 πλείται
1414 1555 1444 1620 ἡ
1479 1552 1740 1608 Θάλασσα.

252 1658 384 1697 vero
435 1648 730 1713 [ventorum
796 1644 1046 1697 coliibitio
1109 1645 1329 1715 legitimi
1403 1649 1610 1702 ordinis
1668 1652 2077 1706 dissolutionem
2142 1647 2615 1714 iuevitabilemque
2691 1647 3142 1699 comininatoruin

1929 657 2058 702 sunt
2087 664 2100 700 :
2133 647 2500 713 (arbitrantur
2532 644 2678 698 enim
2713 655 2809 710 per
2838 649 3073 709 quatuor
3107 638 3336 708 mystica
3373 641 3494 691 ani-

1929 739 2088 793 malia
2116 736 2387 795 effectum.
2418 745 2476 788 ut
2508 748 2683 802 neque
2714 741 2878 794 terra,
2924 747 3097 794 neque
3125 730 3282 792 mari,
3322 745 3494 798 neque

1927 831 2032 883 ulla
2065 829 2169 882 alia
2197 828 2282 880 Via
2317 828 2448 879 iratn
2471 827 2709 879 divinam
2742 822 3255 892 impeltdetttetnqne
3281 825 3362 872 cla
3387 823 3490 874 ient

1928 920 2131 972 evitare
2171 915 2467 986 potuerint)
2530 915 2699 968 multo
2755 922 2933 967 tamen
2981 912 3186 964 rectius
3229 910 3295 962 ad
3346 910 3504 961 Λιιιὶ⁹

1930 1008 2115 1062 eliristi
2171 1007 2459 1060 adventum
2520 1005 2667 1056 locus
2709 1004 2794 1055 liic
2847 1001 3098 1056 refertur.
3147 1000 3302 1054 Tune
3355 998 3500 1052 enim

1930 1114 2069 1153 szeva
2106 1098 2190 1150 illa
2223 1105 2516 1164 tempestas
2548 1094 2837 1147 furibunde
2863 1093 3136 1155 desaeviet,
3171 1107 3276 1143 non
3309 1089 3361 1142 in
3394 1104 3500 1140 una

1930 1191 2110 1257 aliqua
2143 1198 2298 1241 terra:
2331 1195 2479 1255 parte
2499 1186 2700 1246 solum,
2734 1197 2827 1235 aut
2857 1185 2910 1236 in
2937 1182 3244 1236 Judaeorum
3285 1181 3504 1248 regione

1932 1290 2162 1342 tantum,
2205 1279 2298 1333 sed
2349 1279 2402 1330 in
2449 1277 2700 1328 universa
2737 1283 2902 1327 terra.
2933 1273 3110 1337 Quare
3135 1273 3299 1326 etiam
3337 1285 3504 1338 super

1934 1382 2169 1438 quatuor
2197 1369 2315 1437 ejus
2343 1367 2571 1436 angulos
2607 1375 2841 1434 quatuor
2870 1364 3089 1431 angelos
3129 1362 3343 1415 stetisse
3376 1377 3502 1412 nar-

1935 1473 2105 1523 ratur,
2143 1462 2230 1530 qui
2267 1461 2553 1529 implerent
2586 1456 2948 1510 ministerium
2990 1454 3250 1506 divinitus
3283 1452 3498 1519 quidem

1936 1555 2037 1608 sibi
2083 1553 2489 1613 demandatum,
2546 1551 2703 1604 nobis
2759 1557 2938 1602 autem
3000 1546 3357 1614 incognitum.
3409 1545 3504 1593 Ast

3235 1641 3500 1693 malorum

249 1749 505 1794 eventum
547 1741 688 1797 haud
725 1740 889 1796 dubie
922 1743 1163 1797 insinuat
1199 1763 1212 1797 :
1261 1745 1527 1811 siquidem
1588 1761 1680 1815 per
1719 1759 2000 1800 ventorum
2035 1746 2222 1799 flatum
2284 1744 2505 1797 arbores
2563 1751 2616 1796 et
2677 1742 2871 1811 plantae
2925 1739 3244 1794 nutriuntur
3271 1746 3322 1791 et
3360 1737 3504 1790 refo-

248 1834 531 1898 cillantur,
567 1843 619 1888 et
650 1836 820 1890 maria
851 1837 1083 1892 navibus
1119 1839 1421 1893 sulcantur.

321 1948 430 2000 Kal
483 1943 649 2001 εἶδον
714 1949 910 2003 ἄλλον
954 1950 1216 2020 ἄγγελον
1273 1953 1674 2007 ἀναϐαίνοντα
1716 1955 1830 2008 ἀπὸ
1862 1957 1907 2015 Β
2008 1953 2010 1959 ’

1821 1956 1907 2015 SB
2008 1952 2120 2015 VII,
2168 1951 2222 2016 ‘2,
2253 1952 2304 2004 5.
2354 1950 2417 2004 Et
2451 1952 2556 2004 vidi
2602 1961 2824 2003 atterunt
2857 1948 3099 2017 angelum
3144 1945 3510 2001 ascendrntem

247 2039 559 2105 ἀνατολῆς
589 2042 785 2106 ἡλίου,
817 2043 1037 2110 ἔχοντα
1067 2044 1365 2112 σφραγῖδα
1411 2046 1557 2099 Θεοῦ
1599 2044 1830 2110 (ibi/tat,"

249 2131 348 2180 καὶ
373 2130 576 2196 ἓκραζε
598 2131 767 2199 φωνῇ
795 2133 1024 2201 μεγάλῃ
1055 2136 1176 2200 τοῖς
1201 2136 1535 2205 τέσσαρσιν
1558 2139 1834 2206 ἀγγέλοις

249 2215 344 2284 εἷς
374 2221 550 2287 ἐδόῶη
584 2220 828 2292 [αὐτοῖς]
859 2223 1145 2292 ἀδικῆσαι
1168 2226 1282 2295 τὴν
1304 2227 1416 2297 γῆν
1450 2230 1545 2281 καὶ
1591 2231 1702 2296 τὴν
1735 2232 1834 2286 θά-

248 2317 520 2376 λασσαν,
557 2314 771 2380 ,λέγων’

338 2427 556 2494 Ὀττερι
622 2431 700 2499 τῷ
801 2431 1060 2501 Ἰεζεκιὴλ
1105 2467 1115 2477 -
1153 2435 1322 2487 παλαι
1416 2437 1837 2492 ἀποκεκαλυπτο

252 2519 386 2586 περὶ
436 2519 527 2571 τοῦ
586 2522 935 2592 ἐνδεδυμένον
994 2525 1053 2577 τὸ
1102 2525 1302 2593 βαδδὶν,
1369 2529 1610 2583 καὶτῶν
1665 2549 1836 2585 κατα-

253 2609 628 2674 στεναζόντιιιν
699 2613 767 2667 τὰ
833 2617 1063 2684 μέτωπα
1123 2620 1516 2686 σφραγίζοντος
1578 2624 1714 2692 πρὸς
1777 2625 1837 2678 τὸ

257 2705 335 2772 μὴ
387 2705 784 2761 συναπολέσθαι
836 2709 962 2770 τοὺς
1003 2709 1244 2772 δικαίους
1293 2716 1403 2775 τοῖς
1459 2715 1686 2778 ἀδίκοις,
1749 2718 1837 2771 διὰ

254 2798 318 2846 τὸ
365 2798 462 2866 τῆς
522 2800 913 2870 κεκρυμμένης
963 2801 1071 2852 τῶν
1131 2804 1300 2869 ἁγίων
1343 2807 1542 2876 ἀρετῆς
1604 2810 1837 2874 καὶτοῖς

257 2891 515 2956 ἀγγέλοις
565 2891 876 2959 ἄγνωστονο
909 2893 1067 2946 τοῦτο
1125 2895 1405 2950 κάνταῦθα
1459 2899 1534 2968 τῷ
1582 2903 1839 2971 μακαρίῳ

255 2979 574 3044 δείκνυται,
630 2982 937 3052 ὑπερτέρας
1016 2985 1176 3050 ἁγίας
1237 2986 1517 3056 δυνάμεως
1580 2994 1692 3052 τοῖς
1763 3009 1840 3044 τι-

260 3073 467 3138 μωροίς
512 3071 684 3137 ἁγίοις
733 3073 986 3140 ἀγγέλοις
1030 3075 1459 3148 ὲγκελευομένης
1506 3080 1673 3147 μηδὲν
1705 3082 1837 3150 δρᾶ-

260 3180 351 3213 σαι
409 3166 486 3224 εἰς
546 3167 672 3226 τοὺς
729 3165 1270 3234 πλημμελήσαντας,
1324 3171 1452 3238 πρὶν
1501 3169 1566 3222 ἂν
1612 3172 1698 3224 διὰ
1744 3175 1838 3226 τοῦ

261 3255 670 3325 σφραγισοῆναι
700 3257 1080 3324 διακριθέντας
1112 3259 1378 3326 ὲπεγνῶσι
1408 3263 1534 3325 τοὺς
1562 3265 1662 3334 τῆς
1707 3265 1841 3337 ἀλη-

1937 2045 2002 2098 ab
2044 2054 2163 2098 ortu
2191 2044 2349 2108 solis,
2390 2044 2655 2097 habentem
2695 2044 2899 2110 signum
2938 2041 3028 2093 Dei
3062 2041 3196 2096 viri:
3223 2048 3269 2091 et
3302 2038 3510 2089 elauta-

1936 2138 2007 2190 vit
2052 2153 2169 2189 voce
2206 2153 2393 2205 magna
2429 2145 2655 2204 quatuor
2697 2134 2930 2203 angelis,
2971 2133 3156 2201 quibus
3193 2130 3377 2182 datum
3432 2135 3510 2180 est

1939 2244 2117 2282 nocere
2154 2238 2304 2281 terra:
2331 2237 2377 2280 et
2412 2228 2568 2290 mari,
2601 2227 2796 2278 dicens.

2009 2430 2161 2497 Quod
2216 2429 2496 2500 propheta:
2553 2425 2821 2480 Ezeebicli
2864 2440 2958 2495 per
3012 2423 3162 2477 illum
3210 2422 3322 2493 jam
3378 2422 3508 2479 olitn

1940 2521 2386 2592 significabatur,
2436 2520 2528 2589 qui
2567 2519 2704 2572 linea
2738 2518 2874 2573 stola
2912 2518 3134 2572 indutus
3179 2514 3509 2585 gementium

1941 2613 2146 2667 frontes
2187 2613 2456 2679 signabat,
2492 2627 2560 2665 ne
2584 2610 2715 2680 justi
2747 2610 2912 2664 simul
2945 2608 3231 2662 interirent
3258 2624 3382 2661 cum
3421 2608 3508 2661 iti-

1935 2705 2096 2772 justis
2135 2724 2146 2757 :
2191 2705 2209 2774 (
2246 2713 2372 2757 sunt
2407 2704 2552 2756 enim
2594 2715 2914 2758 sanctorum
2963 2704 3187 2755 virtutes
3236 2716 3378 2770 smpe
3417 2716 3511 2755 oc-

1940 2796 2118 2856 cultae.
2135 2802 2188 2849 et
2210 2811 2274 2847 ne
2299 2796 2430 2862 ipsis
2446 2795 2665 2864 quidem
2694 2795 2899 2863 angelis
2923 2795 3056 2847 satis
3079 2794 3387 2862 comperta)
3408 2793 3511 2846 lioe

1941 2886 2117 2955 ipsum
2147 2887 2299 2940 beato
2329 2885 2524 2940 Joanni
2556 2888 2669 2955 pari
2705 2887 2816 2941 fere
2858 2887 3016 2940 modo
3046 2887 3146 2940 hoc
3183 2886 3300 2939 loco
3323 2895 3511 2940 osten-

1942 2978 2102 3031 ditur.
2144 2979 2352 3031 Etenim
2390 2995 2482 3047 per
2509 2979 2848 3032 sublimioris
2883 2979 3098 3032 virtutis
3126 2987 3179 3032 et
3210 2979 3514 3032 sanctitatis

1943 3067 2164 3135 angelos
2235 3067 2342 3137 30
2384 3068 2590 3138 angelis
2646 3070 2819 3138 pinnis
2881 3069 3189 3138 irrogandis
3242 3068 3514 3137 prtefectis

1943 3160 2089 3212 serio
2122 3159 2207 3211 liic
2242 3160 2520 3225 indicitur,
2550 3178 2615 3216 ne
2649 3163 2774 3229 quid
2806 3163 2956 3230 prius
2984 3175 3172 3216 contra
3200 3173 3514 3230 peceatores

1946 3261 2172 3315 tentent,
2198 3269 2359 3321 quam
2394 3254 2640 3307 veritatis
2675 3255 2913 3309 cultores
2939 3270 3034 3323 per
3070 3256 3411 3324 signaculum
3447 3256 3513 3308 ab

260 3347 414 3408 Θείας
462 3347 828 3416 θεραπευτάς.
873 3348 1043 3401 Τοῦτο
1072 3350 1126 3402 δὲ
1156 3352 1204 3401 εἰ
1253 3352 1344 3404 καὶ
1387 3356 1628 3422 μερικῶς
1673 3322 1949 3410 adlata:

1828 3377 1838 3410 ι
1865 3322 1908 3382 C
1943 3343 2063 3396 aliis
2092 3344 2375 3399 distinctos
2404 3346 2642 3398 videant.
2671 3345 2782 3399 Hoc
2814 3322 2990 3399 autem
3020 3322 3215 3400 etsi-iis
3242 3347 3517 3416 quondam

269 3441 591 3507 γεγένηται,
639 3441 746 3493 τῶν
777 3440 853 3509 τῷ
885 3441 1106 3512 Χριστῴ
1144 3448 1587 3501 πεπιστευκότων
1619 3450 1714 3520 τὴν
1745 3454 1842 3521 τῆς

277 3527 627 3600 Ἰερουσαλὴμ
657 3532 761 3582 ὑπὸ
793 3530 1078 3602 Ῥωμαίων
1107 3535 1526 3604 ἐκπεφευγότων
1555 3541 1840 3610 πόρθησιν,

261 3623 342 3682 εἰς
403 3622 599 3684 πολλὰς
652 3622 950 3676 τελούντων
998 3626 1286 3696 μυριάδας,
1342 3629 1483 3681 κατὰ
1525 3631 1615 3684 τὶν
1673 3633 1845 3700 μέγαν

277 3713 556 3777 Ἰάκωϐον,
589 3717 679 3766 τὸν
706 3715 781 3783 τῷ
812 3717 1066 3787 μακαρίῳ
1099 3718 1294 3788 Παύλῳ
1327 3721 1387 3771 τὸ
1426 3721 1625 3790 πλῆθος
1664 3725 1845 3777 αὐτῶν

265 3806 624 3873 ἐμφαίνοντα
660 3807 774 3860 ἀλλ’
803 3798 926 3872 05V:
956 3810 1031 3870 ὡς
1064 3810 1300 3879 εἴρηται,
1347 3812 1404 3863 δν
1433 3813 1508 3882 τῷ
1545 3815 1722 3885 καιρῷ
1750 3817 1847 3885 τῆς

265 3897 359 3950 ’τοῦ
397 3899 764 3967 Ἀντιχρίστου
792 3899 1126 3963 ἐπελεύσεως
1152 3902 1385 3970 μάλιστα
1408 3906 1714 3975 γενήσεται,
1750 3907 1847 3976 τῆς

269 3990 567 4057 σρραγῖδος
608 3990 702 4042 τοῦ
753 3991 1020 4052 ζωοποιοῦ
1067 3993 1298 4058 σταυροῦ
1351 3995 1691 4067 διειργούσης
1738 3997 1847 4049 τῶν

268 4083 514 4134 ἀπίστων
547 4082 670 4142 τοὺς
702 4085 928 4144 πιστοὺς
960 4085 1406 4153 ἁνεπαισχύντως
1429 4089 1521 4139 καὶ
1554 4091 1848 4159 πεπαῤῥη-

270 4173 578 4238 σιασμένως
610 4173 707 4242 τὴν
745 4172 839 4224 τοῦ
871 4175 1108 4242 Χριστοῦ
1145 4177 1443 4244 σημείωσιν
1480 4180 1710 4233 ἐνώπιον
1740 4179 1848 4232 τῶν

266 4262 482 4315 ἀσεϐῶν
514 4264 799 4334 φέροντας.
833 4266 922 4317 Διό
950 4283 1114 4336 φησιν
1140 4269 1166 4319 ὁ
1198 4268 1461 4336 ἅγγελοςο

341 4552 438 4619 Μὴ
483 4552 809 4620 ἀδικήσητε
851 4555 966 4621 τὴν
1010 4555 1128 4624 γῆν
1161 4556 1314 4625 μήτε
1362 4556 1478 4624 τὴν
1531 4557 1852 4613 θάλασσαν

1943 3449 2007 3486 ex
2042 3444 2193 3503 parte
2234 3436 2487 3489 acciderit
2523 3437 2616 3506 qui
2653 3452 2718 3490 ex
2755 3435 2956 3492 Judreis
2997 3437 3050 3490 iu
3085 3438 3359 3492 Chrisnim
3395 3454 3515 3493 cre-

1945 3526 2134 3579 dentes
2172 3527 2641 3596 depopulationem
2680 3529 2823 3582 illam
2853 3545 2974 3596 qua:
3017 3529 3521 3600 Hierosolymorum

1946 3617 2152 3671 civitati
2203 3634 2231 3672 a
2279 3618 2536 3676 Romanis
2581 3621 2727 3675 illata
2774 3633 2875 3685 est,
2913 3623 3302 3678 admirabiliter
3331 3640 3522 3678 evase-

1946 3719 2092 3771 runt,
2143 3711 2235 3778 qui
2285 3713 2581 3765 St‘CUIldllm
2637 3729 2892 3782 magnum
2927 3713 3226 3775 Jacobum.
3262 3717 3354 3784 qui
3399 3717 3523 3768 illo-

1951 3817 2068 3854 rum
2095 3803 2496 3858 muhitudinem
2529 3807 2776 3874 apostolo
2804 3806 2970 3860 Paulo
3002 3808 3289 3875 allegabat,
3318 3809 3526 3877 aliquot

1951 3894 2219 3962 myriades
2250 3897 2645 3964 conliriebant;
2673 3908 3047 3954 verumtamen
3081 3901 3344 3953 adventus
3378 3901 3527 3954 Anti-

1949 3985 2136 4038 eliristi
2188 3996 2432 4055 tempore
2484 3991 2741 4052 maxime,
2781 4002 2839 4044 ut
2887 4000 3014 4045 ante
3059 4007 3278 4060 quoque
3317 3993 3520 4045 dictum

1948 4086 2052 4141 est,
2085 4077 2186 4131 lioc
2216 4078 2393 4132 locum
2445 4081 2700 4147 habebit;
2740 4084 2958 4152 quando
3000 4084 3259 4137 nimirum
3299 4085 3526 4138 viviiicze

1951 4171 2130 4224 cruris
2183 4173 2394 4239 signum
2443 4173 2626 4229 fideles
2674 4177 2742 4230 ab
2790 4177 3099 4230 infidelibus
3150 4188 3414 4231 secernet.
3461 4178 3524 4228 hi

1951 4264 2098 4316 enim
2157 4265 2420 4332 intrepide
2466 4267 2712 4337 citraque
2770 4269 2937 4322 ullum
3004 4270 3257 4323 ruborem
3319 4269 3523 4322 (Ilii-isti

1953 4357 2132 4410 crucis
2189 4357 2530 4426 signaculum
2582 4360 2634 4413 in
2685 4373 2976 4430 conspectu
3029 4362 3320 4431 impiorum
3378 4361 3529 4416 defe-

1955 4461 2076 4504 rent
2112 4465 2125 4503 :
2157 4457 2210 4504 et
2236 4451 2310 4504 ob
2336 4450 2386 4506 id
2414 4453 2642 4522 angelus
2672 4453 2758 4508 hic
2789 4470 2915 4508 mox
2949 4455 3230 4524 subjungit
3261 4473 3274 4509 :

2025 4561 2138 4629 VII,
2165 4564 2220 4618 5.
2257 4564 2436 4620 Nolite
2473 4583 2654 4621 nocere
2694 4579 2869 4631 terror,
2901 4580 2948 4621 et
2982 4569 3137 4631 mari,
3183 4585 3342 4636 neque
3373 4568 3529 4621 arbo-

265 4644 422 4713 μήτε
445 4646 512 4698 τὰ
540 4645 776 4713 δένδρα,
803 4647 975 4714 ἄχρις
999 4644 1070 4701 οὗ
1097 4650 1523 4716 σφραγίσωμεν
1545 4649 1684 4713 τοὺς
1708 4650 1848 4703 δού-
1879 4682 1928 4742 D

1838 4653 2136 4742 -Dribus;
2185 4657 2524 4729 quoadusque
2571 4661 2834 4730 signemus
2879 4676 3053 4714 servos
3104 4660 3197 4713 Dei
3247 4662 3415 4714 nostri
3475 4663 3527 4713 in

267 4741 417 4802 ,ιους
452 4737 556 4790 τοῦ
606 4740 751 4792 Θεοῦ
797 4740 964 4806 ἡμῶν
1002 4741 1099 4792 ἐπὶ
1146 4740 1263 4793 τῶν
1295 4741 1582 4810 μετώπων
1626 4742 1847 4796 αὐτῶν.

361 4850 421 4900 'll
447 4848 641 4912 κτίσις,
672 4851 744 4911 ὡς
769 4851 835 4902 δι’
865 4853 1016 4919 ἡμᾶς
1042 4854 1409 4922 γεγενημένη,
1437 4853 1850 4920 παιδευομένοις

269 4944 406 5009 ἡμῖν
454 4944 699 4992 κοινωνεῖ
744 4943 835 4994 ἐπὶ
872 4945 987 5004 ταῖς
1036 4943 1306 5011 μάστιξιν,
1345 4944 1532 5013 ὥσπερ
1587 4944 1724 5015 [οὖν]
1760 4947 1852 4997 καὶ

270 5032 652 5102 δοξαζομένοις
696 5037 806 5096 τοῖς
856 5035 1032 5100 ἁγίοις
1081 5037 1676 5106 συμφαιδρυνϐήσεται.
1743 5041 1843 5091 Δια

268 5125 478 5174 τούτων
523 5124 578 5175 δὲ
610 5125 954 5194 μανθάνομεν
1001 5128 1092 5178 καὶ
1138 5128 1264 5190 τοὺς
1308 5131 1596 5200 ἐναρέτους
1645 5131 1850 5184 δεῖσθαι

268 5213 663 5282 δυναμωθῆναι
705 5216 775 5268 δι’
812 5219 1111 5288 ἀγγελικῆς
1158 5219 1409 5288 βοηθείας
1461 5223 1564 5292 πρὸ
1603 5224 1703 5291 τῆς
1742 5224 1852 5276 τῶν

273 5305 600 5374 πειρασμῶν
629 5307 924 5379 ἐπαγωγῆς
955 5313 1021 5380 τῇ
1061 5311 1322 5383 δεδομένῃ
1359 5312 1536 5384 [ἡμῖν]
1570 5315 1851 5382 σφραγῖδι

273 5395 384 5449 τοῦ
429 5398 789 5467 Πνεύματος,
833 5401 927 5454 καὶ
968 5404 1111 5455 κατὰ
1154 5403 1408 5455 τοσοῦτον
1433 5405 1854 5478 ἐπιδεικνυμένῃ

273 5487 377 5556 τὴν
412 5490 619 5541 οἰκείαν
664 5489 914 5561 δύναμιν,
955 5494 1077 5546 καθ’
1106 5495 1229 5547 ὅσον
1279 5493 1345 5547 ἂν
1391 5496 1546 5548 αὐτοὶ
1589 5497 1854 5567 ἐργασίαν

275 5581 711 5650 παρασχώμεοαο
737 5584 844 5635 τῶν
866 5585 1068 5637 λοιπῶν
1093 5586 1360 5654 μενόντων
1383 5586 1701 5658 ἀδοηθήτων
1725 5591 1855 5659 παρ’

274 5673 492 5723 οἰκείων
531 5673 622 5724 τοῦ
660 5677 732 5744 μὴ
761 5673 1096 5746 βοηοηθῆναι
1121 5678 1358 5747 Θέλημα.

1954 4746 2214 4813 frontibus
2253 4765 2457 4805 eorum.

2028 4859 2324 4924 Creatura,
2391 4865 2562 4917 nostri
2618 4880 2783 4919 causa
2825 4865 3003 4929 facta,
3042 4866 3198 4920 nobis
3247 4866 3525 4933 easligatis

1956 4967 2060 5006 utra
2105 4953 2386 5007 nobiscum
2420 4957 2697 5024 plagarum
2729 4960 3002 5027 particeps
3034 4958 3292 5020 ellieilur;
3331 4975 3523 5027 quent-

1955 5043 2245 5097 adinodum
2291 5059 2321 5098 e
2375 5046 2590 5102 diverso
2634 5051 2840 5103 sanctis
2889 5051 2957 5103 ad
3011 5051 3236 5116 gloriam
3299 5050 3523 5111 erectis,

1953 5133 2068 5202 ipsa
2101 5148 2316 5203 quoque
2354 5137 2516 5189 simul
2542 5155 2662 5192 cum
2693 5139 2800 5193 illis
2833 5140 3120 5203 ltetabitnr,
3147 5151 3200 5193 et
3230 5156 3330 5194 suo
3361 5143 3521 5191 etiam

1956 5227 2117 5277 modo
2156 5225 2565 5292 glorilieabitur.
2607 5229 2882 5284 Diseimus
2927 5237 3104 5290 autem
3137 5231 3287 5293 hinc,
3329 5231 3526 5282 Virtute

1956 5330 2174 5384 quoque
2220 5326 2443 5371 ornatos
2508 5321 2824 5388 angelorum
2876 5321 3127 5389 praesidio
3175 5335 3368 5386 egere:
3417 5335 3527 5385 qua

1957 5406 2215 5459 nimirum
2262 5407 2526 5464 adversus
2559 5411 2834 5478 graviores
2886 5413 3211 5466 tentationes
3247 5410 3527 5462 firmentur

1957 5507 2012 5550 et
2062 5499 2507 5554 corroborentur.
2558 5503 2823 5556 Cretcruin
2879 5502 3108 5571 Spiritus
3172 5498 3524 5569 signaculum.

1963 5589 2109 5659 quod
2161 5591 2365 5646 homini
2414 5603 2600 5647 contra
2644 5595 2965 5648 tentationes
3006 5594 3260 5652 donatur,
3303 5600 3529 5643 eatenus

1966 5683 2073 5736 vim
2127 5698 2282 5737 suam
2332 5686 2600 5751 ostendit,
2633 5698 2901 5757 quatenus
2946 5686 3046 5754 ipsi
3106 5684 3527 5738 collaboramus.

278 5762 384 5826 Qui
416 5763 582 5830 igitur
609 5767 815 5824 auxilio
844 5768 947 5824 hoc
971 5770 1362 5840 destituuntur,
1399 5774 1518 5828 ideo
1573 5776 1648 5830 de
1672 5776 1962 5841 tiutuntnr,
1997 5778 2122 5846 quia
2174 5793 2276 5831 una
2314 5794 2439 5834 cum
2499 5781 2615 5850 ipso
2672 5797 2894 5835 iuautnu
2928 5781 3072 5848 operi
3137 5778 3394 5831 adbibere
3427 5791 3530 5828 non

277 5856 486 5912 voiuut.
