4276 6438
751 406 856 466 279
1920 413 2246 474 ANDRE/E
2283 416 2436 478 C/‘ES

2348 417 2805 480 ESARIENSIS
3926 431 4037 493 280

823 515 937 582 VII,
961 515 1079 572 4-8.
1110 516 1176 571 Et
1214 519 1393 572 audivi
1418 535 1692 574 numerum
1722 523 2052 592 signatorum
2079 540 2098 579 :
2122 535 2331 580 centum
2364 533 2405 590 Α
2506 572 2512 585 ι

2364 533 2405 590 Α
2506 531 2614 586 Καὶ
2649 531 2888 600 ἥκουσα
2927 535 3036 589 τὸν
3064 538 3316 606 ἀριθμὸν
3338 539 3457 591 τῶν
3498 541 4029 610 ἐσφραγισμένων·

752 610 1111 681 quadraginta
1159 620 1390 680 quatuor
1439 613 1612 666 millia
1659 616 1854 684 signati
1889 631 1954 669 ex
1992 619 2136 671 omni
2189 619 2328 671 tribu
2439 627 2441 692 ξ

2439 625 2679 695 [ἑκατὸν
2707 627 3161 695 τεσσαράκοντα
3185 629 3486 698 τέσσαρες
3511 633 3774 700 χιλιάδες
3801 635 4029 703 ἐσφρα-

753 703 988 770 [iliorum
1028 700 1220 754 Israel.
1261 700 1346 755 Ex
1399 705 1537 758 tribu
1584 704 1728 758 Juda
1757 747 1769 770 ,
1835 708 2114 762 duodecim
2164 710 2334 763 millia
2437 739 2442 753 ι

2437 718 2748 789 γισμένοι,]
2769 719 2837 773 ἐκ
2867 720 3068 788 πάσης
3090 722 3292 792 φυλῆς
3319 723 3642 796 [τῶν]υἱῶν
3677 700 3940 792 Ἰσραήλ·
3962 729 4034 782 ἐκ

753 795 968 862 signati.
2436 811 2641 881 φυλῆς
2689 814 2895 879 Ἰούδα,
2937 815 3166 869 δώδεκα
3214 795 3483 883 χιλιάδες
3520 816 4018 888 ἐσφραγισμένοι.

2509 905 2594 976 [Al
2627 907 2894 976 σημασίαι
2921 909 3029 962 τῶν
3055 908 3301 979 κλήσεων
3329 909 3439 962 τῶν
3471 909 3539 978 ιβ’
3566 911 3978 980 πατριαρχῶν.1

827 969 1020 1035 ludas,
1073 973 1472 1029 confessionem
1519 985 1680 1030 sonat
1712 998 1722 1030 :
1757 995 1852 1046 per
1886 995 2046 1048 quem
2085 980 2159 1033 illi
2193 981 2338 1036 desi-

758 1071 1015 1131 gnantur,
1046 1065 1139 1135 qui
1171 1081 1265 1135 per
1297 1065 1498 1122 Christi
1529 1068 1955 1138 confessionem,
1985 1072 2076 1141 qui
2109 1087 2173 1126 ex
2197 1072 2336 1127 Juda

759 1163 941 1208 ortum
982 1155 1154 1220 ducit,
1204 1157 1437 1213 salutem
1478 1173 1912 1231 consequuntur.

831 1251 916 1301 Ea:
947 1249 1085 1302 tribu
1127 1248 1330 1316 Ruben,
1373 1254 1647 1307 duodecim
1682 1256 1850 1308 millia
1877 1258 2095 1325 signati.

2523 995 2791 1060 Ἰούδας,
2841 998 3231 1067 ἐξομολόγησις
3277 1001 3666 1071 ἑρμηνεύεται·
3713 1001 3780 1054 δι’
3823 995 3883 1056 οὗ
3934 1005 4029 1072 δη-

2445 1086 2666 1141 λοῦνται
2697 1090 2745 1141 οἱ
2781 1088 2849 1142 δι’
2895 1089 3336 1160 ὲξομολογήσεως
3371 1093 3469 1162 τῆς
3513 1093 3910 1163 πρὸίΧριστὸν
3941 1097 4036 1148 τὶν

2443 1179 2502 1244 ἐξ
2539 1181 2710 1236 Ἰούδα
2743 1181 3130 1253 βλαστήσαντα
3167 1187 3489 1254 σωζόμενοι.

2528 1274 2628 1326 Ἐκ
2675 1271 2879 1342 φυλῆς
2924 1275 3200 1346 Ῥουόὶμ,
3237 1277 3469 1331 δώδεκα
3503 1276 3772 1346 χιλιάδες
3805 1277 4035 1346 ἐσφρα-

2445 1368 2740 1436 γισμένοι.

2516 1460 2768 1528 Ῥουϐὶμ,
2792 1463 3036 1533 ὁράσεως
3057 1463 3169 1527 υἱὸς
3191 1464 3583 1534 ἑρμηνεύεταιο
3610 1465 3678 1516 δι’
3709 1458 3772 1517 οῦ
3802 1463 4029 1533 δηλοῦν-

2444 1571 2533 1607 ται
2579 1555 2628 1606 οἱ
2667 1553 2756 1606 διὰ
2801 1555 3154 1628 καθαρότητα
3203 1558 3432 1628 καρδίας
3487 1559 3587 1630 τὴν
3641 1560 4032 1629 πνευματικὴν

2446 1646 2634 1716 ὅρασιν
2662 1647 3020 1717 κτησάμενοι.

832 1421 1032 1489 Ruben,
1074 1427 1118 1480 si
1171 1441 1368 1480 nomen
1422 1428 1818 1496 interpreteris,
1879 1429 2109 1486 visionis
2167 1433 2337 1489 lilium

763 1527 922 1570 sonat
957 1536 970 1571 :
1015 1533 1110 1586 per
1135 1533 1296 1588 quem
1339 1519 1690 1588 denotantur,
1735 1523 1826 1592 qui
1857 1537 1952 1592 per
1981 1525 2163 1578 cordis
2193 1527 2342 1595 puri-

767 1618 929 1662 tatem
961 1611 1171 1665 caelesti
1204 1612 1412 1666 visione
1443 1614 1744 1681 potiuntur.

838 1703 921 1757 Ea:
958 1706 1095 1758 tribu
1126 1704 1264 1769 Gad,
1296 1707 1572 1760 duodecim
1605 1708 1776 1762 millia
1811 1711 2029 1779 signati.
2479 1703 2489 1716 ’

2479 1703 2489 1716 ι
2532 1740 2632 1793 Ἐκ
2686 1703 2889 1809 φυλῆς
2921 1739 3084 1807 Γὰδ,
3132 1742 3363 1796 δώδεκα
3417 1741 3687 1811 χιλιάδες
3744 1741 4035 1812 ἐσφραγι-

2450 1830 2693 1885 σιιένοι.

2545 1849 2693 1885 areu

2495 1849 2668 1990 μΓὰδ,
2694 1927 3021 1996 πειρασμόςο
3051 1926 3118 1981 δι’
3161 1920 3224 1982 οὗ
3262 1927 3617 1997 δηλοῦνταιοὶ
3643 1927 3708 1980 δι’
3750 1926 4034 1998 ὑπομονῆς

2452 2017 2774 2091 πειρασμῶν
2799 2019 2941 2072 κατὰ
2964 2020 3057 2073 τὸν
3097 2017 3216 2073 Ἰὼϐ
3245 2020 3691 2090 στεφανούμενοι.

836 1885 985 1949 Gud,
1048 1887 1406 1940 tentationem
1477 1887 1798 1958 signiﬁcat:
1859 1903 1955 1958 per
1999 1905 2159 1959 quem
2215 1891 2337 1946 illus
2379 1870 2420 1928 Β

765 1980 1013 2050 accipere
1075 1979 1233 2043 licet,
1286 1979 1377 2049 qui
1439 1996 1534 2049 per
1584 1983 1945 2037 tentationum
2000 1984 2343 2038 tolerantiam

766 2083 820 2127 et
853 2072 1210 2141 patientiam,
1258 2078 1326 2126 ad
1374 2073 1787 2128 similitudinem
1830 2073 1951 2130 Johi
1993 2090 2196 2132 corona
2244 2078 2345 2132 do-

766 2170 986 2214 llilllllll'.

837 2246 921 2309 Ea:
949 2249 1088 2304 tribu
1119 2252 1269 2317 Aser,
1301 2251 1574 2306 duodecim
1607 2253 1778 2308 millia
1809 2256 2028 2326 signati.

2533 2271 2628 2324 Ὲιι
2669 2267 2872 2338 φυλῆς
2909 2266 3116 2336 Ἀσὴρ,
3153 2267 3382 2322 δώδεκα
3413 2267 3682 2338 χιλιάδες
3725 2267 4024 2334 ἐσφραγι-

2453 2379 2689 2416 σιιενοι.

2493 2379 2496 2389 ’
2575 2379 2689 2416 νοι.

2493 2362 2733 2523 μὶἱσὴρ,
2777 2454 3145 2525 μακαρισμός⁹
3182 2453 3250 2507 δι’
3286 2447 3348 2506 οὗ
3377 2452 3686 2506 δείκνυνται
3727 2451 3777 2504 οἱ
3818 2449 3911 2502 τὸν
3936 2452 4038 2501 As-

2455 2549 2714 2601 σποτικὺν
2744 2546 3095 2617 μακαρισμὸν
3133 2547 3222 2599 διὰ
3269 2544 3549 2607 πολιτείας
3579 2543 3736 2606 ἀξίας
3772 2542 4040 2611 κληρονο-

2457 2638 2702 2710 μοῦντες,
2732 2638 2827 2691 καὶ
2855 2637 2953 2708 τῆς
2977 2638 3314 2705 Δεσποτικῆς
3343 2638 3440 2705 τῆς
3466 2638 3530 2690 ὲκ
3559 2635 3754 2701 δεξιῶν
3781 2633 3874 2685 τοῦ
3902 2634 4040 2702 Χρι-

771 2705 836 2755 atl
886 2704 1162 2756 dexteram
1203 2703 1408 2760 Christi
1464 2718 1912 2776 consequuntur,
1957 2708 2163 2778 ﬁliique
2214 2709 2348 2764 lucis
2452 2703 2460 2768 έ

2452 2703 2547 2787 τοῦ
2587 2732 2829 2794 στάσεως
2858 2703 3193 2800 ἀξιούμενοι,
3223 2703 3318 2782 καὶ
3349 2703 3453 2782 υἱοὶ
3476 2727 3653 2796 φωτὸς
3698 2729 3792 2779 καὶ
3819 2725 4038 2794 ἡμέρας

770 2809 817 2850 et
852 2796 958 2850 diei
988 2797 1350 2867 appellantur.

842 2888 927 2944 Ex
951 2891 1090 2944 tribu
1125 2889 1490 2960 Neplttltalim,
1527 2892 1798 2947 duodecim
1830 2896 2001 2950 millia
2029 2899 2244 2967 signati.

843 2979 944 3033 Per
993 2980 1371 3049 Nepltl/tallm,
1427 2983 1520 3052 qui
1581 2987 1950 3055 precationem
2007 2986 2265 3052 denotat,
2315 2991 2349 3042 ii

775 3073 1144 3138 insinuantur,
1181 3076 1271 3144 qui
1308 3076 1528 3130 assiduo
1563 3079 1820 3145 precandi
1852 3081 2032 3135 studio
2069 3081 2175 3138 Deo
2207 3081 2350 3135 indi-

774 3167 924 3219 vulse
959 3166 1257 3220 adhaerent.

839 2424 944 2480 Per
987 2426 1137 2493 Aser,
1174 2429 1266 2496 qui
1305 2429 1695 2498 interpretatus
1728 2429 2120 2486 beatitudinem
2153 2441 2348 2499 sonat,

769 2517 844 2572 illi
894 2518 1292 2587 intelliguntur,
1341 2521 1434 2590 qui
1486 2536 1582 2590 per
1626 2522 1844 2592 dignam
1881 2525 2007 2579 vitae
2058 2538 2351 2581 conversa-

769 2611 971 2665 tionem
1009 2611 1342 2667 Dominicam
1371 2615 1684 2670 heatitatem
1717 2617 2019 2685 promeriti.
2060 2620 2349 2674 stationem

2454 2825 2744 2879 ἁναδεικνύ
2752 2840 2924 2894 μενοι.

2547 2921 2647 2971 Ἐκ
2671 2916 2873 2986 φυλῆς
2903 2913 3260 2984 Νεφθαλεὶμ,
3289 2911 3517 2966 δώδεκα
3536 2911 3825 2981 χιλιάδες.

2524 3010 2885 3077 Νεφθαλεὶμ,
2919 3005 3220 3075 προσευχὴ·
3251 3003 3318 3056 δι’
3357 2998 3426 3074 ἦς
3466 3000 3967 3073 χαρακτηρίζονται
3990 3000 4044 3052 οι

2455 3103 2544 3156 διὰ
2569 3101 2878 3172 προσευχῆς
2911 3097 3258 3152 ἀδιαλείπτου
3285 3097 3362 3167 τῷ
3387 3096 3507 3166 Θεῷ
3538 3094 3895 3165 κολλώμενοι.

845 3261 929 3316 Ex
968 3263 1105 3315 tribu
1145 3262 1413 3328 Manasse,
1456 3265 1733 3320 duodecim
1775 3265 1948 3318 millia
1987 3265 2203 3335 signati.
2383 3210 2428 3270 C

2091 3267 2203 3318 tati.
2383 3210 2428 3270 C
2538 3280 2639 3332 Ἐκ
2661 3275 2860 3345 φυλῆς
2882 3272 3206 3341 Μανασσῆ,
3234 3271 3462 3325 δώδεκα
3495 3269 3780 3339 χιλιάδες.

843 3357 1138 3416 Manasses,
1183 3357 1276 3423 qui
1320 3359 1388 3410 ab
1417 3358 1692 3413 oblivione
1723 3374 1920 3413 nomen
1975 3358 2173 3423 trahit,
2208 3357 2350 3412 desi-
2526 3411 2532 3426 Α

2526 3365 3336 3436 Μανασστῆς,ὲπιλησμοσύνη,
3369 3362 3670 3425 τουτέστιν,
3708 3362 3758 3413 οἱ
3781 3358 3891 3412 τῶν
3920 3359 4047 3413 δπι-
4081 3415 4088 3419 ,

775 3455 904 3513 gnat
933 3446 1054 3501 illos
1085 3448 1176 3516 qui
1205 3448 1386 3502 divino
1415 3464 1602 3505 amore
1651 3451 1883 3513 incensi,
1936 3464 1997 3504 ea
2045 3464 2166 3518 qum
2207 3458 2354 3503 retro
2459 3490 2464 3515 ε

2459 3468 2582 3520 σθεν
2625 3460 3110 3530 ἐπιλανθανόμενοι
3139 3459 3233 3512 καὶ
3279 3457 3388 3509 τῶν
3428 3455 3702 3526 πατρῴων
3733 3453 3921 3518 οἴκων,
3955 3452 4046 3505 διὰ

775 3549 922 3600 sunt,
953 3538 1288 3608 domumque
1321 3550 1623 3609 paternam,
1669 3541 1927 3595 oblivioni
1958 3541 2197 3596 tradunt.
2457 3579 2464 3594 .

1263 3556 1288 3593 e
1321 3550 1623 3609 paternam,
1669 3541 1927 3595 oblivioni
1958 3541 2197 3596 tradunt.
2457 3560 2546 3612 τὸν
2571 3558 2726 3611 θεῖον
2751 3556 2952 3625 ἔρωτα,

849 3629 932 3681 Ea:
961 3630 1102 3682 tribu
1135 3629 1346 3684 Simeon
1367 3671 1382 3697 ,
1420 3631 1697 3686 duodecim
1728 3633 1898 3687 millia
1927 3634 2144 3703 signati.

2031 3634 2144 3690 tati.
2542 3651 2643 3705 Ἐκ
2661 3648 2864 3718 φυλῆς
2881 3646 3146 3715 Συμεὼν,
3177 3642 3406 3696 δώδεκα
3433 3641 3720 3711 χιλιάδες.

845 3721 948 3792 31
987 3721 1091 3775 Per
1140 3720 1469 3789 Simeonem,
1522 3724 1615 3794 qui
1664 3724 1807 3779 idem
1855 3724 1968 3779 fere
2011 3735 2172 3780 sonat
2211 3727 2355 3795 quod
2531 3788 2534 3795 ς

2531 3742 2804 3811 Συμεὼν,
2855 3739 3106 3808 ὑπακοή·
3157 3734 3387 3806 δηλαδὴ,
3441 3735 3492 3786 οἱ
3545 3734 3612 3788 δι’
3644 3733 3893 3804 ὑπακοῆς
3935 3731 4045 3787 τῶν

778 3813 1110 3876 obcdientia,
1149 3813 1454 3868 innuuntur
1500 3813 1598 3879 illi,
1653 3816 1747 3884 qui
1784 3830 1878 3884 per
1922 3815 2224 3871 studiosam
2275 3817 2360 3870 di-

780 3904 1030 3958 vinorum
1078 3914 1472 3975 praceptorum
1508 3907 1973 3974 observationem,
2007 3908 2358 3978 justiticatio-

781 3994 866 4048 nis
898 3995 1124 4062 gratiam
1159 3998 1443 4050 consecuti
1475 4005 1624 4050 sunt.

851 4085 937 4140 Ea:
967 4087 1109 4140 tribu
1143 4087 1282 4152 Levi,
1319 4088 1596 4144 duodecim
1625 4091 1794 4145 millia
1823 4093 2038 4161 signati.

1986 4093 2038 4147 τίς
2545 4104 2646 4157 Ἐκ
2679 4102 2876 4172 φυλῆς
2912 4103 3087 4162 Λευῐ,
3121 4097 3351 4152 δώδεκα
3385 4093 3675 4164 χιλιάδες.

852 4179 1006 4245 Levi,
1060 4194 1400 4251 assumptum
1444 4184 1749 4252 signitiCat;
1791 4200 1898 4254 quo
1937 4184 2158 4239 nolitine
2191 4184 2361 4239 deno-
2535 4241 2541 4251 Α

2357 4214 2361 4225 ’
2535 4196 2698 4261 Λευῒ,
2737 4193 3212 4266 προσειλημμένος
3235 4207 3249 4221 ο
3277 4190 3344 4242 δι’
3374 4182 3434 4241 οῦ
3461 4185 3708 4239 νοοῦνται
3739 4184 3787 4235 οἱ
3824 4181 3915 4233 διὰ
3945 4197 4046 4232 που

783 4283 966 4326 tantur
1014 4273 1048 4325 ii
1111 4274 1203 4342 qui
1259 4289 1353 4342 per
1412 4277 1888 4329 conversationem
1938 4276 2224 4330 sacerdote
2281 4276 2364 4330 di-
2464 4292 2472 4343 ;

2356 4308 2364 4320 ’
2464 4290 2668 4352 λιτείας
2716 4285 3081 4358 ἱεροπρεποῦς
3115 4282 3222 4337 ὑπὸ
3266 4279 3505 4351 Χριστοῦ
3549 4273 4045 4348 προσειλημμένοι.

784 4380 968 4428 gnam,
1003 4381 1032 4417 a
1067 4365 1285 4419 Christo
1334 4369 1596 4434 assumpti
1629 4376 1776 4420 sunt.
1815 4367 2129 4420 Collocatur
2178 4377 2361 4422 autem
2470 4389 2473 4405 ι

2360 4409 2361 4419 π
2470 4384 2694 4451 Ὄγδοος
2746 4381 2802 4432 δὲ
2858 4378 2991 4432 Λευῒ
3041 4375 3334 4439 τέτακται,
3400 4373 3477 4434 ὼς
3527 4372 3669 4424 κατά
3723 4368 3821 4437 τὴν
3853 4365 4049 4434 ὀγδόην

786 4454 916 4508 Levi
955 4456 1149 4509 ordine
1203 4465 1450 4520 octavus,
1493 4461 1636 4526 quod
1693 4467 1883 4510 octavo
1915 4459 2131 4510 demum
2178 4473 2363 4512 resur-
2466 4495 2475 4529 η

2361 4488 2363 4496 ’
2466 4476 2681 4547 ἡμέραν
2708 4476 2806 4543 τῆς
2830 4471 3178 4531 ἀναστάσεως
3204 4469 3302 4537 τῆς
3325 4463 3562 4536 ἀληθοῦς
3592 4461 3892 4533 ἱερωσύνης
3915 4461 4050 4513 ἁνα-

786 4548 1043 4601 rectionis
1080 4548 1170 4602 die
1206 4565 1392 4602 verum
1430 4550 1800 4603 sacerdotium
1835 4560 2115 4604 ostensum
2151 4549 2239 4604 sit.
2399 4548 2475 4616 Di

1158 4563 1170 4602 ι
1206 4565 1392 4602 verum
1430 4550 1800 4603 sacerdotium
1835 4560 2115 4604 ostensum
2151 4549 2239 4604 sit.
2399 4548 2443 4606 [ι
2470 4567 2847 4636 δεικνυμένης,

857 4639 941 4692 Ex
971 4640 1110 4693 tribu
1151 4639 1421 4704 Issacltar,
1453 4643 1726 4696 duodecim
1764 4643 1936 4696 millia
1968 4644 2183 4713 signati.

2088 4644 2183 4696 ati.
2555 4662 2654 4714 Ἐκ
2683 4657 2887 4726 φυλῆς
2930 4656 3195 4724 ἰσάχαρ,
3230 4653 3458 4707 δώδεκα
3484 4649 3770 4720 χιλιάδες-

860 4735 958 4787 Per
985 4733 1256 4798 Isaac/lar,
1288 4735 1381 4805 qui
1410 4737 1474 4789 de
1515 4736 1762 4790 mercede
1804 4736 2217 4804 appellationem
2244 4752 2365 4790 sor-

2363 4767 2365 4775 '
2555 4749 2818 4819 ἰσιὶχιιρ,
2852 4749 3040 4818 μισθός
3063 4766 3076 4778 θ
3103 4748 3383 4800 τουτέστιν
3412 4747 3460 4797 οἱ
3483 4745 3574 4797 τὸν
3599 4745 3662 4796 ὲκ
3686 4739 3824 4793 Θεοῦ
3857 4736 4052 4807 μισθὸν

788 4828 951 4890 titur,
1004 4825 1078 4879 illi
1120 4827 1534 4892 adumln'antur,
1600 4827 1692 4897 qui
1759 4836 1978 4897 propter
2037 4827 2367 4893 mercedem,
2472 4843 2477 4894 ς

2055 4827 2367 4893 Ιιεΐεεάθιη,
2472 4841 2864 4911 λαμϐάνοντες.
2899 4840 2975 4904 ὡς
3004 4838 3276 4908 ἐναρέτως
3314 4835 3743 4903 πολιτευόμενοι.

787 4935 950 4986 quam
991 4935 1056 4972 ex
1101 4917 1209 4973 Deo
1256 4929 1594 4990 exspectant,
1647 4920 1906 4976 studiosae
1941 4921 2064 4975 vita:
2101 4921 2368 4976 rationem

790 5014 1049 5066 inierunt.

864 5103 947 5156 Ea:
975 5104 1112 5156 tribu
1147 5102 1410 5171 Zabulon,
1442 5104 1718 5157 duodecim
1751 5105 1917 5157 millia
1949 5106 2165 5174 signati.

2145 5109 2165 5158 “.
2560 5106 2660 5158 Ἕκ
2687 5102 2892 5173 φυλῆς
2921 5100 3266 5162 Ζαϐουλὼν,
3297 5095 3526 5149 δώδεκα
3547 5092 3834 5163 χιλιάδες.

863 5195 1137 5258 Zabulon,
1175 5199 1563 5266 interpretatur
1595 5199 1814 5252 virtutis
1846 5207 1940 5252 aut
1984 5198 2373 5252 suaveolentim
2546 5239 2552 5252 ι

2366 5216 2373 5251 ι
2546 5195 2890 5259 Ζαϐουλὼν,
2953 5195 3369 5262 κατοικητήριον
3408 5189 3714 5256 δυνάμεως,
3757 5185 3792 5255 ἢ
3823 5183 4055 5286 εύωδίαο

796 5288 1165 5341 habitaculum
1211 5306 1224 5342 :
1259 5305 1354 5357 per
1383 5305 1545 5359 quem
1590 5289 1814 5358 intelligi
1848 5290 2118 5352 videntur,
2147 5290 2240 5359 qui
2279 5306 2373 5358 per
2473 5291 2485 5343 l

2368 5307 2373 5320 '
2473 5291 2540 5344 δι’
2581 5284 2644 5344 οὗ
2690 5290 2937 5343 νοοῦνται
2965 5289 3015 5338 ol.
3054 5289 3120 5355 τῇ
3153 5285 3425 5353 ἐνοικήσει
3462 5279 3605 5354 [τοῦ]
3638 5278 3878 5348 Χριστοῦ
3912 5278 4057 5328 κατὰ

797 5379 1189 5433 inhabitantem
1237 5381 1328 5435 Dei
1358 5381 1622 5450 Spiritum
1656 5382 1918 5435 adversus
1949 5381 2115 5436 animi
2156 5391 2372 5452 pertur-
2473 5401 2486 5430 ε

2366 5413 2372 5422 -
2473 5384 2584 5435 τῶν
2621 5382 2812 5436 παθῶν
2859 5379 3303 5448 δυναμωθὲντες,
3347 5379 3441 5428 καὶ
3491 5373 3689 5426 εὐωδία
3760 5369 3952 5430 αὐτοῦ,
3979 5369 4055 5431 ὣς

800 5472 1063 5535 bationes,
1100 5473 1391 5542 carnisque
1420 5490 1663 5537 sensum,
1697 5475 1896 5527 lirmati
1923 5484 1978 5527 et
2008 5475 2373 5541 corroborati,
2476 5493 2489 5527 ι

1607 5490 1663 5537 n,
1697 5475 1896 5527 lirmati
1923 5484 1978 5527 et
2008 5475 2373 5541 corroborati,
2476 5493 2642 5546 φησιν
2669 5478 2697 5529 ὁ
2727 5474 2968 5540 Παῦλος,
2995 5473 3291 5542 γινόμενοι.

800 5563 932 5616 iacti
970 5571 1098 5616 sunt
1130 5563 1306 5617 bonus
1335 5564 1475 5618 odor
1504 5564 1730 5633 Christi,
1778 5573 1837 5619 ut
1872 5566 2075 5621 Paulus
2109 5567 2372 5638 loquitur.

867 5654 953 5708 Ex
976 5655 1116 5708 tribu
1147 5654 1364 5722 Josep/t,
1388 5657 1661 5711 duodecim
1688 5658 1860 5712 millia
1889 5660 2105 5728 signati.

2048 5661 2105 5713 ti.
2565 5654 2664 5707 Ἐκ
2691 5652 2895 5722 φυλῆς
2929 5652 3162 5720 Ἰωσὴφ,
3191 5649 3420 5704 δώδεκα
3445 5647 3733 5718 χιλιάδες.

866 5744 1082 5812 Ioseph,
1117 5747 1252 5799 idem
1306 5759 1466 5800 sonat
1514 5751 1657 5816 quod
1700 5751 1904 5802 adtlitio
1945 5751 2024 5803 \‘el
2070 5752 2373 5804 incremen-

2370 5783 2373 5790 ν
2565 5748 2816 5816 Ἰωσὴφ,
2866 5747 3190 5816 πρόσθεσις’
3231 5745 3509 5798 τουτέστιν
3538 5746 3583 5795 οἱ
3636 5745 3693 5793 ἐν
3739 5740 4059 5811 προσθήκης

807 5849 918 5894 tum
951 5860 962 5894 :
1002 5841 1227 5894 denotat
1276 5852 1455 5896 autem
1482 5858 1580 5897 eos
1613 5844 1705 5912 qui
1745 5844 1800 5897 in
1831 5854 2038 5914 partem
2077 5847 2374 5916 augmenti,
2486 5862 2496 5913 ε

2486 5844 2640 5913 μέρει
2691 5844 2788 5896 σὺν
2822 5844 2886 5912 τῇ
2919 5841 3164 5912 βασιλείᾳ
3223 5842 3332 5893 τῶν
3394 5841 3640 5910 οὐρανῶν
3677 5838 3744 5890 τὰ
3809 5839 3938 5906 πρὸς
4002 5839 4063 5887 τὸ

2462 3835 2623 3889 θείων
2655 3832 2885 3886 ἐντολῶν
2915 3829 3302 3900 δικαιούμενοι.
