4276 6438
261 426 368 491 281

1221 426 1824 487 COMMENTARIUS
1866 427 1945 485 IN
1987 428 2514 488 APOCALYPSIN.

3431 429 3538 494 282

263 542 374 612 ζῇν
415 541 685 608 ἀναγκαῖα
748 537 1146 609 λαμῦάνοντες,
1183 537 1257 600 ὦς
1310 557 1474 608 φησιν
1526 542 1555 592 ὁ
1614 540 1839 610 Κύριος.
1874 547 1952 598 At

1874 547 1915 598 Α
1949 555 2054 593 una
2108 555 2230 593 cum
2283 557 2450 608 regno
2494 538 2795 603 cwlorum,
2846 554 2908 593 ca
2950 555 3168 610 quoque
3218 556 3245 594 a
3301 543 3530 598 Domino

349 719 445 770 ἐκ
478 715 681 786 φυλῆς
717 716 1020 786 Βενιαμίν,
1055 715 1284 770 δώδεκα
1313 717 1582 787 χιλιάδες
1618 720 1846 790 ἐσφρα·

258 811 533 880 γτσμένοι
543 850 556 863 .

337 908 642 972 Βενιαμὶν,
684 905 796 965 alb;
833 903 1022 971 ὀδύνης
1046 943 1059 964 ,
1119 905 1151 974 ἦ
1205 905 1320 967 υίὸς
1358 906 1572 975 ἡμέρας
1597 946 1612 971 ,
1659 908 1691 976 ἢ
1729 908 1846 971 υἱὸς

258 996 448 1059 δεξιᾶς
477 1013 488 1026 ·
538 997 739 1065 δηλαδὴ
785 997 832 1048 οἱ
891 995 977 1048 διὰ
1019 997 1330 1065 καρδιακῶν
1378 998 1612 1056 ὀδυνῶν.
1648 1000 1755 1051 εἴτε
1796 1003 1845 1053 οἱ

260 1093 386 1142 τότε
437 1091 495 1153 ἐξ
559 1081 828 1160 Ἐϐραίων
884 1091 1070 1142 πιστοὶ
1119 1093 1212 1143 καὶ
1269 1091 1697 1158 διαπεφευγότες
1745 1094 1846 1164 τὴν

265 1178 424 1252 [raw]
474 1180 761 1247 Ῥωμαίων
790 1180 1193 1249 αἰχμαλωσίαν,
1247 1181 1338 1234 τὸν
1388 1182 1623 1252 ἀριθμὸν
1657 1185 1846 1239 τοῦτον

259 1271 726 1341 ἀναπληροῦντες
782 1273 923 1335 εἴτε,
967 1272 994 1323 ὃ
1039 1273 1132 1325 καὶ
1169 1273 1370 1342 μᾶλλον
1406 1276 1762 1347 πιστότερον,
1795 1279 1846 1330 οί

261 1363 357 1414 ἐπὶ
394 1362 677 1431 συντελείᾳ
719 1361 778 1425 ἐξ
829 1361 1094 1414 Ἰουδαίων
1132 1362 1240 1432 [δια
1282 1363 1544 1437 πίστεως]
1597 1367 1844 1436 σωζόμε-

260 1471 364 1515 νοι,
401 1454 513 1512 ὅτε.
548 1453 730 1516 καθώς
763 1471 926 1525 φησιν
950 1459 977 1508 ὁ
1014 1457 1362 1520 Ἀπόστολος,
1411 1459 1548 1526 μετὰ
1573 1461 1634 1514 τὸ
1667 1460 1844 1512 εἰσελ-

262 1546 381 1598 Θείν
421 1548 483 1599 τὸ
531 1546 806 1617 πλήρωμα
845 1548 954 1600 τῶν
997 1548 1198 1614 ἐθνῶν,
1243 1552 1351 1613 πᾶς
1406 1550 1620 1623 Ἰσραὴλ
1669 1553 1844 1622 σωθή-

266 1652 458 1690 σεται·
517 1636 658 1709 [καὶ]
727 1638 1008 1708 οὐδέτερον
1062 1641 1464 1708 ἀπαράδεκτον.
1538 1643 1600 1695 Ἠ
1660 1645 1842 1712 μέντοι

259 1729 521 1798 ἀκρίϐεια
551 1732 649 1799 τῆς
673 1729 733 1794 ὲξ
765 1732 1002 1801 ἑκάστης
1032 1733 1206 1802 φυλῆς
1266 1735 1509 1806 ἰσότητος
1555 1736 1842 1805 ἐμφαίνειν

264 1839 357 1889 μοι
392 1822 540 1875 δοκεῖ
569 1823 660 1875 τὸν
686 1823 1170 1893 πολυπλασιασμὺν
1186 1825 1283 1878 τοῦ
1315 1827 1675 1880 ἁποστολικοῦ
1709 1831 1841 1882 σπό-

263 1933 359 1980 ρου
381 1930 394 1944 ⁶
432 1916 757 1982 δωδεκάκις
781 1917 985 1970 δώδεκα
1018 1917 1594 1990 πολυπλασιαζομένου
1630 1922 1721 1974 ἐπὶ
1750 1924 1841 1976 τὸν

257 2007 466 2060 τέλειον
487 2007 584 2078 τῆς
612 2009 847 2077 χιλιάδος
875 2009 1128 2080 ἀριθμὸν,
1160 2013 1255 2064 καὶ
1288 2012 1431 2064 οὕτω
1454 2013 1554 2076 τὰς
1584 2015 1840 2084 ῥηθείσας

258 2099 508 2168 χιλιάδας
534 2101 925 2162 ἀποτελοῦντος
945 2118 959 2133 ·
999 2102 1238 2174 μαθηταὶ
1275 2104 1386 2176 γὰρ
1417 2100 1558 2175 ἦσαν
1584 2107 1677 2159 τοῦ
1709 2109 1837 2161 κόκ-

259 2209 361 2245 κου
401 2191 494 2244 τοῦ
537 2195 615 2254 είς
667 2193 769 2262 τὴν
806 2197 908 2263 γῆν
945 2195 1031 2248 διὰ
1081 2195 1491 2265 φιλανθρωπίαν
1549 2201 1836 2262 πεσόντος,

257 2283 354 2336 καὶ
385 2283 694 2352 πολύφορον
736 2285 835 2356 τῆς
880 2287 1229 2355 παγκοσμίου
1263 2289 1537 2360 σωτηρίας
1568 2291 1660 2344 τὸν
1701 2309 1839 2363 καρ-

257 2373 359 2426 πὸν
394 2373 820 2446 βλαστήσαντος.
883 2377 1317 2446 Ἐπισημαντέον
1354 2379 1411 2433 δὲ
1457 2379 1636 2446 τοῦτο,
1685 2383 1765 2434 ὅτι
1806 2385 1837 2453 ἡ

257 2466 401 2534 φυλὴ
434 2465 526 2519 τοῦ
573 2466 722 2531 Δὰν,
763 2467 837 2529 ὡς
881 2468 940 2531 ἐξ
977 2467 1149 2536 αὐτῆς
1178 2470 1500 2540 τικτομὲνου
1533 2471 1623 2524 τοῦ
1665 2473 1836 2526 Ἀντι-

254 2558 521 2628 χρίστου,
571 2561 690 2622 ταῖς
739 2559 955 2622 λοιπαῖς
1009 2562 1069 2612 οὺ
1116 2563 1510 2615 συντέτακται⁶
1566 2564 1683 2618 ἀλλ’
1723 2567 1835 2618 ἀντ’

253 2651 487 2721 αὑτῆςή
523 2651 618 2703 τοῦ
651 2653 812 2718 Λευῒ,
858 2654 932 2715 ὡς
974 2655 1224 2723 ίερατικὴ
1262 2655 1449 2717 πάλαι,
1490 2658 1568 2719 είς
1603 2658 1837 2727 ἁριθμὲν

257 2744 335 2813 μὴ
367 2744 640 2812 ἐρχομένη
666 2760 679 2772 ·
721 2745 785 2796 ὲκ
815 2744 872 2795 δὲ
900 2744 998 2812 τῆς
1040 2745 1149 2796 τῶν
1197 2745 1477 2815 ὀνομάτων
1514 2749 1834 2817 ἑρμηνείας,

254 2833 374 2886 ἔστι
405 2834 527 2885 τινὰ
556 2833 666 2885 τῶν
698 2831 880 2900 φυλῶν
921 2835 1127 2904 ἑκάστῃ
1155 2835 1540 2905 προσαρμόσαι
1573 2837 1834 2898 διάνοιαν,

251 2925 330 2986 ὼς
387 2925 446 2976 ἐν
479 2928 594 2986 τοῖς
641 2925 891 2995 πλησίοις
935 2925 1327 2995 παρατίθεται·
1367 2927 1458 2979 τὸν
1498 2927 1553 2979 δὲ
1616 2928 1836 2996 Ἰωσὴφ

251 3017 378 3069 ἀντὶ
408 3015 502 3069 τοῦ
548 3017 795 3085 Ἑφροῒμ
827 3018 920 3070 τοῦ
963 3017 1081 3070 υἱοῦ
1116 3019 1278 3070 αὑτοῦ
1312 3018 1578 3070 τέθεικεν.
1632 3020 1833 3088 ’Λρμό-

252 3106 370 3169 διος
415 3106 469 3159 δὲ
519 3108 729 3170 τούτοις
775 3108 804 3158 ὁ
866 3107 1078 3176 λεχθεὶς
1127 3107 1355 3178 ἀριθμὸς
1400 3107 1706 3179 [τέθειται],
1759 3111 1835 3172 ὡς

253 3198 495 3269 εερηται,
524 3199 632 3270 [διὰ
652 3216 710 3252 τε
738 3199 863 3262 τοὺς
891 3199 1056 3252 πάλαι
1099 3199 1366 3270 Ἐϐραίων
1394 3200 1602 3252 δώδεκα
1629 3201 1834 3270 φυλάρ-
1863 3237 1904 3291 C

252 3289 431 3361 χους,]
464 3291 552 3343 διά
583 3307 642 3342 τε
680 3291 804 3351 τοὺς
841 3290 956 3344 ἀντ’
994 3290 1174 3343 αὐτῶν
1213 3292 1589 3353 καταστάντας
1639 3292 1833 3363 ἄρχον-

249 3399 354 3446 τας
399 3384 494 3435 ἐπὶ
526 3386 704 3436 πᾶσαν
741 3383 840 3453 τὴν
871 3383 974 3451 γῆν
1010 3382 1328 3445 Θεσπεσίους
1369 3384 1720 3445 ἀποστόλους,
1757 3382 1828 3446 ὡς

250 3475 598 3544 γέγραπται·
633 3475 702 3527 δι’
729 3468 803 3526 ὧν
833 3477 878 3527 οί
911 3477 968 3527 ἐν
1001 3478 1066 3544 τῇ
1101 3475 1373 3545 διασπορᾷ
1413 3475 1513 3543 τῆς
1543 3476 1647 3544 γῆς
1700 3475 1830 3528 Ἰου-

249 3563 390 3616 δαῖοι
423 3562 534 3634 [ἐπ’
565 3562 831 3631 ἐσχάτων]
865 3563 1153 3626 σώζονται.

1952 630 2226 698 accipiunt
2250 645 2370 698 qua:
2392 632 2458 684 ad
2485 631 2605 684 vitae
2634 645 2792 684 usum
2829 633 3134 686 necessaria
3169 633 3456 690 habentur.

2025 721 2107 774 Ea:
2136 721 2273 774 tribu
2309 720 2608 790 Benjamin,
2637 722 2915 775 duodecim
2950 723 3122 778 millia
3151 724 3369 795 signati.

2020 900 2122 954 Per
2183 899 2497 968 Beujamin.
2549 901 2641 966 qui
2713 893 3135 970 interpretatus,
3182 900 3387 953 doloris
3433 909 3528 952 aut

1949 996 2086 1058 dici,
2121 1004 2215 1046 aut
2249 994 2484 1047 dexterae
2534 994 2702 1046 ﬁlium
2785 995 3090 1064 signiticat,
3130 1009 3224 1047 eos
3283 995 3530 1062 accipere

1950 1101 2242 1157 possurnns
2275 1087 2367 1155 qui
2401 1101 2495 1156 per
2533 1086 2718 1139 cordis
2752 1086 3000 1140 dolorem
3052 1092 3380 1148 servantur;
3415 1085 3529 1138 sive

1951 1179 1983 1232 ii
2011 1194 2075 1232 ex
2110 1180 2328 1232 illorum
2356 1192 2588 1231 numero
2625 1177 2736 1232 sint
2762 1178 2854 1246 qui
2890 1187 3000 1230 tum
3027 1193 3090 1231 ex
3116 1176 3321 1231 Judazis
3343 1176 3526 1230 lideles

1947 1271 2073 1324 lacti
2114 1279 2299 1331 erant;
2361 1270 2475 1324 sive
2526 1285 2592 1325 ex
2647 1269 2863 1322 illorum
2895 1269 2986 1337 qui
3036 1285 3098 1322 ex
3152 1268 3525 1322 Romanorum

1946 1363 2255 1432 captivitate
2288 1363 2527 1416 ﬁdelium
2579 1362 2745 1416 coetui
2788 1361 3030 1430 adjuncti
3068 1359 3324 1426 fuerunt;
3375 1362 3524 1425 sive,

1945 1455 2089 1524 quod
2141 1454 2298 1506 nobis
2325 1455 2682 1509 verisimilius
2722 1454 2800 1515 lit.
2835 1468 2903 1508 ex
2938 1468 3128 1507 eorum
3164 1453 3257 1521 qui
3290 1453 3392 1506 sub
3425 1467 3528 1506 sae-

1945 1547 2052 1601 culi
2103 1547 2631 1600 consummationem
2665 1562 2729 1601 ex
2768 1546 2977 1601 Iudaeis
3008 1561 3104 1616 per
3144 1546 3303 1600 tidem
3347 1546 3527 1599 salva-

1943 1641 2150 1692 buntur
2184 1657 2196 1690 :
2235 1641 2454 1706 quando
2485 1638 2784 1701 nimirum,
2830 1640 2988 1707 juxta
3016 1638 3266 1707 Apostoli
3309 1647 3528 1692 senten~

1944 1731 2099 1794 tiam,
2130 1739 2250 1798 post
2287 1731 2530 1798 gentium
2561 1731 2967 1784 multitudinem
2995 1731 3322 1799 ingressam,
3347 1729 3527 1784 omnis

1941 1840 2161 1895 quoque
2194 1825 2357 1881 Israel
2391 1824 2574 1878 salvus
2619 1825 2728 1877 ﬁet.
2772 1822 3036 1877 Neutrum
3065 1838 3093 1876 a
3137 1822 3356 1876 ratione
3391 1821 3528 1876 vidc-

1944 1928 2032 1973 tur
2060 1919 2323 1973 alienum.
2371 1917 2643 1972 Caeterum
2687 1927 2876 1972 exacta
2912 1918 3002 1971 illa
3045 1929 3412 1984 accurataqne
3458 1931 3526 1970 ex

1941 2011 2134 2078 quavis
2187 2011 2332 2065 tribu
2364 2009 2681 2079 tequaIitas,
2735 2009 3020 2078 apostolici
3069 2009 3298 2064 seminis
3344 2007 3527 2063 multi-

1945 2101 2293 2172 plicationem
2361 2100 2646 2164 insinuat;
2699 2099 2969 2169 siquidem
3025 2114 3272 2152 numerus
3324 2098 3524 2151 duode-

1941 2196 2124 2248 narius
2158 2192 2455 2248 duodecies
2502 2192 2895 2260 multiplicatus
2917 2234 2932 2256 ,
2965 2191 3349 2261 praedictorum
3403 2189 3526 2242 mil-

1941 2284 2072 2338 lium
2111 2297 2402 2337 numerum
2453 2281 2662 2350 integre
2710 2281 2968 2335 absolvit.
3009 2280 3253 2350 Apostoli
3287 2295 3523 2349 namque

1940 2376 2089 2430 verbi
2135 2375 2218 2428 vel
2264 2373 2417 2442 grani
2456 2372 2633 2443 potius
2671 2371 2812 2425 illius
2856 2370 3112 2440 discipuli
3148 2379 3327 2433 erant,
3373 2370 3518 2439 quod

1941 2472 1992 2522 in
2023 2478 2221 2522 terram
2255 2467 2493 2536 lapsum,
2527 2463 2916 2520 multiformem
2954 2479 3053 2534 pro
3094 2479 3192 2519 sua
3234 2463 3524 2518 clementia

1939 2561 2131 2615 salutis
2182 2557 2420 2612 fructum
2456 2558 2712 2612 universo
2757 2566 3025 2610 terrarum
3065 2557 3181 2610 orbi
3221 2554 3525 2625 progenui-

1940 2651 2105 2706 navit.
2139 2649 2556 2704 Observandum
2590 2658 2673 2703 est
2705 2662 2924 2717 quoque
2964 2647 3164 2702 tribum
3197 2646 3336 2710 Dan,
3373 2644 3522 2716 quod

1937 2741 2314 2796 Antichristus
2358 2756 2423 2794 ex
2472 2741 2564 2795 illa
2617 2741 2931 2795 nasciturus
2971 2739 3197 2806 feratur,
3232 2755 3356 2794 cum
3397 2739 3526 2794 reli-

1939 2835 2065 2904 quis
2093 2835 2347 2889 tribubus
2388 2835 2491 2890 hoc
2527 2835 2645 2890 loco
2685 2849 2792 2888 non
2826 2835 3098 2890 recenseri
3138 2854 3150 2889 :
3181 2850 3372 2889 verum
3401 2837 3524 2903 eius

1941 2925 2064 2981 loco
2091 2926 2292 2980 tribum
2320 2926 2459 2983 Levi.
2485 2941 2607 2995 qua:
2635 2926 2788 2988 olim,
2808 2926 2951 2995 quod
2972 2925 3332 2980 sacerdotalis
3349 2933 3520 2988 esset,

1940 3017 1994 3070 in
2062 3017 2302 3072 tribuum
2367 3017 2692 3072 divisionem
2744 3033 2851 3072 non
2908 3018 3189 3081 veniebat,
3235 3019 3522 3073 suﬂectam

1940 3125 2080 3163 esse.
2112 3107 2283 3162 Porro
2310 3124 2372 3162 ex
2415 3109 2698 3163 nominum
2743 3109 3192 3178 interpretatione
3221 3108 3521 3178 unicuique

1940 3201 2104 3254 tribui
2166 3202 2491 3256 sententiam
2567 3202 2808 3270 aliquam
2871 3202 3289 3256 accommodare
3348 3201 3516 3268 licet;

1939 3292 2102 3346 sicuti
2147 3309 2247 3347 nos
2286 3307 2507 3362 quoque
2568 3293 2620 3345 in
2677 3293 2924 3361 proxime
2957 3293 3225 3363 expositis
3278 3293 3518 3363 aliquam

1939 3383 2259 3437 unicuilibet
2292 3385 2854 3440 accommodavimus.
2884 3385 3152 3439 Caeterum
3193 3383 3387 3453 Ioseph
3423 3399 3521 3454 pro

1939 3474 2194 3542 Ephruim
2222 3475 2332 3530 lilio
2357 3475 2425 3529 ab
2447 3477 2782 3544 evangelista
2817 3478 3024 3544 positus
3048 3485 3152 3531 est.
3184 3477 3521 3530 Convenien-

1936 3575 2016 3618 tcr
2042 3574 2222 3620 alitem
2256 3567 2548 3636 praedictus
2576 3568 2934 3622 duodenarius
2965 3584 3212 3622 numerus
3249 3567 3355 3622 illis
3379 3567 3520 3620 assi-

249 3665 450 3726 gnatus
489 3665 604 3717 est,
639 3665 752 3709 tum
784 3655 854 3707 ob
891 3655 1180 3711 duodecim
1250 3665 1462 3712 veteres
1507 3655 1859 3710 Hebrmorum
1919 3656 2258 3724 patriarchas
2328 3658 2637 3711 tribuumvc
2683 3657 2996 3727 principes;
3040 3670 3153 3712 tum
3185 3660 3350 3713 etiam
3390 3674 3517 3726 pro-

248 3766 370 3822 pter
441 3753 736 3821 apostolos,
795 3754 899 3821 qui
940 3753 1157 3806 illorum
1210 3753 1329 3807 loco
1385 3753 1668 3807 constituti
1724 3759 1853 3806 sunt
1915 3753 2188 3821 principes
2239 3767 2402 3820 super
2473 3752 2786 3807 universam
2838 3762 3076 3819 terram,
3139 3762 3197 3807 ut
3246 3753 3513 3823 scriptum

244 3855 458 3911 exstat;
494 3861 588 3913 per
616 3861 754 3914 quos
778 3845 940 3899 etiam
975 3842 1169 3908 Judaei,
1204 3861 1300 3915 per
1331 3845 1515 3901 orbem
1551 3855 1821 3900 terrarum
1861 3843 2126 3913 dispersi,
2159 3844 2294 3898 salvi
2333 3844 2490 3901 ﬁunt.

851 3967 894 4018 Κ
909 3963 1083 4018 ΕΦΑΛ
1123 3963 1208 4019 κ’.

243 4077 384 4146 Περὶ
445 4076 551 4130 τοῦ
613 4076 1015 4144 ἀναριθμήτου
1076 4077 1266 4144 ὄχλου
1333 4075 1452 4128 τῶν
1501 4075 1569 4138 ἐξ
1635 4072 1824 4129 ἐθνῶν

729 4149 1333 4215 λαμπροφορούντων.

313 4326 474 4379 Μετὰ
515 4327 697 4379 ταῦτα
737 4322 903 4378 εἶδον
927 4344 939 4356 ·
982 4326 1077 4379 καί
1110 4325 1237 4379 ἰδοὺ
1276 4325 1459 4393 ὄχλος
1487 4323 1715 4389 πολὺς,
1750 4323 1820 4375 ὃν

240 4415 563 4484 ἀριθμῆσαι
615 4418 812 4483 οὐδεὶς
865 4419 1160 4482 ἠδύνατο.
1213 4419 1280 4471 ἐκ
1331 4419 1558 4484 παντὸς
1605 4419 1822 4482 ἔθνους

2457 3964 2564 4034 32
2602 3962 2829 4019 CAPUT
2869 3963 2984 4018 XX.

1927 4073 1999 4127 De
2049 4078 2324 4130 innumera
2383 4077 2596 4130 illorum
2653 4079 2803 4130 turba
2848 4080 2936 4146 qui
2966 4093 3030 4131 ex
3077 4079 3304 4146 gentium
3343 4082 3514 4134 natio;

2002 4147 2153 4199 nibus
2185 4151 2451 4210 conversi,
2493 4148 2740 4202 candidis
2789 4150 3081 4202 induentur
3101 4191 3116 4212 ,
3148 4166 3355 4206 unaque
3385 4168 3507 4204 cum

1997 4216 2210 4270 Christo
2245 4220 2554 4285 regnabant.

1999 4331 2110 4394 VII,
2145 4333 2198 4396 9,
2238 4335 2325 4386 lt).
2365 4331 2491 4386 Post
2529 4335 2637 4388 lia’c
2667 4337 2772 4388 vidi
2807 4334 3014 4387 turbant
3051 4351 3322 4404 magnam,
3352 4351 3512 4404 quam

1927 4424 2266 4477 dinumerare
2316 4441 2464 4477 nemo
2501 4437 2732 4493 poterat,
2773 4443 2838 4479 ea:
2868 4427 3110 4479 omnibus
3155 4427 3416 4495 gentibus,
3460 4437 3510 4480 et

241 4510 340 4562 καὶ
397 4509 591 4573 ⁸ιαὼν,
628 4510 726 4562 καί
777 4509 1127 4578 cottidiana
1178 4510 1511 4576 γλωσσῶν·
1562 4509 1819 4576 ἑστῶτες
1856 4537 1930 4590 Di

1856 4537 1896 4590 ι)
1927 4515 2165 4568 tribubus
2187 4559 2200 4580 ,
2251 4531 2299 4568 et
2328 4517 2553 4584 populis,
2602 4529 2647 4569 et
2683 4518 2880 4586 linguis
2923 4534 2941 4570 .°
2973 4527 3171 4570 stantes
3208 4527 3331 4571 ante
3359 4519 3508 4570 thro-

237 4606 500 4658 ἐνώπιον
529 4606 637 4659 τοῦ
673 4607 890 4674 θρόνου
917 4649 930 4670 ,
977 4609 1074 4658 καί
1113 4606 1368 4659 ἐνώπιον
1399 4607 1505 4660 τοῦ
1551 4608 1814 4674 Ἀρνέου,

238 4697 723 4762 περιϐεϐλημένοι
751 4699 976 4762 στολὰς
1016 4699 1277 4762 λευκάς·
1311 4699 1407 4751 καὶ
1449 4699 1720 4766 φοίνικες
1751 4700 1820 4752 ἐν

239 4785 368 4850 ταῖς
397 4790 608 4854 χερσίν
634 4785 833 4838 αὐτῶν
855 4804 867 4816 ·
902 4789 994 4838 καί
1020 4787 1334 4854 κράζοντες
1366 4788 1535 4858 φωνῇ
1554 4790 1815 4857 μεγάλῃ,

235 4879 335 4932 καί
362 4881 664 4947 λέγοντες·
708 4881 767 4932 Ἠ
788 4881 1050 4947 σωτηρία
1086 4881 1161 4945 τῷ
1191 4880 1312 4946 Θεῷ
1335 4881 1502 4948 ἡμῶν
1550 4881 1629 4948 τῷ
1673 4887 1817 4938 καθ-

233 4972 437 5040 ημένῳ
472 4973 570 5024 ἐπὶ
608 4970 687 5035 τῷ
725 4973 936 5038 θρόνῳ.
973 4973 1067 5024 καί
1104 4970 1182 5036 τῷ
1228 4975 1446 5041 Ἀρνίῳ.

306 5059 465 5118 Οὗτοί
497 5066 602 5116 είσι
642 5066 768 5132 περὶ
800 5057 873 5118 ὧν
899 5082 1061 5135 φησιν
1094 5067 1122 5118 ὁ
1149 5066 1333 5119 Δαδίδ·
1379 5068 1809 5138 Ἐξαριθμνξσο-

227 5175 335 5226 μαι
364 5158 607 5223 αὐτοὺς,
643 5159 740 5210 καί
772 5159 922 5226 ὑπὲρ
945 5158 1142 5226 ἄμμον
1169 5163 1726 5229 πληθυνθήσονται,
1759 5163 1814 5216 οἵ

229 5268 292 5303 τε
331 5251 501 5305 πάλαι
533 5251 672 5320 ὑπὲρ
705 5252 940 5317 Χριστοῦ
975 5253 1321 5322 μαρτυρικῶς
1353 5253 1805 5324 διηγωνισμένοι,

227 5343 283 5395 οἵ
318 5359 378 5394 τε
432 5343 519 5393 ἐπ’
555 5341 800 5410 ἐσχάτων
842 5342 1112 5411 ἀνδρικῶς
1155 5343 1490 5413 ἁϐλήσαντες
1535 5346 1599 5398 ἐκ
1631 5347 1811 5415 πάσης

230 5434 408 5503 φυλῆς
443 5433 536 5487 καὶ
571 5433 855 5504 γλώσσης·
893 5434 1035 5505 [καὶ]
1071 5437 1136 5506 τῇ
1171 5435 1390 5505 ἑκχύσει
1422 5435 1515 5488 τοῦ
1555 5437 1687 5490 ἰδίου
1723 5439 1811 5491 διὰ

228 5524 466 5596 Χριστὸν
503 5525 756 5595 αἵματος,
802 5526 912 5601 τὰς·
936 5526 1128 5588 στολὰς
1165 5526 1272 5582 τῶν
1302 5527 1520 5581 οἰκείων
1557 5530 1808 5600 πράξεων

228 5618 586 5681 λευκάναντες
619 5619 709 5670 καὶ
738 5619 1045 5673 λευκαίνειν
1077 5620 1392 5690 μέλλοντες·
1429 5625 1519 5675 καὶ
1551 5627 1677 5686 τοὺς
1707 5624 1807 5694 τῆς

227 5711 383 5780 νίκης
442 5713 970 5780 χαρακτηριστικους
1040 5713 1267 5778 κλάδους
1319 5714 1427 5769 τῶν
1485 5717 1800 5787 εὐχρήστων

303 5867 344 5896 ¹⁶
394 5865 533 5922 l’sal.
577 5879 838 5933 eumut,
879 5868 957 5923 IS.

1921 4624 2067 4670 num,
2101 4618 2151 4661 et
2199 4611 2252 4662 in
2302 4622 2580 4678 conspectu
2614 4612 2768 4681 Agni,
2801 4613 2986 4664 amicti
3030 4612 3182 4664 stolis
3234 4612 3414 4666 albis.-
3459 4621 3510 4665 et

1919 4703 2109 4768 palma:
2148 4703 2203 4754 in
2247 4705 2491 4756 munibus
2521 4721 2723 4769 eorum,
2755 4715 2804 4757 et
2835 4705 3137 4757 clamabant
3170 4722 3288 4758 voce
3317 4722 3507 4774 ntagua

1917 4798 2146 4850 dicentes
2177 4814 2194 4852 :
2233 4797 2395 4854 Salus
2426 4800 2528 4852 Deo
2556 4812 2734 4854 nostra
2767 4803 2857 4871 qui
2889 4804 3028 4855 sedet
3056 4817 3212 4868 super
3235 4803 3504 4867 thronum,

1915 4900 1962 4943 et
2004 4890 2044 4942 Α
2053 4906 2174 4959 gno.

1995 5069 2054 5122 Ili
2091 5083 2217 5124 sunt
2247 5071 2310 5124 de
2337 5059 2536 5139 quibus
2568 5072 2736 5126 David
2772 5075 2984 5136 aiebat;
3024 5071 3358 5125 Enumerabo
3387 5089 3497 5133 eos.

1917 5173 1965 5215 et
2008 5177 2162 5229 super
2205 5178 2420 5215 arenam
2459 5166 3046 5232 multiplicabuntur".
3100 5165 3138 5218 ις
3171 5165 3373 5234 quibus
3409 5166 3499 5218 alti

1911 5255 2024 5321 jam
2053 5255 2180 5308 olim
2212 5254 2528 5309 fortitudine
2570 5257 2731 5325 digna
2774 5258 3103 5328 martyribus
3136 5273 3236 5325 pro
3280 5256 3500 5310 Christo

1911 5348 2281 5412 decertarunt,
2330 5365 2665 5418 suarumque
2705 5351 2978 5403 actionum
3017 5351 3185 5404 stolas
3229 5353 3497 5418 sanguine

1911 5449 2130 5510 propter
2157 5440 2340 5496 Jesum
2389 5443 2613 5512 profuso
2670 5444 2992 5498 tlealbarnnt
3026 5462 3039 5496 :
3071 5443 3161 5496 alii
3214 5459 3343 5496 vero
3392 5443 3497 5496 sub

1911 5535 2204 5588 novissima
2259 5544 2500 5604 tempora
2527 5577 2539 5600 ,
2575 5551 2642 5590 ex
2673 5536 2823 5589 omni
2860 5536 3001 5590 tribu
3029 5544 3083 5589 et
3116 5536 3298 5604 lingua
3323 5573 3340 5596 ,
3381 5534 3496 5587 for-

1907 5630 2041 5681 tium
2076 5629 2401 5683 athletarum
2437 5644 2587 5682 more
2611 5669 2624 5693 ,
2661 5629 2839 5684 adhuc
2881 5629 3208 5683 decertaturi
3242 5643 3305 5681 ac
3347 5628 3496 5682 deal-

1915 5720 2094 5774 haturi
2148 5731 2292 5776 sunt.
2350 5719 2553 5777 Omnes
2603 5729 2782 5776 autem
2839 5721 3076 5777 directos
3130 5721 3378 5776 suavium
3436 5732 3493 5776 et
