4276 6438
210 393 321 453 c38.":

1171 398 1778 459 COMMENTARIUS
1823 398 1902 457 ΙΝ
1947 400 2481 465 APOCALYPSIN.

3388 408 3493 471 280

210 506 313 571 τῆς
348 503 605 571 γνώσεως
643 506 957 576 μυστήρια’
992 507 1183 574 ἡμέρα
1212 508 1291 573 δὲ,
1330 509 1400 561 τὰ
1440 513 1588 579 σαφῆ
1624 527 1682 562 τε
1714 510 1809 562 καὶ
1844 519 1883 570 Α

1801 529 1809 561 ι
1844 519 1883 570 Α
1918 522 2130 566 tantum
2164 514 2299 581 dies,
2342 531 2450 570 non
2481 516 2593 572 sole
2628 516 2729 573 hoc
2781 518 2876 588 qui
2927 517 3180 574 sensibus
3211 520 3490 589 objicitur,

213 595 483 665 εῦληπτα.
513 597 673 662 [Vade
699 598 756 650 δὲ
792 599 1036 662 τούτου,
1073 601 1226 653 πᾶσα
1260 602 1357 670 μὲν
1383 604 1415 670 ὴ
1447 601 1796 667 ἀνακαινιζο-

218 690 357 759 μὲνη
392 689 570 753 κτίσις
604 689 693 742 διὰ
727 690 821 743 τοῦ
872 691 1188 761 Πνεῦματος
1215 708 1230 721 ο
1272 692 1511 760 μάλιστα
1539 692 1595 745 δὲ
1628 695 1675 746 oi
1704 694 1798 746 τὸν

213 780 516 849 ἀρραϐῶνα
556 779 650 832 τοῦ
680 782 999 849 Πνεύματος
1054 781 1191 832 σῶον
1243 783 1337 834 καὶ
1386 781 1650 835 ἄσϐεστον
1698 800 1799 851 φυ-

214 869 479 934 λάξαντες
507 887 522 902 ·
554 866 634 935 οἷς
668 874 973 941 ἐνοικήσειν
995 874 1091 925 καὶ
1111 873 1591 943 ὲμπεριπατήσειν
1623 876 1798 945 ἐπήγ-

214 961 432 1029 γελται.

1905 600 2210 671 illustrata;
2246 607 2340 660 sed
2376 608 2504 663 Sole
2534 610 2789 679 iustitiae,
2842 612 2938 681 qui
2991 623 3175 667 mente
3225 618 3491 678 cernitur,

1902 693 2231 749 illuminata.
2260 695 2466 753 Forsan
2485 702 2648 755 etiam
2680 717 2775 772 per
2807 712 3004 756 noctem
3033 703 3301 773 profunda
3334 720 3493 773 pror-

1903 802 2109 859 Susque
2125 790 2305 843 abdita
2337 793 2668 860 cognitionis
2692 796 2953 864 mysteria
2984 796 3321 851 dcnmantur
3358 817 3372 853 :
3404 814 3498 867 per

1901 882 2039 935 diem
2065 892 2244 936 autem
2309 885 2559 953 quaedam
2622 889 2891 943 evidentia
2954 899 3229 959 captoque
3279 891 3484 945 facilia.

1916 971 2188 1042 Templum
2222 983 2407 1029 autem
2436 975 2533 1029 Dei
2590 989 2671 1031 est
2700 979 2908 1046 qumvis
2938 988 3193 1033 creatura
3251 995 3347 1048 per
3382 979 3496 1046 Spi—

219 1056 386 1107 iituni
424 1056 712 1122 innovata;
751 1057 1020 1126 praecipue
1076 1074 1200 1112 vero
1256 1059 1506 1115 homines
1562 1058 1640 1114 illi
1710 1062 1803 1131 qui
1847 1064 2028 1117 vivum
2098 1066 2597 1139 iuexstinctutnque
2668 1068 2907 1138 Spiritus
2992 1072 3189 1143 pignus
3266 1072 3519 1129 ﬁdeliter

216 1152 635 1206 Custodit-erunt
673 1170 685 1206 :
725 1155 777 1207 iu
810 1153 1011 1221 quibus
1037 1170 1255 1223 quoque
1290 1153 1552 1210 Dominus
1600 1171 1657 1210 se
1711 1158 2078 1216 habilaturum
2111 1173 2165 1218 et
2189 1163 2596 1219 ainhulaturum
2634 1166 2906 1235 promisit.

291 1268 377 1319 οὐ
408 1266 811 1319 πεινάσουσιν
840 1266 949 1328 ἐτι,
990 1266 1132 1319 οὐδὲ
1164 1267 1546 1335 διψήσουσιν
1579 1269 1688 1322 ἔτι.

292 1358 555 1420 Εἰκότως.
606 1358 709 1410 Τὸν
753 1357 862 1426 γὰρ
920 1356 1082 1431 ἄρτον
1134 1361 1224 1412 τὸν
1283 1361 1535 1431 οὐράνιον
1602 1364 1695 1414 καὶ
1741 1363 1801 1415 τὸ

218 1449 369 1518 ῦίωρ
400 1450 497 1519 τῆς
522 1449 666 1519 ζωῆς
696 1449 900 1515 ἕξουσι.

295 1540 433 1594 Οὐδ’
471 1545 542 1596 οὺ
562 1543 649 1611 μὴ
680 1526 842 1611 πέσῃ
872 1544 967 1597 ἐπ’
1012 1547 1237 1610 αὐτοὺς
1271 1542 1349 1621 [ὁ]
1404 1544 1606 1613 ἣλιος,
1653 1543 1801 1599 οὐδὲ

219 1633 350 1693 ,πᾶν
376 1633 595 1703 καῦμα.

1975 1274 2087 1339 VII,
2126 1277 2209 1331 16.
2239 1277 2359 1331 Non
2381 1281 2609 1332 esuriem
2634 1295 2795 1350 neque
2827 1281 3003 1333 sitient
3035 1284 3280 1351 amplius.

1978 1368 2167 1424 Merito
2201 1372 2653 1427 istudzhabituri
2711 1384 2839 1429 sunt
2905 1375 3052 1429 enim
3102 1392 3294 1445 panem
3342 1377 3492 1433 illum

1907 1461 2209 1523 ctelestem,
2251 1462 2479 1531 vilznquc
2512 1462 2739 1520 fontem.

1983 1551 2093 1605 Nec
2120 1556 2267 1607 cadet
2296 1570 2453 1623 super
2482 1555 2602 1609 illos
2624 1557 2725 1620 sol,
2746 1574 2907 1626 neque
2937 1558 3075 1612 ullus
3101 1570 3281 1614 wstus.

296 1747 408 1798 Καὶ
467 1747 571 1799 ὑπὸ
607 1749 939 1819 πειρασμῶν
974 1747 1076 1812 ἔτι,
1106 1747 1218 1800 τῶν
1251 1747 1340 1801 διὰ
1385 1748 1480 1802 τοῦ
1521 1749 1672 1821 ἡλίου
1712 1750 1806 1804 καὶ
1840 1743 1879 1796 Β
1980 1751 1985 1804 Σ

1840 1743 1879 1796 Β
1980 1750 2167 1822 Neque
2192 1753 2336 1808 enim
2374 1753 2499 1807 ullis
2529 1753 2762 1823 amplius
2787 1754 3204 1820 tentatiouihus,
3245 1770 3366 1825 qua:
3403 1771 3496 1825 per

219 1837 317 1891 τοῦ
340 1839 443 1892 καύ
454 1857 623 1903 σωνος
645 1841 1086 1911 σημαινομένων,
1110 1840 1210 1893 οὐκ
1232 1841 1681 1913 ὢυνηθὴσονται,
1711 1840 1805 1895 τοῦ

222 1932 422 2004 καιροῦ
454 1932 564 1984 τῶν
592 1932 822 2000 ἀγώνων
856 1934 1274 2005 παριειχηκότος.

295 2135 429 2189 Ὅτι
476 2135 543 2189 τὸ
585 2135 825 2203 Ἀρνίον
873 2135 939 2190 τὸ
982 2136 1097 2190 ἀνὰ
1165 2134 1363 2205 μέσον
1410 2135 1516 2189 τοῦ
1564 2138 1806 2203 θρόνου,

219 2228 505 2298 ποιμανεῖ
527 2230 770 2295 αὐτοὺς,
794 2230 892 2282 καὶ
916 2229 1203 2298 ὁδηγήσει
1231 2229 1454 2293 αὐτοὺς
1476 2228 1574 2281 ἐπὶ
1612 2229 1805 2298 ζώσας

222 2322 423 2390 πηγὰς
484 2320 718 2376 ὑδάτων
782 2320 919 2392 [καὶ
988 2322 1101 2385 ἐξα
1122 2324 1303 2391 ῖείψει
1370 2326 1403 2377 ὀ
1456 2325 1601 2391 Θεὸς
1677 2324 1811 2381 πᾶν

220 2414 491 2482 δάκρυον
527 2414 644 2467 ἀπὸ
670 2413 787 2469 τῶν
808 2414 1136 2484 ὀφθαλμῶν
1164 2414 1410 2488 αὺτῶν].

297 2528 374 2581 Τὸ
419 2528 498 2593 δὲ,
553 2527 842 2598 Ποιμανεῒ
869 2528 1114 2595 αὐτοὺς,
1169 2530 1323 2601 δηλοί
1366 2530 1450 2583 ὅτι
1480 2532 1529 2583 οἱ
1563 2532 1668 2586 ὑπὸ
1712 2534 1807 2587 τοῦ

226 2622 471 2693 Χριστοῦ
525 2623 651 2675 τότε
681 2622 1117 2692 ποιμαινόμενοι,
1170 2624 1473 2694 ἐπιδρομὰς
1528 2627 1710 2681 λύκων
1745 2629 1807 2681 οὐ

228 2713 639 2783 φοϐηθήσονται
678 2714 771 2767 ars
815 2716 1187 2784 πεμπομένων
1221 2714 1353 2786 [τῶν
1392 2717 1595 2789 λύκων]
1634 2721 1719 2782 εἰς
1748 2720 1809 2773 τὸ

226 2806 339 2877 πῦρ
369 2807 431 2858 τὸ
458 2806 722 2859 ἄσϐεστον
747 2822 762 2836 ο
796 2807 912 2861 ἀλλ’
943 2810 1037 2860 ἐπὶ
1066 2810 1166 2870 τὰς
1215 2808 1468 2880 καθαρὰς
1497 2813 1594 2863 καὶ
1618 2828 1812 2880 τρανο-

225 2900 395 2960 τὰτας
434 2897 761 2971 τῶνΙθείων
812 2899 1054 2968 νοήσεων
1106 2899 1294 2970 πηγὰς
1348 2901 1529 2964 eam;
1578 2920 1810 2973 ποιμαν-

226 2990 508 3059 Οήσονται,
558 2990 897 3060 δηλουμένας
943 2990 1033 3044 διὰ
1064 2991 1155 3045 τοῦ
1192 2991 1386 3055 ὓδατος
1432 2993 1526 3046 τοῦ
1563 2995 1659 3047 καὶ
1704 2996 1806 3068 ἤδη

225 3083 327 3148 τὴν
356 3080 589 3150 ἄφθονον
618 3082 776 3151 χύσιν
808 3083 903 3134 τοῦ
936 3080 1135 3154 [θείου]
1172 3084 1489 3154 Πνεύματος
1524 3103 1808 3157 χαρακτη-

230 3174 479 3243 ρίσαντος
506 3191 520 3204 ·
546 3173 830 3243 εἰρηκότος
846 3174 941 3226 τοῦ
973 3176 1178 3242 Κυρίου
1202 3176 1331 3246 περὶ
1365 3176 1460 3229 τοῦ
1494 3177 1805 3249 εἰλικρινῶς

226 3267 307 3327 εἰς
336 3265 501 3317 αὑτὸν
530 3265 903 3329 πιστεύοντος,
933 3269 1016 3319 ὅτι
1042 3269 1301 3336 Ποταμοῖ
1336 3269 1405 3321 ἐκ
1438 3268 1542 3336 τῆς
1575 3271 1811 3337 κοιλίας

225 3355 417 3409 αὑτοῦ
434 3357 776 3423 ῥεύσουσιν
805 3355 1021 3422 ὕδατος
1045 3356 1283 3423 ζῶντος.
1317 3354 1389 3429 ᾯ
1419 3361 1467 3412 οἱ
1500 3361 1646 3427 ἅγιοι
1681 3362 1806 3414 τότε

225 3446 470 3515 δαψιλῶς
520 3448 891 3517 ποτιζόμενοι,
926 3451 984 3501 ἐν
1015 3440 1339 3515 ἀγαλλιάσει
1373 3452 1468 3504 καὶ
1500 3453 1806 3525 εὐφροσύνῃ

224 3542 557 3609 ἀπεράντως
604 3539 817 3592 ἔσονται
841 3556 855 3570 ⁸
884 3540 985 3611 τῆς
1018 3542 1255 3611 μερικῆς
1285 3544 1542 3611 γνώσεως
1597 3564 1809 3616 καταρο

227 3636 534 3703 γουμένης,
566 3633 665 3703 τὴν
694 3633 907 3687 τελείαν
955 3633 1249 3702 κτώμενοι,
1299 3636 1397 3689 καὶ
1448 3637 1546 3706 τὴν
1597 3641 1813 3708 τροπὴν

233 3722 380 3790 μετὰ
410 3723 511 3790 τῆς
546 3723 754 3793 φθορᾶς
781 3719 1202 3794 ἀπὲκδυόμενοι.

1911 1846 2079 1899 solem
2128 1855 2181 1899 et
2230 1846 2481 1899 ardorem
2530 1845 2933 1915 signiﬁcantur,
2975 1858 3105 1902 tunc
3152 1848 3495 1901 vexahnntnr

1912 1938 1991 1992 vel
2045 1938 2354 2008 allligentur
2391 1955 2403 1990 :
2437 1948 2713 1992 transacto
2764 1940 3024 1994 nimirum
3080 1939 3191 2011 jam
3245 1943 3493 1994 omnium

1910 2031 2274 2085 certaminum
2308 2040 2570 2099 tempore.

1982 2145 2095 2208 γη,
2130 2148 2217 2204 17.
2245 2148 2511 2213 Quoniam
2544 2148 2725 2217 Agnus
2744 2191 2758 2215 ,
2782 2152 2874 2219 qui
2909 2150 2961 2202 in
2989 2149 3159 2203 medio
3186 2148 3361 2203 throni
3396 2158 3494 2211 est,

1911 2253 2048 2311 reget
2071 2258 2157 2295 eos
2176 2283 2191 2307 ,
2219 2252 2267 2296 et
2291 2242 2508 2297 deducet
2534 2260 2619 2296 eos
2648 2244 2718 2295 ad
2757 2244 2893 2295 vivos
2924 2243 3095 2312 {antes
3121 2258 3376 2311 aquarum
3403 2256 3421 2304 ;
3449 2249 3499 2294 et

1912 2334 2173 2405 ubsterget
2225 2333 2366 2387 Deus
2414 2348 2618 2388 onmem
2658 2333 2950 2403 lacrgmam
2997 2333 3061 2386 ab
3096 2332 3265 2386 oculis
3294 2347 3496 2386 eorum.

1983 2533 2114 2601 Qui,
2150 2534 2361 2604 inquit,
2401 2542 2518 2587 tum
2552 2530 2820 2601 temporis
2862 2546 2890 2584 a
2934 2530 3153 2585 Christo
3183 2538 3497 2597 pascentur.

1914 2630 2166 2698 luporum
2214 2624 2561 2679 incursiones
2612 2623 2850 2691 amplius
2908 2636 3016 2674 non
3089 2619 3496 2684 lormidahunt;

1912 2722 2114 2791 quippe
2160 2734 2285 2773 cum
2327 2732 2519 2770 omnes
2563 2725 2695 2770 tunc
2752 2716 2861 2784 lupi
2901 2715 2955 2769 in
3001 2714 3265 2784 gehennae
3311 2713 3501 2767 incen-

1911 2816 2087 2877 dium,
2141 2811 2286 2882 qnod
2344 2826 2628 2879 nunquam
2690 2808 3105 2876 exstinguitur,
3166 2804 3501 2859 amandandi

1912 2906 2043 2960 sint.
2083 2902 2434 2958 Deducentur
2487 2912 2668 2956 autem
2702 2900 2768 2953 ad
2826 2899 3067 2967 liquidos
3098 2911 3379 2968 purosque
3414 2895 3502 2950 di-

1913 2996 2162 3049 vinarum
2212 2993 2697 3062 intelligentiarnm
2729 2990 2903 3059 fontes
2926 3032 2942 3054 ,
2978 3005 3073 3058 per
3119 3003 3315 3059 aquam
3354 2986 3505 3041 desi-

1914 3099 2107 3157 gnatos
2141 3104 2153 3140 :
2194 3085 2509 3152 ibidemque
2549 3097 2658 3137 non
2700 3097 2885 3136 crassa
2935 3089 3056 3140 aut,
3093 3094 3356 3149 corporea
3401 3093 3503 3148 pa.

1909 3187 2128 3233 scentur
2149 3184 2205 3230 ct
2230 3177 2563 3245 putabuntur
2585 3189 2709 3228 esca
2734 3174 2815 3226 vel
2844 3187 3007 3243 aqua,
3026 3172 3119 3226 sed
3152 3166 3503 3225 itnmateriali

1909 3282 1964 3323 et
1996 3268 2251 3338 spiritali.
2312 3266 2454 3332 Quin
2489 3266 2592 3319 hoc
2652 3267 2771 3334 ipso
2816 3278 3036 3333 quoque
3082 3272 3325 3331 tempore
3374 3259 3503 3316 bus

1909 3361 2001 3415 ille
2031 3374 2255 3413 suavem
2288 3358 2460 3413 divini
2497 3356 2737 3427 Spiritus
2778 3356 3045 3424 liquorem
3080 3353 3309 3408 fundere
3353 3369 3503 3407 nua-

1909 3467 2072 3522 quam
2103 3451 2329 3505 desiuit.
2362 3450 2553 3517 Neque
2582 3448 2725 3502 enim
2762 3448 3028 3501 Dominus
3057 3444 3363 3504 I'rustra'do
3390 3444 3501 3498 illis

1909 3546 1999 3616 qui
2033 3546 2244 3599 sincere
2266 3543 2318 3597 in
2352 3542 2529 3611 ipsum
2552 3540 2814 3594 credituri
2845 3550 3026 3605 erant,
3056 3538 3176 3593 fore
3229 3537 3501 3606 prmdixit,

1923 3647 1978 3689 ut
2018 3636 2243 3704 ﬂumina
2298 3648 2450 3703 aqua:
2489 3634 2615 3687 viva:
2656 3632 2720 3686 de
2768 3644 2945 3686 ventre
3003 3631 3220 3684 illorum
3254 3629 3505 3681 dimana-

1926 3732 2035 3782 rint
2065 3729 2106 3762 "'
2136 3746 2148 3782 :
2180 3743 2287 3796 qua
2319 3726 2493 3782 sancti
2521 3728 2754 3781 ubertim
2788 3737 2919 3781 tunc
2956 3725 3149 3795 potati,
3191 3724 3246 3777 in
3307 3738 3505 3792 perpe-

230 3823 326 3865 tua
357 3813 539 3866 laetitia
568 3822 624 3866 et
652 3813 1237 3884 exsultationedcgent
1271 3832 1284 3868 :
1323 3817 1526 3872 etenim
1564 3819 1794 3875 scientia
1837 3822 1929 3876 illa
1982 3835 2104 3889 quae
2150 3835 2216 3872 ex
2271 3828 2424 3888 parte
2479 3826 2584 3883 est,
2636 3818 2809 3884 exuti,
2866 3816 3215 3885 perfectaque
3254 3814 3506 3885 locuple-

228 3908 353 3970 tati,
380 3906 527 3961 etab
566 3905 715 3960 muni
751 3915 1013 3976 praeterea
1047 3906 1354 3962 mutatione
1383 3916 1440 3963 et
1469 3912 1824 3982 corruptione
1854 3913 2037 3979 liberi,
2066 3921 2326 3967 aeternam
2362 3911 2688 3980 beatamque
2720 3916 2886 3963 vntum
2942 3909 3159 3962 ducturi
3194 3916 3347 3963 sunt.

811 4057 1062 4112 ΚΕΦΑΛ.
1108 4057 1237 4113 KA'.

229 4219 434 4291 Aucte
458 4215 570 4291 τῆς
616 4215 872 4291 ἐὸξδόμης
893 4215 1249 4291 σφραγῖδος,
1287 4217 1597 4291 Δδηλοῦσα
1638 4219 1821 4291 ἀγγε-

306 4290 485 4352 ,ιυιὰς
536 4286 819 4354 δυνάμεις
864 4286 1195 4357 προσάγειν
1239 4286 1320 4357 τῷ
1366 4289 1490 4355 Θεῷ
1540 4290 1647 4357 τὰς
1688 4286 1821 4347 ’τ’ὠν

304 4360 494 4427 ἁγίων
549 4357 918 4424 προσευχὰς,
969 4357 1051 4422 ὡς
1098 4356 1458 4427 θυμιάματα.

2492 4065 2722 4123 CAPUT
2777 4065 2922 4122 XXI.

1925 4231 2127 4287 Salutio
2148 4232 2353 4299 septimi
2376 4230 2563 4301 sigilli,
2582 4246 2687 4300 qua
2721 4230 3025 4298 explicatur
3052 4231 3315 4301 quomodo
3342 4247 3508 4297 ange-

1997 4304 2115 4356 lica:
2141 4305 2356 4356 virtutes
2413 4299 2718 4354 sanctorum
2768 4316 2945 4370 preces
2996 4301 3155 4353 veluti
3207 4299 3511 4370 thymiama

1999 4374 2263 4442 quoddam
2294 4373 2398 4427 Deo
2433 4372 2681 4440 o/ferant.

308 4473 421 4527 Kal
443 4472 543 4525 ὅτε
568 4470 774 4541 ἤνοιξε
797 4471 912 4539 τὴν
930 4473 1232 4541 σφραγῖδα
1258 4472 1371 4540 τὴν
1390 4473 1670 4543 ἑϐδόμην,
1700 4476 1823 4546 ἐγέ-
1855 4503 1900 4561 ι)

1855 4503 1900 4561 ι)
2002 4484 2139 4549 Vill,
2176 4486 2228 4549 ί,
2259 4484 2314 4541 2.
2350 4482 2418 4537 Et
2449 4499 2567 4538 cum
2603 4482 2893 4552 aperuisset
2934 4483 3170 4552 sigillum
3209 4483 3513 4551 septimum,

234 4583 381 4619 νετο
433 4564 580 4631 σιγὴ
619 4564 689 4616 ἐν
722 4561 804 4627 τῷ
852 4561 1090 4630 οὐρανῷ
1132 4562 1275 4617 ὡσεὶ
1325 4562 1643 4632 ἠμιώριον·
1719 4568 1820 4621 καὶ

233 4653 404 4710 εἶδον
419 4654 563 4719 τοὺς
580 4653 731 4706 ἑπτὰ
750 4652 1041 4721 ἀγγέλους
1073 4652 1129 4705 οἳ
1141 4651 1397 4707 ἐνώπιον
1425 4653 1554 4726 [τοῦ
1574 4657 1818 4730 θρόνου]

234 4747 347 4801 τοῦ
380 4744 531 4800 Θεοῦ
582 4744 879 4811 ἑστήκασι
900 4761 916 4777 ·
949 4744 1050 4798 καὶ
1096 4745 1405 4815 ἐδόθησαν
1432 4748 1639 4815 αὐτοῖς
1669 4749 1821 4805 ἑπτὰ

236 4840 597 4907 σάλπιγγες.

310 4957 532 5027 Συχνῶς
562 4959 591 5010 ὁ
623 4957 855 5029 ἀριθμὸς
901 4956 1012 5010 τῶν
1051 4957 1201 5012 ἑπτὰ
1248 4956 1527 5029 ἀγγέλων
1559 4958 1636 5029 τῷ
1677 4960 1819 5031 ἁγίῳ

234 5054 419 5122 τούτῳ
456 5051 967 5123 παραλαμβάνεται,
997 5052 1073 5115 ὡς
1109 5050 1188 5123 τῷ
1220 5052 1379 5106 αἰῶνι
1416 5054 1594 5124 τούτῳ
1627 5056 1720 5108 καὶ
1742 5053 1823 5125 τῷ

238 5143 603 5215 σαϐϐατισμῷ
642 5147 737 5198 καὶ
782 5144 1089 5199 ἀναπαύσει
1132 5146 1242 5197 τῶν
1272 5146 1449 5214 ἀγίων
1487 5148 1771 5218 σύστοιχος
1803 5164 1816 5178 ·

238 5239 323 5291 διὸ
357 5236 637 5291 κάνταῦθα
687 5238 779 5290 ἐπὶ
808 5238 874 5308 τῇ
905 5238 1085 5290 λύσει
1122 5234 1234 5305 τῆς
1278 5237 1537 5308 ἑϐδόμης
1571 5239 1823 5308 σφραγῖ-

240 5328 370 5393 δος,
397 5329 433 5398 η
460 5326 613 5391 λύσις
640 5327 741 5398 τῆς
782 5328 980 5398 γηΐνης
1028 5328 1306 5393 πολιτείας
1354 5329 1773 5402 διασημαίνεται
1801 5355 1811 5362 ·

243 5422 386 5475 ἐπτά
414 5420 661 5488 ἀγγέλων
688 5419 1082 5474 διακονούντων
1110 5423 1228 5485 ταῖς
1259 5424 1400 5477 κατά
1430 5423 1543 5477 τῶν
1576 5422 1826 5489 παιδείας

242 5515 589 5588 ἢκολάσεως
636 5515 910 5585 δεομένων
982 5516 1292 5587 ἀνθρώπων
1348 5518 1628 5587 μάστιξιν.
1679 5520 1742 5575 Ἦ
1771 5521 1830 5573 δὲ

242 5607 391 5677 σιγὴ
464 5608 618 5677 δηλοῖ
660 5610 761 5678 τήν
789 5626 848 5662 τε
876 5610 1176 5681 ἀγγελικὴν
1226 5610 1484 5674 εὐταξίαν
1519 5612 1615 5664 καὶ
1674 5611 1833 5665 suid-

248 5700 428 5766 δειαν,
464 5700 527 5754 τό
559 5718 618 5753 τε
646 5703 775 5772 περὶ
797 5703 895 5773 τῆς
912 5704 1170 5775 δευτέρας
1208 5703 1508 5775 παρουσίας
1534 5705 1834 5773 ἄγνωστον

320 5857 363 5891 ¹⁷
388 5856 546 5914 Joan.
575 5874 667 5923 \‘n,
696 5860 785 5914 58.

1924 4578 2121 4647 factum
2153 4587 2229 4630 est
2270 4577 2533 4631 silentium
2560 4578 2610 4629 in
2645 4575 2774 4629 cmlo
2802 4577 2971 4629 media
3002 4576 3110 4644 fere
3140 4578 3291 4628 liora.
3315 4574 3382 4627 Et
3401 4576 3510 4628 vidi

1921 4679 2113 4737 septem
2148 4669 2360 4738 angelos
2400 4670 2455 4723 iu
2489 4677 2769 4737 conspectu
2801 4666 2919 4732 Dei,
2964 4678 3012 4721 et
3059 4667 3202 4721 data:
3246 4679 3368 4721 sunt
3400 4668 3513 4721 illis

1924 4768 2112 4826 septem
2145 4760 2303 4813 tubw.

1996 4963 2106 5036 35.
2162 4963 2496 5033 Frequenter
2544 4972 2600 5019 et
2647 4963 2996 5019 l'atniliariter
3054 4964 3348 5019 admodum
3421 4963 3515 5018 hic

1920 5068 2145 5113 sant-tus
2174 5057 2527 5124 septenarium
2560 5072 2839 5109 numerant
2877 5058 3142 5122 assumit;
3178 5065 3234 5108 ut
3256 5057 3350 5125 qui
3371 5072 3511 5124 pra:-

1919 5148 2091 5203 sentis
2121 5144 2304 5201 saeculi
2341 5144 2648 5215 symbolum
2698 5159 2895 5215 praise
2930 5146 3089 5210 lerat,
3126 5154 3180 5199 et
3202 5144 3268 5197 ad
3315 5146 3511 5199 sabba-

1926 5244 2146 5297 tismum
2172 5247 2602 5310 sanctorumque
2626 5241 2872 5309 requiem
2916 5248 3059 5292 recta
3095 5238 3303 5292 tendat.
3330 5236 3513 5302 Quare

1928 5334 2031 5390 hoc
2063 5349 2288 5405 quoque
2311 5335 2430 5389 loco
2467 5347 2562 5403 per
2592 5329 2803 5399 septimi
2832 5328 2996 5399 sigilli
3025 5329 3341 5383 solutionem
3363 5327 3508 5381 aliud

1930 5426 2065 5480 nihil
2105 5425 2354 5481 deuotari
2400 5424 2704 5496 putandum
2735 5430 2840 5487 est,
2885 5436 3052 5492 quam
3110 5420 3510 5490 impendentem

1931 5518 2082 5588 regni
2135 5518 2339 5572 terreni
2390 5526 2735 5585 terrenaque
2778 5513 2903 5567 vitae
2956 5520 3011 5566 et
3074 5508 3511 5566 conversationis

1936 5610 2094 5664 linem
2124 5618 2177 5662 et
2197 5607 2638 5663 dissolutionem.
2671 5603 2772 5659 Cui
2806 5604 2882 5658 rei
2911 5602 3257 5657 subservient
3302 5607 3509 5666 septem

1937 5705 2111 5774 angeli
2133 5704 2196 5758 ad
2229 5701 2497 5774 supplicia
2530 5697 2843 5755 hominibus
2870 5697 2966 5768 qui
2998 5694 3289 5763 disciplina
3332 5700 3386 5746 et
3418 5704 3509 5743 ca-
