4276 6438
242 383 350 443 289

1195 383 1799 446 COMMENTARIUS
1839 384 1922 443 IN
1959 381 2188 442 APOCA
2201 382 2484 444 LYPSIN.

3382 389 3490 451 290

243 494 672 564 ἁμαρτανόντων
732 491 1079 563 ἐπιστρέφων
1108 533 1121 552 ,
1159 494 1189 561 ἣ
1237 493 1410 564 λόγῳ,
1458 498 1488 562 ἢ
1545 498 1815 555 παιδείαις
1847 501 1932 554 As

1796 501 1888 555 ςΑ
1921 495 2072 545 suavi
2143 495 2446 563 blandoque
2497 493 2889 549 admonitionis
2943 497 3108 550 verbo
3163 513 3192 552 a
3249 505 3485 568 peccatis

244 586 699 657 αὐστηροτέραις.

322 760 430 812 Kal
456 761 733 829 ἐγένοντο
767 761 952 828 φωναί
981 760 1078 813 καὶ
1101 761 1352 827 ,βρονταὶ
1390 760 1482 810 καί
1515 761 1816 828 ἀστραπαὶ

244 849 346 900 καί
376 853 629 916 σεισμός
654 866 666 878 ’
698 850 791 902 καί
821 854 871 902 οἱ
902 851 1048 902 ἑπτὰ
1078 851 1313 917 ἄγγελοι
1354 853 1406 902 οἱ
1446 850 1687 915 ἔχοντες
1712 850 1816 912 τὰς

244 941 398 993 ἑπτὰ
447 941 804 1010 σάλπιγγας,
845 944 1179 1011 ἡτοίμασαν
1217 942 1470 1006 ἑαυτοὺς
1517 944 1615 994 ἵνα
1661 947 1814 995 cato

245 1038 531 1088 πίσωσιν.

319 1129 418 1178 Διὰ
433 1129 636 1181 τούτων
656 1129 870 1180 πάντων
887 1127 954 1178 τὰ
975 1128 1078 1197 πρὸ
1096 1129 1193 1195 τῆς
1215 1128 1521 1190 συντελείας
1542 1144 1813 1197 χαρακτη-

244 1220 490 1288 ρίξονται
527 1219 788 1288 φόϐητρα,
825 1218 1143 1288 καθάπερὲν
1161 1219 1236 1287 τῷ
1261 1220 1386 1288 Σινᾷ
1407 1220 1520 1288 ὄρει
1546 1218 1692 1279 θείας
1710 1236 1814 1269 πα-

245 1311 473 1380 ρουσίας
507 1311 860 1380 ἐγνωρίζοντο
883 1311 1149 1379 σύμϐολα,
1175 1315 1381 1373 πάντας
1411 1313 1814 1378 καταπλήττον-

244 1419 336 1466 τα,
375 1404 469 1454 καὶ
507 1402 639 1471 πρὸς
656 1403 986 1473 ἐπιστροφὴν
1005 1405 1127 1464 τοὺς
1143 1403 1677 1471 εὐγνωμονεστέρους
1694 1402 1814 1453 ἐνά-

243 1510 430 1558 γοντα.
444 1495 508 1545 Ἀ
521 1497 715 1562 mante!
732 1494 784 1545 δὲ
802 1494 1007 1556 τούτοις
1034 1495 1280 1547 ὁιακονοῦ
1292 1495 1470 1556 σιν,ὼς
1492 1497 1660 1562 ἰατροὶ
1680 1511 1741 1544 συ
1752 1512 1816 1562 μ-

245 1584 440 1644 παθεῖς
456 1585 911 1654 Χριστομιμήτως
933 1601 946 1613 '
970 1587 1236 1656 καυτῆρσι
1255 1587 1346 1637 καὶ
1365 1588 1556 1652 τομαῖς
1573 1587 1696 1647 τοὺς
1714 1585 1812 1653 τὴν

242 1677 555 1744 δεινοτάτην
605 1676 706 1743 τῆς
747 1677 1020 1746 ἁμαρτίας
1056 1679 1208 1729 νόσον
1239 1677 1598 1738 ἀσθενοῦντας
1648 1675 1812 1743 θερα-

247 1766 508 1828 πεύοντες
539 1783 556 1798 ο
586 1767 617 1836 ἢ
649 1767 708 1818 τό
741 1784 802 1834 γε
842 1767 1225 1836 μετριώτερον.
1258 1769 1370 1827 τοῖς
1422 1766 1812 1835 ῥᾳθυμοτέρως

1921 584 2144 645 avertit;
2171 586 2304 636 alios
2339 597 2516 638 autem
2552 587 2808 639 sevcriori
2851 591 3084 654 quadam
3127 593 3486 658 castigatione

1916 682 1968 725 et
1993 673 2276 740 disciplina
2307 676 2369 726 ad
2399 691 2585 728 sanam
2623 684 2856 728 mentem
2903 680 3132 733 reducit.

1990 760 2123 825 VIII,
2153 763 2206 824 5,
2231 763 2283 815 6.
2320 762 2386 814 Et
2412 768 2552 831 facta
2599 779 2717 818 sunt
2753 770 2985 820 tonitrua
3020 781 3066 821 et
3100 787 3241 823 voces
3263 816 3277 836 ,
3303 784 3348 824 et
3383 776 3487 841 [ul-

1915 869 2067 920 σιω-α,
2095 863 2141 906 et
2170 865 2520 907 terrwmotus.
2558 857 2620 908 Et
2644 870 2834 924 septem
2879 862 3082 927 angeli.
3120 864 3208 930 qui
3232 865 3485 918 habebant

1915 954 2105 1011 septem
2139 946 2314 1005 tubas,
2346 961 2771 1014 pra’pararcrunt
2795 969 2846 1003 sc
2874 963 2926 1003 ut
2959 955 3082 1004 tuba
3114 969 3376 1008 canerent.

1985 1124 2088 1175 Per
2127 1123 2237 1175 lucc
2267 1124 2448 1176 omnia
2482 1133 2716 1177 terrores
2751 1126 2822 1178 illi
2852 1138 2905 1179 et
2933 1130 3110 1192 minae,
3144 1146 3265 1198 qua:
3298 1133 3480 1184 szecnli

1915 1217 2436 1269 consummationem
2471 1216 2830 1281 antecedent,
2869 1219 3263 1274 adumbrantnr
3295 1241 3306 1275 :
3342 1226 3484 1278 sicut

1913 1307 2099 1359 eadem
2161 1309 2212 1359 in
2259 1317 2437 1360 monte
2482 1308 2610 1360 Sina
2660 1322 2874 1375 quoque
2923 1311 3054 1363 certi
3103 1313 3295 1367 divina:
3343 1331 3480 1384 prm-

1915 1399 2099 1452 scntiat
2192 1398 2395 1451 indices
2475 1407 2667 1461 erant,
2747 1402 3154 1468 salutaremque
3227 1405 3478 1460 timorem

1914 1489 2192 1548 omnibus,
2214 1489 2347 1542 bene
2368 1490 2661 1557 prmsertim
2683 1490 2893 1546 alIectis
2921 1492 3276 1548 incutiebant.
3299 1498 3484 1565 Angcli

1915 1590 2097 1633 autem
2128 1581 2322 1632 harum
2365 1596 2544 1635 rerum
2594 1585 2922 1647 administri,
2957 1596 3214 1654 tanquam
3268 1589 3482 1640 miseri-

1914 1671 2106 1724 cordes
2156 1671 2614 1742 condolentesqne
2685 1676 2915 1740 medici,
2983 1680 3109 1729 dum
3169 1681 3233 1730 ad
3280 1679 3480 1735 Christi

1915 1761 2224 1828 exemplum
2254 1765 2493 1816 cauteria
2541 1774 2594 1818 et
2625 1768 2894 1822 sectiones
2942 1767 3048 1823 illis
3102 1770 3361 1825 adhibent
3389 1775 3480 1839 qui

243 1861 346 1921 τὴν
381 1859 678 1928 μέλλουσαν
718 1859 1158 1926 ἐπικουφίζοντες
1212 1857 1450 1920 κόλασιν,
1485 1858 1531 1908 εἰ
1561 1856 1809 1908 ὁπωσοῦν
1841 1841 1886 1899 Β
1915 1867 1932 1918 ε

1793 1877 1809 1908 ν
1841 1841 1886 1899 Β
1915 1853 2147 1918 graviori
2182 1865 2520 1922 peccatorum
2563 1860 2753 1911 morbo
2813 1869 3080 1923 tenentur,
3138 1873 3229 1915 aut
3258 1867 3482 1917 omnino

245 1955 585 2022 εὐχαρίστως
643 1952 958 2019 ὲνέγκωσιν.
1025 1954 1203 2020 ’Πμᾶς
1260 1952 1336 2017 δὲ,
1373 1953 1497 2012 τοὺς
1523 1949 1600 2019 τῷ
1646 1950 1815 2019 τιμίῳ

247 2043 390 2115 [τοῦ]
442 2041 678 2112 Χριστοῦ
730 2045 1201 2114 ὲσφραγισμένους
1267 2045 1513 2112 ὀνόματι,
1572 2042 1664 2093 καὶ
1714 2042 1814 2110 τὴν

242 2137 403 2199 δόξαν
435 2136 541 2188 τῶν
573 2136 743 2202 ἁγίων
796 2135 1189 2198 ὲπιποθοῦντας
1216 2177 1230 2201 ,
1282 2137 1376 2188 καὶ
1430 2136 1538 2197 τοῖς
1581 2133 1812 2187 ἐνταῦθα

245 2228 517 2296 ἀλγεινοῖς
548 2230 646 2296 τὴν
667 2227 775 2279 τῶν
811 2228 1112 2296 μελλόντων
1159 2229 1343 2281 πόνων
1370 2228 1544 2298 φυγὴν
1583 2227 1811 2296 εὐχομέ-

245 2337 394 2383 νους,
451 2319 723 2373 παιδεύων
797 2323 826 2373 ὁ
875 2320 1251 2391 φιλάνθρωπος
1310 2320 1530 2390 Κύριος,
1584 2320 1661 2389 τῷ
1714 2320 1812 2386 τῆς

245 2410 522 2479 ἁμαρτίας
563 2411 774 2480 θανάτῳ
801 2411 874 2481 μὴ
897 2412 1227 2479 παραδώσω,
1261 2412 1440 2474 καθὼς
1462 2412 1770 2481 γέγραπται
1796 2425 1810 2440 ο

243 2501 380 2553 ἀλλὰ
404 2503 633 2571 πραΰνοι
666 2504 799 2573 ἡμῖν
823 2505 919 2564 τὰς
951 2503 1193 2572 πονηρὰς
1228 2504 1334 2572 ήμέ
1346 2521 1437 2572 ρας
1455 2504 1562 2555 τῶν
1583 2502 1814 2555 αἰωνίων

243 2594 541 2658 κολάσεων,
613 2596 739 2646 ὅταν
797 2596 967 2664 ὀρυγῇ
1036 2594 1225 2664 βόθρος
1275 2595 1351 2664 τῷ
1390 2596 1488 2662 τῆς
1542 2594 1812 2662 ἁμαρτίας

242 2687 442 2757 εὐρετῇ
463 2689 491 2738 ὁ
521 2688 768 2757 ἀφεγγὴς
794 2688 889 2756 τῆς
911 2689 1131 2755 γεέννης
1157 2689 1330 2756 χῶρος
1362 2690 1452 2738 καὶ
1476 2687 1773 2756 βαθύτατος
1795 2702 1809 2718 ·

241 2780 411 2844 ὃπως,
445 2777 574 2830 ἔνθα
605 2779 1042 2848 εὐφραινομένων
1084 2781 1299 2832 πάντων
1329 2780 1359 2848 ἡ
1391 2779 1666 2840 κατοικία,
1703 2780 1812 2839 τοῖς

242 2871 419 2936 ἁγίοις
450 2869 914 2939 συναυλιζόμενοι,
968 2871 1222 2939 σύναύτῷ
1248 2870 1323 2939 τῷ
1349 2869 1562 2938 Σωτῆρι
1595 2869 1813 2938 Χριστῷ

239 2963 321 3032 τῷ
341 2963 461 3031 Θεῷ
477 2963 632 3031 ήμῶν
667 2961 988 3032 [ἐσόμεθα
1036 2957 1078 3028 ᾧ
1106 2963 1303 3031 πρέπει
1336 2963 1482 3014 πᾶσα
1515 2960 1811 3028 δοξολογία,

239 3055 374 3123 τιμή
397 3071 454 3105 τε
483 3055 576 3106 καὶ
606 3053 993 3123 προσκύνησις,
1022 3055 1135 3121 ἅμα
1164 3054 1242 3121 τῷ
1276 3053 1447 3121 Πατρὶ
1461 3053 1553 3104 καὶ
1578 3051 1810 3118 τῷπαν-

240 3147 386 3214 αγίῳ
443 3145 746 3211 Πνεύματι,
771 3145 864 3198 νῦν
882 3147 974 3197 καὶ
997 3147 1102 3209 ἀεὶ,
1127 3145 1311 3206 καὶείς
1334 3146 1457 3206 τοὺς
1479 3141 1680 3204 αἰῶνας
1701 3140 1809 3194 τῶν

237 3236 473 3291 αἰώνων.
516 3238 570 3288 ’Δ
582 3238 707 3307 μήν.

1914 1953 2110 1994 curant
2167 1943 2525 2012 niorbumque
2571 1946 2893 2016 proﬂigant,
2944 1962 3038 2003 aut
3071 1951 3282 2020 ignaris
3336 1963 3484 2007 cette

1916 2032 2248 2104 ingratisque
2299 2037 2611 2091 hominibus
2656 2039 2897 2093 futurum
2956 2045 3283 2109 supplicium
3348 2062 3481 2098 nou-

1919 2126 2055 2179 nihil
2107 2127 2397 2181 suhlevare
2454 2131 2894 2201 moderatinsque
2941 2133 3162 2188 reddere
3209 2148 3478 2204 satagunt.

1911 2217 2019 2272 Nos
2040 2231 2218 2274 autem
2250 2259 2265 2284 ,
2315 2221 2409 2288 qui
2461 2225 2702 2289 pretioso
2740 2224 2941 2278 Christi
2980 2227 3202 2280 nomine
3236 2229 3478 2298 insigniti

1913 2327 2123 2376 smnus,
2152 2324 2574 2381 sanctorumque
2627 2315 2854 2384 gloriam
2889 2321 3213 2387 expetimus,
3269 2337 3478 2376 necnon

1914 2419 2008 2473 per
2039 2419 2229 2473 poenas
2265 2415 2318 2458 et
2348 2405 2624 2460 molestias
2647 2444 2662 2470 ,
2693 2423 2814 2476 qua:
2849 2408 2933 2462 hic
2966 2409 3294 2476 inferuntur,
3333 2413 3481 2467 fmu-

1914 2511 2098 2549 rornm
2125 2495 2370 2549 laborum
2390 2505 2444 2550 et
2465 2497 2841 2551 molestiarum
2873 2501 3089 2569 pondus
3111 2503 3341 2557 evadere
3361 2520 3483 2573 per-

1912 2597 2187 2658 optamus,
2249 2590 2562 2643 misericors
2621 2590 2762 2644 Deus
2814 2593 3167 2662 clemensque
3227 2592 3388 2649 Pater
3426 2597 3479 2650 in

1916 2677 2016 2730 hac
2045 2678 2258 2730 mmlali
2296 2681 2402 2730 vita
2440 2680 2511 2732 ita
2543 2680 2725 2748 expiet
2780 2694 2833 2734 et
2885 2684 3146 2752 castiget,
3180 2693 3238 2738 nt
3271 2687 3323 2738 in
3359 2700 3481 2753 pec-

1912 2769 2019 2820 cati
2055 2778 2282 2821 mortem
2323 2783 2428 2821 non
2460 2770 2633 2823 tradat
2661 2788 2674 2836 ;
2717 2772 2848 2840 quin
2888 2773 3069 2842 potius
3100 2777 3328 2828 acerbos
3359 2778 3481 2831 illos

1911 2872 2239 2914 mternorum
2294 2863 2634 2916 cruciatuum
2682 2862 2800 2918 dies
2844 2867 3002 2920 nobis
3042 2876 3156 2920 tum
3209 2869 3479 2938 mitigare,

1915 2955 2024 3007 imo
2052 2967 2177 3007 vero
2206 2969 2431 3022 prorsus
2460 2954 2701 3009 adimere
2731 2956 3007 3026 dignetur,
3032 2972 3155 3010 eum
3186 2957 3480 3028 impietatis

1915 3046 2180 3099 inventori
2217 3047 2367 3100 fovea
2399 3049 2652 3112 fodietur,
2679 3049 2948 3103 obscurus
2973 3051 3228 3102 nimirum
3255 3051 3479 3117 profun-

1913 3138 2280 3207 dissimusque
2316 3141 2574 3209 gehennre
2608 3140 2760 3194 locus
2798 3157 2812 3194 :
2848 3155 2958 3210 quo
2989 3141 3202 3195 tandem
3227 3143 3482 3197 omnibus

1835 3224 1878 3281 (Ξ
1913 3230 2217 3284 Iactantibus
2254 3231 2307 3282 in
2348 3240 2661 3285 Sanctorum
2702 3231 3067 3284 habitaculum
3105 3231 3338 3299 recepti,
3374 3245 3478 3283 una

235 3343 362 3382 cum
414 3329 520 3381 illis
561 3327 886 3395 Christoque
918 3326 1026 3380 Deo
1056 3336 1107 3380 et
1151 3328 1437 3381 Servatore
1469 3333 1656 3378 nostro
1701 3330 1962 3390 perpetuo
1992 3323 2236 3375 vivamus
2268 3337 2281 3374 :
2335 3337 2496 3390 quem
2525 3322 2680 3376 decet
2707 3323 2882 3377 omnis
2913 3322 3173 3392 gloria,et
3204 3324 3397 3385 honor.
3425 3331 3482 3381 et

235 3421 509 3488 adoratio,
535 3421 698 3474 simul
764 3436 888 3474 cum
954 3421 1108 3474 Patre
1133 3429 1184 3473 et
1217 3419 1568 3473 sanctissimo
1603 3415 1808 3485 Spiritu
1835 3415 1888 3468 in
1917 3415 2082 3468 siecul
2106 3430 2135 3467 a
2175 3415 2530 3470 saeculorum.
2568 3418 2764 3470 Amen.

619 3555 868 3609 ΚΕΦΑΛ.
905 3554 1029 3608 KB'.
1091 3556 1308 3609 ΛΟΓΟΣ
1342 3554 1422 3609 η’.

235 3691 374 3757 Περὶ
407 3688 528 3741 τῶν
576 3688 724 3742 ἑπτὰ
774 3689 1043 3759 ἁγνά-ζων
1070 3703 1082 3716 °
1140 3688 1256 3759 Ιέξ]
1293 3683 1377 3740 ὧν
1424 3689 1530 3759 τρῦ
1573 3687 1806 3759 πρώτου

307 3754 747 3824 ὸνανιπιίταντος,
777 3754 999 3828 liuith
1029 3754 1272 3826 καῖ’πίᾁ)
1295 3759 1391 3813 καὶ
1409 3754 1550 3826 αἷμα
1571 3754 1668 3810 ἐπὶ
1697 3757 1804 3824 τῆς

306 3829 420 3897 γῆς
451 3831 713 3898 φέρεται.

307 3969 414 4020 Καὶ
449 3971 482 4020 ό
508 3966 738 4034 πρῶτος
767 3967 1020 4036 ἅγγελος
1053 3966 1386 4020 ἐσάλπισεο
1431 3965 1525 4018 καί
1567 3963 1804 4033 ἐγένετο

233 4061 463 4131 χάλαζα
513 4061 610 4112 καὶ
664 4061 783 4128 πῦρ
835 4061 1201 4130 μεμιγμένον
1255 4062 1326 4112 ἐν
1398 4060 1634 4127 αἵματιο
1708 4059 1805 4110 καὶ

229 4153 457 4221 ἐϐλήθη
488 4157 573 4218 είς
603 4152 716 4216 τὴν
754 4152 871 4221 γῆν
895 4170 906 4182 ·
941 4154 1035 4204 καί
1077 4153 1142 4204 τὸ
1175 4153 1371 4219 τρίτον
1398 4150 1505 4217 τῆς
1540 4149 1806 4219 γῆςκατ-

229 4245 382 4312 εκὰη
405 4260 418 4274 ο
477 4245 574 4296 καί
615 4243 680 4295 τὸ
713 4245 915 4311 τρίτον
940 4242 1058 4294 τῶν
1083 4241 1344 4309 δένδρων
1373 4240 1628 4307 κατεκάη
1662 4257 1673 4270 ο
1711 4239 1806 4292 καί

232 4337 352 4400 πᾶς
387 4339 599 4404 χόρτος
633 4335 862 4402 χλωρὸς
887 4333 1164 4398 κατεκάη.

305 4427 494 4479 Ταῦτά
521 4442 662 4478 τισιν
692 4422 868 4488 ἔδοξεν
901 4423 1233 4477 αἰνίττεσθαι
1265 4422 1360 4492 τὴν
1385 4425 1442 4475 ὲν
1465 4423 1654 4492 γεέννῃ
1691 4421 1798 4474 τῶν

2241 3569 2472 3625 CAPUT
2527 3570 2694 3625 XXII.
2752 3571 2981 3628 SERMO
3033 3575 3144 3629 VIII

1911 3681 1986 3735 De
2013 3691 2204 3755 septem
2235 3682 2435 3755 angelis
2456 3721 2489 3755 ,_
2521 3697 2548 3734 e
2599 3698 2821 3755 quorum
2857 3701 3071 3737 numero
3109 3685 3235 3737 dum
3273 3687 3476 3755 primus

1983 3753 2104 3887 tfuba
2129 3753 2295 3818 canit,
2320 3752 2544 3820 grando,
2581 3763 2629 3804 et
2654 3754 2790 3823 ignis
2811 3794 2825 3818 ,
2847 3770 2908 3806 ac
2935 3758 3148 3824 sanguis
3181 3758 3236 3809 in
3274 3752 3474 3811 terram

2018 3833 2182 3876 ertur.

2018 3838 2182 3876 ertur.

1985 3959 2112 4024 VIII,
2150 3961 2199 4013 7.
2243 3958 2310 4012 Et
2357 3961 2556 4028 primus
2583 3961 2798 4030 angelus
2831 3961 2954 4014 tuba
2995 3965 3220 4028 cecinit;
3248 3975 3295 4018 et
3331 3967 3476 4034 facta

1904 4059 1978 4104 est
2002 4050 2200 4119 grando
2220 4061 2264 4103 et
2300 4051 2433 4119 ignis
2467 4051 2622 4102 mista
2659 4053 2712 4102 in
2758 4054 3045 4120 sanguine";
3072 4065 3119 4106 et
3156 4056 3372 4109 missum
3399 4069 3475 4110 est

1906 4143 1955 4194 in
1998 4153 2190 4193 terram
2221 4153 2268 4194 et
2295 4143 2445 4194 tertia
2473 4158 2593 4207 pars
2613 4151 2766 4194 terra:
2799 4144 3069 4195 combusta
3089 4157 3164 4196 cst
3191 4161 3208 4206 ;
3239 4159 3286 4200 et
3318 4151 3473 4201 tertia

1904 4251 2026 4302 pars
2058 4236 2304 4288 arborum
2327 4245 2657 4290 concremata
2678 4245 2796 4300 est;
2821 4247 2868 4289 et
2898 4254 3049 4290 omne
3083 4238 3260 4305 fenum
3303 4243 3472 4296 viride

1906 4328 2225 4380 combustum
2252 4339 2349 4380 est.

1991 4417 2204 4480 Isthaec,
2241 4429 2295 4472 ut
2336 4420 2659 4489 quibusdam
2692 4421 2887 4490 placet,
2920 4421 3180 4476 denotant
3210 4426 3473 4494 supplicia

232 4517 573 4590 ἁμαρτωλῶν
601 4516 843 4579 κόλασιν,
885 4515 1239 4586 πολυτρόπως
1261 4515 1349 4566 διὰ
1377 4515 1486 4566 τῶν
1527 4515 1799 4584 αἰσθητῶν
1835 4516 1878 4571 D
1907 4510 1918 4562 i

1783 4533 1799 4566 θ
1835 4516 1878 4571 D
1907 4510 2085 4578 impiis
2115 4521 2168 4564 et
2201 4514 2578 4580 peccatoribus
2615 4515 2752 4582 apud
2785 4514 2986 4569 inferos
3011 4517 3305 4569 constituta
3335 4555 3348 4577 ,
3382 4533 3472 4570 va-

231 4608 511 4676 ὀδυνηρῶν
535 4605 1040 4680 τροπολογουμένην
1071 4623 1084 4636 ·
1122 4607 1284 4676 ἡμεῖς
1313 4604 1371 4656 δὲ
1399 4605 1690 4673 νομίζομεν
1717 4605 1803 4657 διὰ

229 4703 290 4754 τὸ
325 4701 557 4770 μάλιστα
591 4699 650 4751 οὐ
696 4697 794 4768 τὴν
820 4699 1008 4768 τρίτην
1054 4701 1245 4766 μοῖραν
1275 4693 1414 4749 εἶναι
1443 4696 1550 4747 τῶν
1583 4697 1805 4760 κολαζο-

233 4792 413 4858 μένων
449 4791 506 4840 ἐν
537 4787 612 4856 τῷ
652 4787 900 4856 μέλλοντι
962 4783 1165 4856 [αἰῶνι]
1215 4786 1278 4836 ὲκ
1316 4783 1407 4836 τοῦ
1447 4785 1646 4845 παντὸς
1697 4783 1804 4836 τῶν

225 4883 533 4952 ἀνθρώπων
563 4878 951 4948 πληρώματος,
985 4878 1119 4930 ἀλλὰ
1148 4877 1244 4948 τὴν
1271 4877 1488 4928 πλείονα
1523 4875 1804 4945 (Πλατεῖα

226 4977 338 5044 γὰρ
391 4971 605 5045 [φησὶν]
658 4975 696 5038 ὴ
732 4971 872 5034 ὁδὸς
911 4972 949 5037 ἡ
1005 4971 1324 5038 ἀπάγουσα
1384 4973 1472 5036 εἰς
1525 4970 1639 5036 τὴν
1685 4971 1798 5023 ἀπο

224 5067 493 5132 ώλειαν),
523 5065 620 5125 τὰς
645 5063 750 5133 πρὸ
778 5063 875 5130 τῆς
904 5062 1207 5124 συντελείας
1238 5063 1436 5130 μᾶλλον
1457 5062 1625 5114 ταῦτα
1661 5061 1797 5130 πλη-

225 5159 330 5224 γὰς
366 5156 649 5225 ἐμφαίνειν
679 5171 694 5185 ο
733 5155 827 5206 καὶ
878 5155 994 5220 τὴν
1047 5153 1144 5224 μὲν
1179 5154 1442 5222 χάλαζαν
1499 5153 1691 5224 δηλοῦν
1736 5154 1796 5205 τὸ

223 5247 517 5318 οὐρανόθεν
567 5247 720 5315 ἥκειν
776 5247 916 5298 κατὰ
947 5246 1150 5298 δίκαιον
1198 5248 1370 5314 κρῖμα
1415 5247 1512 5308 τὰς
1545 5245 1796 5308 τοιαύτας

228 5342 500 5410 μάστιγας
527 5355 542 5370 ο
574 5339 639 5392 τὸ
663 5338 717 5391 δὲ
751 5339 869 5405 πῦρ
895 5338 1018 5390 σὺν
1051 5333 1128 5404 τῷ
1179 5338 1398 5404 αἵματι,
1447 5339 1542 5398 τὰς
1572 5339 1635 5390 ὲκ
1666 5338 1795 5408 βαρ-

225 5433 473 5503 ϐαρικῶν
504 5429 706 5501 χειρῶν
739 5431 1030 5500 γινομένας
1063 5429 1432 5498 πυρπολήσεις
1471 5447 1528 5481 τε
1581 5432 1673 5482 καὶ
1705 5433 1797 5482 ἁν-

222 5525 549 5592 δροκτασίας
606 5523 900 5592 ὁσημέραι.
974 5521 1095 5589 Ὑφ’
1147 5514 1221 5573 ὧν
1284 5521 1382 5572 οὐκ
1439 5519 1658 5573 ἔλαττον
1703 5521 1794 5573 τοῦ

223 5617 410 5687 τρίτου
447 5616 669 5685 μέρους,
701 5615 776 5680 ὡς
805 5615 1046 5684 ὁρῶμεν,
1075 5613 1183 5667 τῶν
1202 5615 1257 5667 ἐν
1279 5616 1342 5682 τῇ
1394 5616 1463 5683 γῇ
1491 5615 1798 5683 κτισμάτων

300 5805 341 5835 ’³
371 5801 560 5858 Matth.
588 5817 682 5866 \‘ll,
715 5800 793 5856 15.

1903 4604 1999 4657 riis
2032 4605 2206 4658 modis
2236 4613 2397 4672 atque
2438 4605 2768 4674 metaphoris
2801 4621 2896 4672 per
2931 4622 3017 4660 res
3062 4608 3290 4660 sensiles
3315 4647 3327 4666 ,
3358 4625 3468 4676 pie-

1904 4712 2028 4749 nam
2062 4696 2262 4751 inferre
2315 4708 2492 4766 aptas,
2556 4698 2896 4752 adumbrata.
2937 4697 3047 4752 Nos
3105 4707 3283 4752 autem
3329 4701 3473 4753 alli-

1903 4797 2110 4841 tramur
2146 4805 2249 4841 non
2286 4791 2497 4843 tertiam
2530 4801 2738 4844 tantum
2789 4791 3102 4844 mortalium
3171 4801 3378 4860 partem
3408 4809 3470 4844 ex

1903 4889 2014 4933 tota
2049 4881 2329 4934 hominum
2359 4883 2706 4935 multitudine
2734 4883 2787 4934 in
2819 4883 3003 4935 futuro
3041 4884 3240 4936 sarculo
3289 4898 3475 4952 pmnas

1907 4973 2153 5026 daturam
2179 5012 2192 5034 ,
2227 4974 2318 5026 sed
2351 4973 2510 5042 longe
2536 4975 2865 5027 maximam:
2897 4974 3005 5043 36
3045 4973 3182 5027 Lata
3229 4992 3470 5044 namque.

1907 5077 1966 5119 ut
1995 5067 2251 5118 Dominus
2269 5066 2342 5118 ait
2367 5105 2380 5128 ,
2416 5077 2490 5118 est
2519 5076 2690 5132 porta.
2737 5077 2783 5118 et
2814 5069 3051 5134 spatiosa
3102 5077 3178 5118 est
3205 5068 3310 5128 via,
3355 5084 3475 5135 quw

1905 5158 2139 5209 ducitad
2161 5157 2504 5224 perditionem
2539 5158 2602 5221 ’⁸,
2638 5156 2881 5226 adeoque
2912 5173 3007 5227 per
3035 5158 3146 5211 haec
3178 5159 3474 5226 signiﬁcari

1908 5257 2176 5302 tormenta
2199 5259 2253 5301 et
2301 5251 2597 5313 cruciatus,
2636 5252 2730 5320 qui
2766 5251 3079 5304 hominibus
3126 5261 3251 5304 ante
3288 5255 3470 5305 saeculi

1906 5341 2431 5394 consummationem
2455 5340 2758 5396 inferentur
2791 5359 2804 5396 :
2847 5352 2900 5396 et
2925 5345 3233 5411 grandinem
3257 5343 3472 5413 quidem

1905 5432 2162 5497 indicare,
2201 5431 2364 5486 Deum
2391 5434 2629 5502 justaira
2660 5445 3013 5504 provocatum
3067 5435 3333 5502 ejusmodi
3375 5434 3474 5488 ﬂa-

1911 5526 2046 5593 gella
2098 5527 2315 5580 (inlitus
2347 5528 2642 5582 immittere
2696 5545 2708 5581 :
2765 5531 2934 5597 ignem
2990 5538 3172 5582 autem
3223 5531 3473 5596 sanguine

1909 5617 2167 5686 mixtum,
2199 5620 2544 5688 quotidianas
2574 5619 3039 5689 depopulationes,
3087 5618 3333 5675 incendia
3384 5620 3472 5673 iti-
