4276 6438
765 414 869 478 291

1931 399 2258 459 ANDREE
2298 399 2817 460 C/ESARIENSIS

3921 402 4034 465 29?.

774 528 896 576 dem
944 530 999 575 et
1047 518 1222 574 easdes
1262 530 1359 586 per
1415 513 1780 568 Barbarorum
1820 525 2017 564 manus
2067 510 2246 563 illatas
2272 552 2286 571 ,
2318 524 2345 563 a
2380 517 2463 572 Αι

2340 530 2345 561 ι
2380 517 2425 572 Α
2454 509 2548 561 καὶ
2610 509 2753 561 κατὰ
2810 510 2871 562 τὸ
2905 509 3165 582 αἰσθητὸν
3208 510 3483 581 ἀνήλωται
3508 526 3521 541 ⁸
3568 512 3659 565 τοῦ
3694 512 3933 581 πολέμου
3968 516 4029 565 ού

763 615 965 685 quibus
1016 611 1280 666 nimirum
1323 608 1480 661 tertia
1529 621 1655 675 pars
1708 618 1888 657 rerum
1927 619 2046 671 qua:
2107 604 2160 656 in
2200 613 2344 656 terra

767 712 1009 767 exstant,
1047 707 1385 753 absumetur.
1429 696 1631 749 Bellum
1664 693 1807 747 enim
1840 707 1947 745 non
1992 702 2201 746 tantum
2250 692 2347 744 ho-

771 797 969 856 mines,
1004 793 1093 846 sed
1146 790 1295 844 humi
1328 803 1547 857 quoque
1595 787 1875 841 nascentia
1902 828 1917 851 ,
1962 796 2020 840 ut
2073 785 2344 850 videmus,

771 890 821 939 Ιλι
838 890 961 938 dere
988 894 1040 936 et
1066 897 1391 935 consumere
1413 881 1570 932 solet.
1595 877 1735 943 Quin
1762 880 1951 932 beatus
1979 876 2347 945 Joelquoque,

772 979 899 1029 dum
956 986 1079 1029 ante
1133 987 1385 1042 magnum
1441 971 1584 1025 diem
1641 970 1850 1024 Domini
1906 970 2237 1037 sanguinem,
2296 976 2345 1020 et

769 1071 936 1135 ignem
960 1108 973 1126 ,
1009 1078 1054 1118 et
1085 1079 1325 1132 raperem
1354 1062 1487 1127 [mni
1510 1062 1786 1113 exoritura
1817 1061 1966 1121 dicit,
2000 1068 2243 1112 nostram
2278 1059 2348 1112 de

764 1161 877 1229 jam
918 1158 1211 1228 propositis
1243 1155 1551 1223 Opinionem
1588 1154 1765 1205 valide
1795 1152 2114 1220 Iconiirmat.

1348 1260 1578 1314 CAI’U'I'
1619 1259 1804 1315 XXI".

768 1380 846 1433 De
865 1378 1092 1431 secundo
1117 1375 1302 1445 angelo
1321 1417 1334 1438 ,
1362 1390 1640 1439 eorumth
1679 1372 1899 1424 interitu
1931 1385 2049 1438 qua:
2090 1370 2251 1422 vitam
2294 1370 2349 1423 in

1362 1461 1442 1495 mu
1454 1445 1497 1494 ri
1521 1448 1731 1510 degunt.

843 1557 978 1620 Vill,
1014 1558 1068 1619 8,
1109 1557 1162 1611 9.
1192 1556 1257 1608 Et
1286 1555 1547 1609 secundus
1599 1553 1816 1622 angelus
1849 1552 1977 1605 tuba
2031 1552 2257 1615 cecinit;
2300 1559 2348 1604 et

772 1661 1022 1718 tanquam
1081 1664 1227 1699 mons
1279 1661 1502 1714 magnus
1546 1645 1661 1712 igne
1708 1643 1921 1707 ardens,
1960 1643 2151 1694 missus
2187 1651 2262 1695 est
2296 1642 2347 1693 in

772 1748 1028 1792 niare:et
1062 1738 1205 1806 facta
1237 1746 1313 1790 est
1363 1738 1516 1787 tertia
1572 1750 1697 1801 pars
1764 1734 1926 1785 maris
1990 1732 2207 1800 sanguis
2244 1748 2261 1785 :
2301 1742 2348 1785 et

2450 604 2575 664 τοὺς
2597 602 2923 673 ἀνθρώπους
2958 604 3141 673 μόνον,
3168 602 3301 655 ἀλλὰ
3325 604 3417 656 καὶ
3443 602 3510 655 τὰ
3537 602 3637 671 τῆς
3660 602 3764 670 γῆς
3797 603 4033 671 imp/ips:

2451 694 2632 745 πάντα
2682 694 3192 757 καταναλίσκοντος.
3225 694 3333 746 Καὶ
3365 697 3393 747 ὁ
3438 695 3706 766 μακάριος
3751 695 3806 747 δὲ
3876 694 4035 762 Ἰωὴλ

2449 777 2593 850 αἷμα
2624 782 2859 852 καὶπῦρ
2880 782 2979 835 καὶ
3015 782 3230 851 ἀτμίδα
3257 784 3490 837 καπνοῦ
3526 784 3630 852 πρὸ
3650 783 3749 851 τῆς
3785 784 4033 852 μεγάλης

2452 874 2664 944 ἡμέρας
2714 874 2883 927 εἰπὼν
2920 874 3261 940 ἐλεύσεσθαι,
3316 876 3415 946 τὴν
3454 877 3731 948 ἡμετέραν
3772 877 4035 946 κρατύηι

2452 969 2581 1037 περὶ
2605 968 2713 1020 τῶν
2735 968 3065 1021 ἐκτεθέντων
3089 968 3380 1037 ὑπόληψιν.

3030 1270 3283 1324 ΚΕΦΔΛ.
3329 1269 3457 1326 ΚΓ.

2452 1383 2592 1451 Περὶ
2616 1383 2721 1437 τοῦ
2738 1382 3017 1449 ὄεύτερου
3034 1383 3315 1451 ἀγγέλου,
3335 1382 3431 1435 καὶ
3459 1382 3567 1446 τῆς
3589 1382 3891 1447 ἀπωλείας
3917 1379 4036 1434 τῶν

2869 1454 2940 1506 ἐν
2971 1453 3255 1521 θαλάσσῃ
3282 1453 3591 1521 ἐμψύχων.

2525 1565 2630 1619 Καὶ
2655 1564 2686 1617 ὁ
2707 1564 2985 1632 δεύτερος
3010 1564 3265 1633 ἄγγελος
3293 1564 3616 1627 ἐσάλπισε,
3656 1565 3753 1616 καὶ
3790 1565 3869 1629 ὠς
3897 1563 4034 1631 ὄρος

2447 1658 2605 1727 μέγα
2644 1657 2783 1724 πυρὶ
2821 1658 3140 1724 καιόμενον
3160 1656 3388 1723 ἐϐλήθη
3412 1660 3501 1721 εις
3530 1655 3645 1722 τὴν
3680 1654 4033 1710 θάλασσαν’

2456 1750 2555 1800 καὶ
2582 1747 2817 1817 ἐγένετο
2849 1747 2916 1800 τὸ
2945 1750 3147 1815 τρίτον
3174 1747 3282 1815 τῆς
3320 1747 3640 1814 θαλάσσης
3711 1742 3853 1816 αἷμα
3878 1764 3893 1779 ο
3935 1746 4036 1799 καὶ

771 1838 979 1880 mortua
1010 1837 1083 1879 est
1109 1826 1263 1877 tertia
1295 1839 1419 1891 pars
1451 1832 1712 1875 creatura:
1735 1838 1912 1875 eorum
1945 1838 2063 1891 qua:
2082 1823 2342 1877 habebant
2380 1845 2420 1897 Β
2457 1866 2460 1891 ,

2380 1845 2420 1897 Β
2457 1838 2718 1893 ἀπέθανε
2757 1837 2901 1910 [καὶ]
2957 1839 3023 1892 τὸ
3069 1841 3270 1908 τρίτον
3327 1838 3446 1892 τῶν
3479 1837 3819 1907 κτισμάτων
3851 1839 3920 1890 ἐν
3962 1838 4039 1904 τῇ

771 1925 978 1976 animus
1010 1922 1062 1975 in
1097 1920 1255 1984 mari,
1298 1927 1346 1971 et
1388 1918 1545 1970 tertia
1576 1933 1699 1985 pars
1729 1917 1941 1969 navium
1981 1918 2205 1972 interiit.

843 2120 982 2187 Quin
1040 2121 1215 2190 ipsum
1278 2134 1497 2189 quoque
1537 2134 1681 2170 mare
1721 2116 1884 2171 simul
1935 2131 2060 2170 cum
2122 2116 2189 2170 iis
2232 2130 2353 2185 qua:

771 2215 939 2267 vitam
978 2214 1031 2265 in
1076 2227 1141 2265 eo
1186 2212 1418 2279 degunt,
1449 2208 1752 2279 expiatorio
1797 2209 1920 2277 igne
1960 2216 2080 2276 post
2109 2222 2355 2262 commu-

781 2319 905 2357 nem
937 2302 1118 2357 carnis
1179 2302 1637 2354 resurrectionem
1685 2298 2190 2367 eoullagraturum,
2250 2297 2354 2352 hoc

790 2396 911 2449 loco
942 2395 1206 2448 insinuari
1240 2393 1455 2447 videtur
1483 2410 1495 2445 :
1528 2407 1692 2461 quam
1727 2390 2176 2455 insinuationem,
2226 2405 2355 2443 eru-

780 2490 1019 2542 ditorum
1058 2485 1421 2555 quorumdam
1460 2485 1767 2553 opinionem
1800 2484 2013 2545 secuti,
2065 2482 2209 2536 haud
2256 2483 2357 2534 im-

782 2578 1119 2645 probnbilem
1164 2576 1565 2630 existimamus.
1606 2573 1747 2627 Nihil
1780 2592 1908 2629 sane
1950 2577 2169 2629 obstare
2205 2574 2356 2628 vide-

781 2676 890 2728 tur,
926 2666 1029 2718 nisi
1069 2664 1250 2717 forsan
1289 2664 1458 2717 tertiae
1504 2674 1676 2732 partis
1706 2664 1926 2717 mentio.
1992 2662 2125 2715 Nam
2188 2663 2358 2717 multo

781 2759 988 2826 plures,
1029 2766 1086 2810 ut
1127 2756 1333 2809 dictum
1392 2766 1494 2818 est,
1559 2756 1909 2823 sempiternis
1970 2758 2146 2823 poenis
2185 2757 2358 2824 subji-

780 2851 1040 2912 ciuntur,
1106 2863 1269 2916 quam
1323 2856 1585 2900 aeternam
1643 2846 1875 2899 salutem
1927 2857 2354 2914 consequantur.

780 2941 1005 2994 Interim
1048 2940 1230 2992 minus
1266 2937 1515 2991 fortassis
1566 2953 1595 2990 a
1652 2952 1818 3006 scopo
1870 2937 2271 3002 aberrabimus,
2314 2938 2358 2992 si

779 3041 1102 3100 praesentem
1156 3031 1354 3092 vitam,
1401 3045 1519 3098 quin
1571 3031 1939 3096 metaphorice
1982 3045 2127 3082 mare
2178 3030 2361 3097 appel-

780 3124 945 3187 latur,
1006 3124 1192 3177 isrltaze
1240 3120 1584 3175 incommoda
1646 3120 1972 3183 subituram,
2012 3120 2359 3186 tertiamque,

2456 1929 2737 1997 θαλάσσῃ
2771 1929 2969 1983 καὶτὰ
2997 1930 3213 1999 ἔχοντα
3262 1928 3467 1999 ψυχάς
3510 1954 3511 1957 η
3570 1930 3667 1982 καὶ
3713 1929 3781 1982 τὸ
3834 1930 4039 1996 τρίτον

2457 2020 2574 2073 τῶν
2601 2021 2830 2073 πλοίων
2851 2021 3159 2089 διεφθάρη.

2528 2113 2637 2165 Καὶ
2658 2112 2753 2182 τὴν
2780 2111 3051 2167 θάλασσαν
3073 2154 3088 2178 ,
3133 2114 3274 2167 κατὰ
3302 2114 3364 2168 τὸ
3407 2114 3565 2181 δόξαν
3602 2116 3712 2169 τισὶ
3735 2157 3750 2181 ,
3790 2115 3888 2168 σὺν
3924 2118 4041 2177 τοῖς

2458 2202 2515 2253 ὲν
2548 2203 2687 2273 αὐτῇ
2735 2203 2813 2273 τῷ
2864 2204 3149 2276 καθαρσίῳ
3207 2208 3341 2275 πυρὶ
3397 2209 3697 2277 καιομένην
3751 2208 3887 2276 μετὰ
3938 2210 4039 2276 τὴν

2458 2296 2757 2348 ἀνάστασιν
2784 2295 2873 2351 διὰ
2896 2298 3102 2351 τούτων
3125 2298 3411 2368 δηλοῦσθαι
3438 2300 3785 2368 ἐνομίζομεν,
3816 2302 3864 2352 εἰ
3899 2302 3973 2367 μὴ
3999 2303 4034 2369 η

2458 2385 2551 2438 τοῦ
2577 2386 2761 2457 τρίτου
2790 2389 2980 2458 μνήμη
3006 2389 3345 2459 ἀνάρμοστος
3365 2392 3494 2459 ἡμῖν
3524 2389 3659 2459 πρὸς
3704 2388 3864 2442 τοῦτο
3908 2407 4045 2443 xu:-

2458 2480 2710 2547 εφαίνετο
2732 2497 2745 2510 ·
2768 2480 3011 2544 πλείονες
3042 2482 3170 2552 γὰρ,
3210 2481 3285 2543 ὡς
3314 2483 3549 2552 εἴρηται,
3584 2482 3691 2534 τῶν
3716 2481 4043 2550 σωζομένων

2459 2572 2508 2623 οἱ
2534 2571 2907 2641 κολαζόμενοι.
2938 2573 3095 2625 Κατὰ
3121 2572 3304 2641 μέντοι
3327 2574 3619 2642 ἀναγωγὴν
3635 2574 3785 2626 οὐδὲν
3813 2574 4044 2635 ἀπεικὸς

2459 2665 2551 2716 τὸν
2572 2664 2816 2733 παρόντα
2839 2664 2972 2733 βίον,
2990 2665 3268 2734 τροπικῶς
3288 2664 3676 2734 ὠνομασμένον
3695 2664 4045 2730 θάλασσαν,

2460 2756 2632 2808 ταῦτα
2672 2756 3024 2825 ὑφίστασθαι,
3054 2757 3284 2809 καὶτῶν
3316 2760 3373 2809 ὲν
3414 2758 3549 2826 αὑτῇ
3591 2758 3652 2809 τὸ
3680 2757 3863 2825 τρίτον
3917 2760 4046 2819 ταῖς

2464 2847 2699 2917 πληγαῖς
2732 2848 3102 2901 συντελεῖσθαι
3128 2864 3142 2878 ο
3194 2848 3281 2901 διὰ
3339 2848 3395 2900 δὲ
3449 2848 3547 2917 τὴν
3579 2848 3690 2901 τῶν
3722 2847 3883 2899 θείων
3920 2865 4048 2916 κρι-

2467 2940 2653 3008 μάτων
2686 2940 2942 3003 ἄϐυσσον,
2995 2938 3077 3010 [ἥ]
3110 2941 3235 3002 τοῦς
3271 2940 3371 3007 μὲν
3400 2940 3548 3010 παρὰ
3581 2940 3749 3002 πόδας
3783 2939 4005 3002 κολάζει
4029 2979 4043 2999 .

2462 3034 2572 3093 τοῖς
2601 3032 2656 3083 δὲ
2687 3032 3053 3102 μακροθυμεῖ,
3083 3032 3218 3099 πρὸς
3252 3031 3590 3102 ἐπιστροφὴν
3620 3033 3712 3084 καὶ
3744 3032 4040 3100 μετάνοιαν

2465 3122 2743 3195 [ἄγουσα].
2778 3126 2952 3190 Ὄρος
2975 3124 3031 3178 δὲ
3056 3124 3209 3194 μέγα
3238 3125 3516 3195 ἡγούμεθα
3546 3124 3779 3177 νοεῖσθαι
3807 3124 3898 3176 τὸν
3927 3124 4053 3177 διά-ο

782 3231 905 3284 qua:
938 3215 989 3267 in
1017 3218 1134 3283 ipsa
1163 3214 1312 3275 vivit,
1332 3226 1538 3281 partem
1573 3212 1741 3281 plagis
1766 3212 1883 3265 istis
1905 3211 2285 3275 exercendam,
2306 3224 2358 3264 et
2392 3201 2435 3257 C

2392 3201 2435 3257 (ἶ
2472 3214 2648 3279 ϐολον,
2670 3215 2744 3278 ὡς
2783 3217 2876 3268 καί
2899 3232 3010 3268 τισι
3045 3217 3155 3268 τῶν
3185 3217 3522 3270 διδασκάλων
3557 3216 3725 3281 εδοξε,
3757 3215 3877 3287 [τῷ]
3912 3216 4049 3286 πυρί

784 3305 1211 3359 consumendum
1242 3306 1580 3367 dixerimus,
1625 3303 1893 3373 siquidem
1941 3304 2011 3357 ob
2057 3305 2366 3357 divinorum

781 3401 1113 3471 judiciorum
1140 3401 1395 3470 abyssum
1424 3399 1503 3463 lit,
1522 3411 1579 3452 ιιι
1604 3397 1690 3451 alii
1711 3398 1928 3467 quidem
1956 3397 2209 3450 scelerati
2246 3412 2370 3450 eve-

788 3492 949 3560 stigio
974 3492 1303 3559 puniantur;
1330 3490 1417 3542 alii
1440 3504 1568 3541 vero
1598 3487 1665 3541 ad
1689 3488 2099 3541 conversionem
2121 3499 2175 3540 et
2196 3489 2369 3555 panti-

795 3581 1020 3633 tentiam
1062 3580 1150 3632 diu
1178 3580 1517 3646 multumque
1539 3587 1943 3645 exspectentur.
1975 3578 2241 3630 Caeterum
2276 3593 2370 3646 per

789 3680 1019 3724 montem
1059 3688 1307 3740 magnum
1330 3671 1605 3723 diabolum
1625 3671 1964 3739 designatum
1995 3670 2324 3724 arbitramur
2349 3685 2362 3721 :

790 3765 842 3816 id
886 3764 1030 3831 quod
1072 3765 1396 3829 quibusdam
1431 3780 1647 3833 quoque
1698 3764 2018 3817 doctoribus
2048 3766 2227 3817 visum
2264 3776 2369 3817 est.

798 3853 901 3908 llic
925 3855 1068 3908 enim
1103 3868 1187 3908 est
1217 3856 1309 3925 qtti
1347 3866 1397 3909 et
1431 3856 1635 3909 luroris
1678 3858 1797 3924 igne
1828 3867 2018 3911 Contra
2071 3872 2242 3925 genus
2273 3872 2371 3908 no-

794 3956 970 3998 strum
1006 3947 1178 4008 ardet,
1231 3954 1285 3997 et
1316 3946 1574 4015 gehennae
1637 3945 1901 3999 incendiis
1957 3956 2292 4009 reservatur,
2322 3955 2375 3998 et

795 4042 1041 4102 tempore
1102 4036 1193 4088 illo
1231 4036 1375 4104 quod
1427 4035 1502 4088 illi
1550 4034 1618 4088 ad
1674 4035 1991 4089 tentandum
2045 4036 2370 4102 permissum

789 4139 897 4189 est,
933 4128 1147 4181 tertiam
1177 4128 1504 4191 insularum,
1546 4137 1601 4181 et
1628 4129 1873 4192 navium,
1922 4138 1973 4181 ct
2010 4126 2370 4180 animantium

2466 3309 2560 3363 τοῦ
2589 3310 2711 3363 καθ’
2765 3311 2920 3379 ἡμῶν
2971 3310 3146 3380 θυμοῦ
3209 3312 3520 3381 καιόμενον,
3572 3310 3712 3382 [καῖ]
3756 3313 3821 3380 τῇ
3852 3312 4049 3378 γεέννῃ

2465 3400 2934 3471 τηρηθησόμενον,
2967 3403 3023 3454 ὲν
3053 3401 3129 3471 τῷ
3160 3402 3338 3471 καιρῷ
3369 3400 3470 3473 [δὲι
3503 3403 3597 3471 τῆς
3632 3400 3799 3452 αὑτοῦ
3836 3416 4050 3468 συγχω·

2470 3493 2703 3562 ρήσεως,
2760 3492 2820 3544 τὸ
2861 3492 3044 3562 τρίτον
3094 3492 3203 3543 τῶν
3245 3495 3301 3546 ἐν
3364 3493 3607 3562 θαλάσσῃ
3652 3492 3831 3561 νήσων
3864 3508 3925 3543 τε
3954 3490 4051 3543 καὶ

2469 3584 2670 3635 πλοίων
2699 3584 2793 3635 καὶ
2826 3585 3038 3652 νηκτῶν
3061 3583 3445 3653 διαφθείροντα
3466 3626 3480 3647 ,
3512 3583 3700 3650 ὥσπερ
3734 3582 3901 3634 πάλαι
3952 3583 4049 3632 ἐπὶ

2476 3672 2570 3726 τοῦ
2614 3671 2733 3725 Ἰὼϐ
2782 3675 3121 3742 πεποίηκεν*
3177 3672 3368 3743 ἐχθρὸς
3409 3675 3519 3741 γάρ
3551 3674 3667 3723 ἐστι
3707 3671 3802 3722 καὶ
3831 3670 4055 3739 ἐκδικη-

2471 3765 2569 3834 τὴς
2588 3765 2728 3817 κατὰ
2752 3766 2813 3816 τὸ
2842 3764 2981 3815 θεῖον
3006 3764 3214 3818 δίκαιον
3246 3766 3440 3832 κρῖμα.
3470 3756 3539 3832 Ὦ
3564 3763 3670 3833 γάρ
3688 3778 3768 3823 τις
3796 3762 4053 3830 ἥττηται,

2470 3857 2646 3926 τούτῳ
2673 3857 2764 3908 καὶ
2797 3855 3141 3908 δεδούλωται.
3175 3856 3235 3907 Ei
3266 3856 3323 3909 δὲ
3381 3856 3477 3907 καὶ
3533 3857 3645 3917 τοῖς
3696 3856 3753 3905 ἐν
3805 3852 4055 3922 θαλάσσῃ

2473 3947 2568 3999 τοῦ
2604 3946 2719 4016 βίου
2754 3946 2820 3999 δι’
2856 3946 3091 4016 ἔργωνῆ
3124 3948 3303 4013 λόγων
3332 3947 3428 4016 τὴν
3461 3946 3669 4017 Τριάδα
3705 3926 4065 4015 βλιασςρημοῦί

2486 4053 2591 4098 σιν,
2627 4039 2654 4087 ὁ
2684 4036 2911 4105 ψυχικὸς
2943 4038 3209 4103 ἐπάγεται
3241 4036 3491 4100 θάνατος,
3544 4034 3696 4090 οὐδὲν
3743 4035 3895 4101 ξένον
3933 4035 4059 4088 οὐδὲ

2470 4128 2565 4181 τοῦ
2598 4128 2804 4181 σκοποῦ
2840 4129 2947 4180 ἀπε
2958 4132 3210 4197 μφαϊνον.

790 4236 912 4288 quat
980 4223 1031 4275 in
1098 4223 1233 4275 mari
1313 4232 1544 4286 natant,
1580 4230 1786 4290 partem
1852 4238 2205 4290 corrumpere
2267 4232 2321 4276 et
2360 4223 2674 4279 interimere
2732 4224 2893 4279 enixe
2946 4224 3273 4290 contendet,
3346 4223 3805 4293 quemadmodum
3868 4223 3998 4276 olim
4042 4282 4056 4302 ν

789 4321 949 4367 aetate
983 4315 1242 4367 nimirum
1273 4315 1412 4367 beati
1434 4313 1556 4379 Job,
1592 4316 1800 4368 ciarum
1823 4314 1943 4383 ejus
1978 4317 2053 4368 rei
2085 4314 2360 4384 specimen
2396 4314 2561 4372 dedit.
2591 4315 2725 4370 Nam
2789 4326 2841 4370 et
2876 4316 3185 4370 mortalium
3230 4315 3426 4378 hostis,
3454 4323 3509 4368 et
3554 4312 3700 4382 justo
3726 4313 3817 4366 Dei
3846 4314 4059 4382 judicio

793 4415 1146 4473 peccatorum
1184 4407 1375 4459 vindex
1410 4416 1526 4471 est;
1559 4418 1611 4460 et
1646 4407 1763 4475 lege
1800 4414 2059 4474 pra-terea
2126 4417 2401 4473 receptum
2435 4418 2541 4473 est,
2577 4416 2634 4460 ut
2681 4409 2859 4477 quivis
2882 4409 3000 4475 ejus
3030 4406 3297 4460 ellieiatur
3330 4420 3540 4469 servus,
3573 4418 3603 4457 a
3650 4418 3761 4473 quo
3817 4405 4061 4475 legitime

794 4503 1093 4562 superatus
1148 4504 1251 4547 est.
1291 4495 1442 4558 Quod
1495 4498 1539 4547 si
1589 4496 1697 4548 illis
1752 4495 1844 4561 qui
1904 4494 2069 4547 vitam
2122 4496 2176 4547 in
2239 4497 2378 4548 mari
2446 4506 2650 4564 agunt,
2706 4511 3029 4566 sacramque
3089 4495 3339 4550 Triadem
3392 4511 3487 4566 per
3559 4498 3721 4549 verba
3755 4499 3835 4550 vel
3890 4516 4060 4570 opera

795 4586 1199 4655 blasphemant,
1237 4601 1385 4641 mors
1409 4588 1604 4640 anima:
1630 4584 1885 4650 infertur,
1914 4586 2050 4639 nihil
2079 4598 2159 4640 est
2180 4603 2378 4641 novum
2411 4599 2506 4643 aut
2537 4603 2567 4643 a
2601 4590 2815 4644 ratione
2848 4590 3107 4643 alienum.

1376 4697 1604 4752 CAPUT
1638 4696 1824 4752 XXIV.

798 4815 873 4870 De
902 4814 1056 4868 tertio
1084 4813 1273 4883 angelo
1300 4852 1314 4877 ,
1358 4824 1404 4867 et
1444 4814 1821 4881 proﬂuentium
1868 4831 2129 4884 agnorunt
2178 4819 2381 4871 amari-

1449 4886 1647 4938 tudine.

873 4997 1012 5062 Vlll,
1045 4998 1131 5061 ll),
1167 4999 1251 5051 Η.
1292 4996 1358 5050 Ει
1410 5002 1593 5051 tertius
1632 4999 1849 5069 angelus
1889 5012 2013 5052 tuoo
2049 5001 2233 5053 cecinit
2271 5014 2288 5052 :
2335 5011 2382 5051 et

804 5092 993 5146 cecidit
1035 5110 1060 5143 e
1082 5091 1210 5144 caelo
1233 5090 1386 5143 stella
1406 5108 1599 5159 magna
1620 5133 1633 5155 ,
1666 5095 1854 5144 ardens
1895 5100 2141 5161 tanquam
2168 5092 2384 5161 facula;

800 5193 851 5237 et
893 5183 1077 5235 cecidit
1112 5184 1163 5235 in
1204 5183 1416 5235 tertiam
1473 5193 1675 5248 partem
1728 5185 2031 5251 ﬂuminum,
2059 5195 2106 5236 et
2136 5185 2188 5236 in
2222 5193 2388 5249 [antes

806 5290 1067 5342 aquarum
1096 5288 1113 5325 :
1156 5275 1172 5341 (
1198 5282 1245 5325 et
1269 5289 1451 5326 nomen
1479 5272 1646 5326 stellte
1673 5274 1868 5325 dicitur
1898 5274 2232 5325 Absint/tium
2271 5274 2313 5341 :)
2344 5284 2393 5326 et

812 5368 958 5437 facta
1017 5374 1093 5418 est
1151 5365 1309 5417 tertia
1357 5382 1481 5429 pars
1532 5380 1795 5433 agnorunt
1834 5366 1887 5417 in
1919 5365 2287 5429 absinthium;
2346 5377 2396 5418 et

806 5458 960 5512 multi
991 5458 1262 5511 hominum
1303 5459 1497 5511 mortui
1527 5468 1646 5511 sunt
1692 5457 1758 5511 de
1794 5460 1974 5527 aquis,
2018 5458 2142 5527 quia
2191 5473 2390 5509 amara:

809 5551 967 5620 facite
990 5560 1133 5603 sunt.
1175 5560 1185 5570 ‘
1330 5563 1339 5570 '
1554 5536 1579 5549 ’

886 5640 993 5709 37
1022 5640 1459 5694 Amaritudinem
1485 5641 1741 5693 absint/iii
1766 5640 2033 5694 vocabulo
2057 5639 2394 5703 denotatam,

3070 4702 3322 4755 ΚΕΦΑΛ.
3372 4700 3494 4756 ΚΔ’.

2481 4816 2621 4885 Περὶ
2649 4816 2756 4869 τοῦ
2778 4816 2982 4883 τρίτου
3008 4814 3269 4885 ἀγγέλου
3297 4813 3520 4886 καὶτοῦ
3555 4816 3900 4886 πικρασμοῦ
3945 4818 4066 4871 τῶι·

2974 4886 3278 4954 ποταμίων
3295 4884 3545 4939 ὑδάτων.

2557 4997 2667 5051 Καὶ
2702 5001 2735 5051 ὀ
2784 5000 2977 5066 τρίτος
3009 4998 3266 5067 ἅγγελος
3293 4978 3598 5052 ἐσάλπισε
3622 5015 3635 5028 ·
3688 5001 3786 5054 καὶ
3840 5002 4067 5056 ἔπεσεν

2486 5089 2553 5142 ἐκ
2588 5089 2695 5143 τοῦ
2720 5089 2983 5158 οὐρανοῦ
3014 5090 3212 5157 ἀστὴρ
3232 5089 3442 5158 μέγας,
3466 5092 3784 5159 καιόμενος
3807 5094 3887 5158 ὡς
3912 5098 4068 5163 λαμ-

2489 5180 2609 5245 πάς
2635 5196 2648 5209 ·
2680 5180 2777 5232 καὶ
2806 5181 3028 5233 ἔπεσεν
3048 5180 3145 5232 ἐπὶ
3180 5181 3246 5231 τὸ
3279 5180 3479 5247 τριτον
3500 5179 3617 5233 τῶν
3638 5181 3937 5251 ποταμῶν,
3971 5184 4069 5236 καὶ

2490 5270 2587 5323 ἐπὶ
2619 5273 2725 5336 τὰς
2788 5270 2987 5339 πηγὰς
3034 5268 3154 5323 τῶν
3197 5270 3464 5325 ὑδάτων-ο
3498 5271 3594 5323 καὶ
3622 5272 3688 5323 τὸ
3740 5254 3927 5342 ὄνομα
3963 5275 4072 5329 τοῦ

2492 5362 2746 5430 ἀστέρος
2772 5362 3008 5431 λέγεται
3043 5362 3365 5429 Ἀψίνθιος·
3392 5362 3489 5414 καὶ
3514 5362 3751 5430 ἐγένετο
3773 5366 3840 5417 τὸ
3872 5368 4075 5431 τρίτον

2492 5454 2609 5508 τῶν
2636 5455 2871 5509 ὑδάτων
2901 5457 2989 5520 εις
3017 5454 3305 5522 ἄψινθον
3325 5453 3421 5506 καὶ
3458 5456 3672 5507 πολλοὶ
3709 5454 3824 5509 τῶν
3849 5458 4077 5525 ἀνθρώα

2495 5563 2625 5600 πων
2646 5546 2949 5601 ἀπέθανον
2973 5548 3041 5599 ἐκ
3060 5545 3178 5600 τῶν
3207 5545 3463 5608 ὑδάτων,
3484 5547 3516 5598 ὅ
3523 5565 3569 5599 τι
3588 5548 4045 5615 ἐπικράνθησαν
4060 5591 4075 5605 .

2571 5641 2682 5710 Τὴν
2714 5641 2803 5694 διὰ
2830 5640 2923 5694 τοῦ
2954 5640 3237 5709 ἀψινθίου
3264 5638 3602 5709 δηλουμένην
3654 5642 3881 5710 πικρίαν
3904 5683 3917 5702 ,
3974 5643 4079 5711 τὴν

2498 5734 2611 5795 τοῖς
2634 5732 3019 5802 κολαζομένοις
3058 5734 3115 5783 ἐν
3148 5730 3343 5799 γεέννῃ
3384 5731 3729 5799 ἁμαρτωλοῖς
3783 5734 4081 5803 ἐγγινομέο

2503 5842 2600 5896 νην
2626 5824 2818 5896 ὀδύνην
2851 5825 2981 5893 φασὶ
3031 5840 3175 5886 τινες
3207 5822 3538 5877 αἰνίττεσθαι
3570 5838 3585 5855 ο
3613 5822 3706 5887 οὓς
3741 5824 3825 5877 διὰ
3859 5826 3920 5878 τὸ
3947 5826 4082 5897 πλῆο

816 5734 1061 5787 dolorem
1119 5732 1212 5802 qui
1271 5743 1583 5800 peccatores
1644 5733 1698 5785 in
1750 5734 1994 5803 gehenna
2038 5743 2274 5803 torquet,
2313 5734 2399 5788 hic

818 5826 1128 5899 signiﬁcare
1153 5827 1375 5881 tradunt
1400 5827 1645 5882 nonnulli
1670 5843 1683 5893 ;
1708 5826 2039 5897 eosdemque
2062 5837 2399 5896 peccatores,
