4276 6438
217 405 328 467 293

1179 395 1790 456 COMMENTARIUS
1830 391 1912 455 IN
1954 394 2485 458 APOCALYPSIN.

3382 404 3487 468 29$

222 520 318 581 οος
368 514 514 579 εἰκὸς
560 514 845 568 καλεῖσθαι
895 513 1086 567 ὕδατα
1115 529 1130 543 °
1183 514 1472 583 ἡγούμεθα
1504 515 1560 566 δὲ
1595 517 1690 567 καὶ
1720 515 1808 567 διὰ
1839 529 1881 584 Α

1798 526 2131 585 ιΑριοριοι·
2190 517 2631 581 multitudinem,
2694 534 2953 586 aquarum
3009 521 3228 578 nomine
3287 540 3487 580 conve-

223 611 432 662 τούτων
459 611 527 660 τα
556 609 699 660 κατὰ
727 609 817 660 τὸν
851 607 1158 676 δηλωθέντα
1190 606 1381 675 καιρὸν
1433 605 1658 671 ἀλγεινὰ
1706 623 1804 674 ση-

225 700 536 772 μαίνεσθαι.
597 701 701 752 Τὸν
756 701 812 753 δὲ
867 700 1094 766 ἀστέρα
1147 697 1360 767 δηλοῦν,
1421 697 1452 766 ἢ
1514 697 1807 766 οὐρανόθεν

226 792 404 845 ταῦτα
433 796 543 854 τοῖς
577 789 881 857 ἀνθρώποις
911 790 1273 859 ἐπέρχεσθαιο
1330 790 1363 859 ἢ
1415 790 1506 841 τὸν
1559 790 1807 844 διάϐολον

223 886 311 936 διὰ
333 886 524 937 τούτου
568 884 930 952 σημαίνεσθαι
958 901 968 912 ·
1000 884 1129 952 περὶ
1151 875 1211 934 οῦ
1235 900 1399 951 φησιν
1428 881 1496 953 [ὁ]
1538 883 1763 945 ῚΙσαῖας
1790 899 1802 911 ’

223 976 357 1040 Πῶς
386 977 607 1029 ἔπεσεν
636 977 703 1028 ἐκ
731 975 835 1028 τοῦ
865 975 1125 1041 οὐρανοῦ
1158 978 1189 1028 0'
1220 975 1558 1043 'Ewagsc'poc
1598 981 1629 1027 (ἕ
1663 975 1811 1040 πρωῒ

223 1067 614 1125 ἀνατέλλων-ς
653 1062 822 1129 Οὗτος
859 1067 966 1136 γὰρ
996 1067 1312 1137 ἀνατροπὴν
1340 1067 1562 1136 Θολερὰν
1593 1067 1685 1118 καὶ
1719 1083 1806 1117 πι-

225 1161 370 1227 κρὰν
394 1159 458 1209 δι’
490 1158 683 1226 ἡδονῆς
721 1157 957 1219 ποτίζων
1005 1160 1126 1219 τοὺς
1171 1156 1511 1226 ἀνθρώπους.
1535 1141 1662 1208 υκαὶ
1720 1157 1809 1208 διὰ

223 1251 432 1320 ταύτην
490 1249 939 1318 συγχωρούμενος
1010 1249 1108 1310 τὰς
1178 1249 1555 1318 τιμωρητικας
1627 1249 1809 1308 αὺτοῖς

223 1343 459 1407 ἐπάγειν
487 1339 720 1392 ἐνταῦθα
749 1341 1040 1408 μάστιγας,
1097 1340 1157 1391 οῦ
1210 1343 1366 1402 πᾶσι,
1403 1339 1479 1408 τῷ
1532 1339 1587 1390 δὲ
1639 1339 1810 1408 τρίτῳ

227 1435 412 1501 μέρει,
441 1433 531 1484 διὰ
581 1430 679 1500 τὴν
726 1434 820 1483 τοῦ
870 1433 1006 1484 Θεοῦ
1052 1430 1467 1501 μακροθυμίαν,
1519 1435 1612 1484 καὶ
1642 1431 1702 1482 τὸ
1735 1431 1809 1501 μὴ

224 1524 574 1577 ἀπιστεῖσθαι
632 1525 731 1593 τὴν
789 1526 846 1576 ὲν
891 1523 967 1594 τῴ
1025 1525 1276 1593 μέλλοντι
1312 1522 1514 1594 [αἰῶνι]
1569 1525 1808 1576 ἁνταπόο

222 1613 392 1676 δοσιν,
426 1617 538 1675 τοῖς
573 1615 1004 1683 ὰνυπομονήτοις
1042 1613 1270 1666 θανάτου
1299 1613 1531 1683 ψυχικοῦ
1555 1613 1810 1665 καθίστα-

223 1725 315 1759 ται
342 1708 536 1769 αἴτιος.
559 1707 682 1759 Ὀτι
713 1708 820 1776 γὰρ
853 1709 1026 1775 πικρὰ
1059 1709 1395 1776 συμϐήσεται
1426 1710 1538 1770 τοῖς
1581 1709 1685 1777 πρὸ
1715 1709 1807 1777 τῆς

227 1799 541 1860 συντελείας
560 1800 973 1869 εὑρισκομένοις
993 1816 1006 1828 ·
1030 1792 1104 1851 ὦν
1138 1800 1204 1853 τὰ
1227 1801 1478 1869 ὁρώμενα
1508 1801 1806 1868 πρόδρομα,

1911 608 2121 659 nienter
2143 608 2396 675 exprimi.
2422 606 2533 662 Nos
2563 624 2694 663 vero
2723 624 2817 678 pcr
2841 611 2956 664 haec
2987 611 3101 680 ipsa
3124 613 3287 667 etiam
3314 619 3485 672 tristia

1911 695 1998 749 illa
2029 705 2082 749 et
2115 697 2309 750 acerba
2346 698 2569 753 vulnera
2614 700 2861 753 denotari
2891 702 3270 758 existimamus
3296 745 3311 770 ,
3366 719 3486 774 quze

1911 799 2152 858 tempore
2177 790 2243 842 de
2275 806 2384 860 quo
2413 808 2574 860 supra
2601 795 2840 849 diximus
2862 833 2876 857 ,
2913 794 3225 850 hominibus
3252 801 3490 866 p-ccatis

1912 882 2190 936 obstrictis
2224 885 2425 951 passim
2466 886 2807 940 iul'erentur:
2849 903 2943 954 per
2990 888 3200 941 stellam
3267 902 3485 956 autem,

1912 978 1991 1026 vel
2021 977 2158 1028 mala
2194 980 2304 1029 haec
2339 978 2556 1030 caelitus
2580 980 2762 1032 venire
2786 1021 2798 1042 ,
2837 981 2920 1032 vel
2962 980 3142 1048 ipsum
3180 992 3323 1035 certe
3379 983 3490 1036 dia—

1913 1067 2116 1120 bolu-u.
2164 1068 2237 1119 De
2273 1070 2374 1121 hoc
2399 1070 2542 1121 enim
2565 1070 2704 1136 apud
2736 1069 2928 1123 lsaiam
2964 1073 3228 1140 scriptum
3263 1083 3435 1126 exstat
3473 1094 3485 1128 :

1914 1160 2186 1224 Quomodo
2222 1178 2248 1213 ε
2283 1163 2412 1212 cmlo
2459 1159 2712 1223 cecidisti,
2763 1160 2977 1229 Lucifer
3001 1201 3015 1223 ,
3052 1166 3139 1232 qui
3171 1181 3323 1216 mane
3353 1167 3490 1218 orie-

1912 1251 2053 1304 θαι-ἱ.»
2087 1252 2166 1300 ‘9?
2193 1251 2450 1304 Diabolus
2477 1267 2712 1319 namque
2736 1252 2861 1304 dum
2900 1253 3146 1307 homines
3178 1272 3272 1324 per
3298 1259 3484 1311 carnis

1913 1346 2215 1411 voluptates
2242 1346 2504 1409 inebriat,
2537 1359 2779 1396 amaram
2816 1345 3290 1414 turbulentamque
3335 1363 3489 1401 ever-

1917 1438 2128 1490 sionem
2177 1437 2404 1497 inducit.
2449 1454 2660 1491 necnon
2692 1439 2900 1507 ﬂagella
2952 1439 3294 1492 cruciatibus
3330 1442 3488 1508 plena

1912 1538 2131 1595 propter
2173 1527 2260 1579 illa
2295 1528 2491 1581 inferre
2517 1530 2750 1588 sinitur;
2789 1545 2896 1582 non
2939 1531 3160 1598 quidem
3205 1532 3486 1595 omnibus,

1911 1621 2005 1674 Sed
2041 1619 2212 1672 tertiae
2268 1628 2480 1672 tantum
2537 1620 2851 1671 mortalium
2914 1621 3054 1688 parti
3105 1637 3117 1674 :
3169 1630 3330 1688 atque
3384 1622 3489 1676 hoc

1915 1712 2108 1779 partim
2139 1712 2358 1779 quidem
2390 1722 2611 1779 propter
2646 1710 2736 1763 Dei
2770 1712 3088 1780 patientiam
3129 1722 3183 1766 et
3237 1713 3488 1781 longani-

1914 1805 2179 1862 mitatem.
2209 1819 2329 1870 quae
2362 1819 2456 1857 eos
2488 1813 2703 1867 tuetur;
2760 1805 2954 1870 partim
2997 1805 3158 1855 etiam
3201 1808 3344 1871 quod
3381 1821 3488 1857 non

228 1890 435 1960 μᾶλλον
468 1891 524 1943 δὲ
551 1892 814 1962 προοίμια
837 1933 850 1955 ,
909 1892 1196 1960 προλαϐὼν
1237 1894 1264 1944 ὁ
1311 1892 1510 1962 Κύριος
1569 1892 1806 1944 ὲπιστώ-
1841 1875 1885 1932 Β

1800 1922 1806 1932 -
1841 1875 1885 1932 Β
1917 1910 2104 1947 omnes
2138 1893 2422 1959 supplicia,
2451 1907 2573 1960 qua:
2626 1892 2677 1943 in
2740 1893 2910 1943 altero
2960 1891 3160 1943 sarculo
3222 1891 3329 1943 illis
3365 1901 3489 1942 sunt

225 2002 382 2037 σατο.
417 1985 548 2036 Δέον
577 1985 756 2036 τοίνυν
799 1986 876 2053 μὴ
918 1984 1280 2054 βουλομένους
1331 1985 1636 2054 κρίνεσθαι,
1661 1986 1805 2053 ἡμᾶς

222 2079 425 2139 αὐτοὺς
485 2078 822 2146 ἀνακρίνειν,
876 2077 1018 2130 κατὰ
1072 2078 1163 2130 τὸν
1214 2076 1403 2149 [Οεῖον]
1434 2078 1801 2129 Ἀπόστολονο

218 2169 287 2221 ει
317 2169 426 2236 γὰρ
455 2168 730 2232 ἑαυτοὺς,
783 2171 968 2238 φησὶν,
1009 2169 1340 2238 ἐκρίνομεν,
1373 2172 1483 2223 οὐκ
1522 2169 1601 2222 ἂν
1648 2169 1802 2236 ἐκρι-

223 2258 481 2325 νόμεθαο
518 2258 872 2327 κρινομένους
913 2260 968 2312 δὲ
999 2260 1101 2311 ὑπὸ
1137 2258 1274 2330 [τοῦ]
1327 2260 1530 2329 Κυρίου
1557 2261 1804 2313 παιδεύε-

227 2351 355 2403 σθαι
412 2351 506 2401 καὶ
545 2351 885 2421 εὐχαρίστως
926 2352 1025 2412 τὰς
1070 2354 1366 2420 ἐπαγωγὰς
1400 2354 1507 2405 τῶν
1539 2352 1804 2420 ἀλγεινῶν

223 2441 511 2511 δέχεσθαιο
549 2442 624 2503 ὼς
682 2442 900 2511 ὁρῶμεν
951 2444 1078 2504 τοὺς
1117 2443 1464 2512 εὐγνώμονας
1496 2443 1604 2495 τῶν
1641 2444 1802 2496 ἀσθε-

224 2533 335 2585 νῶν
362 2533 440 2602 τῷ
463 2532 698 2602 σώματι,
739 2535 860 2600 μεθ’
897 2535 1175 2604 ὑπομονῆς
1216 2537 1309 2596 τὰς
1345 2537 1408 2587 ὲκ
1456 2535 1564 2587 τῶν
1601 2536 1801 2606 ἰατρῶν

221 2623 397 2690 τομὰς
426 2624 665 2684 καὶτοὺς
710 2625 1026 2694 καυστῆρας
1065 2625 1349 2692 φέροντας,
1398 2624 1661 2695 ἐπιθυμία
1703 2627 1802 2693 τῆς

226 2713 425 2774 ἰάσεως
455 2731 468 2742 ·
525 2716 612 2765 ἵνα
664 2716 759 2765 καὶ
795 2716 954 2784 ἡμεῖς
1005 2715 1251 2784 ψυχικῶς
1293 2717 1626 2782 ὑγιαίνοντες
1652 2756 1665 2779 ,
1707 2719 1802 2768 καὶ

223 2804 500 2874 μηδεμίαν
527 2805 662 2875 ὓλην
697 2807 830 2876 πρὸς
865 2811 1074 2877 τροφὴν
1125 2811 1189 2877 τῇ
1251 2808 1446 2879 γεέννῃ
1479 2809 1569 2861 τοῦ
1629 2809 1800 2878 πυρὸς

219 2897 634 2964 ἐπιφερόμενοι,
703 2900 778 2966 μὴ
845 2901 941 2951 σὺν
993 2899 1068 2966 τῷ
1125 2901 1315 2966 κόσμῳ
1351 2897 1795 2968 κατακριθῶμεν,

219 2989 360 3040 ἀλλὰ
415 2989 494 3057 τῷ
541 2990 763 3060 Χριστῷ
825 2990 1060 3053 αἱωνίως
1117 2989 1667 3060 συμϐασιλεύσωμεν.
1730 2985 1799 3060 τῼ

219 3080 424 3147 πρέπει
450 3081 647 3151 [πᾶσα]
678 3081 835 3144 δόξα,
868 3082 1000 3151 τιμὴ
1038 3083 1132 3134 καὶ
1169 3083 1540 3153 προσκύνησις
1604 3081 1801 3152 Ιμεγα-

217 3172 434 3243 λωσῦνη
485 3190 542 3225 τε
576 3175 671 3226 καὶ
716 3174 1185 3245 μεγαλοπρέπεια]
1214 3215 1228 3241 ,
1282 3175 1397 3244 ἅμα
1447 3175 1524 3243 τῷ
1577 3175 1799 3245 ἀνάρχῳ

1914 1992 2220 2054 przrparata
2264 1983 2352 2051 qui
2404 1993 2621 2050 propter
2657 1981 3045 2049 impatientiam
3077 2019 3089 2044 ,
3128 1983 3329 2034 mortis.
3357 1996 3490 2034 cau-

1913 2093 2029 2131 sam
2053 2077 2157 2130 sibi
2188 2077 2509 2136 attulerunt,
2539 2075 2617 2128 vel
2646 2082 3096 2141 eontempserunt
3122 2113 3136 2134 ,
3167 2073 3250 2126 vel
3286 2072 3491 2141 perﬁde

1913 2159 2140 2222 inficiati
2176 2177 2322 2221 sunt.
2345 2167 2502 2231 Quod
2536 2180 2664 2218 vero
2694 2166 2800 2218 illis
2821 2165 2912 2234 qui
2947 2166 3094 2218 circa
3122 2164 3305 2218 sawuli
3357 2179 3490 2216 con-

1913 2262 2331 2316 summationem
2402 2260 2454 2311 in
2513 2260 2650 2311 vivis
2711 2258 2975 2325 comperti
3027 2256 3268 2322 fuerint,
3319 2255 3489 2308 multa

1910 2354 2103 2408 acerba
2136 2353 2406 2415 evenient,
2441 2365 2675 2420 quorum
2715 2351 2981 2403 malorum
3029 2350 3352 2417 prodi-ornos
3396 2358 3490 2400 aut

1912 2446 2176 2515 prooemia
2212 2448 2393 2498 verius
2418 2460 2516 2499 nos
2561 2444 2672 2513 jam
2709 2443 2918 2511 experti
2956 2458 3169 2505 sumus,
3226 2440 3488 2494 Dominus

1910 2539 2027 2604 ipse
2064 2535 2266 2588 dudum
2298 2543 2426 2588 ante
2460 2534 2733 2603 prmdixit.
2769 2533 2823 2586 Si
2859 2548 2988 2603 ergo
3017 2532 3249 2601 judicari
3291 2546 3321 2583 a
3380 2529 3490 2581 Deo

1910 2644 2017 2680 non
2069 2629 2356 2690 volumus,
2427 2641 2526 2679 nos
2559 2627 2707 2694 ipsos
2759 2625 3072 2693 judicemus
3121 2631 3382 2691 oportet:
3427 2619 3492 2675 Si

1910 2718 2251 2784 nosmetipsos
2276 2717 2643 2785 judicarentus
2663 2756 2676 2780 ,
2710 2717 2888 2785 inquit
2915 2715 3227 2782 Apostolus,
3260 2729 3359 2765 non
3382 2715 3492 2766 uti-

1907 2828 2003 2879 que
2029 2811 2397 2879 judicaremur
2427 2810 2491 2860 ²⁰.
2533 2809 2636 2863 Par
2679 2819 2765 2863 est
2811 2823 2942 2877 ergo
2983 2815 3042 2860 ut
3076 2807 3488 2875 resipiscamus,

1908 2902 2167 2969 illataqne
2198 2902 2266 2953 ab
2315 2901 2406 2954 illo
2440 2900 2664 2952 vulnera
2696 2910 2748 2954 et
2799 2900 2971 2952 tristia
3002 2913 3127 2953 cum
3187 2898 3487 2966 gratiarum

1908 2996 2126 3047 actione
2166 2993 2532 3061 suscipiamus
2563 3011 2573 3044 :
2637 2992 3043 3046 sicutvidemus
3075 2991 3321 3043 homines
3344 3003 3491 3058 aegro

1908 3098 2140 3152 corpore
2166 3085 2408 3148 atl‘eetos,
2459 3085 2622 3138 modo
2653 3085 2862 3152 judicio
2912 3082 3160 3138 destituti
3197 3097 3304 3136 non
3355 3082 3483 3146 sint,

1907 3178 2179 3231 seelioncs
2208 3187 2261 3230 et
2291 3178 2630 3242 adustiones,
2660 3192 2782 3246 qua:
2809 3191 2839 3230 a
2869 3177 3092 3229 medicis
3118 3174 3448 3229 adhibentur
3470 3211 3485 3239 ,

219 3263 404 3330 Πατρὶ
438 3266 532 3316 καὶ
562 3265 639 3334 τῷ
662 3267 914 3335 παναγίῳ
951 3267 1230 3336 Πνεῦματι
1252 3307 1265 3328 ,
1319 3266 1411 3318 νῦν
1434 3272 1527 3319 καὶ
1564 3269 1672 3333 ἀεὶ,
1701 3268 1797 3320 καὶ
1827 3241 1868 3297 C
1903 3288 1908 3324 :

1827 3241 1868 3297 θ
1903 3272 2153 3324 sanitatis
2191 3269 2491 3331 desiderio,
2515 3284 2672 3337 aequo
2710 3269 3048 3338 patientique
3079 3268 3264 3320 animo
3309 3264 3487 3333 ferre;

213 3354 297 3416 είς
324 3355 450 3417 τοὺς
476 3357 860 3426 ἁτελευτήτους
883 3357 1085 3419 αἰῶνας
1110 3359 1219 3412 τῶν
1247 3359 1477 3410 αἰώνων.
1512 3361 1685 3428 Αμήν.

1910 3377 2020 3430 quo
2064 3377 2161 3415 nos
2183 3376 2404 3432 quoque
2437 3364 2505 3415 ab
2533 3363 2717 3414 animo
2749 3361 3016 3425 valentes,
3058 3359 3378 3427 nullamque
3416 3358 3483 3411 ad

217 3447 516 3504 fovendum
548 3455 808 3521 gehennae
837 3454 977 3522 ignis
1031 3456 1342 3509 incendium
1399 3458 1683 3510 materiam
1753 3457 2068 3524 afferentes,
2121 3461 2308 3513 mundi
2369 3460 2530 3528 hujus
2577 3459 3093 3512 condemnationem
3147 3458 3484 3523 evadamus;

214 3558 341 3594 cum
374 3543 596 3596 Christo
627 3559 756 3597 vero
781 3545 833 3596 in
860 3561 1021 3598 omne
1053 3563 1227 3599 awum
1267 3546 1450 3600 felices
1498 3565 1823 3616 reguemus;
1887 3567 2048 3620 quem
2097 3553 2250 3604 decet
2314 3552 2492 3604 omnis
2542 3551 2732 3618 gloria,
2788 3559 2843 3602 et
2894 3550 3089 3611 honor,
3135 3555 3189 3601 et
3216 3546 3484 3603 adoratto.

210 3647 269 3690 ct
297 3639 575 3707 maiestas,
618 3648 670 3692 et
707 3640 1129 3707 magniﬁcentia,
1167 3656 1290 3694 cum
1328 3639 1487 3696 Patre
1543 3644 1792 3713 principii
1820 3656 2061 3713 experte,
2126 3654 2180 3698 et
2235 3646 2586 3699 sanctissimo
2633 3645 2862 3714 Spiritu,
2917 3659 3101 3708 nunc,
3157 3652 3211 3696 et
3234 3653 3472 3710 semper,

209 3741 266 3787 et
295 3729 351 3784 in
405 3729 612 3782 intinita
653 3734 849 3784 saecula
880 3736 1224 3804 saeculorum.
1250 3735 1443 3787 Amen.

614 3849 866 3903 ΚΕΦΑΛ.
901 3851 1027 3904 κε’.
1066 3852 1284 3903 ΛΟΓΟΣ
1314 3852 1390 3904 Θ’.

211 3961 357 4029 Περὶ
399 3961 505 4013 τοῦ
557 3963 839 4040 τετάρτου
864 3964 1124 4040 ἀγγέλου
1176 3966 1272 4017 καὶ
1323 3966 1428 4018 τοῦ
1471 3971 1802 4037 σκοτισμοῦ

734 4035 850 4085 τῶν
885 4035 1233 4101 φωστήρων.

284 4184 394 4241 Καὶ
421 4189 453 4240 ὁ
481 4187 759 4255 τέταρτος
791 4189 1048 4258 ἅγγελος
1075 4191 1375 4246 ἐσάλπισε
1396 4212 1408 4224 ο
1449 4195 1546 4247 καὶ
1569 4196 1804 4265 ἐπλήγη

207 4279 281 4333 τὸ
306 4281 510 4346 τρίτον
545 4281 652 4333 τοῦ
684 4281 883 4348 ἡλίου,
917 4285 1013 4337 καὶ
1050 4285 1112 4336 τό
1142 4287 1339 4351 τρίτον
1375 4287 1483 4354 τῆς
1509 4291 1798 4358 σελήνης,

208 4371 310 4424 καὶ
345 4372 409 4423 re
430 4374 632 4437 τρίτον
664 4373 781 4424 τῶν
797 4374 1086 4442 ἀστέρων,
1123 4376 1221 4428 ἵνα
1256 4379 1551 4446 σκοτισθῇ
1581 4382 1644 4432 τὸ
1675 4385 1795 4450 τρί-

208 4480 322 4514 τον
344 4462 568 4523 αὐτῶν,
607 4465 703 4515 καὶ
733 4467 768 4531 ἡ
807 4467 993 4532 ἡμέρα
1017 4468 1100 4536 μὴ
1131 4470 1316 4536 φαίνῃ
1359 4471 1446 4542 [τὸ
1477 4475 1673 4539 τρίτον
1693 4479 1796 4528 αὺ-

205 4552 382 4625 τῆςῙ,
414 4556 508 4606 καὶ
539 4557 573 4621 ἡ
608 4556 723 4619 νὺξ
742 4560 976 4625 ὅμοίως.

294 4645 608 4715 Ἦγούμεθα
671 4651 908 4719 συγγενῆ
963 4653 1057 4705 καί
1123 4654 1295 4708 ταῦτα
1341 4659 1457 4719 τοῖς
1507 4658 1656 4727 παρὰ
1699 4660 1792 4713 τοῦ

219 4738 378 4808 Ἰωήλ
417 4739 728 4808 εἰρημένοις
763 4744 893 4811 περὶ
924 4743 1077 4812 ἡλίου
1132 4748 1224 4798 καὶ
1257 4749 1509 4820 σελήνης,
1550 4753 1663 4813 τοῖς
1693 4752 1792 4822 ήδη

208 4828 594 4897 προεκτεθεῖσι
622 4829 763 4882 κατὰ
800 4832 900 4899 τὴν
942 4835 1278 4906 Δεσποτικὴν
1314 4839 1440 4908 περὶ
1469 4839 1568 4908 τῆς
1602 4857 1792 4893 συντε-

205 4917 358 4976 λείας
399 4917 692 4984 ἁπ-ὅιρασιν.
753 4921 937 4990 Φαμὲν
983 4922 1040 4974 δὲ
1092 4922 1189 4977 διὰ
1249 4927 1353 4980 τοῦ
1416 4930 1616 4996 τρίτου
1675 4929 1792 4982 τῶν·

205 5009 544 5077 domat-iocor
577 5026 640 5062 τε
667 5012 763 5065 καὶ
794 5013 1066 5082 ἀστέρων
1132 5017 1191 5069 τὸ
1222 5019 1400 5087 τρίτον
1440 5022 1536 5090 τῆς
1581 5023 1791 5091 ἡμέρας

207 5114 266 5148 τε
332 5098 428 5150 καὶ
484 5096 624 5169 [τῆς]
660 5101 854 5165 νυκτὸς
896 5103 1188 5172 δηλοῦσθαι
1243 5109 1516 5181 διάστημα
1545 5130 1557 5142 ’
1604 5114 1678 5176 ὡς
1726 5113 1791 5166 ἂν

208 5188 471 5255 γνοίημεν
499 5190 578 5241 ὅτι
613 5192 732 5244 οὐδὲ
777 5194 894 5246 τότε
922 5197 1158 5267 ἄκρατον
1194 5202 1222 5252 ὀ
1260 5201 1394 5264 Θεὸς
1448 5205 1644 5270 ἐπάγει
1691 5206 1789 5274 τὴν

209 5281 456 5332 κάκωσιν
486 5297 500 5310 ο
533 5283 666 5337 ἀλλὰ
701 5286 761 5338 τὸ
786 5289 969 5357 τρίτον
998 5291 1091 5343 τοῦ
1117 5295 1368 5360 χρονικοῦ
1422 5296 1789 5366 διαστήματος

210 5376 518 5442 συγχωρῶν
541 5379 666 5441 τοὺς
699 5382 1048 5450 πεπληγότας
1085 5386 1434 5454 ἀλγύνεσθαι,
1490 5391 1789 5460 λεληθότως

206 5466 430 5529 τούτους
462 5471 774 5538 παρακαλεί
808 5475 950 5528 κατὰ
981 5477 1041 5529 τὸ
1078 5477 1263 5531 πλεῖον
1308 5482 1474 5551 μέρος
1505 5483 1567 5535 τὸ
1601 5485 1788 5536 λειπό-

207 5574 403 5625 μενον·
439 5560 520 5622 τίς
557 5562 665 5634 γὰρ
692 5564 830 5618 οίσει
860 5567 921 5618 τὸ
978 5571 1237 5641 ποτήριον
1269 5571 1369 5643 τῆς
1425 5573 1573 5638 θείας
1621 5575 1788 5647 ὀργῆς

204 5665 446 5719 ακρατον
469 5669 483 5716 ;

278 5825 320 5854 ι’
355 5824 458 5878 Is».
500 5842 614 5889 xxv,
653 5828 737 5884 l2.
799 5831 843 5861 ⁹⁰
875 5829 893 5882 l
924 5832 1050 5887 Cor.
1096 5851 1169 5900 xl,
1196 5836 1284 5890 51.

2255 3843 2485 3900 CAPUT
2535 3843 2702 3897 XXV.
2785 3842 3016 3897 SERth
3067 3842 3160 3897 IX.

1974 3960 2050 4015 De
2078 3971 2268 4031 quarto
2297 3959 2503 4030 angelo,
2540 3967 2587 4012 et
2613 3956 2959 4010 luminarium
2991 3955 3380 4010 obscuratione.

1997 4179 2115 4243 Illl,
2147 4181 2229 4233 12.
2269 4188 2331 4231 tat
2359 4188 2580 4249 quartus
2607 4178 2821 4247 angelus
2857 4177 2981 4230 tuba
3019 4178 3248 4240 cecinit;
3273 4186 3323 4230 et
3359 4194 3482 4247 per-

1906 4287 2059 4324 cussa
2087 4283 2162 4324 est
2193 4271 2350 4323 tertia
2389 4285 2513 4338 pars
2545 4271 2696 4330 solis.
2747 4278 2796 4321 et
2846 4269 3004 4322 tertia
3061 4284 3188 4336 pars
3224 4268 3386 4332 lunw,
3429 4279 3478 4321 et

1906 4362 2065 4414 tertia
2094 4377 2217 4429 pars
2241 4361 2551 4423 stellarum;
2581 4361 2656 4412 ita
2677 4369 2732 4412 ut
2757 4359 3132 4412 obscuraretur
3170 4361 3327 4412 tertia
3352 4375 3480 4428 pars

1899 4472 2100 4516 eorum,
2136 4465 2182 4507 et
2214 4456 2319 4508 diei
2364 4471 2464 4507 non
2495 4453 2688 4506 luceret
2717 4469 2839 4520 pars
2870 4454 3027 4506 tertia
3049 4492 3064 4515 ,
3096 4462 3143 4505 et
3201 4452 3370 4505 noctis
3405 4452 3479 4506 εἰ·

1827 4553 1870 4606 1)
1900 4549 2118 4602 militer.

1971 4639 2318 4693 Arbitramur
2353 4641 2465 4694 hare
2493 4653 2713 4708 quoque
2774 4637 2882 4691 illis
2914 4648 3140 4704 cognata
3182 4650 3304 4691 esse
3353 4652 3478 4706 qua:

1902 4733 1966 4785 de
2006 4732 2122 4784 sole
2173 4741 2226 4785 et
2279 4731 2406 4784 luna
2449 4741 2503 4785 et
2560 4733 2844 4797 utriusque
2893 4729 3281 4782 obscuratione
3333 4729 3476 4797 apud

1902 4823 2447 4893 pr0plietamJoelem
2497 4825 2785 4890 leguntur;
2815 4838 2936 4893 qua:
2967 4823 3137 4876 multo
3183 4831 3307 4876 ante
3361 4821 3472 4875 Do-

1902 4918 2154 4969 minicam
2216 4916 2281 4968 de
2338 4916 2521 4970 swculi
2601 4918 3069 4969 consuuuuatioue
3147 4915 3472 4968 sententiam

1903 5010 2152 5076 praedicta
2188 5007 2360 5061 inisse
2400 5016 2634 5061 constat.
2671 5006 2768 5059 Per
2798 5006 3007 5058 tertiam
3037 5016 3215 5059 autem
3236 5005 3469 5057 luminu-

1900 5103 2036 5153 rium
2083 5109 2129 5153 et
2161 5100 2433 5152 stellarum
2486 5108 2687 5166 partem
2741 5096 2962 5150 tertium
3019 5096 3124 5149 diei
3184 5103 3239 5148 et
3290 5096 3470 5149 noetis

1894 5195 2126 5262 spatium
2189 5194 2481 5259 signiﬁcari
2540 5200 2834 5259 putamus:
2894 5197 2950 5242 ut
3001 5189 3128 5242 hine
3183 5189 3465 5242 discamus

1892 5300 2067 5355 neque
2103 5295 2230 5338 tunc
2287 5298 2508 5353 quoque
2551 5281 2720 5336 Deum
2770 5296 2984 5350 pinnam
3029 5280 3208 5334 omnis
3255 5280 3466 5333 miscri-

1889 5376 2089 5429 cordiae
2141 5385 2414 5443 expertem
2461 5375 2788 5426 illatnrum:
2847 5386 3022 5441 neque
3075 5371 3220 5423 enim
3276 5370 3364 5422 die
3413 5380 3466 5423 et

1891 5479 2050 5521 nocte
2085 5478 2192 5522 tota
2228 5468 2502 5522 sauciatos
2542 5465 2700 5534 anlsgi
2735 5467 3002 5533 patietur,
3034 5463 3124 5517 sed
3153 5462 3309 5516 tertia
3342 5473 3462 5516 tan-

1891 5573 2042 5630 ιιιιιι,
2101 5565 2202 5618 hoc
2241 5574 2323 5616 est
2375 5561 2570 5615 minori
2613 5558 2926 5628 temporarii
2958 5557 3224 5610 intervalli
3261 5567 3410 5622 parte
3446 5574 3459 5609 :

1892 5675 1986 5728 per
2023 5661 2167 5714 illam
2204 5657 2593 5729 indulgentiam
2630 5668 3026 5726 pomorumque
3067 5650 3461 5706 relaxatiouetu
