4276 6438
827 405 936 466 295

1989 401 2315 462 ΑΝῡΒΕιΕ
2356 402 2874 463 (ΣίἘΞΑΗΙΕΝΒΙΞ

3970 405 4080 469 296

826 519 891 570 ad
921 513 1353 582 resipiscentiam
1387 515 1546 566 tacite
1592 528 1688 569 eos
1733 527 2056 584 provocans.
2090 515 2223 580 Quis
2255 515 2400 568 enim
2445 516 2642 570 divina:
2689 517 2781 570 irze
2830 516 3052 570 calicem
3097 513 3338 586 perferre
3397 525 3602 585 posset,
3659 515 3704 570 si
3765 529 3920 585 pure,
3974 517 4080 571 hoc

824 619 927 663 est.
964 607 1111 659 nulla
1145 603 1429 659 clementia
1464 613 1821 675 temperatus,
1864 606 2230 676 propinetnr?

897 699 1007 769 38
1036 697 1169 761 VIII,
1224 696 1309 748 15.
1365 696 1430 748 Et
1474 697 1599 760 vidi,
1657 705 1705 750 et
1767 697 1948 749 audivi
2011 714 2182 751 vocem
2244 699 2472 758 uniusA
2574 701 2586 749 l

2386 714 2398 750 ς
2430 703 2472 758 Α
2574 694 2682 749 Kal
2713 695 2950 763 ἤκουσα
2967 693 3105 760 ἐνὸς
3125 693 3384 762 ἀγγέλου
3409 693 3740 761 πετομένου
3770 693 3841 746 ἐν
3857 711 4075 763 μεσου.

827 791 1022 860 aguila’
1053 788 1277 842 rolantis
1324 803 1415 855 per
1467 788 1694 840 medium
1738 788 1875 853 ca‘li,
1919 789 2143 842 dicentis
2173 786 2395 860 [Aliter,

827 899 987 933 iniunt
1015 879 1256 948 angelum
1289 880 1548 932 volantem
1581 895 1674 946 per
1705 879 1933 932 medium
1958 881 2095 944 carli,
2119 879 2399 952 dicentem]

828 989 943 1024 race
983 988 1206 1037 magna:
1249 970 1358 1033 ιἰιι.
1387 987 1480 1032 rte,
1509 987 1603 1033 me,
1638 971 2000 1025 habitantibus
2037 973 2090 1025 in
2143 984 2306 1035 terra,
2339 975 2404 1026 de

825 1065 1028 1117 ca'teris
1055 1064 1264 1117 vocibus
1299 1067 1458 1115 trium
1495 1065 1804 1133 angelorum
1841 1067 1931 1133 qui
1980 1075 2128 1118 erant
2161 1069 2286 1118 tuba
2317 1084 2403 1119 ca-

826 1159 1012 1212 nituri.

899 1248 976 1302 Ex
1011 1249 1094 1301 his
1128 1264 1344 1319 quoque
1402 1250 1670 1305 discimus
1705 1259 1908 1319 quanta
1943 1249 2251 1302 divinorum
2305 1265 2403 1302 au-

829 1340 1072 1408 gelorum
1120 1342 1193 1394 sit
1237 1342 1539 1404 miseratio,
1576 1350 1888 1409 quantaque
1917 1341 2230 1394 eorumdem
2277 1356 2403 1410 erga

830 1431 1084 1485 homines
1124 1431 1455 1484 humanitas.
1507 1431 1718 1484 Etenim
1776 1431 1842 1484 ad
1906 1431 1996 1484 Dei
2047 1432 2404 1485 imitationem

829 1522 1051 1575 miseret
1087 1536 1181 1574 eos
1216 1523 1522 1585 hominum,
1557 1524 1649 1590 qui
1685 1523 1879 1576 durius
1924 1531 2147 1591 propter
2189 1531 2406 1592 peccata

826 1612 1218 1679 excipiuntur;
1278 1613 1449 1666 multo
1501 1628 1629 1666 vero
1685 1614 1860 1680 magis
1922 1613 2164 1675 illorum,
2202 1613 2294 1682 qui
2342 1626 2409 1666 ne

827 1703 1002 1771 plagis
1031 1703 1251 1772 quidem
1305 1704 1550 1756 suaviter
1582 1705 1844 1758 admoniti
1872 1744 1887 1769 ,
1919 1703 2280 1758 emendantur
2307 1720 2320 1756 :
2354 1703 2407 1756 in

826 1808 968 1861 quos
1021 1793 1104 1845 vel
1135 1794 1376 1846 maxime
1407 1793 1584 1860 ipsum
1621 1791 1713 1847 Va:
1769 1793 2038 1862 quadrat;
2092 1803 2151 1846 ut
2201 1794 2295 1864 qui
2353 1794 2406 1846 in

827 1894 971 1938 terra
1002 1885 1202 1954 degant
1232 1895 1286 1940 et
1323 1897 1538 1941 terrena
1572 1896 1780 1941 tantum
1813 1888 2058 1956 sapiant;
2100 1897 2154 1941 et
2190 1902 2407 1942 cunmm

826 1981 1015 2033 verius
1044 1990 1098 2033 et
1127 1980 1426 2048 pulverem,
1457 1995 1620 2049 quam
1647 1995 1813 2035 suave
1851 1992 2188 2050 unguentum
2221 2022 2236 2047 ,
2266 1981 2407 2050 quod

2500 785 2796 856 ρανήματι
2823 827 2838 850 ,
2871 786 3159 853 λέγοντος
3188 784 3356 855 φωνῇ
3396 785 3632 854 μεγάλῃ
3659 800 3672 814 ·
3712 786 3879 848 Οὐαὶ,
3921 788 4082 852 οὐαὶ,

2505 877 2642 932 οὐαί
2679 877 2804 942 τοῖς
2842 877 3235 930 κατοικοῦσιν
3270 877 3366 929 ἐπὶ
3397 875 3504 943 τῆς
3535 876 3648 946 γῆς
3685 877 3756 929 ἐκ
3792 877 3911 930 τῶν
3953 883 4084 932 λοι-

2505 968 2636 1022 πῶν
2663 968 2879 1038 φωνῶν
2911 969 3021 1037 τῆς
3047 969 3388 1038 σάλπιγγος
3431 967 3550 1022 τῶν
3593 967 3771 1036 τριῶν
3811 969 4089 1039 ἀγγέλων

2506 1062 2624 1115 τῶν
2641 1063 2991 1130 μελλόντων
3018 1060 3348 1122 σαλπίζειν.

2584 1245 2730 1298 Οὐαὶ
2758 1243 2873 1307 τοῖς
2899 1245 3286 1298 κατοικοῦσιν
3302 1241 3401 1295 ἐπί
3437 1241 3552 1309 τῆς
3579 1241 3709 1313 γῆς.
3729 1243 3840 1296 Καὶ
3857 1242 4080 1297 διὰτούο

2508 1353 2616 1389 των
2637 1338 2697 1389 τὸ
2732 1336 3014 1406 συμπαθὲς
3041 1337 3135 1389 καὶ
3159 1334 3540 1405 φιλάνθρωπον
3565 1335 3673 1387 τῶν
3714 1334 3873 1387 θείων
3911 1336 4086 1402 ἀγγέ-

2508 1429 2616 1482 λων
2667 1429 2961 1482 δείκνυταιο
2993 1428 3342 1497 θεομιμήτως
3392 1425 3772 1494 οἰκτειρόντων
3829 1425 4085 1478 παιδευο-

2513 1520 2706 1590 μένους
2735 1520 2860 1581 τοὶις
2898 1516 3394 1588 πλημμελήσαντας
3415 1531 3428 1544 ·
3462 1515 3640 1585 πολλῷ
3663 1517 3720 1568 δὲ
3755 1515 3916 1568 πλέον
3957 1514 4087 1578 τοὺς

2514 1612 2648 1684 μηδὲ
2676 1614 2796 1674 ταῖς
2833 1609 3054 1680 μάστιξι
3105 1609 3241 1680 πρὸς
3269 1610 3602 1681 ἐπιστροφὴν
3633 1609 3928 1679 βλέποντας
3954 1627 3969 1641 ο
4007 1605 4088 1673 οἷς

2513 1702 2653 1777 [καὶ]
2688 1703 2925 1774 μάλιστα
2957 1703 3018 1756 τὸ
3051 1703 3190 1756 Οὐαὶ
3215 1702 3442 1772 ἁρμόζει
3464 1719 3477 1731 ·
3507 1703 3582 1765 ώς
3617 1704 3711 1756 ἐπὶ
3741 1702 3843 1771 γῆς
3875 1702 4086 1756 οἰκοῦσι

2511 1796 2603 1848 καὶ
2629 1795 2884 1865 φρονοῦσι
2908 1793 2973 1847 τὰ
3005 1795 3192 1864 γήϊνα,
3241 1795 3335 1847 καὶ
3389 1795 3518 1865 χοῦν
3544 1795 3666 1849 ἀντὶ
3713 1793 3809 1847 τοῦ
3847 1797 4077 1848 ὲκκενω·

2512 1887 2693 1950 θέντος
2723 1885 2892 1956 μύρου
2920 1885 2988 1939 δι’
3017 1886 3164 1957 ἡμᾶς
3197 1886 3440 1940 πνέουσι.
3472 1886 3596 1950 Τοῖς
3632 1885 3739 1957 γὰρ
3777 1887 3837 1938 ἐν
3873 1886 4089 1956 οὐρανῷ

2513 1981 2697 2051 ἔχουσι
2747 1979 2808 2032 τὸ
2843 1979 3144 2050 πολίτευμα
3172 1978 3396 2050 ἀφορμὴ
3423 1979 3493 2032 τὰ
3532 1979 3772 2052 δυσχερῆ
3809 1980 4096 2049 στεφάνων

829 2076 1000 2128 nostri
1037 2089 1200 2127 causa
1237 2074 1492 2129 Christus
1552 2073 1770 2128 effudit.
1833 2072 2004 2128 Porro
2065 2082 2270 2137 autem,
2311 2074 2402 2143 qui
2438 2074 2476 2127 Β
2508 2091 2518 2125 ι

1864 2077 2004 2128 ’orro
2065 2082 2270 2137 autem,
2311 2074 2402 2143 qui
2438 2074 2476 2127 Β
2508 2073 2839 2144 ἁμαρέιντων
2875 2072 2968 2125 καὶ
3000 2071 3266 2142 βραϐείων
3299 2073 3553 2140 γίνονται.

829 2182 984 2219 suam
1013 2167 1485 2220 conversationem
1540 2167 1593 2220 in
1647 2166 1803 2221 cmlis
1859 2167 2076 2230 habent,
2129 2167 2198 2220 iis
2260 2166 2435 2221 tristia
2493 2181 2691 2234 resque
2748 2166 2988 2220 adversa:
3052 2165 3414 2219 immortalem
3498 2180 3757 2220 coronam
3815 2163 4086 2236 amplissi-

827 2275 1029 2330 maque
1047 2260 1270 2330 praemia
1303 2259 1620 2314 conciliant.

1386 2374 1619 2431 CAPUT
1680 2374 1870 2431 XXVI.

828 2497 906 2549 De
955 2493 1138 2564 quinto
1191 2491 1412 2562 angelo,
1463 2492 1799 2562 mysticisqtte
1848 2491 2102 2556 locustis,
2143 2507 2206 2544 ac
2257 2492 2405 2544 raria

1340 2565 1642 2616 earumdem
1670 2565 1862 2631 farina.

901 2681 993 2746 IX,
1035 2681 1147 2734 1-5.
1181 2677 1248 2730 Et
1283 2678 1500 2746 quintus
1550 2676 1768 2745 angelus
1800 2675 1922 2729 tuba
1949 2677 2133 2728 cecinit
2163 2691 2182 2729 :
2219 2684 2264 2728 et
2305 2674 2410 2728 vidi

831 2776 1037 2828 stellam
1076 2778 1139 2826 tle
1165 2772 1292 2825 caelo
1344 2771 1593 2824 cecidisse
1631 2770 1680 2822 in
1725 2779 1959 2836 terram;
1999 2779 2048 2823 et
2086 2769 2213 2822 data
2251 2782 2324 2823 est
2363 2770 2409 2822 ei

831 2870 997 2922 clavis
1028 2867 1171 2937 putei
1197 2865 1396 2934 abyssi,
1425 2875 1473 2917 et
1502 2865 1706 2932 aperuit
1743 2875 1957 2931 puteum
1989 2863 2188 2933 abyssi,
2228 2872 2277 2916 et
2322 2880 2410 2915 as-

831 2961 1003 3014 cendit
1035 2959 1209 3026 fumus
1245 2956 1409 3025 putei,
1441 2957 1576 3009 sicut
1601 2956 1777 3022 furnus
1805 2957 2036 3024 fornacis
2078 2971 2281 3024 magna:
2313 2973 2329 3019 ;
2361 2966 2410 3008 et

831 3056 1141 3107 obscuratus
1172 3061 1247 3104 est
1276 3049 1354 3102 sol
1393 3057 1441 3102 et
1475 3065 1565 3101 aer
1594 3050 1656 3101 de
1685 3049 1828 3117 fumo
1866 3049 2054 3118 putei;
2089 3058 2135 3100 et
2168 3052 2231 3100 de
2262 3049 2407 3116 [atrio

832 3147 1079 3201 exierunt
1113 3144 1331 3196 locusta:
1359 3142 1410 3195 in
1437 3152 1632 3195 terram
1654 3158 1672 3205 ;
1693 3153 1741 3196 et
1773 3141 1901 3195 data
1926 3149 2000 3195 est
2030 3142 2136 3194 illis
2159 3150 2408 3210 potestas,

833 3241 970 3292 sicut
997 3237 1184 3291 habent
1213 3243 1522 3304 potestatem
1571 3237 1870 3303 scorpiones
1913 3245 2067 3289 terra:
2090 3251 2108 3288 :
2143 3243 2189 3287 et
2215 3251 2410 3303 prtere-

832 3341 981 3400 ptum
1009 3339 1084 3383 est
1111 3328 1241 3388 illis,
1275 3343 1335 3380 ne
1368 3325 1614 3380 (arderent
1651 3327 1827 3394 fenum
1871 3335 2046 3387 terrrr,
2080 3341 2239 3391 neque
2267 3340 2416 3377 omne

3091 2370 3340 2424 ΚΕΦΑΛ.
3381 2369 3524 2438 Kq'.

2514 2487 2655 2556 Περὶ
2677 2485 2780 2540 τοῦ
2804 2485 3078 2556 πέμπτου
3105 2486 3367 2554 ἀγγέλου
3391 2484 3484 2556 καὶ
3519 2483 3635 2536 τῶν
3663 2485 3898 2556 νοητῶν
3926 2485 4098 2556 ἀκρί-

2619 2556 2760 2623 δων,
2777 2553 3003 2610 καὶτοῦ
3035 2557 3315 2609 ποικίλου
3352 2553 3460 2622 τῆς
3487 2553 3725 2623 μορφῆς
3753 2556 3976 2610 αὐτῶν.

2582 2672 2691 2726 Καὶ
2744 2676 2777 2725 ό
2823 2671 3091 2741 πέμπτος
3136 2669 3392 2740 ἄγγελος
3430 2669 3733 2724 ἐσάλπισε
3765 2688 3779 2700 ·
3811 2665 4100 2724 καίεῖδον

2512 2763 2738 2831 ἀστέρα
2771 2763 2840 2816 ἐκ
2868 2763 2974 2816 τοῦ
3005 2761 3266 2829 οὐρανοῦ
3297 2763 3646 2814 πεπτωκότα
3679 2763 3767 2827 εις
3797 2763 3913 2828 τὴν
3940 2761 4087 2830 γῆν·

2512 2861 2609 2914 καὶ
2627 2858 2802 2924 ἐδόθη
2823 2855 2983 2921 αὐτῷ
3001 2855 3038 2922 ἠ
3063 2855 3228 2921 κλεὶς
3244 2855 3350 2910 τοῦ
3373 2856 3624 2923 φρέατος
3648 2854 3754 2923 τῆς
3775 2853 4058 2910 ἀϐύσσου
4076 2867 4091 2880 ⁸

2511 2953 2606 3006 καί
2643 2950 2849 3018 ἤνοιξε
2881 2952 2946 3002 τὸ
2985 2949 3173 3017 φρέαρ
3206 2946 3316 3014 τῆς
3371 2947 3649 3002 ἀϐύσσου
3674 2964 3690 2979 ·
3751 2947 3846 3000 καί
3907 2947 4101 3012 ἀνέεη

2515 3042 2748 3106 καπνὸς
2772 3042 2840 3094 ἐκ
2874 3040 2982 3094 τοῦ
3019 3040 3277 3109 φρέατος
3303 3040 3384 3104 ώς
3416 3036 3651 3100 καπνὸς
3699 3039 3956 3106 καμίνου
3995 3055 4103 3107 μευ

2518 3135 2741 3206 γάλης·
2784 3133 2884 3187 καὶ
2906 3133 3239 3198 ἐσκοτίσθη
3279 3134 3312 3185 ὁ
3346 3130 3518 3198 ἥλιος
3554 3128 3653 3182 καὶ
3685 3131 3719 3182 ὁ
3749 3128 3867 3195 ἀὴρ
3895 3129 3964 3181 ἐκ
3989 3130 4099 3183 τοῦ

2520 3225 2755 3280 καπνοῦ
2775 3224 2881 3278 τοῦ
2911 3224 3187 3294 φρέατος·
3217 3223 3316 3277 καί
3344 3224 3411 3276 ἐκ
3438 3223 3544 3276 τοῦ
3572 3220 3807 3275 καπνοῦ
3832 3219 4102 3288 ἐξῆλθον

2521 3318 2761 3386 ἀκρίδες
2795 3320 2880 3383 εἰς
2919 3316 3035 3384 τὴν
3053 3315 3190 3385 γῆν,
3236 3316 3334 3370 καὶ
3382 3315 3560 3380 ἐδόθη
3604 3312 3814 3379 αὑταῖς
3844 3312 4101 3376 ἐξουσία

834 3420 1020 3483 viride,
1050 3434 1212 3488 neque
1241 3433 1446 3471 onmem
1479 3417 1742 3480 arborem,
1791 3418 1891 3470 nisi
1919 3427 2126 3470 tantum
2157 3417 2408 3481 homines,
2441 3403 2483 3459 (ἶ
2516 3435 2523 3462 ι

2441 3403 2483 3459 C
2516 3412 2595 3476 ὡς
2623 3412 2875 3480 ἔχουσιν
2908 3409 3200 3473 ἐξουσίαν
3240 3411 3295 3460 ol
3330 3406 3609 3475 σκορπίοι
3642 3404 3752 3472 τῆς
3807 3403 3938 3473 τῆς.
3988 3405 4097 3457 Καὶ

830 3512 920 3580 qui
974 3526 1076 3562 non
1131 3509 1321 3562 habent
1372 3511 1580 3578 signant
1624 3507 1719 3561 Dei
1777 3510 1830 3560 in
1888 3508 2148 3575 frontibus
2176 3508 2328 3560 suis:
2361 3516 2408 3558 et

832 3605 1020 3654 datum
1051 3611 1126 3655 est
1154 3601 1267 3654 illis
1294 3617 1354 3654 ne
1382 3599 1675 3653 occiderent
1705 3616 1814 3665 eos,
1839 3600 1927 3653 sed
1959 3613 2014 3652 ut
2041 3600 2411 3652 cruciarentur

833 3693 1097 3746 mensibus
1130 3694 1354 3761 quinque
1387 3707 1403 3744 :
1437 3702 1485 3744 et
1520 3695 1786 3745 cruciatus
1809 3708 2008 3754 eorum,
2042 3701 2098 3744 ut
2145 3691 2409 3743 cruciatus

834 3786 1052 3853 scorpii,
1095 3801 1213 3836 cum
1248 3785 1466 3852 perculit
1492 3785 1770 3838 hominem.

2514 3504 2726 3574 ἐρρέθη
2754 3501 2963 3566 αὑταῖς
2992 3503 3094 3555 ἵνα
3115 3501 3200 3569 μὴ
3227 3499 3566 3563 ἀδικήσωσι
3602 3499 3708 3551 τὸν
3738 3499 3959 3566 χόρτον
3987 3493 4096 3562 τῆς

2518 3596 2651 3668 γῆς,
2674 3595 2817 3649 οὐδὲ
2845 3593 2967 3650 πᾶν
2998 3594 3256 3664 χλωρὸν,
3291 3591 3434 3646 οὐδὲ
3455 3589 3579 3646 πᾶν
3612 3589 3868 3656 δένδρον
3891 3604 3905 3617 ·
3936 3589 3986 3641 εί
4010 3589 4098 3656 μὴ

2517 3692 2660 3757 τοὺς
2687 3691 3038 3756 ἀνθρώπους
3077 3687 3296 3750 οἵτινες
3328 3686 3439 3737 οὐκ
3485 3684 3698 3750 ἔχουσι
3752 3680 3866 3748 τὴν
3906 3696 4102 3749 σφρα-

2519 3783 2649 3851 τῒδα
2678 3781 2806 3853 [τοῦ
2837 3779 3008 3850 Θεοῦ]
3041 3779 3140 3831 ἐπὶ
3177 3776 3295 3830 τῶν
3339 3776 3627 3844 μετώπων
3670 3771 3938 3845 [αὺτῶ7].
3989 3769 4103 3826 Καὶ

831 3876 1011 3943 ἐδόθη
1044 3875 1253 3940 αὑταῖς
1281 3875 1380 3927 ira
1416 3875 1502 3944 μὴ
1528 3876 1967 3929 ἀποκτείνωσιν
2025 3875 2274 3939 αὐτούς’
2309 3873 2448 3927 ἀλλ’
2512 3873 2614 3926 ἵνα
2635 3868 3060 3936 βασανισθῶσι
3103 3865 3299 3940 μῆνας
3372 3865 3550 3917 πέντε
3579 3880 3593 3894 ο
3663 3864 3761 3916 καί
3826 3865 3859 3916 ὁ
3902 3863 4100 3927 ﬂava-

833 3971 1051 4040 νισμὸς
1089 3970 1287 4024 αὐτῶν
1342 3972 1422 4034 ὠς
1459 3970 1851 4039 ,ϐασανισμὸς
1901 3971 2231 4036 σκορπίου,
2283 3967 2429 4022 ὅταν
2464 3969 2653 4036 παίσῃ
2691 3967 3026 4036 ἄνθρωπον.

907 4064 1151 4130 Stellam,
1171 4081 1293 4135 quae
1311 4065 1397 4119 hic
1424 4067 1474 4118 in
1503 4074 1726 4130 terram,
1753 4081 1948 4135 nempe
1970 4065 2022 4118 in
2049 4065 2238 4119 vallem
2259 4063 2420 4119 Josa-

836 4157 990 4225 pltat,
1023 4170 1144 4224 qua:
1193 4170 1298 4208 una
1332 4171 1397 4208 ex
1449 4157 1705 4209 omnibus
1760 4157 1826 4208 ad
1869 4154 2194 4209 universalis
2228 4153 2418 4223 iudicii

848 4264 1006 4303 usum
1046 4249 1254 4318 reliqua
1311 4247 1422 4313 lict,
1474 4249 1698 4317 delapsa
1737 4249 2025 4313 asseritttr,
2058 4247 2280 4318 quidam
2325 4245 2420 4301 Dei

847 4339 1096 4410 angelum
1117 4340 1293 4409 plenis
1321 4339 1628 4408 irrogantlis
1652 4339 1964 4407 praelectum
1989 4353 2110 4392 esse
2127 4338 2416 4392 dixerunt:

842 4443 1054 4500 puteum
1097 4446 1225 4485 γυτο
1265 4430 1476 4499 abyssi,
1511 4431 1814 4500 gehennam
1837 4449 1852 4496 ;
1879 4429 2079 4500 fumum
2103 4438 2285 4485 autem
2321 4431 2415 4500 qui

841 4525 968 4578 inde
1002 4527 1265 4577 continuo
1315 4523 1573 4586 exhalat,
1624 4538 1721 4576 sua
1765 4523 2093 4578 obscuritate
2158 4524 2326 4577 solem
2362 4532 2417 4577 et

837 4630 1015 4668 aerem
1055 4616 1404 4668 tenebrosum
1466 4622 1520 4668 et
1571 4615 1729 4683 quasi
1787 4613 2228 4683 inaspectabilem
2311 4615 2416 4668 illis

836 4709 1086 4769 reddere,
1116 4708 1208 4776 qui
1241 4707 1461 4760 aeternis
1483 4707 1816 4762 cruciatibus
1841 4705 2040 4761 addicti
2073 4716 2220 4761 sunt.
2240 4705 2415 4760 Locu-

835 4811 946 4853 stas
981 4814 1171 4868 porro,
1205 4813 1423 4852 vermes
1455 4798 1576 4850 illos
1607 4799 1672 4850 de
1699 4799 1896 4866 quibus
1924 4799 2180 4868 propheta
2213 4798 2314 4852 ait:
2348 4797 2416 4850 Et

838 4894 1025 4946 rermis
1065 4908 1244 4945 eorum
1301 4907 1405 4944 non
1447 4893 1670 4944 moritur
1700 4893 1766 4944 ".
1819 4891 1944 4945 Ideo
1972 4902 2153 4946 autem
2191 4892 2417 4947 locustis

839 4986 946 5038 illis
979 4984 1256 5036 mandavit
1296 4999 1361 5037 ne
1391 4993 1590 5037 terram
1622 4995 1714 5037 aut
1747 4982 1952 5038 [mnum
1985 4983 2287 5050 offendant,
2325 4987 2417 5040 sed

838 5077 1094 5131 homines
1121 5083 1331 5128 tantum
1362 5113 1378 5139 ,
1416 5077 1560 5146 quod
1596 5077 1785 5131 isthmc
1805 5077 1917 5146 jam
1948 5085 2065 5131 tum
2095 5079 2164 5132 ab
2197 5079 2415 5132 interitu

837 5179 889 5223 et
929 5168 1283 5236 corruptione
1343 5167 1606 5222 immania
1662 5178 1846 5232 erunt,
1904 5170 1992 5223 cui
2030 5171 2129 5224 hoc
2177 5180 2418 5240 tempore

841 5260 1012 5315 nostri
1039 5275 1210 5314 causa
1242 5261 1481 5315 obnoxia
1514 5272 1640 5314 sunt
1666 5280 1678 5314 :
1709 5277 1906 5316 menses
1925 5263 2161 5334 denique
2191 5266 2418 5334 quinque

841 5354 1126 5408 insinuare
1167 5353 1472 5408 inferorum
1508 5355 1686 5425 poenis
1722 5355 1973 5420 traditos,
2022 5356 2171 5410 brevi
2199 5358 2418 5426 quidem

837 5445 1221 5514 praetiuitoque
1291 5453 1537 5516 tempore
1579 5446 1850 5500 intensius
1879 5446 2237 5513 cruciandos;
2297 5456 2421 5517 post

838 5535 970 5589 illud
1000 5548 1126 5586 vero
1184 5544 1464 5603 exactum,
1520 5534 1829 5602 remissius,
1892 5536 1944 5590 in
1981 5550 2200 5590 omnem
2239 5546 2420 5590 tamen

836 5623 1226 5680 aateruitatem.
1283 5625 1398 5697 Ego
1469 5636 1651 5682 autem
1733 5642 1841 5683 una
1881 5643 2008 5683 cum
2067 5628 2170 5685 illis
2212 5627 2419 5697 fateor,

913 5806 956 5836 "
992 5805 1095 5861 Isa.
1126 5819 1272 5870 Lm,
1295 5805 1385 5861 ιιι.

2603 4063 2862 4130 Ἀστέρα
2904 4062 3047 4123 τινὲς
3073 4060 3283 4131 ἔφησαν
3306 4060 3370 4111 ἐκ
3397 4057 3490 4111 τοῦ
3517 4056 3746 4127 οὐρανοῦ
3783 4055 4102 4110 καταϐάντα

2518 4161 2576 4212 ὲν
2603 4161 2667 4229 τῇ
2699 4160 2790 4227 γῇ,
2817 4157 2928 4226 ﬁco;
2957 4157 3022 4224 τῇ
3055 4152 3443 4222 ὑπολειφθείσῃ
3491 4149 3697 4204 κοιλάδι
3739 4149 4010 4216 Ἰωσαφὰτ
4043 4153 4100 4201 ἐν

2518 4255 2583 4323 τῇ
2619 4254 2816 4321 κρίσει,
2850 4248 3082 4316 ἄγγελον
3108 4247 3249 4299 θετον
3281 4241 3423 4297 εἶναι
3483 4244 3576 4296 ἐπὶ
3627 4241 3735 4294 τῶν
3795 4243 4100 4296 κολάσεων.

2518 4346 2708 4414 Φρέαρ
2732 4344 2788 4396 δὲ
2816 4343 2926 4409 τῆς
2953 4342 3252 4402 ἀϐύσσου,
3289 4339 3389 4408 τὴν
3423 4337 3650 4404 γέενναν
3674 4353 3687 4366 ο
3718 4337 3812 4388 καὶ
3838 4336 3897 4401 ἐξ
3928 4335 4102 4402 αὐτῆς

2517 4440 2625 4491 τὸν
2657 4435 2892 4490 καπνὸν
2925 4433 3158 4500 ἐξιόντα,
3193 4431 3421 4484 ἀθέατον
3447 4432 3558 4491 τοῖς
3598 4428 3985 4498 κολαζομένοις
4010 4430 4104 4480 τὸν

2517 4530 2669 4602 ἣλιον
2709 4529 2803 4582 καὶ
2846 4529 2938 4580 τὸν
3013 4526 3151 4596 ἀέρα
3201 4523 3638 4594 ἀπεργάζεσθαι.
3704 4523 3969 4591 Ἀκρίδας
4007 4521 4104 4590 δὲ,

2519 4623 2645 4685 τοὺς
2672 4620 2960 4690 σκώληκας
2986 4637 2998 4648 ·
3053 4619 3183 4690 περὶ
3227 4611 3302 4670 ὧν
3364 4633 3532 4685 φησιν
3575 4617 3604 4668 ὁ
3653 4619 3940 4685 προφήτης
3970 4630 3984 4644 ο
4038 4615 4103 4666 'U

2519 4712 2766 4779 σκώληξ
2797 4710 2995 4765 αὐτῶν
3019 4713 3090 4763 οὐ
3112 4708 3483 4775 τελευτήσει.
3516 4707 3589 4760 Τὸ
3609 4707 3666 4760 δὲ
3703 4707 3778 4774 μὴ
3803 4706 3902 4775 τὴν
3923 4705 4030 4774 γῆν
4069 4706 4102 4775 ἢ

2515 4807 2606 4859 τὴν
2630 4805 2843 4876 χόρτον.
2871 4803 3007 4857 ἀλλὰ
3029 4805 3154 4864 τοὺς
3179 4802 3498 4872 ἀνθρώπους
3534 4800 3925 4872 βασανίζεσθαι
3948 4842 3963 4864 ,
4011 4803 4101 4856 διὰ

2515 4898 2578 4950 τὸ
2605 4895 3046 4953 ἀπαλλάττεσθαι
3081 4895 3251 4949 ταῦτα
3299 4894 3399 4965 τῆς
3452 4893 3703 4963 φθορᾶς,
3838 4892 3906 4944 δι’
3953 4894 4102 4963 ἡμᾶς

2517 4989 2762 5044 δουλεύει
2796 4991 3058 5060 σήμερον.
3093 4987 3302 5055 Μῆνας
3318 4986 3375 5040 δὲ
3407 4985 3587 5040 πέντε
3607 4984 3830 5048 τούτους
3875 4986 4091 5056 βασανί-

2521 5081 2732 5147 ζεσθαι,
2763 5080 2952 5152 χρόνον
2976 5081 3098 5133 τινὰ
3123 5077 3429 5148 ὡρισμένον
3449 5076 3855 5147 ἐπιτεταμένως
3880 5077 4101 5138 τούτους

2527 5173 2856 5238 κολάζεσθαί
2879 5172 3038 5246 [φησι
3067 5173 3106 5245 ·]
3138 5173 3274 5243 μετὰ
3295 5172 3351 5226 δὲ
3389 5171 3600 5236 τοῦτον,
3636 5171 3949 5239 ὑφειμένως
3982 5173 4100 5239 μὲν,

2527 5267 2764 5328 αἰωνίως
2787 5265 2864 5320 δέ.
2910 5263 3052 5333 Ἐγὼ
3096 5264 3152 5316 δὲ
3197 5261 3290 5316 τὸν
3349 5264 3447 5332 μὲν
3493 5263 3720 5330 ἀστέρα
3755 5263 4094 5332 συνομολογᾷ

2521 5354 2663 5412 εῖναι
2691 5357 2836 5409 θεῖον
2874 5356 3109 5425 ἄγγελον
3138 5372 3152 5387 ·
3187 5355 3378 5408 τοῦτον
3419 5354 3476 5407 δὲ
3531 5354 3673 5407 κατὰ
3709 5354 3861 5407 θείαν
3891 5355 4100 5423 συγχώ-

2523 5466 2681 5520 ρησιν
2704 5449 2831 5509 τοὺς
2854 5446 3422 5517 καταδεδικασμένους
3455 5444 3544 5518 [τῇ
3566 5444 3810 5515 ἀδύσσῳ]
3833 5461 3970 5511 πονη
3980 5446 4101 5514 ρους

2519 5539 2747 5608 ἀνάγειν
2803 5539 3108 5609 δαίμονας·
3160 5538 3254 5602 οὓς
3311 5540 3339 5592 ὁ
3383 5539 3617 5610 Χριστὸς
3666 5537 4100 5605 amemus“;

2522 5631 2713 5702 ἔδησεν
2734 5647 2746 5662 °
2775 5631 2925 5695 ὅπως
2963 5631 3071 5703 πρὸ
3091 5631 3190 5702 τῆς
3221 5631 3533 5694 συντελείας
3571 5631 3638 5684 τὰ
3664 5631 3841 5685 οἰκεῖα
3873 5629 4099 5698 ἐνεργή-
