4276 6438
240 428 346 494 301

1202 420 1804 483 COMMENTARIUS
1853 421 1927 479 IN
1974 417 2500 477 APtiiCALYI‘SlN.

3394 414 3496 474 302

244 536 449 610 Ιθείας]
503 536 773 607 θεωρίας·
827 533 1160 588 ἀπολύεσθαι
1196 533 1253 586 δὲ
1294 534 1352 585 ἐν
1389 536 1457 603 τῇ
1489 532 1675 601 ἡμέρᾳ
1722 532 1821 598 τῆς
1852 544 1891 596 Α
1926 549 1933 578 t

1803 548 1821 592 ;
1852 544 1891 596 Α
1926 530 2045 581 dem
2075 529 2274 583 divinae
2303 524 2789 595 contemplationis
2811 524 3137 593 iucunditati
3174 535 3227 579 et
3256 526 3492 581 ubertati

243 629 484 701 κρίσεως
533 629 672 699 μετά
701 627 1093 697 ἀναριθμήτων
1146 612 1417 692 ἀγγέλων,
1465 625 1546 686 είς
1582 623 1679 693 τὴν
1712 623 1820 674 τῶν

244 720 463 774 ἀσεϐῶν
497 720 824 787 κατάκρισιν
850 731 862 745 ·
899 717 965 770 δι’
990 711 1065 771 ὦν
1088 716 1149 769 τὸ
1168 715 1348 785 τρίτον
1369 714 1815 783 ἀφανισθήσεται.

258 812 405 879 Ἐγὼ
436 812 492 864 δὲ
519 812 610 864 καὶ
646 810 871 873 τούτους
892 805 1047 879 οἶμαι
1082 809 1487 878 πονηροτάτους
1528 802 1669 859 εἶναι
1703 806 1823 858 δαί-

252 921 448 973 μονας.
480 905 728 965 δεθέντας
749 905 806 955 ἐν
832 905 899 973 τῇ
928 901 1164 971 Χριστοῦ
1192 900 1466 971 παρουσίᾳ
1493 915 1506 927 '
1549 899 1640 962 οὓς
1682 899 1824 951 κατά

248 998 398 1049 θεῖον
427 998 755 1067 πρόσταγμα
792 998 856 1048 ὲκ
886 994 979 1049 τοῦ
1010 995 1404 1063 ὑπερουρανίου
1437 993 1822 1060 θυσιαστηρίου

251 1083 669 1152 ἐξερχομένους,
698 1079 758 1136 οὗ
788 1078 855 1152 ἦν
877 1084 939 1135 τὸ
978 1085 1035 1134 ἐν
1060 1086 1125 1152 τῇ
1157 1084 1360 1151 παλαιᾷ
1393 1083 1562 1149 σκηνῇ
1607 1082 1823 1133 ἀντίτυ-

256 1191 381 1239 πον,
416 1174 520 1225 ὑπὸ
552 1173 697 1226 θείου
718 1175 951 1243 ἀγγέλου
1012 1175 1250 1234 λύεσθαι,
1300 1173 1439 1226 ὥστε
1488 1173 1717 1243 ταράξαι
1758 1172 1827 1225 τά

253 1263 408 1335 ἔθνη,
459 1266 519 1319 οὐ
561 1266 721 1335 μόνον
778 1267 919 1319 κατά
958 1265 1324 1335 Χριστιανῶν,
1384 1264 1520 1318 ἀλλά
1573 1264 1665 1317 καὶ
1708 1266 1827 1318 κατ’

254 1358 506 1429 ἀλλήλων
532 1376 546 1389 ·
578 1361 652 1422 ὠς
678 1360 745 1412 ἂν
779 1362 828 1412 οἱ
860 1360 958 1429 μὲν
998 1360 1210 1428 δόκιμοι
1252 1363 1342 1411 καὶ
1381 1359 1563 1410 πιστοὶ
1604 1358 1832 1427 φανεροὶ

254 1450 548 1517 γένωνται,
580 1452 673 1503 καὶ
700 1450 965 1521 μειζόνων
988 1451 1230 1521 άμοιϐὠν
1262 1453 1354 1503 καὶ
1372 1451 1479 1503 τῶν
1512 1451 1622 1504 ἄνω
1651 1448 1831 1519 μονῶν

254 1542 352 1594 καὶ
385 1544 680 1611 ἀποθηκῶν
709 1544 849 1610 ἄξιοι
891 1543 1159 1612 φανῶσιν,
1193 1543 1267 1607 ὡς
1292 1546 1437 1605 σῖτος
1477 1542 1685 1614 ὥριμος
1714 1558 1729 1572 ’
1782 1542 1829 1593 οἱ

252 1632 310 1683 δὲ
336 1632 660 1703 ἀχυρώδεις,
685 1632 925 1697 ἀσεϐεῖς,
956 1634 1051 1685 καὶ
1075 1632 1196 1686 λίαν
1220 1632 1535 1701 ἁμαρτωλοὶ
1570 1632 1663 1684 καὶ⁵
1692 1632 1829 1699 άμε-

256 1726 532 1794 τανόητοι,
570 1725 795 1787 ἐνδίκως
824 1723 1060 1778 ἐνταῦθα
1094 1722 1182 1795 [δι’
1212 1721 1411 1794 αὐτῶν]
1456 1721 1829 1790 κολαζόμενοι,

258 1818 621 1886 ἡμερωτέρας
671 1818 770 1887 τῆς
825 1817 1126 1885 καταδίκης
1174 1818 1232 1869 ἐν
1261 1818 1327 1886 τῇ
1361 1816 1539 1886 κρίσει
1574 1814 1830 1884 τύχωσιν.

1924 623 2130 691 alligati
2166 630 2451 685 tenentur;
2502 630 2631 675 tunc
2684 633 2833 683 vero,
2879 620 3138 672 nimirum
3192 618 3294 671 sub
3350 620 3492 673 diem

1921 711 2134 781 judicii,
2154 726 2276 764 cum
2301 710 2777 765 innumerabilium
2801 710 3119 778 angelorum
3153 708 3497 761 multitudine

1927 804 1991 856 ad
2023 804 2316 872 impiorum
2359 803 2866 856 condemnationem
2906 802 3223 860 solventur,
3279 814 3343 855 ac
3378 808 3499 852 tan-

1928 910 2090 964 quam
2131 895 2222 947 Dci
2269 894 2501 947 ministri
2539 896 2752 947 tertiam
2801 893 3109 946 mortalium
3160 901 3368 960 partem
3414 891 3497 943 in-

1929 988 2230 1043 ternecioni
2251 988 2477 1042 dabunt.
2510 987 2623 1055 Ego
2655 1002 2784 1041 vero
2830 988 2997 1041 hosce
3036 986 3201 1039 etiam
3244 1001 3351 1037 non
3405 1001 3498 1035 an-

1930 1082 2095 1149 gelos,
2128 1081 2221 1135 sed
2252 1082 2520 1149 pessimos
2544 1080 2817 1133 daemones
2856 1095 2975 1133 esse
3002 1078 3326 1140 exsistitno;
3362 1091 3502 1143 quos

1926 1174 2079 1243 juxta
2108 1174 2350 1227 divinum
2378 1172 2692 1225 mandatum
2726 1186 2754 1224 e
2788 1172 3010 1224 sublimi
3044 1169 3309 1224 emlorum
3341 1168 3501 1220 altari

1932 1266 2110 1335 (cujus
2134 1264 2444 1334 exemplum
2502 1265 2554 1317 in
2610 1264 2778 1318 veteri
2838 1263 3189 1316 tabernaculo
3228 1261 3500 1325 exstabat)

1932 1356 2155 1424 ejectos,
2185 1366 2237 1409 et
2268 1371 2363 1424 per
2392 1354 2597 1409 Christi
2631 1354 2685 1407 in
2710 1368 2929 1409 carnem
2963 1352 3254 1405 adventum
3291 1353 3356 1404 ad
3384 1366 3501 1405 cer-

1933 1460 2047 1503 tum
2082 1449 2259 1501 locum
2301 1448 2577 1517 ablegatos
2616 1457 2670 1500 et
2709 1447 2988 1515 alligatos,
3042 1461 3185 1499 unus
3232 1444 3503 1513 quispiam

1932 1558 1999 1598 ex
2033 1541 2345 1611 angelorum
2383 1555 2612 1595 numero
2648 1539 2848 1594 liberos
2878 1554 2943 1592 eo
2973 1548 3218 1605 tempore
3246 1537 3504 1594 dimittet,

1934 1649 2045 1703 quo
2078 1643 2265 1702 gentes
2296 1634 2621 1687 conturbent
2668 1643 2723 1686 et
2752 1642 2967 1692 vexent,
3014 1628 3345 1696 easdemque
3397 1643 3504 1679 non

1938 1736 2146 1780 tantum
2167 1726 2431 1779 adversus
2455 1725 2820 1785 Christianos,
2846 1723 2939 1776 sed
2964 1730 3153 1775 contra
3184 1734 3243 1773 se
3273 1718 3503 1771 invicem

1937 1831 2157 1886 quoque
2194 1816 2494 1885 instigent;
2523 1826 2581 1869 ut
2615 1816 2717 1869 hac
2745 1815 2964 1869 demum
2996 1813 3207 1866 ratione
3248 1808 3508 1864 tentatio—

260 1908 325 1960 Et
381 1907 437 1960 δὲ
488 1908 568 1977 τῷ
601 1908 862 1979 Εὐφράτῃ
893 1906 1278 1977 προσδέδενται
1306 1946 1321 1971 ,
1366 1904 1519 1958 οὐδὲν
1554 1903 1703 1967 ξένον
1731 1920 1745 1933 ⁸
1782 1906 1831 1957 οἱ
1865 1902 1906 1955 Β
1937 1924 1949 1961 ι

1818 1906 1831 1955 ἱ
1865 1902 1906 1955 B
1937 1908 2023 1961 nis
2046 1906 2169 1977 igne
2204 1907 2416 1975 probati
2451 1906 2636 1959 ﬁdeles
2656 1904 2927 1959 manifesti
2962 1905 3115 1966 fiant,
3145 1901 3507 1971 ampliorique

262 1999 366 2067 μὲν
396 1998 528 2068 γὰρ,
567 1999 645 2062 είς
676 1999 777 2068 τὴν
806 1997 1045 2051 ἄϐυσσον
1076 2010 1091 2026 ·
1123 1998 1173 2049 οἱ
1217 1996 1293 2063 δὲ,
1342 1997 1421 2059 είς
1450 1996 1576 2058 τοὺς
1620 1995 1838 2066 χοίρους

261 2088 454 2160 [τότεοῖ
482 2092 528 2143 οἱ
568 2089 644 2153 δὲ,
678 2090 759 2151 είς
789 2091 1013 2161 ἐτέρους
1042 2089 1262 2155 τόπους,
1286 2089 1428 2142 κατὰ
1453 2088 1513 2141 τὸ
1551 2086 1839 2157 παραστάν

256 2185 341 2254 τῷ
370 2183 511 2252 Θεῷ,
536 2183 663 2253 ἄχρι
691 2183 888 2254 καιροῦ
914 2184 1403 2251 κατεδικάσθησαν,
1438 2183 1575 2252 μετά
1592 2183 1683 2234 τὸν
1705 2197 1839 2232 παν-

257 2279 393 2346 τελῆ
428 2277 609 2329 αὐτῶν
668 2277 788 2329 κατ’
835 2276 1143 2345 ἀνθρώπων
1190 2274 1429 2343 πόλεμον
1469 2272 1706 2334 αἱωνίως
1746 2289 1835 2325 κο·

260 2366 685 2435 λασθησόμενοι.
727 2365 885 2428 Ἴσως
913 2366 968 2418 δὲ
996 2364 1137 2436 [καὶ]
1158 2365 1246 2417 διὰ
1267 2364 1365 2433 τῆς
1393 2364 1498 2416 τοῦ
1519 2361 1837 2430 Εὐφράτου

266 2457 491 2526 μνήμης
528 2454 788 2524 δηλοῦται
822 2458 885 2507 ἐκ
914 2455 1023 2507 τῶν
1044 2454 1229 2525 μερῶν
1252 2454 1476 2506 ἐκείνων
1518 2453 1716 2517 ἐξιέναι
1751 2452 1839 2505 τὸν

276 2550 673 2617 Ἀντίχριστον.
710 2549 845 2618 Περὶ
898 2548 955 2600 δὲ
1011 2546 1105 2599 τοῦ
1164 2547 1401 2617 πλήθους
1432 2545 1539 2598 τῶν
1568 2546 1838 2615 δαιμόνων

263 2638 631 2705 άμφιϐάλλειν
678 2638 739 2689 οὐ
778 2638 905 2705 χρή.
947 2636 1154 2699 Πάντες
1200 2636 1308 2705 γὰρ
1337 2636 1387 2687 οἱ
1435 2636 1579 2702 ἆγιοι
1631 2635 1838 2703 πεπλη-

269 2728 476 2796 ρῶσθαι
520 2728 697 2780 αὐτῶν
755 2728 847 2779 τὸν
900 2726 1033 2795 ἀέρα
1092 2726 1331 2791 λέγουσι.
1368 2725 1434 2776 Τί
1489 2724 1543 2776 δὲ
1601 2725 1750 2795 δηλοῖ
1777 2725 1837 2777 τὸ

265 2820 451 2889 τρίτον
482 2820 591 2872 τῶν
621 2820 1092 2889 ἁποκτενομένων,
1125 2820 1219 2871 καὶ
1268 2818 1367 2888 ἤδη
1405 2820 1835 2888 προειρήκαμεν.

1939 1998 2192 2053 mercede
2220 2008 2273 2053 et
2299 1997 2657 2067 splendidiori
2688 2000 2743 2050 in
2771 1996 2925 2050 caelis
2958 1995 3261 2056 mansione,
3293 2003 3347 2046 ct
3374 2008 3509 2063 apo-

1937 2092 2091 2145 theca
2122 2091 2359 2160 denique
2389 2100 2652 2161 tanquam
2689 2098 2964 2143 maturum
3009 2100 3319 2156 purumque
3370 2086 3511 2139 triti-

1937 2200 2061 2237 cum
2116 2183 2370 2237 nobiliori
2413 2183 2560 2253 digni
2613 2183 2965 2236 habeantur:
3009 2180 3176 2249 palea:
3214 2186 3396 2232 autem
3457 2187 3513 2231 et

1937 2277 2087 2345 impii
2121 2277 2471 2343 insignesque
2505 2285 2820 2344 peccatores
2862 2274 2965 2346 ιι
3020 2282 3075 2327 et
3113 2272 3403 2333 obstinari.
3442 2271 3511 2324 ad

1941 2383 2110 2421 unum
2138 2381 2332 2421 omnes
2361 2366 2508 2435 jnste
2540 2366 2629 2420 hic
2654 2366 2852 2435 puniti,
2887 2364 3227 2419 clementiori
3250 2364 3510 2417 condem-

1943 2458 2181 2512 nationis
2203 2458 2467 2512 sententia
2500 2457 2551 2511 in
2583 2456 2791 2526 judicio
2817 2457 2910 2509 illo
2940 2455 3228 2509 feriantur.
3252 2456 3306 2510 Si
3330 2463 3512 2507 autem

1941 2559 2180 2618 quatuor
2209 2549 2461 2619 pluresve
2510 2548 2789 2602 daemones
2828 2545 3090 2616 Euphrati
3124 2560 3249 2599 vere
3302 2545 3514 2615 alligari

1942 2652 2288 2703 asserantur,
2314 2640 2449 2694 nihil
2480 2640 2601 2693 novi
2632 2650 2728 2694 aut
2759 2640 3007 2694 inusitati
3055 2639 3337 2693 asscritur.
3366 2638 3512 2693 Con-

1945 2739 2057 2782 stat
2108 2744 2343 2798 namque
2396 2728 2536 2782 alios
2556 2730 2610 2783 in
2659 2730 2916 2799 abyssum
2968 2744 3111 2797 saepe
3170 2729 3513 2790 amandatos,

1949 2822 2085 2876 alios
2112 2822 2166 2875 in
2195 2835 2392 2891 porcos
2416 2822 2803 2891 ejectos,alios
2832 2823 2941 2876 alio
2958 2838 3057 2891 pro
3107 2822 3198 2876 Dei
3239 2823 3518 2876 voluntate

263 2911 333 2964 ad
365 2922 582 2981 tempus
616 2911 893 2981 ablegatos
920 2910 1114 2975 fuisse,
1152 2910 1204 2963 in
1244 2924 1405 2964 omne
1436 2919 1622 2979 postea
1660 2926 1835 2964 aevum
1879 2912 1969 2965 ubi
2027 2914 2263 2983 primum
2294 2914 2546 2969 videlicet
2610 2913 3001 2981 bellum,un
3033 2912 3299 2967 adversus
3338 2911 3515 2965 homio

264 3014 389 3053 nem
418 3010 633 3069 gerunt,
664 3000 869 3070 integre
888 3000 1241 3062 absolverint,
1277 2998 1420 3068 apud
1486 2998 1692 3053 inferos
1737 3003 2087 3058 cruciandos.
2151 3004 2424 3059 Credibile
2452 3004 2508 3058 fit
2565 3018 2785 3073 quoque
2828 3004 3118 3072 Euphratis
3142 3004 3212 3057 ob
3271 3004 3324 3057 id
3361 3018 3517 3057 men-

262 3095 467 3149 tionem
501 3091 638 3157 fieri,
680 3091 823 3160 quod
858 3090 1223 3145 Antichristus
1256 3104 1321 3144 ex
1352 3089 1457 3143 illis
1491 3089 1628 3145 locis
1693 3093 2007 3147 exoriturus
2076 3094 2351 3149 credatur.
2402 3093 2477 3148 De
2511 3093 2717 3164 lugenti
2782 3102 2964 3148 autem
3011 3093 3320 3148 daemonum
3381 3094 3516 3147 mul-

263 3188 501 3243 titudine
545 3205 654 3244 non
711 3197 793 3244 est
840 3187 1222 3250 dubitandum,
1252 3203 1376 3241 cum
1424 3202 1616 3242 omnes
1666 3189 1840 3242 sancti
1893 3205 2073 3244 aerem
2145 3190 2291 3245 hunc
2361 3189 2704 3244 damonibus
2746 3188 3005 3243 refertum
3045 3197 3317 3243 asserant.
3351 3186 3516 3260 [Quid

262 3298 397 3337 vero
418 3283 755 3336 demonstret
782 3282 938 3336 tertia
972 3297 1099 3350 pars
1130 3282 1612 3350 interemptorum,
1645 3290 1700 3334 et
1723 3281 1834 3351 jam
1865 3283 2152 3353 diximus]

336 3374 445 3429 Καὶ
482 3374 639 3439 ὅπως
663 3370 828 3426 εἶδον
864 3373 1003 3438 τοὺς
1032 3374 1259 3438 ἵππους
1285 3374 1353 3426 ἐν
1385 3372 1459 3441 τῇ
1491 3376 1718 3442 ὁράσει,
1745 3376 1841 3429 καὶ
1870 3384 1914 3439 c

264 3467 407 3534 τοὺς
455 3469 829 3535 καθημένους
881 3467 972 3519 ἐπ’
1024 3466 1252 3533 αὐτῶν,
1286 3467 1539 3535 ἔχοντας
1578 3468 1844 3537 θώρακας

268 3564 584 3628 πυρίνους,
636 3559 735 3610 καί
776 3560 1185 3622 ὑακινθίνους,
1246 3560 1343 3611 καὶ
1396 3560 1694 3626 θειώδειςσ
1745 3561 1845 3613 καὶ

269 3654 328 3705 al
352 3650 612 3719 κεφαλαί
650 3651 767 3703 τῶν
800 3652 1001 3702 ἳππων
1043 3651 1121 3715 ὠς
1157 3652 1411 3717 κεφαλαὶ
1447 3655 1713 3705 λεόντων
1744 3652 1842 3705 καὶ

269 3759 336 3795 εκ
378 3741 497 3795 τῶν
533 3743 849 3810 στομάτων
883 3741 1087 3795 αὐτῶν
1124 3742 1515 3808 ἐξεπορεύετο
1559 3741 1699 3805 πῦρ,
1748 3743 1844 3795 καὶ

271 3837 526 3900 καπνός,
566 3835 663 3888 καὶ
694 3834 876 3888 θεῖον.
924 3834 1059 3887 Ἀπὸ
1083 3832 1202 3886 τῶν
1220 3834 1393 3900 τριῶν
1425 3833 1675 3902 πληγῶν
1707 3836 1844 3888 τούν

270 3943 391 3979 των
424 3926 769 3993 ἀπεκτάνθη
813 3926 880 3978 τὸ
928 3926 1128 3993 τρίτον
1184 3924 1304 3977 τῶν
1334 3924 1683 3988 ἀνθρώπων,
1727 3926 1844 3979 ἀπὸ

271 4018 378 4072 τοῦ
408 4018 619 4085 πυρὸς,
659 4018 756 4071 καὶ
799 4017 907 4071 τοῦ
961 4016 1216 4077 καπνοῦ,
1252 4016 1351 4069 καὶ
1376 4016 1480 4069 τοῦ
1507 4017 1690 4081 θείου,
1732 4015 1850 4069 τῶν

270 4111 763 4180 ἐκπορευομένων
787 4110 856 4163 ἐκ
890 4110 1008 4163 τῶν
1038 4110 1351 4177 στομάτων
1387 4108 1606 4162 αὐτῶν.
1651 4109 1717 4163 Ἡ
1740 4108 1849 4178 γὰρ

269 4203 526 4267 ἐξουσία
554 4202 673 4267 τῶν
695 4204 916 4266 ἵππων,
951 4202 1021 4255 ἐν
1048 4200 1129 4265 τῷ
1157 4201 1409 4270 στόματι
1451 4201 1652 4255 αὐτῶν
1692 4202 1846 4264 ἐστι,

2018 3375 2111 3439 IX,
2160 3375 2349 3430 17-19.
2384 3374 2453 3428 Et
2495 3376 2571 3428 ita
2605 3375 2711 3428 vidi
2766 3391 2925 3445 equos
2959 3378 3015 3430 in
3063 3378 3260 3431 visione
3287 3393 3304 3431 :
3336 3386 3385 3431 et
3426 3382 3521 3449 qui

1944 3470 2188 3523 sedebant
2218 3485 2376 3537 super
2401 3484 2511 3531 eos,
2548 3468 2806 3521 habebant
2843 3468 3043 3523 loricas
3076 3471 3277 3539 igneas,
3309 3481 3359 3524 et
3384 3471 3518 3543 liga-

1947 3560 2235 3621 cinthinus,
2280 3568 2329 3611 ct
2360 3560 2670 3627 sulphureas
2704 3575 2721 3612 :
2755 3570 2804 3612 et
2845 3561 3025 3627 capita
3070 3578 3323 3629 equorum
3367 3575 3520 3615 erant

1950 3663 2202 3719 tanquam
2240 3653 2416 3720 capita
2439 3654 2686 3714 leonum;
2713 3662 2759 3705 et
2784 3651 2848 3705 de
2878 3669 2965 3705 ore
3000 3668 3179 3705 eorum
3209 3654 3519 3719 procedebat

1948 3748 2108 3816 ignis,
2150 3756 2199 3799 et
2246 3746 2448 3814 fumus,
2493 3754 2542 3798 et
2593 3744 2835 3811 sulphur.
2882 3744 2957 3797 Ab
3006 3745 3087 3796 his
3128 3746 3299 3797 tribus
3349 3745 3521 3815 plagis

1952 3840 2129 3893 occisa
2162 3848 2236 3892 est
2266 3839 2425 3890 tertia
2455 3854 2577 3907 pars
2606 3837 2901 3897 hominum,
2936 3839 3000 3889 de
3028 3837 3169 3905 igne,
3193 3845 3241 3889 et
3263 3835 3328 3889 de
3354 3836 3520 3904 fumo.

1952 3942 1999 3983 et
2016 3931 2283 3997 sulphure,
2304 3946 2421 3999 qum
2442 3928 2787 3997 procedebant
2809 3927 2872 3983 de
2897 3943 2985 3979 ore
3005 3928 3259 3994 ipsorum.
3282 3926 3522 3981 Potestas

1949 4024 2086 4075 enim
2119 4038 2369 4091 equorum
2403 4022 2461 4073 in
2490 4036 2578 4072 ore
2599 4035 2786 4073 eorum
2815 4028 2913 4081 est,
2941 4029 2990 4071 et
3020 4020 3075 4070 in
3105 4019 3291 4071 caudis
3317 4035 3519 4072 eorum.

1955 4110 2099 4164 Nam
2124 4111 2308 4163 cauda:
2346 4126 2524 4164 eorum
2550 4108 2747 4163 similes
2781 4109 3128 4176 serpentibus,
3157 4109 3403 4164 habentes
3426 4127 3512 4164 ca-

1951 4205 2102 4271 pita;
2138 4213 2186 4255 et
2220 4204 2274 4255 in
2303 4202 2384 4254 his
2418 4211 2623 4255 nocent.
2865 4188 2873 4195 ’

272 4295 373 4347 καὶ
399 4295 471 4348 ἐν
487 4294 615 4359 ταῖς
635 4293 838 4360 οὐραῖς
862 4291 1081 4346 αὐτῶν·
1101 4296 1160 4346 αι
1186 4293 1294 4362 γὰρ
1316 4293 1485 4360 οὐραὶ
1507 4291 1725 4358 αὐτῶν,
1747 4292 1941 4363 ὅμοιαι
1959 4294 2175 4361 ὄφεσιν
2194 4291 2449 4360 ἔχουσαι
2465 4290 2755 4360 κεφαλὰς,
2781 4289 2877 4343 καὶ
2894 4290 2963 4343 ἐν
2977 4290 3188 4355 αὐτοῖς
3219 4291 3518 4348 ἀδικοῦσι.

348 4389 609 4453 Ἵππους
659 4386 716 4440 δὲ
775 4385 1046 4457 [δικαίως]
1098 4380 1254 4457 οἶμαι
1302 4386 1581 4453 λέγεσθαι,
1634 4387 1667 4457 ἢ
1720 4386 1844 4448 τοὺς

277 4481 611 4551 θηλυμανείς
638 4479 731 4530 καὶ
772 4477 1071 4547 κτηνώδεις
1098 4477 1422 4548 ἀνθρώπους
1444 4495 1458 4509 ⁸
1493 4478 1525 4548 ἢ
1557 4480 1682 4541 τοὺς
1711 4479 1845 4530 ὑπο-

2025 4386 2129 4439 Per
2165 4382 2338 4453 Equos
2374 4384 2478 4437 hoc
2504 4384 2626 4437 loco
2657 4383 2932 4452 designari
2981 4382 3315 4439 arbitramur
3344 4386 3523 4440 homi-

1956 4493 2053 4531 nes
2087 4477 2272 4531 veneri
2308 4476 2569 4543 luxuique
2615 4474 2859 4537 deditos,
2901 4474 3304 4543 belluinamque
3354 4478 3521 4531 vitam

278 4543 590 4643 ϐεϐηκότας
616 4572 711 4625 καὶ
737 4543 1077 4642 ἀρχομένους
1108 4576 1165 4626 ἐν
1198 4543 1310 4637 ⁴τοῖς
1338 4543 1617 4642 δαίμοσιν·
1655 4574 1847 4626 ἐπιϐά-
1882 4543 1926 4596 D
1954 4585 1967 4620 ι

1831 4603 1847 4614 -
1882 4543 1926 4596 θ
1954 4566 2258 4620 ducentes:
2294 4574 2389 4619 aut
2433 4565 2710 4618 daemones
2746 4577 2898 4626 sane,
2942 4562 3037 4632 qui
3075 4563 3308 4617 aliorum
3348 4565 3520 4635 impe-

274 4684 378 4728 τας
414 4666 493 4729 δέ,
528 4666 654 4727 τοὺς
682 4665 890 4718 τούτων
919 4665 1315 4735 κατάρχοντας.
1364 4666 1524 4726 Ἐθος
1572 4665 1681 4735 γάρ
1730 4666 1852 4717 reti-

274 4773 415 4819 τοις,
448 4756 511 4807 οὐ
548 4755 709 4824 μόνον
736 4755 988 4824 ἀλληλοις
1018 4756 1341 4824 ὑπηρέταις,
1388 4753 1523 4807 ἀλλὰ
1559 4755 1651 4805 καὶ
1686 4769 1849 4821 πονηο

278 4848 396 4915 ροῐς
439 4844 745 4913 ἀνθρώποις
791 4844 1044 4913 ὀργάνοις
1094 4845 1230 4915 πρὸς
1280 4845 1379 4913 τὴν
1413 4843 1519 4897 τῶν
1567 4843 1852 4911 ὁμοφύλων

276 4936 584 5007 ἀνθρώπων
614 4936 905 5007 ἐπιϐουλὴν
934 4936 1257 5007 κεχρῆσθαι.
1298 4940 1442 5002 Τοὺς
1471 4937 1525 4989 δὲ
1560 4936 1852 5003 πυρίνους

276 5030 373 5082 καὶ
403 5030 789 5094 ὑακινθίνους
824 5030 922 5081 καὶ
946 5028 1204 5095 θειώδεις
1228 5028 1519 5096 θώρακας,
1545 5028 1638 5097 τῆς
1666 5028 1851 5096 ἀερίου

274 5122 388 5173 τῶν
420 5120 678 5191 πονηρῶν
707 5122 1038 5191 πνευμάτων
1068 5120 1275 5185 οὐσίας,
1307 5122 1401 5173 καὶ
1427 5121 1524 5191 τῆς
1550 5120 1851 5187 καυστικῆς

278 5208 562 5278 ἐνεργείας
629 5201 765 5259 εἷναι
847 5209 1213 5277 σημαντικοὺς
1268 5208 1596 5278 νομίζομεν·
1639 5207 1735 5271 τάς
1794 5209 1851 5259 δὲ

276 5299 550 5367 κεφαλὰς
576 5297 691 5350 τῶν
732 5299 1020 5361 λεόντων,
1050 5300 1110 5351 τὸ
1146 5298 1366 5367 φονικὸν
1412 5299 1595 5351 αὐτῶν
1639 5300 1731 5351 καὶ
1757 5298 1853 5367 θη·-

280 5390 473 5462 ριῶδες
520 5390 847 5444 αἰνίττεσθαι
873 5409 886 5421 ³
919 5392 980 5444 τὸ
1016 5393 1073 5445 δὲ
1129 5393 1561 5461 ἐκπορευόμενον
1605 5392 1724 5458 πῦρ
1758 5392 1852 5443 σὺν

282 5480 476 5550 καπνῷ
509 5482 601 5534 καὶ⁵
637 5481 768 5551 θείῳ
812 5486 877 5537 ἐκ
924 5484 1019 5537 τοῦ
1058 5486 1322 5553 στόματος
1363 5486 1565 5545 αὐτῶν.
1602 5486 1671 5538 δι’
1705 5478 1765 5537 οὖ
1794 5486 1853 5536 τὸ

279 5576 464 5645 τρίτον
521 5573 627 5625 τῶν
665 5574 966 5644 ἀνθρώπων
1016 5576 1407 5628 ἀποκῖένεσθαι
1458 5576 1850 5645 ἡπείληται,ἢ

282 5669 380 5728 τὰς
410 5666 497 5718 διὰ
520 5664 627 5718 τῶν
659 5665 880 5719 ίοϐόλων
905 5666 1131 5737 [αὐτῶν]
1164 5668 1477 5737 προσϐολῶν
1509 5672 1601 5719 καὶ
1630 5672 1849 5736 εἰσηγη-

286 5772 425 5808 σεων
452 5755 727 5825 ἁμαρτίας
762 5758 887 5819 τοὺς
923 5760 1163 5827 καρποὺς
1189 5759 1284 5829 τῆς
1319 5759 1544 5827 καρδίας
1568 5760 1851 5827 φλογιζού-

290 5865 382 5911 σας
418 5849 743 5902 αἰνίττεται·
784 5849 815 5918 ἢ
874 5850 970 5914 τὰς
1008 5853 1069 5903 ἐκ
1107 5851 1213 5905 τῶν
1269 5851 1617 5924 βαρϐαρικῶν
1656 5854 1854 5923 χειρῶν

1955 4658 2038 4712 rio
2087 4658 2253 4712 veluti
2290 4658 2433 4712 servi
2472 4655 2793 4725 subiacent;
2838 4670 3069 4723 quorum
3117 4665 3363 4711 vectores
3397 4669 3525 4711 sunt

1957 4747 2197 4818 Spiritus
2256 4746 2346 4817 qui
2406 4746 2774 4816 principatum
2838 4746 2980 4799 inter
3026 4745 3267 4813 reliquos
3316 4754 3522 4799 tenent.

1956 4842 2242 4895 Daemones
2270 4854 2527 4909 namque,
2572 4847 2788 4907 recepto
2828 4836 2970 4907 apud
3022 4838 3173 4906 ipsos
3211 4852 3383 4900 more,
3416 4854 3524 4890 non

1955 4934 2118 4988 modo
2150 4944 2366 4987 mutuas
2401 4933 2505 4986 sibi
2539 4932 2769 4986 invicem
2794 4945 2990 5002 operas
3016 4937 3299 5000 praestant,
3335 4945 3524 4984 verum

1956 5026 2138 5095 pravis
2203 5039 2420 5096 quoque
2484 5023 2800 5078 hominibus
2862 5022 3161 5084 famulari,
3225 5022 3530 5090 iisdemque

1956 5120 2197 5173 vicissim
2251 5127 2511 5185 tanquam
2542 5115 2763 5186 organis
2793 5115 2857 5169 ad
2894 5114 3125 5168 aliorum
3167 5124 3525 5182 cognatorum

1958 5210 2241 5264 hominum
2282 5208 2527 5262 fraudem
2559 5216 2615 5262 et
2650 5206 2879 5261 insidias
2918 5205 2993 5259 uti
3030 5206 3228 5258 solent.
3255 5204 3525 5259 Cazterum

1957 5319 2052 5373 per
2080 5305 2256 5370 igneas
2277 5342 2292 5366 ,
2328 5310 2376 5354 et
2428 5301 2831 5371 hyacinthinus,
2866 5308 2917 5352 et
2947 5298 3256 5365 sulphureas
3309 5296 3525 5356 loricas,

1960 5410 2149 5450 aereas
2181 5394 2570 5448 sceleratorum
2620 5392 2908 5462 spirituum
2948 5401 3193 5453 naturas,
3231 5390 3527 5458 igneasque

1959 5487 2276 5541 conumdem
2309 5486 2454 5539 vires
2477 5496 2530 5539 et
2554 5484 2901 5554 operationes
2930 5484 3195 5537 insinuari
3228 5480 3522 5536 credimus.

1960 5580 2059 5634 Per
2114 5578 2318 5631 leonum
2361 5578 2537 5645 capita
2570 5588 2749 5630 autem
2790 5576 2945 5628 letale
2991 5576 3387 5639 cll'eratutnqut:
3423 5586 3525 5624 no-

1961 5670 2117 5723 cendi
2151 5670 2395 5723 studium
2434 5687 2445 5721 :
2480 5668 2582 5722 Per
2606 5670 2773 5737 ignem
2806 5666 3062 5735 denique,
3098 5665 3189 5734 qui
3225 5680 3348 5716 cunt
3376 5661 3526 5716 futuo

1958 5773 2010 5817 ct
2041 5764 2303 5832 sulphure
2334 5778 2396 5814 ex
2430 5777 2522 5815 ore
2550 5761 2765 5813 illorttm
2796 5774 3071 5827 egressus,
3105 5756 3317 5809 tertiam
3352 5756 3513 5807 homi-

1963 5873 2090 5911 num
2144 5866 2351 5925 partem
2390 5870 2495 5909 non
2540 5855 2748 5925 absque
2800 5852 3227 5906 comminatione
3261 5849 3519 5901 interem-
