4276 6438
267 422 374 486 3οθ

268 535 329 588 δὲ
360 533 451 585 καὶ
490 528 692 599 ἑτέρως
714 544 727 559 ·

268 625 380 678 τῶν
421 620 670 692 πονηρῶν
718 620 972 690 πράξεων
1006 621 1107 672 οὐκ
1151 618 1432 686 ἐγεύσατο,
1479 616 1566 670 διὰ
1613 618 1710 684 τῆς
1740 615 1835 669 τοῦ

271 719 482 790 βιϐλίου
537 715 928 782 καταπόσεως,
973 714 1068 767 τοῦ
1117 713 1218 775 τὰς
1278 712 1508 782 πράξεις
1562 710 1671 763 τῶν
1717 711 1838 764 ἀνο-

269 809 540 879 σιουργῶν
588 808 955 878 περιέχοντος,
999 806 1062 857 τὸ
1103 807 1162 857 ὲν
1209 804 1406 874 ἀρχαῖς
1433 802 1530 870 τῆς
1564 801 1838 870 ἁμαρτίας

267 902 466 970 γλυκὺ,
501 900 698 969 πικρὸν
728 899 785 951 δὲ
821 898 958 968 μετὰ
991 897 1091 966 τὴν
1125 896 1324 968 πρᾶξιν
1359 894 1444 947 διά
1471 893 1570 963 τὴν
1601 891 1837 962 ἀμοιϐὴν

265 993 600 1047 διδάσκεται.

267 1096 552 1156 peccatum
639 1086 798 1140 initio
855 1083 1045 1144 oﬂert,
1109 1089 1234 1148 post
1279 1092 1418 1148 opus
1476 1081 1749 1144 patratum
1811 1069 1864 1124 in

268 1184 424 1238 verti.
765 1220 768 1223 λ

331 1275 439 1328 Καὶ
469 1274 691 1328 ἔλαϐον
735 1272 802 1325 τὸ
826 1266 1208 1336 βιϐλαρίδιον
1243 1266 1309 1318 ἐκ
1354 1262 1463 1328 τῆς
1491 1259 1687 1328 χειρὸς
1728 1255 1835 1309 τοῦ

265 1367 560 1436 ἀγγέλουο
599 1365 699 1420 καὶ
719 1359 1237 1432 κατέφαπυνάῠτό.
1267 1357 1372 1411 Kal
1403 1351 1482 1423 ἦν
1507 1352 1587 1417 τῷ
1615 1351 1838 1436 στόμαο

266 1433 324 1504 τί
349 1433 469 1519 μου
497 1449 580 1515 ὡς
622 1449 763 1518 μέλι
793 1446 1027 1516 γλυκύ’
1073 1442 1170 1496 και
1222 1443 1320 1494 ὅτε
1383 1439 1609 1506 ἔφαγον
1666 1433 1835 1499 αὐτὸ,

265 1538 599 1606 ἐπικράνθη
632 1539 670 1606 ἡ
701 1537 901 1591 κοιλία
924 1554 1066 1605 μου.

335 1633 443 1684 Καὶ
476 1630 573 1684 ὅτε
602 1631 826 1699 ἔφαγον
853 1629 1021 1689 αὐτὸ,
1045 1625 1374 1695 ἐπικράνθη
1409 1624 1445 1690 ἠ
1472 1622 1669 1676 κοιλία
1691 1637 1828 1689 μου.

265 1723 576 1774 -Γλυκεῖα
607 1725 640 1790 ἡ
659 1721 837 1790 βίϐλος
853 1721 910 1772 ἐν
929 1722 1042 1782 τοῖς
1068 1718 1392 1788 προοιμίοις,
1407 1717 1495 1767 διὰ
1518 1713 1802 1782 τάφαιδρὰ
1817 1729 1829 1742 ·

267 1815 527 1876 ἐπίπονος
555 1813 612 1866 δὲ
649 1813 786 1883 πρὸς
819 1811 896 1881 τῷ
929 1811 1092 1871 τέλει,
1121 1809 1209 1862 διὰ
1245 1810 1339 1872 τὰς
1373 1805 1617 1875 πληγάς·
1649 1804 1835 1874 ὥσπερ

732 1862 1093 1971 γλυῗκείαμὲν
1119 1903 1186 1971 τῇ
1214 1862 1420 1967 γεύσει,
1463 1862 1637 1966 πικρά
1664 1895 1720 1947 δὲ
1763 1862 1830 1964 cii
1871 1862 1913 1915 Β

266 1995 433 2063 πέψει
462 1995 556 2048 καὶ
590 1997 655 2064 τῇ
693 1995 962 2057 ἀναδόσει,
1011 1991 1209 2055 καθὼς
1237 1993 1470 2061 εἴρηται.
1521 1989 1834 2059 Συμπαθεῖς

265 2088 324 2141 δὲ
357 2090 508 2150 ὄντες
559 2092 608 2141 οἱ
661 2090 829 2155 ἅγιοι,
884 2087 1364 2158 μετά.χαιρόντων
1416 2086 1689 2156 χαίρουσι,
1741 2084 1835 2136 καὶ

269 2180 410 2248 μετά
447 2179 743 2233 κλαιόντων
796 2177 1092 2243 κλαίουσιν,
1124 2176 1223 2248 [ὥς
1258 2192 1421 2247 φησιν
1450 2177 1479 2230 δ
1509 2175 1649 2238 θεῖος
1678 2174 1834 2227 Ἀπό-

268 2270 504 2342 στο).ος.]

344 2449 456 2502 Kal
494 2447 660 2518 λέγει
694 2464 825 2517 μοι’
856 2447 955 2500 Δεῖ
983 2463 1056 2501 σε
1082 2446 1268 2500 πάλιν
1300 2445 1711 2516 προφητεῦσαι
1739 2443 1836 2498 ἐπὶ

266 2543 443 2608 λαοῖς
483 2543 583 2597 καί
626 2544 849 2607 ἔθνεσι,
877 2541 974 2595 καί
1010 2541 1335 2610 γλώσσαις,
1371 2541 1470 2593 καί
1501 2538 1837 2604 βασιλεῦσι

267 2634 544 2701 πολλοῖς.
659 2679 662 2682 .
1440 2651 1443 2654 ‘

343 2727 454 2782 Kal
475 2728 639 2794 λέγει
659 2742 779 2795 μοι·
801 2725 902 2779 Δεῖ
917 2740 991 2778 σε
1019 2723 1208 2778 πάλιν
1225 2722 1838 2793 προφητεῦσαι-Διὰ

269 2818 478 2872 τούτων
515 2817 810 2882 δείκνυται,
843 2813 876 2886 ἢ
908 2817 969 2870 τὸ
1013 2816 1090 2887 μὴ
1120 2816 1322 2879 εὐθέως
1368 2813 1532 2886 [μετά
1563 2815 1663 2882 τὴν
1706 2813 1838 2881 ὅρα-

273 2906 385 2979 σιν]
414 2909 514 2976 τῆς
565 2909 713 2969 θείας
754 2909 1177 2977 ’Δποκαλύψεως
1222 2907 1293 2960 τὰ
1341 2905 1605 2976 ὁραθέντα
1666 2905 1839 2974 πέρας

274 2996 531 3067 δέχεσθαι
557 3011 574 3027 °
604 2996 740 3051 ἀλλά
771 2997 880 3050 δεῖν
905 2997 1008 3059 ,τὸν
1040 2996 1311 3067 μακάριον
1335 2997 1423 3050 διά
1443 3012 1500 3048 τε
1530 2995 1624 3048 τοῦ
1658 2993 1838 3061 Εὐαγ-

272 3087 461 3156 γτλίου
497 3087 687 3152 αὐτοῦ,
730 3087 819 3140 διά
847 3105 907 3141 τε
935 3089 1035 3158 τῆς
1083 3082 1365 3158 παρούσης
1416 3086 1836 3156 ἀποκαλύψεως,

276 3178 440 3248 μέχρι
493 3179 804 3244 συντελείας
857 3179 1226 3253 προφητεύειν
1282 3179 1351 3232 τά
1410 3178 1675 3249 μέλλοντα
1726 3181 1839 3242 τοῖς
1869 3208 1912 3266 C

273 3271 744 3338 ἀναγινώσκουσιν
767 3288 780 3303 °
818 3271 851 3341 ἢ
881 3273 942 3324 τὸ
974 3272 1141 3341 μήπω
1165 3273 1350 3324 τοῦτον
1377 3270 1610 3325 θανάτου
1645 3270 1844 3339 γεύσα-

274 3362 422 3427 σθαι,
454 3364 549 3416 ἐπὶ
573 3364 716 3416 τέλει
749 3363 804 3416 δὲ
824 3362 1159 3425 ἐλεύσεσθαι,
1187 3365 1286 3433 τῆς
1304 3365 1521 3433 ἀπάτης
1547 3362 1641 3416 τοῦ
1676 3365 1848 3416 Ἀντι-

273 3455 500 3525 χρίστου
530 3454 628 3526 τὴν
661 3453 977 3526 παραδοχὴν
1016 3453 1347 3509 κωλύσοντα.

345 3721 454 3775 Καὶ
503 3719 678 3786 ἐδόθη
706 3736 808 3786 μοι
839 3718 1107 3794 κιξλαμος
1151 3719 1352 3787 ὅμοιος
1389 3718 1609 3786 ῥάϐδῳ,
1652 3720 1846 3789 λέγων

265 3830 368 3882 μοι
392 3829 406 3842 ·
443 3812 701 3880 Ἐγειραι
731 3810 833 3864 καὶ
861 3813 1167 3879 μέτρησον
1200 3810 1307 3863 τόν
1349 3810 1498 3864 ναὸν
1528 3812 1634 3866 τοῦ
1671 3813 1842 3879 Θεοῦ,

271 3904 372 3957 καὶ
417 3902 484 3955 τὸ
515 3901 972 3970 θυσιαστήριον,
1015 3903 1110 3954 καὶ
1161 3902 1301 3967 τοὺς
1347 3905 1845 3972 προσκυνοῦντας

270 3995 340 4046 ὲν
366 3991 528 4056 αὐτῷ
562 3993 658 4045 καὶ
697 3992 812 4058 τὴν
854 3990 1056 4058 αὐλὴν
1099 3991 1214 4059 τὴν
1247 3992 1470 4056 ἔξωθεν
1519 3995 1626 4048 τοῦ
1667 3997 1842 4060 ναοῦ,

273 4083 494 4136 ἔκϐαλε
514 4081 631 4144 ἔξω
654 4097 669 4111 ο
699 4081 799 4134 καὶ
825 4079 911 4148 μὴ
960 4079 1155 4145 αὐτὴν
1179 4080 1510 4150 μετρήσῃς,
1546 4081 1634 4135 ὅτι
1663 4084 1844 4153 ἐδόθη

271 4173 399 4239 τοῖς
420 4174 623 4228 ἔθνεσι
641 4190 654 4204 ο
685 4173 780 4226 καὶ
812 4171 928 4237 τὴν
950 4173 1134 4224 πόλιν
1160 4172 1274 4238 τὴν
1298 4173 1477 4241 ἁγίαν
1503 4175 1846 4242 πατήσουσι

264 4264 470 4335 μῆνας
504 4263 956 4331 τεσσαράκοντα
989 4260 1136 4335 [καί]
1167 4263 1296 4318 δύο.

343 4357 444 4409 Διὰ
469 4355 526 4408 δὲ
557 4355 664 4408 τοῦ
697 4357 972 4424 καλάμου
1023 4356 1237 4420 τούτου,
1283 4355 1562 4411 δείκνυται
1619 4358 1844 4431 [πάντα]

272 4450 440 4518 νοερά
468 4444 704 4503 εἶναιτὰ
734 4449 791 4501 ὲν
825 4448 1044 4519 οὐρανῷ
1096 4450 1422 4519 φαινόμενα,
1460 4452 1553 4504 καὶ
1599 4453 1666 4504 τά
1716 4453 1846 4521 παρ’

1219 415 1818 478 COMMENTARIUS
1859 413 1939 474 IN
1982 415 2508 475 APOCALYPSIN.

3394 406 3497 466 310

776 529 858 582 ὅτι
891 527 1122 598 ἐπείπερ
1153 528 1306 596 ἅγιος
1351 529 1447 592 ὦν,
1500 527 1600 595 τῆς
1640 527 1836 596 πείρας
1865 531 1912 589 Α

1951 541 2043 595 lue
2071 526 2218 580 illata
2245 527 2450 597 ﬂagella
2483 524 2758 594 excipient
2792 537 2806 576 ε
2840 551 2907 562 —-
2941 521 3148 592 Exponi
3179 521 3333 574 aliter
3365 540 3498 591 quu-

1935 632 2040 687 quc
2069 618 2156 671 hic
2185 616 2338 671 locus
2381 627 2578 686 potest.
2613 615 2823 671 Etenim
2867 630 2992 668 cum
3038 614 3371 683 evangelista
3421 630 3500 666 νηι-

1937 723 2144 777 magna:
2177 709 2482 763 sanctitatis
2530 718 2694 773 esset.
2735 708 2981 775 improba
3034 707 3174 760 facta
3206 721 3301 775 per
3333 721 3500 773 expe-

1937 800 2184 854 rientiain
2218 816 2326 854 non
2385 809 2694 868 gustaverat
2729 820 2741 855 :
2777 816 2965 854 verum
3018 799 3109 852 ubi
3155 799 3376 862 librum,
3410 799 3500 865 qui

1937 892 2307 961 improborum
2345 902 2398 946 et
2433 907 2666 960 nequam
2724 894 3005 947 hominum
3066 891 3209 945 facta
3257 893 3502 945 contineo

1938 981 2050 1044 bat,
2083 982 2458 1044 devoraverat,
2513 983 2740 1037 edoctus
2773 993 2878 1046 est,
2935 983 3275 1037 dulcedinem
3334 996 3501 1049 quam

1942 1070 2381 1133 amaritudinem,
2435 1073 2537 1128 hoc
2580 1082 2681 1137 est,
2731 1071 2785 1125 in
2833 1087 3044 1140 poenam
3083 1082 3139 1127 et
3178 1072 3501 1134 cruciatum,

2009 1251 2073 1314 Χ,
2110 1252 2195 1305 t0.
2240 1252 2305 1305 Et
2341 1253 2516 1320 accepi
2541 1252 2733 1304 librum
2770 1253 2833 1305 de
2860 1269 3017 1305 manu
3044 1252 3238 1320 angeli.
3272 1263 3321 1305 et
3350 1252 3506 1306 devo-

1941 1344 2053 1396 ravi
2093 1344 2281 1404 illum;
2314 1353 2362 1396 et
2389 1353 2502 1397 erat
2531 1345 2583 1396 in
2610 1359 2699 1395 ore
2725 1358 2837 1395 meo
2884 1353 3136 1410 tanquam
3168 1345 3265 1394 mel
3310 1345 3461 1395 dulce
3483 1359 3502 1395 :

1939 1441 1988 1485 ct
2039 1447 2155 1484 cum
2213 1431 2542 1486 derorassem
2595 1448 2754 1498 eum,
2823 1434 3150 1484 amaricatus
3203 1441 3281 1485 est
3333 1443 3508 1485 venter

1943 1540 2106 1578 meus.

2014 1613 2198 1668 Dulcis
2251 1615 2542 1683 apparebat
2588 1615 2729 1670 liber
2769 1617 2822 1670 in
2853 1615 3098 1677 exordio,
3136 1624 3353 1683 prepter
3384 1616 3506 1670 laeta

1941 1721 2061 1774 quae
2094 1706 2402 1770 tractabat;
2459 1706 2720 1762 molestus
2767 1714 2950 1760 autem
3002 1715 3055 1759 et
3096 1707 3406 1760 laboriosus
3438 1709 3505 1759 ad

1945 1798 2127 1858 linem,
2170 1807 2388 1865 propter
2424 1796 2606 1864 plagas
2647 1811 2784 1866 quas
2837 1797 3286 1849 interminabatur
3321 1815 3332 1850 :
3368 1813 3506 1865 qne-

1941 1889 2290 1942 madmodum
2335 1896 2619 1956 peccatum
2656 1903 2874 1956 quoque
2918 1887 3074 1942 dulce
3102 1898 3187 1942 est
3218 1889 3424 1955 gustui,
3455 1898 3510 1942 at

1940 1995 2185 2035 amarum
2218 1981 2446 2034 sortitur
2480 1982 2718 2046 exitum;
2757 1996 2857 2035 nec
2902 1991 3062 2034 coetu
3098 1996 3318 2049 quoque
3351 1982 3526 2035 facile-

1940 2077 2041 2124 est.
2067 2071 2203 2123 Cum
2226 2079 2407 2123 autem
2433 2071 2608 2125 sancti
2629 2070 2739 2124 sint
2763 2070 3163 2130 misericordes,
3185 2071 3509 2140 miserisque

1940 2162 2175 2230 compati
2211 2162 2442 2224 soleant,
2493 2161 2654 2215 sicuti
2694 2176 2817 2214 cum
2850 2153 3216 2229 gaudentibus
3247 2163 3506 2229 gaudent,

1941 2254 2015 2308 ita
2064 2270 2187 2307 cum
2237 2254 2580 2323 plorantibus
2632 2265 2685 2309 ct
2728 2254 2982 2310 ﬂentibus
3030 2257 3162 2309 llent
3206 2270 3424 2324 quoque
3455 2265 3505 2310 et

1944 2346 2176 2415 plorant.
2208 2344 2304 2416 [l't
2337 2345 2466 2400 dicit
2491 2344 2651 2399 divus
2675 2345 3014 2418 Apostolus]
3075 2388 3077 2391 -

2015 2437 2081 2502 Χ,
2126 2438 2212 2492 ll.
2249 2437 2311 2492 Et
2341 2440 2477 2493 dixit
2518 2440 2644 2493 mihi
2681 2456 2699 2494 :
2743 2440 2959 2510 Oportet
2992 2453 3040 2503 te
3066 2443 3255 2496 iterum
3284 2446 3509 2512 prophe-

1946 2537 2059 2580 tare
2111 2529 2390 2596 gentibus,
2443 2539 2491 2583 et
2541 2532 2785 2600 populis,
2831 2542 2878 2585 et
2934 2533 3162 2602 linguis,
3212 2544 3264 2588 et
3305 2533 3532 2602 regibum

1944 2621 2148 2672 multis.

2017 2706 2118 2762 Per
2148 2708 2260 2764 lta'c
2285 2709 2610 2766 alterutrum
2645 2713 2990 2779 insinuatur;
3039 2731 3232 2784 nempe
3260 2731 3528 2786 quas-per

1945 2800 2185 2854 divinam
2217 2803 2582 2873 Apocalypsin:
2631 2812 2848 2860 ostensa
2885 2817 3012 2862 sunt
3039 2808 3406 2877 evangelista,
3445 2825 3510 2864 ea

1947 2894 2185 2947 nondum
2220 2895 2382 2948 linem
2424 2896 2638 2961 sortita,
2672 2913 2847 2967 neque
2871 2900 3055 2954 statim
3093 2916 3314 2970 quoque
3343 2904 3511 2958 sorti-

1949 2995 2101 3050 tura;
2151 2985 2245 3039 sed
2303 2997 2555 3055 Oportere
2610 2987 2827 3044 beatum
2880 2992 3028 3046 illum
3078 2996 3254 3048 virum
3312 2977 3512 3064 partim

1946 3075 2165 3144 quidem
2222 3092 2314 3145 per
2366 3077 2746 3147 Evangelium,
2800 3083 2939 3151 quod
3004 3085 3256 3154 scripsit;
3313 3087 3534 3153 partim~

1947 3166 2107 3218 etiam
2135 3181 2231 3236 per
2259 3179 2579 3237 praesentem
2610 3171 2754 3225 hunc
2784 3173 3007 3239 librum,
3044 3191 3216 3244 usque
3237 3179 3304 3230 ad
3325 3178 3512 3233 saculi

1949 3258 2128 3323 linem,
2163 3275 2284 3328 qua:
2325 3259 2506 3314 futura
2538 3273 2665 3316 sunt
2693 3263 2987 3320 lectoribus
3009 3269 3336 3323 annuntiare
3367 3288 3378 3322 :
3419 3281 3515 3324 aut

1946 3357 2196 3405 sanctum
2228 3361 2374 3406 certe
2397 3353 2703 3420 apostolum
2727 3364 2955 3409 iiinrtem
2981 3359 3213 3412 necdum
3240 3370 3508 3430 gustasse,

1946 3439 2042 3496 sed
2072 3440 2174 3495 sub
2201 3442 2386 3495 saeculi
2418 3445 2945 3501 consummationem
2980 3458 3294 3513 venturum,
3335 3459 3392 3504 ut
3421 3453 3520 3504 im-

1946 3543 2298 3603 posturarum
2326 3535 2645 3593 Antichristi
2678 3538 2938 3608 impetum
2969 3541 3129 3595 sistat
3162 3552 3326 3612 atque
3357 3559 3512 3598 iocr-

1946 3636 2085 3680 ceat.
3077 3638 3082 3641 ’

2015 3718 2110 3785 XI,
2145 3720 2268 3786 με.
2303 3721 2371 3774 Et
2394 3723 2549 3776 datus
2581 3733 2655 3776 est
2678 3724 2806 3777 mihi
2837 3725 3076 3780 calamus
3108 3728 3300 3780 similis
3331 3730 3511 3798 rirgc,

1945 3819 1994 3864 et
2017 3811 2216 3864 dictum
2238 3813 2438 3885 εδιᾷε
2465 3814 2624 3868 mihi:
2649 3814 2901 3886 Surge,et
2922 3821 3101 3872 metire
3119 3820 3364 3886 templum
3396 3819 3511 3885 Dei,

1945 3913 1994 3956 et
2023 3906 2212 3968 a’tare,
2255 3913 2302 3957 et
2345 3905 2627 3960 adorantes
2662 3909 2715 3960 iu
2757 3924 2816 3960 eo
2847 3923 2863 3960 :
2898 3911 3108 3962 Atrium
3155 3921 3329 3963 autem
3373 3913 3514 3979 quod

1945 3980 2031 4062 est:
2053 3994 2186 4062 [oris
2226 3996 2507 4061 templum,
2539 3999 2667 4066 ejice
2699 3999 2883 4065 foras;
2913 4009 2964 4052 et
2993 4017 3054 4053 ne
3082 4004 3314 4055 metiaris
3355 4004 3512 4067 illud,

1947 4083 2071 4151 quia
2101 4083 2286 4134 datum
2316 4092 2394 4135 est
2422 4085 2700 4153 gentibus;
2726 4094 2775 4139 et
2807 4086 3075 4139 civitatem
3123 4099 3363 4142 sanctam
3403 4094 3512 4143 cal-

1949 4175 2140 4228 cabunt
2178 4177 2440 4229 mensibus
2470 4177 2826 4246 quadraginta
2853 4178 3074 4233 duobus.

2019 4354 2122 4409 Per
2170 4355 2435 4408 calamum
2488 4356 2631 4410 hunc
2679 4357 3012 4420 ostenditur,
3070 4359 3264 4426 omnia,
3304 4375 3424 4428 qua:
3463 4361 3513 4413 in

1948 4447 2094 4501 caelo
2117 4458 2438 4511 cernuntur,
2469 4447 2684 4503 etiamsi
2730 4447 3001 4517 ejusmodi
3040 4465 3126 4504 res
3154 4466 3316 4505 sensu
3347 4462 3399 4505 ct
3431 4469 3518 4505 ra-

270 4543 408 4612 ἡμῖν
446 4540 658 4610 ἀψυχα*
695 4539 887 4608 ὥσπερ
915 4537 1010 4592 οὖν
1052 4541 1144 4593 καὶ
1187 4541 1248 4593 τὸ
1280 4541 1664 4612 θυσιαστήριον
1696 4544 1789 4595 καὶ
1816 4544 1844 4595 ό
1878 4555 1912 4610 ῃ

1952 4539 2098 4593 tione
2132 4539 2271 4607 apud
2303 4555 2402 4594 nos
2431 4548 2677 4611 careant,
2711 4547 2771 4594 ut
2799 4549 2925 4595 sunt
2949 4542 3139 4607 altare,
3176 4543 3431 4607 thronus,
3464 4554 3516 4597 et

273 4633 485 4702 θρόνος,
515 4632 607 4686 καί
637 4649 760 4687 τινα
783 4633 949 4702 ἕτερα
970 4650 982 4662 ο
1013 4634 1135 4686 ἐπεὶ
1163 4632 1276 4696 πῶς
1308 4635 1336 4685 ό
1367 4633 1538 4696 δοθεὶς
1566 4635 1714 4704 αὐτῷ
1747 4636 1845 4688 κά-

271 4724 444 4792 λαμος
480 4724 662 4791 ἔλεγεν
682 4741 696 4756 ο
730 4725 1012 4791 Ἕγειραι,
1039 4725 1135 4778 καὶ
1192 4724 1500 4794 μέτρησον
1553 4727 1660 4779 τὸν
1692 4728 1845 4780 ναὸν

271 4817 382 4872 τοῦ
413 4815 563 4870 Θεοῦ
584 4833 602 4880 ;
643 4815 733 4887 [δι’
767 4810 834 4869 οὗ.
871 4816 1147 4869 δείκνυται
1183 4817 1447 4888 ἀγγελικῇ
1481 4819 1696 4871 συνέσει
1748 4821 1842 4872 ὲκ-

275 4912 498 4979 μετρείν
524 4909 615 4961 τὸν
645 4911 772 4961 ναὸν
795 4907 889 4960 τοῦ
919 4907 1104 4980 Θεοῦ.]
1129 4909 1189 4962 Εἰ
1218 4909 1275 4962 δέ
1309 4927 1394 4974 τις
1426 4913 1585 4980 φήσει
1613 4912 1720 4964 ὑπὸ
1746 4912 1841 4966 τοῦ

275 4999 493 5071 [αὐτοῦ]
543 4999 778 5067 ἀγγέλου
815 5002 907 5053 καὶ
948 5003 1038 5053 τὸν
1088 5001 1333 5070 κάλαμον
1378 5002 1624 5056 δεδόσθαι
1670 5004 1838 5074 αὐτῷ,

271 5092 372 5146 καὶ
384 5091 677 5162 ἀκηκοέναι
699 5091 853 5163 [παρ’
877 5092 1090 5164 αὑτοῦΓ
1117 5095 1397 5162 "Erl-ripas,
1423 5096 1519 5149 καί
1537 5097 1845 5166 μέτρησον

270 5183 382 5236 τόν
418 5183 567 5235 ναὸν
601 5181 710 5236 τοῦ
742 5183 911 5237 Θεοῦ.
959 5183 1157 5236 Τοῦτόν
1198 5203 1379 5254 φαμεν
1426 5187 1519 5240 τὸν
1571 5187 1845 5256 κάλαμον

275 5275 474 5342 μέτρον
502 5274 700 5344 δηλοῦν
731 5273 1012 5342 γνώσεως,
1038 5277 1338 5342 ἀναλογοῦν
1366 5278 1444 5347 τῷ
1474 5278 1802 5348 λαμϐάνοντι
1825 5297 1839 5312 ο

272 5359 342 5432 ἦς
374 5363 654 5427 ἀξιοῦνται
698 5365 749 5416 oi
784 5365 936 5435 παρά
962 5365 1100 5419 Θεοῦ
1133 5368 1226 5419 καὶ
1259 5367 1366 5420 τῶν
1397 5369 1557 5422 θείων
1595 5371 1842 5439 ἀγγέλων

273 5455 346 5510 δι’
375 5455 550 5527 ἔργων
576 5457 797 5525 ἀγαθῶν
825 5459 1240 5529 γινωσκόμενοι.
1275 5462 1456 5530 Ἔγνω
1495 5464 1602 5533 γὰρ
1640 5464 1843 5532 Κύριος

273 5549 402 5612 τοὺς
444 5550 602 5614 ὄντας
633 5551 822 5616 αὐτοῦ,
865 5551 1006 5605 θεῖόν
1037 5570 1170 5621 φησι
1203 5552 1405 5621 λόγιον.
1453 5557 1651 5608 ’ἰστέον
1684 5558 1739 5610 δὲ
1767 5558 1844 5622 ὡς

271 5639 416 5702 τινὲς
445 5641 552 5694 τὸν
571 5641 670 5711 μὲν
699 5643 803 5696 τοῦ
828 5643 989 5698 Θεοῦ⁶
1010 5645 1159 5699 ναὸν
1187 5645 1286 5715 τὴν
1310 5647 1843 5721 ΠαλαιάνΔιαθήκην

276 5728 504 5798 ἐνόησαν
526 5747 539 5758 ·
575 5731 688 5799 τὴν
720 5733 774 5785 δὲ
805 5733 1026 5796 ἔξωθεν
1074 5737 1296 5804 αὐλὴν,
1330 5740 1429 5809 τὴν
1473 5739 1624 5802 νέαν,
1657 5741 1746 5795 διὰ
1784 5745 1844 5796 τὸ

278 5819 475 5890 πλῆθος
509 5823 616 5877 τῶν
657 5827 714 5878 ἐν
745 5827 879 5896 αὐτῇ
918 5827 1258 5897 σωζομένων,
1291 5829 1456 5882 οὖσαν
1493 5833 1797 5903 ἀμέτρητον
1827 5853 1839 5867 ⁸

1951 4632 2054 4684 alia
2090 4631 2139 4684 id
2169 4647 2342 4700 genus
2383 4631 2686 4700 complura,
2725 4632 2990 4702 spiritalia
3031 4649 3183 4688 esse,
3207 4633 3342 4687 Nam
3375 4650 3517 4704 quo~

1953 4723 2114 4776 modo
2171 4723 2436 4785 calamus,
2480 4723 2572 4791 qui
2620 4723 2964 4792 evangelista
3015 4725 3196 4778 datus.
3219 4723 3515 4789 scribitur,

1951 4815 2131 4868 dicere
2179 4824 2409 4883 poterat.
2456 4815 2653 4884 Surge,
2689 4826 2738 4869 et
2783 4818 2966 4870 metire
3016 4817 3260 4884 templum
3309 4816 3423 4880 Dei,
3459 4829 3517 4872 ut

1951 4916 2237 4962 contextus
2266 4915 2458 4970 sonat,
2491 4907 2592 4960 nisi
2624 4918 2802 4960 mente
2826 4915 2879 4958 et
2911 4908 3122 4961 ratione
3150 4907 3343 4962 fuisset
3374 4925 3515 4977 prze-

1951 4997 2136 5052 ditus?
2167 4997 2320 5062 Quod
2348 4997 2395 5051 si
2422 4998 2546 5066 quis
2592 4998 2788 5052 dixerit
2818 4999 2886 5052 ab
2915 5013 3022 5051 uno
3070 4997 3376 5068 eodemque
3419 5016 3517 5053 am
3577 5052 3579 5054 .

1952 5090 2069 5159 gelo
2096 5099 2147 5143 et
2180 5091 2457 5143 calamum
2504 5089 2802 5159 accepisse,
2831 5099 2883 5143 et
2910 5103 3098 5143 vocem
3133 5089 3291 5152 hanc,
3326 5090 3514 5159 Surge,

1950 5191 1998 5235 et
2029 5181 2276 5250 templum
2297 5180 2392 5232 hoc
2419 5181 2620 5243 metire,
2653 5180 2960 5242 audivisse,
2997 5179 3375 5247 per-calamum
3399 5196 3516 5233 cer-

1953 5285 2061 5330 tam
2094 5275 2333 5330 scientiae
2365 5288 2700 5336 mensuram,
2733 5288 2856 5342 quae
2891 5271 3208 5338 accipientis
3263 5271 3513 5339 qualitati.

1952 5374 2490 5426 consentanca'erat,
2537 5363 2834 5433 significari
2885 5362 3154 5426 dicimus;
3205 5361 3528 5431 cuiusmodi

1951 5465 2360 5527 consequuntur
2399 5457 2518 5519 illi,
2576 5455 2670 5524 Qui
2720 5471 2750 5508 a
2795 5455 2904 5508 Deo
2948 5454 3257 5522 divinisque
3311 5453 3514 5520 angelis

1951 5554 2170 5621 prepter
2220 5542 2407 5603 sancta
2475 5564 2641 5618 opera
2691 5555 3086 5616 agnoscuntur.
3148 5545 3306 5598 Novit
3368 5545 3517 5596 enim

1953 5643 2250 5715 Dominus,
2272 5641 2365 5710 qui
2389 5653 2518 5696 sunt
2547 5641 2630 5703 sui
2654 5657 2676 5704 ;-
2695 5640 2854 5708 juxta
2875 5637 3186 5705 Scriptura:
3212 5635 3513 5703 eloquium,

1952 5736 2374 5790 Adverteantem
2395 5748 2500 5786 non
2523 5732 2709 5786 deesse
2732 5732 2821 5800 qui
2848 5747 2941 5800 per
2966 5730 3057 5782 Dei
3081 5729 3330 5796 templum
3351 5726 3516 5783 Vetus

1954 5829 2358 5884 Testamentum
2391 5824 2717 5897 intelligant;
2764 5839 2854 5892 per
2881 5821 3056 5877 aulam
3094 5832 3270 5875 autem
3299 5819 3517 5872 (αισι-ἑο.
