4276 6438
757 410 864 474 315

1933 404 2252 465 ᾹΝυΗΕίΕ
2304 405 2593 466 CAESARI
2606 405 2826 466 ENSIS

3916 404 4023 469 316

754 536 875 579 tuas
905 526 970 576 ".
1002 522 1250 578 Converte
1266 537 1382 583 nos,
1416 519 1553 573 Deus
1576 519 1831 573 salutaris
1862 527 2059 580 noster,
2092 528 2138 571 et
2170 527 2342 572 averte
2370 526 2416 580 Α

2335 535 2342 568 τ
2370 526 2416 580 Α
2444 537 2560 574 σου
2588 520 2691 589 ἀφ’
2720 517 2947 591 ἡμῶν]
2981 520 3082 574 ἵνα
3102 518 3189 589 μὴ
3224 518 3507 589 εἰσέλθῃς
3530 521 3617 585 είς
3647 521 3849 587 νρίσιν
3871 526 4024 589 μετὰ

754 616 893 668 iram
924 623 1072 667 tuam
1098 630 1130 666 α
1161 613 1305 665 nobis
1338 612 1406 666 '°.
1439 610 1619 680 Neque
1651 610 1815 663 intres
1850 610 1901 662 in
1920 609 2189 678 judicium
2216 625 2337 661 cum

756 706 917 758 servis
968 704 1073 756 tuis
1101 741 1117 768 ,
1168 700 1390 755 Domine
1421 702 1486 754 ³¹.
1515 698 1753 754 Judicati
1800 700 1947 754 enim
1973 702 2095 754 'abs
2126 707 2177 753 te
2198 738 2213 764 ,
2242 700 2336 768 qui

759 796 999 850 clemens
1043 804 1094 848 et
1142 794 1413 863 benignus
1460 808 1540 857 es,
1591 793 1896 857 erudimur,
1944 808 2012 847 ne
2059 808 2182 846 cum
2236 793 2341 846 hoc

761 883 966 939 mundo
1010 884 1474 948 condemnemur;
1526 882 1621 938 sed
1655 899 1752 953 per
1781 883 1918 937 levia
1957 883 2205 952 quzedam
2241 883 2341 938 lla-

761 972 900 1043 gella
936 971 1225 1038 admoniti,
1253 972 1653 1041 sempiternum
1679 972 1987 1027 crueiatum
2017 971 2337 1028 evadamus.

761 1067 1032 1132 Quoniam
1064 1066 1215 1119 dives
1247 1080 1309 1120 es
1348 1065 1401 1119 in
1439 1064 1908 1130 miserationibus,
1943 1065 2163 1121 Christe
2198 1065 2342 1123 Deus

762 1168 971 1212 noster.
995 1155 1166 1223 Quem
1201 1156 1432 1227 proinde
1460 1156 1615 1209 decet
1642 1155 1824 1210 omnis
1846 1156 2143 1225 gratiarum
2172 1155 2341 1222 actio,

759 1261 811 1302 et
844 1249 1037 1318 gloria,
1070 1259 1124 1302 et
1156 1251 1355 1313 honor,
1392 1256 1446 1302 et
1475 1247 1742 1313 adoratio,
1797 1263 1903 1302 una
1936 1262 2061 1302 cum
2096 1247 2256 1303 Patre
2288 1256 2344 1304 et

762 1340 979 1394 viviﬁco
1028 1348 1327 1410 sanctoque
1378 1340 1611 1409 Spiritu,
1662 1355 1811 1395 nunc
1846 1349 1900 1395 et
1940 1354 2176 1411 semper,
2202 1348 2258 1395 et
2286 1341 2341 1396 in

763 1431 961 1487 Saecula
994 1432 1341 1488 saeculorum.
1369 1434 1561 1488 Amen.

1108 1564 1335 1622 CAPUT
1378 1565 1570 1633 XXXI,
1618 1567 1851 1623 SEII’MO
1888 1569 1980 1623 .\'l.

770 1692 837 1748 L't
868 1696 973 1749 duo
1014 1699 1107 1751 isti
1148 1698 1239 1752 Dei
1277 1700 1539 1774 propheta:
1582 1700 1648 1753 ab
1680 1703 2008 1758 Amic/triste
2052 1707 2341 1774 trucidati,

1259 1770 1428 1822 demto
1474 1775 1825 1826 surrexerint.

836 1904 928 1968 XI,
964 1906 1046 1971 II,
1086 1906 1167 1960 ιτ.
1203 1906 1267 1961 Et
1297 1918 1413 1977 post
1437 1910 1546 1963 dies
1579 1920 1681 1964 tres
1709 1920 1758 1963 et
1788 1912 2091 1977 dimidium,
2112 1911 2345 1982 Spiritus

766 1996 885 2047 rita:
911 2012 941 2045 α
979 1993 1083 2048 Deo
1125 1998 1345 2049 intravit
1392 1999 1445 2051 in
1476 2016 1596 2063 eos,
1630 2012 1677 2054 et
1710 2011 1967 2054 steterunt
2010 2019 2167 2070 super
2193 2005 2345 2072 pedes

765 2100 886 2137 suos
912 2100 931 2136 :
961 2094 1009 2136 et
1036 2087 1194 2139 timor
1230 2104 1448 2157 magnus
1482 2092 1665 2144 cecidit
1699 2110 1856 2161 super
1876 2111 1962 2147 eos
1985 2096 2073 2164 qui
2102 2097 2344 2151 viderunt

765 2190 873 2227 eos.
905 2173 971 2227 Et
1001 2177 1316 2231 audiverunt
1351 2197 1523 2235 vocem
1556 2200 1800 2253 magnam
1822 2200 1887 2238 ea:
1910 2188 2059 2251 caelo,
2091 2190 2346 2244 dicentem

765 2270 837 2321 eis
882 2275 900 2322 ἒ
943 2269 1222 2325 Ascendite
1271 2273 1391 2327 huc.
1447 2276 1515 2332 Et
1566 2280 1917 2333 ascenderunt
1956 2282 2009 2335 in
2060 2283 2249 2336 (telum
2293 2285 2347 2338 in

768 2368 919 2417 nube.

842 2546 1227 2620 Posteaquam,
1261 2549 1457 2619 inquit,
1490 2558 1569 2605 tot
1598 2550 1715 2606 diés
1746 2551 1999 2607 exstincti
2030 2551 2345 2622 iacuerunt,

768 2650 904 2710 quot
944 2655 1117 2697 annos
1161 2641 1441 2696 vaticinati
1496 2641 1735 2708 fuerant,
1774 2643 2032 2699 nimirum
2085 2655 2194 2701 tres
2224 2662 2346 2699 cum

771 2733 1023 2799 dimidio,
1052 2733 1233 2789 denuo
1257 2744 1636 2801 surrexerunt,
1674 2735 2070 2807 Dominicoque
2099 2737 2351 2792 vehiculo

773 2826 940 2897 (nube
966 2827 1239 2897 videlicet)
1293 2828 1565 2889 subvecti.
1606 2828 1672 2882 ad
1704 2829 1904 2882 cmlum
1939 2830 2349 2896 ascenderunt;

771 2916 991 2971 timoris
1013 2916 1177 2973 simul
1203 2927 1257 2973 et
1284 2918 1527 2989 stuporis
1559 2934 1727 2975 causa
1761 2920 1867 2975 illis
1896 2919 2073 2975 eﬂ‘ccti
2105 2921 2351 2991 quiante

772 3007 897 3063 illos
922 3009 1192 3065 viderant.

847 3098 937 3165 .\'I,
966 3100 1050 3164 12,
1083 3103 1151 3156 I5
1204 3102 1271 3157 Et
1320 3105 1556 3157 viderunt
1581 3104 1702 3157 illos
1731 3104 1941 3158 inimici
1963 3122 2167 3159 eorum.
2203 3104 2265 3158 Et
2298 3107 2352 3159 in

774 3190 871 3243 illa
907 3190 1039 3244 liora
1070 3193 1245 3260 factus
1292 3204 1367 3247 est
1396 3207 1550 3248 terrte
1582 3206 1751 3249 motus
1784 3212 2042 3265 magnus;
2072 3208 2119 3250 et
2150 3198 2354 3251 decima

2440 609 2559 663 τῶν
2585 610 2824 665 δούλων
2852 626 2969 665 σου
2994 627 3008 643 ⁸
3034 612 3349 681 κρινόμενοι
3378 612 3488 681 γὰρ
3518 610 3625 664 ὑπὸ
3653 612 3747 663 σοῦ
3775 610 3872 663 τοῦ
3899 615 4022 679 φιλ-

2443 700 2733 772 ανθρώπου
2760 701 3111 774 [Δεσπότου,]
3143 702 3537 773 παιδευόμεθα,
3583 702 3672 756 ἵνα
3707 702 3784 774 μὴ
3812 704 3912 756 σὺν
3942 703 4021 773 τῷ

2442 792 2634 863 κόσμῳ
2686 792 3135 864 κατακριθῶμεν,
3185 793 3323 848 ἀλλὰ
3371 794 3439 847 δι’
3487 793 3687 863 ὀλίγων
3734 794 4023 865 μαστίγων

2442 881 2661 937 αἰώνιον
2690 882 3088 954 έκφευξώμεθα
3118 883 3342 938 κόλασιν
3362 899 3375 912 ’
3405 885 3488 938 ὅτι
3541 883 3801 948 πλούσιος
3845 883 4025 954 ὑπάρ-

2444 990 2560 1045 χεις
2609 976 2668 1029 έν
2704 975 3034 1046 οίκτιρμοῖς,
3069 975 3277 1046 Χριστὶ
3321 977 3351 1029 ό
3393 976 3529 1040 Θεὸς
3562 976 3744 1047 ἡμῶν.
3776 975 3889 1030 Καὶ
3937 976 4025 1028 σοὶ

2444 1066 2645 1137 πρέπει
2667 1067 2821 1121 πᾶσα
2851 1065 3249 1139 [εὐχαριστία,]
3285 1067 3437 1134 δόξα,
3467 1068 3625 1140 τιμὴ,
3657 1068 3752 1124 καὶ
3773 1068 4021 1138 προσκύ-

2444 1176 2621 1230 νησις,
2662 1160 2779 1231 ἅμα
2807 1160 2885 1231 τῷ
2936 1162 3133 1231 Πατρὶ,
3165 1162 3263 1215 καὶ
3288 1161 3366 1233 τῷ
3405 1162 3659 1234 ζωοποιῷ
3705 1161 4017 1232 Πνεῦματι,

2444 1253 2539 1308 νῦν
2592 1255 2686 1308 καὶ
2733 1254 2843 1319 ἀεὶ,
2904 1255 2999 1309 καὶ
3052 1255 3132 1319 είς
3197 1255 3327 1319 τοὺς
3365 1256 3571 1318 αἰῶνας
3623 1255 3733 1310 τῶν
3784 1253 4024 1310 αἰώνων.

2455 1348 2511 1401 Ἀ
2523 1347 2654 1417 μήν.

2864 1569 3116 1627 ΚΕΦΑΛ.
3151 1569 3277 1625 AA'.
3310 1571 3529 1626 ΛΟΓΟΣ
3563 1572 3665 1626 IA'.

2447 1709 2640 1782 Ὅπως
2673 1707 3116 1782 ,ἀναιρεθέντες
3158 1707 3279 1763 ὑπὸ
3303 1706 3452 1782 ,τοῦ-
3480 1671 3900 1782 ’ᾼντυξρίστου
3948 1708 4028 1782 [οι

2489 1779 2600 1834 δύο
2618 1774 2795 1835 οὗτοι
2821 1774 2928 1831 τοῦ
2954 1777 3104 1832 Θεοῦ
3127 1776 3453 1849 προφῆται]
3485 1774 3965 1845 ἀναστήσονται.

2374 1900 2421 1959 Β
2522 1912 2628 1967 Καὶ
2645 1912 2794 1982 μετὰ
2831 1912 2940 1978 τὰς
2970 1910 3128 1980 τρεῖς
3159 1911 3256 1964 καί
3288 1910 3480 1980 ἥμισυ
3507 1911 3754 1980 ἡμέρας,
3786 1914 4035 1984 Πνεῦμα

2456 2003 2603 2072 ζωῆς
2625 2005 2693 2058 ἐκ
2718 2004 2821 2058 τοῦ
2854 2002 3004 2057 Θεοῦ
3033 2001 3322 2070 εἰσῆλθεν
3350 2004 3437 2069 εις
3463 2003 3712 2069 αὐτούς·
3733 2005 3829 2060 καί
3849 2005 4034 2073 ἐστη-

2454 2112 2576 2151 var
2604 2096 2703 2149 ἐπὶ
2760 2094 2906 2160 τοὺς
2947 2094 3139 2160 πόδας
3180 2092 3380 2147 αὐτῶν
3405 2111 3421 2127 ο
3478 2094 3579 2149 καί
3618 2096 3804 2163 φόϐος
3849 2097 4037 2152 ἔπεσε

2450 2187 2637 2257 μέγας
2665 2185 2763 2240 ἐπὶ
2797 2184 2938 2247 τοὺς
2964 2182 3353 2253 θεωροῦντας
3383 2186 3627 2251 αὐτούς.
3664 2185 3772 2239 Καὶ
3796 2185 4039 2253 ἥκουσα

2455 2278 2661 2350 φωνῆς
2688 2279 2957 2350 μεγάλης
3009 2279 3078 2332 ἐκ
3121 2278 3226 2332 τοῦ
3272 2278 3535 2346 οὐρανοῦ
3572 2279 3879 2348 λεγούσης
3925 2280 4035 2334 ab-

2454 2372 2582 2438 τοῖς
2601 2390 2615 2403 ο
2669 2372 2944 2441 Ἀνάϐητε
2965 2368 3080 2425 ὧδε
3103 2388 3115 2400 ·
3148 2370 3246 2425 καί
3274 2371 3583 2439 ἀνέϐησαν
3608 2373 3696 2437 είς
3718 2371 3825 2425 τὸν
3857 2374 4039 2440 οὐρα-

2455 2466 2567 2519 νὸν
2589 2465 2658 2518 ἐν
2684 2460 2805 2536 [τῇ]
2830 2463 3076 2533 νεφέλῃ.

2538 2554 2884 2626 ’ἰσαρίθμους
2916 2556 3136 2626 ἡμέρας
3161 2557 3274 2619 τοῖς
3301 2554 3447 2609 ἔτεσι
3472 2556 3572 2626 τῆς
3608 2553 3788 2609 αὐτῶν
3818 2573 4039 2627 προφη-

2457 2648 2632 2712 τείας,
2692 2649 2847 2717 φησὶ,
2895 2646 3283 2718 νεκρωθέντες,
3348 2646 3559 2719 [πάλιν]
3614 2648 4040 2719 ἀναστήσονται,

2458 2739 2554 2789 καὶ
2624 2740 2705 2801 είς
2754 2736 2981 2805 οὐρανὸν
3045 2734 3148 2808 [ὲν]
3196 2736 3276 2802 τῶ
3329 2736 3646 2807 Δεσποτικῷ
3678 2736 3919 2807 ὀχήματι
3971 2740 4042 2806 τῇ

2458 2831 2655 2902 νεφέλῃ
2715 2830 3135 2896 ἁνελεύσονται,
3196 2828 3363 2898 φόϐος
3409 2829 3505 2883 καὶ
3557 2829 3896 2900 κατάπληξις
3928 2830 4044 2892 τοῖς

2459 2924 2630 2997 ὁρῶσι
2662 2925 2961 2994 γινόμενοι.

2534 3105 2641 3160 Kal
2672 3105 3019 3173 ἐθεώρησαν
3049 3104 3276 3169 αὐτοὺς
3301 3106 3355 3158 οἱ
3402 3102 3604 3172 ἐχθροί
3658 3100 3879 3156 αὐτῶν.
3933 3100 4048 3155 Καί

2466 3197 2578 3271 [ἐν]
2630 3198 2832 3265 ἐκείνῃ
2873 3196 2948 3263 τῇ
2982 3195 3173 3265 ’ἡμέρᾳ
3223 3194 3463 3263 ἐγένετο
3524 3194 3783 3263 σεισμός
3820 3193 4042 3264 μέγας·

775 3299 900 3351 pars
931 3284 1161 3337 ciritatiu
1217 3286 1404 3339 recidit
1427 3303 1443 3345 ς
1470 3298 1517 3339 et
1566 3290 1737 3341 occisa
1766 3297 1888 3341 sunt
1929 3290 1982 3342 in
2029 3299 2182 3342 terra:
2212 3299 2356 3342 motu
2383 3288 2427 3348 C

2383 3288 2427 3348 C
2465 3288 2562 3342 καὶ
2603 3287 2669 3341 τό
2694 3288 2951 3341 δέκατον
2977 3285 3085 3353 τῆς
3123 3286 3355 3352 πόλεως
3373 3286 3558 3340 ἕπεο-ε
3578 3302 3592 3315 ’
3627 3285 3727 3339 καὶ
3746 3285 4047 3340 ἀπεκτάν-

778 3372 992 3426 nomina
1028 3374 1299 3427 hominum
1329 3387 1524 3443 septem
1549 3377 1740 3430 millia.

849 3545 1044 3603 Isthmo
1076 3548 1264 3604 forsan
1299 3550 1485 3605 scnsili
1524 3549 1685 3604 modo
1714 3551 2004 3619 evenient;
2050 3552 2357 3608 sublimiori

779 3650 962 3695 autem
1015 3656 1182 3697 sensu
1232 3658 1328 3712 per
1373 3654 1531 3697 terrae
1580 3654 1803 3707 motum,
1848 3659 2031 3699 rerum
2074 3645 2357 3700 mobilium

778 3744 943 3803 atque
974 3733 1243 3789 ﬂuxarum
1267 3736 1333 3789 ad
1358 3735 1693 3791 stabiliorem
1720 3736 2127 3807 ﬁrmioremque
2155 3746 2358 3794 statum

782 3825 1067 3881 translatio
1106 3825 1449 3896 designatur.
1483 3825 1639 3893 Quod
1678 3838 1860 3884 autem
1894 3830 1961 3884 tle
1986 3830 2193 3884 decima
2229 3831 2359 3885 ciri-

781 3920 909 3971 tatis
945 3931 1096 3987 parte
1149 3920 1485 3989 ejusdemque
1534 3922 1693 3974 ruina
1745 3921 1833 3977 hic
1876 3924 2099 3986 dicitur,
2151 3923 2253 3978 hoc
2292 3924 2360 3979 ad

783 4008 1087 4080 impietatis
1114 4024 1302 4067 casum
1334 4011 1683 4067 referendum
1726 4013 1977 4069 videtur:
2013 4016 2213 4085 quippe
2238 4032 2362 4086 qua:

782 4117 883 4157 nec
908 4102 1306 4170 admonitione,
1338 4119 1515 4173 neque
1532 4114 1848 4160 sanctorum
1866 4107 1931 4160 ad
1950 4108 2149 4161 caelum
2179 4118 2358 4178 raptu,

781 4193 849 4247 ad
893 4209 1081 4249 sanam
1122 4203 1362 4250 mentem
1404 4195 1586 4251 redire
1632 4197 1877 4251 animum
1932 4198 2229 4269 aliquando
2274 4200 2361 4253 in-

780 4285 1031 4351 duxerit;
1065 4302 1189 4340 cum
1214 4287 1395 4342 caeteri
1424 4296 1630 4349 tamen,
1664 4295 1722 4341 ut
1744 4289 1908 4357 paulo
1938 4298 2059 4358 post
2093 4289 2360 4358 innuitur,

783 4377 891 4431 huc
942 4377 1226 4432 redierint.
1260 4378 1470 4449 Septem
1516 4379 1752 4448 denique
1801 4380 1974 4434 millia
2023 4382 2219 4447 occisa,
2267 4396 2362 4438 eos

782 4469 1095 4539 signiﬁcare
1163 4471 1518 4536 arbitramur,
1567 4471 1661 4540 qui
1697 4471 1751 4525 in
1785 4472 2015 4541 septima
2081 4473 2362 4542 praesentis

780 4565 905 4618 vitae
933 4572 1091 4618 a-tate
1126 4563 1595 4633 obtorpescentes,
1628 4562 1693 4617 ad
1723 4572 1972 4618 octavam
2002 4565 2363 4620 resurrectio-

784 4658 870 4711 nis
900 4672 1010 4710 nou
1050 4656 1342 4722 anhelant;
1374 4672 1513 4726 quos
1544 4656 1775 4727 proinde
1805 4667 2025 4710 mortem
2047 4659 2359 4724 secundum,

785 4750 890 4803 hoc
919 4758 1002 4804 est
1031 4760 1300 4805 aeternum
1347 4750 1610 4819 gehenna:
1649 4749 1999 4819 supplicium,
2043 4751 2230 4805 subire
2274 4766 2367 4806 ne-

786 4857 1002 4897 cessum
1042 4851 1143 4898 est.
1178 4844 1288 4897 Aut
1320 4853 1523 4912 septem
1555 4844 1723 4897 millia
1756 4845 1877 4899 illos
1909 4844 2047 4901 forte
2079 4847 2366 4911 denotant,

783 4936 878 5005 qui
908 4951 972 4990 ex
1003 4933 1207 4990 Iudicis
1238 4936 1577 4991 Antichristo
1603 4937 1971 4991 crediderant.

853 5027 966 5100 ΕΒ
994 5028 1088 5089 XI.
1121 5028 1210 5094 13,
1244 5029 1328 5082 Η.
1365 5027 1433 5082 Et
1466 5028 1658 5098 reliqui
1690 5030 1744 5082 in
1769 5029 2010 5082 timorem
2040 5039 2165 5082 sunt
2196 5030 2364 5094 missi,

784 5131 833 5176 et
864 5122 1120 5176 dederunt
1148 5122 1375 5191 gloriam
1410 5119 1517 5175 Deo
1548 5121 1683 5174 caeli.
1724 5120 1806 5174 Va:
1832 5121 2117 5174 secundum
2142 5121 2298 5184 abiit,
2319 5130 2368 5174 et

786 5232 901 5270 ecce
938 5231 1016 5268 ea:
1051 5217 1261 5268 tertium
1290 5217 1459 5269 veniet
1489 5217 1615 5268 cito.

863 5308 1176 5363 Inlitlelibus
1224 5309 1399 5374 caesis,
1448 5307 1766 5377 Christique
1811 5306 2148 5377 martyribus
2190 5306 2363 5377 gloria

787 5401 1037 5463 donatis,
1095 5410 1367 5472 quotquot
1422 5400 1600 5456 salute
1654 5415 1757 5452 non
1840 5398 2045 5468 indigni
2101 5400 2365 5469 comperti

2461 3386 2661 3449 θησαν
2690 3380 2761 3434 ἐν
2782 3379 2863 3446 τῷ
2892 3379 3126 3449 σεισμῷ
3152 3379 3414 3449 ὀνόματα
3434 3378 3762 3446 ἀνθρώπων
3778 3376 4051 3446 χιλιάδες

2461 3474 2633 3531 ἑπτά.

2529 3564 2642 3619 Καὶ
2676 3566 2735 3617 ἐν
2775 3562 2962 3634 ἐκείνῃ
2994 3564 3061 3633 τῇ
3092 3562 3280 3632 ἡμέρα
3324 3562 3549 3632 σεισμὸς
3587 3561 3759 3633 μέγας
3806 3561 4048 3629 ἐγένετο.

2471 3658 2634 3719 Ἴσως
2663 3655 2764 3727 μὲν
2786 3654 3179 3727 καὶαίσθητῶς
3206 3652 3374 3727 [τότε]
3400 3654 3572 3708 ταῦτα
3599 3655 4053 3725 γενήσεται-νοη-

2462 3750 2572 3813 τῶς
2603 3749 2661 3803 δὲ
2694 3749 2786 3804 τὸν
2812 3747 3095 3817 σεισμὸν,
3128 3747 3228 3814 τὴν
3256 3746 3369 3799 τῶν
3404 3745 3786 3815 σαλευομένων
3822 3746 4055 3815 μετάθε-

2465 3859 2549 3895 σιν
2578 3841 2672 3894 ὲπὶ
2699 3840 2759 3894 τδ
2787 3838 3049 3911 σταθερὸν
3081 3840 3182 3893 καὶ
3224 3838 3445 3908 βέϐαιον
3492 3836 3689 3906 δηλοῦν
3729 3838 4051 3909 νομίζομεν.

2466 3933 2543 3986 Τὸ
2566 3932 2820 3987 δέκατον
2851 3932 2919 3984 δὲ
2951 3929 3063 3999 τῆς
3113 3933 3348 3996 πόλεως
3394 3931 3660 3994 πίπτειν,
3698 3930 3761 3983 τὸ
3784 3931 3883 4001 τῆς
3923 3932 4054 3985 dat-

2464 4024 2619 4088 δείας
2652 4023 2877 4095 πτῶμα,
2906 4023 3045 4093 μήτε
3074 4024 3140 4092 τῇ
3182 4021 3412 4075 ἐκείνων
3448 4022 3672 4093 ἁρπαγῇ
3713 4022 4053 4092 σωφρονιζὰ-

2469 4132 2651 4184 μενον,
2684 4114 2761 4176 ὡς
2802 4112 2912 4165 τῶν
2949 4110 3156 4165 λοιπῶν
3199 4110 3620 4182 σωθησομένων.
3644 4113 3712 4165 Al
3736 4110 3847 4180 γὰρ
3901 4111 4056 4165 ἑπτὰ

2466 4206 2737 4277 χιλιάδες
2783 4205 3234 4275 ἀναιρούμεναι,
3282 4204 3411 4266 τοὺς
3456 4202 3534 4271 τῷ
3585 4201 3927 4271 έδδοματικῷ
3958 4202 4055 4255 τοῦ

2467 4299 2738 4370 παρόντος
2776 4296 2900 4368 βίου
2929 4296 3106 4368 χρόνῳ
3130 4294 3595 4367 προστετηκότας,
3615 4293 3711 4346 καὶ
3728 4292 3830 4363 τὴν
3859 4294 4057 4364 ὀγδόην

2466 4392 2565 4461 τῆς
2600 4389 2954 4452 ἀναστάσεως
2988 4388 3064 4459 μὴ
3092 4386 3485 4458 ἀναμένοντας,
3507 4385 3799 4457 σημαίνειν
3832 4389 4057 4457 φαίνον-

2465 4498 2557 4534 ται
2581 4497 2596 4514 ο
2630 4480 2724 4544 οὓς
2757 4481 2850 4534 καὶ
2874 4479 3287 4547 ἀποκτανθῆναι
3314 4479 3630 4545 ἐπάναγκες
3654 4478 3747 4529 τὸν
3774 4478 3834 4529 έν
3860 4479 4059 4549 γεέννῃ

2469 4573 2752 4641 δεύτερον
2788 4572 3069 4636 θάνατον,
3100 4570 3266 4644 [ἤτοι]
3301 4570 3403 4642 τὴν
3444 4567 3665 4623 αἰώνιον
3702 4568 3951 4623 κόλασιν.
3987 4572 4057 4623 'lI

2469 4666 2631 4737 τυχὸν
2679 4666 2909 4728 ἑπτάκις
2964 4664 3125 4735 χίλιοι
3160 4666 3378 4717 ἔσονται
3440 4664 3491 4715 οἱ
3542 4661 3604 4726 ἐξ
3652 4660 3925 4715 Ἰουδαίων
3983 4662 4061 4733 τῷ

2480 4760 2837 4830 Ἀντικρίστῳ
2862 4759 3198 4829 πειθόμενοι.

2544 5025 2650 5080 Καὶ
2681 5027 2734 5079 οί
2784 5026 2986 5080 λοιποί
3017 5024 3262 5093 ἔμφοϐοι
3313 5024 3593 5093 ἐγένοντο
3616 5039 3629 5054 ·
3682 5022 3797 5077 καί
3828 5021 4061 5076 ἔδωκαν

2475 5121 2668 5185 δόξαν
2707 5119 2788 5185 τῷ
2818 5117 2941 5184 Θεῷ
2970 5118 3080 5172 τοῦ
3126 5117 3409 5187 οὐρανοῦ.
3465 5118 3527 5172 Ἡ
3572 5116 3706 5169 οὐαί
3744 5117 3781 5183 ἠ
3808 5115 4062 5184 δευτέρα

2474 5213 2776 5281 ἀπῆλθεν·
2813 5214 2851 5281 ἡ
2880 5212 3014 5265 οὐαί
3045 5212 3082 5279 ἡ
3115 5211 3277 5279 τρίτη
3308 5210 3440 5264 ἰδοὺ
3472 5211 3705 5278 ἔρχεται
3740 5210 3916 5278 ταχύ.

2546 5311 2656 5362 Καὶ
2699 5310 2912 5363 ἔδωκαν
2964 5309 3123 5375 δόξαν
3170 5309 3249 5380 τῷ
3273 5310 3393 5380 Θεῷ
3422 5327 3435 5341 ’
3476 5309 3898 5380 μαστιζομένων
3948 5308 4059 5361 τῶν

2473 5400 2740 5465 ἀπίστων,
2774 5400 2870 5453 καὶ
2898 5399 3274 5470 δοξαζομένων
3300 5400 3412 5453 τῶν
3459 5398 3759 5473 μαρτύρων
3782 5400 3878 5455 τοῦ
3926 5401 4059 5470 Χρι-

789 5505 941 5557 sunt,
996 5490 1190 5558 inquit,
1232 5506 1425 5545 omnes
1458 5491 1624 5544 Deum
1663 5489 1917 5544 laudibus
1956 5491 2275 5546 extulerunt
2314 5499 2371 5542 et
2468 5511 2478 5543 t

2468 5490 2619 5555 στοῦ,
2646 5494 2695 5545 οἱ
2719 5493 2882 5560 ἄξιοι,
2920 5494 3075 5563 φησὶ,
3108 5493 3207 5563 τῆς
3258 5494 3554 5563 σωτηρίας,
3583 5493 3674 5547 τδν
3718 5492 3854 5546 Θεὸν
3905 5492 4061 5558 δοξᾶ-

789 5585 1185 5653 glorilicarunt.
1226 5582 1357 5638 Post
1387 5583 1497 5638 duo
1543 5592 1725 5637 autem
1779 5599 1875 5647 vna,
1924 5584 2145 5638 tertium
2196 5582 2363 5649 venit,

792 5691 889 5748 per
915 5678 1203 5748 septimani
1239 5679 1422 5733 tubam
1454 5680 1860 5736 adumbratum.

867 5858 913 5891 ”
939 5858 1080 5917 Psal.
1113 5873 1304 5928 cm",
1332 5860 1419 5917 7!-
1504 5862 1545 5895 "
1577 5860 1718 5919 Psal.
1750 5877 1969 5927 Lxxxtv,
2005 5863 2054 5918 ἱὶ.

2477 5588 2653 5650 ζουσι.
2679 5588 2833 5642 Μετὰ
2855 5588 2911 5640 δὲ
2941 5588 3036 5651 τὰς
3061 5586 3171 5653 δύο,
3194 5589 3359 5658 φησὶν
3379 5628 3393 5650 ,
3417 5586 3582 5654 Οὐαὶ,
3618 5588 3656 5657 ἠ
3704 5586 3867 5657 τρίτη
3897 5585 4064 5655 ἔρχε-

2478 5700 2570 5737 ται
2601 5685 2632 5754 ἡ
2671 5682 2757 5736 διὰ
2802 5683 2899 5756 τῆς
2928 5681 3162 5753 ἑϐδόμης
3204 5682 3526 5751 σάλπιγγος.

2136 5861 2175 5894 ⁸⁸
2205 5858 2353 5916 I‘sal.
2393 5876 2556 5925 CXL“,
2582 5859 2633 5916 ‘2.
