  <div class='ocr_page' id='page_1' title='image "/cluster/home/n/w/nwhite01/storage/ocr_20150623/106/nnc1.0046979980/174.png"; bbox 0 0 4276 6438; ppageno 0'>
   <div class='ocr_carea' id='block_1_1' title="bbox 276 430 375 493">
    <p class='ocr_par' dir='ltr' id='par_1_1' title="bbox 276 430 375 493">
     <span class='ocr_line' id='line_1_1' title="bbox 276 430 375 493; baseline 0 0"><span class='ocrx_word' id='word_1_1' title='bbox 276 430 375 493; x_wconf 69' lang='lat'><strong><em>317</em></strong></span> 
     </span>
    </p>
   </div>
   <div class='ocr_carea' id='block_1_2' title="bbox 862 535 1256 591">
    <p class='ocr_par' dir='ltr' id='par_1_2' title="bbox 862 535 1256 591">
     <span class='ocr_line' id='line_1_2' title="bbox 862 535 1256 591; baseline 0.005 -2"><span class='ocrx_word' id='word_1_2' title='bbox 862 537 1109 589; x_wconf 71' lang='grc' dir='ltr'><strong><em>ΚΕΦΑΛ.</em></strong></span> <span class='ocrx_word' id='word_1_3' title='bbox 1136 535 1256 591; x_wconf 79' lang='lat' dir='ltr'><strong><em>AB’.</em></strong></span> 
     </span>
    </p>
   </div>
   <div class='ocr_carea' id='block_1_3' title="bbox 277 642 1851 719">
    <p class='ocr_par' dir='ltr' id='par_1_3' title="bbox 277 642 1851 719">
     <span class='ocr_line' id='line_1_3' title="bbox 277 642 1851 719; baseline -0.006 -16"><span class='ocrx_word' id='word_1_4' title='bbox 277 649 414 719; x_wconf 68' lang='grc' dir='ltr'><em>Περὶ</em></span> <span class='ocrx_word' id='word_1_5' title='bbox 442 648 548 714; x_wconf 80' lang='grc' dir='ltr'><em>τῆς</em></span> <span class='ocrx_word' id='word_1_6' title='bbox 571 645 827 719; x_wconf 80' lang='grc' dir='ltr'><em>ἑϐδόμης</em></span> <span class='ocrx_word' id='word_1_7' title='bbox 847 646 1208 719; x_wconf 70' lang='grc' dir='ltr'><em>σάλπιγγρς,</em></span> <span class='ocrx_word' id='word_1_8' title='bbox 1233 644 1327 719; x_wconf 75' lang='lat' dir='ltr'><strong><em>xal</em></strong></span> <span class='ocrx_word' id='word_1_9' title='bbox 1359 642 1471 719; x_wconf 80' lang='grc' dir='ltr'><strong><em>τῶν</em></strong></span> <span class='ocrx_word' id='word_1_10' title='bbox 1502 644 1851 719; x_wconf 77' lang='grc' dir='ltr'><em>ὑμνούντων</em></span> 
     </span>
    </p>
   </div>
   <div class='ocr_carea' id='block_1_4' title="bbox 399 713 1742 785">
    <p class='ocr_par' dir='ltr' id='par_1_4' title="bbox 399 713 1742 785">
     <span class='ocr_line' id='line_1_4' title="bbox 399 713 1742 785; baseline -0.004 -13"><span class='ocrx_word' id='word_1_11' title='bbox 399 719 507 772; x_wconf 90' lang='grc' dir='ltr'><strong><em>τὸν</em></strong></span> <span class='ocrx_word' id='word_1_12' title='bbox 537 718 684 771; x_wconf 86' lang='grc' dir='ltr'><em>Θεὸν</em></span> <span class='ocrx_word' id='word_1_13' title='bbox 706 713 906 785; x_wconf 54' lang='grc' dir='ltr'><em>’ἁγίων</em></span> <span class='ocrx_word' id='word_1_14' title='bbox 934 715 1031 768; x_wconf 78' lang='grc' dir='ltr'><strong><em>ἐπὶ</em></strong></span> <span class='ocrx_word' id='word_1_15' title='bbox 1061 713 1135 781; x_wconf 77' lang='grc' dir='ltr'><em>τῇ</em></span> <span class='ocrx_word' id='word_1_16' title='bbox 1171 714 1487 782; x_wconf 80' lang='grc' dir='ltr'><em>μελλούσῃ</em></span> <span class='ocrx_word' id='word_1_17' title='bbox 1528 715 1742 780; x_wconf 71' lang='grc' dir='ltr'><em>κρίσει.</em></span> 
     </span>
    </p>
   </div>
   <div class='ocr_carea' id='block_1_5' title="bbox 350 820 1850 893">
    <p class='ocr_par' dir='ltr' id='par_1_5' title="bbox 350 820 1850 893">
     <span class='ocr_line' id='line_1_5' title="bbox 350 820 1850 893; baseline -0.005 -12"><span class='ocrx_word' id='word_1_18' title='bbox 350 829 457 881; x_wconf 79' lang='lat' dir='ltr'><strong><em>Kal</em></strong></span> <span class='ocrx_word' id='word_1_19' title='bbox 484 832 514 881; x_wconf 84' lang='grc' dir='ltr'><em>ὀ</em></span> <span class='ocrx_word' id='word_1_20' title='bbox 547 826 792 893; x_wconf 80' lang='grc' dir='ltr'><em>ἕϐδομος</em></span> <span class='ocrx_word' id='word_1_21' title='bbox 815 824 1068 891; x_wconf 84' lang='grc' dir='ltr'><em>ἅγγελος</em></span> <span class='ocrx_word' id='word_1_22' title='bbox 1097 821 1395 875; x_wconf 75' lang='grc' dir='ltr'><em>ἐσάλπισε</em></span> <span class='ocrx_word' id='word_1_23' title='bbox 1415 838 1429 853; x_wconf 91' lang='grc'><strong>·</strong></span> <span class='ocrx_word' id='word_1_24' title='bbox 1456 821 1551 873; x_wconf 79' lang='grc' dir='ltr'><em>καὶ</em></span> <span class='ocrx_word' id='word_1_25' title='bbox 1573 820 1850 887; x_wconf 82' lang='grc' dir='ltr'><em>ἐγένοντο</em></span> 
     </span>
    </p>
   </div>
   <div class='ocr_carea' id='block_1_6' title="bbox 276 911 1851 988">
    <p class='ocr_par' dir='ltr' id='par_1_6' title="bbox 276 911 1851 988">
     <span class='ocr_line' id='line_1_6' title="bbox 276 911 1851 988; baseline -0.004 -17"><span class='ocrx_word' id='word_1_26' title='bbox 276 920 467 988; x_wconf 60' lang='grc' dir='ltr'><em>φωναὶ</em></span> <span class='ocrx_word' id='word_1_27' title='bbox 492 918 743 986; x_wconf 80' lang='grc' dir='ltr'><em>μεγάλαι</em></span> <span class='ocrx_word' id='word_1_28' title='bbox 761 918 830 969; x_wconf 85' lang='grc' dir='ltr'><em>ἐν</em></span> <span class='ocrx_word' id='word_1_29' title='bbox 857 914 935 978; x_wconf 83' lang='grc' dir='ltr'><strong><em>τῶ</em></strong></span> <span class='ocrx_word' id='word_1_30' title='bbox 956 912 1208 981; x_wconf 79' lang='grc' dir='ltr'><em>οὐρανῷ,</em></span> <span class='ocrx_word' id='word_1_31' title='bbox 1228 912 1517 980; x_wconf 83' lang='grc' dir='ltr'><em>λέγουσαι</em></span> <span class='ocrx_word' id='word_1_32' title='bbox 1539 928 1553 944; x_wconf 78' lang='grc' dir='ltr'><strong>ο</strong></span> <span class='ocrx_word' id='word_1_33' title='bbox 1584 911 1851 979; x_wconf 81' lang='grc' dir='ltr'><strong><em>Ἐγένετο</em></strong></span> 
     </span>
    </p>
   </div>
   <div class='ocr_carea' id='block_1_7' title="bbox 276 999 1848 1077">
    <p class='ocr_par' dir='ltr' id='par_1_7' title="bbox 276 999 1848 1077">
     <span class='ocr_line' id='line_1_7' title="bbox 276 999 1848 1077; baseline -0.004 -15"><span class='ocrx_word' id='word_1_34' title='bbox 276 1012 315 1077; x_wconf 80' lang='grc' dir='ltr'><strong><em>ἡ</em></strong></span> <span class='ocrx_word' id='word_1_35' title='bbox 344 1010 632 1072; x_wconf 74' lang='grc' dir='ltr'><em>βασιλειά</em></span> <span class='ocrx_word' id='word_1_36' title='bbox 668 1007 772 1060; x_wconf 86' lang='grc' dir='ltr'><em>τοῦ</em></span> <span class='ocrx_word' id='word_1_37' title='bbox 817 1007 1068 1072; x_wconf 80' lang='grc' dir='ltr'><em>κόσμου,</em></span> <span class='ocrx_word' id='word_1_38' title='bbox 1108 1004 1212 1058; x_wconf 86' lang='grc' dir='ltr'><em>τοῦ</em></span> <span class='ocrx_word' id='word_1_39' title='bbox 1264 1002 1482 1070; x_wconf 74' lang='grc' dir='ltr'><em>Κυρίου</em></span> <span class='ocrx_word' id='word_1_40' title='bbox 1520 999 1706 1070; x_wconf 78' lang='grc' dir='ltr'><em>ἡμῶν,</em></span> <span class='ocrx_word' id='word_1_41' title='bbox 1752 1004 1848 1055; x_wconf 77' lang='grc' dir='ltr'><strong><em>καὶ</em></strong></span> 
     </span>
    </p>
   </div>
   <div class='ocr_carea' id='block_1_8' title="bbox 278 1093 1850 1167">
    <p class='ocr_par' dir='ltr' id='par_1_8' title="bbox 278 1093 1850 1167">
     <span class='ocr_line' id='line_1_8' title="bbox 278 1093 1850 1167; baseline -0.004 -15"><span class='ocrx_word' id='word_1_42' title='bbox 278 1101 386 1154; x_wconf 79' lang='grc' dir='ltr'><em>τοῦ</em></span> <span class='ocrx_word' id='word_1_43' title='bbox 442 1099 696 1167; x_wconf 73' lang='grc' dir='ltr'><em>Χριστοῦ</em></span> <span class='ocrx_word' id='word_1_44' title='bbox 750 1099 970 1152; x_wconf 73' lang='grc' dir='ltr'><em>αὐτοῦ’</em></span> <span class='ocrx_word' id='word_1_45' title='bbox 1014 1096 1112 1147; x_wconf 80' lang='lat' dir='ltr'><strong><em>xal</em></strong></span> <span class='ocrx_word' id='word_1_46' title='bbox 1166 1094 1525 1158; x_wconf 82' lang='grc' dir='ltr'><em>βασιλεύσει</em></span> <span class='ocrx_word' id='word_1_47' title='bbox 1570 1094 1656 1157; x_wconf 76' lang='grc' dir='ltr'><em>εἱς</em></span> <span class='ocrx_word' id='word_1_48' title='bbox 1710 1093 1850 1158; x_wconf 88' lang='grc' dir='ltr'><em>τοὺς</em></span> 
     </span>
    </p>
   </div>
   <div class='ocr_carea' id='block_1_9' title="bbox 286 1188 1851 1257">
    <p class='ocr_par' dir='ltr' id='par_1_9' title="bbox 286 1188 1851 1257">
     <span class='ocr_line' id='line_1_9' title="bbox 286 1188 1851 1257; baseline -0.004 -13"><span class='ocrx_word' id='word_1_49' title='bbox 286 1190 513 1257; x_wconf 82' lang='grc' dir='ltr'><em>αἰῶνας</em></span> <span class='ocrx_word' id='word_1_50' title='bbox 540 1189 658 1243; x_wconf 89' lang='grc' dir='ltr'><strong><em>τῶν</em></strong></span> <span class='ocrx_word' id='word_1_51' title='bbox 687 1190 915 1243; x_wconf 68' lang='grc' dir='ltr'><em>αἰώνων</em></span> <span class='ocrx_word' id='word_1_52' title='bbox 936 1206 949 1221; x_wconf 88' lang='grc'><strong>·</strong></span> <span class='ocrx_word' id='word_1_53' title='bbox 978 1188 1071 1241; x_wconf 82' lang='grc' dir='ltr'><strong><em>καὶ</em></strong></span> <span class='ocrx_word' id='word_1_54' title='bbox 1100 1192 1151 1241; x_wconf 78' lang='grc' dir='ltr'><em>οἱ</em></span> <span class='ocrx_word' id='word_1_55' title='bbox 1184 1188 1673 1253; x_wconf 71' lang='grc' dir='ltr'><strong><em>εἰκοσιτέσσαρες</em></strong></span> <span class='ocrx_word' id='word_1_56' title='bbox 1714 1202 1851 1253; x_wconf 78' lang='grc' dir='ltr'><em>πρε-</em></span> 
     </span>
    </p>
   </div>
   <div class='ocr_carea' id='block_1_10' title="bbox 285 1277 1850 1350">
    <p class='ocr_par' dir='ltr' id='par_1_10' title="bbox 285 1277 1850 1350">
     <span class='ocr_line' id='line_1_10' title="bbox 285 1277 1850 1350; baseline -0.006 -12"><span class='ocrx_word' id='word_1_57' title='bbox 285 1286 570 1350; x_wconf 76' lang='grc' dir='ltr'><em>σϐύτεροι</em></span> <span class='ocrx_word' id='word_1_58' title='bbox 602 1286 653 1335; x_wconf 93' lang='lat' dir='ltr'><strong><em>ol</em></strong></span> <span class='ocrx_word' id='word_1_59' title='bbox 671 1282 927 1335; x_wconf 79' lang='grc' dir='ltr'><em>ἐνώπιον</em></span> <span class='ocrx_word' id='word_1_60' title='bbox 952 1280 1058 1333; x_wconf 87' lang='grc' dir='ltr'><em>τοῦ</em></span> <span class='ocrx_word' id='word_1_61' title='bbox 1092 1278 1240 1332; x_wconf 80' lang='grc' dir='ltr'><em>Θεοῦ</em></span> <span class='ocrx_word' id='word_1_62' title='bbox 1261 1278 1579 1347; x_wconf 74' lang='grc' dir='ltr'><em>καθήμενοι</em></span> <span class='ocrx_word' id='word_1_63' title='bbox 1606 1278 1703 1330; x_wconf 72' lang='grc' dir='ltr'><strong><em>ἐπὶ</em></strong></span> <span class='ocrx_word' id='word_1_64' title='bbox 1733 1277 1850 1330; x_wconf 86' lang='grc' dir='ltr'><strong><em>τῶν</em></strong></span> 
     </span>
    </p>
   </div>
   <div class='ocr_carea' id='block_1_11' title="bbox 279 1366 1851 1442">
    <p class='ocr_par' dir='ltr' id='par_1_11' title="bbox 279 1366 1851 1442">
     <span class='ocr_line' id='line_1_11' title="bbox 279 1366 1851 1442; baseline -0.006 -14"><span class='ocrx_word' id='word_1_65' title='bbox 279 1377 510 1442; x_wconf 78' lang='grc' dir='ltr'><em>θρόνων</em></span> <span class='ocrx_word' id='word_1_66' title='bbox 543 1371 759 1434; x_wconf 82' lang='grc' dir='ltr'><em>αὐτῶν,</em></span> <span class='ocrx_word' id='word_1_67' title='bbox 813 1372 1044 1424; x_wconf 78' lang='grc' dir='ltr'><em>ἔπεσαν</em></span> <span class='ocrx_word' id='word_1_68' title='bbox 1066 1370 1163 1423; x_wconf 76' lang='grc' dir='ltr'><strong><em>ἐπὶ</em></strong></span> <span class='ocrx_word' id='word_1_69' title='bbox 1207 1372 1275 1421; x_wconf 79' lang='grc' dir='ltr'><strong><em>τὰ</em></strong></span> <span class='ocrx_word' id='word_1_70' title='bbox 1320 1369 1609 1436; x_wconf 79' lang='grc' dir='ltr'><em>πρόσωπα</em></span> <span class='ocrx_word' id='word_1_71' title='bbox 1653 1366 1851 1420; x_wconf 82' lang='grc' dir='ltr'><em>αὐτῶν</em></span> 
     </span>
    </p>
   </div>
   <div class='ocr_carea' id='block_1_12' title="bbox 279 1458 1851 1530">
    <p class='ocr_par' dir='ltr' id='par_1_12' title="bbox 279 1458 1851 1530">
     <span class='ocr_line' id='line_1_12' title="bbox 279 1458 1851 1530; baseline -0.006 -13"><span class='ocrx_word' id='word_1_72' title='bbox 279 1464 381 1517; x_wconf 76' lang='grc' dir='ltr'><strong><em>καὶ</em></strong></span> <span class='ocrx_word' id='word_1_73' title='bbox 417 1463 885 1530; x_wconf 71' lang='grc' dir='ltr'><em>προσεκύνησαν</em></span> <span class='ocrx_word' id='word_1_74' title='bbox 921 1459 1002 1525; x_wconf 84' lang='grc' dir='ltr'><em>τῷ</em></span> <span class='ocrx_word' id='word_1_75' title='bbox 1038 1458 1177 1524; x_wconf 84' lang='grc' dir='ltr'><em>Θεῷ,</em></span> <span class='ocrx_word' id='word_1_76' title='bbox 1231 1459 1514 1526; x_wconf 80' lang='grc' dir='ltr'><em>λέγοντες</em></span> <span class='ocrx_word' id='word_1_77' title='bbox 1538 1474 1550 1487; x_wconf 77' lang='grc' dir='ltr'><strong><em>ο</em></strong></span> <span class='ocrx_word' id='word_1_78' title='bbox 1602 1460 1851 1525; x_wconf 79' lang='grc' dir='ltr'><em>Εὐχαριο</em></span> 
     </span>
    </p>
   </div>
   <div class='ocr_carea' id='block_1_13' title="bbox 279 1549 1851 1624">
    <p class='ocr_par' dir='ltr' id='par_1_13' title="bbox 279 1549 1851 1624">
     <span class='ocr_line' id='line_1_13' title="bbox 279 1549 1851 1624; baseline -0.004 -15"><span class='ocrx_word' id='word_1_79' title='bbox 279 1554 551 1624; x_wconf 83' lang='grc' dir='ltr'><em>στοῦμέν</em></span> <span class='ocrx_word' id='word_1_80' title='bbox 583 1570 703 1618; x_wconf 89' lang='grc' dir='ltr'><em>σοι,</em></span> <span class='ocrx_word' id='word_1_81' title='bbox 740 1556 914 1621; x_wconf 82' lang='grc' dir='ltr'><em>Κύριε</em></span> <span class='ocrx_word' id='word_1_82' title='bbox 964 1555 997 1607; x_wconf 79' lang='grc' dir='ltr'><em>ὁ</em></span> <span class='ocrx_word' id='word_1_83' title='bbox 1033 1554 1174 1617; x_wconf 89' lang='grc' dir='ltr'><em>Θεὸς</em></span> <span class='ocrx_word' id='word_1_84' title='bbox 1208 1549 1420 1620; x_wconf 70' lang='grc' dir='ltr'><em>[ἡμῶν]</em></span> <span class='ocrx_word' id='word_1_85' title='bbox 1455 1554 1487 1604; x_wconf 85' lang='grc' dir='ltr'><em>ὀ</em></span> <span class='ocrx_word' id='word_1_86' title='bbox 1522 1549 1851 1616; x_wconf 79' lang='grc' dir='ltr'><em>παντοκρά-</em></span> 
     </span>
    </p>
   </div>
   <div class='ocr_carea' id='block_1_14' title="bbox 281 1638 1852 1712">
    <p class='ocr_par' dir='ltr' id='par_1_14' title="bbox 281 1638 1852 1712">
     <span class='ocr_line' id='line_1_14' title="bbox 281 1638 1852 1712; baseline -0.003 -15"><span class='ocrx_word' id='word_1_87' title='bbox 281 1662 418 1711; x_wconf 88' lang='grc' dir='ltr'><em>τωρ,</em></span> <span class='ocrx_word' id='word_1_88' title='bbox 453 1647 485 1697; x_wconf 83' lang='grc' dir='ltr'><em>ό</em></span> <span class='ocrx_word' id='word_1_89' title='bbox 506 1642 589 1695; x_wconf 87' lang='grc' dir='ltr'><em>ὢν</em></span> <span class='ocrx_word' id='word_1_90' title='bbox 610 1643 707 1696; x_wconf 78' lang='grc' dir='ltr'><em>καὶ</em></span> <span class='ocrx_word' id='word_1_91' title='bbox 734 1643 766 1696; x_wconf 84' lang='grc' dir='ltr'><em>ὁ</em></span> <span class='ocrx_word' id='word_1_92' title='bbox 795 1638 874 1711; x_wconf 81' lang='grc' dir='ltr'><em>ἦν</em></span> <span class='ocrx_word' id='word_1_93' title='bbox 896 1641 1018 1712; x_wconf 76' lang='grc' dir='ltr'><strong><em>[καὶ</em></strong></span> <span class='ocrx_word' id='word_1_94' title='bbox 1049 1639 1461 1710; x_wconf 82' lang='grc' dir='ltr'><em>ὀέρχόμενος,]</em></span> <span class='ocrx_word' id='word_1_95' title='bbox 1486 1640 1574 1692; x_wconf 86' lang='grc' dir='ltr'><em>ὅτι</em></span> <span class='ocrx_word' id='word_1_96' title='bbox 1596 1640 1852 1708; x_wconf 65' lang='grc' dir='ltr'><em>εἵληεςας</em></span> 
     </span>
    </p>
   </div>
   <div class='ocr_carea' id='block_1_15' title="bbox 282 1732 1846 1804">
    <p class='ocr_par' dir='ltr' id='par_1_15' title="bbox 282 1732 1846 1804">
     <span class='ocr_line' id='line_1_15' title="bbox 282 1732 1846 1804; baseline -0.003 -14"><span class='ocrx_word' id='word_1_97' title='bbox 282 1735 400 1803; x_wconf 77' lang='grc' dir='ltr'><em>τὴν</em></span> <span class='ocrx_word' id='word_1_98' title='bbox 420 1736 678 1804; x_wconf 73' lang='grc' dir='ltr'><em>δύναμιν</em></span> <span class='ocrx_word' id='word_1_99' title='bbox 698 1752 814 1790; x_wconf 90' lang='grc' dir='ltr'><strong><em>σου</em></strong></span> <span class='ocrx_word' id='word_1_100' title='bbox 832 1734 945 1801; x_wconf 83' lang='grc' dir='ltr'><em>τὴν</em></span> <span class='ocrx_word' id='word_1_101' title='bbox 964 1732 1264 1803; x_wconf 80' lang='grc' dir='ltr'><em>μεγάλην·</em></span> <span class='ocrx_word' id='word_1_102' title='bbox 1291 1732 1388 1785; x_wconf 72' lang='grc' dir='ltr'><em>καὶ</em></span> <span class='ocrx_word' id='word_1_103' title='bbox 1412 1732 1816 1801; x_wconf 81' lang='grc' dir='ltr'><em>ἐϐασίλευσας</em></span> <span class='ocrx_word' id='word_1_104' title='bbox 1834 1751 1846 1764; x_wconf 94' lang='grc'><strong>·</strong></span> 
     </span>
    </p>
   </div>
   <div class='ocr_carea' id='block_1_16' title="bbox 282 1827 1093 1895">
    <p class='ocr_par' dir='ltr' id='par_1_16' title="bbox 282 1827 1093 1895">
     <span class='ocr_line' id='line_1_16' title="bbox 282 1827 1093 1895; baseline -0.001 -12"><span class='ocrx_word' id='word_1_105' title='bbox 282 1829 380 1883; x_wconf 74' lang='grc' dir='ltr'><em>καὶ</em></span> <span class='ocrx_word' id='word_1_106' title='bbox 416 1827 485 1881; x_wconf 84' lang='grc' dir='ltr'><em>τὰ</em></span> <span class='ocrx_word' id='word_1_107' title='bbox 512 1828 656 1894; x_wconf 80' lang='grc' dir='ltr'><em>ἔθνη</em></span> <span class='ocrx_word' id='word_1_108' title='bbox 690 1827 1093 1895; x_wconf 76' lang='grc' dir='ltr'><em>ὠργίσθησαν.</em></span> 
     </span>
    </p>
   </div>
   <div class='ocr_carea' id='block_1_17' title="bbox 352 1890 1926 1989">
    <p class='ocr_par' dir='ltr' id='par_1_17' title="bbox 352 1890 1926 1989">
     <span class='ocr_line' id='line_1_17' title="bbox 352 1890 1926 1989; baseline -0.001 -17"><span class='ocrx_word' id='word_1_109' title='bbox 352 1890 653 1973; x_wconf 75' lang='grc' dir='ltr'><em>Κάνταῦθα</em></span> <span class='ocrx_word' id='word_1_110' title='bbox 685 1890 846 1971; x_wconf 47' lang='lat' dir='ltr'><strong><em>nolim</em></strong></span> <span class='ocrx_word' id='word_1_111' title='bbox 878 1890 1021 1989; x_wconf 73' lang='grc' dir='ltr'><strong><em>[καὶ]</em></strong></span> <span class='ocrx_word' id='word_1_112' title='bbox 1062 1918 1188 1980; x_wconf 69' lang='grc' dir='ltr'><em>τοὺς</em></span> <span class='ocrx_word' id='word_1_113' title='bbox 1222 1917 1407 1984; x_wconf 76' lang='grc' dir='ltr'><em>ἁγίους</em></span> <span class='ocrx_word' id='word_1_114' title='bbox 1448 1918 1715 1985; x_wconf 71' lang='grc' dir='ltr'><em>ἀγγέλους</em></span> <span class='ocrx_word' id='word_1_115' title='bbox 1760 1920 1852 1971; x_wconf 76' lang='grc' dir='ltr'><strong><em>καὶ</em></strong></span> <span class='ocrx_word' id='word_1_116' title='bbox 1887 1890 1926 1944; x_wconf 73' lang='grc' dir='ltr'>Β</span> 
     </span>
    </p>
   </div>
   <div class='ocr_carea' id='block_1_18' title="bbox 276 2010 1851 2081">
    <p class='ocr_par' dir='ltr' id='par_1_18' title="bbox 276 2010 1851 2081">
     <span class='ocr_line' id='line_1_18' title="bbox 276 2010 1851 2081; baseline 0 -18"><span class='ocrx_word' id='word_1_117' title='bbox 276 2014 406 2073; x_wconf 60' lang='grc' dir='ltr'><em>τοὺς</em></span> <span class='ocrx_word' id='word_1_118' title='bbox 443 2011 749 2078; x_wconf 73' lang='grc' dir='ltr'><em>ἁγγελικῶς</em></span> <span class='ocrx_word' id='word_1_119' title='bbox 785 2010 1273 2077; x_wconf 62' lang='grc' dir='ltr'><strong><em>πολιτευσαμένους</em></strong></span> <span class='ocrx_word' id='word_1_120' title='bbox 1335 2011 1687 2081; x_wconf 65' lang='grc' dir='ltr'><em>εὐχαριστίαν</em></span> <span class='ocrx_word' id='word_1_121' title='bbox 1716 2014 1851 2065; x_wconf 85' lang='grc' dir='ltr'><em>ἀνα-</em></span> 
     </span>
    </p>
   </div>
   <div class='ocr_carea' id='block_1_19' title="bbox 280 2102 1852 2174">
    <p class='ocr_par' dir='ltr' id='par_1_19' title="bbox 280 2102 1852 2174">
     <span class='ocr_line' id='line_1_19' title="bbox 280 2102 1852 2174; baseline -0.001 -18"><span class='ocrx_word' id='word_1_122' title='bbox 280 2105 523 2172; x_wconf 79' lang='grc' dir='ltr'><em>πέμπειν</em></span> <span class='ocrx_word' id='word_1_123' title='bbox 555 2103 631 2173; x_wconf 79' lang='grc' dir='ltr'><em>τῷ</em></span> <span class='ocrx_word' id='word_1_124' title='bbox 678 2103 796 2172; x_wconf 72' lang='grc' dir='ltr'><em>Θεῷ</em></span> <span class='ocrx_word' id='word_1_125' title='bbox 827 2120 991 2172; x_wconf 74' lang='grc' dir='ltr'><em>φησιν</em></span> <span class='ocrx_word' id='word_1_126' title='bbox 1012 2120 1024 2132; x_wconf 90' lang='grc'><strong>·</strong></span> <span class='ocrx_word' id='word_1_127' title='bbox 1083 2104 1165 2155; x_wconf 75' lang='grc' dir='ltr'><em>ὅτι</em></span> <span class='ocrx_word' id='word_1_128' title='bbox 1209 2106 1274 2174; x_wconf 75' lang='grc' dir='ltr'><em>ἣν</em></span> <span class='ocrx_word' id='word_1_129' title='bbox 1308 2103 1366 2169; x_wconf 77' lang='grc' dir='ltr'>ἐξ</span> <span class='ocrx_word' id='word_1_130' title='bbox 1413 2103 1586 2172; x_wconf 76' lang='grc' dir='ltr'><em>ἀρχῆς</em></span> <span class='ocrx_word' id='word_1_131' title='bbox 1618 2103 1690 2166; x_wconf 84' lang='grc' dir='ltr'><em>ὡς</em></span> <span class='ocrx_word' id='word_1_132' title='bbox 1721 2102 1852 2164; x_wconf 82' lang='grc' dir='ltr'><em>Θεὸς</em></span> 
     </span>
    </p>
   </div>
   <div class='ocr_carea' id='block_1_20' title="bbox 283 2194 1852 2265">
    <p class='ocr_par' dir='ltr' id='par_1_20' title="bbox 283 2194 1852 2265">
     <span class='ocr_line' id='line_1_20' title="bbox 283 2194 1852 2265; baseline -0.001 -18"><span class='ocrx_word' id='word_1_133' title='bbox 283 2195 564 2265; x_wconf 76' lang='grc' dir='ltr'><em>βασιλείαν</em></span> <span class='ocrx_word' id='word_1_134' title='bbox 602 2195 885 2262; x_wconf 77' lang='grc' dir='ltr'><em>ἐκέκτητο,</em></span> <span class='ocrx_word' id='word_1_135' title='bbox 942 2194 1125 2247; x_wconf 76' lang='grc' dir='ltr'><em>λαϐεῖν</em></span> <span class='ocrx_word' id='word_1_136' title='bbox 1165 2196 1231 2248; x_wconf 78' lang='grc' dir='ltr'><em>δι’</em></span> <span class='ocrx_word' id='word_1_137' title='bbox 1257 2198 1403 2264; x_wconf 72' lang='grc' dir='ltr'><em>ἡμᾶς</em></span> <span class='ocrx_word' id='word_1_138' title='bbox 1448 2195 1522 2257; x_wconf 85' lang='grc' dir='ltr'><em>ὡς</em></span> <span class='ocrx_word' id='word_1_139' title='bbox 1567 2196 1852 2264; x_wconf 81' lang='grc' dir='ltr'><em>ἄνθρωπος</em></span> 
     </span>
    </p>
   </div>
   <div class='ocr_carea' id='block_1_21' title="bbox 280 2286 1851 2357">
    <p class='ocr_par' dir='ltr' id='par_1_21' title="bbox 280 2286 1851 2357">
     <span class='ocr_line' id='line_1_21' title="bbox 280 2286 1851 2357; baseline 0 -19"><span class='ocrx_word' id='word_1_140' title='bbox 280 2288 520 2356; x_wconf 74' lang='grc' dir='ltr'><em>ἠξίωσε·</em></span> <span class='ocrx_word' id='word_1_141' title='bbox 553 2289 667 2348; x_wconf 86' lang='grc' dir='ltr'><em>τοῖς</em></span> <span class='ocrx_word' id='word_1_142' title='bbox 713 2286 769 2339; x_wconf 76' lang='grc' dir='ltr'><em>δὲ</em></span> <span class='ocrx_word' id='word_1_143' title='bbox 810 2286 1059 2350; x_wconf 78' lang='grc' dir='ltr'><strong><em>ἀπίστοις</em></strong></span> <span class='ocrx_word' id='word_1_144' title='bbox 1090 2286 1296 2339; x_wconf 76' lang='grc' dir='ltr'><em>ἔθνεσιν</em></span> <span class='ocrx_word' id='word_1_145' title='bbox 1340 2288 1431 2340; x_wconf 67' lang='grc' dir='ltr'><strong><em>ἐπὶ</em></strong></span> <span class='ocrx_word' id='word_1_146' title='bbox 1478 2287 1655 2357; x_wconf 79' lang='grc' dir='ltr'><em>τούτῳ</em></span> <span class='ocrx_word' id='word_1_147' title='bbox 1699 2288 1851 2357; x_wconf 79' lang='grc' dir='ltr'><em>ὀργι-</em></span> 
     </span>
    </p>
   </div>
   <div class='ocr_carea' id='block_1_22' title="bbox 282 2379 1849 2452">
    <p class='ocr_par' dir='ltr' id='par_1_22' title="bbox 282 2379 1849 2452">
     <span class='ocr_line' id='line_1_22' title="bbox 282 2379 1849 2452; baseline 0 -20"><span class='ocrx_word' id='word_1_148' title='bbox 282 2380 488 2432; x_wconf 82' lang='grc' dir='ltr'><em>σθεῖσιν</em></span> <span class='ocrx_word' id='word_1_149' title='bbox 531 2379 679 2432; x_wconf 77' lang='grc' dir='ltr'><em>ὼσάν</em></span> <span class='ocrx_word' id='word_1_150' title='bbox 714 2379 1009 2449; x_wconf 69' lang='grc' dir='ltr'><em>προσφάτῳ</em></span> <span class='ocrx_word' id='word_1_151' title='bbox 1050 2382 1143 2432; x_wconf 75' lang='grc' dir='ltr'><strong><em>καὶ</em></strong></span> <span class='ocrx_word' id='word_1_152' title='bbox 1178 2379 1301 2451; x_wconf 77' lang='grc' dir='ltr'><strong><em>ξένῃ</em></strong></span> <span class='ocrx_word' id='word_1_153' title='bbox 1347 2380 1534 2450; x_wconf 82' lang='grc' dir='ltr'><em>διδαχῇ</em></span> <span class='ocrx_word' id='word_1_154' title='bbox 1574 2381 1849 2452; x_wconf 80' lang='grc' dir='ltr'><em>μακροθυ-</em></span> 
     </span>
    </p>
   </div>
   <div class='ocr_carea' id='block_1_23' title="bbox 282 2471 1848 2543">
    <p class='ocr_par' dir='ltr' id='par_1_23' title="bbox 282 2471 1848 2543">
     <span class='ocr_line' id='line_1_23' title="bbox 282 2471 1848 2543; baseline 0.002 -19"><span class='ocrx_word' id='word_1_155' title='bbox 282 2472 493 2542; x_wconf 78' lang='grc' dir='ltr'><em>μήσας,</em></span> <span class='ocrx_word' id='word_1_156' title='bbox 527 2472 619 2523; x_wconf 74' lang='grc' dir='ltr'><strong><em>ἐπὶ</em></strong></span> <span class='ocrx_word' id='word_1_157' title='bbox 646 2471 788 2524; x_wconf 81' lang='grc' dir='ltr'><em>τέλει</em></span> <span class='ocrx_word' id='word_1_158' title='bbox 818 2472 916 2541; x_wconf 79' lang='grc' dir='ltr'><em>τὴν</em></span> <span class='ocrx_word' id='word_1_159' title='bbox 944 2472 1099 2541; x_wconf 83' lang='grc' dir='ltr'><em>δίκην</em></span> <span class='ocrx_word' id='word_1_160' title='bbox 1144 2472 1406 2540; x_wconf 70' lang='grc' dir='ltr'><em>ἐπήγαγε.</em></span> <span class='ocrx_word' id='word_1_161' title='bbox 1448 2472 1538 2525; x_wconf 88' lang='grc' dir='ltr'><strong><em>Διό</em></strong></span> <span class='ocrx_word' id='word_1_162' title='bbox 1565 2487 1715 2543; x_wconf 79' lang='grc' dir='ltr'><em>φησι·</em></span> <span class='ocrx_word' id='word_1_163' title='bbox 1740 2475 1848 2528; x_wconf 86' lang='lat' dir='ltr'><strong><em>Kal</em></strong></span> 
     </span>
    </p>
   </div>
   <div class='ocr_carea' id='block_1_24' title="bbox 277 2558 1692 2632">
    <p class='ocr_par' dir='ltr' id='par_1_24' title="bbox 277 2558 1692 2632">
     <span class='ocr_line' id='line_1_24' title="bbox 277 2558 1692 2632; baseline 0 -15"><span class='ocrx_word' id='word_1_164' title='bbox 277 2558 465 2632; x_wconf 76' lang='grc' dir='ltr'><em>ἦλθεν</em></span> <span class='ocrx_word' id='word_1_165' title='bbox 492 2564 528 2630; x_wconf 79' lang='grc' dir='ltr'><strong><em>ἠ</em></strong></span> <span class='ocrx_word' id='word_1_166' title='bbox 549 2562 693 2632; x_wconf 75' lang='grc' dir='ltr'><em>ὀργή</em></span> <span class='ocrx_word' id='word_1_167' title='bbox 715 2577 853 2626; x_wconf 87' lang='grc' dir='ltr'><em>σου,</em></span> <span class='ocrx_word' id='word_1_168' title='bbox 882 2561 979 2615; x_wconf 76' lang='grc' dir='ltr'><em>καὶ</em></span> <span class='ocrx_word' id='word_1_169' title='bbox 998 2564 1029 2616; x_wconf 85' lang='grc' dir='ltr'><em>ὁ</em></span> <span class='ocrx_word' id='word_1_170' title='bbox 1054 2564 1258 2630; x_wconf 83' lang='grc' dir='ltr'><em>καιρὸς</em></span> <span class='ocrx_word' id='word_1_171' title='bbox 1295 2562 1413 2616; x_wconf 89' lang='grc' dir='ltr'><strong><em>τῶν</em></strong></span> <span class='ocrx_word' id='word_1_172' title='bbox 1444 2561 1692 2631; x_wconf 80' lang='grc' dir='ltr'><em>νεκρῶν.</em></span> 
     </span>
    </p>
   </div>
   <div class='ocr_carea' id='block_1_25' title="bbox 1234 427 2526 489">
    <p class='ocr_par' dir='ltr' id='par_1_25' title="bbox 1234 427 2526 489">
     <span class='ocr_line' id='line_1_25' title="bbox 1234 427 2526 489; baseline 0 -1"><span class='ocrx_word' id='word_1_173' title='bbox 1234 428 1831 489; x_wconf 59' lang='grc' dir='ltr'><em>μολιλιεκτλιῖιυδ</em></span> <span class='ocrx_word' id='word_1_174' title='bbox 1876 427 1953 486; x_wconf 67' lang='lat' dir='ltr'><strong><em>1N</em></strong></span> <span class='ocrx_word' id='word_1_175' title='bbox 1999 427 2526 488; x_wconf 62' lang='lat' dir='ltr'><strong><em>APOCALYPSIN.</em></strong></span> 
     </span>
    </p>
   </div>
   <div class='ocr_carea' id='block_1_26' title="bbox 3418 434 3523 497">
    <p class='ocr_par' dir='ltr' id='par_1_26' title="bbox 3418 434 3523 497">
     <span class='ocr_line' id='line_1_26' title="bbox 3418 434 3523 497; baseline 0.029 -3"><span class='ocrx_word' id='word_1_176' title='bbox 3418 434 3523 497; x_wconf 75' lang='lat'><strong><em>318</em></strong></span> 
     </span>
    </p>
   </div>
   <div class='ocr_carea' id='block_1_27' title="bbox 2496 531 2975 587">
    <p class='ocr_par' dir='ltr' id='par_1_27' title="bbox 2496 531 2975 587">
     <span class='ocr_line' id='line_1_27' title="bbox 2496 531 2975 587; baseline -0.006 0"><span class='ocrx_word' id='word_1_177' title='bbox 2496 531 2721 587; x_wconf 59' lang='lat' dir='ltr'><strong><em>CAPUT</em></strong></span> <span class='ocrx_word' id='word_1_178' title='bbox 2766 531 2975 586; x_wconf 73' lang='lat' dir='ltr'><strong><em>XXXII.</em></strong></span> 
     </span>
    </p>
   </div>
   <div class='ocr_carea' id='block_1_28' title="bbox 1957 642 3521 714">
    <p class='ocr_par' dir='ltr' id='par_1_28' title="bbox 1957 642 3521 714">
     <span class='ocr_line' id='line_1_28' title="bbox 1957 642 3521 714; baseline 0.002 -15"><span class='ocrx_word' id='word_1_179' title='bbox 1957 646 2030 699; x_wconf 82' lang='lat' dir='ltr'><strong><em>De</em></strong></span> <span class='ocrx_word' id='word_1_180' title='bbox 2065 646 2286 713; x_wconf 86' lang='lat' dir='ltr'><strong><em>septima</em></strong></span> <span class='ocrx_word' id='word_1_181' title='bbox 2335 645 2479 706; x_wconf 81' lang='lat' dir='ltr'><strong><em>tuba,</em></strong></span> <span class='ocrx_word' id='word_1_182' title='bbox 2519 654 2566 696; x_wconf 85' lang='lat' dir='ltr'><strong><em>ct</em></strong></span> <span class='ocrx_word' id='word_1_183' title='bbox 2596 645 2791 697; x_wconf 86' lang='lat' dir='ltr'><strong><em>sanctis</em></strong></span> <span class='ocrx_word' id='word_1_184' title='bbox 2833 645 2924 709; x_wconf 91' lang='lat' dir='ltr'><strong><em>qui</em></strong></span> <span class='ocrx_word' id='word_1_185' title='bbox 2968 642 3133 697; x_wconf 88' lang='lat' dir='ltr'><strong><em>Deum</em></strong></span> <span class='ocrx_word' id='word_1_186' title='bbox 3177 645 3240 698; x_wconf 86' lang='lat' dir='ltr'><strong><em>ob</em></strong></span> <span class='ocrx_word' id='word_1_187' title='bbox 3285 646 3521 714; x_wconf 77' lang='lat' dir='ltr'><strong><em>futurum</em></strong></span> 
     </span>
    </p>
   </div>
   <div class='ocr_carea' id='block_1_29' title="bbox 2435 732 3019 801">
    <p class='ocr_par' dir='ltr' id='par_1_29' title="bbox 2435 732 3019 801">
     <span class='ocr_line' id='line_1_29' title="bbox 2435 732 3019 801; baseline 0.002 -16"><span class='ocrx_word' id='word_1_188' title='bbox 2435 733 2699 801; x_wconf 76' lang='lat' dir='ltr'><strong><em>judicium</em></strong></span> <span class='ocrx_word' id='word_1_189' title='bbox 2734 732 3019 786; x_wconf 72' lang='lat' dir='ltr'><strong><em>celebrant.</em></strong></span> 
     </span>
    </p>
   </div>
   <div class='ocr_carea' id='block_1_30' title="bbox 2024 845 3521 913">
    <p class='ocr_par' dir='ltr' id='par_1_30' title="bbox 2024 845 3521 913">
     <span class='ocr_line' id='line_1_30' title="bbox 2024 845 3521 913; baseline -0.001 -11"><span class='ocrx_word' id='word_1_190' title='bbox 2024 849 2115 911; x_wconf 75' lang='lat'><strong><em>.\&#39;|,</em></strong></span> <span class='ocrx_word' id='word_1_191' title='bbox 2156 847 2345 909; x_wconf 59' lang='lat' dir='ltr'><strong><em>iii-1L</em></strong></span> <span class='ocrx_word' id='word_1_192' title='bbox 2393 845 2456 900; x_wconf 84' lang='lat' dir='ltr'><strong><em>Et</em></strong></span> <span class='ocrx_word' id='word_1_193' title='bbox 2503 846 2751 913; x_wconf 88' lang='lat' dir='ltr'><strong><em>septimus</em></strong></span> <span class='ocrx_word' id='word_1_194' title='bbox 2795 846 3014 913; x_wconf 78' lang='lat' dir='ltr'><strong><em>angelus</em></strong></span> <span class='ocrx_word' id='word_1_195' title='bbox 3054 846 3179 899; x_wconf 87' lang='lat' dir='ltr'><strong><em>tuba</em></strong></span> <span class='ocrx_word' id='word_1_196' title='bbox 3218 847 3434 911; x_wconf 91' lang='lat' dir='ltr'><strong><em>cecinit,</em></strong></span> <span class='ocrx_word' id='word_1_197' title='bbox 3472 857 3521 901; x_wconf 84' lang='lat' dir='ltr'><strong><em>et</em></strong></span> 
     </span>
    </p>
   </div>
   <div class='ocr_carea' id='block_1_31' title="bbox 1955 937 3522 1009">
    <p class='ocr_par' dir='ltr' id='par_1_31' title="bbox 1955 937 3522 1009">
     <span class='ocr_line' id='line_1_31' title="bbox 1955 937 3522 1009; baseline -0.002 -14"><span class='ocrx_word' id='word_1_198' title='bbox 1955 944 2110 1009; x_wconf 72' lang='lat' dir='ltr'><strong><em>facta:</em></strong></span> <span class='ocrx_word' id='word_1_199' title='bbox 2145 950 2266 994; x_wconf 89' lang='lat' dir='ltr'><strong><em>sunt</em></strong></span> <span class='ocrx_word' id='word_1_200' title='bbox 2302 956 2445 993; x_wconf 75' lang='lat' dir='ltr'><strong><em>uoces</em></strong></span> <span class='ocrx_word' id='word_1_201' title='bbox 2478 955 2683 1008; x_wconf 65' lang='lat' dir='ltr'><strong><em>magna!</em></strong></span> <span class='ocrx_word' id='word_1_202' title='bbox 2714 940 2767 990; x_wconf 89' lang='lat' dir='ltr'><strong><em>in</em></strong></span> <span class='ocrx_word' id='word_1_203' title='bbox 2800 940 2946 998; x_wconf 74' lang='lat' dir='ltr'><strong><em>mlo,</em></strong></span> <span class='ocrx_word' id='word_1_204' title='bbox 2984 941 3215 992; x_wconf 88' lang='lat' dir='ltr'><strong><em>dicentes</em></strong></span> <span class='ocrx_word' id='word_1_205' title='bbox 3247 956 3263 993; x_wconf 91' lang='lat'><strong><em>:</em></strong></span> <span class='ocrx_word' id='word_1_206' title='bbox 3295 937 3522 993; x_wconf 87' lang='lat' dir='ltr'><strong><em>Factum</em></strong></span> 
     </span>
    </p>
   </div>
   <div class='ocr_carea' id='block_1_32' title="bbox 1952 1029 3524 1102">
    <p class='ocr_par' dir='ltr' id='par_1_32' title="bbox 1952 1029 3524 1102">
     <span class='ocr_line' id='line_1_32' title="bbox 1952 1029 3524 1102; baseline -0.002 -16"><span class='ocrx_word' id='word_1_207' title='bbox 1952 1044 2027 1086; x_wconf 83' lang='lat' dir='ltr'><strong><em>est</em></strong></span> <span class='ocrx_word' id='word_1_208' title='bbox 2080 1048 2295 1102; x_wconf 78' lang='lat' dir='ltr'><strong><em>regnum</em></strong></span> <span class='ocrx_word' id='word_1_209' title='bbox 2344 1029 2499 1098; x_wconf 81' lang='lat' dir='ltr'><strong><em>hujus</em></strong></span> <span class='ocrx_word' id='word_1_210' title='bbox 2550 1030 2733 1082; x_wconf 89' lang='lat' dir='ltr'><strong><em>mundi</em></strong></span> <span class='ocrx_word' id='word_1_211' title='bbox 2779 1029 2991 1082; x_wconf 87' lang='lat' dir='ltr'><strong><em>Domini</em></strong></span> <span class='ocrx_word' id='word_1_212' title='bbox 3029 1032 3199 1085; x_wconf 92' lang='lat' dir='ltr'><strong><em>nostri</em></strong></span> <span class='ocrx_word' id='word_1_213' title='bbox 3238 1039 3288 1085; x_wconf 88' lang='lat' dir='ltr'><strong><em>et</em></strong></span> <span class='ocrx_word' id='word_1_214' title='bbox 3324 1029 3524 1084; x_wconf 84' lang='lat' dir='ltr'><strong><em>Christi</em></strong></span> 
     </span>
    </p>
   </div>
   <div class='ocr_carea' id='block_1_33' title="bbox 1951 1119 3521 1191">
    <p class='ocr_par' dir='ltr' id='par_1_33' title="bbox 1951 1119 3521 1191">
     <span class='ocr_line' id='line_1_33' title="bbox 1951 1119 3521 1191; baseline -0.003 -15"><span class='ocrx_word' id='word_1_215' title='bbox 1951 1125 2085 1191; x_wconf 85' lang='lat' dir='ltr'><strong><em>ejus,</em></strong></span> <span class='ocrx_word' id='word_1_216' title='bbox 2136 1134 2185 1177; x_wconf 93' lang='lat' dir='ltr'><strong><em>et</em></strong></span> <span class='ocrx_word' id='word_1_217' title='bbox 2219 1123 2451 1190; x_wconf 73' lang='lat' dir='ltr'><strong><em>regnabit</em></strong></span> <span class='ocrx_word' id='word_1_218' title='bbox 2496 1123 2546 1172; x_wconf 88' lang='lat' dir='ltr'><strong><em>in</em></strong></span> <span class='ocrx_word' id='word_1_219' title='bbox 2584 1120 2780 1173; x_wconf 68' lang='lat' dir='ltr'><strong><em>secula</em></strong></span> <span class='ocrx_word' id='word_1_220' title='bbox 2830 1120 3139 1173; x_wconf 81' lang='lat' dir='ltr'><strong><em>sa&#39;cul0rum</em></strong></span> <span class='ocrx_word' id='word_1_221' title='bbox 3178 1137 3193 1173; x_wconf 92' lang='lat'><em>:</em></span> <span class='ocrx_word' id='word_1_222' title='bbox 3228 1122 3411 1173; x_wconf 84' lang='lat' dir='ltr'><strong><em>Amen.</em></strong></span> <span class='ocrx_word' id='word_1_223' title='bbox 3454 1119 3521 1172; x_wconf 80' lang='lat' dir='ltr'><strong><em>Et</em></strong></span> 
     </span>
    </p>
   </div>
   <div class='ocr_carea' id='block_1_34' title="bbox 1951 1210 3519 1283">
    <p class='ocr_par' dir='ltr' id='par_1_34' title="bbox 1951 1210 3519 1283">
     <span class='ocr_line' id='line_1_34' title="bbox 1951 1210 3519 1283; baseline -0.001 -16"><span class='ocrx_word' id='word_1_224' title='bbox 1951 1216 2136 1283; x_wconf 75' lang='lat' dir='ltr'><strong><em>viginti</em></strong></span> <span class='ocrx_word' id='word_1_225' title='bbox 2166 1223 2395 1283; x_wconf 87' lang='lat' dir='ltr'><strong><em>quatuor</em></strong></span> <span class='ocrx_word' id='word_1_226' title='bbox 2425 1213 2677 1273; x_wconf 90' lang='lat' dir='ltr'><strong><em>seniores,</em></strong></span> <span class='ocrx_word' id='word_1_227' title='bbox 2710 1213 2800 1277; x_wconf 88' lang='lat' dir='ltr'><strong><em>qui</em></strong></span> <span class='ocrx_word' id='word_1_228' title='bbox 2830 1213 2882 1263; x_wconf 90' lang='lat' dir='ltr'><strong><em>in</em></strong></span> <span class='ocrx_word' id='word_1_229' title='bbox 2907 1221 3183 1277; x_wconf 84' lang='lat' dir='ltr'><strong><em>conspectu</em></strong></span> <span class='ocrx_word' id='word_1_230' title='bbox 3223 1210 3315 1263; x_wconf 85' lang='lat' dir='ltr'><strong><em>Dei</em></strong></span> <span class='ocrx_word' id='word_1_231' title='bbox 3341 1213 3519 1265; x_wconf 86' lang='lat' dir='ltr'><strong><em>sedent</em></strong></span> 
     </span>
    </p>
   </div>
   <div class='ocr_carea' id='block_1_35' title="bbox 1952 1304 3523 1369">
    <p class='ocr_par' dir='ltr' id='par_1_35' title="bbox 1952 1304 3523 1369">
     <span class='ocr_line' id='line_1_35' title="bbox 1952 1304 3523 1369; baseline -0.002 -11"><span class='ocrx_word' id='word_1_232' title='bbox 1952 1308 2003 1359; x_wconf 91' lang='lat' dir='ltr'><strong><em>in</em></strong></span> <span class='ocrx_word' id='word_1_233' title='bbox 2033 1306 2244 1360; x_wconf 90' lang='lat' dir='ltr'><strong><em>sedibus</em></strong></span> <span class='ocrx_word' id='word_1_234' title='bbox 2273 1306 2404 1362; x_wconf 89' lang='lat' dir='ltr'><strong><em>suis.</em></strong></span> <span class='ocrx_word' id='word_1_235' title='bbox 2431 1304 2725 1356; x_wconf 84' lang='lat' dir='ltr'><strong><em>ceciderunt</em></strong></span> <span class='ocrx_word' id='word_1_236' title='bbox 2748 1305 2800 1354; x_wconf 89' lang='lat' dir='ltr'><strong><em>in</em></strong></span> <span class='ocrx_word' id='word_1_237' title='bbox 2833 1304 2991 1369; x_wconf 76' lang='lat' dir='ltr'><strong><em>facies</em></strong></span> <span class='ocrx_word' id='word_1_238' title='bbox 3017 1320 3165 1364; x_wconf 87' lang='lat' dir='ltr'><strong><em>suas.</em></strong></span> <span class='ocrx_word' id='word_1_239' title='bbox 3193 1317 3241 1358; x_wconf 92' lang='lat' dir='ltr'><strong><em>et</em></strong></span> <span class='ocrx_word' id='word_1_240' title='bbox 3264 1306 3523 1355; x_wconf 71' lang='lat' dir='ltr'><strong><em>adorare-</em></strong></span> 
     </span>
    </p>
   </div>
   <div class='ocr_carea' id='block_1_36' title="bbox 1953 1394 3521 1463">
    <p class='ocr_par' dir='ltr' id='par_1_36' title="bbox 1953 1394 3521 1463">
     <span class='ocr_line' id='line_1_36' title="bbox 1953 1394 3521 1463; baseline -0.001 -15"><span class='ocrx_word' id='word_1_241' title='bbox 1953 1408 2070 1449; x_wconf 87' lang='lat' dir='ltr'><strong><em>runt</em></strong></span> <span class='ocrx_word' id='word_1_242' title='bbox 2104 1397 2291 1460; x_wconf 91' lang='lat' dir='ltr'><strong><em>Deum,</em></strong></span> <span class='ocrx_word' id='word_1_243' title='bbox 2327 1397 2555 1448; x_wconf 83' lang='lat' dir='ltr'><strong><em>dicentes</em></strong></span> <span class='ocrx_word' id='word_1_244' title='bbox 2591 1412 2608 1448; x_wconf 89' lang='lat'><em>:</em></span> <span class='ocrx_word' id='word_1_245' title='bbox 2641 1395 2857 1448; x_wconf 80' lang='lat' dir='ltr'><strong><em>Gratias</em></strong></span> <span class='ocrx_word' id='word_1_246' title='bbox 2889 1396 3093 1463; x_wconf 87' lang='lat' dir='ltr'><strong><em>agimus</em></strong></span> <span class='ocrx_word' id='word_1_247' title='bbox 3124 1396 3241 1459; x_wconf 88' lang='lat' dir='ltr'><strong><em>tibi,</em></strong></span> <span class='ocrx_word' id='word_1_248' title='bbox 3280 1394 3521 1459; x_wconf 79' lang='lat' dir='ltr'><strong><em>Domine,</em></strong></span> 
     </span>
    </p>
   </div>
   <div class='ocr_carea' id='block_1_37' title="bbox 1953 1487 3522 1557">
    <p class='ocr_par' dir='ltr' id='par_1_37' title="bbox 1953 1487 3522 1557">
     <span class='ocr_line' id='line_1_37' title="bbox 1953 1487 3522 1557; baseline -0.002 -17"><span class='ocrx_word' id='word_1_249' title='bbox 1953 1487 2095 1541; x_wconf 89' lang='lat' dir='ltr'><strong><em>Deus</em></strong></span> <span class='ocrx_word' id='word_1_250' title='bbox 2128 1489 2478 1557; x_wconf 84' lang='lat' dir='ltr'><strong><em>omnipotens,</em></strong></span> <span class='ocrx_word' id='word_1_251' title='bbox 2510 1489 2598 1555; x_wconf 86' lang='lat' dir='ltr'><strong><em>qui</em></strong></span> <span class='ocrx_word' id='word_1_252' title='bbox 2623 1504 2695 1549; x_wconf 92' lang='lat' dir='ltr'><strong><em>es,</em></strong></span> <span class='ocrx_word' id='word_1_253' title='bbox 2724 1496 2773 1540; x_wconf 90' lang='lat' dir='ltr'><strong><em>et</em></strong></span> <span class='ocrx_word' id='word_1_254' title='bbox 2807 1488 2897 1555; x_wconf 85' lang='lat' dir='ltr'><strong><em>qui</em></strong></span> <span class='ocrx_word' id='word_1_255' title='bbox 2924 1503 3041 1539; x_wconf 87' lang='lat' dir='ltr'><strong><em>eras</em></strong></span> <span class='ocrx_word' id='word_1_256' title='bbox 3068 1496 3114 1539; x_wconf 87' lang='lat' dir='ltr'><strong><em>et</em></strong></span> <span class='ocrx_word' id='word_1_257' title='bbox 3142 1488 3230 1554; x_wconf 88' lang='lat' dir='ltr'><strong><em>qui</em></strong></span> <span class='ocrx_word' id='word_1_258' title='bbox 3277 1497 3522 1539; x_wconf 70' lang='lat' dir='ltr'><strong><em>venturus</em></strong></span> 
     </span>
    </p>
   </div>
   <div class='ocr_carea' id='block_1_38' title="bbox 1952 1570 3522 1645">
    <p class='ocr_par' dir='ltr' id='par_1_38' title="bbox 1952 1570 3522 1645">
     <span class='ocr_line' id='line_1_38' title="bbox 1952 1570 3522 1645; baseline -0.002 -14"><span class='ocrx_word' id='word_1_259' title='bbox 1952 1592 2005 1632; x_wconf 90' lang='lat' dir='ltr'><strong><em>es</em></strong></span> <span class='ocrx_word' id='word_1_260' title='bbox 2034 1593 2049 1630; x_wconf 90' lang='lat'><em>:</em></span> <span class='ocrx_word' id='word_1_261' title='bbox 2075 1580 2197 1645; x_wconf 87' lang='lat' dir='ltr'><strong><em>quia</em></strong></span> <span class='ocrx_word' id='word_1_262' title='bbox 2243 1570 2488 1643; x_wconf 74' lang='lat' dir='ltr'><strong><em>accepisti</em></strong></span> <span class='ocrx_word' id='word_1_263' title='bbox 2538 1578 2787 1628; x_wconf 78' lang='lat' dir='ltr'><strong><em>virtutem</em></strong></span> <span class='ocrx_word' id='word_1_264' title='bbox 2838 1586 2981 1629; x_wconf 88' lang='lat' dir='ltr'><strong><em>tuam</em></strong></span> <span class='ocrx_word' id='word_1_265' title='bbox 3032 1592 3315 1644; x_wconf 85' lang='lat' dir='ltr'><strong><em>magnam,</em></strong></span> <span class='ocrx_word' id='word_1_266' title='bbox 3359 1584 3409 1629; x_wconf 83' lang='lat' dir='ltr'><strong><em>et</em></strong></span> <span class='ocrx_word' id='word_1_267' title='bbox 3444 1592 3522 1628; x_wconf 87' lang='lat' dir='ltr'><strong><em>re-</em></strong></span> 
     </span>
    </p>
   </div>
   <div class='ocr_carea' id='block_1_39' title="bbox 1955 1664 2815 1736">
    <p class='ocr_par' dir='ltr' id='par_1_39' title="bbox 1955 1664 2815 1736">
     <span class='ocr_line' id='line_1_39' title="bbox 1955 1664 2815 1736; baseline -0.001 -20"><span class='ocrx_word' id='word_1_268' title='bbox 1955 1667 2148 1736; x_wconf 87' lang='lat' dir='ltr'><strong><em>gnasti.</em></strong></span> <span class='ocrx_word' id='word_1_269' title='bbox 2187 1664 2251 1716; x_wconf 78' lang='lat' dir='ltr'><strong><em>Et</em></strong></span> <span class='ocrx_word' id='word_1_270' title='bbox 2289 1667 2441 1717; x_wconf 70' lang='lat' dir='ltr'><strong><em>iratzc</em></strong></span> <span class='ocrx_word' id='word_1_271' title='bbox 2472 1674 2592 1717; x_wconf 90' lang='lat' dir='ltr'><strong><em>sunt</em></strong></span> <span class='ocrx_word' id='word_1_272' title='bbox 2627 1674 2815 1733; x_wconf 79' lang='lat' dir='ltr'><strong><em>gentes.</em></strong></span> 
     </span>
    </p>
   </div>
   <div class='ocr_carea' id='block_1_40' title="bbox 2029 1934 3522 2003">
    <p class='ocr_par' dir='ltr' id='par_1_40' title="bbox 2029 1934 3522 2003">
     <span class='ocr_line' id='line_1_40' title="bbox 2029 1934 3522 2003; baseline 0.003 -15"><span class='ocrx_word' id='word_1_273' title='bbox 2029 1935 2125 1989; x_wconf 87' lang='lat' dir='ltr'><strong><em>llic</em></strong></span> <span class='ocrx_word' id='word_1_274' title='bbox 2162 1950 2378 1988; x_wconf 87' lang='lat' dir='ltr'><strong><em>rursum</em></strong></span> <span class='ocrx_word' id='word_1_275' title='bbox 2427 1934 2582 1987; x_wconf 86' lang='lat' dir='ltr'><strong><em>docct</em></strong></span> <span class='ocrx_word' id='word_1_276' title='bbox 2618 1944 2838 1989; x_wconf 82' lang='lat' dir='ltr'><strong><em>sanctos</em></strong></span> <span class='ocrx_word' id='word_1_277' title='bbox 2886 1936 3140 2003; x_wconf 73' lang='lat' dir='ltr'><strong><em>angelos,</em></strong></span> <span class='ocrx_word' id='word_1_278' title='bbox 3183 1945 3236 1989; x_wconf 90' lang='lat' dir='ltr'><strong><em>et</em></strong></span> <span class='ocrx_word' id='word_1_279' title='bbox 3270 1936 3522 1993; x_wconf 81' lang='lat' dir='ltr'><strong><em>homines</em></strong></span> 
     </span>
    </p>
   </div>
   <div class='ocr_carea' id='block_1_41' title="bbox 1956 2024 3523 2097">
    <p class='ocr_par' dir='ltr' id='par_1_41' title="bbox 1956 2024 3523 2097">
     <span class='ocr_line' id='line_1_41' title="bbox 1956 2024 3523 2097; baseline 0.003 -20"><span class='ocrx_word' id='word_1_280' title='bbox 1956 2027 2046 2095; x_wconf 92' lang='lat' dir='ltr'><strong><em>qui</em></strong></span> <span class='ocrx_word' id='word_1_281' title='bbox 2085 2026 2386 2091; x_wconf 83' lang='lat' dir='ltr'><strong><em>angelicam</em></strong></span> <span class='ocrx_word' id='word_1_282' title='bbox 2421 2025 2582 2078; x_wconf 76' lang='lat' dir='ltr'><strong><em>vitam</em></strong></span> <span class='ocrx_word' id='word_1_283' title='bbox 2617 2024 2842 2085; x_wconf 85' lang='lat' dir='ltr'><strong><em>ducunt,</em></strong></span> <span class='ocrx_word' id='word_1_284' title='bbox 2880 2042 2983 2077; x_wconf 81' lang='lat' dir='ltr'><strong><em>una</em></strong></span> <span class='ocrx_word' id='word_1_285' title='bbox 3017 2027 3171 2093; x_wconf 84' lang='lat' dir='ltr'><strong><em>quasi</em></strong></span> <span class='ocrx_word' id='word_1_286' title='bbox 3204 2043 3330 2081; x_wconf 76' lang='lat' dir='ltr'><strong><em>voce</em></strong></span> <span class='ocrx_word' id='word_1_287' title='bbox 3358 2039 3523 2097; x_wconf 87' lang='lat' dir='ltr'><strong><em>atque</em></strong></span> 
     </span>
    </p>
   </div>
   <div class='ocr_carea' id='block_1_42' title="bbox 1955 2116 3592 2186">
    <p class='ocr_par' dir='ltr' id='par_1_42' title="bbox 1955 2116 3592 2186">
     <span class='ocr_line' id='line_1_42' title="bbox 1955 2116 3592 2186; baseline 0.002 -15"><span class='ocrx_word' id='word_1_288' title='bbox 1955 2132 2223 2171; x_wconf 84' lang='lat' dir='ltr'><strong><em>consensu</em></strong></span> <span class='ocrx_word' id='word_1_289' title='bbox 2257 2116 2421 2169; x_wconf 87' lang='lat' dir='ltr'><strong><em>Deum</em></strong></span> <span class='ocrx_word' id='word_1_290' title='bbox 2466 2116 2705 2178; x_wconf 81' lang='lat' dir='ltr'><strong><em>laudare,</em></strong></span> <span class='ocrx_word' id='word_1_291' title='bbox 2741 2116 3078 2185; x_wconf 75' lang='lat' dir='ltr'><strong><em>gratiamque</em></strong></span> <span class='ocrx_word' id='word_1_292' title='bbox 3107 2119 3281 2171; x_wconf 88' lang='lat' dir='ltr'><strong><em>eidem</em></strong></span> <span class='ocrx_word' id='word_1_293' title='bbox 3318 2122 3521 2186; x_wconf 87' lang='lat' dir='ltr'><strong><em>persol-</em></strong></span> <span class='ocrx_word' id='word_1_294' title='bbox 3588 2125 3592 2129; x_wconf 73' lang='grc'><em>“</em></span> 
     </span>
    </p>
   </div>
   <div class='ocr_carea' id='block_1_43' title="bbox 1952 2206 3522 2275">
    <p class='ocr_par' dir='ltr' id='par_1_43' title="bbox 1952 2206 3522 2275">
     <span class='ocr_line' id='line_1_43' title="bbox 1952 2206 3522 2275; baseline 0.004 -17"><span class='ocrx_word' id='word_1_295' title='bbox 1952 2222 2100 2270; x_wconf 73' lang='lat' dir='ltr'><strong><em>vere,</em></strong></span> <span class='ocrx_word' id='word_1_296' title='bbox 2133 2216 2188 2261; x_wconf 93' lang='lat' dir='ltr'><strong><em>ut</em></strong></span> <span class='ocrx_word' id='word_1_297' title='bbox 2218 2208 2308 2275; x_wconf 90' lang='lat' dir='ltr'><strong><em>qui</em></strong></span> <span class='ocrx_word' id='word_1_298' title='bbox 2352 2221 2576 2274; x_wconf 77' lang='lat' dir='ltr'><strong><em>regnum</em></strong></span> <span class='ocrx_word' id='word_1_299' title='bbox 2609 2206 2761 2269; x_wconf 91' lang='lat' dir='ltr'><strong><em>illud,</em></strong></span> <span class='ocrx_word' id='word_1_300' title='bbox 2794 2206 2937 2275; x_wconf 86' lang='lat' dir='ltr'><strong><em>quod</em></strong></span> <span class='ocrx_word' id='word_1_301' title='bbox 2967 2207 3077 2275; x_wconf 87' lang='lat' dir='ltr'><strong><em>jam</em></strong></span> <span class='ocrx_word' id='word_1_302' title='bbox 3113 2208 3237 2261; x_wconf 83' lang='lat' dir='ltr'><strong><em>inde</em></strong></span> <span class='ocrx_word' id='word_1_303' title='bbox 3269 2210 3337 2262; x_wconf 90' lang='lat' dir='ltr'><strong><em>ab</em></strong></span> <span class='ocrx_word' id='word_1_304' title='bbox 3363 2211 3522 2264; x_wconf 91' lang='lat' dir='ltr'><strong><em>initio</em></strong></span> 
     </span>
    </p>
   </div>
   <div class='ocr_carea' id='block_1_44' title="bbox 1955 2298 3525 2365">
    <p class='ocr_par' dir='ltr' id='par_1_44' title="bbox 1955 2298 3525 2365">
     <span class='ocr_line' id='line_1_44' title="bbox 1955 2298 3525 2365; baseline 0.001 -11"><span class='ocrx_word' id='word_1_305' title='bbox 1955 2300 2007 2354; x_wconf 90' lang='lat' dir='ltr'><strong><em>in</em></strong></span> <span class='ocrx_word' id='word_1_306' title='bbox 2046 2314 2234 2353; x_wconf 84' lang='lat' dir='ltr'><strong><em>omnes</em></strong></span> <span class='ocrx_word' id='word_1_307' title='bbox 2290 2309 2545 2365; x_wconf 88' lang='lat' dir='ltr'><strong><em>tanquam</em></strong></span> <span class='ocrx_word' id='word_1_308' title='bbox 2607 2298 2745 2352; x_wconf 85' lang='lat' dir='ltr'><strong><em>Deus</em></strong></span> <span class='ocrx_word' id='word_1_309' title='bbox 2802 2298 3140 2363; x_wconf 86' lang='lat' dir='ltr'><strong><em>obtinuerat,</em></strong></span> <span class='ocrx_word' id='word_1_310' title='bbox 3208 2302 3525 2355; x_wconf 75' lang='lat' dir='ltr'><strong><em>novissimis</em></strong></span> 
     </span>
    </p>
   </div>
   <div class='ocr_carea' id='block_1_45' title="bbox 1953 2388 3525 2459">
    <p class='ocr_par' dir='ltr' id='par_1_45' title="bbox 1953 2388 3525 2459">
     <span class='ocr_line' id='line_1_45' title="bbox 1953 2388 3525 2459; baseline 0.001 -14"><span class='ocrx_word' id='word_1_311' title='bbox 1953 2390 2290 2458; x_wconf 76' lang='lat' dir='ltr'><strong><em>temporibus</em></strong></span> <span class='ocrx_word' id='word_1_312' title='bbox 2320 2405 2349 2443; x_wconf 87' lang='lat' dir='ltr'><strong><em>a</em></strong></span> <span class='ocrx_word' id='word_1_313' title='bbox 2384 2388 2491 2443; x_wconf 85' lang='lat' dir='ltr'><strong><em>Deo</em></strong></span> <span class='ocrx_word' id='word_1_314' title='bbox 2524 2390 2695 2443; x_wconf 88' lang='lat' dir='ltr'><strong><em>nostri</em></strong></span> <span class='ocrx_word' id='word_1_315' title='bbox 2733 2405 2895 2444; x_wconf 89' lang='lat' dir='ltr'><strong><em>causa</em></strong></span> <span class='ocrx_word' id='word_1_316' title='bbox 2923 2399 3182 2459; x_wconf 89' lang='lat' dir='ltr'><strong><em>tanquam</em></strong></span> <span class='ocrx_word' id='word_1_317' title='bbox 3218 2392 3379 2446; x_wconf 88' lang='lat' dir='ltr'><strong><em>homo</em></strong></span> <span class='ocrx_word' id='word_1_318' title='bbox 3402 2408 3525 2447; x_wconf 87' lang='lat' dir='ltr'><strong><em>sus-</em></strong></span> 
     </span>
    </p>
   </div>
   <div class='ocr_carea' id='block_1_46' title="bbox 1954 2482 3524 2554">
    <p class='ocr_par' dir='ltr' id='par_1_46' title="bbox 1954 2482 3524 2554">
     <span class='ocr_line' id='line_1_46' title="bbox 1954 2482 3524 2554; baseline 0.001 -17"><span class='ocrx_word' id='word_1_319' title='bbox 1954 2483 2133 2552; x_wconf 88' lang='lat' dir='ltr'><strong><em>cipere</em></strong></span> <span class='ocrx_word' id='word_1_320' title='bbox 2170 2497 2277 2537; x_wconf 91' lang='lat' dir='ltr'><strong><em>nou</em></strong></span> <span class='ocrx_word' id='word_1_321' title='bbox 2318 2484 2677 2547; x_wconf 74' lang='lat' dir='ltr'><strong><em>recusaverit,</em></strong></span> <span class='ocrx_word' id='word_1_322' title='bbox 2727 2482 3058 2551; x_wconf 85' lang='lat' dir='ltr'><strong><em>perlidisque</em></strong></span> <span class='ocrx_word' id='word_1_323' title='bbox 3098 2485 3367 2551; x_wconf 82' lang='lat' dir='ltr'><strong><em>gentibus,</em></strong></span> <span class='ocrx_word' id='word_1_324' title='bbox 3402 2499 3524 2554; x_wconf 61' lang='lat' dir='ltr'><strong><em>qua</em></strong></span> 
     </span>
    </p>
   </div>
   <div class='ocr_carea' id='block_1_47' title="bbox 1955 2575 3522 2644">
    <p class='ocr_par' dir='ltr' id='par_1_47' title="bbox 1955 2575 3522 2644">
     <span class='ocr_line' id='line_1_47' title="bbox 1955 2575 3522 2644; baseline 0.003 -17"><span class='ocrx_word' id='word_1_325' title='bbox 1955 2575 2059 2643; x_wconf 86' lang='lat' dir='ltr'><strong><em>ipsi</em></strong></span> <span class='ocrx_word' id='word_1_326' title='bbox 2092 2585 2349 2643; x_wconf 86' lang='lat' dir='ltr'><strong><em>tanquam</em></strong></span> <span class='ocrx_word' id='word_1_327' title='bbox 2386 2576 2585 2629; x_wconf 80' lang='lat' dir='ltr'><strong><em>recenti</em></strong></span> <span class='ocrx_word' id='word_1_328' title='bbox 2618 2591 2863 2643; x_wconf 78' lang='lat' dir='ltr'><strong><em>novaque</em></strong></span> <span class='ocrx_word' id='word_1_329' title='bbox 2890 2588 2939 2628; x_wconf 88' lang='lat' dir='ltr'><strong><em>et</em></strong></span> <span class='ocrx_word' id='word_1_330' title='bbox 2966 2580 3246 2644; x_wconf 79' lang='lat' dir='ltr'><strong><em>peregrina</em></strong></span> <span class='ocrx_word' id='word_1_331' title='bbox 3273 2578 3522 2632; x_wconf 74' lang='lat' dir='ltr'><strong><em>doetriua</em></strong></span> 
     </span>
    </p>
   </div>
   <div class='ocr_carea' id='block_1_48' title="bbox 282 2656 3526 2737">
    <p class='ocr_par' dir='ltr' id='par_1_48' title="bbox 282 2656 3526 2737">
     <span class='ocr_line' id='line_1_48' title="bbox 282 2656 3526 2737; baseline 0.004 -30"><span class='ocrx_word' id='word_1_332' title='bbox 282 2657 477 2720; x_wconf 88' lang='lat' dir='ltr'><strong><em>utenti,</em></strong></span> <span class='ocrx_word' id='word_1_333' title='bbox 514 2656 729 2712; x_wconf 76' lang='lat' dir='ltr'><strong><em>infestis</em></strong></span> <span class='ocrx_word' id='word_1_334' title='bbox 750 2657 948 2711; x_wconf 86' lang='lat' dir='ltr'><strong><em>animis</em></strong></span> <span class='ocrx_word' id='word_1_335' title='bbox 966 2656 1359 2725; x_wconf 83' lang='lat' dir='ltr'><strong><em>repugnabant,</em></strong></span> <span class='ocrx_word' id='word_1_336' title='bbox 1389 2666 1509 2726; x_wconf 91' lang='lat' dir='ltr'><strong><em>post</em></strong></span> <span class='ocrx_word' id='word_1_337' title='bbox 1537 2656 1850 2712; x_wconf 81' lang='lat' dir='ltr'><strong><em>diuturnam</em></strong></span> <span class='ocrx_word' id='word_1_338' title='bbox 1892 2666 2231 2731; x_wconf 83' lang='lat' dir='ltr'><strong><em>patientiam,</em></strong></span> <span class='ocrx_word' id='word_1_339' title='bbox 2275 2667 2480 2736; x_wconf 86' lang='lat' dir='ltr'><strong><em>justam</em></strong></span> <span class='ocrx_word' id='word_1_340' title='bbox 2559 2666 2775 2720; x_wconf 86' lang='lat' dir='ltr'><strong><em>tandem</em></strong></span> <span class='ocrx_word' id='word_1_341' title='bbox 2842 2667 3142 2737; x_wconf 89' lang='lat' dir='ltr'><strong><em>aliquando</em></strong></span> <span class='ocrx_word' id='word_1_342' title='bbox 3172 2666 3364 2736; x_wconf 84' lang='lat' dir='ltr'><strong><em>judicii</em></strong></span> <span class='ocrx_word' id='word_1_343' title='bbox 3396 2681 3526 2719; x_wconf 74' lang='lat' dir='ltr'><strong><em>cono</em></strong></span> 
     </span>
    </p>
   </div>
   <div class='ocr_carea' id='block_1_49' title="bbox 280 2747 2207 2827">
    <p class='ocr_par' dir='ltr' id='par_1_49' title="bbox 280 2747 2207 2827">
     <span class='ocr_line' id='line_1_49' title="bbox 280 2747 2207 2827; baseline 0.002 -27"><span class='ocrx_word' id='word_1_344' title='bbox 280 2747 756 2818; x_wconf 87' lang='lat' dir='ltr'><strong><em>demnationisque</em></strong></span> <span class='ocrx_word' id='word_1_345' title='bbox 789 2762 1003 2819; x_wconf 67' lang='lat' dir='ltr'><strong><em>plenam</em></strong></span> <span class='ocrx_word' id='word_1_346' title='bbox 1030 2748 1309 2803; x_wconf 83' lang='lat' dir='ltr'><strong><em>inllixerit.</em></strong></span> <span class='ocrx_word' id='word_1_347' title='bbox 1332 2748 1508 2813; x_wconf 85' lang='lat' dir='ltr'><strong><em>Quare</em></strong></span> <span class='ocrx_word' id='word_1_348' title='bbox 1528 2752 1690 2803; x_wconf 85' lang='lat' dir='ltr'><strong><em>etiam</em></strong></span> <span class='ocrx_word' id='word_1_349' title='bbox 1718 2765 1841 2803; x_wconf 78' lang='lat' dir='ltr'><strong><em>mox</em></strong></span> <span class='ocrx_word' id='word_1_350' title='bbox 1882 2755 2160 2827; x_wconf 68' lang='lat' dir='ltr'><strong><em>subjungit</em></strong></span> <span class='ocrx_word' id='word_1_351' title='bbox 2190 2776 2207 2811; x_wconf 71' lang='grc' dir='ltr'><strong><em>ε</em></strong></span> 
     </span>
    </p>
   </div>
   <div class='ocr_carea' id='block_1_50' title="bbox 355 2840 1854 2915">
    <p class='ocr_par' dir='ltr' id='par_1_50' title="bbox 355 2840 1854 2915">
     <span class='ocr_line' id='line_1_50' title="bbox 355 2840 1854 2915; baseline -0.001 -16"><span class='ocrx_word' id='word_1_352' title='bbox 355 2844 460 2899; x_wconf 78' lang='grc' dir='ltr'><strong><em>Καὶ</em></strong></span> <span class='ocrx_word' id='word_1_353' title='bbox 497 2840 683 2915; x_wconf 82' lang='grc' dir='ltr'><em>ἦλθεν</em></span> <span class='ocrx_word' id='word_1_354' title='bbox 714 2842 752 2911; x_wconf 79' lang='grc' dir='ltr'><strong><em>ἠ</em></strong></span> <span class='ocrx_word' id='word_1_355' title='bbox 804 2842 948 2913; x_wconf 73' lang='grc' dir='ltr'><em>ὀργή</em></span> <span class='ocrx_word' id='word_1_356' title='bbox 984 2855 1101 2897; x_wconf 83' lang='grc' dir='ltr'><strong><em>σου</em></strong></span> <span class='ocrx_word' id='word_1_357' title='bbox 1155 2842 1251 2897; x_wconf 78' lang='grc' dir='ltr'><strong><em>καὶ</em></strong></span> <span class='ocrx_word' id='word_1_358' title='bbox 1300 2844 1333 2897; x_wconf 85' lang='grc' dir='ltr'><em>ὀ</em></span> <span class='ocrx_word' id='word_1_359' title='bbox 1361 2844 1565 2911; x_wconf 71' lang='grc' dir='ltr'><em>καιρὸς</em></span> <span class='ocrx_word' id='word_1_360' title='bbox 1597 2842 1717 2897; x_wconf 86' lang='grc' dir='ltr'><strong><em>τῶν</em></strong></span> <span class='ocrx_word' id='word_1_361' title='bbox 1762 2861 1854 2898; x_wconf 82' lang='grc' dir='ltr'><em>νε-</em></span> 
     </span>
    </p>
   </div>
   <div class='ocr_carea' id='block_1_51' title="bbox 2034 2849 3523 2928">
    <p class='ocr_par' dir='ltr' id='par_1_51' title="bbox 2034 2849 3523 2928">
     <span class='ocr_line' id='line_1_51' title="bbox 2034 2849 3523 2928; baseline -0.001 -25"><span class='ocrx_word' id='word_1_362' title='bbox 2034 2850 2124 2915; x_wconf 76' lang='lat' dir='ltr'><strong><em>XI,</em></strong></span> <span class='ocrx_word' id='word_1_363' title='bbox 2162 2849 2247 2928; x_wconf 61' lang='lat' dir='ltr'><strong><em>lg.</em></strong></span> <span class='ocrx_word' id='word_1_364' title='bbox 2285 2851 2352 2906; x_wconf 87' lang='lat' dir='ltr'><strong><em>Et</em></strong></span> <span class='ocrx_word' id='word_1_365' title='bbox 2388 2852 2595 2905; x_wconf 82' lang='lat' dir='ltr'><strong><em>advenit</em></strong></span> <span class='ocrx_word' id='word_1_366' title='bbox 2627 2853 2708 2904; x_wconf 88' lang='lat' dir='ltr'><strong><em>ira</em></strong></span> <span class='ocrx_word' id='word_1_367' title='bbox 2742 2862 2853 2919; x_wconf 88' lang='lat' dir='ltr'><strong><em>tua,</em></strong></span> <span class='ocrx_word' id='word_1_368' title='bbox 2889 2862 2937 2906; x_wconf 92' lang='lat' dir='ltr'><strong><em>et</em></strong></span> <span class='ocrx_word' id='word_1_369' title='bbox 2971 2863 3168 2918; x_wconf 87' lang='lat' dir='ltr'><strong><em>tempus</em></strong></span> <span class='ocrx_word' id='word_1_370' title='bbox 3198 2858 3523 2903; x_wconf 87' lang='lat' dir='ltr'><strong><em>mortuorum</em></strong></span> 
     </span>
    </p>
   </div>
   <div class='ocr_carea' id='block_1_52' title="bbox 280 2936 1969 3012">
    <p class='ocr_par' dir='ltr' id='par_1_52' title="bbox 280 2936 1969 3012">
     <span class='ocr_line' id='line_1_52' title="bbox 280 2936 1969 3012; baseline -0.002 -18"><span class='ocrx_word' id='word_1_371' title='bbox 280 2940 460 3009; x_wconf 70' lang='lat' dir='ltr'><strong><em>zpdw,</em></strong></span> <span class='ocrx_word' id='word_1_372' title='bbox 494 2937 765 3007; x_wconf 73' lang='grc' dir='ltr'><em>κριθῆναι</em></span> <span class='ocrx_word' id='word_1_373' title='bbox 803 2937 900 2989; x_wconf 77' lang='grc' dir='ltr'><strong><em>καὶ</em></strong></span> <span class='ocrx_word' id='word_1_374' title='bbox 927 2936 1136 2989; x_wconf 81' lang='grc' dir='ltr'><em>δοῦναι</em></span> <span class='ocrx_word' id='word_1_375' title='bbox 1182 2936 1286 2990; x_wconf 90' lang='grc' dir='ltr'><strong><em>τὸν</em></strong></span> <span class='ocrx_word' id='word_1_376' title='bbox 1325 2938 1547 3005; x_wconf 90' lang='grc' dir='ltr'><em>μισθὸν</em></span> <span class='ocrx_word' id='word_1_377' title='bbox 1571 2937 1695 3003; x_wconf 82' lang='grc' dir='ltr'><em>τοῖς</em></span> <span class='ocrx_word' id='word_1_378' title='bbox 1719 2937 1853 2992; x_wconf 76' lang='grc' dir='ltr'><strong><em>δοιὲ⁹</em></strong></span> <span class='ocrx_word' id='word_1_379' title='bbox 1950 2962 1969 3012; x_wconf 55' lang='grc' dir='ltr'><em>λ</em></span> 
     </span>
    </p>
   </div>
   <div class='ocr_carea' id='block_1_53' title="bbox 1831 2936 3520 3012">
    <p class='ocr_par' dir='ltr' id='par_1_53' title="bbox 1831 2942 3520 3012">
     <span class='ocr_line' id='line_1_53' title="bbox 1831 2942 3520 3012; baseline -0.002 -16"><span class='ocrx_word' id='word_1_380' title='bbox 1831 2966 1853 2978; x_wconf 90' lang='grc'><strong>·</strong></span> <span class='ocrx_word' id='word_1_381' title='bbox 1950 2944 2211 3012; x_wconf 86' lang='lat' dir='ltr'><strong><em>judicari.</em></strong></span> <span class='ocrx_word' id='word_1_382' title='bbox 2242 2952 2293 2996; x_wconf 89' lang='lat' dir='ltr'><strong><em>et</em></strong></span> <span class='ocrx_word' id='word_1_383' title='bbox 2330 2944 2541 2996; x_wconf 85' lang='lat' dir='ltr'><strong><em>reddere</em></strong></span> <span class='ocrx_word' id='word_1_384' title='bbox 2570 2945 2852 2996; x_wconf 82' lang='lat' dir='ltr'><strong><em>mercedem</em></strong></span> <span class='ocrx_word' id='word_1_385' title='bbox 2890 2946 3051 2998; x_wconf 76' lang='lat' dir='ltr'><strong><em>servis</em></strong></span> <span class='ocrx_word' id='word_1_386' title='bbox 3103 2944 3207 2996; x_wconf 90' lang='lat' dir='ltr'><strong><em>tuis</em></strong></span> <span class='ocrx_word' id='word_1_387' title='bbox 3236 2942 3520 3011; x_wconf 81' lang='lat' dir='ltr'><strong><em>prophe:is,</em></strong></span> 
     </span>
    </p>
   </div>
   <div class='ocr_carea' id='block_1_54' title="bbox 281 3028 1850 3100">
    <p class='ocr_par' dir='ltr' id='par_1_54' title="bbox 281 3028 1850 3100">
     <span class='ocr_line' id='line_1_54' title="bbox 281 3028 1850 3100; baseline -0.001 -16"><span class='ocrx_word' id='word_1_388' title='bbox 281 3035 416 3095; x_wconf 85' lang='grc' dir='ltr'><em>λοις</em></span> <span class='ocrx_word' id='word_1_389' title='bbox 446 3046 563 3084; x_wconf 91' lang='grc' dir='ltr'><strong><em>σου</em></strong></span> <span class='ocrx_word' id='word_1_390' title='bbox 597 3029 719 3094; x_wconf 81' lang='grc' dir='ltr'><em>τοῖς</em></span> <span class='ocrx_word' id='word_1_391' title='bbox 762 3028 1113 3097; x_wconf 62' lang='grc' dir='ltr'><em>προφήταις,</em></span> <span class='ocrx_word' id='word_1_392' title='bbox 1162 3029 1257 3081; x_wconf 81' lang='grc' dir='ltr'><strong><em>καὶ</em></strong></span> <span class='ocrx_word' id='word_1_393' title='bbox 1293 3029 1413 3094; x_wconf 83' lang='grc' dir='ltr'><em>τοῖς</em></span> <span class='ocrx_word' id='word_1_394' title='bbox 1449 3029 1656 3097; x_wconf 71' lang='grc' dir='ltr'><em>ἁγίοις,</em></span> <span class='ocrx_word' id='word_1_395' title='bbox 1705 3028 1850 3100; x_wconf 78' lang='grc' dir='ltr'><em>[καὶ]</em></span> 
     </span>
    </p>
   </div>
   <div class='ocr_carea' id='block_1_55' title="bbox 1958 3031 3525 3101">
    <p class='ocr_par' dir='ltr' id='par_1_55' title="bbox 1958 3031 3525 3101">
     <span class='ocr_line' id='line_1_55' title="bbox 1958 3031 3525 3101; baseline -0.001 -15"><span class='ocrx_word' id='word_1_396' title='bbox 1958 3044 2006 3086; x_wconf 90' lang='lat' dir='ltr'><strong><em>et</em></strong></span> <span class='ocrx_word' id='word_1_397' title='bbox 2054 3033 2286 3097; x_wconf 86' lang='lat' dir='ltr'><strong><em>sanctis,</em></strong></span> <span class='ocrx_word' id='word_1_398' title='bbox 2330 3043 2379 3086; x_wconf 91' lang='lat' dir='ltr'><strong><em>et</em></strong></span> <span class='ocrx_word' id='word_1_399' title='bbox 2418 3033 2719 3086; x_wconf 85' lang='lat' dir='ltr'><strong><em>timentibus</em></strong></span> <span class='ocrx_word' id='word_1_400' title='bbox 2765 3050 2950 3086; x_wconf 85' lang='lat' dir='ltr'><strong><em>nomen</em></strong></span> <span class='ocrx_word' id='word_1_401' title='bbox 2998 3041 3178 3098; x_wconf 86' lang='lat' dir='ltr'><strong><em>tuum,</em></strong></span> <span class='ocrx_word' id='word_1_402' title='bbox 3216 3031 3426 3101; x_wconf 83' lang='lat' dir='ltr'><strong><em>pusillis</em></strong></span> <span class='ocrx_word' id='word_1_403' title='bbox 3474 3038 3525 3085; x_wconf 76' lang='lat' dir='ltr'><strong><em>et</em></strong></span> 
     </span>
    </p>
   </div>
   <div class='ocr_carea' id='block_1_56' title="bbox 282 3120 1971 3221">
    <p class='ocr_par' dir='ltr' id='par_1_56' title="bbox 282 3120 1971 3221">
     <span class='ocr_line' id='line_1_56' title="bbox 282 3120 1971 3221; baseline 0 -46"><span class='ocrx_word' id='word_1_404' title='bbox 282 3122 409 3187; x_wconf 83' lang='grc' dir='ltr'><em>τοῖς</em></span> <span class='ocrx_word' id='word_1_405' title='bbox 436 3121 827 3192; x_wconf 67' lang='grc' dir='ltr'><em>φοϐουμένοις</em></span> <span class='ocrx_word' id='word_1_406' title='bbox 846 3121 913 3174; x_wconf 84' lang='grc' dir='ltr'><strong><em>τὸ</em></strong></span> <span class='ocrx_word' id='word_1_407' title='bbox 943 3120 1129 3188; x_wconf 78' lang='grc' dir='ltr'><em>ὄνομά</em></span> <span class='ocrx_word' id='word_1_408' title='bbox 1151 3135 1290 3183; x_wconf 89' lang='grc' dir='ltr'><em>σου,</em></span> <span class='ocrx_word' id='word_1_409' title='bbox 1334 3121 1455 3185; x_wconf 80' lang='grc' dir='ltr'><em>τοῖς</em></span> <span class='ocrx_word' id='word_1_410' title='bbox 1493 3121 1722 3189; x_wconf 83' lang='grc' dir='ltr'><em>μικροῖς</em></span> <span class='ocrx_word' id='word_1_411' title='bbox 1753 3121 1849 3173; x_wconf 73' lang='grc' dir='ltr'><strong><em>καὶ</em></strong></span> <span class='ocrx_word' id='word_1_412' title='bbox 1879 3164 1921 3221; x_wconf 77' lang='lat' dir='ltr'><strong>C</strong></span> <span class='ocrx_word' id='word_1_413' title='bbox 1960 3141 1971 3175; x_wconf 84' lang='grc' dir='ltr'><strong><em>ι</em></strong></span> 
     </span>
    </p>
   </div>
   <div class='ocr_carea' id='block_1_57' title="bbox 1835 3120 3524 3221">
    <p class='ocr_par' dir='ltr' id='par_1_57' title="bbox 1835 3121 3524 3221">
     <span class='ocr_line' id='line_1_57' title="bbox 1835 3121 3524 3221; baseline 0.002 -48"><span class='ocrx_word' id='word_1_414' title='bbox 1835 3121 1849 3173; x_wconf 80' lang='grc' dir='ltr'><strong><em>ι</em></strong></span> <span class='ocrx_word' id='word_1_415' title='bbox 1879 3164 1921 3221; x_wconf 75' lang='lat' dir='ltr'><strong>C</strong></span> <span class='ocrx_word' id='word_1_416' title='bbox 1960 3124 2161 3192; x_wconf 84' lang='lat' dir='ltr'><strong><em>magnis</em></strong></span> <span class='ocrx_word' id='word_1_417' title='bbox 2183 3140 2201 3186; x_wconf 88' lang='lat'><strong><em>,&#39;</em></strong></span> <span class='ocrx_word' id='word_1_418' title='bbox 2233 3135 2281 3178; x_wconf 87' lang='lat' dir='ltr'><strong><em>et</em></strong></span> <span class='ocrx_word' id='word_1_419' title='bbox 2339 3125 2728 3179; x_wconf 74' lang='lat' dir='ltr'><strong><em>exterminandi</em></strong></span> <span class='ocrx_word' id='word_1_420' title='bbox 2781 3142 2865 3179; x_wconf 91' lang='lat' dir='ltr'><strong><em>eos</em></strong></span> <span class='ocrx_word' id='word_1_421' title='bbox 2896 3125 2986 3193; x_wconf 89' lang='lat' dir='ltr'><strong><em>qui</em></strong></span> <span class='ocrx_word' id='word_1_422' title='bbox 3016 3135 3362 3193; x_wconf 87' lang='lat' dir='ltr'><strong><em>corruperunt</em></strong></span> <span class='ocrx_word' id='word_1_423' title='bbox 3419 3134 3524 3177; x_wconf 87' lang='lat' dir='ltr'><strong><em>ter-</em></strong></span> 
     </span>
    </p>
   </div>
   <div class='ocr_carea' id='block_1_58' title="bbox 282 3210 1849 3280">
    <p class='ocr_par' dir='ltr' id='par_1_58' title="bbox 282 3210 1849 3280">
     <span class='ocr_line' id='line_1_58' title="bbox 282 3210 1849 3280; baseline -0.001 -15"><span class='ocrx_word' id='word_1_424' title='bbox 282 3214 411 3278; x_wconf 86' lang='grc' dir='ltr'><em>τοῖς</em></span> <span class='ocrx_word' id='word_1_425' title='bbox 459 3211 779 3280; x_wconf 76' lang='grc' dir='ltr'><em>μεγάλοις·</em></span> <span class='ocrx_word' id='word_1_426' title='bbox 823 3210 920 3263; x_wconf 76' lang='grc' dir='ltr'><em>καὶ</em></span> <span class='ocrx_word' id='word_1_427' title='bbox 959 3210 1291 3279; x_wconf 67' lang='grc' dir='ltr'><em>διαφθεῖραι</em></span> <span class='ocrx_word' id='word_1_428' title='bbox 1324 3210 1461 3274; x_wconf 82' lang='grc' dir='ltr'><em>τοὺς</em></span> <span class='ocrx_word' id='word_1_429' title='bbox 1499 3212 1849 3278; x_wconf 60' lang='grc' dir='ltr'><em>φθείροντας</em></span> 
     </span>
    </p>
   </div>
   <div class='ocr_carea' id='block_1_59' title="bbox 284 3302 567 3373">
    <p class='ocr_par' dir='ltr' id='par_1_59' title="bbox 284 3302 567 3373">
     <span class='ocr_line' id='line_1_59' title="bbox 284 3302 567 3373; baseline -0.014 -15"><span class='ocrx_word' id='word_1_430' title='bbox 284 3304 400 3371; x_wconf 74' lang='grc' dir='ltr'><em>τὴν</em></span> <span class='ocrx_word' id='word_1_431' title='bbox 431 3302 567 3373; x_wconf 76' lang='grc' dir='ltr'><em>γῆν.</em></span> 
     </span>
    </p>
   </div>
   <div class='ocr_carea' id='block_1_60' title="bbox 356 3390 1853 3461">
    <p class='ocr_par' dir='ltr' id='par_1_60' title="bbox 356 3390 1853 3461">
     <span class='ocr_line' id='line_1_60' title="bbox 356 3390 1853 3461; baseline -0.003 -15"><span class='ocrx_word' id='word_1_432' title='bbox 356 3392 575 3459; x_wconf 69' lang='grc' dir='ltr'><em>Καιρὸν</em></span> <span class='ocrx_word' id='word_1_433' title='bbox 611 3390 730 3444; x_wconf 88' lang='grc' dir='ltr'><strong><em>τῶν</em></strong></span> <span class='ocrx_word' id='word_1_434' title='bbox 756 3390 987 3458; x_wconf 83' lang='grc' dir='ltr'><em>νεκρῶν</em></span> <span class='ocrx_word' id='word_1_435' title='bbox 1017 3390 1210 3461; x_wconf 82' lang='grc' dir='ltr'><em>δηλῶν,</em></span> <span class='ocrx_word' id='word_1_436' title='bbox 1262 3392 1352 3443; x_wconf 72' lang='grc' dir='ltr'><strong><em>τὸν</em></strong></span> <span class='ocrx_word' id='word_1_437' title='bbox 1394 3390 1582 3461; x_wconf 73' lang='grc' dir='ltr'><em>καιρὸν</em></span> <span class='ocrx_word' id='word_1_438' title='bbox 1620 3392 1719 3460; x_wconf 79' lang='grc' dir='ltr'><em>τῆς</em></span> <span class='ocrx_word' id='word_1_439' title='bbox 1748 3390 1853 3443; x_wconf 81' lang='grc' dir='ltr'><strong><em>τῶν</em></strong></span> 
     </span>
    </p>
   </div>
   <div class='ocr_carea' id='block_1_61' title="bbox 286 3476 1854 3553">
    <p class='ocr_par' dir='ltr' id='par_1_61' title="bbox 286 3476 1854 3553">
     <span class='ocr_line' id='line_1_61' title="bbox 286 3476 1854 3553; baseline 0 -18"><span class='ocrx_word' id='word_1_440' title='bbox 286 3482 498 3553; x_wconf 78' lang='grc' dir='ltr'><em>νεκρῶν</em></span> <span class='ocrx_word' id='word_1_441' title='bbox 545 3483 923 3544; x_wconf 73' lang='grc' dir='ltr'><em>ἀναστάσεως·</em></span> <span class='ocrx_word' id='word_1_442' title='bbox 994 3484 1050 3535; x_wconf 79' lang='grc' dir='ltr'><em>ὲν</em></span> <span class='ocrx_word' id='word_1_443' title='bbox 1113 3476 1157 3549; x_wconf 83' lang='grc' dir='ltr'>ᾧ</span> <span class='ocrx_word' id='word_1_444' title='bbox 1220 3484 1435 3552; x_wconf 75' lang='grc' dir='ltr'><strong><em>ἑκάστῳ</em></strong></span> <span class='ocrx_word' id='word_1_445' title='bbox 1508 3482 1854 3549; x_wconf 73' lang='grc' dir='ltr'><em>καταλλήλως</em></span> 
     </span>
    </p>
   </div>
   <div class='ocr_carea' id='block_1_62' title="bbox 285 3574 1855 3646">
    <p class='ocr_par' dir='ltr' id='par_1_62' title="bbox 285 3574 1855 3646">
     <span class='ocr_line' id='line_1_62' title="bbox 285 3574 1855 3646; baseline -0.002 -17"><span class='ocrx_word' id='word_1_446' title='bbox 285 3576 572 3645; x_wconf 80' lang='grc' dir='ltr'><em>δοθήσεται</em></span> <span class='ocrx_word' id='word_1_447' title='bbox 605 3575 675 3628; x_wconf 79' lang='grc' dir='ltr'><strong><em>τά</em></strong></span> <span class='ocrx_word' id='word_1_448' title='bbox 714 3574 989 3646; x_wconf 73' lang='grc' dir='ltr'><em>ἐπίχειρα.</em></span> <span class='ocrx_word' id='word_1_449' title='bbox 1029 3575 1127 3627; x_wconf 79' lang='grc' dir='ltr'><em>Διά</em></span> <span class='ocrx_word' id='word_1_450' title='bbox 1164 3575 1218 3627; x_wconf 75' lang='grc' dir='ltr'><em>δὲ</em></span> <span class='ocrx_word' id='word_1_451' title='bbox 1246 3574 1364 3628; x_wconf 87' lang='grc' dir='ltr'><strong><em>τῶν</em></strong></span> <span class='ocrx_word' id='word_1_452' title='bbox 1402 3574 1720 3643; x_wconf 59' lang='grc' dir='ltr'><em>προφητῶν</em></span> <span class='ocrx_word' id='word_1_453' title='bbox 1761 3576 1855 3627; x_wconf 78' lang='grc' dir='ltr'><strong><em>καὶ</em></strong></span> 
     </span>
    </p>
   </div>
   <div class='ocr_carea' id='block_1_63' title="bbox 285 3662 1857 3733">
    <p class='ocr_par' dir='ltr' id='par_1_63' title="bbox 285 3662 1857 3733">
     <span class='ocr_line' id='line_1_63' title="bbox 285 3662 1857 3733; baseline -0.001 -14"><span class='ocrx_word' id='word_1_454' title='bbox 285 3664 403 3719; x_wconf 87' lang='grc' dir='ltr'><strong><em>τῶν</em></strong></span> <span class='ocrx_word' id='word_1_455' title='bbox 429 3666 614 3733; x_wconf 79' lang='grc' dir='ltr'><em>ἁγίων</em></span> <span class='ocrx_word' id='word_1_456' title='bbox 640 3664 733 3715; x_wconf 68' lang='grc' dir='ltr'><strong><em>καὶ</em></strong></span> <span class='ocrx_word' id='word_1_457' title='bbox 758 3662 877 3715; x_wconf 89' lang='grc' dir='ltr'><strong><em>τῶν</em></strong></span> <span class='ocrx_word' id='word_1_458' title='bbox 909 3664 1296 3731; x_wconf 76' lang='grc' dir='ltr'><em>φοϐουμένων</em></span> <span class='ocrx_word' id='word_1_459' title='bbox 1317 3663 1421 3715; x_wconf 89' lang='grc' dir='ltr'><strong><em>τὸν</em></strong></span> <span class='ocrx_word' id='word_1_460' title='bbox 1452 3664 1619 3727; x_wconf 87' lang='grc' dir='ltr'><em>Θεὸν,</em></span> <span class='ocrx_word' id='word_1_461' title='bbox 1639 3664 1706 3716; x_wconf 72' lang='grc' dir='ltr'><em>τὰ</em></span> <span class='ocrx_word' id='word_1_462' title='bbox 1728 3665 1857 3733; x_wconf 76' lang='grc' dir='ltr'><em>τρία</em></span> 
     </span>
    </p>
   </div>
   <div class='ocr_carea' id='block_1_64' title="bbox 285 3754 1854 3825">
    <p class='ocr_par' dir='ltr' id='par_1_64' title="bbox 285 3754 1854 3825">
     <span class='ocr_line' id='line_1_64' title="bbox 285 3754 1854 3825; baseline -0.001 -14"><span class='ocrx_word' id='word_1_463' title='bbox 285 3758 434 3820; x_wconf 71' lang='grc' dir='ltr'><em>εἰκὸς</em></span> <span class='ocrx_word' id='word_1_464' title='bbox 462 3756 697 3809; x_wconf 80' lang='grc' dir='ltr'><em>νοεῖσθαι</em></span> <span class='ocrx_word' id='word_1_465' title='bbox 733 3756 1010 3825; x_wconf 71' lang='grc' dir='ltr'><em>τάγματα,</em></span> <span class='ocrx_word' id='word_1_466' title='bbox 1040 3756 1149 3807; x_wconf 85' lang='grc' dir='ltr'><strong><em>τῶν</em></strong></span> <span class='ocrx_word' id='word_1_467' title='bbox 1180 3754 1286 3825; x_wconf 80' lang='grc' dir='ltr'><strong><em>[ἐν]</em></strong></span> <span class='ocrx_word' id='word_1_468' title='bbox 1335 3755 1526 3808; x_wconf 76' lang='grc' dir='ltr'><em>ἑκατὸν</em></span> <span class='ocrx_word' id='word_1_469' title='bbox 1579 3773 1854 3823; x_wconf 68' lang='grc' dir='ltr'><em>καρποφο-</em></span> 
     </span>
    </p>
   </div>
   <div class='ocr_carea' id='block_1_65' title="bbox 289 3844 1856 3918">
    <p class='ocr_par' dir='ltr' id='par_1_65' title="bbox 289 3844 1856 3918">
     <span class='ocr_line' id='line_1_65' title="bbox 289 3844 1856 3918; baseline 0 -18"><span class='ocrx_word' id='word_1_470' title='bbox 289 3848 547 3918; x_wconf 80' lang='grc' dir='ltr'><em>ρούντων,</em></span> <span class='ocrx_word' id='word_1_471' title='bbox 580 3848 675 3899; x_wconf 69' lang='grc' dir='ltr'><strong><em>καὶ</em></strong></span> <span class='ocrx_word' id='word_1_472' title='bbox 707 3844 815 3918; x_wconf 70' lang='grc' dir='ltr'><strong><em>[ἐν]</em></strong></span> <span class='ocrx_word' id='word_1_473' title='bbox 839 3847 1102 3916; x_wconf 76' lang='grc' dir='ltr'><em>ἑξήκοντα</em></span> <span class='ocrx_word' id='word_1_474' title='bbox 1162 3846 1258 3898; x_wconf 76' lang='grc' dir='ltr'><strong><em>καὶ</em></strong></span> <span class='ocrx_word' id='word_1_475' title='bbox 1287 3848 1580 3915; x_wconf 78' lang='grc' dir='ltr'><em>τριάκοντα</em></span> <span class='ocrx_word' id='word_1_476' title='bbox 1603 3847 1709 3899; x_wconf 88' lang='grc' dir='ltr'><strong><em>τῶν</em></strong></span> <span class='ocrx_word' id='word_1_477' title='bbox 1732 3849 1856 3900; x_wconf 82' lang='grc' dir='ltr'><em>ἀπο-</em></span> 
     </span>
    </p>
   </div>
   <div class='ocr_carea' id='block_1_66' title="bbox 287 3935 1855 4007">
    <p class='ocr_par' dir='ltr' id='par_1_66' title="bbox 287 3935 1855 4007">
     <span class='ocr_line' id='line_1_66' title="bbox 287 3935 1855 4007; baseline -0.002 -17"><span class='ocrx_word' id='word_1_478' title='bbox 287 3937 493 3990; x_wconf 80' lang='grc' dir='ltr'><em>στόλων</em></span> <span class='ocrx_word' id='word_1_479' title='bbox 555 3935 1004 4005; x_wconf 71' lang='grc' dir='ltr'><em>ὁμολογουμένως</em></span> <span class='ocrx_word' id='word_1_480' title='bbox 1059 3936 1158 4005; x_wconf 81' lang='grc' dir='ltr'><em>τῆς</em></span> <span class='ocrx_word' id='word_1_481' title='bbox 1222 3936 1445 4007; x_wconf 74' lang='grc' dir='ltr'><em>πρώτης</em></span> <span class='ocrx_word' id='word_1_482' title='bbox 1518 3937 1855 4006; x_wconf 79' lang='grc' dir='ltr'><em>τευξομένων</em></span> 
     </span>
    </p>
   </div>
   <div class='ocr_carea' id='block_1_67' title="bbox 284 4027 1851 4099">
    <p class='ocr_par' dir='ltr' id='par_1_67' title="bbox 284 4027 1851 4099">
     <span class='ocr_line' id='line_1_67' title="bbox 284 4027 1851 4099; baseline 0.003 -20"><span class='ocrx_word' id='word_1_483' title='bbox 284 4028 511 4097; x_wconf 73' lang='grc' dir='ltr'><em>λήξεως.</em></span> <span class='ocrx_word' id='word_1_484' title='bbox 566 4027 660 4080; x_wconf 78' lang='grc' dir='ltr'><strong><em>καὶ</em></strong></span> <span class='ocrx_word' id='word_1_485' title='bbox 719 4028 819 4096; x_wconf 78' lang='grc' dir='ltr'><em>τῆς</em></span> <span class='ocrx_word' id='word_1_486' title='bbox 870 4028 961 4079; x_wconf 73' lang='grc' dir='ltr'><strong><em>ἐπὶ</em></strong></span> <span class='ocrx_word' id='word_1_487' title='bbox 1027 4027 1236 4081; x_wconf 84' lang='grc' dir='ltr'><em>δώδεκα</em></span> <span class='ocrx_word' id='word_1_488' title='bbox 1294 4028 1502 4099; x_wconf 80' lang='grc' dir='ltr'><em>θρόνων</em></span> <span class='ocrx_word' id='word_1_489' title='bbox 1574 4028 1851 4099; x_wconf 77' lang='grc' dir='ltr'><em>ἱδρύσεως.</em></span> 
     </span>
    </p>
   </div>
   <div class='ocr_carea' id='block_1_68' title="bbox 283 4118 1852 4191">
    <p class='ocr_par' dir='ltr' id='par_1_68' title="bbox 283 4118 1852 4191">
     <span class='ocr_line' id='line_1_68' title="bbox 283 4118 1852 4191; baseline 0.001 -18"><span class='ocrx_word' id='word_1_490' title='bbox 283 4119 551 4187; x_wconf 81' lang='grc' dir='ltr'><em>Μικροὺς</em></span> <span class='ocrx_word' id='word_1_491' title='bbox 573 4119 628 4172; x_wconf 74' lang='grc' dir='ltr'><em>δὲ</em></span> <span class='ocrx_word' id='word_1_492' title='bbox 654 4118 751 4172; x_wconf 77' lang='grc' dir='ltr'><em>καὶ</em></span> <span class='ocrx_word' id='word_1_493' title='bbox 764 4119 1086 4187; x_wconf 72' lang='grc' dir='ltr'><em>μεγάλους,</em></span> <span class='ocrx_word' id='word_1_494' title='bbox 1110 4122 1219 4174; x_wconf 80' lang='grc' dir='ltr'><em>εἴτε</em></span> <span class='ocrx_word' id='word_1_495' title='bbox 1249 4122 1374 4184; x_wconf 82' lang='grc' dir='ltr'><em>τοὺς</em></span> <span class='ocrx_word' id='word_1_496' title='bbox 1394 4122 1624 4191; x_wconf 74' lang='grc' dir='ltr'><em>ἥττονας</em></span> <span class='ocrx_word' id='word_1_497' title='bbox 1647 4121 1852 4189; x_wconf 80' lang='grc' dir='ltr'><em>ἀγίους,</em></span> 
     </span>
    </p>
   </div>
   <div class='ocr_carea' id='block_1_69' title="bbox 285 4210 1853 4283">
    <p class='ocr_par' dir='ltr' id='par_1_69' title="bbox 285 4210 1853 4283">
     <span class='ocr_line' id='line_1_69' title="bbox 285 4210 1853 4283; baseline 0.002 -19"><span class='ocrx_word' id='word_1_498' title='bbox 285 4212 532 4274; x_wconf 75' lang='grc' dir='ltr'><em>καὶτοὺς</em></span> <span class='ocrx_word' id='word_1_499' title='bbox 564 4212 764 4279; x_wconf 81' lang='grc' dir='ltr'><em>μᾶλλον</em></span> <span class='ocrx_word' id='word_1_500' title='bbox 798 4210 1003 4264; x_wconf 82' lang='grc' dir='ltr'><em>τούτων</em></span> <span class='ocrx_word' id='word_1_501' title='bbox 1025 4212 1419 4283; x_wconf 73' lang='grc' dir='ltr'><em>ὑπερέχοντας·</em></span> <span class='ocrx_word' id='word_1_502' title='bbox 1453 4213 1561 4267; x_wconf 70' lang='grc' dir='ltr'><em>εἴτε</em></span> <span class='ocrx_word' id='word_1_503' title='bbox 1582 4214 1853 4283; x_wconf 86' lang='grc' dir='ltr'><em>μικροὺς,</em></span> 
     </span>
    </p>
   </div>
   <div class='ocr_carea' id='block_1_70' title="bbox 282 4302 1857 4376">
    <p class='ocr_par' dir='ltr' id='par_1_70' title="bbox 282 4302 1857 4376">
     <span class='ocr_line' id='line_1_70' title="bbox 282 4302 1857 4376; baseline 0.003 -21"><span class='ocrx_word' id='word_1_504' title='bbox 282 4303 359 4365; x_wconf 80' lang='grc' dir='ltr'><em>ὡς</em></span> <span class='ocrx_word' id='word_1_505' title='bbox 418 4302 886 4373; x_wconf 74' lang='grc' dir='ltr'><em>ὲξουδενωμένους</em></span> <span class='ocrx_word' id='word_1_506' title='bbox 932 4304 1059 4365; x_wconf 78' lang='grc' dir='ltr'><em>τοὺς</em></span> <span class='ocrx_word' id='word_1_507' title='bbox 1107 4304 1500 4375; x_wconf 76' lang='grc' dir='ltr'><em>ἁμαρτωλούςο</em></span> <span class='ocrx_word' id='word_1_508' title='bbox 1553 4308 1857 4376; x_wconf 72' lang='grc' dir='ltr'><em>μεγάλους</em></span> 
     </span>
    </p>
   </div>
   <div class='ocr_carea' id='block_1_71' title="bbox 281 4394 1418 4465">
    <p class='ocr_par' dir='ltr' id='par_1_71' title="bbox 281 4394 1418 4465">
     <span class='ocr_line' id='line_1_71' title="bbox 281 4394 1418 4465; baseline 0.004 -17"><span class='ocrx_word' id='word_1_509' title='bbox 281 4395 362 4461; x_wconf 75' lang='grc' dir='ltr'><em>δὲ,</em></span> <span class='ocrx_word' id='word_1_510' title='bbox 384 4394 511 4457; x_wconf 74' lang='grc' dir='ltr'><em>τοὺς</em></span> <span class='ocrx_word' id='word_1_511' title='bbox 532 4394 773 4457; x_wconf 80' lang='grc' dir='ltr'><em>δικαίους</em></span> <span class='ocrx_word' id='word_1_512' title='bbox 808 4394 1102 4465; x_wconf 73' lang='grc' dir='ltr'><em>νομίζομεν</em></span> <span class='ocrx_word' id='word_1_513' title='bbox 1142 4396 1418 4463; x_wconf 80' lang='grc' dir='ltr'><em>λέγεσθαι.</em></span> 
     </span>
    </p>
   </div>
   <div class='ocr_carea' id='block_1_72' title="bbox 848 4590 1258 4645">
    <p class='ocr_par' dir='ltr' id='par_1_72' title="bbox 848 4590 1258 4645">
     <span class='ocr_line' id='line_1_72' title="bbox 848 4590 1258 4645; baseline -0.005 0"><span class='ocrx_word' id='word_1_514' title='bbox 848 4592 1071 4645; x_wconf 77' lang='grc' dir='ltr'><strong>ΚΕΦΑΛ</strong></span> <span class='ocrx_word' id='word_1_515' title='bbox 1084 4631 1097 4645; x_wconf 92' lang='grc'><strong>.</strong></span> <span class='ocrx_word' id='word_1_516' title='bbox 1141 4590 1258 4643; x_wconf 77' lang='lat' dir='ltr'><strong><em>Al&quot;.</em></strong></span> 
     </span>
    </p>
   </div>
   <div class='ocr_carea' id='block_1_73' title="bbox 282 4700 1853 4779">
    <p class='ocr_par' dir='ltr' id='par_1_73' title="bbox 282 4700 1853 4779">
     <span class='ocr_line' id='line_1_73' title="bbox 282 4700 1853 4779; baseline 0.003 -24"><span class='ocrx_word' id='word_1_517' title='bbox 282 4702 421 4770; x_wconf 84' lang='grc' dir='ltr'><em>Περὶ</em></span> <span class='ocrx_word' id='word_1_518' title='bbox 446 4702 561 4754; x_wconf 90' lang='grc' dir='ltr'><strong><em>τῶν</em></strong></span> <span class='ocrx_word' id='word_1_519' title='bbox 588 4700 856 4779; x_wconf 69' lang='grc' dir='ltr'><em>διωγμῶν</em></span> <span class='ocrx_word' id='word_1_520' title='bbox 876 4702 987 4779; x_wconf 54' lang='grc' dir='ltr'><em>τῆς</em></span> <span class='ocrx_word' id='word_1_521' title='bbox 1018 4704 1383 4779; x_wconf 55' lang='grc' dir='ltr'><em>Ἐξκζιλησιίλς</em></span> <span class='ocrx_word' id='word_1_522' title='bbox 1412 4703 1525 4755; x_wconf 86' lang='grc' dir='ltr'><strong><em>τῶν</em></strong></span> <span class='ocrx_word' id='word_1_523' title='bbox 1551 4704 1853 4773; x_wconf 66' lang='grc' dir='ltr'><em>προτέρων</em></span> 
     </span>
    </p>
   </div>
   <div class='ocr_carea' id='block_1_74' title="bbox 601 4771 1549 4840">
    <p class='ocr_par' dir='ltr' id='par_1_74' title="bbox 601 4771 1549 4840">
     <span class='ocr_line' id='line_1_74' title="bbox 601 4771 1549 4840; baseline 0.004 -17"><span class='ocrx_word' id='word_1_524' title='bbox 601 4771 698 4824; x_wconf 77' lang='grc' dir='ltr'><strong><em>καὶ</em></strong></span> <span class='ocrx_word' id='word_1_525' title='bbox 726 4771 843 4823; x_wconf 87' lang='grc' dir='ltr'><strong><em>τῶν</em></strong></span> <span class='ocrx_word' id='word_1_526' title='bbox 862 4771 960 4824; x_wconf 79' lang='grc' dir='ltr'><strong><em>ἐπὶ</em></strong></span> <span class='ocrx_word' id='word_1_527' title='bbox 984 4772 1089 4824; x_wconf 85' lang='grc' dir='ltr'><em>τοῦ</em></span> <span class='ocrx_word' id='word_1_528' title='bbox 1131 4771 1549 4840; x_wconf 80' lang='grc' dir='ltr'><em>Ἃντιχρίστου.</em></span> 
     </span>
    </p>
   </div>
   <div class='ocr_carea' id='block_1_75' title="bbox 357 4904 1847 4977">
    <p class='ocr_par' dir='ltr' id='par_1_75' title="bbox 357 4904 1847 4977">
     <span class='ocr_line' id='line_1_75' title="bbox 357 4904 1847 4977; baseline 0.001 -18"><span class='ocrx_word' id='word_1_529' title='bbox 357 4905 461 4959; x_wconf 83' lang='lat' dir='ltr'><strong><em>Kal</em></strong></span> <span class='ocrx_word' id='word_1_530' title='bbox 523 4904 730 4974; x_wconf 73' lang='grc' dir='ltr'><em>ἠνοίγη</em></span> <span class='ocrx_word' id='word_1_531' title='bbox 758 4906 792 4958; x_wconf 84' lang='grc' dir='ltr'><em>ό</em></span> <span class='ocrx_word' id='word_1_532' title='bbox 840 4904 985 4969; x_wconf 84' lang='grc' dir='ltr'><em>ναὸς</em></span> <span class='ocrx_word' id='word_1_533' title='bbox 1030 4905 1136 4959; x_wconf 85' lang='grc' dir='ltr'><em>τοῦ</em></span> <span class='ocrx_word' id='word_1_534' title='bbox 1178 4906 1325 4960; x_wconf 84' lang='grc' dir='ltr'><em>Θεοῦ</em></span> <span class='ocrx_word' id='word_1_535' title='bbox 1364 4908 1433 4959; x_wconf 83' lang='grc' dir='ltr'><em>ἐν</em></span> <span class='ocrx_word' id='word_1_536' title='bbox 1466 4906 1542 4972; x_wconf 82' lang='grc' dir='ltr'><em>τῷ</em></span> <span class='ocrx_word' id='word_1_537' title='bbox 1584 4909 1847 4977; x_wconf 62' lang='grc' dir='ltr'><em>οἰερανῷο</em></span> 
     </span>
    </p>
   </div>
   <div class='ocr_carea' id='block_1_76' title="bbox 286 4994 1855 5066">
    <p class='ocr_par' dir='ltr' id='par_1_76' title="bbox 286 4994 1855 5066">
     <span class='ocr_line' id='line_1_76' title="bbox 286 4994 1855 5066; baseline 0.001 -15"><span class='ocrx_word' id='word_1_538' title='bbox 286 4996 387 5051; x_wconf 76' lang='lat' dir='ltr'><strong><em>xal</em></strong></span> <span class='ocrx_word' id='word_1_539' title='bbox 417 4996 582 5065; x_wconf 73' lang='grc' dir='ltr'><em>ὤφθη</em></span> <span class='ocrx_word' id='word_1_540' title='bbox 615 4996 652 5062; x_wconf 81' lang='grc' dir='ltr'><strong><em>ἠ</em></strong></span> <span class='ocrx_word' id='word_1_541' title='bbox 675 4995 915 5061; x_wconf 84' lang='grc' dir='ltr'><em>κιϐωτὸς</em></span> <span class='ocrx_word' id='word_1_542' title='bbox 950 4994 1057 5061; x_wconf 85' lang='grc' dir='ltr'><em>τῆς</em></span> <span class='ocrx_word' id='word_1_543' title='bbox 1085 4996 1376 5064; x_wconf 81' lang='grc' dir='ltr'><em>διαθήκης</em></span> <span class='ocrx_word' id='word_1_544' title='bbox 1406 4999 1511 5052; x_wconf 87' lang='grc' dir='ltr'><em>τοῦ</em></span> <span class='ocrx_word' id='word_1_545' title='bbox 1544 5000 1762 5066; x_wconf 69' lang='grc' dir='ltr'><em>Λυρίευ</em></span> <span class='ocrx_word' id='word_1_546' title='bbox 1787 5000 1855 5052; x_wconf 85' lang='grc' dir='ltr'><em>ἐν</em></span> 
     </span>
    </p>
   </div>
   <div class='ocr_carea' id='block_1_77' title="bbox 286 5086 1849 5159">
    <p class='ocr_par' dir='ltr' id='par_1_77' title="bbox 286 5086 1849 5159">
     <span class='ocr_line' id='line_1_77' title="bbox 286 5086 1849 5159; baseline 0.001 -16"><span class='ocrx_word' id='word_1_547' title='bbox 286 5088 367 5153; x_wconf 79' lang='grc' dir='ltr'><em>τῷ</em></span> <span class='ocrx_word' id='word_1_548' title='bbox 385 5087 505 5153; x_wconf 83' lang='grc' dir='ltr'><em>ναῷ</em></span> <span class='ocrx_word' id='word_1_549' title='bbox 519 5087 705 5141; x_wconf 85' lang='grc' dir='ltr'><em>αὐτοῦ</em></span> <span class='ocrx_word' id='word_1_550' title='bbox 719 5105 732 5119; x_wconf 77' lang='grc' dir='ltr'><strong>ο</strong></span> <span class='ocrx_word' id='word_1_551' title='bbox 760 5088 860 5141; x_wconf 76' lang='grc' dir='ltr'><strong><em>καὶ</em></strong></span> <span class='ocrx_word' id='word_1_552' title='bbox 891 5086 1168 5155; x_wconf 84' lang='grc' dir='ltr'><em>ἐγένοντο</em></span> <span class='ocrx_word' id='word_1_553' title='bbox 1190 5089 1510 5157; x_wconf 78' lang='grc' dir='ltr'><em>ἀστραπαὶ,</em></span> <span class='ocrx_word' id='word_1_554' title='bbox 1528 5091 1621 5144; x_wconf 78' lang='grc' dir='ltr'><strong><em>καὶ</em></strong></span> <span class='ocrx_word' id='word_1_555' title='bbox 1641 5095 1849 5159; x_wconf 64' lang='grc' dir='ltr'><em>φωναὶ,</em></span> 
     </span>
    </p>
   </div>
   <div class='ocr_carea' id='block_1_78' title="bbox 286 5179 1787 5251">
    <p class='ocr_par' dir='ltr' id='par_1_78' title="bbox 286 5179 1787 5251">
     <span class='ocr_line' id='line_1_78' title="bbox 286 5179 1787 5251; baseline 0.002 -18"><span class='ocrx_word' id='word_1_556' title='bbox 286 5182 387 5238; x_wconf 73' lang='grc' dir='ltr'><strong><em>καὶ</em></strong></span> <span class='ocrx_word' id='word_1_557' title='bbox 412 5179 685 5248; x_wconf 73' lang='grc' dir='ltr'><em>βρονταὶ,</em></span> <span class='ocrx_word' id='word_1_558' title='bbox 721 5180 822 5234; x_wconf 82' lang='grc' dir='ltr'><strong><em>καὶ</em></strong></span> <span class='ocrx_word' id='word_1_559' title='bbox 855 5181 1125 5248; x_wconf 86' lang='grc' dir='ltr'><em>σεισμὸς,</em></span> <span class='ocrx_word' id='word_1_560' title='bbox 1162 5182 1255 5235; x_wconf 74' lang='lat' dir='ltr'><strong><em>xal</em></strong></span> <span class='ocrx_word' id='word_1_561' title='bbox 1287 5181 1511 5249; x_wconf 70' lang='grc' dir='ltr'><em>χάλαζα</em></span> <span class='ocrx_word' id='word_1_562' title='bbox 1531 5184 1787 5251; x_wconf 74' lang='grc' dir='ltr'><em>μεγάλη.</em></span> 
     </span>
    </p>
   </div>
   <div class='ocr_carea' id='block_1_79' title="bbox 356 5272 1853 5341">
    <p class='ocr_par' dir='ltr' id='par_1_79' title="bbox 356 5272 1853 5341">
     <span class='ocr_line' id='line_1_79' title="bbox 356 5272 1853 5341; baseline 0.001 -15"><span class='ocrx_word' id='word_1_563' title='bbox 356 5274 456 5326; x_wconf 75' lang='grc' dir='ltr'><strong><em>Διὰ</em></strong></span> <span class='ocrx_word' id='word_1_564' title='bbox 476 5272 585 5339; x_wconf 85' lang='grc' dir='ltr'><em>τῆς</em></span> <span class='ocrx_word' id='word_1_565' title='bbox 616 5272 901 5337; x_wconf 79' lang='grc' dir='ltr'><em>ἀνοιξεως</em></span> <span class='ocrx_word' id='word_1_566' title='bbox 922 5272 1026 5325; x_wconf 88' lang='grc' dir='ltr'><strong><em>τοῦ</em></strong></span> <span class='ocrx_word' id='word_1_567' title='bbox 1044 5272 1323 5341; x_wconf 67' lang='grc' dir='ltr'><em>στεφανοῦ.</em></span> <span class='ocrx_word' id='word_1_568' title='bbox 1342 5274 1565 5341; x_wconf 75' lang='grc' dir='ltr'><em>καὶτῆς</em></span> <span class='ocrx_word' id='word_1_569' title='bbox 1590 5274 1853 5341; x_wconf 82' lang='grc' dir='ltr'><em>ὁράσεως</em></span> 
     </span>
    </p>
   </div>
   <div class='ocr_carea' id='block_1_80' title="bbox 285 5364 1848 5434">
    <p class='ocr_par' dir='ltr' id='par_1_80' title="bbox 285 5364 1848 5434">
     <span class='ocr_line' id='line_1_80' title="bbox 285 5364 1848 5434; baseline 0.001 -17"><span class='ocrx_word' id='word_1_570' title='bbox 285 5364 397 5430; x_wconf 85' lang='grc' dir='ltr'><em>τῆς</em></span> <span class='ocrx_word' id='word_1_571' title='bbox 416 5364 685 5428; x_wconf 85' lang='grc' dir='ltr'><em>κιϐωτοῦ,</em></span> <span class='ocrx_word' id='word_1_572' title='bbox 713 5364 823 5416; x_wconf 88' lang='grc' dir='ltr'><strong><em>τῶν</em></strong></span> <span class='ocrx_word' id='word_1_573' title='bbox 839 5366 1257 5433; x_wconf 76' lang='grc' dir='ltr'><em>ἡτοιμασμένων</em></span> <span class='ocrx_word' id='word_1_574' title='bbox 1278 5366 1499 5434; x_wconf 77' lang='grc' dir='ltr'><em>ἀγαθῶν</em></span> <span class='ocrx_word' id='word_1_575' title='bbox 1519 5369 1631 5429; x_wconf 85' lang='grc' dir='ltr'><em>τοῖς</em></span> <span class='ocrx_word' id='word_1_576' title='bbox 1658 5368 1848 5434; x_wconf 77' lang='grc' dir='ltr'><em>ἁγίοις,</em></span> 
     </span>
    </p>
   </div>
   <div class='ocr_carea' id='block_1_81' title="bbox 283 5452 1854 5528">
    <p class='ocr_par' dir='ltr' id='par_1_81' title="bbox 283 5452 1854 5528">
     <span class='ocr_line' id='line_1_81' title="bbox 283 5452 1854 5528; baseline 0.003 -21"><span class='ocrx_word' id='word_1_577' title='bbox 283 5453 540 5522; x_wconf 73' lang='grc' dir='ltr'><em>δηλοῦται</em></span> <span class='ocrx_word' id='word_1_578' title='bbox 570 5455 603 5525; x_wconf 80' lang='grc' dir='ltr'>ἠ</span> <span class='ocrx_word' id='word_1_579' title='bbox 643 5453 1012 5522; x_wconf 71' lang='grc' dir='ltr'><em>ἀποκάλυψις·</em></span> <span class='ocrx_word' id='word_1_580' title='bbox 1059 5456 1200 5525; x_wconf 72' lang='grc' dir='ltr'><em>ἅπερ</em></span> <span class='ocrx_word' id='word_1_581' title='bbox 1241 5459 1298 5509; x_wconf 79' lang='grc' dir='ltr'><em>ἐν</em></span> <span class='ocrx_word' id='word_1_582' title='bbox 1328 5456 1403 5525; x_wconf 84' lang='grc' dir='ltr'><em>τῷ</em></span> <span class='ocrx_word' id='word_1_583' title='bbox 1447 5458 1685 5528; x_wconf 80' lang='grc' dir='ltr'><em>Χριστῷ,</em></span> <span class='ocrx_word' id='word_1_584' title='bbox 1721 5460 1777 5511; x_wconf 88' lang='grc' dir='ltr'><em>ὲν</em></span> 
     </span>
    </p>
   </div>
   <div class='ocr_carea' id='block_1_82' title="bbox 284 5548 1853 5619">
    <p class='ocr_par' dir='ltr' id='par_1_82' title="bbox 284 5548 1853 5619">
     <span class='ocr_line' id='line_1_82' title="bbox 284 5548 1853 5619; baseline 0.001 -18"><span class='ocrx_word' id='word_1_585' title='bbox 284 5548 576 5618; x_wconf 78' lang='grc' dir='ltr'><em>κατῴκησε</em></span> <span class='ocrx_word' id='word_1_586' title='bbox 616 5550 725 5601; x_wconf 82' lang='grc' dir='ltr'><em>πᾶν</em></span> <span class='ocrx_word' id='word_1_587' title='bbox 755 5548 818 5600; x_wconf 77' lang='grc' dir='ltr'><em>τὸ</em></span> <span class='ocrx_word' id='word_1_588' title='bbox 861 5548 1137 5618; x_wconf 82' lang='grc' dir='ltr'><em>πλήρωμα</em></span> <span class='ocrx_word' id='word_1_589' title='bbox 1175 5548 1273 5617; x_wconf 79' lang='grc' dir='ltr'><em>τῆς</em></span> <span class='ocrx_word' id='word_1_590' title='bbox 1316 5548 1570 5619; x_wconf 84' lang='grc' dir='ltr'><em>θεότητος</em></span> <span class='ocrx_word' id='word_1_591' title='bbox 1619 5567 1853 5619; x_wconf 76' lang='grc' dir='ltr'><em>σωματιο</em></span> 
     </span>
    </p>
   </div>
   <div class='ocr_carea' id='block_1_83' title="bbox 285 5639 1851 5710">
    <p class='ocr_par' dir='ltr' id='par_1_83' title="bbox 285 5639 1851 5710">
     <span class='ocr_line' id='line_1_83' title="bbox 285 5639 1851 5710; baseline -0.001 -15"><span class='ocrx_word' id='word_1_592' title='bbox 285 5640 420 5704; x_wconf 81' lang='grc' dir='ltr'><em>κῶς,</em></span> <span class='ocrx_word' id='word_1_593' title='bbox 446 5642 622 5694; x_wconf 81' lang='grc' dir='ltr'><em>πάντα</em></span> <span class='ocrx_word' id='word_1_594' title='bbox 662 5639 996 5710; x_wconf 78' lang='grc' dir='ltr'><em>κέκρυπται,</em></span> <span class='ocrx_word' id='word_1_595' title='bbox 1030 5639 1172 5693; x_wconf 80' lang='grc' dir='ltr'><em>κατά</em></span> <span class='ocrx_word' id='word_1_596' title='bbox 1200 5641 1289 5693; x_wconf 86' lang='grc' dir='ltr'><em>τὸν</em></span> <span class='ocrx_word' id='word_1_597' title='bbox 1332 5640 1684 5693; x_wconf 76' lang='grc' dir='ltr'><em>Ἀπόστολονο</em></span> <span class='ocrx_word' id='word_1_598' title='bbox 1735 5642 1851 5694; x_wconf 87' lang='grc' dir='ltr'><em>τότε</em></span> 
     </span>
    </p>
   </div>
   <div class='ocr_carea' id='block_1_84' title="bbox 286 5730 1853 5801">
    <p class='ocr_par' dir='ltr' id='par_1_84' title="bbox 286 5730 1853 5801">
     <span class='ocr_line' id='line_1_84' title="bbox 286 5730 1853 5801; baseline 0.001 -17"><span class='ocrx_word' id='word_1_599' title='bbox 286 5732 341 5784; x_wconf 74' lang='grc' dir='ltr'><em>δὲ</em></span> <span class='ocrx_word' id='word_1_600' title='bbox 374 5730 913 5800; x_wconf 76' lang='grc' dir='ltr'><em>ἀποκαλυφθήσεται,</em></span> <span class='ocrx_word' id='word_1_601' title='bbox 960 5732 1051 5783; x_wconf 84' lang='grc' dir='ltr'><em>ὅτε</em></span> <span class='ocrx_word' id='word_1_602' title='bbox 1096 5733 1208 5792; x_wconf 81' lang='grc' dir='ltr'><em>τοῖς</em></span> <span class='ocrx_word' id='word_1_603' title='bbox 1241 5731 1465 5801; x_wconf 82' lang='grc' dir='ltr'><em>ἀνόμοις</em></span> <span class='ocrx_word' id='word_1_604' title='bbox 1506 5733 1600 5784; x_wconf 83' lang='grc' dir='ltr'><strong><em>καὶ</em></strong></span> <span class='ocrx_word' id='word_1_605' title='bbox 1634 5731 1853 5786; x_wconf 76' lang='grc' dir='ltr'><em>ἀσεϐέσι</em></span> 
     </span>
    </p>
   </div>
   <div class='ocr_carea' id='block_1_85' title="bbox 290 5822 1854 5897">
    <p class='ocr_par' dir='ltr' id='par_1_85' title="bbox 290 5822 1854 5897">
     <span class='ocr_line' id='line_1_85' title="bbox 290 5822 1854 5897; baseline 0.003 -20"><span class='ocrx_word' id='word_1_606' title='bbox 290 5824 462 5891; x_wconf 62' lang='lat' dir='ltr'><strong><em>qur/ai</em></strong></span> <span class='ocrx_word' id='word_1_607' title='bbox 525 5822 967 5893; x_wconf 72' lang='grc' dir='ltr'><em>καταπληκτικαὶ</em></span> <span class='ocrx_word' id='word_1_608' title='bbox 1026 5824 1118 5877; x_wconf 77' lang='grc' dir='ltr'><strong><em>καὶ</em></strong></span> <span class='ocrx_word' id='word_1_609' title='bbox 1166 5825 1444 5895; x_wconf 69' lang='grc' dir='ltr'><em>ἀστραπαὶ</em></span> <span class='ocrx_word' id='word_1_610' title='bbox 1488 5828 1580 5880; x_wconf 68' lang='grc' dir='ltr'><strong><em>καὶ</em></strong></span> <span class='ocrx_word' id='word_1_611' title='bbox 1634 5827 1854 5897; x_wconf 75' lang='grc' dir='ltr'><em>βρονταὶ</em></span> 
     </span>
    </p>
   </div>
   <div class='ocr_carea' id='block_1_86' title="bbox 1962 3233 2092 3269">
    <p class='ocr_par' dir='ltr' id='par_1_86' title="bbox 1962 3233 2092 3269">
     <span class='ocr_line' id='line_1_86' title="bbox 1962 3233 2092 3269; baseline 0 -1"><span class='ocrx_word' id='word_1_612' title='bbox 1962 3233 2071 3269; x_wconf 84' lang='lat' dir='ltr'><strong><em>rant</em></strong></span> <span class='ocrx_word' id='word_1_613' title='bbox 2083 3259 2092 3269; x_wconf 90' lang='lat'>.</span> 
     </span>
    </p>
   </div>
   <div class='ocr_carea' id='block_1_87' title="bbox 2029 3393 3525 3463">
    <p class='ocr_par' dir='ltr' id='par_1_87' title="bbox 2029 3393 3525 3463">
     <span class='ocr_line' id='line_1_87' title="bbox 2029 3393 3525 3463; baseline 0.001 -16"><span class='ocrx_word' id='word_1_614' title='bbox 2029 3393 2250 3462; x_wconf 81' lang='lat' dir='ltr'><strong><em>Tempus</em></strong></span> <span class='ocrx_word' id='word_1_615' title='bbox 2325 3405 2695 3461; x_wconf 88' lang='lat' dir='ltr'><strong><em>mortuorum,</em></strong></span> <span class='ocrx_word' id='word_1_616' title='bbox 2765 3396 3038 3463; x_wconf 73' lang='lat' dir='ltr'><strong><em>generalis</em></strong></span> <span class='ocrx_word' id='word_1_617' title='bbox 3112 3397 3525 3451; x_wconf 85' lang='lat' dir='ltr'><strong><em>resurrectionis</em></strong></span> 
     </span>
    </p>
   </div>
   <div class='ocr_carea' id='block_1_88' title="bbox 1957 3486 3524 3557">
    <p class='ocr_par' dir='ltr' id='par_1_88' title="bbox 1957 3486 3524 3557">
     <span class='ocr_line' id='line_1_88' title="bbox 1957 3486 3524 3557; baseline 0 -18"><span class='ocrx_word' id='word_1_618' title='bbox 1957 3494 2170 3553; x_wconf 89' lang='lat' dir='ltr'><strong><em>tempus</em></strong></span> <span class='ocrx_word' id='word_1_619' title='bbox 2216 3486 2473 3554; x_wconf 85' lang='lat' dir='ltr'><strong><em>appellat,</em></strong></span> <span class='ocrx_word' id='word_1_620' title='bbox 2509 3487 2561 3540; x_wconf 93' lang='lat' dir='ltr'><strong><em>in</em></strong></span> <span class='ocrx_word' id='word_1_621' title='bbox 2599 3501 2707 3557; x_wconf 86' lang='lat' dir='ltr'><strong><em>quo</em></strong></span> <span class='ocrx_word' id='word_1_622' title='bbox 2739 3487 3036 3555; x_wconf 88' lang='lat' dir='ltr'><strong><em>unicuique</em></strong></span> <span class='ocrx_word' id='word_1_623' title='bbox 3070 3501 3169 3556; x_wconf 87' lang='lat' dir='ltr'><strong><em>pro</em></strong></span> <span class='ocrx_word' id='word_1_624' title='bbox 3210 3489 3524 3540; x_wconf 85' lang='lat' dir='ltr'><strong><em>meritorum</em></strong></span> 
     </span>
    </p>
   </div>
   <div class='ocr_carea' id='block_1_89' title="bbox 1958 3577 3524 3648">
    <p class='ocr_par' dir='ltr' id='par_1_89' title="bbox 1958 3577 3524 3648">
     <span class='ocr_line' id='line_1_89' title="bbox 1958 3577 3524 3648; baseline 0.002 -20"><span class='ocrx_word' id='word_1_625' title='bbox 1958 3577 2186 3640; x_wconf 85' lang='lat' dir='ltr'><strong><em>ratione,</em></strong></span> <span class='ocrx_word' id='word_1_626' title='bbox 2236 3587 2328 3630; x_wconf 87' lang='lat' dir='ltr'><strong><em>aut</em></strong></span> <span class='ocrx_word' id='word_1_627' title='bbox 2376 3578 2593 3644; x_wconf 67' lang='lat' dir='ltr'><strong><em>praemia</em></strong></span> <span class='ocrx_word' id='word_1_628' title='bbox 2648 3580 3053 3648; x_wconf 77' lang='lat' dir='ltr'><strong><em>persolventur,</em></strong></span> <span class='ocrx_word' id='word_1_629' title='bbox 3110 3588 3206 3633; x_wconf 89' lang='lat' dir='ltr'><strong><em>aut</em></strong></span> <span class='ocrx_word' id='word_1_630' title='bbox 3257 3579 3524 3647; x_wconf 83' lang='lat' dir='ltr'><strong><em>supplicia</em></strong></span> 
     </span>
    </p>
   </div>
   <div class='ocr_carea' id='block_1_90' title="bbox 1958 3669 3525 3738">
    <p class='ocr_par' dir='ltr' id='par_1_90' title="bbox 1958 3669 3525 3738">
     <span class='ocr_line' id='line_1_90' title="bbox 1958 3669 3525 3738; baseline 0.001 -17"><span class='ocrx_word' id='word_1_631' title='bbox 1958 3669 2360 3737; x_wconf 81' lang='lat' dir='ltr'><strong><em>irrogabttntur.</em></strong></span> <span class='ocrx_word' id='word_1_632' title='bbox 2403 3669 2504 3724; x_wconf 82' lang='lat' dir='ltr'><strong><em>Per</em></strong></span> <span class='ocrx_word' id='word_1_633' title='bbox 2546 3671 2824 3738; x_wconf 81' lang='lat' dir='ltr'><strong><em>prophetas</em></strong></span> <span class='ocrx_word' id='word_1_634' title='bbox 2874 3682 3093 3735; x_wconf 87' lang='lat' dir='ltr'><strong><em>autem,</em></strong></span> <span class='ocrx_word' id='word_1_635' title='bbox 3139 3679 3193 3726; x_wconf 87' lang='lat' dir='ltr'><strong><em>et</em></strong></span> <span class='ocrx_word' id='word_1_636' title='bbox 3228 3680 3440 3723; x_wconf 85' lang='lat' dir='ltr'><strong><em>sanctos</em></strong></span> <span class='ocrx_word' id='word_1_637' title='bbox 3472 3680 3525 3723; x_wconf 87' lang='lat' dir='ltr'><strong><em>et</em></strong></span> 
     </span>
    </p>
   </div>
   <div class='ocr_carea' id='block_1_91' title="bbox 1960 3757 3527 3830">
    <p class='ocr_par' dir='ltr' id='par_1_91' title="bbox 1960 3757 3527 3830">
     <span class='ocr_line' id='line_1_91' title="bbox 1960 3757 3527 3830; baseline 0.003 -21"><span class='ocrx_word' id='word_1_638' title='bbox 1960 3757 2123 3809; x_wconf 78' lang='lat' dir='ltr'><strong><em>Deum</em></strong></span> <span class='ocrx_word' id='word_1_639' title='bbox 2157 3758 2419 3823; x_wconf 82' lang='lat' dir='ltr'><strong><em>timentes,</em></strong></span> <span class='ocrx_word' id='word_1_640' title='bbox 2473 3768 2602 3823; x_wconf 87' lang='lat' dir='ltr'><strong><em>tres,</em></strong></span> <span class='ocrx_word' id='word_1_641' title='bbox 2638 3770 2697 3814; x_wconf 92' lang='lat' dir='ltr'><strong><em>ut</em></strong></span> <span class='ocrx_word' id='word_1_642' title='bbox 2729 3761 2944 3830; x_wconf 90' lang='lat' dir='ltr'><strong><em>opinor,</em></strong></span> <span class='ocrx_word' id='word_1_643' title='bbox 2998 3762 3276 3815; x_wconf 85' lang='lat' dir='ltr'><strong><em>hominum</em></strong></span> <span class='ocrx_word' id='word_1_644' title='bbox 3306 3762 3527 3814; x_wconf 86' lang='lat' dir='ltr'><strong><em>ordines</em></strong></span> 
     </span>
    </p>
   </div>
   <div class='ocr_carea' id='block_1_92' title="bbox 1955 3850 3524 3921">
    <p class='ocr_par' dir='ltr' id='par_1_92' title="bbox 1955 3850 3524 3921">
     <span class='ocr_line' id='line_1_92' title="bbox 1955 3850 3524 3921; baseline 0.002 -20"><span class='ocrx_word' id='word_1_645' title='bbox 1955 3850 2196 3918; x_wconf 83' lang='lat' dir='ltr'><strong><em>assignat</em></strong></span> <span class='ocrx_word' id='word_1_646' title='bbox 2240 3865 2252 3901; x_wconf 94' lang='lat'>:</span> <span class='ocrx_word' id='word_1_647' title='bbox 2288 3866 2481 3913; x_wconf 89' lang='lat' dir='ltr'><strong><em>unum,</em></strong></span> <span class='ocrx_word' id='word_1_648' title='bbox 2512 3866 2700 3905; x_wconf 89' lang='lat' dir='ltr'><strong><em>eorum</em></strong></span> <span class='ocrx_word' id='word_1_649' title='bbox 2747 3852 2837 3921; x_wconf 90' lang='lat' dir='ltr'><strong><em>qui</em></strong></span> <span class='ocrx_word' id='word_1_650' title='bbox 2873 3853 3231 3907; x_wconf 87' lang='lat' dir='ltr'><strong><em>centesimum</em></strong></span> <span class='ocrx_word' id='word_1_651' title='bbox 3286 3851 3524 3906; x_wconf 81' lang='lat' dir='ltr'><strong><em>fructum</em></strong></span> 
     </span>
    </p>
   </div>
   <div class='ocr_carea' id='block_1_93' title="bbox 1958 3941 3527 4015">
    <p class='ocr_par' dir='ltr' id='par_1_93' title="bbox 1958 3941 3527 4015">
     <span class='ocr_line' id='line_1_93' title="bbox 1958 3941 3527 4015; baseline 0.003 -23"><span class='ocrx_word' id='word_1_652' title='bbox 1958 3941 2237 3994; x_wconf 86' lang='lat' dir='ltr'><strong><em>reddidere</em></strong></span> <span class='ocrx_word' id='word_1_653' title='bbox 2270 3959 2281 3993; x_wconf 91' lang='lat'>:</span> <span class='ocrx_word' id='word_1_654' title='bbox 2309 3942 2566 4006; x_wconf 89' lang='lat' dir='ltr'><strong><em>alterum,</em></strong></span> <span class='ocrx_word' id='word_1_655' title='bbox 2596 3944 2690 4013; x_wconf 89' lang='lat' dir='ltr'><strong><em>qui</em></strong></span> <span class='ocrx_word' id='word_1_656' title='bbox 2739 3944 3141 4015; x_wconf 75' lang='lat' dir='ltr'><strong><em>sexagesimum</em></strong></span> <span class='ocrx_word' id='word_1_657' title='bbox 3171 3961 3184 3996; x_wconf 91' lang='lat'><strong>:</strong></span> <span class='ocrx_word' id='word_1_658' title='bbox 3219 3942 3440 3997; x_wconf 87' lang='lat' dir='ltr'><strong><em>tertium</em></strong></span> <span class='ocrx_word' id='word_1_659' title='bbox 3471 3951 3527 3996; x_wconf 89' lang='lat' dir='ltr'><strong><em>ct</em></strong></span> 
     </span>
    </p>
   </div>
   <div class='ocr_carea' id='block_1_94' title="bbox 1958 4030 3526 4101">
    <p class='ocr_par' dir='ltr' id='par_1_94' title="bbox 1958 4030 3526 4101">
     <span class='ocr_line' id='line_1_94' title="bbox 1958 4030 3526 4101; baseline 0.002 -22"><span class='ocrx_word' id='word_1_660' title='bbox 1958 4037 2329 4096; x_wconf 82' lang='lat' dir='ltr'><strong><em>postremum,</em></strong></span> <span class='ocrx_word' id='word_1_661' title='bbox 2382 4030 2861 4101; x_wconf 74' lang='lat' dir='ltr'><strong><em>qui-trigesimum</em></strong></span> <span class='ocrx_word' id='word_1_662' title='bbox 2900 4049 2914 4086; x_wconf 92' lang='lat'><strong>:</strong></span> <span class='ocrx_word' id='word_1_663' title='bbox 2947 4046 2978 4085; x_wconf 87' lang='lat' dir='ltr'><strong><em>e</em></strong></span> <span class='ocrx_word' id='word_1_664' title='bbox 3024 4032 3225 4097; x_wconf 87' lang='lat' dir='ltr'><strong><em>quibus</em></strong></span> <span class='ocrx_word' id='word_1_665' title='bbox 3282 4031 3526 4100; x_wconf 79' lang='lat' dir='ltr'><strong><em>Apostoli</em></strong></span> 
     </span>
    </p>
   </div>
   <div class='ocr_carea' id='block_1_95' title="bbox 1959 4119 3527 4191">
    <p class='ocr_par' dir='ltr' id='par_1_95' title="bbox 1959 4119 3527 4191">
     <span class='ocr_line' id='line_1_95' title="bbox 1959 4119 3527 4191; baseline 0.001 -21"><span class='ocrx_word' id='word_1_666' title='bbox 1959 4119 2224 4187; x_wconf 88' lang='lat' dir='ltr'><strong><em>potiorem</em></strong></span> <span class='ocrx_word' id='word_1_667' title='bbox 2256 4120 2395 4173; x_wconf 87' lang='lat' dir='ltr'><strong><em>citra</em></strong></span> <span class='ocrx_word' id='word_1_668' title='bbox 2450 4123 2881 4177; x_wconf 71' lang='lat' dir='ltr'><strong><em>controversiam</em></strong></span> <span class='ocrx_word' id='word_1_669' title='bbox 2914 4132 3117 4177; x_wconf 86' lang='lat' dir='ltr'><strong><em>sortem</em></strong></span> <span class='ocrx_word' id='word_1_670' title='bbox 3152 4123 3330 4191; x_wconf 88' lang='lat' dir='ltr'><strong><em>adepti</em></strong></span> <span class='ocrx_word' id='word_1_671' title='bbox 3380 4130 3527 4185; x_wconf 86' lang='lat' dir='ltr'><strong><em>sunt,</em></strong></span> 
     </span>
    </p>
   </div>
   <div class='ocr_carea' id='block_1_96' title="bbox 1958 4206 3531 4280">
    <p class='ocr_par' dir='ltr' id='par_1_96' title="bbox 1958 4206 3531 4280">
     <span class='ocr_line' id='line_1_96' title="bbox 1958 4206 3531 4280; baseline 0.001 -18"><span class='ocrx_word' id='word_1_672' title='bbox 1958 4217 2010 4262; x_wconf 89' lang='lat' dir='ltr'><strong><em>et</em></strong></span> <span class='ocrx_word' id='word_1_673' title='bbox 2054 4206 2211 4263; x_wconf 81' lang='lat' dir='ltr'><strong><em>sedes</em></strong></span> <span class='ocrx_word' id='word_1_674' title='bbox 2262 4218 2522 4277; x_wconf 68' lang='lat' dir='ltr'><strong><em>praeterea</em></strong></span> <span class='ocrx_word' id='word_1_675' title='bbox 2567 4210 2905 4280; x_wconf 81' lang='lat' dir='ltr'><strong><em>judiciarias.</em></strong></span> <span class='ocrx_word' id='word_1_676' title='bbox 2964 4211 3201 4266; x_wconf 85' lang='lat' dir='ltr'><strong><em>Pusillos</em></strong></span> <span class='ocrx_word' id='word_1_677' title='bbox 3252 4221 3431 4265; x_wconf 80' lang='lat' dir='ltr'><strong><em>autem</em></strong></span> <span class='ocrx_word' id='word_1_678' title='bbox 3476 4219 3531 4264; x_wconf 87' lang='lat' dir='ltr'><strong><em>et</em></strong></span> 
     </span>
    </p>
   </div>
   <div class='ocr_carea' id='block_1_97' title="bbox 1958 4301 3532 4373">
    <p class='ocr_par' dir='ltr' id='par_1_97' title="bbox 1958 4301 3532 4373">
     <span class='ocr_line' id='line_1_97' title="bbox 1958 4301 3532 4373; baseline 0.003 -23"><span class='ocrx_word' id='word_1_679' title='bbox 1958 4315 2198 4368; x_wconf 82' lang='lat' dir='ltr'><strong><em>magnos,</em></strong></span> <span class='ocrx_word' id='word_1_680' title='bbox 2250 4301 2431 4354; x_wconf 87' lang='lat' dir='ltr'><strong><em>minus</em></strong></span> <span class='ocrx_word' id='word_1_681' title='bbox 2482 4303 2767 4372; x_wconf 77' lang='lat' dir='ltr'><strong><em>magisque</em></strong></span> <span class='ocrx_word' id='word_1_682' title='bbox 2812 4312 3031 4358; x_wconf 80' lang='lat' dir='ltr'><strong><em>sanctos</em></strong></span> <span class='ocrx_word' id='word_1_683' title='bbox 3078 4304 3346 4373; x_wconf 87' lang='lat' dir='ltr'><strong><em>appellare</em></strong></span> <span class='ocrx_word' id='word_1_684' title='bbox 3375 4309 3532 4372; x_wconf 89' lang='lat' dir='ltr'><strong><em>puta-</em></strong></span> 
     </span>
    </p>
   </div>
   <div class='ocr_carea' id='block_1_98' title="bbox 1958 4396 3527 4466">
    <p class='ocr_par' dir='ltr' id='par_1_98' title="bbox 1958 4396 3527 4466">
     <span class='ocr_line' id='line_1_98' title="bbox 1958 4396 3527 4466; baseline 0 -20"><span class='ocrx_word' id='word_1_685' title='bbox 1958 4408 2113 4457; x_wconf 85' lang='lat' dir='ltr'><strong><em>mus;</em></strong></span> <span class='ocrx_word' id='word_1_686' title='bbox 2143 4402 2235 4446; x_wconf 89' lang='lat' dir='ltr'><strong><em>aut</em></strong></span> <span class='ocrx_word' id='word_1_687' title='bbox 2257 4410 2444 4462; x_wconf 82' lang='lat' dir='ltr'><strong><em>parvos</em></strong></span> <span class='ocrx_word' id='word_1_688' title='bbox 2470 4405 2638 4458; x_wconf 86' lang='lat' dir='ltr'><strong><em>certe,</em></strong></span> <span class='ocrx_word' id='word_1_689' title='bbox 2664 4396 2999 4465; x_wconf 80' lang='lat' dir='ltr'><strong><em>rcjectaneos</em></strong></span> <span class='ocrx_word' id='word_1_690' title='bbox 3019 4404 3331 4466; x_wconf 83' lang='lat' dir='ltr'><strong><em>peccatores</em></strong></span> <span class='ocrx_word' id='word_1_691' title='bbox 3348 4402 3527 4460; x_wconf 70' lang='lat' dir='ltr'><strong><em>vocat;</em></strong></span> 
     </span>
    </p>
   </div>
   <div class='ocr_carea' id='block_1_99' title="bbox 1888 4488 2974 4569">
    <p class='ocr_par' dir='ltr' id='par_1_99' title="bbox 1888 4488 2974 4569">
     <span class='ocr_line' id='line_1_99' title="bbox 1888 4488 2974 4569; baseline 0.003 -31"><span class='ocrx_word' id='word_1_692' title='bbox 1888 4513 1933 4569; x_wconf 68' lang='grc' dir='ltr'><strong>υ</strong></span> <span class='ocrx_word' id='word_1_693' title='bbox 1962 4504 2180 4557; x_wconf 85' lang='lat' dir='ltr'><strong><em>magnos</em></strong></span> <span class='ocrx_word' id='word_1_694' title='bbox 2212 4497 2414 4553; x_wconf 89' lang='lat' dir='ltr'><strong><em>autem,</em></strong></span> <span class='ocrx_word' id='word_1_695' title='bbox 2443 4488 2622 4557; x_wconf 83' lang='lat' dir='ltr'><strong><em>justos</em></strong></span> <span class='ocrx_word' id='word_1_696' title='bbox 2650 4500 2703 4543; x_wconf 88' lang='lat' dir='ltr'><strong><em>et</em></strong></span> <span class='ocrx_word' id='word_1_697' title='bbox 2735 4498 2974 4543; x_wconf 89' lang='lat' dir='ltr'><strong><em>sanctos.</em></strong></span> 
     </span>
    </p>
   </div>
   <div class='ocr_carea' id='block_1_100' title="bbox 2490 4600 2989 4657">
    <p class='ocr_par' dir='ltr' id='par_1_100' title="bbox 2490 4600 2989 4657">
     <span class='ocr_line' id='line_1_100' title="bbox 2490 4600 2989 4657; baseline 0.006 -4"><span class='ocrx_word' id='word_1_698' title='bbox 2490 4601 2711 4657; x_wconf 64' lang='lat' dir='ltr'><strong><em>CAPUT</em></strong></span> <span class='ocrx_word' id='word_1_699' title='bbox 2753 4600 2989 4656; x_wconf 74' lang='lat' dir='ltr'><strong><em>XXXIII.</em></strong></span> 
     </span>
    </p>
   </div>
   <div class='ocr_carea' id='block_1_101' title="bbox 1958 4715 3527 4784">
    <p class='ocr_par' dir='ltr' id='par_1_101' title="bbox 1958 4715 3527 4784">
     <span class='ocr_line' id='line_1_101' title="bbox 1958 4715 3527 4784; baseline 0 -16"><span class='ocrx_word' id='word_1_700' title='bbox 1958 4716 2034 4771; x_wconf 88' lang='lat' dir='ltr'><strong><em>De</em></strong></span> <span class='ocrx_word' id='word_1_701' title='bbox 2062 4717 2326 4783; x_wconf 81' lang='lat' dir='ltr'><strong><em>prioribus</em></strong></span> <span class='ocrx_word' id='word_1_702' title='bbox 2349 4725 2399 4770; x_wconf 89' lang='lat' dir='ltr'><strong><em>et</em></strong></span> <span class='ocrx_word' id='word_1_703' title='bbox 2446 4716 2746 4770; x_wconf 77' lang='lat' dir='ltr'><strong><em>novissimis</em></strong></span> <span class='ocrx_word' id='word_1_704' title='bbox 2773 4715 3023 4770; x_wconf 69' lang='lat' dir='ltr'><strong><em>Ecclesiae</em></strong></span> <span class='ocrx_word' id='word_1_705' title='bbox 3055 4715 3527 4784; x_wconf 68' lang='lat' dir='ltr'><strong><em>persecutionibus.</em></strong></span> 
     </span>
    </p>
   </div>
   <div class='ocr_carea' id='block_1_102' title="bbox 2028 4912 3527 4981">
    <p class='ocr_par' dir='ltr' id='par_1_102' title="bbox 2028 4912 3527 4981">
     <span class='ocr_line' id='line_1_102' title="bbox 2028 4912 3527 4981; baseline -0.003 -12"><span class='ocrx_word' id='word_1_706' title='bbox 2028 4914 2118 4976; x_wconf 81' lang='lat' dir='ltr'><strong><em>XI,</em></strong></span> <span class='ocrx_word' id='word_1_707' title='bbox 2157 4916 2236 4968; x_wconf 86' lang='lat' dir='ltr'><strong><em>l9.</em></strong></span> <span class='ocrx_word' id='word_1_708' title='bbox 2266 4913 2332 4965; x_wconf 87' lang='lat' dir='ltr'><strong><em>Et</em></strong></span> <span class='ocrx_word' id='word_1_709' title='bbox 2377 4924 2615 4981; x_wconf 67' lang='lat' dir='ltr'><strong><em>apertum</em></strong></span> <span class='ocrx_word' id='word_1_710' title='bbox 2663 4924 2738 4966; x_wconf 84' lang='lat' dir='ltr'><strong><em>est</em></strong></span> <span class='ocrx_word' id='word_1_711' title='bbox 2782 4913 3029 4981; x_wconf 89' lang='lat' dir='ltr'><strong><em>templum</em></strong></span> <span class='ocrx_word' id='word_1_712' title='bbox 3068 4912 3164 4966; x_wconf 89' lang='lat' dir='ltr'><strong><em>Dei</em></strong></span> <span class='ocrx_word' id='word_1_713' title='bbox 3198 4913 3251 4965; x_wconf 87' lang='lat' dir='ltr'><strong><em>in</em></strong></span> <span class='ocrx_word' id='word_1_714' title='bbox 3295 4913 3444 4976; x_wconf 71' lang='lat' dir='ltr'><strong><em>caalo,</em></strong></span> <span class='ocrx_word' id='word_1_715' title='bbox 3477 4923 3527 4966; x_wconf 92' lang='lat' dir='ltr'><strong><em>et</em></strong></span> 
     </span>
    </p>
   </div>
   <div class='ocr_carea' id='block_1_103' title="bbox 1957 5003 3525 5073">
    <p class='ocr_par' dir='ltr' id='par_1_103' title="bbox 1957 5003 3525 5073">
     <span class='ocr_line' id='line_1_103' title="bbox 1957 5003 3525 5073; baseline -0.002 -12"><span class='ocrx_word' id='word_1_716' title='bbox 1957 5009 2070 5061; x_wconf 82' lang='lat' dir='ltr'><strong><em>visa</em></strong></span> <span class='ocrx_word' id='word_1_717' title='bbox 2099 5017 2175 5062; x_wconf 88' lang='lat' dir='ltr'><strong><em>est</em></strong></span> <span class='ocrx_word' id='word_1_718' title='bbox 2200 5022 2326 5057; x_wconf 83' lang='lat' dir='ltr'><strong><em>orca</em></strong></span> <span class='ocrx_word' id='word_1_719' title='bbox 2374 5009 2668 5059; x_wconf 86' lang='lat' dir='ltr'><strong><em>testamenti</em></strong></span> <span class='ocrx_word' id='word_1_720' title='bbox 2702 5006 2814 5073; x_wconf 85' lang='lat' dir='ltr'><strong><em>ejus</em></strong></span> <span class='ocrx_word' id='word_1_721' title='bbox 2837 5006 2889 5055; x_wconf 88' lang='lat' dir='ltr'><strong><em>in</em></strong></span> <span class='ocrx_word' id='word_1_722' title='bbox 2915 5004 3104 5070; x_wconf 85' lang='lat' dir='ltr'><strong><em>templo</em></strong></span> <span class='ocrx_word' id='word_1_723' title='bbox 3140 5003 3277 5071; x_wconf 85' lang='lat' dir='ltr'><strong><em>ejus,</em></strong></span> <span class='ocrx_word' id='word_1_724' title='bbox 3302 5015 3350 5058; x_wconf 87' lang='lat' dir='ltr'><strong><em>et</em></strong></span> <span class='ocrx_word' id='word_1_725' title='bbox 3383 5005 3525 5071; x_wconf 79' lang='lat' dir='ltr'><strong><em>facta</em></strong></span> 
     </span>
    </p>
   </div>
   <div class='ocr_carea' id='block_1_104' title="bbox 1956 5097 3523 5168">
    <p class='ocr_par' dir='ltr' id='par_1_104' title="bbox 1956 5097 3523 5168">
     <span class='ocr_line' id='line_1_104' title="bbox 1956 5097 3523 5168; baseline 0 -18"><span class='ocrx_word' id='word_1_726' title='bbox 1956 5111 2074 5155; x_wconf 80' lang='lat' dir='ltr'><strong><em>sunt</em></strong></span> <span class='ocrx_word' id='word_1_727' title='bbox 2129 5099 2381 5168; x_wconf 72' lang='lat' dir='ltr'><strong><em>fulgura,</em></strong></span> <span class='ocrx_word' id='word_1_728' title='bbox 2428 5108 2477 5150; x_wconf 89' lang='lat' dir='ltr'><strong><em>et</em></strong></span> <span class='ocrx_word' id='word_1_729' title='bbox 2530 5114 2693 5162; x_wconf 68' lang='lat' dir='ltr'><strong><em>voces,</em></strong></span> <span class='ocrx_word' id='word_1_730' title='bbox 2726 5108 2774 5150; x_wconf 89' lang='lat' dir='ltr'><strong><em>et</em></strong></span> <span class='ocrx_word' id='word_1_731' title='bbox 2814 5106 2966 5150; x_wconf 76' lang='lat' dir='ltr'><strong><em>terra:</em></strong></span> <span class='ocrx_word' id='word_1_732' title='bbox 2996 5107 3186 5160; x_wconf 85' lang='lat' dir='ltr'><strong><em>motus,</em></strong></span> <span class='ocrx_word' id='word_1_733' title='bbox 3233 5106 3282 5148; x_wconf 85' lang='lat' dir='ltr'><strong><em>et</em></strong></span> <span class='ocrx_word' id='word_1_734' title='bbox 3321 5097 3523 5165; x_wconf 88' lang='lat' dir='ltr'><strong><em>grando</em></strong></span> 
     </span>
    </p>
   </div>
   <div class='ocr_carea' id='block_1_105' title="bbox 1959 5209 2169 5260">
    <p class='ocr_par' dir='ltr' id='par_1_105' title="bbox 1959 5209 2169 5260">
     <span class='ocr_line' id='line_1_105' title="bbox 1959 5209 2169 5260; baseline -0.005 -16"><span class='ocrx_word' id='word_1_735' title='bbox 1959 5209 2169 5260; x_wconf 88' lang='lat' dir='ltr'><strong><em>magna.</em></strong></span> 
     </span>
    </p>
   </div>
   <div class='ocr_carea' id='block_1_106' title="bbox 2032 5280 3518 5352">
    <p class='ocr_par' dir='ltr' id='par_1_106' title="bbox 2032 5280 3518 5352">
     <span class='ocr_line' id='line_1_106' title="bbox 2032 5280 3518 5352; baseline -0.001 -17"><span class='ocrx_word' id='word_1_736' title='bbox 2032 5283 2129 5337; x_wconf 83' lang='lat' dir='ltr'><strong><em>Per</em></strong></span> <span class='ocrx_word' id='word_1_737' title='bbox 2161 5282 2342 5336; x_wconf 78' lang='lat' dir='ltr'><strong><em>ctelum</em></strong></span> <span class='ocrx_word' id='word_1_738' title='bbox 2395 5286 2745 5352; x_wconf 76' lang='lat' dir='ltr'><strong><em>patefactum,</em></strong></span> <span class='ocrx_word' id='word_1_739' title='bbox 2786 5294 2832 5335; x_wconf 91' lang='lat' dir='ltr'><strong><em>et</em></strong></span> <span class='ocrx_word' id='word_1_740' title='bbox 2882 5298 3063 5334; x_wconf 86' lang='lat' dir='ltr'><strong><em>arcam</em></strong></span> <span class='ocrx_word' id='word_1_741' title='bbox 3115 5282 3415 5334; x_wconf 88' lang='lat' dir='ltr'><strong><em>testamenti</em></strong></span> <span class='ocrx_word' id='word_1_742' title='bbox 3465 5280 3518 5333; x_wconf 88' lang='lat' dir='ltr'><strong><em>in</em></strong></span> 
     </span>
    </p>
   </div>
   <div class='ocr_carea' id='block_1_107' title="bbox 1958 5374 3522 5444">
    <p class='ocr_par' dir='ltr' id='par_1_107' title="bbox 1958 5374 3522 5444">
     <span class='ocr_line' id='line_1_107' title="bbox 1958 5374 3522 5444; baseline -0.002 -15"><span class='ocrx_word' id='word_1_743' title='bbox 1958 5376 2097 5431; x_wconf 74' lang='lat' dir='ltr'><strong><em>coelo</em></strong></span> <span class='ocrx_word' id='word_1_744' title='bbox 2131 5376 2324 5438; x_wconf 85' lang='lat' dir='ltr'><strong><em>visam,</em></strong></span> <span class='ocrx_word' id='word_1_745' title='bbox 2357 5376 2645 5437; x_wconf 88' lang='lat' dir='ltr'><strong><em>bonorum,</em></strong></span> <span class='ocrx_word' id='word_1_746' title='bbox 2673 5391 2793 5444; x_wconf 72' lang='lat' dir='ltr'><strong><em>quae</em></strong></span> <span class='ocrx_word' id='word_1_747' title='bbox 2828 5374 3032 5429; x_wconf 89' lang='lat' dir='ltr'><strong><em>sanctis</em></strong></span> <span class='ocrx_word' id='word_1_748' title='bbox 3060 5375 3183 5427; x_wconf 91' lang='lat' dir='ltr'><strong><em>istic</em></strong></span> <span class='ocrx_word' id='word_1_749' title='bbox 3226 5385 3522 5443; x_wconf 70' lang='lat' dir='ltr'><strong><em>prmparata</em></strong></span> 
     </span>
    </p>
   </div>
   <div class='ocr_carea' id='block_1_108' title="bbox 1957 5461 3519 5533">
    <p class='ocr_par' dir='ltr' id='par_1_108' title="bbox 1957 5461 3519 5533">
     <span class='ocr_line' id='line_1_108' title="bbox 1957 5461 3519 5533; baseline -0.003 -16"><span class='ocrx_word' id='word_1_750' title='bbox 1957 5473 2103 5525; x_wconf 87' lang='lat' dir='ltr'><strong><em>sunt,</em></strong></span> <span class='ocrx_word' id='word_1_751' title='bbox 2141 5461 2508 5517; x_wconf 85' lang='lat' dir='ltr'><strong><em>manilestatio</em></strong></span> <span class='ocrx_word' id='word_1_752' title='bbox 2531 5463 2894 5530; x_wconf 78' lang='lat' dir='ltr'><strong><em>signiﬁcatur;</em></strong></span> <span class='ocrx_word' id='word_1_753' title='bbox 2919 5462 3108 5533; x_wconf 54' lang='lat' dir='ltr'><strong><em>“ea</em></strong></span> <span class='ocrx_word' id='word_1_754' title='bbox 3130 5472 3309 5517; x_wconf 81' lang='lat' dir='ltr'><strong><em>autem</em></strong></span> <span class='ocrx_word' id='word_1_755' title='bbox 3338 5461 3519 5514; x_wconf 85' lang='lat' dir='ltr'><strong><em>omnia</em></strong></span> 
     </span>
    </p>
   </div>
   <div class='ocr_carea' id='block_1_109' title="bbox 1958 5554 3521 5624">
    <p class='ocr_par' dir='ltr' id='par_1_109' title="bbox 1958 5554 3521 5624">
     <span class='ocr_line' id='line_1_109' title="bbox 1958 5554 3521 5624; baseline 0 -17"><span class='ocrx_word' id='word_1_756' title='bbox 1958 5555 2010 5607; x_wconf 89' lang='lat' dir='ltr'><strong><em>in</em></strong></span> <span class='ocrx_word' id='word_1_757' title='bbox 2050 5555 2262 5607; x_wconf 84' lang='lat' dir='ltr'><strong><em>Christo</em></strong></span> <span class='ocrx_word' id='word_1_758' title='bbox 2310 5563 2439 5607; x_wconf 90' lang='lat' dir='ltr'><strong><em>sunt</em></strong></span> <span class='ocrx_word' id='word_1_759' title='bbox 2487 5556 2767 5624; x_wconf 85' lang='lat' dir='ltr'><strong><em>reposita:</em></strong></span> <span class='ocrx_word' id='word_1_760' title='bbox 2806 5555 2858 5607; x_wconf 91' lang='lat' dir='ltr'><strong><em>in</em></strong></span> <span class='ocrx_word' id='word_1_761' title='bbox 2916 5556 3009 5608; x_wconf 91' lang='lat' dir='ltr'><strong><em>illo</em></strong></span> <span class='ocrx_word' id='word_1_762' title='bbox 3061 5571 3315 5622; x_wconf 82' lang='lat' dir='ltr'><strong><em>namque,</em></strong></span> <span class='ocrx_word' id='word_1_763' title='bbox 3365 5554 3521 5620; x_wconf 76' lang='lat' dir='ltr'><strong><em>juxta</em></strong></span> 
     </span>
    </p>
   </div>
   <div class='ocr_carea' id='block_1_110' title="bbox 1956 5643 3522 5713">
    <p class='ocr_par' dir='ltr' id='par_1_110' title="bbox 1956 5643 3522 5713">
     <span class='ocr_line' id='line_1_110' title="bbox 1956 5643 3522 5713; baseline -0.003 -16"><span class='ocrx_word' id='word_1_764' title='bbox 1956 5645 2297 5712; x_wconf 81' lang='lat' dir='ltr'><strong><em>Apostolum,</em></strong></span> <span class='ocrx_word' id='word_1_765' title='bbox 2328 5643 2537 5698; x_wconf 85' lang='lat' dir='ltr'><strong><em>habitat</em></strong></span> <span class='ocrx_word' id='word_1_766' title='bbox 2564 5646 2743 5699; x_wconf 78' lang='lat' dir='ltr'><strong><em>onlnis</em></strong></span> <span class='ocrx_word' id='word_1_767' title='bbox 2760 5646 3040 5713; x_wconf 87' lang='lat' dir='ltr'><strong><em>plenitudo</em></strong></span> <span class='ocrx_word' id='word_1_768' title='bbox 3070 5646 3367 5699; x_wconf 75' lang='lat' dir='ltr'><strong><em>divinitatis</em></strong></span> <span class='ocrx_word' id='word_1_769' title='bbox 3398 5659 3522 5697; x_wconf 84' lang='lat' dir='ltr'><strong><em>cor-</em></strong></span> 
     </span>
    </p>
   </div>
   <div class='ocr_carea' id='block_1_111' title="bbox 1958 5737 3517 5805">
    <p class='ocr_par' dir='ltr' id='par_1_111' title="bbox 1958 5737 3517 5805">
     <span class='ocr_line' id='line_1_111' title="bbox 1958 5737 3517 5805; baseline -0.001 -18"><span class='ocrx_word' id='word_1_770' title='bbox 1958 5737 2407 5804; x_wconf 76' lang='lat' dir='ltr'><strong><em>poralilcrztum</em></strong></span> <span class='ocrx_word' id='word_1_771' title='bbox 2466 5751 2643 5792; x_wconf 87' lang='lat' dir='ltr'><strong><em>autem</em></strong></span> <span class='ocrx_word' id='word_1_772' title='bbox 2711 5738 2851 5792; x_wconf 88' lang='lat' dir='ltr'><strong><em>bona</em></strong></span> <span class='ocrx_word' id='word_1_773' title='bbox 2907 5740 3020 5791; x_wconf 69' lang='lat' dir='ltr'><strong><em>lucc</em></strong></span> <span class='ocrx_word' id='word_1_774' title='bbox 3066 5737 3182 5791; x_wconf 83' lang='lat' dir='ltr'><strong><em>orbi</em></strong></span> <span class='ocrx_word' id='word_1_775' title='bbox 3243 5738 3517 5805; x_wconf 68' lang='lat' dir='ltr'><strong><em>patelivnt,</em></strong></span> 
     </span>
    </p>
   </div>
   <div class='ocr_carea' id='block_1_112' title="bbox 1957 5828 3521 5901">
    <p class='ocr_par' dir='ltr' id='par_1_112' title="bbox 1957 5828 3521 5901">
     <span class='ocr_line' id='line_1_112' title="bbox 1957 5828 3521 5901; baseline 0.001 -23"><span class='ocrx_word' id='word_1_776' title='bbox 1957 5828 2176 5897; x_wconf 80' lang='lat' dir='ltr'><strong><em>quamlo</em></strong></span> <span class='ocrx_word' id='word_1_777' title='bbox 2230 5830 2479 5886; x_wconf 69' lang='lat' dir='ltr'><strong><em>tcrrilicac</em></strong></span> <span class='ocrx_word' id='word_1_778' title='bbox 2516 5846 2701 5900; x_wconf 59' lang='grc' dir='ltr'><em>τοροῦ,</em></span> <span class='ocrx_word' id='word_1_779' title='bbox 2747 5841 2801 5888; x_wconf 87' lang='lat' dir='ltr'><strong><em>et</em></strong></span> <span class='ocrx_word' id='word_1_780' title='bbox 2837 5831 3071 5901; x_wconf 73' lang='lat' dir='ltr'><strong><em>fulgura,</em></strong></span> <span class='ocrx_word' id='word_1_781' title='bbox 3105 5838 3159 5886; x_wconf 85' lang='lat' dir='ltr'><strong><em>ct</em></strong></span> <span class='ocrx_word' id='word_1_782' title='bbox 3191 5829 3427 5884; x_wconf 58' lang='lat' dir='ltr'><strong><em>tonitrua</em></strong></span> <span class='ocrx_word' id='word_1_783' title='bbox 3466 5829 3521 5880; x_wconf 84' lang='lat' dir='ltr'><strong><em>in</em></strong></span> 
     </span>
    </p>
   </div>
  </div>
