4276 6438
726 397 836 458 323

1888 381 2215 442 ANDREE
2241 375 2790 446 ‘CIESARIENSIS

3890 374 3996 435 32!

729 518 872 571 illius
902 512 1219 573 contritum,
1248 507 1435 562 caudae
1488 504 1734 575 ejusdem
1772 503 2151 571 agitationem.
2180 500 2303 554 I‘Ia‘e
2335 507 2378 562 Α
2408 516 2418 531 ·

2335 507 2378 562 Α
2408 516 2500 551 τον
2543 498 2650 568 γὰρ
2699 500 2732 566 ή
2769 493 3046 567 ἔπαρσιςο]
3090 495 3122 565 ἦ
3165 493 3264 565 τὴν
3311 493 3449 564 μετὰ
3483 493 3546 546 τὸ
3574 492 3870 563 θλασθῆναι
3900 497 3999 564 τὴν

725 609 870 663 enim
903 605 1154 659 homines
1169 602 1352 655 animo
1369 598 1676 663 instabiles,
1694 611 1756 649 ex
1786 594 1886 664 51
1905 594 2113 649 cmlesti
2140 608 2304 648 sensu

727 711 779 754 et
809 696 1227 754 conversatione
1248 693 1507 746 deorsum
1531 690 1596 743 ad
1621 699 1837 742 terrena
1862 685 2084 755 abripit.
2118 684 2308 738 Nomi-

732 790 998 847 nanturhi
1033 796 1212 841 autem
1238 782 1642 852 metaphoricos
1665 780 1854 844 stellw,
1888 789 2105 848 pr0pter
2129 775 2309 844 splen—

729 889 913 939 dorem
941 897 1102 950 quem
1136 895 1199 933 ex
1256 887 1448 930 sancto
1497 873 1824 942 baptismate
1872 872 2195 925 hauserunt.
2231 868 2309 921 Ita

731 987 966 1040 namque
1000 970 1262 1039 pr0pliela
1298 964 1487 1018 Daniel
1523 963 1591 1017 de
1630 962 1923 1022 Antiocho,
1964 961 2056 1029 qui
2096 959 2310 1012 venturi

729 1067 858 1118 olim
893 1059 1216 1115 Antichristi
1248 1069 1434 1128 typum
1476 1055 1717 1124 gerebat,
1754 1053 2084 1107 vaticinatus
2101 1063 2202 1106 est.

801 1152 866 1205 Et
902 1152 1064 1204 draco
1105 1150 1245 1203 stetit
1289 1158 1407 1200 ante
1446 1146 1714 1198 mulierem
1753 1161 1868 1213 qua:
1900 1153 2014 1198 erat
2045 1146 2310 1212 paritura,

729 1259 805 1310 u',
842 1264 958 1298 cum
987 1248 1287 1314 peperisset,
1307 1245 1477 1311 [ilium
1507 1245 1620 1310 ejus
1637 1242 1936 1296 devoraret.

802 1421 1077 1474 Culllitltlo
1131 1434 1370 1487 namque
1400 1428 1646 1487 apostata
1694 1421 1959 1472 adversus
2009 1417 2312 1472 Eeclesiam

734 1515 784 1563 in
820 1510 988 1562 armis
1018 1509 1307 1574 consistit,
1363 1511 1484 1563 illos
1525 1509 1615 1577 qui
1662 1525 1761 1578 pro
1812 1518 2056 1578 tempore
2115 1510 2167 1565 in
2227 1511 2315 1564 illa

736 1611 1144 1666 rt-gvneranlur,
1199 1602 1250 1653 in
1294 1615 1471 1653 escam
1525 1615 1680 1652 suam
1731 1609 1943 1654 vertere
1975 1601 2134 1654 enixe
2181 1616 2318 1655 cou-

734 1694 982 1746 tendens.
1019 1695 1125 1744 Aut
1157 1692 1337 1746 verius
1368 1707 1465 1759 per
1499 1690 1800 1745 Eedesiam
1825 1691 2102 1746 Christum
2140 1694 2318 1762 ipsum

737 1786 1083 1853 persequitur
1112 1794 1371 1852 tanquam
1411 1785 1556 1838 illius
1587 1795 1786 1853 caput;
1823 1784 1915 1854 qui
1949 1786 2172 1854 proinde
2197 1801 2320 1856 qua:

2412 591 2656 660 κεφαλὴν
2688 589 2877 642 αὑτοῦ.
2912 589 3157 658 Οὐραίαν
3185 589 3422 658 κίνησιν,
3471 589 3598 651 τοὺς
3627 587 4000 659 ἀστηρίκτους

2413 681 2856 750 κατενεγκοῦσαν
2881 682 2946 734 ἐκ
2975 681 3070 734 τοῦ
3110 681 3366 751 οὐρανίου
3393 683 3764 752 φρονήματος,
3813 681 3998 735 ἀστέ-

2407 792 2521 843 ρας
2551 775 2827 844 τροπικῶς
2855 772 3282 841 ὀνομασθέντας,
3315 773 3404 826 διὰ
3432 773 3531 844 τὴν
3563 775 3628 826 ἐκ
3656 771 3752 825 τοῦ
3789 773 3995 844 [ἁγίου]

2416 866 2796 936 βαπτίσματος
2844 866 3231 936 λαμπρότητα.
3272 867 3429 920 Οὖτω
3485 865 3595 937 γὰρ
3657 867 3751 918 καὶ
3796 865 4003 934 Δανιὴλ

2415 962 2544 1028 περὶ
2589 961 2867 1027 ’Λντιόχου
2900 961 3335 1029 προεφήτευσεν,
3386 959 3462 1020 ὡς
3515 959 3782 1027 ἐσομένου
3831 959 4002 1011 τόπου

2415 1051 2515 1119 τῆς
2547 1049 2640 1101 τοῦ
2682 1048 3056 1119 Ἀντιχρίστου
3089 1048 3378 1110 ἐλεύσεως.

2488 1144 2597 1196 Kal
2629 1145 2660 1195 ό
2689 1140 2927 1209 δράκων
2957 1139 3220 1207 ἕστηκεν
3247 1139 3508 1193 ἐνώπιον
3557 1139 3668 1206 τῆς
3712 1137 4004 1208 γυναικὸς

2416 1232 2527 1300 τῆς
2549 1235 2902 1302 μελλούσης
2951 1233 3148 1286 τεκεῖν
3178 1249 3192 1263 ο
3249 1234 3352 1286 ἵνα
3390 1233 3539 1286 ὅταν
3570 1234 3737 1299 τέκῃ,
3773 1231 3839 1284 τὸ
3892 1230 3992 1282 τέ-

2417 1343 2568 1379 κνον
2594 1325 2782 1394 αὐτῆς
2809 1326 3146 1396 καταφάγῃ.

2489 1419 2602 1472 Kal
2633 1422 2666 1472 ὀ
2695 1418 2931 1488 δράκων
2959 1421 3221 1484 ἕστηκεν
3248 1418 3509 1472 ἐνώπιον
3539 1415 3647 1484 τῆς
3681 1415 3992 1485 γυναικός.

2419 1539 2489 1552 --
2531 1510 2641 1564 Ἀεὶ
2672 1511 2781 1582 γὰρ
2837 1512 2865 1564 ὁ
2896 1511 3213 1580 ἀποστάτης
3256 1509 3484 1580 ἀντικρὺ
3522 1508 3624 1577 τῆς
3669 1507 4003 1574 Ἐκκλησίας

2420 1602 2724 1667 tantum,
2786 1604 2913 1666 τοὺς
2968 1601 3452 1669 ἀναγεννωμένους
3502 1598 3644 1652 κατὰ
3700 1597 3894 1666 καιρὸν
3945 1593 4009 1659 ἐξ

2421 1695 2614 1764 αὐτῆς,
2642 1697 2842 1748 οἰκεῖον
2872 1694 3064 1766 βρῶμα
3099 1692 3373 1747 ποιεῖσθαι
3401 1692 3730 1763 ὀρεγόμενος
3758 1708 3772 1722 ·
3800 1691 4008 1760 μᾶλλον

2423 1789 2506 1850 δέ,
2550 1788 2639 1842 διὰ
2669 1789 2768 1859 τῆς
2810 1788 3139 1858 Ἐκκλησίας
3171 1786 3267 1840 καὶ
3300 1785 3464 1840 αὐτὸν
3487 1785 3579 1837 τὸν
3608 1785 3842 1855 Χριστὸν
3869 1783 4006 1836 διῶ-

737 1876 975 1929 lidelium
1005 1885 1133 1930 sunt
1168 1876 1408 1945 propria,
1443 1876 1544 1929 sibi
1574 1876 1837 1930 vindicat.
1871 1875 2052 1940 Quare
2079 1878 2145 1930 ad
2184 1876 2322 1931 Sau-
2358 1887 2398 1942 Β

2319 1907 2322 1916 ι
2358 1887 2398 1942 Β
2428 1898 2561 1944 κων,
2594 1881 2670 1944 ὡς
2726 1879 2971 1951 κεφαλὴν
2999 1882 3190 1949 αὐτῆς,
3240 1878 3308 1932 τὰ
3339 1878 3450 1931 τῶν
3508 1875 3718 1930 πιστῶν
3768 1876 4008 1930 οἰκειού-

739 1971 850 2021 lum
877 1969 1097 2022 aiebat:
1136 1967 1319 2032 Saule,
1352 1967 1537 2033 Saule,
1567 1970 1692 2036 quid
1727 1986 1807 2022 me
1841 1971 2160 2038 persequeris
2184 1971 2266 2024 "1’

806 2058 920 2122 XII,
959 2061 1011 2114 5.
1048 2061 1112 2113 Et
1150 2061 1350 2128 peperit
1379 2059 1552 2126 ﬁlium
1589 2060 1912 2123 masculum,
1959 2061 2049 2129 qui
2081 2071 2319 2117 recturus

735 2162 848 2202 erat
876 2166 1054 2203 omnes
1087 2160 1265 2220 gentes
1297 2150 1348 2202 in
1381 2150 1530 2219 t-irga
1558 2149 1751 2217 ferrea.

811 2242 1051 2297 Ecclesia
1091 2258 1185 2311 per
1234 2256 1329 2296 eos
1361 2242 1454 2310 qui
1507 2242 1780 2311 baptismo
1825 2243 2134 2307 initiantur,
2186 2247 2322 2300 citra

740 2333 1206 2388 intermissionem
1255 2342 1480 2402 generat
1537 2332 1854 2400 Christum;
1901 2344 2092 2405 utpme
2124 2338 2178 2391 in
2218 2339 2325 2393 illis

742 2427 1089 2482 formandum
1118 2441 1292 2496 usque
1320 2426 1386 2480 ad
1409 2438 1844 2480 consummatam
1869 2428 2129 2492 spiritalis
2150 2429 2324 2484 aetatis

742 2522 1159 2588 plenitudinem.
1211 2519 1467 2573 Ecclesia:
1520 2529 1698 2572 autem
1739 2521 1992 2588 papulas,
2025 2522 2070 2574 is
2103 2522 2324 2578 demum

744 2613 887 2664 Iilius
928 2611 1206 2664 masculus
1241 2619 1388 2663 recte
1421 2610 1746 2677 appellatur,
1793 2609 1886 2678 qui
1924 2610 2107 2662 carnis
2170 2611 2326 2662 volu-

745 2705 984 2774 ptatibus
1012 2717 1385 2771 sensuumque
1416 2700 1684 2755 illecebris
1701 2715 1809 2754 non
1841 2699 2130 2771 frangitur.
2152 2717 2328 2769 neque

745 2796 1020 2863 dejicitur,
1056 2796 1145 2848 sed
1177 2793 1363 2848 animo
1389 2793 1622 2846 inl‘raeto
1653 2793 1705 2844 in
1736 2790 1912 2845 oIIicio
1938 2791 2198 2858 persistit.
2229 2791 2328 2844 Per

747 2904 910 2958 quem
966 2903 1110 2940 nunc.
1159 2887 1376 2952 quidem
1427 2883 1681 2937 Christus
1742 2884 1885 2938 Deus
1923 2883 2324 2946 Romanorum,

748 2983 1002 3037 manibus
1037 2979 1195 3050 quasi
1229 2979 1431 3033 ferrum
1497 2977 1762 3040 robustis,
1798 2987 1983 3046 gentes
2029 2977 2205 3046 regit;
2240 2991 2328 3030 re-

749 3085 939 3128 cturus
961 3074 1177 3126 easdem
1216 3080 1335 3140 post
1367 3085 1714 3124 communem
1737 3084 1954 3137 quoque
1988 3078 2326 3124 mortuorum

751 3164 1227 3219 resurrectionem
1268 3159 1584 3214 Constituet
1626 3158 1772 3212 enim
1802 3157 2015 3225 judices
2054 3157 2158 3210 lide
2191 3157 2328 3210 vali-

2427 1988 2611 2042 μενον.
2631 1972 2723 2025 Διὸ
2741 1973 2857 2035 καὶ,
2877 1970 3096 2033 Euius.
3117 1971 3339 2034 Σαῦλε,
3357 1971 3414 2022 τί
3431 1985 3508 2038 με
3527 1968 3758 2032 διώκεις
3777 1984 3794 2030 ;
3828 1967 4008 2034 ἔλεγε.

2494 2065 2604 2119 Kal
2628 2065 2834 2118 ἔτεκεν
2859 2064 2994 2119 υιὸν
3017 2062 3240 2132 ἅρῤενα
3271 2078 3285 2093 ·
3319 2061 3387 2128 ὃς
3415 2060 3632 2130 μέλλει
3665 2061 4013 2130 ποιμαίνειν

2425 2157 2622 2211 πάντα
2651 2160 2724 2211 τὰ
2750 2157 2896 2224 ἔθνη
2921 2156 3127 2224 ῥάϐδῳ
3151 2154 3390 2223 σιδηρᾷ.

2495 2249 2604 2302 Kal
2625 2248 2830 2302 ἔτεκεν
2850 2247 2985 2302 υἱὸν
3017 2247 3258 2316 ἇῤῥενα.
3293 2275 3360 2288 -
3379 2245 3654 2316 Διηνεκῶς
3687 2245 3722 2314 ἡ
3781 2241 4015 2309 Ἐκκλη-

2430 2339 2521 2394 σία
2551 2339 2640 2393 διὰ
2669 2341 2780 2392 τῶν
2810 2338 3227 2409 βαπτιζομένων
3251 2338 3344 2391 τὸν
3369 2337 3607 2409 Χριστὸν
3632 2337 3818 2407 γεννᾷ,
3849 2334 3927 2396 ὡς
3953 2336 4014 2386 ἐν

2428 2431 2658 2494 ἐκείνοις
2692 2431 3074 2501 μορφούμενον
3119 2431 3250 2502 ἄχρι
3282 2431 3382 2500 τῆς
3432 2427 3886 2500 συμπληρώσεως
3911 2424 4015 2495 τῆς

2429 2523 2804 2592 πνευματικῆς
2829 2522 3068 2593 ἡλικίας,
3093 2525 3241 2578 κατὰ
3269 2523 3361 2577 τὸν
3399 2521 3745 2576 Ἀπόστολον.
3785 2520 4018 2588 ’Λρῤην

2428 2614 2485 2668 δέ
2514 2615 2662 2681 υἱὸς,
2702 2615 2732 2666 ὁ
2767 2615 2871 2684 τῆς
2917 2617 3253 2687 Ἐκκλησίας
3286 2617 3438 2682 λαὸς,
3488 2617 3583 2669 καὶ
3624 2618 3744 2674 ταῖς
3794 2613 4017 2683 ἡδοναῖς

2429 2705 2724 2776 ἀθήλυντος
2751 2724 2766 2738 ο
2795 2707 2864 2760 δι’
2896 2700 2958 2759 οὗ
2991 2706 3132 2779 [xui]
3159 2709 3260 2780 ήδη
3296 2707 3394 2778 μέν
3425 2710 3548 2770 ταῖς
3602 2706 3712 2758 τῶν
3767 2704 4018 2756 δυνατῶν

2441 2797 2731 2868 Ῥωμαίων
2765 2800 2925 2870 χερσὶ
2953 2803 3074 2863 ταῖς
3114 2803 3408 2871 κραταιαῐς
3451 2799 3524 2862 ὡς
3569 2800 3597 2852 ὁ
3657 2798 3898 2868 σίδηρος,
3948 2797 4020 2848 τὰ

2431 2889 2558 2959 ἔθνη
2581 2891 2842 2960 ἐποίμανε
2877 2892 3112 2962 Χριστὸς
3133 2895 3161 2945 ὁ
3193 2892 3348 2955 Θεός.
3373 2893 3638 2960 Ποιμανεῐ
3668 2889 3724 2942 δὲ
3755 2888 3851 2940 καὶ
3874 2887 4019 2956 μετὰ

2432 2981 2530 3052 τὴν
2577 2983 2641 3036 ἐκ
2673 2983 2887 3052 νεκρῶν
2938 2983 3258 3049 ἀνάστασιν,
3307 2983 3504 3053 κριτὰς
3559 2981 3835 3036 καθιστῶν
3886 2977 4018 3037 τοὺς

2437 3073 2690 3144 ἰσχυροὺς
2705 3079 2770 3146 τῇ
2799 3075 2984 3129 πίστει
3004 3076 3149 3129 κατὰ
3167 3075 3260 3128 τὸν
3283 3076 3524 3146 σίδηρον,
3552 3073 3661 3126 τῶν
3691 3070 4018 3141 εὐθρὺπτων

2436 3167 2529 3218 καὶ
2559 3165 2801 3220 ἀσθενῶν
2831 3168 3041 3221 σκευῶν
3062 3168 3170 3221 τῶν
3198 3168 3390 3233 ἐθνῶν,
3419 3168 3454 3221 ἃ.
3504 3166 3571 3219 δι’
3631 3164 3890 3218 ἀπιστίαν
3928 3162 4022 3214 τὸν

752 3259 872 3317 dos.
909 3257 1002 3323 qui
1045 3264 1252 3323 gentes,
1291 3266 1414 3320 quae
1443 3259 1660 3320 pr0pter
1693 3248 2065 3303 inﬁrmitatem
2106 3257 2160 3303 et
2208 3248 2328 3302 inﬁ-
2358 3245 2402 3307 C
2439 3305 2441 3323 η

1970 3261 2065 3301 tem
2106 3257 2160 3303 et
2208 3248 2328 3302 inﬁ-
2358 3245 2402 3307 C
2439 3259 2704 3324 μυστικὸν
2737 3261 2880 3333 [καὶ]
2905 3261 3025 3314 νέον
3053 3257 3196 3315 οἶνον
3219 3261 3320 3314 οὐκ
3350 3261 3659 3331 ἐχώρησαν.

752 3350 1028 3402 dentalem
1067 3345 1353 3415 mysticum
1388 3343 1516 3396 illud
1547 3350 1602 3394 et
1647 3354 1848 3394 novum
1876 3340 2063 3393 vinum
2099 3354 2206 3393 non
2234 3344 2480 3412 capiunt,
2513 3358 2571 3403 ut
2631 3349 2838 3405 ferrum
2901 3365 3032 3407 vasa
3103 3351 3287 3405 ﬁctilia
3317 3359 3373 3407 et
3439 3351 3654 3404 inlirma
3699 3348 3860 3411 solet,
3890 3359 4027 3400 con-

753 3449 946 3496 lerent.

828 3537 891 3588 Et
937 3543 1116 3601 ruptus
1150 3543 1223 3585 est
1254 3531 1397 3598 [ilius
1427 3529 1540 3597 ejus
1581 3528 1649 3580 ad
1679 3527 1867 3589 Deum,
1901 3536 1948 3578 et
1986 3527 2053 3578 ad
2091 3528 2338 3580 thronum

761 3631 897 3698 ejus.

833 3721 1136 3789 Rupiunlur
1173 3718 1262 3771 hic
1302 3731 1521 3786 quoque
1554 3731 1618 3770 ex
1650 3715 1997 3784 gravioribus
2030 3715 2343 3769 lentationi-

759 3813 862 3866 Ims
891 3812 1164 3866 interdum
1195 3807 1391 3872 sancti,
1435 3823 1500 3861 ne
1526 3805 1665 3860 forte
1700 3807 2085 3861 alllictionibus
2121 3818 2175 3861 et
2206 3806 2343 3860 dil'li-

759 3900 1077 3961 cultatilius,
1109 3915 1230 3968 qua:
1257 3899 1398 3952 vires
1431 3899 1649 3951 illorum
1682 3899 1974 3961 excedunt,
2007 3899 2344 3953 absorbean-

763 4004 870 4046 tur.
909 3993 1210 4060 llapientur
1248 4000 1304 4044 et
1349 3991 1478 4044 olim
1524 3991 1576 4044 in
1605 4005 1894 4045 occursum
1927 3991 2162 4056 Domini,
2191 3993 2347 4045 nubi~

762 4085 864 4138 bus
890 4085 1049 4152 quasi
1085 4082 1350 4136 vehiculis
1394 4083 1722 4151 quibusdam
1759 4083 1811 4136 iu
1845 4097 2027 4136 aerem
2066 4083 2346 4150 subvecti;

761 4192 885 4232 eum
919 4178 1027 4230 Deo
1054 4177 1409 4245 ejusdemque
1443 4177 1678 4238 thronis,
1721 4177 1824 4230 hoc
1850 4186 1953 4240 est,
1990 4179 2223 4232 summis
2254 4193 2352 4232 an-

763 4269 1009 4337 gelorum
1045 4268 1361 4334 virtutibus,
1399 4267 1586 4321 felices
1616 4284 1831 4337 semper
1865 4271 2082 4324 victuri.

838 4360 953 4423 XII,
993 4361 1047 4414 6.
1085 4365 1152 4413 At
1183 4361 1372 4414 mulier
1412 4361 1547 4429 fugit
1585 4362 1638 4413 iu
1679 4362 2041 4426 solitudinem,
2075 4365 2162 4418 ubi
2189 4364 2348 4417 Imbe-

765 4453 853 4504 lmt
889 4453 1060 4503 (oetam
1093 4462 1339 4519 paratum
1367 4469 1398 4504 a
1431 4453 1570 4515 Deo;
1600 4468 1651 4505 ut
1683 4454 1753 4506 ibi
1777 4464 1993 4520 pascant
2015 4471 2128 4507 eam
2164 4457 2344 4509 diebus

769 4544 914 4596 ualle
950 4544 1188 4596 ducentis
1216 4547 1516 4614 sexaginta.

841 4721 1074 4786 Quando
1139 4722 1364 4792 (inquit)
1429 4721 1681 4776 diabolus
1729 4723 1822 4791 qui
1909 4725 1960 4778 in
2021 4725 2358 4780 Antii-In'isto

770 4811 962 4868 cﬂicax
996 4813 1100 4866 erit
1125 4851 1140 4874 ,
1183 4813 1358 4866 aciem
1387 4828 1478 4884 per
1511 4813 1688 4882 ipsum
1717 4823 1906 4868 contra
1942 4814 2238 4869 Ecclesium
2273 4816 2356 4869 di-

775 4904 1001 4968 rexerit,
1054 4913 1185 4958 tunc
1227 4905 1373 4958 illius
1402 4905 1585 4970 electi,
1624 4921 1950 4975 summaque
1993 4905 2236 4974 ejusdem
2268 4923 2359 4962 ea.

777 4997 912 5066 pita.
943 4996 1194 5049 civilibus
1218 4997 1544 5050 tumultibus
1566 4997 1966 5067 mundanisque
1988 5000 2357 5067 voluptatibus

775 5090 1125 5156 contemptis,
1169 5089 1220 5141 in
1258 5089 1534 5141 desertum
1565 5089 1632 5143 ab
1665 5090 1812 5144 omni
1856 5090 2060 5143 malitia
2094 5091 2355 5153 alienum,

777 5183 1013 5249 viaeque
1061 5182 1508 5235 consuetudinem
1543 5185 1690 5235 omni
1729 5183 1990 5236 virtutum
2029 5200 2224 5252 genere
2273 5185 2358 5238 lu-

778 5284 1016 5336 centeni,
1050 5289 1168 5327 sese
1201 5275 1485 5342 τριιιιίυιιι,
1524 5275 1681 5342 juxta
1715 5276 1894 5345 magni
1927 5274 2182 5329 Methodii
2231 5293 2354 5331 sen-

781 5364 1004 5415 tentiam
1035 5384 1046 5416 :
1079 5365 1337 5433 ibidemqt
1361 5382 1388 5417 e.
1415 5366 1849 5434 Impugnantium
1884 5368 2213 5430 d.rmonum,
2248 5385 2363 5420 ma-

784 5456 1171 5526 Iignorumque
1225 5458 1508 5512 hominum
1565 5460 1796 5529 impeth
1875 5469 2042 5529 atque
2096 5462 2361 5527 insultus,

788 5549 1216 5617 subter-fugient.
1272 5550 1564 5605 Probahile
1614 5556 1671 5605 lit
1701 5569 1918 5623 quoque
1951 5557 2208 5610 scusilem
2241 5573 2365 5609 cre-

794 5658 940 5694 nzam
988 5657 1083 5697 eos
1114 5654 1579 5712 conscrvatnram,
1614 5650 1706 5715 qui
1751 5647 1802 5700 in
1847 5649 2125 5702 montibus
2154 5660 2204 5702 et
2241 5665 2366 5718 spe-

860 5822 908 5858 ³³
939 5827 1058 5877 Act.
1097 5841 1171 5890 I\,
1211 5827 1256 5878 .1.

2509 3534 2620 3583 Kal
2657 3530 2933 3598 χρπιὶσθη
2961 3531 3024 3585 τὸ
3055 3531 3274 3585 τέκνον
3308 3529 3502 3598 αὐτῆς
3532 3530 3683 3598 πρὸς
3712 3529 3821 3584 τὸν
3875 3535 4030 3586 Oedr

2441 3622 2536 3674 καὶ
2575 3621 2768 3694 [πρὸς]
2801 3623 2907 3676 τὸν
2933 3625 3150 3690 θρόνον
3177 3622 3386 3678 αὐτοῦ.

2515 3715 2621 3767 Καὶ
2647 3714 2932 3783 ἡρπάσθη
2970 3715 3034 3766 τὸ
3060 3714 3278 3768 τέκνον
3310 3714 3503 3781 αὐτῆς
3535 3714 3686 3784 πρὸς
3713 3715 3821 3768 τὸν
3851 3717 4027 3770 Θεόν.

2443 3835 2509 3846 --
2555 3804 2924 3873 Ἀρπαζονται
2957 3805 3056 3873 μὲν
3088 3803 3196 3875 γὰρ
3229 3803 3516 3859 κάνταῦθα
3544 3807 3601 3858 ἐν
3627 3808 3961 3876 πειρασμοῖς
3976 3809 4029 3859 οἱ

2452 3893 2619 3960 ἅγιοι,
2654 3892 2795 3945 ῶστε
2840 3894 2916 3962 μὴ
2946 3893 3400 3964 καταπονηθῆναι
3452 3895 3562 3957 τοῖς
3595 3893 3884 3964 δυσχερέσι
3917 3897 4034 3958 τοῖς

2453 3987 2594 4055 ὑπὲρ
2617 3985 2845 4055 δύναμιν
2865 4001 2878 4015 ·
2936 3987 3352 4056 ἁρπαγήσονται
3385 3986 3441 4040 δέ
3473 3985 3589 4058 [καὶ
3615 3986 3760 4058 τότε]
3789 3988 3846 4038 ἐν
3875 3990 4036 4056 νεφέ-

2446 4079 2565 4142 λαις
2586 4081 2664 4142 εἰς
2719 4079 3046 4150 συνάντησιν
3077 4079 3170 4132 τοῦ
3202 4079 3408 4152 Κυρίου
3437 4083 3516 4143 εἰς
3569 4079 3708 4148 ἀέρα
3738 4096 3752 4112 ο
3803 4085 3903 4134 καὶ
3936 4085 4036 4135 σὺν

2446 4173 2524 4242 τῷ
2540 4172 2660 4242 Θεῷ
2684 4175 2776 4224 καὶ
2803 4171 2883 4242 τῷ
2907 4172 3083 4243 θρόνῳ
3100 4171 3288 4239 αὑτοῦ,
3311 4172 3525 4245 [ἤγουν]
3553 4175 3675 4237 ταῖς
3699 4174 4038 4244 ὑπερτάταις

2451 4265 2772 4333 ἁγγελικαίς
2799 4265 3067 4336 δυνάμεσι
3091 4263 3428 4321 συνέσονται.

2524 4358 2631 4412 Kal
2666 4357 2704 4424 ἡ
2732 4359 2886 4426 γυνὴ
2919 4358 3143 4426 ἔφυγεν
3171 4361 3259 4424 εις
3285 4358 3402 4427 τὴν
3423 4357 3649 4427 ἔρημον
3676 4375 3689 4388 ·
3722 4359 3878 4412 ὅπου
3907 4359 4038 4427 ἔχει

2456 4449 2630 4522 [ἐκεῖ]
2659 4453 2850 4504 τόπον
2896 4451 3348 4521 ἡτοιμασμένον
3383 4454 3504 4506 ὑπὸ
3537 4451 3691 4522 Ιτοῦ]
3739 4451 3912 4515 Θεοῦ,
3940 4453 4042 4504 ἵνα

2455 4541 2582 4593 ἐκεῖ
2619 4541 2918 4610 τρέφωσιν
2972 4541 3168 4609 αὐτὴν
3194 4541 3417 4612 ’ἡμέρας
3464 4543 3669 4611 χιλίας
3723 4542 4042 4610 διακοσίας

2378 4624 2424 4682 D
2457 4635 2523 4697 ἐξ
2533 4633 2772 4698 quorm.

2534 4727 2642 4779 Kal
2673 4725 2710 4792 ὴ
2739 4725 2896 4794 γυνὴ
2919 4728 3141 4796 ἔφυγεν
3156 4728 3244 4793 εἰς
3273 4725 3388 4793 τὴν
3414 4727 3658 4796 ἔρημον.
3691 4757 3760 4765 -
3790 4727 3916 4780 Ὅτε
3938 4745 4045 4797 qr,-

2464 4818 2548 4870 alv
2571 4819 2600 4869 ὁ
2633 4819 2691 4870 ἐν
2715 4817 2793 4887 τῷ
2828 4817 3184 4889 ’Λντιχρίστῳ
3214 4817 3457 4891 ἐνεργῶν
3502 4817 3749 4879 διάϐολος
3780 4817 3848 4870 δι’
3879 4817 4045 4870 αὑτοῦ

2462 4907 2603 4962 κατὰ
2631 4907 2732 4978 τῆς
2778 4907 3110 4979 Ἐκκλησίας
3156 4907 3561 4979 παρατάξηται,
3595 4909 3643 4960 ol
3692 4909 3897 4976 ταύτης
3949 4910 4046 4960 ὲκ-

2461 5002 2646 5055 ).εκτοὶ
2675 5003 2770 5054 καὶ
2799 5004 3250 5073 κορυφαιότατοι,
3303 5003 3414 5057 τῶν
3445 5002 3744 5056 πολιτικῶν
3798 5003 4049 5071 θορύεων

2464 5096 2562 5149 καὶ
2613 5095 2724 5148 τῶν
2757 5097 3042 5167 κοσμικῶν
3089 5097 3296 5167 ἡδονῶν
3350 5097 3785 5161 καταπτύοντες,
3817 5099 3896 5160 εἰς
3949 5099 4052 5166 τὴν

2466 5190 2672 5260 ἔρημον
2711 5194 2895 5263 πάσης
2923 5193 3144 5258 κακίας,
3175 5195 3464 5264 πάμφορον
3509 5193 3565 5246 δὲ
3613 5194 3811 5260 πάσης-
3848 5194 4054 5262 ἀρετῆς

2473 5283 2752 5336 πολιτείαν
2811 5283 3120 5352 φεύξονται,
3179 5285 3321 5337 κατὰ
3384 5285 3475 5337 τὸν
3513 5285 3686 5354 μέγαν
3743 5275 4051 5336 Massam-

2473 5375 2633 5426 κάκεῖ
2660 5374 2769 5427 τῶν
2821 5375 3205 5446 πολεμούντων
3251 5377 3525 5446 δαιμόνων
3552 5394 3612 5429 τε
3669 5377 3760 5428 καὶ
3796 5375 4052 5444 πονηρῶν

2473 5467 2777 5538 ἀνθρώπων
2810 5470 2909 5531 τὰς
2948 5469 3258 5538 προσϐολὰς
3303 5467 3709 5538 διαφεύξονται.
3776 5468 3938 5530 Εἰκὸς
4002 5467 4059 5518 δὲ

2473 5561 2568 5610 καὶ
2599 5560 2697 5629 τὴν
2719 5559 2988 5630 αἰσθητὴν
3019 5560 3225 5629 ἔρημον
3267 5559 3463 5625 σώζειν
3491 5562 3616 5624 τοὺς
3655 5563 3712 5613 ἐν
3755 5559 3912 5630 ὄρεσι
3965 5562 4063 5612 καὶ

2479 5651 2766 5721 σπηλαίοις
2795 5654 2891 5706 καὶ
2917 5655 3036 5715 ταῖς
3069 5655 3233 5716 ὀπαῖς
3263 5653 3360 5724 τῆς
3385 5653 3512 5724 γῆς,
3543 5653 3629 5707 διὰ
3672 5655 3772 5725 τὴν
3803 5651 3896 5714 τοῦ
3927 5653 4067 5705 ἀπο.
