4276 6438
762 428 864 490 32')

1920 419 2246 480 ANDliEgli
2281 418 2800 478 CsESARlEXSlS

3917 420 4025 486 328

760 547 956 603 seducit
983 546 1277 598 imiversum
1299 542 1474 595 orbem
1498 556 1516 595 :
1543 552 1589 596 et
1618 541 1880 610 proiectus
1910 549 1983 593 est
2006 543 2057 592 in
2098 551 2294 593 terram
2320 553 2338 601 ;
2373 548 2417 600 Α
2447 580 2449 588 ,

2333 553 2338 565 ι
2373 548 2417 600 Α
2447 538 2696 593 πλανῶν
2712 538 2824 606 τὴν
2839 537 3198 607 οἰκουμένην
3211 536 3385 606 ὅλην,
3402 538 3624 605 ἐϐλήθη
3645 541 3734 605 είς
3751 556 3778 592 τ
3790 539 3867 606 ὴν
3881 539 4022 608 γῆν·

761 652 809 693 et
852 638 1027 706 angeli
1060 636 1176 704 ejus
1210 649 1326 686 cum
1363 633 1454 685 illo
1488 633 1635 686 missi
1666 643 1810 686 sunt.

831 729 1025 786 Merito
1059 731 1180 781 hoc.
1211 725 1401 794 Neque
1432 725 1577 778 enim
1606 724 1775 777 ullum
1809 732 2084 777 terrenum
2112 736 2336 774 sensum

764 827 904 879 ferre
932 830 1105 891 potest
1137 818 1333 872 coelum
1364 833 1542 887 neque
1573 817 1682 870 ulla
1716 816 1909 869 lumini
1945 830 2068 868 cum
2103 813 2339 866 tenebris

763 924 841 968 est
872 910 1320 965 communicatio.
1352 909 1519 961 Porro
1567 916 1748 959 autem
1801 906 1942 974 quod
1992 918 2186 957 nomen
2236 903 2341 957 hoc

764 1005 997 1060 Satanas
1042 1002 1329 1054 articulum
1371 1000 1474 1051 hoc
1509 998 1630 1051 loco
1656 996 2003 1064 ;adjunctum
2056 988 2250 1056 hah’et;
2287 992 2337 1045 id

766 1112 872 1149 non
911 1094 1089 1163 arguit
1115 1094 1279 1145 alium
1313 1104 1435 1144 esse
1480 1090 1758 1149 Satanam,
1804 1088 1972 1141 alium
2025 1085 2336 1151 diabolum;

767 1188 997 1252 (etiamsi
1026 1184 1381 1250 hyperbatum
1413 1181 1464 1231 in
1501 1190 1755 1233 contextu
1778 1180 1959 1241 lateat)
1983 1176 2222 1231 ostendit
2248 1186 2341 1229 aut

766 1278 1048 1344 antiquum
1082 1276 1231 1327 illum
1255 1284 1559 1341 serpentem
1581 1272 1690 1325 duo
1715 1271 1930 1323 nomina
1965 1270 2187 1324 sortiri:
2214 1268 2341 1320 alte-

768 1383 884 1420 rum
916 1366 1021 1435 53
1056 1366 1261 1417 Uiaboii
1283 1381 1299 1426 ;
1322 1365 1467 1433 quod
1495 1364 1719 1417 virtutes
1745 1363 2115 1431 virtutumque
2134 1360 2342 1412 studio-

768 1474 858 1514 sos
881 1499 895 1523 ,
930 1468 981 1510 et
1008 1458 1184 1524 ipsum
1210 1458 1373 1509 etiam
1411 1459 1574 1511 Deum
1601 1454 1740 1521 apud
1774 1454 2020 1505 homines
2042 1450 2343 1505 ealumnie-

770 1561 894 1612 tur;
943 1549 1211 1615 siquidem
1244 1547 1385 1614 apud
1432 1546 1697 1597 Adamum
1745 1545 1959 1596 invidia:
2003 1543 2153 1595 illum
2206 1541 2343 1594 insi-

768 1640 975 1693 mulare
1018 1654 1121 1692 non
1162 1637 1449 1690 dubitavit.
1483 1636 1725 1687 Alterum
1764 1652 1908 1697 vero,
1945 1632 2183 1697 Sataua',
2221 1642 2344 1686 tan-

767 1745 928 1797 quam
979 1730 1219 1796 pertinax
1276 1726 1481 1780 Christi
1535 1724 1743 1777 Domini
1797 1734 1850 1778 et
1898 1740 2182 1778 servorum
2228 1724 2347 1792 ejus

2452 631 2550 683 καὶ
2607 633 2660 684 οἱ
2699 630 2937 699 ἄγγελοι
2968 629 3155 683 αὐτοῦ
3182 628 3328 701 [μετ’
3361 630 3545 684 αὑτοῦ
3586 630 3987 704 ἐϐλήθησαν]

2521 719 2629 773 Καὶ
2653 720 2877 786 ἐϐλήθη
2905 722 2937 772 ό
2965 719 3203 786 δράκων
3228 722 3260 773 ό
3295 718 3486 788 μέγας
3526 723 3611 784 εἰς
3638 719 3754 785 τὴν
3786 719 3923 789 m'r.
3954 752 4029 762 —

2446 809 2683 872 Εἰκότως
2715 827 2726 838 ’
2760 810 2820 862 οὐ
2851 809 2957 879 γὰρ
2982 810 3010 860 ὁ
3034 808 3261 879 οὐρανὸς
3296 809 3455 879 ἔφερε
3486 811 3675 879 γήῖνον
3731 812 4026 881 φρόνημασ

2445 904 2527 954 ὅτι
2550 902 2628 971 τῷ
2660 902 2800 969 φωτὶ
2822 900 2881 952 τὸ
2920 900 3111 961 σκότος
3146 900 3534 969 ἀκοινώνητον.
3569 902 3629 953 Ei
3658 902 3715 953 δὲ
3762 904 3902 967 μετᾶ
3929 902 4028 956 τοῦ

2447 992 2649 1063 ἄρθρου
2683 996 2881 1055 κεῖται,
2921 995 2952 1044 ὀ
2986 990 3277 1056 Σατανᾶς,
3323 993 3420 1060 οὐχ
3452 993 3526 1054 ὡς
3556 992 3713 1055 ἄλλος
3746 991 3821 1044 ῶν
3871 995 4031 1063 παρὰ

2448 1086 2538 1137 τὸν
2568 1084 2835 1149 διάϐολον,
2872 1087 2920 1138 εί
2947 1085 3039 1137 καὶ
3088 1087 3265 1136 κεῖται
3300 1083 3422 1137 καθ’
3466 1084 3807 1155 ὑπερϐατόν·
3841 1079 3955 1137 οἷον
4000 1086 4031 1137 ὁ

2448 1177 2695 1237 διάϐολος
2730 1179 2758 1229 ὁ
2794 1177 2889 1229 καὶ
2919 1178 3163 1238 Σατανᾶς
3190 1192 3203 1206 ·
3257 1175 3372 1230 ἀλλ’
3409 1174 3482 1239 ὼς
3513 1178 3579 1229 τά
3631 1176 3725 1229 δύο
3753 1177 4031 1246 καλούμεο

2448 1286 2535 1332 νος
2560 1286 2574 1301 υ
2618 1270 2676 1323 τὸ
2708 1269 2827 1339 μὲν,
2864 1270 2951 1322 διὰ
2979 1268 3039 1321 τὸ
3064 1268 3375 1321 διαϐάλλειν
3404 1269 3502 1331 τὰς
3536 1269 3739 1339 ἀρετὰς
3772 1270 3866 1321 καὶ
3896 1268 4032 1331 τοὺς

2450 1361 2655 1413 τούτων
2692 1361 2927 1431 ἐραστάς
2952 1378 2965 1390 ·
3014 1361 3109 1412 καὶ
3143 1361 3307 1413 αὐτὸν
3344 1361 3436 1413 τὸν
3477 1361 3608 1414 Θεὸν
3648 1364 3758 1424 τοῖς
3815 1360 4031 1431 ἀνθρὼο

2450 1469 2592 1515 ποις,
2624 1452 2698 1513 ὡς
2723 1453 2797 1520 τῷ
2856 1451 3029 1522 Ἀδὰμ
3059 1453 3219 1504 αὑτὸν
3254 1452 3525 1522 βάσκανον
3576 1453 3861 1524 ὑπέγραψε
3891 1469 3906 1485 ·
3963 1453 4029 1504 τδ

2451 1546 2530 1607 δὲ,
2561 1545 2635 1607 ὼς
2664 1546 3039 1615 ἀντικείμενος
3075 1546 3170 1599 καὶ
3200 1548 3279 1616 τῷ
3316 1549 3565 1619 Δεσπότῃ
3604 1550 3699 1602 καὶ
3737 1552 3850 1611 τοῖς
3904 1547 4029 1601 δού-

2458 1637 2569 1699 λοις
2602 1635 2837 1708 [αὐτοῦ].
2872 1636 3067 1692 Ἰστέον
3095 1638 3152 1691 δὲ
3200 1638 3283 1691 δτι
3319 1640 3419 1709 οὐχ
3450 1638 3593 1693 οὕτω
3634 1640 3834 1708 τοπικὴ
3887 1639 4031 1709 μετά

2453 1728 2544 1781 τὸν
2582 1728 2873 1799 σταυρὺνὴ
2904 1728 3000 1783 τοῦ
3028 1729 3277 1783 διαϐόλου
3303 1732 3495 1799 γέγονε
3525 1732 3899 1793 κατάπτωσις.
3951 1732 4031 1794 ὠς

770 1821 1137 1874 adversarius.
1187 1817 1602 1873 Observandum
1639 1825 1725 1870 est
1772 1826 1977 1879 autem,
2016 1816 2218 1868 diaboli
2253 1830 2343 1868 ca-
2377 1825 2417 1879 Β
2452 1839 2459 1851 ι

2340 1846 2343 1854 ν
2377 1825 2417 1879 Β
2452 1823 2516 1889 τῇ
2553 1821 2662 1874 τῶν
2694 1822 3061 1893 προπατόρων
3088 1823 3475 1895 άνενεργησίᾳ,
3511 1822 3693 1886 καθὼς
3718 1822 3815 1877 καὶ
3859 1823 4029 1884 αὐτὸς

770 1927 889 1965 sum
939 1920 1062 1978 pust
1101 1910 1301 1963 Christi
1353 1924 1572 1962 crucem
1623 1922 1729 1961 non
1774 1907 1941 1961 fuisse
1989 1907 2253 1971 localem,
2291 1918 2349 1962 ut

772 2004 875 2057 fuit
913 2004 1143 2072 primus.
1204 2002 1414 2054 Dicitur
1445 2010 1621 2053 tamen
1665 2010 1785 2067 post
1813 1999 2089 2053 Christum
2126 2014 2347 2065 passum

769 2094 1065 2155 cecidisse;
1115 2093 1243 2161 quia
1294 2093 1535 2161 pristime
1587 2090 1731 2144 illius
1784 2091 1964 2153 vires,
2020 2100 2142 2159 post
2197 2090 2347 2143 illum

769 2194 981 2253 tempus
1007 2193 1135 2238 sunt.
1165 2185 1446 2237 diminuta:
1468 2224 1482 2246 ,
1516 2192 1569 2237 et.
1598 2184 1753 2252 quasi
1787 2183 1970 2235 fracta:
2001 2200 2011 2233 :
2047 2192 2103 2233 ut
2140 2183 2254 2249 ipse
2286 2182 2345 2234 Β.

768 2278 1004 2329 Arminio
1035 2278 1285 2332 contiteri
1319 2294 1427 2333 non
1453 2279 1695 2343 erubuit,
1723 2278 1851 2332 illud
1885 2278 2162 2347 prophetae
2200 2279 2252 2332 in
2287 2293 2347 2333 se

769 2370 1047 2435 impletum
1100 2371 1392 2422 ostendens
1437 2385 1448 2419 :
1485 2369 1699 2421 Inimici
1739 2370 1903 2437 gladii
1939 2369 2237 2437 defecerunt
2296 2370 2351 2421 in

769 2461 874 2530 (ine
896 2462 956 2512 ³³.
993 2464 1155 2529 Igitur
1180 2464 1333 2513 ruina
1361 2462 1506 2515 illius
1543 2462 1688 2516 aliud
1720 2462 1855 2515 nihil
1888 2470 1991 2524 est,
2033 2477 2195 2531 quam
2230 2476 2349 2514 ma-

769 2554 1037 2621 lignorum
1106 2566 1399 2607 conatumn
1456 2554 1600 2607 illius
1645 2554 1966 2617 inﬁrmatio,
1996 2565 2350 2624 posteaquam

769 2646 937 2699 semel
961 2663 989 2698 e
1038 2646 1179 2699 coelo
1214 2646 1572 2713 dominioque
1613 2649 1758 2713 quod
1791 2647 2092 2706 obtinebat,
2127 2645 2346 2699 decidit.

770 2736 1000 2787 Advet'le
1038 2751 1277 2795 rursum,
1309 2736 1451 2802 apud
1482 2736 1539 2787 Β.
1573 2733 1850 2788 Iustinum
1882 2736 2266 2805 philosophum
2300 2746 2353 2790 et

771 2840 1063 2897 martyrem
1112 2830 1238 2899 legi,
1297 2830 1574 2882 diabolum
1624 2841 1746 2899 post
1782 2829 1982 2884 Christi
2035 2834 2349 2895 adventum,

770 2919 1043 2986 latamque
1068 2921 1330 2973 adversus
1370 2922 1522 2975 illum
1550 2922 1809 2991 gehennae
1837 2921 1974 2990 ignis
1999 2922 2350 2986 sententiam,

771 3012 1007 3065 maxime
1041 3013 1419 3080 blasliliemum
1453 3016 1727 3078 evasisse;
1762 3014 2047 3083 primoque
2080 3012 2237 3065 initio
2287 3028 2348 3066 ea

772 3105 1105 3172 impudentia
1140 3105 1306 3159 Deum
1337 3119 1446 3157 non
1480 3106 1885 3173 blasphemasse
1926 3120 2032 3174 qua
2059 3106 2241 3158 modo.
2277 3103 2351 3157 Ea

770 3204 995 3265 propter
1034 3204 1181 3249 recte
1220 3194 1286 3249 de
1323 3196 1443 3264 ipso
1477 3196 1755 3265 proditum
1788 3205 2010 3250 exstare
2052 3213 2064 3248 :
2105 3194 2207 3249 Cor
2239 3194 2351 3263 ejus

770 3287 1107 3339 indurubitur
1134 3298 1184 3337 ut
1214 3288 1350 3355 lupis
1378 3285 1446 3352 ll‘5;
1492 3303 1687 3356 nempe
1750 3298 1970 3357 propter
2000 3288 2351 3341 durissimam

772 3378 918 3429 illam
956 3377 1226 3446 planeque
1277 3393 1496 3431 saxeam
1538 3379 1591 3430 in
1644 3380 1848 3431 malitia
1907 3378 2351 3431 obstinationem.

770 3466 927 3534 Quod
977 3469 1022 3521 si
1069 3470 1180 3521 sola
1237 3469 1633 3539 suppliciorum
1681 3471 2022 3538 exspectatio
2073 3469 2353 3523 diabolum

773 3561 1180 3613 sceleratiorem
1224 3560 1420 3623 reddit,
1465 3562 1742 3629 quomodo
1778 3562 1859 3614 vel
1913 3562 2050 3629 ipse,
2092 3561 2170 3612 vel
2208 3560 2354 3612 illius

2451 1911 2529 1982 τῷ
2560 1910 2832 1984 [μεγάλῳ]
2875 1913 3147 1985 Ἀντωνίῳ
3183 1914 3464 1985 ὁμολογῶν
3518 1914 3580 1968 τὸ
3617 1914 3894 1984 ψαλμικδν
3940 1913 4030 1965 ἐπ’

2453 2005 2614 2055 αὑτὸν
2659 2003 3055 2075 πεπληρῶσθαι
3086 2006 3267 2072 λόγιον
3294 2021 3310 2037 ’
3354 2006 3465 2060 Τοῦ
3497 2005 3716 2074 ἐχθροῦ
3744 2005 4033 2069 ἐξέλιπον

2452 2099 2509 2149 ai
2536 2096 2820 2165 ῥομφαῖαι
2848 2099 2935 2163 είς
2964 2098 3161 2163 τέλος.
3191 2098 3507 2161 Ἐκπτωσις
3535 2094 3627 2152 οὖν
3667 2096 3854 2161 αὐτοῦ,
3885 2094 4028 2169 [xui]

2450 2189 2614 2258 ἡτῶν
2645 2188 2897 2258 πονηρῶν
2928 2188 3095 2243 αὐτοῦ
3132 2190 3554 2260 ἐγχειρημάτων
3574 2191 3855 2259 ἀθέτησις,
3889 2190 4031 2257 μετὰ

2451 2278 2543 2331 τοῦ
2587 2279 2696 2331 τῶν
2725 2280 2971 2351 οὐρανῶν
3025 2280 3119 2335 καὶ
3174 2280 3276 2351 τῆς
3308 2281 3517 2345 οἰκείας
3554 2280 3730 2351 ἀρχῆς
3779 2278 4031 2351 [τελέως]

2453 2373 2888 2443 άποϐεϐλῆσθαι,
2930 2376 3005 2438 ὡς
3032 2376 3271 2445 εἴρηται.
3299 2373 3565 2427 Λέλεκται
3583 2373 3639 2427 δὲ
3661 2372 3740 2442 τῷ
3772 2371 4033 2441 μακαρίῳ

2454 2467 2729 2538 Ἰονστίνῳ
2773 2466 2850 2537 τῷ
2894 2466 3195 2539 [φιλοσόφῳ
3227 2465 3346 2538 καὶ]
3423 2467 3683 2537 μάρτυρι,
3744 2464 3883 2533 μετὰ
3928 2464 4031 2533 τὴν

2454 2558 2593 2630 [τοῦ]
2635 2557 2873 2628 Χριστοῦ
2934 2558 3235 2628 παρουσίαν
3289 2559 3384 2610 καὶ
3425 2556 3525 2627 τὴν
3558 2557 3677 2609 κατ’
3736 2554 3903 2608 αὐτοῦ
3965 2555 4030 2607 ὲν

2452 2651 2645 2722 γεέννῃ
2679 2651 2976 2718 ἀπόφασιν,
3011 2650 3330 2719 βλάσφημον
3357 2648 3593 2718 μάλιστα
3624 2647 3912 2715 γεγονέναι
3938 2644 4032 2699 τὸν

2453 2742 2697 2796 διάϐολον
2728 2758 2740 2771 ·
2778 2742 2982 2811 καίπερ
3016 2742 3093 2813 μὴ
3143 2742 3411 2812 πρότερον
3437 2738 3610 2801 οὕτως
3648 2738 3883 2801 ἀναιδῶς
3934 2736 4031 2790 τὸν

2455 2834 2586 2887 Θεὸν
2623 2835 3095 2904 βλασφημήσαντα
3120 2850 3131 2862 ⁸
3156 2834 3237 2885 διὸ
3266 2832 3395 2902 περὶ
3422 2831 3584 2885 αὑτοῦ
3615 2830 3922 2891 εὖθυϐόλως
3956 2830 4037 2881 εἴ-

2458 2943 2617 2995 ρηται
2648 2942 2663 2958 ο
2737 2926 2806 2979 Ἠ
2839 2924 3052 2993 καρδία
3078 2923 3267 2977 αὑτοῦ
3297 2923 3570 2991 πέπηγεν
3587 2921 3792 2989 ῶσπερ
3818 2922 3989 2986 ,ιίθος
4015 2937 4031 2953 ο

2458 3014 2543 3067 διὰ
2570 3015 2629 3067 τὸ
2676 3019 2774 3087 τῆς
2811 3015 3074 3085 πονηρίας
3123 3014 3426 3067 άνένδοτον.
3473 3014 3532 3066 Ei
3567 3013 3623 3065 δὲ
3658 3014 3691 3083 ἡ
3736 3012 4035 3082 προσδοκία

2454 3107 2551 3175 τῆς
2589 3107 2865 3167 κολάσεως
2900 3106 3267 3175 πονηρότερον
3290 3103 3451 3157 αὐτὸν
3480 3100 3881 3173 ἀπειργάσατο,
3914 3100 4037 3162 πῶς

2457 3198 2522 3251 ἂν
2568 3195 2931 3266 κολαζόμενος
2980 3197 3012 3265 ἢ
3058 3196 3223 3259 αὐτὸς
3281 3194 3314 3265 ἢ
3367 3196 3419 3246 οἱ
3473 3194 3698 3262 ἐργάται
3757 3190 3927 3247 αὐτοῦ
3978 3192 4039 3244 ὲν

2452 3288 2667 3358 γεέννῃ,
2698 3288 2786 3341 διὰ
2824 3287 2932 3355 τῆς
2964 3285 3264 3355 πυρώσεως
3297 3284 3404 3338 τῶν
3434 3282 3620 3355 ρὑων
3639 3284 3738 3352 τῆς
3759 3282 4039 3352 ἁμαρτίας

2453 3379 2919 3449 ὲκπλυνθήσονται
2944 3394 2959 3442 ;
2986 3379 3179 3430 τούτου
3201 3377 3255 3429 δὲ
3290 3376 3365 3446 μὴ
3396 3375 3676 3442 τυχόντες,
3714 3374 3831 3437 πῶς
3861 3375 4039 3443 πέρας

2452 3468 2635 3531 ἕξουσι
2664 3469 2764 3538 τῆς
2804 3469 3099 3534 κολάσεως,
3132 3468 3275 3523 κατὰ
3300 3468 3429 3531 τοὺς
3481 3466 3890 3537 ματαιδφρονας
3920 3463 4035 3545 [ai-

2456 3562 2705 3628 ρετικούς
2728 3561 2766 3632 ;]

774 3652 1010 3706 ministri
1050 3652 1308 3720 gehennae
1351 3652 1489 3721 ignis
1535 3654 1730 3705 ardore
1784 3653 2127 3715 inﬂammati,
2164 3653 2387 3721 direque
2440 3654 2654 3720 puniti,
2722 3664 3069 3723 peccatorum
3104 3652 3293 3708 sordes
3330 3652 3560 3707 cluent?
3606 3650 3755 3705 lianc
3788 3658 3972 3704 autem
4009 3664 4038 3700 ει

774 3744 1011 3812 peccatis
1066 3758 1160 3812 per
1221 3745 1395 3813 ignem
1442 3745 1808 3813 expiationem
1866 3761 1974 3799 non
2028 3746 2347 3809 consecuti;
2389 3748 2690 3815 quomodo,
2716 3746 3018 3801 secundum
3072 3747 3294 3802 stultam
3342 3745 3713 3815 quorumdam
3748 3744 4011 3797 haeretica

775 3854 896 3893 rum
936 3838 1283 3901 sententiam,
1320 3841 1597 3894 cruciatus
1629 3840 1845 3893 illorum
1888 3840 2047 3894 ﬁnem
2080 3843 2208 3895 olim
2240 3844 2583 3897 sortientur?

847 3928 964 3991 XII,
1009 3929 1094 3981 10.
1132 3929 1195 3982 Et
1226 3932 1403 3983 audiri
1436 3948 1603 3985 vocem
1635 3951 1879 4004 magnam
1908 3936 1961 3988 in
1994 3938 2139 4000 c0210,
2179 3939 2355 3989 dicen-

776 4030 920 4073 tem:
948 4018 1104 4071 Nunc
1142 4020 1286 4088 facta
1322 4033 1395 4075 est
1444 4025 1608 4089 salus,
1638 4034 1685 4077 et
1719 4027 1907 4091 virtus,
1936 4036 1983 4080 et
2014 4044 2224 4095 regnum
2259 4028 2354 4081 Dei

775 4112 963 4176 nostri,
994 4122 1041 4164 et
1087 4122 1315 4180 potestas
1348 4113 1549 4167 Christi
1594 4115 1708 4184 ejus
1757 4119 1931 4185 :quia
1969 4129 2230 4187 prolectus
2280 4134 2353 4174 est

778 4212 1060 4255 accusator
1115 4202 1341 4271 fratrum
1396 4216 1717 4271 nostrorum,
1771 4212 1860 4276 qui
1903 4214 2185 4265 accusabat
2236 4212 2354 4265 illos

780 4304 900 4348 aute
930 4306 1261 4363 conspectum
1303 4296 1399 4350 Dei
1433 4301 1597 4351 nostri
1630 4299 1715 4354 die
1746 4317 1808 4353 ac
1850 4312 2015 4356 nocte.

846 4467 951 4523 Per
990 4471 1376 4524 accusationem
1417 4472 1710 4541 falsamque
1764 4474 2108 4540 calumniam,
2156 4478 2355 4546 quibus

784 4566 1033 4618 homines
1070 4565 1423 4633 iinpt-tuntur,
1460 4568 1636 4635 ipsum
1665 4568 1943 4622 diabolum
1972 4572 2249 4641 designat,
2283 4573 2358 4626 si-

782 4655 1000 4723 quidem
1048 4656 1152 4709 hoe
1195 4657 1437 4710 studium
1490 4659 1731 4712 nominis
1775 4660 1896 4729 ejus
1930 4664 2090 4723 ratio,
2137 4673 2194 4715 ut
2239 4676 2365 4717 ante

781 4746 989 4796 dictum
1044 4753 1148 4806 est,
1208 4745 1471 4799 insinuat.
1527 4745 1805 4800 Lzetantur
1857 4758 2035 4801 autem
2086 4749 2260 4817 angeli
2299 4749 2365 4802 de

784 4834 925 4885 illius
961 4832 1254 4901 ejectione,
1307 4836 1432 4905 quia
1480 4838 1629 4890 nulla
1679 4847 1761 4891 est
1809 4852 1935 4907 pars
1990 4840 2194 4895 inﬁdeli
2240 4858 2361 4896 cum

784 4923 1056 4975 lidelibus.

854 5013 972 5077 XII,
1016 5015 1094 5078 ll,
1134 5017 1219 5069 12.
1250 5016 1313 5068 Et
1358 5018 1456 5082 ipsi
1487 5020 1718 5073 vicerunt
1749 5037 1865 5074 eum
1898 5032 2114 5091 propter
2137 5024 2357 5092 sangui-

785 5124 898 5159 nem
923 5107 1076 5176 Agui,
1108 5118 1152 5161 et
1176 5120 1388 5176 propter
1413 5111 1619 5164 verbum
1645 5115 1930 5166 testimonii
1952 5118 2057 5179 sui;
2082 5126 2128 5168 et
2156 5132 2257 5168 non
2282 5117 2363 5168 tli-

784 5198 1021 5251 lexerunt
1054 5201 1259 5253 animas
1299 5218 1424 5255 suas
1462 5213 1621 5271 usque
1679 5206 1747 5256 ad
1793 5216 2033 5261 nionem.
2077 5206 2365 5275 Propterea

790 5290 1067 5349 itt'tamiui,
1121 5292 1260 5353 caeli,
1291 5302 1337 5343 et
1371 5292 1458 5359 qui
1501 5294 1754 5348 habitatis
1779 5296 1829 5347 iu
1864 5298 1958 5349 eis.
2004 5295 2092 5350 γω
2121 5307 2274 5350 terrui
2319 5308 2364 5349 et

788 5382 961 5445 inuti;
1010 5385 1132 5449 quia
1162 5386 1429 5437 descendit
1466 5386 1705 5439 diabolus
1749 5389 1816 5440 ad
1844 5405 1929 5441 vos
1991 5391 2184 5443 habens
2231 5391 2365 5442 iram

788 5490 1057 5544 magnam,
1089 5478 1254 5529 sciens
1280 5480 1418 5545 quod
1442 5480 1701 5532 modicum
1736 5490 1930 5548 tenipus
1957 5481 2129 5535 liabet.

861 5649 924 5701 Et
959 5651 1152 5714 sancti,
1203 5652 1401 5722 inquit,
1445 5656 1684 5717 tametsi,
1722 5659 1917 5711 acriter
1946 5660 2085 5728 apud
2129 5678 2321 5716 titntics
2345 5704 2357 5727 ,

864 5829 907 5862 ³⁵
934 5826 1077 5883 ΙέξιΙ.
1110 5846 1182 5896 ix,
1213 5833 1263 5885 7.
1344 5836 1385 5865 ³³
1418 5834 1518 5889 Job
1564 5853 1668 5897 xu,
1707 5837 1784 5890 13.

2535 3938 2642 3992 Kai
2664 3937 2903 4006 ἤκουσα
2924 3936 3134 4006 φωνῆς
3156 3936 3426 4006 μεγάλης
3454 3936 3525 3989 ἐν
3552 3933 3634 3999 τῷ
3672 3931 3908 4000 οὐρανῷ
3936 3936 4041 3986 ,ιε-

2462 4033 2716 4100 γούσης·
2762 4030 2923 4097 Ἀρτι
2955 4027 3195 4098 ἐγένετο
3234 4030 3271 4095 ἡ
3296 4028 3559 4096 σωτηρία
3594 4026 3690 4079 καὶ
3720 4026 3758 4093 ἠ
3787 4024 4043 4093 δύναμις

2462 4124 2558 4176 καὶ
2594 4123 2631 4189 ἡ
2663 4122 2951 4185 βασιλεία
2978 4121 3081 4174 τοῦ
3139 4120 3288 4174 Θεοῦ
3318 4119 3505 4188 ἡμῶν,
3540 4118 3638 4172 καί
3688 4118 3727 4185 ἡ
3781 4117 4042 4179 ἐξουσία

2462 4212 2566 4265 τοῦ
2604 4212 2861 4279 Χριστοῦ
2895 4209 3082 4264 αὐτοῦ
3114 4226 3128 4240 ο
3164 4209 3252 4262 ἔτι
3282 4208 3625 4276 κατεδλήθη
3649 4212 3681 4260 ό
3710 4207 4044 4275 κατήγορος

2464 4304 2579 4357 τῶν
2626 4302 2907 4371 ἀδελφῶν
2959 4302 3150 4372 ἡμῶν,
3203 4304 3235 4355 ὁ
3287 4298 3635 4370 κατηγορῶν
3676 4300 3897 4365 αὐτοὺς
3940 4300 4043 4353 ἑν-

2459 4397 2646 4449 ductor
2664 4397 2769 4449 τοῦ
2804 4395 2952 4449 Θεοῦ
2977 4394 3202 4462 ἡμέρας
3236 4393 3335 4447 καὶ
3366 4394 3611 4456 νυκτός.

2534 4488 2661 4539 ’Ὅτι
2716 4485 3052 4553 rem-£6.12qu
3096 4488 3127 4538 ὁ
3190 4484 3523 4552 κατήγορος
3582 4481 3701 4535 τῶν
3759 4480 4047 4549 ἀδελφῶν

2464 4575 2652 4645 ἡμῶν.
2678 4607 2747 4615 —-
2789 4576 2852 4628 'H
2889 4574 3211 4642 κατηγορία
3241 4574 3388 4643 καὶὴ
3419 4572 3672 4638 διαϐολὴ
3704 4573 3737 4640 ἠ
3772 4572 3912 4624 κατὰ
3934 4570 4044 4621 τῶν

2464 4666 2792 4737 ἀνθρώπων,
2830 4668 2919 4719 τὸν
2967 4666 3233 4728 διάϐολον,
3272 4667 3407 4736 ὅπερ
3441 4664 3581 4728 ἐστὶ,
3639 4662 3934 4732 κέκληκεν,
3965 4662 4044 4725 ὡς

2465 4760 2702 4829 εἴρηται.
2740 4758 3140 4828 Εὑφραίνονται
3163 4757 3220 4809 δὲ
3256 4756 3305 4810 οι
3349 4755 3573 4824 ἄγγελοι
3608 4753 3703 4807 ἐπὶ
3734 4756 3799 4824 τῇ
3845 4752 4043 4808 τούτου

2465 4852 2659 4921 ἐκϐολῇ
2696 4868 2709 4881 ·
2746 4851 2974 4920 οἰδεμία
3021 4850 3130 4921 γὰρ
3168 4850 3326 4920 μερὶς
3389 4847 3567 4918 πιστῷ
3600 4848 3740 4918 μετὰ
3777 4847 4035 4899 ἀπίστου.

2531 5031 2638 5083 Καὶ
2681 5027 2868 5081 αὐτοῦ
2900 5028 3199 5094 ἐνίκησαν
3248 5027 3438 5081 αὑτὸν
3495 5025 3595 5080 διὰ
3641 5024 3707 5079 τὸ
3757 5021 3900 5095 αἷμα
3939 5026 4048 5079 τοῦ

2476 5122 2721 5190 Ἀρνίου,
2754 5121 2852 5174 καὶ
2894 5120 2993 5173 διὰ
3040 5120 3145 5173 τὸν
3191 5120 3379 5189 λόγον
3410 5118 3521 5186 τῆς
3564 5119 3895 5187 μαρτυρίας
3935 5119 4048 5172 αὐ-

2462 5216 2580 5269 τῶν
2606 5232 2619 5245 ·
2652 5215 2749 5268 καὶ
2779 5218 2889 5268 οὐκ
2920 5213 3252 5283 ἠγάπησαν
3275 5213 3390 5280 τὴν
3438 5211 3652 5282 ψυχὴν
3676 5210 3878 5265 αὐτῶν
3905 5211 4047 5279 ἄχρι

2468 5303 2750 5357 θανάτου.
2787 5304 2888 5356 Διὰ
2923 5303 3097 5356 τοῦτο
3125 5304 3543 5371 εὐφραίνεσθε,
3573 5304 3626 5353 οι
3650 5301 3921 5367 οὐρανοὶ,
3944 5304 4042 5352 καὶ

2467 5397 2521 5446 οἱ
2539 5393 2607 5446 ὲν
2639 5394 2846 5458 αὐτοῖς
2880 5393 3279 5459 σκηνοῦντες.
3319 5392 3465 5446 Οὐαὶ
3490 5391 3562 5459 τῇ
3604 5391 3682 5460 τῇ
3710 5391 3810 5445 καὶ
3830 5389 3906 5458 τῇ
3941 5395 4016 5445 θα
4037 5420 4051 5429 -

2467 5485 2698 5550 λάσθῃ,
2725 5483 2813 5537 ὅτι
2845 5484 3064 5548 κατέϐη
3092 5486 3124 5535 ὁ
3146 5482 3424 5547 διάϐολος
3463 5481 3612 5549 πρὸς
3639 5479 3789 5547 ὑμᾶς
3828 5478 3910 5552 [ὁ]
3938 5479 4050 5548 μέ-

2468 5592 2581 5642 γαν
2611 5575 2767 5643 ἔχων
2794 5576 3002 5644 θυμὸν,
3031 5576 3203 5641 εἰδὼς
3233 5574 3319 5628 ὅτι
3345 5576 3556 5644 ὀλίγον
3582 5575 3794 5644 καιρὸν
3824 5574 3971 5643 ἔχει.

2539 5668 2643 5720 Καὶ
2667 5669 2834 5723 αὐτοὶ
2865 5670 3161 5735 ἐνίκησαν
3184 5669 3373 5724 αὑτὸν
3402 5668 3498 5723 διὰ
3534 5670 3597 5722 τὸ
3624 5664 3767 5737 (illm
3800 5667 3909 5722 τοῦ
3947 5667 4058 5735 dp-
