4282 6440
274 358 383 422 365

1239 357 1736 419 (ῙΟΜΜΕΝΤΑΒῙ
1749 359 1846 418 US
1902 360 1981 420 ΙΝ
2025 360 2254 420 APOCA
2264 361 2555 424 LYPSIN.

3438 359 3550 425 356

273 477 403 528 ὁπιν
434 473 538 526 ὑπὸ
566 473 665 541 τῆς
697 470 1052 532 ταλαντιαίας
1075 470 1320 540 χαλάζης
1377 471 1765 541 πληττόμενοι.
1795 472 1857 524 τὸ
1888 476 1932 532 Α
1963 506 1964 513 η

1848 476 2125 543 .Aquam
2201 477 2265 527 ad
2318 473 2692 544 paenitentiam
2767 486 3092 539 morumque
3160 476 3539 530 mutationem.

275 567 411 623 αὐτὸ
446 566 726 618 πείσονται
751 561 1042 636 [πάντωςῙ,
1082 560 1264 623 καθὼς
1300 563 1357 613 ὲν
1399 560 1476 631 τῷ
1525 563 1676 631 τόπῳ
1706 563 1860 629 γινό-

279 677 454 730 μενοι,
509 660 607 710 σὺν
632 656 750 726 Θεῷ
783 654 1154 724 σαφηνιοῦμεν
1215 654 1290 716 ὼς
1324 654 1635 724 δυνάμεθα·
1676 658 1770 708 καὶ
1805 657 1855 708 oi

274 751 510 823 πονηροὶ
539 750 793 818 δαίμονες
817 749 905 800 erat
931 733 1429 816 τῶνάνθρωπίνων
1456 746 1748 815 σωμάτων,
1779 742 1858 810 οἷς

273 844 537 916 ὀργάνοις
582 842 904 912 κέχρηνται.
967 841 1077 894 ὑπὸ
1108 840 1218 892 τῶν
1277 840 1452 907 ἁγίων
1497 840 1860 911 αἰκιζόμενοι,

276 935 627 1006 βλασφημεῖν
652 932 800 1002 ὅμως
831 933 959 992 τοὺς
1002 931 1371 1000 μαστίζοντας
1403 931 1503 983 οὐκ
1538 931 1857 1002 ἀπέχονται.

273 1026 651 1081 Διασκιπτέον
680 1025 738 1077 ὁὶ
793 1023 845 1076 τί
875 1024 985 1094 ἄρα
1019 1023 1101 1076 δεῖ
1130 1025 1277 1092 ἡμᾶς
1327 1025 1455 1092 περὶ
1493 1023 1602 1075 τῶν
1647 1023 1862 1077 ἀσεϐῶν

272 1119 437 1192 ίτῶν]
469 1121 527 1173 ὲν
552 1122 619 1190 τῇ
647 1117 837 1189 γεέννῃ
867 1117 964 1171 τοῦ
999 1115 1172 1186 πυρὸς
1202 1116 1592 1186 κολαζομένων
1653 1117 1864 1186 λογίζε-

272 1212 429 1265 σθαι·
456 1210 535 1273 ὡς
561 1209 674 1280 ἄρα
698 1209 869 1280 ταύτῃ
901 1209 1001 1278 τῆς
1036 1209 1279 1278 ἐμφύτου
1311 1210 1508 1273 κακίας
1532 1211 1729 1282 μέχρις
1760 1211 1859 1263 αύ-

271 1305 375 1372 τῆς
408 1303 618 1366 ἑννοίας
651 1303 1099 1370 ἀποπαυομένων
1129 1303 1334 1364 τέλεον,
1388 1303 1423 1372 ἢ
1476 1301 1639 1368 μόνον
1669 1303 1861 1371 ιπεχο-

277 1397 458 1464 μένων
501 1395 562 1446 τὸ
604 1396 681 1455 εἰς
736 1394 896 1464 ἔργον
945 1393 1250 1460 ἐξενεγκεῖν
1283 1394 1351 1447 τά
1381 1394 1593 1462 πονηρὰ
1645 1393 1860 1460 βουλεύ-

272 1503 448 1556 ματα,
484 1485 740 1555 καθάπερ
775 1487 902 1547 τοὺς
936 1483 1284 1552 κακούργους
1318 1487 1447 1547 τοὺς
1500 1485 1556 1536 ἐν
1595 1487 1712 1548 ταῖς
1743 1487 1858 1555 sip-

273 1578 433 1638 κταῖς
466 1575 852 1646 βαλλομένους,
887 1576 982 1628 καὶ
1007 1576 1256 1647 ἀνάγκῃ,
1301 1574 1418 1629 ἀλλ’
1441 1575 1504 1627 ού
1537 1574 1729 1646 γνώμῃ
1760 1576 1858 1644 τῆς

271 1669 402 1721 καθ’
429 1667 632 1738 ἑτέρων
662 1666 958 1735 ἐπιϐουλῆς
988 1666 1388 1736 ἀπεχομένους.
1441 1663 1580 1731 Ἐγὼ
1617 1667 1715 1736 μὲν
1746 1669 1856 1735 γάρ

269 1759 495 1817 αἰώνιον
520 1759 735 1813 ἀκούων
755 1759 856 1829 τὴν
881 1759 1126 1824 κόλασιν,
1159 1759 1239 1829 τῷ
1267 1759 1679 1829 ἀποφηναμένῳ
1733 1760 1856 1812 ἀπιο

1966 566 2118 632 Quod
2174 567 2220 619 si
2273 567 2498 636 ﬂagellis
2558 575 2770 620 tantum
2836 566 2959 618 cmsi
3039 566 3092 618 in
3149 565 3541 634 blasphemiam

1964 668 2374 724 convertentur,
2427 661 2599 715 multo
2634 660 2808 731 magis
2849 661 2953 712 huc
2984 675 3043 714 se
3076 671 3395 717 convertent
3442 661 3540 726 illi.

1967 752 2060 819 qui
2100 761 2288 821 postea
2319 767 2347 805 a
2379 754 2642 822 grandine
2684 753 2865 822 potulo
2917 768 3234 808 mensuram
3267 755 3544 810 obtinente

1967 845 2252 900 ferientur.
2292 844 2492 899 Verum
2521 848 2587 899 de
2629 849 2729 901 ltoc
2756 847 2845 901 ubi
2888 847 2952 901 ad
2986 863 3109 900 eunt
3146 849 3324 901 locum
3359 865 3544 917 perve-

1967 939 2238 997 nerimus.
2275 936 2383 992 Deo
2418 939 2653 995 volente.
2685 942 2867 996 latius.
2903 940 3046 1005 Quin
3070 941 3302 1010 improbi
3327 958 3544 1013 qucque

1966 1029 2178 1096 atrique
2216 1028 2530 1092 daemones,
2569 1045 2662 1098 per
2719 1031 2955 1084 humana
3013 1046 3279 1102 corpora,
3341 1035 3543 1103 quibus

1965 1130 2232 1192 tanquam
2256 1123 2481 1192 organis
2513 1131 2762 1186 utuntur,
2795 1140 2824 1175 a
2867 1127 3069 1180 sanctis
3105 1128 3380 1197 llagellati,
3413 1144 3544 1183 con-

1963 1211 2100 1264 vicia
2151 1211 2426 1280 verbaque
2477 1211 2834 1282 blasphemiis
2893 1216 3048 1281 plena
3104 1217 3158 1270 iu
3211 1218 3544 1289 ﬂagellantes

1965 1303 2292 1373 detorquere
2337 1305 2538 1359 solent.
2577 1304 2875 1374 liapropter
2922 1309 3381 1364 considerandum
3438 1312 3543 1365 ltoc

1964 1393 2085 1447 loco
2120 1394 2286 1455 vertit,
2323 1393 2649 1464 ecquidnam
2691 1395 2757 1447 de
2803 1395 3003 1463 impiis,
3054 1396 3146 1463 qui
3193 1396 3247 1449 in
3299 1399 3542 1466 geltenna

1965 1483 2108 1554 ignis
2138 1493 2483 1552 torquentur,
2518 1485 2678 1540 nobis
2713 1485 3062 1552 cogitandum
3094 1495 3147 1540 et
3189 1491 3541 1543 statuendum

1965 1574 2058 1634 sit,
2092 1589 2222 1627 num
2279 1574 2533 1628 videlicet
2570 1575 2640 1629 ab
2691 1576 2851 1629 insita
2905 1576 3109 1632 malitia
3153 1577 3224 1634 ita
3275 1579 3543 1638 desistant

1963 1665 2280 1734 aliquando,
2318 1674 2377 1718 ut
2412 1677 2593 1720 mente
2612 1677 2665 1720 et
2705 1669 3038 1736 cogitatione
3065 1685 3190 1725 vere
3213 1671 3359 1726 illam
3385 1688 3542 1728 ever.

1965 1764 2190 1820 seutur;
2227 1769 2294 1808 an
2331 1756 2599 1812 hactenus
2632 1758 2808 1812 solum
2842 1761 2911 1813 alt
2938 1775 2999 1813 ea
3033 1761 3364 1825 abstineant,
3399 1780 3540 1834 que-

273 1857 426 1907 στεῖν
452 1853 514 1907 οὐ
560 1825 831 1922 δύναμαινο
857 1851 917 1904 τὸ
934 1851 988 1905 δὲ
1013 1851 1150 1922 πρὸς
1183 1825 1588 1920 εύσπλαγγίνίαν
1609 1825 1703 1904 καὶ
1723 1853 1858 1920 ἀγα·
1896 1825 1935 1878 Β

1848 1880 1858 1892 .
1896 1825 1935 1878 Β
1964 1853 2123 1900 tenus
2155 1860 2317 1914 prava
2352 1847 2580 1900 consilia
2615 1848 2667 1900 in
2717 1864 2855 1916 opus
2913 1864 3029 1903 non
3052 1849 3317 1919 ell‘erant;
3346 1869 3539 1920 quent-

271 1946 478 2012 θότητα
511 1945 669 2008 εἰδὼς
709 1943 874 1999 αὑτοῦ
905 1943 1277 2014 ἑτοιμότατον,
1306 1944 1641 2013 στοχάζομαι
1679 1944 1855 2014 μηδα-

271 2038 396 2108 μῶς
421 2036 488 2090 ἀν
536 2037 703 2091 αὐτὸν
746 2037 779 2107 ἢ
831 2035 1156 2106 ἀπειλήσειν
1209 2036 1241 2106 ἢ
1274 2035 1500 2099 ἐπάξειν
1535 2037 1647 2097 τοῖς
1687 2033 1858 2100 ἀξίοις

271 2131 371 2201 τὴν
396 2131 696 2200 καταδίκην
725 2129 1055 2200 ἀπέραντον,
1099 2129 1147 2182 εί
1176 2129 1304 2192 τοὺς
1353 2127 1855 2192 καταδικασθέντας

269 2223 374 2298 ᾔδη
411 2223 858 2293 μετανοήσαντας
891 2223 984 2274 καὶ
1033 2219 1380 2290 μισήσαντας
1425 2219 1526 2291 τὴν
1561 2220 1760 2276 κακίαν
1790 2220 1858 2290 ἢν

271 2315 608 2385 αὐθαιρέτως
667 2311 1030 2386 [minimam].
1100 2313 1175 2368 Οὐ
1219 2314 1327 2384 γάρ
1389 2313 1637 2386 ἀνάγκῃ,
1691 2311 1851 2384 [ἀλλ’]

268 2409 492 2471 ἑκόντες
524 2406 590 2459 δι’
627 2407 799 2476 αὐτὴν
853 2406 1196 2469 κολάζονται.
1233 2405 1295 2458 Εἰ
1346 2404 1456 2475 γὰρ
1500 2404 1581 2474 τῷ
1625 2404 1852 2475 Φαραὼ,

272 2501 475 2570 καίπερ
507 2500 661 2560 εἰδὼς
700 2501 757 2551 ὲν
808 2497 959 2570 [μὲν]
1009 2501 1127 2561 ταῖς
1160 2497 1385 2567 μάστιξι
1421 2497 1853 2566 μαλασσόμενον,

275 2593 413 2664 μετά
441 2592 545 2664 [δὲ]
576 2593 676 2664 τὴν
723 2590 976 2664 [τούτων]
1008 2591 1333 2658 ἀπαλλαγὴν
1364 2591 1526 2644 πάλιν
1561 2591 1856 2661 σκληρυνό-

274 2700 457 2751 μενον,
482 2683 635 2752 ὅμως
665 2681 880 2750 φειδοῦς
906 2681 1094 2747 ἀξιιῖιν,
1126 2681 1279 2750 ἠφίει
1297 2680 1408 2734 τῶν
1443 2681 1725 2750 μαστίγων
1746 2680 1858 2736 ύπδ

269 2772 366 2826 τοῦ
395 2773 645 2835 Μωσέως
665 2771 1160 2842 παρακαλούμενος
1181 2786 1197 2804 ο
1229 2771 1383 2840 πόσῳ
1406 2772 1603 2841 μᾶλλον
1625 2773 1856 2838 τούτοις,

270 2865 434 2930 εἴπερ
467 2863 663 2926 αὐτοὺς
683 2863 761 2932 τῷ
791 2863 928 2933 πυρὶ
954 2863 1046 2916 τὸν
1078 2861 1250 2934 ῥύπον
1277 2862 1706 2933 ἀποτιθεμένους
1737 2863 1857 2931 ἐγί-

271 2975 450 3012 νωσκε
487 2960 629 3011 κατά
665 2960 763 3028 τὴν
792 2959 978 3013 εἰκόνα
1029 2958 1124 3014 τοῦ
1154 2958 1357 3028 χρυσοῦ
1384 2974 1397 3022 ;
1433 2959 1500 3029 ἣν
1533 2961 1590 3012 ὲν
1621 2961 1686 3030 τῇ
1719 2960 1856 3012 ὑπο-

270 3050 420 3109 θέσει
443 3050 616 3123 ταύτῃ
641 3051 785 3113 τινὲς
809 3049 1162 3118 ἑξειλήφασιν
1181 3050 1262 3112 εἰς
1286 3049 1659 3119 παράδειγμα.
1697 3051 1857 3104 Ἀλλά

1961 1938 2255 1993 admodum
2315 1940 2570 1995 scelerati
2614 1942 2862 1995 nonnulli
2897 1942 2990 2011 qui
3040 1943 3093 1997 in
3143 1947 3434 2016 ergastulis
3488 1960 3543 2004 et

1961 2032 2198 2088 vinculis
2230 2033 2564 2097 detinentur,
2601 2033 2850 2103 adeoque
2907 2037 3252 2098 necessitate.
3302 2057 3409 2093 non
3447 2057 3543 2096 v0-

1962 2125 2191 2187 luntate,
2239 2127 2309 2179 ab
2344 2127 2580 2180 aliorum
2633 2125 2936 2182 odensioue
2989 2129 3273 2198 solitisque
3327 2132 3542 2188 insidiis

1961 2227 2300 2273 coercentur.
2357 2216 2471 2285 Ego
2521 2233 2654 2273 sane
2710 2235 2834 2273 cum
2883 2228 3148 2276 aeternum
3211 2225 3540 2294 supplicium

1963 2309 2147 2378 impiis
2203 2309 2486 2364 decretum
2517 2309 2704 2374 audio,
2752 2309 3103 2367 decernentis
3133 2317 3419 2370 sententia:
3460 2332 3541 2376 re-

1961 2415 2202 2470 pugnare
2235 2413 2336 2454 nec
2368 2399 2522 2458 valeo
2561 2415 2664 2454 nec
2691 2401 2887 2456 debeo.
2923 2401 3021 2456 Ast
3060 2418 3190 2457 vero
3229 2420 3355 2463 eum
3388 2423 3541 2464 suun

1961 2507 2104 2546 mam
2135 2492 2282 2547 illius
2303 2491 2720 2561 benignitatem,
2759 2501 2813 2549 et
2845 2493 2910 2551 ad
2949 2496 3384 2554 misericordiam
3415 2515 3542 2570 pro-

1961 2584 2283 2655 pensionem
2323 2584 2518 2640 iternm
2562 2584 2871 2654 iterumque
2900 2588 3148 2655 expende
3171 2629 3186 2653 ,
3219 2599 3366 2645 certe
3396 2594 3537 2660 apud

1960 2691 2050 2731 me
2078 2676 2358 2730 constituo
2390 2691 2607 2744 paanam
2648 2691 2750 2745 pro
2791 2675 3035 2742 meritis,
3070 2693 3246 2748 neque
3275 2691 3538 2736 uernum

1961 2765 2293 2835 supplicium
2353 2765 2860 2832 comminatur-um,
2912 2784 3088 2838 neque
3144 2772 3538 2829 comtninatum

1960 2861 2063 2932 71
2096 2875 2317 2929 quoque
2351 2859 2657 2922 illaturum,
2700 2861 2747 2912 si
2778 2860 3263 2918 condemnationis
3315 2873 3541 2921 senten-

1961 2952 2034 3006 tia
2065 2952 2362 3008 obstrietos
2409 2952 2617 3005 videret
2664 2965 2788 3006 tere
2822 2951 3171 3021 praenitentes,
3213 2956 3542 3022 nequitiam-

1959 3064 2068 3120 quc
2113 3062 2278 3118 quam
2343 3057 2642 3117 spontanee
2707 3047 2976 3100 electione
3033 3047 3303 3116 complexi
3381 3060 3542 3105 erant

270 3141 351 3210 τῷ
389 3142 490 3212 μιν
528 3141 738 3211 χρυσῷ,
769 3142 863 3194 δτι
890 3141 1107 3210 ἀψύχῳ,
1134 3143 1380 3210 φυσικῶς
1412 3144 1440 3196 ὁ
1477 3142 1649 3212 ῥύπος
1686 3145 1853 3214 πρόσ-
1882 3164 1928 3226 C

1850 3164 1928 3226 ιο
1963 3140 2164 3210 (neque
2216 3139 2362 3192 enim
2429 3138 2499 3192 ob
2571 3139 2621 3191 id
2663 3137 2974 3205 plectuntur
3017 3140 3163 3206 quod
3215 3141 3541 3195 necessitate

267 3244 392 3286 catt
415 3250 432 3267 ο
463 3237 578 3295 τοῖς
625 3232 680 3286 δι
721 3233 961 3301 λογικοῖς
985 3250 1280 3302 γνωμικιος
1310 3233 1660 3297 συνέζευκται
1685 3249 1698 3262 ³
1729 3236 1857 3304 μᾶλ-

269 3325 364 3378 λον
396 3319 455 3379 δι
486 3325 548 3389 ἐξ
567 3324 748 3378 αὐτῶν
782 3323 1183 3393 ἁποκεκύηται.
1219 3325 1307 3376 Διὸ
1327 3325 1376 3377 oi
1411 3325 1510 3393 τὴν
1542 3325 1856 3392 ἀγαθότητα

267 3416 366 3472 seu
395 3417 534 3471 Θεοῦ
569 3418 662 3471 καὶ
689 3416 790 3486 τὴν
819 3417 1130 3487 πρόγνωσιν
1174 3417 1271 3470 καὶ
1305 3416 1404 3486 τὴν
1447 3417 1699 3485 δύναμιν,
1745 3417 1856 3471 κώ-

269 3511 422 3580 λυμα
448 3510 550 3579 τῆς
587 3509 814 3562 αἰωνίου
850 3507 1129 3572 τιθέμενοι
1185 3509 1484 3571 κολάσεως,
1521 3510 1616 3562 καὶ
1643 3511 1744 3580 τὴν
1773 3512 1855 3564 δι-

271 3601 572 3672 καιοσύνην
597 3601 823 3663 ταύταις
852 3600 1382 3670 προσξευγνύτωσαν
1403 3616 1418 3632 ο
1450 3601 1546 3655 ἅτε
1578 3603 1856 3672 ἀπονεμη-

269 3697 433 3766 τικήν
461 3691 630 3752 οὖσαν
663 3696 882 3763 ἑκάστῳ
907 3694 1018 3748 τῶν
1059 3696 1196 3765 πρὸς
1223 3695 1380 3760 ἀξίαν
1401 3712 1417 3729 ⁶
1455 3696 1552 3750 καὶ
1599 3696 1856 3766 οὐδαμῶς

269 3787 412 3856 πρὸς
449 3785 767 3855 ἀνατροπὴν
816 3785 919 3854 τῆς
964 3785 1116 3850 θείας
1161 3787 1492 3854 ἀποφάσεως
1518 3787 1760 3857 ὄψονται.
1791 3790 1852 3842 Εἰ

266 3879 328 3932 δὲ
353 3878 497 3950 [καὶ]
529 3878 605 3948 μὴ
636 3877 942 3948 βούλονται,
976 3878 1079 3931 κᾶν
1119 3881 1214 3931 καὶ
1247 3880 1373 3942 τοὺς
1405 3880 1500 3932 ἐπὶ
1552 3883 1654 3950 γῆς
1691 3881 1850 3950 βασις

271 3969 383 4032 λείς
408 3969 802 4032 αἰτιάσθωσαν,
835 3968 922 4022 ῖνα
948 3964 1084 4021 ὦσιν
1111 3969 1329 4031 ἑαυτοῖς
1359 3968 1492 4037 γοῦν
1539 3971 1600 4023 σύ
1611 3987 1851 4040 μφωνοιο

270 4061 596 4129 προειδότας
649 4059 751 4129 μὲν
801 4059 877 4130 μὴ
927 4058 1173 4121 ἃπαντας
1243 4059 1370 4122 τοὺς
1416 4059 1853 4128 ἀγωνιζομένους

269 4151 453 4221 πάλην
483 4151 580 4204 καὶ
610 4151 836 4222 πυγμὴν
871 4149 968 4204 καὶ
1014 4150 1212 4219 δρόμον
1257 4150 1351 4202 καὶ
1391 4150 1576 4202 ἵππων
1620 4150 1854 4218 ἅμιλλαν

271 4243 620 4311 νικήσοντας,
650 4243 766 4298 ἀλλ’
800 4243 897 4295 ἕνα
927 4243 1022 4299 καὶ
1058 4242 1220 4310 μόνον
1244 4241 1304 4305 ἐξ
1334 4241 1601 4311 ἐκατέρου
1648 4241 1853 4295 τούτων

273 4337 746 4406 στεφθησόμενονν
788 4339 926 4390 πᾶσι
980 4337 1034 4390 δὲ
1082 4338 1233 4404 ὅμως
1296 4339 1654 4404 ἀνοιγνύντας
1717 4339 1852 4410 πρὸς

271 4427 458 4494 ἀγῶνα
488 4428 549 4480 τὸ
579 4429 816 4483 στάδιον.
847 4429 1024 4496 Ὅπερ
1053 4428 1162 4496 γὰρ
1182 4431 1294 4490 τοῖς
1335 4429 1754 4497 ἀγωνιζομένοις
1791 4430 1850 4481 τὸ

1959 3233 2141 3300 aliqua
2165 3232 2230 3286 ad
2265 3232 2410 3285 illam
2448 3231 2718 3299 compulsi
2775 3239 2979 3294 essent,
3008 3231 3102 3286 sed
3149 3232 3294 3301 quod
3343 3243 3539 3302 sponte

1960 3325 2353 3394 suscepissent)
2389 3340 2455 3378 ex
2489 3323 2676 3376 animo
2701 3324 3058 3379 detestantes.
3098 3323 3156 3377 Si
3203 3324 3351 3378 enim
3397 3324 3539 3380 Plia-

1962 3432 2210 3484 raonem,
2275 3415 2491 3472 tametsi
2550 3424 2700 3471 certo
2750 3423 2939 3470 nosset
2987 3414 3215 3484 ﬂagellis
3268 3423 3540 3486 utcunque

1959 3511 2288 3572 emollitum,
2321 3521 2508 3576 postea
2544 3524 2762 3562 rursum
2787 3508 2855 3562 ad
2892 3508 3169 3578 ingenium
3205 3509 3536 3575 rediturum,

1962 3599 2129 3668 Moysi
2167 3599 2420 3669 precibus
2477 3597 2676 3660 ﬂetus.
2716 3609 2978 3668 tanquam
3031 3599 3188 3656 veuia
3243 3601 3471 3670 dignum
3503 3618 3536 3659 a

1961 3691 2187 3760 ﬂagellis
2213 3689 2481 3754 absolvit;
2515 3700 2724 3760 quanto
2744 3691 2918 3760 magis
2943 3691 3086 3754 illos,
3122 3691 3168 3746 si
3195 3693 3417 3761 quidem
3443 3709 3539 3764 per

1960 3781 2138 3851 ignem
2172 3798 2202 3835 ο
2235 3781 2493 3838 sordibus
2544 3783 2720 3836 instar
2749 3783 2900 3837 aurei
2946 3782 3092 3838 vasis
3116 3783 3245 3855 (hoc
3280 3784 3428 3838 enim
3480 3786 3533 3845 in

1956 3876 2265 3944 exemplum
2287 3874 2509 3944 quidam
2534 3875 2588 3928 in
2605 3875 2706 3929 Itac
2722 3876 2949 3930 materia
2975 3878 3416 3947 assumpserunt)
3435 3894 3534 3933 ex-

1961 3967 2141 4036 piatos
2177 3977 2547 4035 excoctosque
2611 3967 2981 4035 agnosceret?
3034 3965 3236 4022 Verum
3301 3971 3421 4024 auri
3480 3982 3540 4026 et

1957 4059 2123 4112 animi
2158 4072 2266 4112 non
2296 4067 2383 4113 est
2410 4072 2510 4128 par
2541 4058 2680 4111 ratio
2711 4071 2725 4109 :
2755 4073 2892 4110 auro
2938 4058 3086 4111 enim
3142 4067 3404 4128 tanquam
3459 4062 3536 4116 rei

1958 4149 2184 4204 inanimi
2217 4150 2394 4204 scoria
2431 4149 2758 4203 naturaliter
2778 4150 2937 4203 ade-st
2965 4167 2979 4202 :
3010 4151 3197 4205 animo
3226 4163 3406 4206 autem
3435 4167 3536 4207 caew

1957 4242 2201 4311 terisque
2237 4242 2452 4295 ratione
2484 4241 2746 4310 praeditis.
2778 4257 2884 4294 non
2913 4252 3133 4306 natura,
3169 4243 3264 4297 sed
3309 4246 3534 4314 propria

1954 4332 2234 4388 voluntate
2256 4333 2444 4387 sordes
2464 4335 2733 4402 adjuncta:
2775 4340 2941 4396 sunt;
2967 4343 3063 4389 aut
3092 4335 3278 4391 verius
3320 4336 3538 4405 ipsimet

1960 4425 2112 4493 impii
2145 4438 2238 4478 eas
2276 4423 2419 4477 ultro
2457 4423 2559 4478 sibi
2595 4422 2900 4478 asciscant.
2969 4422 3258 4491 Propterea
3294 4425 3391 4493 qui
3442 4425 3535 4482 Det

273 4519 507 4584 στάδιον,
552 4519 712 4572 τοῦτο
759 4521 926 4572 πᾶσιν
969 4517 1388 4591 [ἀνθρώποιςῙὴ
1437 4521 1516 4582 είς
1555 4519 1703 4572 τόνδε
1759 4519 1850 4572 τὸν
1884 4529 1927 4582 ι)
1963 4518 1964 4521 ’

1844 4538 1850 4563 ι
1884 4529 1927 4582 ῃ
1963 4516 2260 4571 bonitatem
2293 4524 2346 4568 et
2375 4515 2776 4585 pramotionem
2806 4524 2862 4568 et
2913 4514 3214 4584 potentiam
3285 4516 3535 4587 supplicii

273 4607 386 4675 βίον
427 4609 684 4680 πάροδος.
721 4607 1058 4678 Γεννηοῆναι
1118 4607 1215 4678 μὲν
1262 4610 1372 4678 γάρ
1407 4611 1437 4677 ἢ
1477 4609 1552 4680 μὴ
1586 4610 1850 4678 γεννηοῆ-

271 4719 378 4765 ναι,
401 4701 501 4753 οὐκ
532 4703 615 4769 ἐφ’
645 4702 806 4771 ἡμῖν’
843 4700 1220 4771 ἀγωνίσασθαι
1254 4701 1312 4753 δὲ
1347 4701 1436 4754 καὶ
1466 4703 1688 4770 νικῆσαι
1723 4704 1850 4765 τοὺς

271 4794 545 4864 πονηροὺς
608 4794 894 4862 δαίμονας,
931 4794 1022 4845 καὶ
1073 4793 1183 4845 τῶν
1234 4795 1466 4846 αἰωνίων
1498 4797 1680 4864 τυχεῖν
1712 4797 1850 4862 ἀγα-

269 4885 398 4948 θῶν,
430 4884 514 4953 ἀφ’
542 4885 674 4954 ἡμῖν
704 4886 870 4937 ἐστιν.
912 4883 1278 4952 ’Πττηθέντας
1298 4885 1353 4937 δὲ
1382 4885 1606 4948 τούτους
1634 4887 1850 4956 ἀνάγκη

272 4977 698 5047 μιταμελεῖσθαι
739 4982 832 5030 καὶ
864 4977 1084 5047 θρηνεῖν
1114 4977 1372 5044 ἀνόνητα,
1422 4977 1656 5039 αἰωνίως
1687 4976 1849 5029 κολα-

268 5066 560 5138 ζομένους·
595 5070 695 5122 οὐκ
733 5069 888 5123 ἔσται
921 5070 1030 5139 γὰρ
1068 5071 1126 5122 ὲν
1158 5069 1258 5139 ᾆδε]
1294 5068 1368 5140 [ὁ]
1416 5069 1851 5141 ἐξομολογούμεο

267 5179 380 5227 νος,
435 5162 574 5214 κατὰ
608 5161 669 5215 τὸ
694 5161 972 5230 ψαλμικὸν
1020 5161 1222 5228 λόγιον,
1267 5161 1368 5213 οὐκ
1410 5161 1491 5212 ἔτι
1527 5164 1850 5231 συμπαρού-

267 5269 368 5324 σης
399 5255 510 5316 τοῖς
561 5255 1042 5308 καταδικασθεῖσιν
1092 5253 1280 5322 ὥσπερ
1311 5253 1408 5307 νῦν
1444 5253 1543 5320 τῆς
1597 5254 1850 5323 βοηθείας

263 5347 362 5402 τοῦ
393 5345 600 5419 [ἁγίου]
647 5346 986 5415 Πνεύματος.
1021 5344 1562 5416 Διχοτομηθήσονται
1607 5348 1735 5416 γὰρ,
1771 5347 1848 5410 ὣς

265 5456 434 5509 φησιν
464 5440 492 5490 ὁ
516 5436 743 5508 Κύριος,
796 5436 1166 5507 διαιρούμενοι
1199 5434 1296 5487 τού
1337 5436 1468 5506 παρ’
1514 5435 1696 5488 αὐτῶν
1726 5438 1846 5490 ἀτι-

267 5530 569 5601 μασθέντος
611 5529 878 5594 ζωοποιοῦ
928 5528 1266 5598 Πνεύματος.
1296 5526 1400 5578 Τὸν
1434 5526 1491 5578 δὲ
1543 5529 1849 5596 προαποδο-

264 5623 424 5675 θέντα
457 5621 580 5675 νοῦν
610 5621 895 5693 ἡγούμεθα
923 5621 1063 5674 κατά
1104 5622 1164 5673 τὸ
1196 5619 1471 5689 ψαλμικὸν
1519 5620 1850 5672 αἰνίττεσθαι

264 5715 601 5782 λόγιονοὍτι
615 5717 725 5768 οὐκ
739 5713 963 5782 ἀφήσει
979 5714 1186 5780 Κύριος
1205 5708 1548 5777 τὴιορἁδον
1562 5709 1668 5762 τῶν
1679 5712 1854 5778 ἀμαρ-

267 5806 472 5860 τωλῶν
498 5807 595 5860 ἐπὶ
631 5807 736 5860 τὸν
767 5805 997 5873 κλῆρον
1027 5804 1142 5857 τῶν
1172 5803 1441 5864 δικαίων,
1465 5802 1626 5866 ὅπως
1661 5801 1737 5853 ἂν·
1763 5805 1848 5870 μή

1954 4608 2315 4662 aeternitatem
2354 4607 2734 4676 impedituram
2771 4617 3050 4670 asserunt,
3094 4607 3388 4677 juStitiam,
3413 4625 3536 4679 qum

1956 4700 2254 4768 unicuique
2288 4715 2387 4768 pro
2427 4701 2746 4754 meritorum
2778 4699 2987 4756 ratione
3029 4702 3252 4768 praemia
3283 4703 3366 4754 vel
3400 4717 3534 4772 sup-

1955 4791 2113 4858 plicia
2134 4789 2469 4844 distribuere
2496 4790 2655 4855 solet,
2675 4791 2848 4846 tribus
2879 4791 3154 4858 praedictis
3171 4791 3530 4858 admisceant;

1954 4893 2006 4935 et
2063 4893 2216 4944 tunc,
2253 4883 2298 4937 si
2339 4892 2520 4936 tamen
2555 4893 2811 4937 constare
2857 4883 2962 4936 sibi
2997 4883 3202 4947 volunt,
3237 4883 3303 4941 ad
3337 4884 3536 4940 divina:

1956 4977 2241 5029 sententia:
2270 4977 2614 5029 eversionem
2643 4976 2956 5029 nullatenus
2990 4975 3337 5041 spectabunt.
3373 4974 3532 5044 Quod

1958 5065 2004 5118 si
2040 5065 2332 5128 noluerint,
2367 5066 2446 5118 vel
2482 5074 2731 5118 terrenos
2761 5080 2916 5134 reges
2947 5076 3211 5123 accusent
3244 5085 3258 5120 τ
3298 5084 3425 5126 nam
3454 5068 3530 5131 bi,

1958 5158 2081 5211 licet
2108 5166 2259 5210 certo
2297 5157 2632 5224 prazvideant
2668 5173 2772 5210 non
2831 5173 3045 5222 omnes,
3089 5160 3183 5228 qui
3237 5159 3406 5225 lucta,
3441 5162 3527 5215 vel

1957 5265 2159 5319 pugno,
2193 5249 2275 5302 vel
2314 5264 2507 5312 cursu,
2541 5249 2622 5304 vel
2674 5251 2913 5318 equestri
2958 5252 3260 5306 certamine
3292 5263 3529 5316 certant,

1956 5343 2178 5399 victoria
2239 5343 2531 5410 petituros,
2595 5343 2688 5396 scd
2729 5357 2794 5396 ex
2839 5343 3081 5411 qualibet
3137 5345 3318 5398 classe
3364 5357 3531 5404 unum

1954 5432 2249 5496 duntaxat,
2299 5433 2560 5488 omnibus
2616 5443 2796 5487 tamen
2835 5433 3076 5487 stadium
3137 5432 3204 5488 ad
3253 5443 3535 5491 certamen

1953 5524 2223 5593 aperiunt.
2287 5523 2444 5589 Quod
2477 5533 2656 5577 autem
2685 5524 3049 5578 deeertaturis
3101 5533 3186 5580 est
3246 5539 3410 5582 arena
3449 5525 3530 5578 vel

1955 5615 2214 5674 Stadium.
2249 5614 2378 5669 illud
2430 5617 2688 5671 omnibus
2729 5615 3048 5671 hominibus
3097 5617 3150 5675 iu
3186 5618 3327 5672 lianc
3360 5618 3528 5677 vitam

1953 5715 2037 5760 est
2070 5705 2329 5760 introitus
2352 5745 2365 5767 ,
2396 5705 2667 5775 siquidem
2703 5706 2852 5761 ttasci
2879 5707 2960 5761 vel
2994 5723 3102 5765 non
3135 5707 3308 5771 nasci,
3345 5709 3398 5764 itt
3431 5724 3526 5764 no-

1958 5811 2074 5854 stra
2109 5809 2387 5870 potestate
2427 5817 2534 5856 non
2576 5811 2657 5856 est
2686 5803 2886 5865 situm;
2928 5818 3113 5859 verum
3150 5803 3378 5876 impigre
3411 5821 3524 5860 cer-
