4282 6440
716 408 821 476 371

1876 408 2205 470 ΑΝΒΗΕιῈ
2255 406 2778 470 C/ESABIENSIS

3890 406 4005 471 372

712 524 894 594 quali:
952 523 1059 577 no‘n
1085 523 1189 592 fuit
1220 538 1284 575 ea:
1330 538 1433 591 quo
1458 522 1700 576 homines
1735 523 1951 591 fuerunt
1995 535 2152 592 super
2198 534 2298 577 tcr-
2325 528 2374 585 Α
2401 534 2480 574 πα

2360 522 2508 585 Lata!
2558 524 2655 575 xui
2704 519 2981 588 βρονιιαὶ,
3035 520 3135 574 καὶ
3164 521 3421 589 σεισμὸς
3448 519 3660 590 μέγας.
3713 515 3841 586 οἶος
3883 523 4001 576 οὐκ

714 631 867 681 rant,
906 615 1032 670 talis
1059 624 1390 669 terminatus
1446 617 1520 671 sic
1551 624 1798 683 mugitus.

788 790 892 847 Per
917 791 1097 862 angeli
1134 806 1486 863 namque
1535 790 1602 846 de
1636 790 1776 847 ctelo
1831 790 1980 849 facta
2024 792 2309 857 asseritur,

715 882 957 938 divinum
1012 883 1330 941 mandatum
1404 883 1662 938 eil'ectutn
1715 885 1970 940 sortitum
2008 883 2306 939 indicatur.

710 969 981 1029 Caeterum
1018 968 1254 1046 fulgura,
1284 984 1341 1030 et
1358 990 1504 1028 voces
1535 983 1589 1029 et
1626 977 1889 1037 tonitrua,
1917 983 2196 1044 stuporem
2245 984 2301 1030 et

715 1077 1003 1131 terrorem,
1034 1067 1128 1135 qui
1169 1067 1319 1120 exiis
1351 1067 1517 1121 rebus
1548 1082 1670 1136 qua:
1709 1066 1977 1121 inusitato
2001 1067 2160 1119 modo
2186 1076 2299 1120 tum

720 1158 851 1214 ﬁent
884 1198 900 1221 ,
961 1159 1281 1220 exorietur,
1347 1157 1706 1231 futurumque
1753 1157 1957 1214 Christi
2013 1160 2302 1213 adventum

718 1250 1061 1318 signiﬁcant;
1131 1251 1594 1321 quemadmodum
1645 1250 1836 1305 eadem
1895 1248 2023 1303 Olim
2085 1264 2306 1321 quoque

721 1334 816 1397 Dei
892 1358 1058 1414 super
1110 1353 1349 1398 montem
1405 1343 1535 1399 Sina
1595 1343 1921 1398 descensum
1969 1341 2303 1398 indicabant.

2409 604 2648 676 ἐγένετο
2699 609 2800 679 ἀφ’
2835 605 2908 666 οὗ
2955 613 3009 664 οὶ
3065 611 3369 678 ἄνθρωποι
3407 610 3689 679 ἐγένοντο
3734 610 3833 663 ἐπὶ
3886 610 4000 680 τῆς

2407 700 2523 769 τῆς
2542 736 2557 767 ,
2582 700 2941 769 τηλικοῦτος
2969 701 3179 771 mmor;
3202 702 3361 756 οὕτω
3388 701 3601 771 μέγας.

2492 793 2783 865 Ἀγγελικὴ
2796 795 2968 863 φωνὴ
2985 793 3283 864 οὐρανόθεν
3296 785 3704 863 φησί·1⁴ἐγονσο
3723 794 4000 858 τουτιστι,

2407 885 2471 937 τὸ
2500 883 2646 938 θεῖον
2689 885 3005 939 τετέλεσται
3052 887 3403 954 πρόσταγμαο
3434 885 3491 937 al
3523 884 3582 938 δὶ
3637 882 3839 956 [φωναὶ
3880 884 4001 955 καὶ]

2409 974 2712 1045 ἀστραπαί
2740 977 2835 1030 καὶ
2857 976 3134 1045 βρονταὶ,
3160 975 3223 1029 τὸ
3248 975 3695 1044 καταπληκτικὸν
3717 976 3827 1028 τῶν
3851 992 4004 1043 γινο-

2417 1070 2595 1138 μένων
2616 1067 2761 1121 uti
2788 1068 2886 1138 τὴν
2917 1068 3221 1138 μέλλουσαν
3278 1067 3371 1121 τοῦ
3400 1066 3640 1137 Χριστοῦ
3691 1067 4003 1137 παρουσίαν

2406 1157 2763 1227 σημαίνουσιν
2793 1173 2811 1190 ·
2846 1156 3062 1229 [ῶσπερ
3118 1157 3293 1211 πάλαι
3344 1157 3439 1210 τοῦ
3470 1156 3605 1211 Θεοῦ
3638 1157 3739 1226 τὴν
3793 1158 3889 1210 ἐπὶ
3941 1158 4005 1209 τὸ

2406 1248 2764 1322 Σιναῖονζδρος
2790 1248 3137 1321 κατάϐασιν·]
3164 1251 3193 1303 ὁ
3216 1250 3275 1304 δὲ
3302 1251 3545 1320 σεισμὸς,
3566 1251 3667 1322 τὴν
3690 1249 3803 1303 τῶν
3824 1248 4002 1301 ὄντων

2407 1343 2771 1413 μεταποίησιν
2808 1339 3238 1415 [σημαίνει],ὼς
3271 1345 3300 1396 ὁ
3357 1343 3683 1406 ’Δπόστολος
3727 1342 3812 1403 τὸ,
3874 1342 4001 1394 Ἔτι

718 1432 961 1504 Denique
985 1445 1142 1491 terrm
1170 1443 1367 1499 motus,
1409 1448 1598 1489 eorum
1627 1448 1747 1502 quae
1781 1434 1836 1487 in
1865 1446 2048 1487 rermn
2111 1441 2304 1487 natura
2402 1434 2480 1490 ἅπ

2402 1434 2564 1499 ἅπαξ
2589 1437 2797 1501 σείσω,
2824 1437 2897 1503 οὐ
2910 1435 3105 1505 μόνον
3134 1437 3252 1503 τὴν
3278 1426 3413 1505 γῆν,
3441 1430 3603 1490 ἀλλὰ
3625 1434 3727 1489 καὶ
3762 1434 3872 1489 τὸν
3896 1436 4003 1489 οὐ·-

716 1532 953 1584 οπειιωῑ.
981 1525 1389 1581 translationem
1414 1535 1467 1579 et
1498 1525 1549 1578 in
1580 1526 1861 1580 meliorem
1894 1532 2094 1580 statutn
2123 1532 2303 1577 muta-

2395 1526 2609 1592 ρανὸν,
2641 1525 2889 1590 ἐξέλαϐε.

718 1617 920 1674 tionem
954 1617 1237 1673 insinuant
1273 1636 1286 1673 :
1316 1632 1424 1686 quo
1460 1634 1625 1673 sensu
1660 1632 1848 1672 vocem
1893 1617 2032 1671 hanc
2076 1615 2370 1683 Apostolus
2420 1632 2638 1687 quoque
2692 1619 2893 1674 alicubi
2952 1629 3205 1689 usurpat.
3238 1622 3329 1675 Ait
3380 1621 3525 1677 enim
3556 1638 3571 1676 ;
3606 1622 3793 1675 Adhuc
3817 1623 3999 1685 semel,

716 1721 763 1764 et
797 1720 900 1763 non
921 1711 1092 1764 solum
1124 1719 1339 1771 terram,
1368 1727 1543 1766 uernm
1566 1711 1727 1764 etiam
1768 1709 1959 1762 malum
2006 1706 2214 1762 movebo
2238 1707 2306 1762 “.

789 1799 936 1862 XVI,
968 1800 1050 1856 l9.
1082 1800 1144 1853 Et
1170 1801 1316 1869 facta
1340 1812 1413 1859 est
1444 1802 1630 1855 civitas
1658 1818 1847 1872 magna
1875 1801 1929 1854 in
1959 1811 2062 1855 tres
2088 1812 2302 1871 partes;
2332 1805 2375 1862 Β
2475 1841 2480 1853 .

2360 1806 2375 1861 l
2475 1799 2584 1854 Kal
2608 1798 2848 1869 ἐγένετο
2871 1802 2913 1867 ἡ
2943 1802 3114 1866 πόλις
3144 1800 3183 1868 ἡ
3226 1801 3462 1870 μεγάλη
3483 1800 3571 1867 εἰς
3595 1805 3731 1870 τρία
3761 1798 3944 1874 μέρη,

716 1902 764 1948 et
801 1893 1043 1946 civitates
1076 1894 1308 1961 gentium
1332 1894 1652 1949 ceciderunt.

771 1984 874 2040 Per
894 1987 1157 2044 civitatem
1181 2001 1449 2055 magnam,
1467 2002 1572 2041 non
1593 1986 1794 2042 civium
1823 1981 2188 2052 multitudine,
2210 1994 2306 2041 aut

717 2078 913 2132 aedium
945 2085 999 2130 ut
1021 2075 1419 2130 domiciliorum
1451 2076 1831 2145 amplitudine,
1881 2076 1976 2134 sed
2038 2077 2304 2147 religione

722 2178 772 2225 et
808 2171 1007 2240 pietate
1071 2168 1514 2237 antiquissimam
1555 2177 1608 2222 et
1670 2169 1961 2223 maximam
1992 2167 2303 2242 Hierosoly-

718 2272 933 2318 morum
958 2262 1149 2318 urbem
1173 2259 1513 2333 designatum
1572 2270 1857 2331 putamus;
1917 2272 1979 2316 ut
2029 2278 2151 2331 quae
2209 2278 2306 2334 per

717 2356 928 2412 Christi
953 2363 1183 2409 mortem
1211 2362 1267 2408 et
1285 2354 1597 2423 passionem
1656 2354 1791 2409 mire
1816 2355 1888 2409 sit
1933 2355 2305 2425 magniﬁcata,

716 2458 769 2503 et
790 2447 1077 2518 agentium
1104 2445 1417 2500 civitatibus
1454 2445 1732 2500 distincta.
1767 2446 1940 2502 Porro
1971 2448 2093 2515 ejus
2119 2449 2172 2501 in
2205 2459 2310 2503 tres

718 2548 892 2608 partes
932 2540 1227 2594 sectidnent
1244 2538 1445 2608 triplex
1482 2538 1765 2593 hominum
1801 2552 1997 2610 genus,
2045 2544 2192 2610 quod
2255 2542 2308 2595 in

718 2650 791 2693 ea
823 2633 989 2704 degit,
1038 2633 1369 2689 adumbrare
1431 2634 1858 2690 existimamus:
1922 2650 2090 2689 unum
2150 2636 2309 2690 Chri-

718 2730 1057 2791 stianorum;
1095 2726 1350 2790 alterum,
1391 2724 1737 2792 inﬁmorum;
1793 2728 2039 2793 tertiam,
2071 2728 2314 2782 Samari-

719 2832 993 2875 tanorum.
1020 2820 1127 2873 Aut
1151 2818 1451 2891 unum‘75
1472 2833 1658 2873 eorum
1679 2820 1772 2888 qui
1799 2820 1939 2874 ﬁrmi
1968 2830 2315 2876 constantes-

718 2927 823 2981 que
850 2913 903 2967 in
932 2912 1033 2967 ﬁde
1053 2912 1399 2978 consistunt;
1423 2913 1678 2975 alterum,
1706 2928 1891 2967 eorum
1922 2914 2015 2982 qui
2048 2913 2316 2982 baptisma

2406 1890 2508 1951 καὶ
2540 1900 2600 1951 al
2625 1898 2838 1963 πόλεις
2866 1898 2986 1951 τῶν
3010 1896 3201 1952 ἐθνῶν
3220 1898 3468 1952 ἔπεσον.

2478 1989 2665 2043 Πόλιν
2692 1988 2749 2043 δὲ
2776 1990 3072 2059 μεγάλην.
3102 1990 3166 2042 οὗ
3207 1990 3402 2060 πλήθει
3436 1991 3531 2043 καὶ
3571 1990 3802 2059 μεγέθει
3838 1995 3998 2047 οίκο-

2405 2080 2755 2153 δομημάτων,
2790 2076 2904 2134 ἀλλ’
2932 2081 3299 2151 ἑνιθεοσεὸείᾳ
3349 2082 3716 2155 ἀρχαιοτάτην
3764 2088 3861 2139 καὶ
3895 2099 3999 2156 με-

2408 2172 2622 2241 γίστην,
2648 2173 2747 2242 τὴν
2774 2172 3132 2242 Ἰερουσαλὴμ
3159 2172 3621 2243 ὑπολαμϐάνομεν
3643 2192 3657 2206 θ
3698 2178 3795 2230 at:
3824 2190 4002 2247 μεγα-

2409 2267 2694 2320 λυνοεῖσαν
2721 2269 2835 2331 τοῖς
2866 2262 3105 2337 Χριστοῦ
3135 2266 3448 2338 ¹παθήμασι,
3486 2267 3583 2321 καὶ
3610 2268 3989 2323 ἀντιδιαοτελ-

2411 2358 2471 2410 λο
2485 2358 2654 2427 μένην
2676 2359 2798 2422 ταῖς
2830 2356 3073 2421 ἐθνικαῖς
3107 2358 3318 2411 πόλεσι.
3351 2358 3573 2430 Ταύτης
3614 2360 3714 2430 τὴν
3738 2363 3820 2424 είς
3862 2365 3993 2433 τρία

2412 2450 2585 2518 τομὴν
2606 2446 2849 2519 [δηλοῦν]
2885 2446 3190 2519 ἡγούμεθα,
3229 2447 3341 2501 τῶν
3364 2450 3422 2501 ὲν
3451 2447 3589 2519 αὐτῇ
3626 2450 3998 2519 Χριστιανῶν,

2413 2542 2509 2595 καὶ
2544 2539 2835 2603 Ἰουδαίων,
2858 2542 2951 2593 καὶ
2968 2539 3329 2611 Σαμαρειτῶν
3348 2556 3363 2572 ·
3388 2539 3422 2611 ἢ
3447 2540 3555 2593 τῶν
3578 2540 4000 2610 βεϐαιοπίστων,

2414 2631 2511 2684 καὶ
2536 2631 2644 2684 τῶν
2658 2624 2934 2701 ῥυπαραῖς
2956 2628 3191 2700 πράξεσι
3218 2630 3564 2699 μολυνάντων
3592 2629 3654 2683 τὸ
3687 2629 3999 2701 βάπτισμα,

2416 2725 2509 2777 καὶ
2539 2723 2649 2775 τῶν
2683 2722 2928 2793 μηδόλως
2956 2722 3270 2791 δεξαμένων
3314 2721 3590 2775 Ἰουδαίων
3616 2723 3679 2776 τὸ
3700 2724 3992 2794 κήρυγμα,

2416 2815 2514 2884 τὴν
2556 2814 2835 2867 ἀκώλυτον
2868 2813 2965 2867 καὶ⁵
3014 2813 3586 2884 πεπαρῤησιασμένην
3626 2813 3737 2866 τῶν
3781 2815 3999 2867 οίκείων

2420 2907 2776 2978 βουλημάτων
2832 2905 3182 2977 ἐκπλήρωσιν
3211 2946 3225 2972 ,
3264 2906 3361 2960 καὶ
3394 2908 3495 2977 τὴν
3530 2908 3615 2970 είς
3672 2908 3805 2971 τοὺς
3854 2909 3993 2961 καθ-

717 3004 1031 3073 ιιιεοορίιιιη
1097 3001 1255 3058 [ωιηε
1292 3003 1552 3073 cperibus
1608 3003 2159 3069 contaminaverunt;
2218 3020 2319 3073 po-
2420 3003 2480 3071 ήι

2420 3003 2651 3071 ήκοντας
2668 2998 2878 3069 χώρους
2899 2998 3202 3069 [ἑκατέρων
3217 2997 3447 3069 τούτων]
3478 2998 3774 3070 ἐκπομπὴν
3802 2998 3835 3069 ἦ
3861 3000 3996 3052 ἀπο-

718 3106 1006 3159 stremum,
1030 3091 1246 3153 illorum
1275 3083 1587 3148 Iudaeorum
1633 3103 1687 3148 et
1713 3093 2205 3156 Samaritanorum,
2222 3098 2316 3165 qui

714 3184 998 3255 Evangelii
1052 3184 1441 3253 prmdicatione
1494 3183 1799 3254 repudiata,
1839 3198 1956 3237 sua:
2014 3183 2312 3239 voluntatis

714 3277 980 3337 iudicium
1044 3278 1211 3332 libere
1264 3279 1398 3331 citra
1432 3275 1600 3330 ullum
1662 3275 2115 3344 impedimentum
2156 3277 2311 3346 sequi

714 3377 764 3421 et
799 3367 1019 3435 explere
1051 3366 1300 3435 permissi
1329 3373 1491 3429 sunt;
1513 3363 1655 3419 sicut
1683 3363 1748 3416 ad
1797 3363 1888 3417 illa
1917 3376 2137 3432 quoque
2168 3361 2311 3427 loca,

718 3474 951 3530 eamque
981 3461 1033 3515 in
1072 3468 1275 3514 sortem
1300 3444 1621 3519 concedere,
1689 3468 1810 3525 quae
1846 3455 2039 3509 horum
2089 3453 2310 3523 utrique

723 3555 897 3621 magis
926 3551 1220 3606 mmrenire
1245 3549 1631 3603 censebantur.
1687 3546 1756 3600 At
1803 3560 1949 3601 nunc
2017 3560 2147 3601 vero
2204 3554 2312 3599 tam

721 3642 891 3698 Judaei
923 3658 1085 3711 quam
1132 3641 1467 3696 Samaritani
1507 3639 1719 3708 piorum
1762 3638 2066 3707 principum
2112 3641 2309 3691 timore

724 3733 977 3801 perculsi,
1001 3745 1113 3787 suae
1131 3728 1369 3802 perﬁdia:
1400 3731 1629 3787 consilia
1669 3729 1985 3788 occultant,
2019 3742 2083 3780 ac
2116 3726 2306 3783 nobis-

724 3846 849 3885 cum
878 3844 999 3885 sese
1044 3828 1223 3883 facere
1250 3828 1551 3891 simulant,
1592 3826 1865 3895 siquidem
1900 3832 2106 3878 sectam
2150 3838 2304 3878 suam

723 3923 991 3978 exanimo
1019 3923 1271 3977 deserere
1294 3936 1403 3977 non
1433 3921 1661 3984 audent,
1692 3919 1853 3975 sicuti
1887 3917 2028 3973 veris
2089 3906 2309 3989 quoque

723 4012 1055 4069 Christianis
1084 4027 1337 4082 vermqne
1389 4012 1511 4065 lidei
1543 4010 1952 4081 professoribus
1986 4020 2040 4062 et
2081 4009 2307 4063 cultori-

728 4107 850 4168 bus,
879 4106 916 4160 ii
940 4121 1333 4174 nonnunquam
1366 4105 1764 4164 admiscentur,
1809 4104 1902 4172 qui
1937 4104 2054 4156 solo
2089 4105 2311 4157 nomine

727 4205 854 4251 Sunt
903 4195 1225 4257 Christiani.
1260 4194 1741 4249 Vernmenimvero
1768 4194 1858 4245 ubi
1906 4192 2143 4262 primum
2185 4198 2309 4246 ten-

728 4289 995 4342 tationum
1035 4288 1349 4341 incendium
1418 4287 1565 4356 ipsos
1627 4285 1857 4354 probare
1878 4291 1932 4336 et
1982 4282 2310 4352 redarguere

727 4383 975 4450 coeperit.
996 4391 1126 4436 tunc
1165 4381 1348 4436 statim
1389 4381 1569 4434 sectio
1608 4379 1698 4434 illa
1765 4376 2063 4446 tripartita,
2114 4391 2311 4445 nempe

2422 3092 2698 3161 κλήρωσιν
2727 3107 2741 3123 ·
2770 3090 2866 3145 νῦν
2891 3092 3001 3162 γάρ
3052 3092 3301 3144 Ἰουδαῖοι
3352 3091 3453 3161 μὲν
3487 3090 3585 3145 καὶ
3638 3092 4000 3160 Σαμαρεῖται,

2421 3182 2499 3253 τῷ
2527 3182 2678 3254 φόϐῳ
2703 3182 2814 3235 τῶν
2843 3182 3084 3246 εὐσεϐῶς
3114 3182 3533 3251 βασιλευόντων,
3555 3183 3625 3235 τά
3656 3184 3834 3236 οίκεία
3860 3182 3998 3250 κρύ-

2417 3291 2613 3327 πτουσι
2663 3273 2787 3347 [τῆς
2838 3274 3123 3344 ἀπιστίας]
3166 3274 3533 3345 βουλεύματα,
3566 3277 3661 3329 καὶ
3715 3272 3814 3329 σὺν
3867 3278 4002 3344 ἡμῖν

2423 3366 2638 3420 δοκοῦσι
2673 3367 2998 3430 τάττεσθαι,
3023 3367 3160 3438 πρὸς
3194 3362 3327 3420 ίδίαν
3380 3370 3577 3438 μοῖραν
3620 3367 4001 3436 άποστατῆσαι

2421 3457 2496 3527 μὴ
2526 3457 2834 3525 τολμῶντες
2859 3473 2873 3489 ·
2897 3457 3161 3520 ὡσαύτως
3189 3457 3245 3511 δὲ
3280 3458 3376 3511 καὶ
3402 3459 3452 3511 οἱ
3479 3456 3697 3529 ἀληθῶς
3731 3458 3999 3527 Χριστια-

2415 3549 2517 3612 νοὶ,
2550 3551 2662 3611 τοῖς
2698 3549 2761 3601 τὸ
2794 3549 2966 3619 ὄνομα
3019 3550 3181 3619 μόνον
3215 3550 3583 3620 κεκτημένοις
3614 3548 3820 3619 ἀναμὶξ
3866 3562 4001 3616 τυγ-

2420 3640 2674 3709 χάνουσιν
2704 3653 2720 3673 δ
2750 3641 2881 3694 ὅταν
2909 3638 2966 3694 δὲ
2992 3642 3025 3711 ἡ
3051 3640 3161 3694 τῶν
3190 3640 3516 3711 πειρασμῶν
3543 3636 3768 3703 τούτους
3807 3641 4005 3715 ἐλέγξῃ

2418 3733 2685 3803 πύρωσις,
2728 3732 2850 3785 τότε
2894 3732 2928 3801 ή
2959 3733 3040 3795 είς
3065 3732 3194 3802 τρία
3226 3727 3492 3802 διαίρεσις
3523 3728 3733 3785 τούτων
3766 3734 4002 3801 γενήσε-

2418 3843 2531 3887 ται,
2553 3824 2661 3877 τῶν
2686 3839 2748 3876 τε
2774 3823 3038 3889 εύσεὸῶν,
3064 3823 3177 3876 τῶν
3198 3840 3258 3876 τε
3276 3824 3577 3891 δυσσεϐῶν,
3606 3826 3794 3897 τῶνιτε
3823 3827 4006 3896 άμαρ-

2416 3914 2601 3968 cum»
2647 3914 2762 3977 τοῖς
2811 3914 3138 3985 ὁμοτρόποις
3187 3916 3677 3986 προσχωρούντων,
3719 3920 3817 3971 καὶ
3865 3919 4007 3988 πρὸς

2360 3999 2367 4006 ’
2411 4009 2619 4061 οἰκείαν
2652 4007 2847 4077 μοῖραν
2876 4005 3349 4078 ἀποκρινομένων.
3377 4008 3441 4059 Al
3474 4008 3532 4061 δὲ
3562 4008 3675 4061 τῶν
3704 4008 3875 4061 ἐθνῶν
3898 4010 3971 4061 πό
3990 4039 4004 4049 -

2412 4101 2524 4161 λεις
2567 4100 2861 4152 πίπτουσαι
2910 4097 3223 4168 δηλοῦσι.νῆ
3254 4099 3355 4168 τὴν
3391 4099 3575 4153 αὐτῶν
3616 4095 3940 4164 κατάλυσιν,
3970 4100 4004 4170 ἦ

2412 4192 2511 4260 τῆς
2555 4190 2777 4258 ὲθνικῆς
2832 4190 3109 4253 πολιτείας
3136 4190 3237 4259 τὴν
3300 4190 3565 4260 ἔκλειψιν,
3591 4192 3656 4260 τῇ
3724 4192 4007 4261 παρουσίᾳ.

2413 4285 2513 4352 τῆς
2535 4283 2687 4347 θείας
2714 4276 3013 4352 βασιλείας,
3045 4284 3111 4348 ἣν
3137 4282 3432 4346 καθέξουσι
3457 4282 3599 4336 κατὰ
3617 4282 3710 4337 τὸν
3735 4281 3936 4353 Δανιὴλ
3955 4284 4007 4335 oi

2419 4376 2585 4443 ἅγιοι.

730 4471 967 4538 piorum,
996 4471 1287 4540 impiorum
1343 4480 1399 4525 et
1431 4479 1799 4538 peccatorum,
1833 4470 2129 4539 conspicua
2168 4469 2272 4523 erit
2312 4488 2328 4523 :
2363 4469 2560 4537 singuli
2631 4482 2867 4538 namque
2908 4467 2973 4520 ad
3032 4467 3291 4521 similium
3330 4479 3543 4519 morum
3607 4466 3823 4518 turbam
3882 4479 4008 4533 gre-

730 4577 961 4633 gemque
992 4578 1106 4618 sua!
1136 4565 1268 4618 sorti
1302 4562 1514 4617 amnem
1549 4562 1871 4618 concedent.
1931 4562 2086 4628 Quod
2130 4571 2308 4616 autem
2354 4564 2596 4631 gentium
2660 4563 2899 4614 civitates
2949 4560 3136 4613 cadere
3168 4561 3447 4621 dicuntur,
3508 4557 3780 4624 signiﬁcat
3840 4570 4013 4623 regno

733 4655 825 4710 Dei
852 4656 967 4725 jam
1008 4668 1274 4727 praesente
1302 4658 1469 4728 (quod
1488 4658 1661 4713 sancti
1686 4662 1985 4713 secundum
2032 4656 2304 4711 Danielem
2337 4658 2684 4727 occupabunt
2717 4662 2731 4723 )
2759 4671 2881 4712 cum
2960 4656 3109 4725 ipsas
3163 4667 3500 4724 paganorum
3561 4650 3833 4717 civitates,
3890 4663 4007 4705 tum

732 4754 899 4808 vitam
929 4769 1150 4824 quoque
1174 4765 1228 4809 et
1275 4755 1743 4810 conversationem
1780 4754 2053 4808 ethnicam
2115 4753 2480 4807 interituram.

807 4845 875 4901 Et
908 4845 1142 4916 Babylon
1167 4863 1359 4916 magna
1386 4848 1519 4901 venit
1542 4847 1596 4899 in
1618 4846 1925 4899 memoriam
1953 4855 2075 4899 ante
2112 4844 2310 4909 Deum,
2340 4848 2393 4907 1)

2360 4848 2393 4907 Β
2489 4845 2595 4899 Καὶ
2631 4842 2920 4897 Βαϐυλὼν
2954 4842 2991 4909 ἠ
3036 4844 3266 4911 μεγάλη
3298 4839 3574 4909 ἐμνήσθη
3613 4838 3872 4891 ἐνώπιον
3901 4837 4011 4890 τοῦ

2429 4932 2598 4994 Θεοῦ,
2635 4930 2787 5003 [τοῦ]
2819 4930 3031 4984 δοῦναι
3068 4928 3224 4997 αὐτῇ
3269 4931 3337 4983 τὸ
3381 4928 3673 4997 ποτήριον
3706 4927 3815 4982 τοῦ
3836 4928 4013 4982 οἴνου

2425 5021 2531 5075 τοῦ
2564 5019 2756 5087 θυμοῦ
2784 5018 2895 5086 τῆς
2931 5012 3117 5086 ὀργῆς
3141 5017 3352 5071 αὑτοῦ.

2498 5111 2789 5165 Βαϐυλὼν
2816 5109 2875 5162 δὲ
2935 5109 2969 5177 ὴ
3013 5107 3312 5177 μεγάλη,ὴ
3375 5105 3795 5176 συγκεχυμένη,
3842 5106 4003 5176 φησὶ,

2423 5204 2537 5265 τοῖς
2586 5200 2811 5263 οἰκείοις
2846 5196 2943 5252 τοῦ
2974 5198 3092 5267 βίου
3135 5201 3567 5269 περισπασμοϊς,
3598 5196 3691 5250 καὶ
3746 5194 4015 5265 μιεγαλυν⁹

2430 5296 2587 5349 θεῖσα
2612 5292 2689 5360 τῷ
2715 5293 2775 5358 ἐξ
2805 5290 3032 5345 ἀδικιῶν
3071 5289 3291 5358 πλούτῳ
3325 5286 3750 5358 πολυάνθρωπος
3781 5287 4014 5356 πληθὺς.

734 4948 788 4992 ιιι
822 4939 978 4992 dar-et
1008 4937 1091 4991 illi
1121 4936 1337 4991 calicem
1369 4937 1472 4991 uini
1509 4937 1891 5007 indignationis
1930 4937 2027 4990 ira:
2067 4935 2205 5005 ejus.

804 5121 872 5179 Et
905 5108 1133 5178 confusa
1166 5123 1256 5178 illa
1286 5122 1553 5192 Babylon,
1588 5123 1787 5193 inquit,
1823 5121 1991 5177 variis
2020 5120 2142 5175 vita:
2160 5119 2327 5191 hujus

734 5213 884 5269 curis
930 5214 1142 5267 divulsa
1178 5225 1345 5283 atque
1391 5213 1677 5277 distracta,
1740 5212 2045 5281 opibusque
2103 5226 2171 5266 ex
2221 5211 2326 5265 ini-

734 5306 941 5374 quitate
971 5300 1221 5359 conﬂatis
1254 5303 1598 5374 magniﬁcata
1626 5340 1641 5369 ,
1667 5315 1878 5358 necnon
1905 5315 2196 5357 numerosa
2226 5300 2315 5355 illa

738 5397 1023 5451 hominum
1088 5395 1402 5457 multitudo,
1473 5395 1670 5449 divinat
1723 5395 1818 5449 ira:
1866 5395 2092 5449 calicem
2142 5395 2308 5449 bibet.
2424 5388 2480 5441 τὸ

2424 5388 2486 5441 τὸ
2510 5386 2772 5456 ποτήριον
2800 5383 2899 5453 τῆς
2927 5382 3097 5453 ὀργῆς
3130 5380 3224 5433 τοῦ
3252 5380 3391 5433 Θεοῦ
3419 5380 3624 5443 πίεται,
3653 5379 3728 5442 ὡς
3754 5380 3819 5431 ἐκ
3841 5377 4016 5449 λήθης

740 5489 948 5543 Etenim
976 5501 1097 5559 qua:
1128 5498 1348 5557 propter
1378 5488 1689 5543 diuturnam
1741 5486 1833 5541 Dei
1879 5486 2191 5555 patientiam
2262 5486 2312 5539 in
2420 5482 2480 5534 δι‹

2420 5480 2509 5534 διὰ.
2567 5476 2948 5550 μακροθυμίας
2989 5475 3068 5538 εἰς
3127 5475 3351 5545 μνήμην
3393 5471 3621 5526 ἐλθοῦσα
3647 5470 3744 5539 τῆς
3774 5468 3866 5522 τοῦ
3915 5487 4016 5523 πα-

737 5579 1064 5636 σὶιιὶνίοιιοιιι
1106 5580 1321 5636 venisse
1375 5580 1778 5651 quodammodo
1825 5579 2133 5643 videbatur,
2190 5593 2315 5643 pro—
2422 5590 2480 5640 τη

2422 5573 2678 5641 τηθέντος
2706 5569 2915 5623 δικαίου
2942 5566 3035 5622 καὶ
3068 5566 3165 5637 τῆς
3196 5568 3254 5618 ὲν
3315 5564 3494 5634 λόγοις
3536 5563 3629 5618 καὶ
3663 5562 3845 5634 ἔργοις
3889 5561 4017 5616 δυσ-

737 5674 1076 5743 pterjustum
1108 5673 1304 5739 injuste
1326 5673 1615 5737 calcatum,
1644 5672 2025 5742 dictorumque
2062 5681 2114 5723 ct
2142 5672 2318 5725 facto-
2426 5682 2480 5717 σε

2426 5664 2641 5726 σεθείας
2671 5661 3025 5730 ἐκδικήσεως.

739 5777 859 5826 mm
921 5765 1252 5834 impietatem
1297 5765 1590 5822 vindictam
1645 5776 2009 5836 expetentcm,
2043 5764 2224 5818 denuo
2280 5761 2333 5817 in
2380 5756 2701 5814 memoriam
2736 5752 2895 5809 rediit
2928 5760 3054 5808 ante
3087 5751 3271 5806 Dctnn.

811 5882 853 5926 et
888 5856 1048 5942 uelit“.
1081 5898 1174 5947 xu,
1216 5882 1297 5933 ib.
