4282 6440
302 382 407 451 381

1259 384 1867 450 COMMENTARIUS
1908 387 1989 449 IN
2029 389 2564 453 APOCALYPSIN.

3480 385 3589 454 383

305 496 624 558 κατάλυσιν,
658 496 736 559 είς
762 496 863 566 τὴν
883 496 1011 551 νέαν
1049 496 1290 568 Ῥώμην,
1317 500 1390 553 τά
1404 501 1511 554 τῶν
1530 502 1890 571 φιλοχρίστων
1919 503 1970 562 Α
1995 519 1996 547 ξ

1919 503 2223 573 Atumque
2280 504 2524 571 detenta,
2581 504 2799 560 tandem
2841 505 2910 559 ad
2949 518 3205 574 magnum
3269 502 3590 558 Constanti-

309 589 580 659 βασιλέων
609 591 918 661 μετηνέχθη
937 591 1209 660 βασίλεια.
1255 594 1368 663 Τὴν
1397 594 1454 646 δὲ
1480 595 1652 663 αὐτὴν
1684 595 1895 648 ἔννοιαν

305 682 560 745 καὶτοὺς
617 682 801 755 [ἑπτὰ]
838 683 1081 752 βασιλεῖς
1135 685 1426 754 ἐμφαίνειν
1487 687 1737 754 οἰόμεθα,
1796 689 1895 756 τῆς

305 769 610 840 ἑναλλαγῆς
634 771 742 824 τῶν
771 771 947 838 γενῶν
976 771 1242 842 μηδαμῶς
1277 774 1798 846 παρεμποδιζούσης
1827 779 1892 847 τῇ

303 860 409 930 τῆς
436 861 672 926 διανοίας
702 864 992 933 ταυτότητι
1019 881 1032 894 ·
1069 867 1117 917 εἰ
1145 865 1240 918 καὶ
1267 866 1384 919 ἐκεῖ
1420 868 1519 936 μὲν
1549 868 1690 919 ἐπτά
1722 885 1894 937 κεφα-

304 953 404 1015 λάς
431 953 680 1022 θηλυκῶς
727 957 820 1008 καὶ
870 957 1010 1010 ἑπτά
1051 957 1154 1026 ὅρη
1194 957 1514 1028 οὐδετέρως,
1565 958 1799 1012 ἐνταῦθα
1836 961 1892 1013 δὲ

305 1047 452 1100 ἑπτὰ.
481 1047 722 1115 βασιλεῖς
768 1051 1049 1117 ἑσήμανε·
1104 1050 1367 1113 πολλάκις
1420 1051 1528 1120 γὰρ
1569 1053 1892 1122 ,ἀδιαφόρως

302 1133 428 1186 ἀντὶ
461 1133 713 1204 θηλυκῶν
740 1133 1005 1206 ἀῤῥενικά
1034 1139 1092 1189 ἑν
1107 1139 1172 1207 τῇ
1208 1139 1397 1209 Γραφῇ
1427 1144 1603 1192 κεῖται
1629 1141 1889 1210 ὀνόματα,

313 1227 412 1278 καὶ
447 1226 510 1278 τὺ
542 1227 816 1296 ἔμπαλιν·
879 1222 1027 1288 οἷον,
1086 1228 1329 1299 Ἐφραῒμ
1379 1231 1638 1300 δάμαλις
1688 1251 1892 1301 παροι-

302 1318 572 1385 στρῶσα⁶
592 1319 688 1373 καὶ
704 1319 889 1381 πάλιν,
917 1319 1166 1389 Ἐφραῒμ
1191 1323 1510 1391 περιστερὰ
1533 1326 1643 1378 οὐκ
1661 1323 1892 1391 ἔχουσα

303 1407 585 1478 καρδίαν
618 1410 712 1461 καὶ
739 1409 880 1462 κατὰ
909 1409 1000 1462 τὸν
1023 1411 1308 1480 Θεολόγον,
1340 1412 1498 1480 Τρεῖς
1518 1412 1889 1480 μαρτυροῦσι

302 1499 385 1565 τῷ
407 1499 638 1570 Χριστῷ
657 1517 672 1532 ⁸
699 1502 768 1554 τὸ
795 1497 958 1571 αἷμα,
986 1503 1083 1556 καὶ
1111 1503 1178 1557 τὸ
1199 1504 1377 1570 ὕδωρ,
1400 1501 1494 1555 καὶ
1518 1504 1583 1557 τὸ
1614 1501 1850 1571 πνεῦμα
1878 1522 1890 1534 ο

301 1594 403 1647 καί
427 1594 500 1647 τὰ
525 1595 656 1660 τρία
678 1594 748 1648 ἐν
768 1597 888 1648 εισι
911 1635 926 1659 ,
966 1596 1107 1649 κατά
1139 1596 1232 1648 τὸν
1265 1596 1610 1666 Σολομῶντα,
1664 1596 1888 1664 τράγος,

302 1687 400 1740 καὶ
430 1686 702 1758 ἀλέκτωρ,
734 1689 826 1740 καὶ
869 1689 1121 1758 βασιλεὺς
1151 1688 1552 1759 [δημηγορῶν.]
1585 1689 1682 1741 Διά
1711 1689 1890 1742 τοίνυν

2002 611 2132 648 unm
2164 597 2433 663 pervenit.
2468 596 2569 653 llic
2598 607 2786 651 autem
2856 598 3109 668 tyrannis
3173 597 3429 651 munibus
3475 597 3587 664 jam

2005 687 2222 753 deletis,
2256 689 2553 745 Christiani
2590 691 2742 760 regni
2777 701 3100 744 ornamenta
3130 691 3182 745 in
3218 705 3412 743 novam
3480 684 3587 742 Ro-

2006 795 2150 835 mam
2183 781 2480 836 transtulit.
2522 782 2724 838 Eadem
2785 785 3058 838 sententia
3111 791 3319 851 septem
3372 794 3590 850 quoque

1999 871 2220 940 regibus
2248 874 2644 928 accommodari
2670 884 2870 943 potest,
2899 884 3157 943 generum
3184 874 3428 941 enallagc
3456 887 3593 925 neue

1998 965 2204 1030 tiquam
2233 964 2488 1019 obstante
2518 974 2614 1018 aut.
2659 967 2944 1018 sententize
3008 963 3276 1018 identitati
3333 961 3588 1030 praajudl-

1995 1064 2177 1108 caute.
2217 1053 2352 1109 Nam
2400 1056 2506 1110 etsi
2551 1057 2784 1124 κεφαλαὶ
2822 1057 3023 1120 capita,
3075 1056 3144 1110 ad
3201 1069 3372 1123 genus
3436 1053 3590 1106 temi-

1997 1159 2156 1196 neum
2183 1144 2597 1215 spectantsbpn
2649 1155 2831 1198 autem
2893 1154 3117 1208 nimim,
3167 1144 3234 1198 ad
3297 1151 3586 1208 neutrum;

1996 1234 2233 1306 βασιλεῖς
2266 1255 2392 1292 vero
2429 1255 2591 1308 reges,
2634 1240 2697 1290 ad
2727 1238 3087 1302 masculeum,
3116 1238 3216 1290 hoc
3260 1246 3441 1290 tamen
3493 1245 3586 1287 ve-

1995 1329 2208 1382 ritale‘m
2248 1346 2354 1382 non
2391 1331 2656 1396 infringit.
2695 1329 3083 1396 Saepenumero
3141 1329 3288 1381 enim
3329 1327 3383 1381 in
3436 1324 3588 1378 Serb-

1996 1424 2170 1492 pturis
2201 1439 2298 1492 pro
2334 1422 2617 1477 femininis
2641 1423 2990 1476 collocantur
3031 1420 3358 1482 mas-culina,
3389 1413 3588 1473 etedl-

1996 1531 2168 1569 verso.
2221 1513 2480 1582 Ephrm'm
2533 1516 2702 1568 vitula
2747 1524 3097 1567 constemans
3124 1511 3192 1566 ν’.
3237 1506 3299 1565 Et
3341 1524 3580 1563 rursus:

1994 1607 2250 1674 Ephraim
2293 1606 2536 1661 columba
2597 1623 2700 1659 non
2740 1607 2936 1659 habens
2989 1621 3085 1659 cor
3150 1602 3216 1657 ⁸⁸.
3259 1600 3458 1657 Notum
3503 1609 3587 1655 est

1996 1701 2148 1754 enim
2181 1700 2310 1754 illud
2367 1700 2653 1769 Theologi:
2685 1697 2810 1753 Tres
2870 1708 3014 1762 sunt,
3082 1698 3174 1768 qui
3221 1695 3584 1750 testimonium

300 1779 412 1831 τῶν
442 1781 582 1834 ἑπτά
605 1781 884 1848 κεφαλῶν,
937 1782 1125 1844 πόλεις
1184 1781 1436 1850 Θηλυκῶς
1472 1782 1722 1852 δηλώσας
1746 1799 1759 1813 ·
1795 1784 1892 1836 καὶ

1918 1854 1953 1858 _
1992 1791 2118 1843 dant
2146 1790 2200 1843 in
2247 1801 2409 1853 terra,
2437 1787 2691 1856 Spiritus,
2722 1807 2881 1858 aqua,
2952 1799 3001 1841 et
3037 1786 3275 1854 sanguis,
3299 1795 3347 1838 et
3385 1785 3440 1836 hi
3481 1793 3584 1836 tres

299 1873 392 1926 διὰ
408 1873 516 1925 τῶν
551 1873 693 1928 ἑπτά
728 1875 922 1944 ὀρέων,
958 1874 1098 1926 ἑπτά
1150 1875 1515 1944 ἀναστήματα
1561 1875 1882 1946 οὐδετέρως,
1917 1854 1962 1914 Β

1917 1854 1962 1914 Β
1991 1899 2152 1935 unum
2180 1893 2321 1937 sunt.
2361 1882 2425 1937 Et.
2460 1854 2592 1936 illud
2614 1854 2828 1936 rursum
2855 1881 3194 1934 Salomonis:
3249 1875 3374 1932 Tria
3427 1886 3578 1938 sunt,

297 1965 396 2018 τοῦ
427 1963 617 2018 λοιποῦ
640 1965 739 2035 τῆς
777 1967 880 2035 γῆς
911 1965 1163 2035 σώματος
1216 1969 1356 2020 κατά
1409 1969 1601 2037 καιρὸν
1649 1968 1889 2038 ὑπεραν-

300 2058 517 2128 ἑχοντα,
563 2058 627 2110 οὐ
651 2061 852 2128 τοπικῇ
895 2059 1040 2112 οέσει
1096 2059 1212 2131 [καὶ
1251 2059 1513 2133 ἔθνεσιν,]
1553 2061 1688 2115 ἀλλὰ
1733 2059 1894 2130 δόξης

298 2150 594 2221 ἀξιώματι.
633 2154 742 2204 Καὶ
774 2153 1014 2222 βασιλεῖς
1045 2153 1251 2222 ὁμοίως
1282 2149 1460 2220 εἶπεν,
1504 2156 1579 2219 ὡς
1631 2157 1894 2225 νενοὴκαο

302 2261 427 2309 μεν,
457 2239 488 2313 ἢ
521 2245 646 2304 τοὺς
686 2245 1045 2310 δοξασθέντας
1093 2247 1294 2311 τόπους
1335 2251 1402 2318 τῇ
1454 2248 1706 2318 βασιλικῇ
1761 2261 1898 2318 προ-

299 2336 478 2406 εδρία,
509 2334 540 2408 ἢ
574 2339 702 2402 τοὺς
740 2341 972 2409 πρώτως
999 2342 1057 2394 ὲν
1091 2341 1299 2413 ἑκάστῃ
1329 2343 1436 2394 τῶν
1480 2341 1890 2412 προλεχθεισῶν

300 2428 730 2497 βασιλεύσαντας
752 2448 763 2459 ·
817 2431 1050 2484 ἑκάστου
1108 2431 1297 2504 [κατὰ]
1332 2433 1671 2506 περίφρασιν
1705 2435 1888 2486 πᾶσαν

295 2519 399 2589 τὴν
423 2520 706 2588 βασιλείαν
740 2524 1146 2594 περιορίζοντος
1167 2540 1182 2554 ⁶
1219 2522 1352 2590 οἷον,
1385 2527 1572 2590 Νίνου,
1610 2525 1712 2595 τῆς
1762 2527 1888 2578 Ἀσ-

300 2612 539 2682 συρίων⁶
610 2615 904 2684 Ἀρϐάκου,
958 2618 1057 2686 τῆς
1112 2618 1342 2688 Μήδωνο
1392 2618 1890 2688 Ναϐουχοδονόσορ,

296 2709 399 2774 τῆς
441 2706 799 2770 Βαϐυλῶνος·
842 2710 1051 2780 Κύρου,
1077 2709 1465 2780 τῆςιιερσῶν’
1510 2709 1886 2778 Ἀλεξάνδρου,

297 2798 395 2867 τῆς
429 2795 786 2854 Μακεδόνων·
835 2803 1138 2872 Ῥωμύλου,
1175 2802 1276 2872 τῆς
1329 2803 1567 2865 παλαιᾶς
1618 2801 1840 2874 Ῥώμης
1869 2819 1884 2834 ·

302 2892 742 2955 Κωνσταντίνου,
764 2894 862 2962 τῆς
883 2896 1030 2956 νέας.

1993 1973 2200 2037 hircus,
2231 1983 2284 2027 et
2322 1973 2516 2042 gallus,
2573 1982 2628 2025 et
2666 1987 2754 2025 ret
2792 1971 3151 2025 concio-nans.
3188 1966 3357 2038 Igitur
3391 1983 3584 2037 persc-

1994 2071 2135 2130 ptem
2165 2064 2368 2132 capita,
2393 2073 2598 2133 septem
2634 2063 2883 2116 civitates
2939 2051 3204 2116 feminine
3225 2061 3579 2113 denotamur:

1995 2172 2090 2226 per
2113 2166 2318 2224 septem
2340 2165 2519 2209 autem
2545 2165 2780 2219 montes,
2802 2165 3007 2223 septem
3039 2152 3402 2208 eminentiora
3426 2159 3586 2204 terra:

1997 2249 2115 2303 loca
2147 2264 2251 2302 non
2305 2247 2464 2302 locali
2500 2248 2631 2309 situ,
2663 2247 2755 2301 sed
2814 2245 3129 2314 prazstantia
3182 2255 3238 2299 et
3308 2242 3576 2312 dignitate

1993 2341 2352 2398 neutraliter:
2384 2350 2479 2395 aut
2503 2351 2708 2410 septem
2737 2356 2893 2410 reges
2915 2381 2929 2404 ,
2957 2339 3025 2394 ad
3055 2337 3276 2393 modum
3332 2337 3443 2407 jam
3492 2352 3587 2390 ex-

1997 2433 2260 2502 positum,
2308 2433 2645 2499 masculine;
2735 2431 3045 2501 cuiusmodi
3102 2429 3288 2485 haberi
3352 2435 3586 2499 possunt

1999 2525 2099 2591 illi,
2136 2525 2232 2596 qui
2260 2525 2400 2580 locis
2460 2525 2542 2579 vel
2603 2525 2825 2580 sedibus
2864 2524 3010 2594 regia
3057 2523 3325 2593 dignitate
3375 2520 3587 2573 ornatis

1993 2619 2156 2687 primi
2200 2617 2568 2688 praefuerunt;
2606 2618 2679 2672 ita
2728 2625 2912 2671 tamen
2960 2623 3020 2669 ut
3060 2612 3460 2686 synecdocliiee
3503 2619 3592 2664 to-

1993 2719 2106 2765 tum
2135 2727 2362 2781 regnum
2393 2712 2611 2765 illorum
2638 2711 2859 2764 nomine
2882 2708 3219 2779 designetur.
3246 2702 3353 2761 Per
3376 2703 3579 2758 Ninum

1992 2805 2174 2874 itaque
2202 2805 2508 2873 accipiatur
2538 2803 2775 2873 primum
2809 2817 3064 2873 regnum,
3096 2813 3295 2868 nempe
3335 2796 3587 2867 Assyrio.

1991 2913 2135 2952 rum:
2171 2912 2267 2967 per
2304 2896 2593 2960 Arliacem,
2624 2893 2904 2949 Medorum
2966 2913 2979 2948 :
3013 2908 3111 2964 per
3164 2888 3591 2944 Nabuchodono-

298 2985 906 3047 sorem,(lhaldazorum
939 3003 1033 3041 seu
1066 2988 1490 3059 Babyloniorum
1532 3005 1545 3041 :
1587 3001 1680 3056 per
1730 2985 1959 3058 Cyrum,
1999 2988 2336 3045 Persarum:
2369 3005 2466 3059 per
2494 2987 2870 3045 Alexandrum
2921 2986 3175 3056 Magnum
3228 2981 3586 3038 Macedonum

295 3075 883 3145 velGrmcorumzper
945 3082 1236 3139 Romulum
1309 3084 1393 3139 vel
1451 3085 1761 3154 Augustum
1823 3084 2119 3154 Caesarem,

297 3175 657 3231 Orientalium
689 3189 785 3232 aut
806 3195 960 3233 novae
1001 3180 1205 3237 Romae.

2230 3087 2655 3142 Romanorum:
2707 3100 2805 3154 per
2842 3081 3264 3138 Constantinum
3315 3077 3579 3146 denique,

359 3271 424 3322 Ol
451 3270 653 3332 πέντε,
685 3270 938 3325 ἔπεσον·
967 3275 998 3326 ὀ
1025 3269 1132 3338 εἷς,
1163 3273 1368 3327 ἔστιν·
1399 3277 1433 3328 ὀ
1461 3277 1676 3341 ἄλλος,
1710 3277 1878 3328 οὔπω
1905 3270 1951 3338 C

1916 3270 1951 3338 Β
2054 3266 2220 3335 XVII,
2246 3269 2301 3332 9,
2333 3267 2422 3322 10.
2447 3263 2519 3321 Et
2563 3282 2706 3335 reges
2735 3275 2928 3331 septem
2952 3273 3099 3316 sunt:
3128 3262 3356 3332 quinque
3374 3258 3607 3316 (κείαν.

297 3356 522 3430 ἦλθεν-ο
549 3361 646 3416 καὶ
677 3363 826 3420 ὅταν
868 3365 1042 3432 ἔλθῃ,
1067 3367 1278 3434 ὀλίγον
1308 3368 1496 3421 αὐτὸν
1534 3367 1632 3420 δεῖ
1660 3369 1882 3438 μεῖναι.

371 3540 539 3612 [Τοὺς
566 3541 624 3596 δὲ
653 3541 761 3594 ἀπὸ
796 3540 905 3593 τῶν
931 3542 1071 3594 ἑπτα
1099 3539 1365 3610 βασιλέων
1409 3539 1679 3603 πεσόντας
1721 3539 1886 3591 πέντε

303 3630 592 3702 βασιλεῖς,]
640 3635 668 3686 6
701 3631 978 3702 μακάριος
1042 3632 1358 3694 Ἱππόλυτος
1407 3630 1611 3693 αἰῶνας
1661 3630 1886 3694 τούτους

299 3725 585 3791 ἐξέλαϐενο
614 3719 690 3779 ὧν
720 3725 848 3788 τοὺς
897 3726 997 3794 μὲν
1039 3725 1202 3777 πέντε
1241 3723 1662 3795 παρῳχηκέναι,
1713 3725 1805 3778 τὸν
1831 3723 1887 3776 δὲ

300 3817 458 3870 ἕκτον
513 3817 739 3870 ἑστάναι
763 3832 778 3846 ο
815 3817 874 3868 ἑν
895 3809 939 3883 ᾧ
969 3814 1143 3868 ταῦτα
1171 3815 1418 3886 ἑώρακεν
1445 3816 1474 3867 6
1521 3815 1845 3878 Ἀπόστολος
1869 3829 1884 3846 ⁸

299 3913 393 3962 τὸν
423 3910 480 3964 δὲ
500 3910 748 3978 ἕϐδομον,
783 3909 873 3963 τὸν
903 3910 1039 3978 μετά
1071 3909 1138 3962 τὰ
1166 3915 1218 3972 ς’
1249 3909 1368 3978 ἑτη,
1415 3909 1581 3979 μήπω
1611 3909 1714 3978 μὲν
1760 3907 1887 3978 ἐλη-

303 3999 519 4053 λυθέναι
539 4017 555 4032 ν
584 4001 880 4070 ἐρχόμενον
913 4001 989 4064 δὲ,
1025 3999 1202 4067 ὀλίγον
1234 4000 1314 4052 δεῖ
1346 4002 1546 4069 μεῖναι.
1578 3999 1688 4051 Καὶ
1714 3997 1888 4051 ταῦτα

306 4093 404 4161 μὲν
433 4092 604 4153 οὕτως
628 4090 858 4162 [ἐκεῖνος
981 4093 1027 4143 εἰ
1065 4092 1145 4152 δὲ,
1183 4091 1258 4154 ῶς
1290 4108 1456 4162 φησιν
1488 4092 1517 4143 6
1567 4089 1887 4163 [μακάριος]

304 4185 614 4254 Εἰρηναῖος,
657 4184 848 4253 ὥσπερ
900 4185 1040 4236 ἑπτα
1094 4185 1302 4253 ἡμέραι
1370 4184 1887 4254 δεδημιούργηνται,

301 4273 446 4327 οὕτω
484 4275 577 4327 καὶ
607 4275 749 4327 ἑπτά
780 4275 1023 4344 οὐρανοὶ,
1057 4276 1152 4327 καὶ
1198 4274 1340 4327 ἑπτὰ
1378 4275 1601 4342 ἀγγελοι
1641 4274 1751 4326 τῶν
1779 4273 1890 4327 λοι-

301 4367 424 4420 πῶν
454 4364 810 4437 προῦχοντες,
836 4367 930 4419 καὶ
963 4367 1124 4435 ἡμῶν
1167 4367 1439 4433 λεγόντων
1477 4367 1889 4436 εὐπαράδεκτον

301 4460 413 4520 τοῖς
441 4458 706 4510 ἀκούουσι
746 4457 998 4525 φαίνεται
1029 4458 1091 4508 τὸ
1138 4457 1232 4510 καὶ
1263 4457 1404 4509 ἑπτὰ
1433 4457 1712 4522 βασιλείας
1745 4451 1888 4510 εἶναι

301 4550 402 4612 τὰς
429 4550 524 4602 ἀπ’
554 4550 730 4619 ἀρχῆς
761 4548 927 4619 μέχρι
960 4549 1101 4620 [τοῦ]
1127 4548 1222 4602 νῦν
1261 4549 1620 4619 περιϐοήτους
1641 4565 1654 4580 ·
1685 4542 1759 4602 ὧν
1789 4549 1889 4613 τὰς

1989 3371 2132 3426 runt,
2161 3371 2209 3416 et
2227 3377 2361 3414 unus
2382 3369 2477 3425 est,
2503 3358 2643 3411 alius
2670 3357 2848 3409 nondu
2871 3373 2902 3406 n
2949 3357 3087 3409 venit
3112 3373 3130 3410 :
3160 3363 3210 3407 et
3231 3369 3347 3406 cum
3372 3352 3588 3415 uenerit,

1988 3465 2189 3528 oportet
2220 3454 2372 3508 illum
2405 3453 2554 3506 breve
2577 3461 2778 3520 tempus
2819 3467 3050 3504 manere.

2061 3549 2258 3604 Beatus
2291 3545 2614 3616 Hippolytus
2658 3559 2755 3613 per
2783 3544 2947 3599 hosce
2983 3558 3140 3612 reges
3185 3545 3386 3598 saecula
3429 3558 3588 3599 accc-

1991 3645 2105 3713 pit:
2144 3657 2176 3696 e
2201 3641 2405 3710 quibus
2432 3638 2679 3706 quinque
2723 3636 2835 3704 jam
2887 3635 3267 3705 przeterierunt
3299 3651 3313 3688 :
3350 3646 3586 3699 sextum,

1992 3730 2044 3788 in
2087 3749 2198 3803 quo
2241 3731 2522 3802 apostolus
2574 3731 2688 3782 haec
2715 3729 2870 3792 vidit,
2916 3728 3098 3782 adhuc
3147 3728 3439 3782 decurrit:
3481 3726 3593 3797 79

1990 3829 2283 3896 septimum
2341 3833 2549 3887 autem,
2584 3834 2646 3878 ut
2687 3823 2780 3877 ille
2813 3822 3076 3890 opinatur
3107 3828 3233 3890 post
3280 3820 3462 3890 elapsa
3490 3835 3588 3874 scx

1990 3929 2257 3972 annorum
2275 3917 2444 3971 millia
2465 3918 2684 3971 tandem
2700 3932 2756 3971 se
2773 3914 2984 3984 prodet:
3005 3911 3094 3965 ubi
3115 3919 3298 3964 autem
3317 3926 3436 3965 sese
3452 3925 3580 3980 pro-

1990 4011 2205 4074 diderit,
2220 4022 2414 4080 parum
2433 4010 2670 4063 durabit.
2689 4008 2752 4061 Et
2769 4010 2880 4060 luee
2897 4005 3114 4073 quidem
3131 4004 3198 4057 ad
3213 4018 3338 4056 eum
3361 4002 3582 4055 modum

1991 4101 2097 4155 ille.
2137 4101 2367 4165 Forsan,
2406 4112 2464 4154 ut
2515 4099 2574 4156 Β.
2599 4101 2786 4155 Ιτθηωί
2813 4096 3336 4164 sentcntia,septem
3377 4089 3584 4148 conditi

1992 4203 2119 4246 sunt
2135 4193 2272 4250 dies.
2288 4203 2340 4246 et
2354 4204 2556 4261 septem
2578 4191 2791 4254 emli,et
2809 4200 3015 4257 septem
3037 4185 3440 4256 angelicaateris
3462 4197 3592 4253 pra:-

1993 4285 2286 4339 suuitiorcs
2319 4304 2338 4338 ι
2370 4285 2439 4337 ita
2464 4285 2575 4352 jam
2603 4282 2728 4337 inde
2752 4279 3065 4334 abexordio
3089 4292 3262 4345 usque
3301 4276 3369 4329 ad
3401 4273 3586 4328 stt-culi

1993 4377 2153 4429 tinem
2174 4386 2381 4443 septem
2420 4390 2584 4442 regna
2617 4371 3147 4428 rmteriseclcbriora
3170 4369 3305 4424 citra
3326 4365 3583 4421 absurdi-

1993 4474 2155 4519 tatem
2191 4476 2429 4519 statuere
2460 4464 2677 4518 licebit:
2707 4479 2735 4517 e
2763 4462 2964 4532 quibus
3021 4462 3262 4529 quinque
3315 4457 3429 4526 jam
3474 4465 3590 4508 tum

1993 4559 2339 4620 conciderant
2367 4574 2380 4610 :
2414 4568 2651 4620 sextum,
2679 4571 2802 4608 cum
2839 4551 3192 4621 Apocalypsis
3243 4547 3591 4612 cernebatur,

306 4642 407 4706 μὲν
436 4642 599 4695 πέντε
659 4642 758 4712 ἢδη
810 4642 1161 4696 πεπτωκέναι
1186 4657 1199 4672 ⁶
1225 4641 1324 4712 τὴν
1366 4641 1421 4694 δὲ
1460 4641 1646 4712 ἕκτην,
1692 4643 1777 4711 ἐφ’
1824 4634 1893 4714 ἦς
1929 4637 1969 4689 D

1929 4637 1969 4689 ί)
1999 4651 2177 4703 adhuc
2226 4651 2582 4713 consistebat,
2615 4659 2667 4700 et
2719 4646 2937 4716 quidem
2976 4646 3029 4698 in
3079 4644 3302 4712 antiqua
3359 4639 3530 4693 Roma
3573 4658 3587 4694 :

301 4731 493 4802 ὠράθη
521 4734 554 4802 ἠ
585 4733 951 4801 ἀποκάλυψις,
985 4731 1213 4785 ἑστάναι
1252 4733 1460 4801 ταύτην
1495 4733 1552 4783 ἐν
1585 4735 1653 4803 τῇ
1680 4727 1887 4802 παλαιᾷ

314 4823 539 4895 Ῥώμῃ·
570 4824 670 4892 τὴν
696 4825 754 4878 δὲ
802 4825 1038 4893 ἑϐδόμην
1074 4824 1242 4894 μήπω
1287 4819 1631 4893 ἐληλυθέναι,
1690 4824 1789 4892 τὴν
1831 4826 1888 4876 ἑν

305 4916 373 4984 τῇ
406 4916 500 4982 νέα
530 4913 778 4988 [Ῥώμῃ]
806 4929 819 4942 ·
851 4911 911 4968 εὖ
1094 4915 1163 4969 ἂν
1195 4915 1309 4985 ἔχοι
1335 4917 1363 4969 6
1389 4919 1488 4986 τῆς
1543 4915 1888 4986 παγκοσμίου

308 5009 626 5073 Βαϐυλῶνος
680 5011 838 5079 λόγος
899 5013 1105 5080 είς-τὴν
1158 5013 1321 5083 μέχρι
1363 5013 1457 5065 τοῦ
1520 5011 1890 5083 Ἀντιχρίστου

307 5101 700 5171 βασιλεύουσαν
723 5103 878 5155 πόλιν
901 5102 1421 5173 ἑναπαρτιζόμενος,
1457 5103 1639 5171 ὀλίγον
1665 5102 1893 5173 κρατοῦι

307 5211 431 5260 σαν,
467 5195 543 5258 ὡς
569 5195 707 5265 πρὸς
729 5197 827 5258 τάς
856 5196 1124 5264 πρότερον
1145 5213 1159 5227 ·
1202 5188 1278 5248 ὧν
1302 5195 1359 5246 αἱ
1398 5197 1498 5266 μὲν
1536 5192 1711 5264 ἧρξαν
1750 5195 1890 5264 ὑπὲρ

307 5289 377 5340 τά
404 5290 737 5341 πεντακόσια
763 5288 892 5356 ἔτη·
927 5289 982 5339 αἱ
1007 5289 1086 5349 δὲ,
1132 5288 1272 5356 ὑπὲρ
1309 5287 1378 5340 τὰ
1415 5287 1562 5356 χίλια
1584 5303 1596 5317 ·
1625 5286 1802 5348 ἄλλως
1831 5304 1889 5339 τε

305 5382 363 5433 δὲ
396 5381 493 5433 καὶ
523 5382 630 5443 πᾶς
662 5380 894 5450 ἀριθμὸς
917 5380 1164 5448 χρονικδς
1209 5379 1388 5447 ὀλίγος
1432 5377 1596 5450 [ἐστὶ]
1631 5378 1766 5448 πρὸς
1796 5378 1891 5448 τὴν

311 5475 613 5541 μέλλουσαν
637 5474 746 5527 τῶν
780 5473 949 5541 ἁγίων
983 5473 1258 5541 βασιλείαν
1287 5472 1385 5542 τὴν
1404 5471 1779 5541 ἀτελεύτητον.

1987 4745 2274 4813 septimum
2309 4760 2473 4813 porro
2536 4759 2629 4812 per
2663 4742 2713 4794 id
2740 4736 3204 4808 tempusnecdum
3256 4736 3589 4802 advenerat;

1988 4839 2102 4890 sive
2135 4852 2229 4904 per
2254 4836 2383 4888 illud
2417 4835 2792 4887 iusinuaretur
2820 4847 2971 4883 novae
3024 4827 3213 4881 Romae
3259 4825 3549 4894 imperium
3576 4861 3607 4888 ,_

1986 4930 2102 4984 sive
2129 4929 2272 4982 aliud
2313 4927 2680 4994 quodcunque
2751 4939 2996 4992 regnum.
3050 4923 3154 4976 Sed
3203 4934 3377 4989 neque
3436 4917 3594 4970 abso-

1993 5035 2120 5074 num
2153 5035 2368 5090 quoque
2397 5020 2579 5082 fuerit,
2652 5018 2695 5071 si
2729 5017 2876 5070 orbis
2932 5012 3169 5068 universi
3233 5011 3594 5080 principatum

2007 5128 2177 5180 usque
2194 5111 2260 5164 ad
2286 5111 2939 5173 Antichristiadventum,
2973 5121 3138 5159 unum
3166 5114 3484 5171 regnantem
3511 5100 3594 5152 ci-

2000 5205 2216 5257 vitatem
2305 5205 2738 5267 constituamus;
2821 5209 3153 5270 postremam
3207 5205 3386 5248 autem
3436 5191 3593 5244 Atili-

1999 5298 2188 5351 cliristi
2218 5298 2580 5369 tyrannidem,
2607 5311 2726 5363 qua:
2765 5293 2976 5348 modico
3001 5303 3261 5360 tempore,
3295 5286 3340 5339 si
3387 5285 3595 5353 priores

2001 5391 2348 5444 mouarcliias
2374 5397 2700 5456 spectemus,
2733 5388 2989 5441 duratura
3021 5392 3140 5446 est;
3173 5379 3442 5449 siquidem
3467 5375 3603 5427 aliae.

2000 5494 2062 5530 ex
2106 5479 2208 5531 illis
2231 5495 2393 5546 supra
2449 5477 2777 5547 quingentos
2826 5489 3000 5528 annos
3042 5474 3380 5542 imperarunt
3415 5485 3426 5519 :
3462 5463 3583 5516 alia:

309 5569 453 5621 ultra
489 5567 655 5621 mille.
681 5568 785 5621 Sed
815 5577 866 5620 et
910 5568 1090 5620 omnis
1142 5583 1361 5636 quoque
1409 5565 1668 5636 temporis
1727 5579 1998 5620 mensura.
2030 5572 2072 5624 si
2122 5588 2245 5627 eum
2300 5571 2482 5625 futura
2520 5580 2834 5626 sanctorum
2894 5568 3028 5632 vita,
3075 5580 3194 5636 qua:
3221 5573 3303 5618 est
3351 5566 3592 5622 aeterna,

308 5672 680 5732 comparetur,
717 5661 896 5715 brevis
929 5671 1032 5716 est.

380 5826 426 5857 δ’
462 5826 559 5880 lea.
595 5840 683 5887 xv,
717 5823 766 5876 5.
867 5821 908 5853 ³⁸
934 5823 1072 5878 Οοεο
1100 5838 1195 5882 VII,
1227 5822 1310 5876 ll.
