  <div class='ocr_page' id='page_1' title='image "/cluster/home/n/w/nwhite01/storage/ocr_20150623/106/nnc1.0046979980/211.png"; bbox 0 0 4282 6440; ppageno 0'>
   <div class='ocr_carea' id='block_1_1' title="bbox 759 401 857 463">
    <p class='ocr_par' dir='ltr' id='par_1_1' title="bbox 759 401 857 463">
     <span class='ocr_line' id='line_1_1' title="bbox 759 401 857 463; baseline 0.02 -2"><span class='ocrx_word' id='word_1_1' title='bbox 759 401 857 463; x_wconf 76' lang='lat'><strong>891</strong></span> 
     </span>
    </p>
   </div>
   <div class='ocr_carea' id='block_1_2' title="bbox 1950 400 2822 463">
    <p class='ocr_par' dir='ltr' id='par_1_2' title="bbox 1950 400 2822 463">
     <span class='ocr_line' id='line_1_2' title="bbox 1950 400 2822 463; baseline 0.002 -3"><span class='ocrx_word' id='word_1_2' title='bbox 1950 400 2275 463; x_wconf 54' lang='lat' dir='ltr'><strong>ANDREEE</strong></span> <span class='ocrx_word' id='word_1_3' title='bbox 2306 403 2822 463; x_wconf 78' lang='lat' dir='ltr'><strong>C/ESARIENSIS</strong></span> 
     </span>
    </p>
   </div>
   <div class='ocr_carea' id='block_1_3' title="bbox 3906 404 4018 467">
    <p class='ocr_par' dir='ltr' id='par_1_3' title="bbox 3906 404 4018 467">
     <span class='ocr_line' id='line_1_3' title="bbox 3906 404 4018 467; baseline 0 0"><span class='ocrx_word' id='word_1_4' title='bbox 3906 404 4018 467; x_wconf 76' lang='lat'><strong>392</strong></span> 
     </span>
    </p>
   </div>
   <div class='ocr_carea' id='block_1_4' title="bbox 762 516 2453 589">
    <p class='ocr_par' dir='ltr' id='par_1_4' title="bbox 762 517 2453 586">
     <span class='ocr_line' id='line_1_4' title="bbox 762 517 2453 586; baseline 0 -17"><span class='ocrx_word' id='word_1_5' title='bbox 762 517 906 569; x_wconf 88' lang='lat' dir='ltr'><strong>modi</strong></span> <span class='ocrx_word' id='word_1_6' title='bbox 934 533 1113 570; x_wconf 86' lang='lat' dir='ltr'><strong>rerum</strong></span> <span class='ocrx_word' id='word_1_7' title='bbox 1140 520 1345 586; x_wconf 75' lang='lat' dir='ltr'><strong>riiiptlo</strong></span> <span class='ocrx_word' id='word_1_8' title='bbox 1369 519 1439 570; x_wconf 85' lang='lat' dir='ltr'><strong>sit</strong></span> <span class='ocrx_word' id='word_1_9' title='bbox 1473 519 1722 572; x_wconf 80' lang='lat' dir='ltr'><strong>usitatior</strong></span> <span class='ocrx_word' id='word_1_10' title='bbox 1749 537 1762 579; x_wconf 85' lang='lat'>;</span> <span class='ocrx_word' id='word_1_11' title='bbox 1791 530 1843 571; x_wconf 88' lang='lat' dir='ltr'><strong>et</strong></span> <span class='ocrx_word' id='word_1_12' title='bbox 1874 520 2075 586; x_wconf 67' lang='lat' dir='ltr'><strong>quibus</strong></span> <span class='ocrx_word' id='word_1_13' title='bbox 2110 531 2329 571; x_wconf 79' lang='lat' dir='ltr'><strong>rursum</strong></span> <span class='ocrx_word' id='word_1_14' title='bbox 2369 529 2406 578; x_wconf 78' lang='grc' dir='ltr'><strong>Α</strong></span> <span class='ocrx_word' id='word_1_15' title='bbox 2440 538 2453 569; x_wconf 68' lang='grc'>1</span> 
     </span>
    </p>
   </div>
   <div class='ocr_carea' id='block_1_5' title="bbox 2323 516 4014 589">
    <p class='ocr_par' dir='ltr' id='par_1_5' title="bbox 2323 516 4014 589">
     <span class='ocr_line' id='line_1_5' title="bbox 2323 516 4014 589; baseline 0.001 -21"><span class='ocrx_word' id='word_1_16' title='bbox 2323 534 2329 568; x_wconf 91' lang='lat' dir='ltr'><strong>l</strong></span> <span class='ocrx_word' id='word_1_17' title='bbox 2369 529 2406 578; x_wconf 76' lang='grc' dir='ltr'><strong>Α</strong></span> <span class='ocrx_word' id='word_1_18' title='bbox 2440 536 2560 579; x_wconf 77' lang='grc' dir='ltr'>ποις</span> <span class='ocrx_word' id='word_1_19' title='bbox 2592 519 2625 586; x_wconf 70' lang='grc' dir='ltr'><strong>ἡ</strong></span> <span class='ocrx_word' id='word_1_20' title='bbox 2657 518 2766 570; x_wconf 81' lang='grc' dir='ltr'>τῶν</span> <span class='ocrx_word' id='word_1_21' title='bbox 2822 518 3100 589; x_wconf 83' lang='grc' dir='ltr'><strong>περισσῶν</strong></span> <span class='ocrx_word' id='word_1_22' title='bbox 3144 517 3339 587; x_wconf 82' lang='grc' dir='ltr'>κτῆσις</span> <span class='ocrx_word' id='word_1_23' title='bbox 3396 517 3860 587; x_wconf 80' lang='grc' dir='ltr'><strong>περισπούδαστος</strong></span> <span class='ocrx_word' id='word_1_24' title='bbox 3918 516 4014 571; x_wconf 81' lang='grc' dir='ltr'><strong>διὰ</strong></span> 
     </span>
    </p>
   </div>
   <div class='ocr_carea' id='block_1_6' title="bbox 761 608 2333 679">
    <p class='ocr_par' dir='ltr' id='par_1_6' title="bbox 761 608 2333 679">
     <span class='ocr_line' id='line_1_6' title="bbox 761 608 2333 679; baseline 0.001 -19"><span class='ocrx_word' id='word_1_25' title='bbox 761 608 1073 662; x_wconf 83' lang='lat' dir='ltr'><strong>hominibus</strong></span> <span class='ocrx_word' id='word_1_26' title='bbox 1106 610 1291 663; x_wconf 76' lang='lat' dir='ltr'><strong>istlnrc</strong></span> <span class='ocrx_word' id='word_1_27' title='bbox 1344 626 1879 677; x_wconf 86' lang='lat' dir='ltr'><strong>supervacaneorum</strong></span> <span class='ocrx_word' id='word_1_28' title='bbox 1934 610 2231 679; x_wconf 88' lang='lat' dir='ltr'><strong>possessio,</strong></span> <span class='ocrx_word' id='word_1_29' title='bbox 2261 610 2333 661; x_wconf 88' lang='lat' dir='ltr'><strong>ob</strong></span> 
     </span>
    </p>
   </div>
   <div class='ocr_carea' id='block_1_7' title="bbox 760 700 2331 771">
    <p class='ocr_par' dir='ltr' id='par_1_7' title="bbox 760 700 2331 771">
     <span class='ocr_line' id='line_1_7' title="bbox 760 700 2331 771; baseline 0.001 -19"><span class='ocrx_word' id='word_1_30' title='bbox 760 700 1178 753; x_wconf 79' lang='lat' dir='ltr'><strong>immoderatum</strong></span> <span class='ocrx_word' id='word_1_31' title='bbox 1236 702 1534 771; x_wconf 71' lang='lat' dir='ltr'><strong>voluptatis</strong></span> <span class='ocrx_word' id='word_1_32' title='bbox 1586 702 1848 769; x_wconf 87' lang='lat' dir='ltr'><strong>studium,</strong></span> <span class='ocrx_word' id='word_1_33' title='bbox 1877 700 1947 756; x_wconf 91' lang='lat' dir='ltr'><strong>sit</strong></span> <span class='ocrx_word' id='word_1_34' title='bbox 1983 700 2331 754; x_wconf 79' lang='lat' dir='ltr'><strong>familiarior.</strong></span> 
     </span>
    </p>
   </div>
   <div class='ocr_carea' id='block_1_8' title="bbox 2440 610 2940 679">
    <p class='ocr_par' dir='ltr' id='par_1_8' title="bbox 2440 610 2940 679">
     <span class='ocr_line' id='line_1_8' title="bbox 2440 610 2940 679; baseline 0.014 -19"><span class='ocrx_word' id='word_1_35' title='bbox 2440 610 2651 679; x_wconf 76' lang='grc' dir='ltr'>τρυφὴν</span> <span class='ocrx_word' id='word_1_36' title='bbox 2680 610 2940 679; x_wconf 81' lang='grc' dir='ltr'><strong>ἄμετρον.</strong></span> 
     </span>
    </p>
   </div>
   <div class='ocr_carea' id='block_1_9' title="bbox 836 813 4011 887">
    <p class='ocr_par' dir='ltr' id='par_1_9' title="bbox 836 813 4011 887">
     <span class='ocr_line' id='line_1_9' title="bbox 836 813 4011 887; baseline 0 -19"><span class='ocrx_word' id='word_1_37' title='bbox 836 817 1145 887; x_wconf 69' lang='lat' dir='ltr'><strong>[Probabile</strong></span> <span class='ocrx_word' id='word_1_38' title='bbox 1188 822 1242 871; x_wconf 87' lang='lat' dir='ltr'><strong>lit</strong></span> <span class='ocrx_word' id='word_1_39' title='bbox 1290 835 1419 873; x_wconf 87' lang='lat' dir='ltr'><strong>sane</strong></span> <span class='ocrx_word' id='word_1_40' title='bbox 1489 820 1634 873; x_wconf 92' lang='lat' dir='ltr'><strong>hune</strong></span> <span class='ocrx_word' id='word_1_41' title='bbox 1666 820 1842 874; x_wconf 88' lang='lat' dir='ltr'><strong>locum</strong></span> <span class='ocrx_word' id='word_1_42' title='bbox 1893 835 2001 874; x_wconf 91' lang='lat' dir='ltr'><strong>non</strong></span> <span class='ocrx_word' id='word_1_43' title='bbox 2056 832 2216 887; x_wconf 83' lang='lat' dir='ltr'><strong>agere</strong></span> <span class='ocrx_word' id='word_1_44' title='bbox 2260 816 2330 870; x_wconf 88' lang='lat' dir='ltr'><strong>de</strong></span> <span class='ocrx_word' id='word_1_45' title='bbox 2391 816 2565 884; x_wconf 87' lang='lat' dir='ltr'><strong>prisca</strong></span> <span class='ocrx_word' id='word_1_46' title='bbox 2646 815 2940 886; x_wconf 80' lang='lat' dir='ltr'><strong>Babylone,</strong></span> <span class='ocrx_word' id='word_1_47' title='bbox 3000 814 3084 868; x_wconf 83' lang='lat' dir='ltr'><strong>vel</strong></span> <span class='ocrx_word' id='word_1_48' title='bbox 3134 814 3202 868; x_wconf 88' lang='lat' dir='ltr'><strong>de</strong></span> <span class='ocrx_word' id='word_1_49' title='bbox 3249 814 3417 868; x_wconf 77' lang='lat' dir='ltr'><strong>veteri</strong></span> <span class='ocrx_word' id='word_1_50' title='bbox 3471 820 3567 868; x_wconf 85' lang='lat' dir='ltr'><strong>aut</strong></span> <span class='ocrx_word' id='word_1_51' title='bbox 3624 826 3760 867; x_wconf 83' lang='lat' dir='ltr'><strong>nova</strong></span> <span class='ocrx_word' id='word_1_52' title='bbox 3812 813 4011 874; x_wconf 83' lang='lat' dir='ltr'><strong>Roma,</strong></span> 
     </span>
    </p>
   </div>
   <div class='ocr_carea' id='block_1_10' title="bbox 762 909 4016 983">
    <p class='ocr_par' dir='ltr' id='par_1_10' title="bbox 762 909 4016 983">
     <span class='ocr_line' id='line_1_10' title="bbox 762 909 4016 983; baseline -0 -18"><span class='ocrx_word' id='word_1_53' title='bbox 762 915 941 965; x_wconf 77' lang='lat' dir='ltr'><strong>auide</strong></span> <span class='ocrx_word' id='word_1_54' title='bbox 972 930 1163 982; x_wconf 62' lang='lat' dir='ltr'><strong>quams</strong></span> <span class='ocrx_word' id='word_1_55' title='bbox 1211 916 1314 967; x_wconf 87' lang='lat' dir='ltr'><strong>alia</strong></span> <span class='ocrx_word' id='word_1_56' title='bbox 1353 915 1613 983; x_wconf 89' lang='lat' dir='ltr'><strong>peculiari</strong></span> <span class='ocrx_word' id='word_1_57' title='bbox 1660 915 1909 978; x_wconf 73' lang='lat' dir='ltr'><strong>civitate;</strong></span> <span class='ocrx_word' id='word_1_58' title='bbox 1963 914 2056 968; x_wconf 88' lang='lat' dir='ltr'><strong>sed</strong></span> <span class='ocrx_word' id='word_1_59' title='bbox 2087 913 2156 968; x_wconf 89' lang='lat' dir='ltr'><strong>de</strong></span> <span class='ocrx_word' id='word_1_60' title='bbox 2216 914 2351 965; x_wconf 84' lang='lat' dir='ltr'><strong>orbe</strong></span> <span class='ocrx_word' id='word_1_61' title='bbox 2422 912 2701 976; x_wconf 85' lang='lat' dir='ltr'><strong>universo,</strong></span> <span class='ocrx_word' id='word_1_62' title='bbox 2752 910 3110 979; x_wconf 84' lang='lat' dir='ltr'><strong>ejusdemque</strong></span> <span class='ocrx_word' id='word_1_63' title='bbox 3143 909 3449 979; x_wconf 91' lang='lat' dir='ltr'><strong>inquilinis,</strong></span> <span class='ocrx_word' id='word_1_64' title='bbox 3517 909 3613 979; x_wconf 88' lang='lat' dir='ltr'><strong>qui</strong></span> <span class='ocrx_word' id='word_1_65' title='bbox 3660 909 3811 965; x_wconf 79' lang='lat' dir='ltr'><strong>varia</strong></span> <span class='ocrx_word' id='word_1_66' title='bbox 3855 910 3912 964; x_wconf 87' lang='lat' dir='ltr'><strong>in</strong></span> <span class='ocrx_word' id='word_1_67' title='bbox 3943 924 4016 964; x_wconf 86' lang='lat' dir='ltr'><strong>eo</strong></span> 
     </span>
    </p>
   </div>
   <div class='ocr_carea' id='block_1_11' title="bbox 762 1000 3467 1076">
    <p class='ocr_par' dir='ltr' id='par_1_11' title="bbox 762 1000 3467 1076">
     <span class='ocr_line' id='line_1_11' title="bbox 762 1000 3467 1076; baseline -0.001 -17"><span class='ocrx_word' id='word_1_68' title='bbox 762 1007 975 1071; x_wconf 68' lang='lat' dir='ltr'><strong>negotia</strong></span> <span class='ocrx_word' id='word_1_69' title='bbox 1030 1016 1264 1059; x_wconf 75' lang='lat' dir='ltr'><strong>tractant</strong></span> <span class='ocrx_word' id='word_1_70' title='bbox 1289 1046 1304 1069; x_wconf 97' lang='lat'><strong>,</strong></span> <span class='ocrx_word' id='word_1_71' title='bbox 1362 1008 1843 1076; x_wconf 88' lang='lat' dir='ltr'><strong>nundinarumque</strong></span> <span class='ocrx_word' id='word_1_72' title='bbox 1917 1006 2106 1060; x_wconf 90' lang='lat' dir='ltr'><strong>mundi</strong></span> <span class='ocrx_word' id='word_1_73' title='bbox 2172 1004 2337 1073; x_wconf 83' lang='lat' dir='ltr'><strong>hujus</strong></span> <span class='ocrx_word' id='word_1_74' title='bbox 2374 1005 2533 1058; x_wconf 85' lang='lat' dir='ltr'><strong>linem</strong></span> <span class='ocrx_word' id='word_1_75' title='bbox 2558 1018 2682 1057; x_wconf 92' lang='lat' dir='ltr'><strong>cum</strong></span> <span class='ocrx_word' id='word_1_76' title='bbox 2713 1003 2860 1058; x_wconf 84' lang='lat' dir='ltr'><strong>luctu</strong></span> <span class='ocrx_word' id='word_1_77' title='bbox 2886 1010 2941 1056; x_wconf 88' lang='lat' dir='ltr'><strong>et</strong></span> <span class='ocrx_word' id='word_1_78' title='bbox 2969 1000 3093 1056; x_wconf 88' lang='lat' dir='ltr'><strong>Iletu</strong></span> <span class='ocrx_word' id='word_1_79' title='bbox 3126 1000 3467 1074; x_wconf 79' lang='lat' dir='ltr'><strong>excipient.]</strong></span> 
     </span>
    </p>
   </div>
   <div class='ocr_carea' id='block_1_12' title="bbox 837 1122 2161 1189">
    <p class='ocr_par' dir='ltr' id='par_1_12' title="bbox 837 1122 2161 1189">
     <span class='ocr_line' id='line_1_12' title="bbox 837 1122 2161 1189; baseline 0.001 -16"><span class='ocrx_word' id='word_1_80' title='bbox 837 1122 904 1173; x_wconf 73' lang='lat' dir='ltr'><strong>Et</strong></span> <span class='ocrx_word' id='word_1_81' title='bbox 938 1138 1209 1188; x_wconf 75' lang='lat' dir='ltr'><strong>equorum,</strong></span> <span class='ocrx_word' id='word_1_82' title='bbox 1242 1134 1288 1173; x_wconf 84' lang='lat' dir='ltr'><strong>et</strong></span> <span class='ocrx_word' id='word_1_83' title='bbox 1321 1122 1629 1185; x_wconf 85' lang='lat' dir='ltr'><strong>rhcdarum,</strong></span> <span class='ocrx_word' id='word_1_84' title='bbox 1663 1132 1712 1175; x_wconf 90' lang='lat' dir='ltr'><strong>et</strong></span> <span class='ocrx_word' id='word_1_85' title='bbox 1754 1123 2161 1189; x_wconf 82' lang='lat' dir='ltr'><strong>mancipiorum.</strong></span> 
     </span>
    </p>
   </div>
   <div class='ocr_carea' id='block_1_13' title="bbox 836 1210 2340 1281">
    <p class='ocr_par' dir='ltr' id='par_1_13' title="bbox 836 1210 2340 1281">
     <span class='ocr_line' id='line_1_13' title="bbox 836 1210 2340 1281; baseline 0.003 -20"><span class='ocrx_word' id='word_1_86' title='bbox 836 1210 900 1262; x_wconf 71' lang='lat' dir='ltr'><strong>Iit</strong></span> <span class='ocrx_word' id='word_1_87' title='bbox 938 1214 1129 1265; x_wconf 88' lang='lat' dir='ltr'><strong>horum</strong></span> <span class='ocrx_word' id='word_1_88' title='bbox 1183 1212 1367 1265; x_wconf 73' lang='lat' dir='ltr'><strong>itidem</strong></span> <span class='ocrx_word' id='word_1_89' title='bbox 1413 1228 1545 1266; x_wconf 66' lang='lat' dir='ltr'><strong>usu:</strong></span> <span class='ocrx_word' id='word_1_90' title='bbox 1601 1213 1823 1281; x_wconf 85' lang='lat' dir='ltr'><strong>(inquit)</strong></span> <span class='ocrx_word' id='word_1_91' title='bbox 1855 1215 1959 1265; x_wconf 89' lang='lat' dir='ltr'><strong>erit</strong></span> <span class='ocrx_word' id='word_1_92' title='bbox 2010 1226 2340 1280; x_wconf 83' lang='lat' dir='ltr'><strong>supervaca-</strong></span> 
     </span>
    </p>
   </div>
   <div class='ocr_carea' id='block_1_14' title="bbox 766 1302 2340 1374">
    <p class='ocr_par' dir='ltr' id='par_1_14' title="bbox 766 1302 2340 1374">
     <span class='ocr_line' id='line_1_14' title="bbox 766 1302 2340 1374; baseline 0.002 -21"><span class='ocrx_word' id='word_1_93' title='bbox 766 1315 923 1355; x_wconf 75' lang='lat' dir='ltr'><strong>neus.</strong></span> <span class='ocrx_word' id='word_1_94' title='bbox 982 1302 1084 1354; x_wconf 75' lang='lat' dir='ltr'><strong>I‘cr</strong></span> <span class='ocrx_word' id='word_1_95' title='bbox 1137 1304 1322 1357; x_wconf 84' lang='lat' dir='ltr'><strong>rhedas</strong></span> <span class='ocrx_word' id='word_1_96' title='bbox 1384 1315 1563 1357; x_wconf 83' lang='lat' dir='ltr'><strong>autem</strong></span> <span class='ocrx_word' id='word_1_97' title='bbox 1628 1305 2005 1374; x_wconf 80' lang='lat' dir='ltr'><strong>signiﬁcantur</strong></span> <span class='ocrx_word' id='word_1_98' title='bbox 2039 1303 2340 1369; x_wconf 84' lang='lat' dir='ltr'><strong>vehicula;</strong></span> 
     </span>
    </p>
   </div>
   <div class='ocr_carea' id='block_1_15' title="bbox 765 1394 2344 1463">
    <p class='ocr_par' dir='ltr' id='par_1_15' title="bbox 765 1394 2344 1463">
     <span class='ocr_line' id='line_1_15' title="bbox 765 1394 2344 1463; baseline 0.003 -18"><span class='ocrx_word' id='word_1_99' title='bbox 765 1394 926 1446; x_wconf 82' lang='lat' dir='ltr'><strong>rhedu</strong></span> <span class='ocrx_word' id='word_1_100' title='bbox 980 1396 1125 1446; x_wconf 84' lang='lat' dir='ltr'><strong>enim</strong></span> <span class='ocrx_word' id='word_1_101' title='bbox 1210 1395 1351 1447; x_wconf 85' lang='lat' dir='ltr'><strong>idem</strong></span> <span class='ocrx_word' id='word_1_102' title='bbox 1407 1406 1563 1450; x_wconf 85' lang='lat' dir='ltr'><strong>sonat</strong></span> <span class='ocrx_word' id='word_1_103' title='bbox 1622 1396 1885 1449; x_wconf 77' lang='lat' dir='ltr'><strong>Romanis</strong></span> <span class='ocrx_word' id='word_1_104' title='bbox 1945 1394 2089 1463; x_wconf 89' lang='lat' dir='ltr'><strong>quod</strong></span> <span class='ocrx_word' id='word_1_105' title='bbox 2142 1394 2344 1449; x_wconf 57' lang='grc' dir='ltr'><strong>(ἐγερεῖς</strong></span> 
     </span>
    </p>
   </div>
   <div class='ocr_carea' id='block_1_16' title="bbox 764 1484 2334 1551">
    <p class='ocr_par' dir='ltr' id='par_1_16' title="bbox 764 1484 2334 1551">
     <span class='ocr_line' id='line_1_16' title="bbox 764 1484 2334 1551; baseline 0.001 -16"><span class='ocrx_word' id='word_1_106' title='bbox 764 1484 971 1551; x_wconf 74' lang='grc' dir='ltr'>ὄχημα,</span> <span class='ocrx_word' id='word_1_107' title='bbox 1008 1485 1113 1536; x_wconf 77' lang='lat' dir='ltr'><strong>hoc</strong></span> <span class='ocrx_word' id='word_1_108' title='bbox 1160 1495 1264 1547; x_wconf 76' lang='lat' dir='ltr'><strong>est,</strong></span> <span class='ocrx_word' id='word_1_109' title='bbox 1318 1488 1552 1537; x_wconf 71' lang='lat' dir='ltr'><strong>esst-dum</strong></span> <span class='ocrx_word' id='word_1_110' title='bbox 1599 1494 1693 1537; x_wconf 86' lang='lat' dir='ltr'><strong>aut</strong></span> <span class='ocrx_word' id='word_1_111' title='bbox 1736 1485 2048 1537; x_wconf 78' lang='lat' dir='ltr'><strong>vehiculum.</strong></span> <span class='ocrx_word' id='word_1_112' title='bbox 2092 1484 2136 1536; x_wconf 83' lang='lat' dir='ltr'><strong>A</strong></span> <span class='ocrx_word' id='word_1_113' title='bbox 2169 1485 2334 1538; x_wconf 84' lang='lat' dir='ltr'><strong>rheda</strong></span> 
     </span>
    </p>
   </div>
   <div class='ocr_carea' id='block_1_17' title="bbox 766 1574 2342 1644">
    <p class='ocr_par' dir='ltr' id='par_1_17' title="bbox 766 1574 2342 1644">
     <span class='ocr_line' id='line_1_17' title="bbox 766 1574 2342 1644; baseline -0.001 -17"><span class='ocrx_word' id='word_1_114' title='bbox 766 1574 1011 1627; x_wconf 87' lang='lat' dir='ltr'><strong>nascitur</strong></span> <span class='ocrx_word' id='word_1_115' title='bbox 1040 1577 1312 1641; x_wconf 70' lang='lat' dir='ltr'><strong>genitivus</strong></span> <span class='ocrx_word' id='word_1_116' title='bbox 1369 1575 1592 1641; x_wconf 82' lang='lat' dir='ltr'><strong>pluralis</strong></span> <span class='ocrx_word' id='word_1_117' title='bbox 1625 1574 1902 1644; x_wconf 79' lang='grc' dir='ltr'>ρεδάρουμ</span> <span class='ocrx_word' id='word_1_118' title='bbox 1953 1574 2258 1638; x_wconf 83' lang='lat' dir='ltr'><strong>rhedarum,</strong></span> <span class='ocrx_word' id='word_1_119' title='bbox 2288 1583 2342 1626; x_wconf 85' lang='lat' dir='ltr'><strong>et</strong></span> 
     </span>
    </p>
   </div>
   <div class='ocr_carea' id='block_1_18' title="bbox 764 1665 1401 1733">
    <p class='ocr_par' dir='ltr' id='par_1_18' title="bbox 764 1665 1401 1733">
     <span class='ocr_line' id='line_1_18' title="bbox 764 1665 1401 1733; baseline 0.002 -19"><span class='ocrx_word' id='word_1_120' title='bbox 764 1678 863 1732; x_wconf 87' lang='lat' dir='ltr'><strong>per</strong></span> <span class='ocrx_word' id='word_1_121' title='bbox 889 1679 1165 1731; x_wconf 80' lang='lat' dir='ltr'><strong>syncopen</strong></span> <span class='ocrx_word' id='word_1_122' title='bbox 1201 1665 1401 1733; x_wconf 74' lang='grc' dir='ltr'>ρεδῶμ.</span> 
     </span>
    </p>
   </div>
   <div class='ocr_carea' id='block_1_19' title="bbox 833 1752 2336 1820">
    <p class='ocr_par' dir='ltr' id='par_1_19' title="bbox 833 1752 2336 1820">
     <span class='ocr_line' id='line_1_19' title="bbox 833 1752 2336 1820; baseline 0 -13"><span class='ocrx_word' id='word_1_123' title='bbox 833 1752 1022 1818; x_wconf 72' lang='lat' dir='ltr'><strong>XVIII,</strong></span> <span class='ocrx_word' id='word_1_124' title='bbox 1063 1756 1145 1817; x_wconf 75' lang='lat' dir='ltr'><strong>I’i,</strong></span> <span class='ocrx_word' id='word_1_125' title='bbox 1199 1756 1280 1806; x_wconf 66' lang='lat' dir='ltr'><strong>II).</strong></span> <span class='ocrx_word' id='word_1_126' title='bbox 1320 1753 1383 1805; x_wconf 73' lang='lat' dir='ltr'><strong>Et</strong></span> <span class='ocrx_word' id='word_1_127' title='bbox 1420 1756 1721 1807; x_wconf 87' lang='lat' dir='ltr'><strong>animarum</strong></span> <span class='ocrx_word' id='word_1_128' title='bbox 1752 1754 2047 1807; x_wconf 87' lang='lat' dir='ltr'><strong>hominum.</strong></span> <span class='ocrx_word' id='word_1_129' title='bbox 2085 1752 2151 1805; x_wconf 87' lang='lat' dir='ltr'><strong>Et</strong></span> <span class='ocrx_word' id='word_1_130' title='bbox 2177 1768 2336 1820; x_wconf 83' lang='lat' dir='ltr'><strong>poma</strong></span> 
     </span>
    </p>
   </div>
   <div class='ocr_carea' id='block_1_20' title="bbox 765 1844 2339 1913">
    <p class='ocr_par' dir='ltr' id='par_1_20' title="bbox 765 1844 2339 1913">
     <span class='ocr_line' id='line_1_20' title="bbox 765 1844 2339 1913; baseline 0 -16"><span class='ocrx_word' id='word_1_131' title='bbox 765 1846 1011 1897; x_wconf 70' lang='lat' dir='ltr'><strong>desiderii</strong></span> <span class='ocrx_word' id='word_1_132' title='bbox 1035 1847 1228 1898; x_wconf 76' lang='lat' dir='ltr'><strong>anima:</strong></span> <span class='ocrx_word' id='word_1_133' title='bbox 1255 1855 1360 1898; x_wconf 71' lang='lat' dir='ltr'><strong>tua?</strong></span> <span class='ocrx_word' id='word_1_134' title='bbox 1378 1847 1727 1897; x_wconf 85' lang='lat' dir='ltr'><strong>discesserunt</strong></span> <span class='ocrx_word' id='word_1_135' title='bbox 1751 1861 1781 1896; x_wconf 90' lang='lat' dir='ltr'><strong>a</strong></span> <span class='ocrx_word' id='word_1_136' title='bbox 1806 1853 1889 1904; x_wconf 85' lang='lat' dir='ltr'><strong>te;</strong></span> <span class='ocrx_word' id='word_1_137' title='bbox 1919 1844 2095 1896; x_wconf 88' lang='lat' dir='ltr'><strong>omnia</strong></span> <span class='ocrx_word' id='word_1_138' title='bbox 2122 1846 2339 1913; x_wconf 78' lang='lat' dir='ltr'><strong>pinguia</strong></span> 
     </span>
    </p>
   </div>
   <div class='ocr_carea' id='block_1_21' title="bbox 762 1934 2337 2005">
    <p class='ocr_par' dir='ltr' id='par_1_21' title="bbox 762 1934 2337 2005">
     <span class='ocr_line' id='line_1_21' title="bbox 762 1934 2337 2005; baseline 0.001 -17"><span class='ocrx_word' id='word_1_139' title='bbox 762 1947 811 1988; x_wconf 79' lang='lat' dir='ltr'><strong>et</strong></span> <span class='ocrx_word' id='word_1_140' title='bbox 841 1936 1099 2005; x_wconf 66' lang='lat' dir='ltr'><strong>pra&#39;clara</strong></span> <span class='ocrx_word' id='word_1_141' title='bbox 1152 1939 1421 2002; x_wconf 80' lang='lat' dir='ltr'><strong>perierunt</strong></span> <span class='ocrx_word' id='word_1_142' title='bbox 1454 1954 1484 1988; x_wconf 88' lang='lat' dir='ltr'><strong>a</strong></span> <span class='ocrx_word' id='word_1_143' title='bbox 1519 1946 1598 1999; x_wconf 86' lang='lat' dir='ltr'><strong>te;</strong></span> <span class='ocrx_word' id='word_1_144' title='bbox 1630 1947 1679 1989; x_wconf 87' lang='lat' dir='ltr'><strong>et</strong></span> <span class='ocrx_word' id='word_1_145' title='bbox 1708 1936 1939 2003; x_wconf 88' lang='lat' dir='ltr'><strong>amplius</strong></span> <span class='ocrx_word' id='word_1_146' title='bbox 1970 1934 2063 1988; x_wconf 87' lang='lat' dir='ltr'><strong>illa</strong></span> <span class='ocrx_word' id='word_1_147' title='bbox 2085 1934 2202 2004; x_wconf 88' lang='lat' dir='ltr'><strong>jam</strong></span> <span class='ocrx_word' id='word_1_148' title='bbox 2243 1951 2337 1990; x_wconf 80' lang='lat' dir='ltr'><strong>tte-</strong></span> 
     </span>
    </p>
   </div>
   <div class='ocr_carea' id='block_1_22' title="bbox 765 2028 1308 2095">
    <p class='ocr_par' dir='ltr' id='par_1_22' title="bbox 765 2028 1308 2095">
     <span class='ocr_line' id='line_1_22' title="bbox 765 2028 1308 2095; baseline 0 -16"><span class='ocrx_word' id='word_1_149' title='bbox 765 2041 1031 2095; x_wconf 84' lang='lat' dir='ltr'><strong>quaquam</strong></span> <span class='ocrx_word' id='word_1_150' title='bbox 1060 2028 1308 2080; x_wconf 84' lang='lat' dir='ltr'><strong>inrenies.</strong></span> 
     </span>
    </p>
   </div>
   <div class='ocr_carea' id='block_1_23' title="bbox 837 2116 2340 2185">
    <p class='ocr_par' dir='ltr' id='par_1_23' title="bbox 837 2116 2340 2185">
     <span class='ocr_line' id='line_1_23' title="bbox 837 2116 2340 2185; baseline 0.001 -16"><span class='ocrx_word' id='word_1_151' title='bbox 837 2117 897 2169; x_wconf 92' lang='lat' dir='ltr'><strong>In</strong></span> <span class='ocrx_word' id='word_1_152' title='bbox 933 2130 1237 2185; x_wconf 64' lang='lat' dir='ltr'><strong>posti-rum,</strong></span> <span class='ocrx_word' id='word_1_153' title='bbox 1260 2117 1358 2177; x_wconf 86' lang='lat' dir='ltr'><strong>ait,</strong></span> <span class='ocrx_word' id='word_1_154' title='bbox 1392 2116 1705 2169; x_wconf 81' lang='lat' dir='ltr'><strong>mortalium</strong></span> <span class='ocrx_word' id='word_1_155' title='bbox 1729 2117 1941 2169; x_wconf 83' lang='lat' dir='ltr'><strong>animas</strong></span> <span class='ocrx_word' id='word_1_156' title='bbox 1970 2130 2077 2169; x_wconf 91' lang='lat' dir='ltr'><strong>non</strong></span> <span class='ocrx_word' id='word_1_157' title='bbox 2107 2117 2340 2185; x_wconf 76' lang='lat' dir='ltr'><strong>amplius</strong></span> 
     </span>
    </p>
   </div>
   <div class='ocr_carea' id='block_1_24' title="bbox 762 2206 2337 2275">
    <p class='ocr_par' dir='ltr' id='par_1_24' title="bbox 762 2206 2337 2275">
     <span class='ocr_line' id='line_1_24' title="bbox 762 2206 2337 2275; baseline 0 -15"><span class='ocrx_word' id='word_1_158' title='bbox 762 2220 935 2268; x_wconf 87' lang='lat' dir='ltr'><strong>emes,</strong></span> <span class='ocrx_word' id='word_1_159' title='bbox 970 2222 1147 2275; x_wconf 89' lang='lat' dir='ltr'><strong>neque</strong></span> <span class='ocrx_word' id='word_1_160' title='bbox 1179 2206 1379 2260; x_wconf 84' lang='lat' dir='ltr'><strong>liberos</strong></span> <span class='ocrx_word' id='word_1_161' title='bbox 1407 2207 1654 2258; x_wconf 79' lang='lat' dir='ltr'><strong>homines</strong></span> <span class='ocrx_word' id='word_1_162' title='bbox 1675 2206 1726 2258; x_wconf 88' lang='lat' dir='ltr'><strong>itt</strong></span> <span class='ocrx_word' id='word_1_163' title='bbox 1755 2206 2071 2259; x_wconf 87' lang='lat' dir='ltr'><strong>servitutem</strong></span> <span class='ocrx_word' id='word_1_164' title='bbox 2095 2206 2337 2275; x_wconf 72' lang='lat' dir='ltr'><strong>rediges;</strong></span> 
     </span>
    </p>
   </div>
   <div class='ocr_carea' id='block_1_25' title="bbox 766 2297 2341 2366">
    <p class='ocr_par' dir='ltr' id='par_1_25' title="bbox 766 2297 2341 2366">
     <span class='ocr_line' id='line_1_25' title="bbox 766 2297 2341 2366; baseline 0 -16"><span class='ocrx_word' id='word_1_165' title='bbox 766 2313 943 2365; x_wconf 86' lang='lat' dir='ltr'><strong>neque</strong></span> <span class='ocrx_word' id='word_1_166' title='bbox 996 2299 1049 2351; x_wconf 94' lang='lat' dir='ltr'><strong>in</strong></span> <span class='ocrx_word' id='word_1_167' title='bbox 1094 2298 1389 2366; x_wconf 81' lang='lat' dir='ltr'><strong>pinguibus</strong></span> <span class='ocrx_word' id='word_1_168' title='bbox 1433 2298 1541 2350; x_wconf 88' lang='lat' dir='ltr'><strong>illis</strong></span> <span class='ocrx_word' id='word_1_169' title='bbox 1589 2306 1643 2349; x_wconf 87' lang='lat' dir='ltr'><strong>et</strong></span> <span class='ocrx_word' id='word_1_170' title='bbox 1694 2297 2019 2364; x_wconf 86' lang='lat' dir='ltr'><strong>splendidis,</strong></span> <span class='ocrx_word' id='word_1_171' title='bbox 2052 2298 2107 2350; x_wconf 93' lang='lat' dir='ltr'><strong>in</strong></span> <span class='ocrx_word' id='word_1_172' title='bbox 2138 2298 2341 2366; x_wconf 79' lang='lat' dir='ltr'><strong>quibus</strong></span> 
     </span>
    </p>
   </div>
   <div class='ocr_carea' id='block_1_26' title="bbox 763 2388 2338 2459">
    <p class='ocr_par' dir='ltr' id='par_1_26' title="bbox 763 2388 2338 2459">
     <span class='ocr_line' id='line_1_26' title="bbox 763 2388 2338 2459; baseline 0.001 -16"><span class='ocrx_word' id='word_1_173' title='bbox 763 2390 895 2443; x_wconf 87' lang='lat' dir='ltr'><strong>Olim</strong></span> <span class='ocrx_word' id='word_1_174' title='bbox 927 2390 1283 2453; x_wconf 81' lang='lat' dir='ltr'><strong>volutabaris,</strong></span> <span class='ocrx_word' id='word_1_175' title='bbox 1318 2391 1543 2458; x_wconf 86' lang='lat' dir='ltr'><strong>posthac</strong></span> <span class='ocrx_word' id='word_1_176' title='bbox 1570 2390 1905 2455; x_wconf 72' lang='lat' dir='ltr'><strong>volutabet&#39;e,</strong></span> <span class='ocrx_word' id='word_1_177' title='bbox 1923 2397 2018 2445; x_wconf 91' lang='lat' dir='ltr'><strong>aut</strong></span> <span class='ocrx_word' id='word_1_178' title='bbox 2041 2388 2338 2459; x_wconf 75' lang='lat' dir='ltr'><strong>quidquam</strong></span> 
     </span>
    </p>
   </div>
   <div class='ocr_carea' id='block_1_27' title="bbox 761 2481 1493 2535">
    <p class='ocr_par' dir='ltr' id='par_1_27' title="bbox 761 2481 1493 2535">
     <span class='ocr_line' id='line_1_27' title="bbox 761 2481 1493 2535; baseline -0.003 0"><span class='ocrx_word' id='word_1_179' title='bbox 761 2496 829 2535; x_wconf 76' lang='lat' dir='ltr'><strong>ex</strong></span> <span class='ocrx_word' id='word_1_180' title='bbox 860 2481 926 2534; x_wconf 90' lang='lat' dir='ltr'><strong>iis</strong></span> <span class='ocrx_word' id='word_1_181' title='bbox 955 2481 1020 2533; x_wconf 89' lang='lat' dir='ltr'><strong>ad</strong></span> <span class='ocrx_word' id='word_1_182' title='bbox 1053 2497 1211 2534; x_wconf 88' lang='lat' dir='ltr'><strong>usum</strong></span> <span class='ocrx_word' id='word_1_183' title='bbox 1243 2482 1493 2534; x_wconf 87' lang='lat' dir='ltr'><strong>habebis.</strong></span> 
     </span>
    </p>
   </div>
   <div class='ocr_carea' id='block_1_28' title="bbox 839 2568 2338 2639">
    <p class='ocr_par' dir='ltr' id='par_1_28' title="bbox 839 2568 2338 2639">
     <span class='ocr_line' id='line_1_28' title="bbox 839 2568 2338 2639; baseline 0.001 -16"><span class='ocrx_word' id='word_1_184' title='bbox 839 2570 1026 2633; x_wconf 61' lang='lat' dir='ltr'><strong>XVIII,</strong></span> <span class='ocrx_word' id='word_1_185' title='bbox 1063 2571 1249 2625; x_wconf 63' lang='lat' dir='ltr'><strong>I547.</strong></span> <span class='ocrx_word' id='word_1_186' title='bbox 1294 2570 1619 2624; x_wconf 82' lang='lat' dir='ltr'><strong>Mercatores</strong></span> <span class='ocrx_word' id='word_1_187' title='bbox 1651 2570 1859 2635; x_wconf 86' lang='lat' dir='ltr'><strong>horum,</strong></span> <span class='ocrx_word' id='word_1_188' title='bbox 1892 2568 2191 2638; x_wconf 78' lang='lat' dir='ltr'><strong>quidivites</strong></span> <span class='ocrx_word' id='word_1_189' title='bbox 2210 2569 2338 2639; x_wconf 75' lang='lat' dir='ltr'><strong>[acti</strong></span> 
     </span>
    </p>
   </div>
   <div class='ocr_carea' id='block_1_29' title="bbox 764 2662 2337 2731">
    <p class='ocr_par' dir='ltr' id='par_1_29' title="bbox 764 2662 2337 2731">
     <span class='ocr_line' id='line_1_29' title="bbox 764 2662 2337 2731; baseline -0.003 -15"><span class='ocrx_word' id='word_1_190' title='bbox 764 2674 909 2724; x_wconf 84' lang='lat' dir='ltr'><strong>sunt,</strong></span> <span class='ocrx_word' id='word_1_191' title='bbox 933 2664 995 2713; x_wconf 86' lang='lat' dir='ltr'><strong>ab</strong></span> <span class='ocrx_word' id='word_1_192' title='bbox 1031 2678 1090 2715; x_wconf 83' lang='lat' dir='ltr'><strong>ea</strong></span> <span class='ocrx_word' id='word_1_193' title='bbox 1121 2663 1271 2730; x_wconf 79' lang='lat' dir='ltr'><strong>longe</strong></span> <span class='ocrx_word' id='word_1_194' title='bbox 1300 2664 1543 2723; x_wconf 70' lang='lat' dir='ltr'><strong>stabunt,</strong></span> <span class='ocrx_word' id='word_1_195' title='bbox 1583 2670 1798 2731; x_wconf 81' lang='lat' dir='ltr'><strong>propter</strong></span> <span class='ocrx_word' id='word_1_196' title='bbox 1831 2662 2073 2715; x_wconf 89' lang='lat' dir='ltr'><strong>timorem</strong></span> <span class='ocrx_word' id='word_1_197' title='bbox 2108 2671 2337 2715; x_wconf 83' lang='lat' dir='ltr'><strong>tormen-</strong></span> 
     </span>
    </p>
   </div>
   <div class='ocr_carea' id='block_1_30' title="bbox 764 2753 2341 2824">
    <p class='ocr_par' dir='ltr' id='par_1_30' title="bbox 764 2753 2341 2824">
     <span class='ocr_line' id='line_1_30' title="bbox 764 2753 2341 2824; baseline 0.001 -17"><span class='ocrx_word' id='word_1_198' title='bbox 764 2764 936 2807; x_wconf 86' lang='lat' dir='ltr'><strong>torum</strong></span> <span class='ocrx_word' id='word_1_199' title='bbox 958 2754 1094 2822; x_wconf 85' lang='lat' dir='ltr'><strong>ejus,</strong></span> <span class='ocrx_word' id='word_1_200' title='bbox 1120 2754 1326 2823; x_wconf 84' lang='lat' dir='ltr'><strong>ﬂentes,</strong></span> <span class='ocrx_word' id='word_1_201' title='bbox 1357 2763 1404 2806; x_wconf 92' lang='lat' dir='ltr'><strong>et</strong></span> <span class='ocrx_word' id='word_1_202' title='bbox 1436 2756 1690 2824; x_wconf 83' lang='lat' dir='ltr'><strong>lugentes,</strong></span> <span class='ocrx_word' id='word_1_203' title='bbox 1718 2763 1767 2808; x_wconf 87' lang='lat' dir='ltr'><strong>et</strong></span> <span class='ocrx_word' id='word_1_204' title='bbox 1795 2754 2028 2807; x_wconf 79' lang='lat' dir='ltr'><strong>dicentes</strong></span> <span class='ocrx_word' id='word_1_205' title='bbox 2049 2771 2068 2810; x_wconf 89' lang='lat'><em>:</em></span> <span class='ocrx_word' id='word_1_206' title='bbox 2101 2753 2215 2819; x_wconf 72' lang='lat' dir='ltr'><strong>Va,</strong></span> <span class='ocrx_word' id='word_1_207' title='bbox 2241 2770 2341 2821; x_wconf 65' lang='grc' dir='ltr'>ινιτ,</span> 
     </span>
    </p>
   </div>
   <div class='ocr_carea' id='block_1_31' title="bbox 764 2844 2340 2916">
    <p class='ocr_par' dir='ltr' id='par_1_31' title="bbox 764 2844 2340 2916">
     <span class='ocr_line' id='line_1_31' title="bbox 764 2844 2340 2916; baseline -0.003 -17"><span class='ocrx_word' id='word_1_208' title='bbox 764 2848 950 2901; x_wconf 78' lang='lat' dir='ltr'><strong>civitas</strong></span> <span class='ocrx_word' id='word_1_209' title='bbox 987 2847 1084 2899; x_wconf 88' lang='lat' dir='ltr'><strong>illa</strong></span> <span class='ocrx_word' id='word_1_210' title='bbox 1134 2863 1348 2916; x_wconf 86' lang='lat' dir='ltr'><strong>magna,</strong></span> <span class='ocrx_word' id='word_1_211' title='bbox 1386 2863 1503 2916; x_wconf 76' lang='lat' dir='ltr'><strong>qua:</strong></span> <span class='ocrx_word' id='word_1_212' title='bbox 1534 2847 1733 2898; x_wconf 85' lang='lat' dir='ltr'><strong>amicta</strong></span> <span class='ocrx_word' id='word_1_213' title='bbox 1770 2854 1885 2899; x_wconf 89' lang='lat' dir='ltr'><strong>erat</strong></span> <span class='ocrx_word' id='word_1_214' title='bbox 1922 2844 2100 2915; x_wconf 78' lang='lat' dir='ltr'><strong>bysso,</strong></span> <span class='ocrx_word' id='word_1_215' title='bbox 2128 2854 2177 2896; x_wconf 86' lang='lat' dir='ltr'><strong>et</strong></span> <span class='ocrx_word' id='word_1_216' title='bbox 2210 2860 2340 2913; x_wconf 77' lang='lat' dir='ltr'><strong>pur-</strong></span> 
     </span>
    </p>
   </div>
   <div class='ocr_carea' id='block_1_32' title="bbox 764 2936 2338 3006">
    <p class='ocr_par' dir='ltr' id='par_1_32' title="bbox 764 2936 2338 3006">
     <span class='ocr_line' id='line_1_32' title="bbox 764 2936 2338 3006; baseline -0.001 -16"><span class='ocrx_word' id='word_1_217' title='bbox 764 2954 921 3006; x_wconf 84' lang='lat' dir='ltr'><strong>pura.</strong></span> <span class='ocrx_word' id='word_1_218' title='bbox 946 2950 993 2991; x_wconf 90' lang='lat' dir='ltr'><strong>et</strong></span> <span class='ocrx_word' id='word_1_219' title='bbox 1016 2955 1169 2991; x_wconf 82' lang='lat' dir='ltr'><strong>cocco</strong></span> <span class='ocrx_word' id='word_1_220' title='bbox 1190 2954 1207 2999; x_wconf 89' lang='lat'><strong><em>;</em></strong></span> <span class='ocrx_word' id='word_1_221' title='bbox 1228 2939 1489 2990; x_wconf 79' lang='lat' dir='ltr'><strong>deaurata</strong></span> <span class='ocrx_word' id='word_1_222' title='bbox 1508 2947 1621 2990; x_wconf 88' lang='lat' dir='ltr'><strong>erat</strong></span> <span class='ocrx_word' id='word_1_223' title='bbox 1648 2952 1805 3002; x_wconf 83' lang='lat' dir='ltr'><strong>auro,</strong></span> <span class='ocrx_word' id='word_1_224' title='bbox 1823 2947 1873 2990; x_wconf 88' lang='lat' dir='ltr'><strong>et</strong></span> <span class='ocrx_word' id='word_1_225' title='bbox 1897 2936 2070 3003; x_wconf 87' lang='lat' dir='ltr'><strong>lapide</strong></span> <span class='ocrx_word' id='word_1_226' title='bbox 2088 2938 2338 3005; x_wconf 85' lang='lat' dir='ltr'><strong>pretioso,</strong></span> 
     </span>
    </p>
   </div>
   <div class='ocr_carea' id='block_1_33' title="bbox 763 3028 2339 3098">
    <p class='ocr_par' dir='ltr' id='par_1_33' title="bbox 763 3028 2339 3098">
     <span class='ocr_line' id='line_1_33' title="bbox 763 3028 2339 3098; baseline -0.001 -16"><span class='ocrx_word' id='word_1_227' title='bbox 763 3038 814 3082; x_wconf 86' lang='lat' dir='ltr'><strong>et</strong></span> <span class='ocrx_word' id='word_1_228' title='bbox 866 3030 1170 3098; x_wconf 77' lang='lat' dir='ltr'><strong>margaritis</strong></span> <span class='ocrx_word' id='word_1_229' title='bbox 1201 3044 1219 3082; x_wconf 89' lang='lat'><strong><em>:</em></strong></span> <span class='ocrx_word' id='word_1_230' title='bbox 1248 3030 1498 3098; x_wconf 85' lang='lat' dir='ltr'><strong>quoniam</strong></span> <span class='ocrx_word' id='word_1_231' title='bbox 1545 3046 1656 3082; x_wconf 88' lang='lat' dir='ltr'><strong>una</strong></span> <span class='ocrx_word' id='word_1_232' title='bbox 1716 3029 1848 3082; x_wconf 87' lang='lat' dir='ltr'><strong>hora</strong></span> <span class='ocrx_word' id='word_1_233' title='bbox 1899 3028 2168 3083; x_wconf 75' lang='lat' dir='ltr'><strong>destituta:</strong></span> <span class='ocrx_word' id='word_1_234' title='bbox 2217 3038 2339 3082; x_wconf 84' lang='lat' dir='ltr'><strong>sunt</strong></span> 
     </span>
    </p>
   </div>
   <div class='ocr_carea' id='block_1_34' title="bbox 767 3120 1191 3173">
    <p class='ocr_par' dir='ltr' id='par_1_34' title="bbox 767 3120 1191 3173">
     <span class='ocr_line' id='line_1_34' title="bbox 767 3120 1191 3173; baseline -0.005 0"><span class='ocrx_word' id='word_1_235' title='bbox 767 3129 931 3173; x_wconf 80' lang='lat' dir='ltr'><strong>tanta:</strong></span> <span class='ocrx_word' id='word_1_236' title='bbox 968 3120 1191 3173; x_wconf 74' lang='lat' dir='ltr'><strong>divitia.</strong></span> 
     </span>
    </p>
   </div>
   <div class='ocr_carea' id='block_1_35' title="bbox 837 3313 2338 3384">
    <p class='ocr_par' dir='ltr' id='par_1_35' title="bbox 837 3313 2338 3384">
     <span class='ocr_line' id='line_1_35' title="bbox 837 3313 2338 3384; baseline 0.001 -15"><span class='ocrx_word' id='word_1_237' title='bbox 837 3315 920 3369; x_wconf 89' lang='lat' dir='ltr'><strong>0b</strong></span> <span class='ocrx_word' id='word_1_238' title='bbox 948 3315 1144 3367; x_wconf 87' lang='lat' dir='ltr'><strong>oculos</strong></span> <span class='ocrx_word' id='word_1_239' title='bbox 1179 3313 1331 3384; x_wconf 84' lang='lat' dir='ltr'><strong>ponit</strong></span> <span class='ocrx_word' id='word_1_240' title='bbox 1380 3313 1646 3383; x_wconf 77' lang='lat' dir='ltr'><strong>insignem</strong></span> <span class='ocrx_word' id='word_1_241' title='bbox 1699 3313 1989 3384; x_wconf 71' lang='lat' dir='ltr'><strong>Babylonis</strong></span> <span class='ocrx_word' id='word_1_242' title='bbox 2038 3314 2201 3383; x_wconf 85' lang='lat' dir='ltr'><strong>hujus</strong></span> <span class='ocrx_word' id='word_1_243' title='bbox 2223 3315 2338 3371; x_wconf 84' lang='lat' dir='ltr'><strong>cla-</strong></span> 
     </span>
    </p>
   </div>
   <div class='ocr_carea' id='block_1_36' title="bbox 766 3403 2337 3471">
    <p class='ocr_par' dir='ltr' id='par_1_36' title="bbox 766 3403 2337 3471">
     <span class='ocr_line' id='line_1_36' title="bbox 766 3403 2337 3471; baseline 0.001 -12"><span class='ocrx_word' id='word_1_244' title='bbox 766 3404 889 3459; x_wconf 85' lang='lat' dir='ltr'><strong>dem</strong></span> <span class='ocrx_word' id='word_1_245' title='bbox 920 3413 975 3458; x_wconf 88' lang='lat' dir='ltr'><strong>et</strong></span> <span class='ocrx_word' id='word_1_246' title='bbox 1008 3403 1398 3467; x_wconf 86' lang='lat' dir='ltr'><strong>alllictionem;</strong></span> <span class='ocrx_word' id='word_1_247' title='bbox 1450 3417 1548 3471; x_wconf 91' lang='lat' dir='ltr'><strong>per</strong></span> <span class='ocrx_word' id='word_1_248' title='bbox 1598 3404 1777 3458; x_wconf 86' lang='lat' dir='ltr'><strong>luctus</strong></span> <span class='ocrx_word' id='word_1_249' title='bbox 1818 3413 1871 3457; x_wconf 89' lang='lat' dir='ltr'><strong>et</strong></span> <span class='ocrx_word' id='word_1_250' title='bbox 1901 3404 2337 3469; x_wconf 88' lang='lat' dir='ltr'><strong>lamentationes,</strong></span> 
     </span>
    </p>
   </div>
   <div class='ocr_carea' id='block_1_37' title="bbox 766 3494 2341 3565">
    <p class='ocr_par' dir='ltr' id='par_1_37' title="bbox 766 3494 2341 3565">
     <span class='ocr_line' id='line_1_37' title="bbox 766 3494 2341 3565; baseline 0.002 -17"><span class='ocrx_word' id='word_1_251' title='bbox 766 3494 1119 3557; x_wconf 79' lang='lat' dir='ltr'><strong>calamitatis,</strong></span> <span class='ocrx_word' id='word_1_252' title='bbox 1172 3508 1337 3562; x_wconf 88' lang='lat' dir='ltr'><strong>quam</strong></span> <span class='ocrx_word' id='word_1_253' title='bbox 1386 3508 1714 3561; x_wconf 59' lang='lat' dir='ltr'><strong>perpessum</strong></span> <span class='ocrx_word' id='word_1_254' title='bbox 1775 3494 1864 3547; x_wconf 86' lang='lat' dir='ltr'><strong>illa</strong></span> <span class='ocrx_word' id='word_1_255' title='bbox 1924 3510 2046 3565; x_wconf 74' lang='lat' dir='ltr'><strong>qua:</strong></span> <span class='ocrx_word' id='word_1_256' title='bbox 2095 3506 2221 3551; x_wconf 83' lang='lat' dir='ltr'><strong>ante</strong></span> <span class='ocrx_word' id='word_1_257' title='bbox 2272 3497 2341 3551; x_wconf 87' lang='lat' dir='ltr'><strong>ob</strong></span> 
     </span>
    </p>
   </div>
   <div class='ocr_carea' id='block_1_38' title="bbox 767 3583 2339 3653">
    <p class='ocr_par' dir='ltr' id='par_1_38' title="bbox 767 3583 2339 3653">
     <span class='ocr_line' id='line_1_38' title="bbox 767 3583 2339 3653; baseline 0.003 -16"><span class='ocrx_word' id='word_1_258' title='bbox 767 3586 975 3653; x_wconf 79' lang='lat' dir='ltr'><strong>regiam</strong></span> <span class='ocrx_word' id='word_1_259' title='bbox 1005 3583 1326 3651; x_wconf 82' lang='lat' dir='ltr'><strong>dignitatem</strong></span> <span class='ocrx_word' id='word_1_260' title='bbox 1360 3592 1413 3635; x_wconf 92' lang='lat' dir='ltr'><strong>et</strong></span> <span class='ocrx_word' id='word_1_261' title='bbox 1450 3584 1812 3651; x_wconf 84' lang='lat' dir='ltr'><strong>tnajcstatetn,</strong></span> <span class='ocrx_word' id='word_1_262' title='bbox 1846 3586 1987 3639; x_wconf 86' lang='lat' dir='ltr'><strong>elato</strong></span> <span class='ocrx_word' id='word_1_263' title='bbox 2022 3587 2163 3640; x_wconf 91' lang='lat' dir='ltr'><strong>collo</strong></span> <span class='ocrx_word' id='word_1_264' title='bbox 2189 3588 2339 3641; x_wconf 86' lang='lat' dir='ltr'><strong>incc-</strong></span> 
     </span>
    </p>
   </div>
   <div class='ocr_carea' id='block_1_39' title="bbox 767 3675 2050 3745">
    <p class='ocr_par' dir='ltr' id='par_1_39' title="bbox 767 3675 2050 3745">
     <span class='ocr_line' id='line_1_39' title="bbox 767 3675 2050 3745; baseline 0.001 -15"><span class='ocrx_word' id='word_1_265' title='bbox 767 3677 949 3738; x_wconf 88' lang='lat' dir='ltr'><strong>debat,</strong></span> <span class='ocrx_word' id='word_1_266' title='bbox 986 3675 1423 3741; x_wconf 64' lang='lat' dir='ltr'><strong>magnitudinem</strong></span> <span class='ocrx_word' id='word_1_267' title='bbox 1460 3677 1711 3745; x_wconf 87' lang='lat' dir='ltr'><strong>apposite</strong></span> <span class='ocrx_word' id='word_1_268' title='bbox 1742 3677 2050 3732; x_wconf 86' lang='lat' dir='ltr'><strong>dclineans.</strong></span> 
     </span>
    </p>
   </div>
   <div class='ocr_carea' id='block_1_40' title="bbox 838 3762 2343 3840">
    <p class='ocr_par' dir='ltr' id='par_1_40' title="bbox 838 3762 2343 3840">
     <span class='ocr_line' id='line_1_40' title="bbox 838 3762 2343 3840; baseline 0.001 -20"><span class='ocrx_word' id='word_1_269' title='bbox 838 3765 1028 3831; x_wconf 71' lang='lat' dir='ltr'><strong>XVIII,</strong></span> <span class='ocrx_word' id='word_1_270' title='bbox 1069 3766 1256 3818; x_wconf 86' lang='lat' dir='ltr'><strong>I7-I9.</strong></span> <span class='ocrx_word' id='word_1_271' title='bbox 1296 3762 1363 3819; x_wconf 79' lang='lat' dir='ltr'><strong>Et</strong></span> <span class='ocrx_word' id='word_1_272' title='bbox 1394 3766 1563 3819; x_wconf 83' lang='lat' dir='ltr'><strong>omnis</strong></span> <span class='ocrx_word' id='word_1_273' title='bbox 1603 3766 1945 3832; x_wconf 85' lang='lat' dir='ltr'><strong>gubernator,</strong></span> <span class='ocrx_word' id='word_1_274' title='bbox 1978 3778 2023 3819; x_wconf 89' lang='lat' dir='ltr'><strong>et</strong></span> <span class='ocrx_word' id='word_1_275' title='bbox 2052 3783 2227 3822; x_wconf 89' lang='lat' dir='ltr'><strong>omnes</strong></span> <span class='ocrx_word' id='word_1_276' title='bbox 2253 3770 2343 3840; x_wconf 84' lang='lat' dir='ltr'><strong>qui</strong></span> 
     </span>
    </p>
   </div>
   <div class='ocr_carea' id='block_1_41' title="bbox 767 3856 2343 3928">
    <p class='ocr_par' dir='ltr' id='par_1_41' title="bbox 767 3856 2343 3928">
     <span class='ocr_line' id='line_1_41' title="bbox 767 3856 2343 3928; baseline 0.003 -19"><span class='ocrx_word' id='word_1_277' title='bbox 767 3860 823 3910; x_wconf 87' lang='lat' dir='ltr'><strong>in</strong></span> <span class='ocrx_word' id='word_1_278' title='bbox 881 3857 1053 3909; x_wconf 89' lang='lat' dir='ltr'><strong>lacum</strong></span> <span class='ocrx_word' id='word_1_279' title='bbox 1088 3856 1356 3924; x_wconf 80' lang='lat' dir='ltr'><strong>navigant,</strong></span> <span class='ocrx_word' id='word_1_280' title='bbox 1409 3866 1457 3909; x_wconf 87' lang='lat' dir='ltr'><strong>et</strong></span> <span class='ocrx_word' id='word_1_281' title='bbox 1490 3866 1689 3921; x_wconf 71' lang='lat' dir='ltr'><strong>unum,</strong></span> <span class='ocrx_word' id='word_1_282' title='bbox 1738 3866 1787 3910; x_wconf 87' lang='lat' dir='ltr'><strong>et</strong></span> <span class='ocrx_word' id='word_1_283' title='bbox 1815 3858 1903 3925; x_wconf 78' lang='lat' dir='ltr'><strong>qui</strong></span> <span class='ocrx_word' id='word_1_284' title='bbox 1935 3859 1987 3910; x_wconf 91' lang='lat' dir='ltr'><strong>in</strong></span> <span class='ocrx_word' id='word_1_285' title='bbox 2036 3860 2175 3911; x_wconf 88' lang='lat' dir='ltr'><strong>mari</strong></span> <span class='ocrx_word' id='word_1_286' title='bbox 2230 3877 2343 3928; x_wconf 87' lang='lat' dir='ltr'><strong>ope-</strong></span> 
     </span>
    </p>
   </div>
   <div class='ocr_carea' id='block_1_42' title="bbox 769 3947 2341 4015">
    <p class='ocr_par' dir='ltr' id='par_1_42' title="bbox 769 3947 2341 4015">
     <span class='ocr_line' id='line_1_42' title="bbox 769 3947 2341 4015; baseline 0.003 -16"><span class='ocrx_word' id='word_1_287' title='bbox 769 3960 995 4013; x_wconf 84' lang='lat' dir='ltr'><strong>rantur,</strong></span> <span class='ocrx_word' id='word_1_288' title='bbox 1042 3947 1193 4015; x_wconf 82' lang='lat' dir='ltr'><strong>louge</strong></span> <span class='ocrx_word' id='word_1_289' title='bbox 1244 3956 1545 4010; x_wconf 87' lang='lat' dir='ltr'><strong>steterunt,</strong></span> <span class='ocrx_word' id='word_1_290' title='bbox 1576 3958 1625 3999; x_wconf 88' lang='lat' dir='ltr'><strong>et</strong></span> <span class='ocrx_word' id='word_1_291' title='bbox 1664 3947 2062 4012; x_wconf 70' lang='lat' dir='ltr'><strong>clamauerunt,</strong></span> <span class='ocrx_word' id='word_1_292' title='bbox 2112 3950 2341 4004; x_wconf 78' lang='lat' dir='ltr'><strong>videntes</strong></span> 
     </span>
    </p>
   </div>
   <div class='ocr_carea' id='block_1_43' title="bbox 770 4035 2343 4107">
    <p class='ocr_par' dir='ltr' id='par_1_43' title="bbox 770 4035 2343 4107">
     <span class='ocr_line' id='line_1_43' title="bbox 770 4035 2343 4107; baseline 0.003 -16"><span class='ocrx_word' id='word_1_293' title='bbox 770 4042 975 4106; x_wconf 72' lang='lat' dir='ltr'><strong>funium</strong></span> <span class='ocrx_word' id='word_1_294' title='bbox 1012 4039 1241 4091; x_wconf 79' lang='lat' dir='ltr'><strong>incendii</strong></span> <span class='ocrx_word' id='word_1_295' title='bbox 1272 4038 1413 4106; x_wconf 77' lang='lat' dir='ltr'><strong>ejus,</strong></span> <span class='ocrx_word' id='word_1_296' title='bbox 1440 4035 1676 4107; x_wconf 70' lang='lat' dir='ltr'><strong>dicentes</strong></span> <span class='ocrx_word' id='word_1_297' title='bbox 1704 4055 1722 4093; x_wconf 91' lang='lat'><strong><em>:</em></strong></span> <span class='ocrx_word' id='word_1_298' title='bbox 1759 4040 1890 4105; x_wconf 79' lang='lat' dir='ltr'><strong>Qua:</strong></span> <span class='ocrx_word' id='word_1_299' title='bbox 1922 4042 2111 4093; x_wconf 88' lang='lat' dir='ltr'><strong>similis</strong></span> <span class='ocrx_word' id='word_1_300' title='bbox 2142 4042 2343 4096; x_wconf 79' lang='lat' dir='ltr'><strong>civitati</strong></span> 
     </span>
    </p>
   </div>
   <div class='ocr_carea' id='block_1_44' title="bbox 769 4128 2341 4201">
    <p class='ocr_par' dir='ltr' id='par_1_44' title="bbox 769 4128 2341 4201">
     <span class='ocr_line' id='line_1_44' title="bbox 769 4128 2341 4201; baseline 0.004 -20"><span class='ocrx_word' id='word_1_301' title='bbox 769 4131 889 4182; x_wconf 83' lang='lat' dir='ltr'><strong>huic</strong></span> <span class='ocrx_word' id='word_1_302' title='bbox 919 4130 1163 4197; x_wconf 67' lang='lat' dir='ltr'><strong>magna?</strong></span> <span class='ocrx_word' id='word_1_303' title='bbox 1190 4128 1253 4182; x_wconf 81' lang='lat' dir='ltr'><strong>Et</strong></span> <span class='ocrx_word' id='word_1_304' title='bbox 1286 4131 1537 4183; x_wconf 82' lang='lat' dir='ltr'><strong>miserunt</strong></span> <span class='ocrx_word' id='word_1_305' title='bbox 1563 4130 1824 4201; x_wconf 75' lang='lat' dir='ltr'><strong>pulverem</strong></span> <span class='ocrx_word' id='word_1_306' title='bbox 1842 4148 1997 4199; x_wconf 83' lang='lat' dir='ltr'><strong>super</strong></span> <span class='ocrx_word' id='word_1_307' title='bbox 2021 4136 2199 4201; x_wconf 80' lang='lat' dir='ltr'><strong>capita</strong></span> <span class='ocrx_word' id='word_1_308' title='bbox 2220 4151 2341 4195; x_wconf 77' lang='lat' dir='ltr'><strong>sua,</strong></span> 
     </span>
    </p>
   </div>
   <div class='ocr_carea' id='block_1_45' title="bbox 767 4222 2342 4295">
    <p class='ocr_par' dir='ltr' id='par_1_45' title="bbox 767 4222 2342 4295">
     <span class='ocr_line' id='line_1_45' title="bbox 767 4222 2342 4295; baseline 0.007 -22"><span class='ocrx_word' id='word_1_309' title='bbox 767 4230 816 4273; x_wconf 82' lang='lat' dir='ltr'><strong>et</strong></span> <span class='ocrx_word' id='word_1_310' title='bbox 837 4222 1192 4273; x_wconf 76' lang='lat' dir='ltr'><strong>clamauerunt</strong></span> <span class='ocrx_word' id='word_1_311' title='bbox 1218 4223 1423 4290; x_wconf 80' lang='lat' dir='ltr'><strong>ﬂentes,</strong></span> <span class='ocrx_word' id='word_1_312' title='bbox 1450 4234 1499 4276; x_wconf 90' lang='lat' dir='ltr'><strong>et</strong></span> <span class='ocrx_word' id='word_1_313' title='bbox 1531 4223 1787 4295; x_wconf 80' lang='lat' dir='ltr'><strong>lugentes,</strong></span> <span class='ocrx_word' id='word_1_314' title='bbox 1815 4226 2046 4279; x_wconf 83' lang='lat' dir='ltr'><strong>dicentes</strong></span> <span class='ocrx_word' id='word_1_315' title='bbox 2067 4242 2085 4278; x_wconf 91' lang='lat'><strong><em>:</em></strong></span> <span class='ocrx_word' id='word_1_316' title='bbox 2115 4227 2223 4290; x_wconf 74' lang='grc' dir='ltr'><strong>νω,</strong></span> <span class='ocrx_word' id='word_1_317' title='bbox 2249 4246 2342 4293; x_wconf 76' lang='lat' dir='ltr'><strong>rev,</strong></span> 
     </span>
    </p>
   </div>
   <div class='ocr_carea' id='block_1_46' title="bbox 770 4312 2342 4384">
    <p class='ocr_par' dir='ltr' id='par_1_46' title="bbox 770 4312 2342 4384">
     <span class='ocr_line' id='line_1_46' title="bbox 770 4312 2342 4384; baseline 0.006 -21"><span class='ocrx_word' id='word_1_318' title='bbox 770 4312 960 4364; x_wconf 81' lang='lat' dir='ltr'><strong>civitas</strong></span> <span class='ocrx_word' id='word_1_319' title='bbox 994 4312 1089 4364; x_wconf 91' lang='lat' dir='ltr'><strong>illa</strong></span> <span class='ocrx_word' id='word_1_320' title='bbox 1122 4329 1338 4380; x_wconf 88' lang='lat' dir='ltr'><strong>magna,</strong></span> <span class='ocrx_word' id='word_1_321' title='bbox 1371 4313 1427 4365; x_wconf 87' lang='lat' dir='ltr'><strong>in</strong></span> <span class='ocrx_word' id='word_1_322' title='bbox 1456 4330 1562 4381; x_wconf 84' lang='lat' dir='ltr'><strong>qua</strong></span> <span class='ocrx_word' id='word_1_323' title='bbox 1596 4314 1784 4367; x_wconf 72' lang='lat' dir='ltr'><strong>divites</strong></span> <span class='ocrx_word' id='word_1_324' title='bbox 1830 4316 1962 4384; x_wconf 79' lang='lat' dir='ltr'><strong>facti</strong></span> <span class='ocrx_word' id='word_1_325' title='bbox 1996 4328 2116 4370; x_wconf 87' lang='lat' dir='ltr'><strong>sunt</strong></span> <span class='ocrx_word' id='word_1_326' title='bbox 2167 4336 2342 4373; x_wconf 84' lang='lat' dir='ltr'><strong>omnes</strong></span> 
     </span>
    </p>
   </div>
   <div class='ocr_carea' id='block_1_47' title="bbox 768 4402 2339 4480">
    <p class='ocr_par' dir='ltr' id='par_1_47' title="bbox 768 4402 2339 4480">
     <span class='ocr_line' id='line_1_47' title="bbox 768 4402 2339 4480; baseline 0.007 -27"><span class='ocrx_word' id='word_1_327' title='bbox 768 4403 859 4470; x_wconf 82' lang='lat' dir='ltr'><strong>qui</strong></span> <span class='ocrx_word' id='word_1_328' title='bbox 886 4402 1141 4455; x_wconf 87' lang='lat' dir='ltr'><strong>habebant</strong></span> <span class='ocrx_word' id='word_1_329' title='bbox 1162 4420 1318 4456; x_wconf 83' lang='lat' dir='ltr'><strong>naves</strong></span> <span class='ocrx_word' id='word_1_330' title='bbox 1344 4405 1397 4456; x_wconf 86' lang='lat' dir='ltr'><strong>iu</strong></span> <span class='ocrx_word' id='word_1_331' title='bbox 1422 4406 1579 4469; x_wconf 84' lang='lat' dir='ltr'><strong>mari,</strong></span> <span class='ocrx_word' id='word_1_332' title='bbox 1605 4406 1669 4459; x_wconf 87' lang='lat' dir='ltr'><strong>de</strong></span> <span class='ocrx_word' id='word_1_333' title='bbox 1695 4408 1878 4475; x_wconf 86' lang='lat' dir='ltr'><strong>pretiis</strong></span> <span class='ocrx_word' id='word_1_334' title='bbox 1906 4408 2019 4471; x_wconf 84' lang='lat' dir='ltr'><strong>eius</strong></span> <span class='ocrx_word' id='word_1_335' title='bbox 2040 4423 2061 4472; x_wconf 89' lang='lat'><strong><em>;</em></strong></span> <span class='ocrx_word' id='word_1_336' title='bbox 2090 4413 2339 4480; x_wconf 85' lang='lat' dir='ltr'><strong>quoniam</strong></span> 
     </span>
    </p>
   </div>
   <div class='ocr_carea' id='block_1_48' title="bbox 768 4494 1439 4549">
    <p class='ocr_par' dir='ltr' id='par_1_48' title="bbox 768 4494 1439 4549">
     <span class='ocr_line' id='line_1_48' title="bbox 768 4494 1439 4549; baseline 0.007 -5"><span class='ocrx_word' id='word_1_337' title='bbox 768 4508 878 4545; x_wconf 86' lang='lat' dir='ltr'><strong>una</strong></span> <span class='ocrx_word' id='word_1_338' title='bbox 910 4494 1043 4547; x_wconf 86' lang='lat' dir='ltr'><strong>hora</strong></span> <span class='ocrx_word' id='word_1_339' title='bbox 1067 4494 1308 4548; x_wconf 85' lang='lat' dir='ltr'><strong>desolata</strong></span> <span class='ocrx_word' id='word_1_340' title='bbox 1340 4505 1439 4549; x_wconf 87' lang='lat' dir='ltr'><strong>est.</strong></span> 
     </span>
    </p>
   </div>
   <div class='ocr_carea' id='block_1_49' title="bbox 842 4694 2342 4773">
    <p class='ocr_par' dir='ltr' id='par_1_49' title="bbox 842 4694 2342 4773">
     <span class='ocr_line' id='line_1_49' title="bbox 842 4694 2342 4773; baseline 0.007 -26"><span class='ocrx_word' id='word_1_341' title='bbox 842 4694 955 4748; x_wconf 86' lang='lat' dir='ltr'><strong>Etsi</strong></span> <span class='ocrx_word' id='word_1_342' title='bbox 991 4710 1235 4763; x_wconf 57' lang='lat' dir='ltr'><strong>praisens</strong></span> <span class='ocrx_word' id='word_1_343' title='bbox 1270 4696 1378 4750; x_wconf 82' lang='lat' dir='ltr'><strong>vita</strong></span> <span class='ocrx_word' id='word_1_344' title='bbox 1412 4713 1558 4751; x_wconf 89' lang='lat' dir='ltr'><strong>mare</strong></span> <span class='ocrx_word' id='word_1_345' title='bbox 1616 4714 1712 4767; x_wconf 89' lang='lat' dir='ltr'><strong>per</strong></span> <span class='ocrx_word' id='word_1_346' title='bbox 1747 4703 2117 4768; x_wconf 85' lang='lat' dir='ltr'><strong>metaphoram</strong></span> <span class='ocrx_word' id='word_1_347' title='bbox 2155 4704 2342 4773; x_wconf 84' lang='lat' dir='ltr'><strong>appel-</strong></span> 
     </span>
    </p>
   </div>
   <div class='ocr_carea' id='block_1_50' title="bbox 770 4783 2340 4861">
    <p class='ocr_par' dir='ltr' id='par_1_50' title="bbox 770 4783 2340 4861">
     <span class='ocr_line' id='line_1_50' title="bbox 770 4783 2340 4861; baseline 0.008 -24"><span class='ocrx_word' id='word_1_348' title='bbox 770 4783 948 4848; x_wconf 88' lang='lat' dir='ltr'><strong>latur,</strong></span> <span class='ocrx_word' id='word_1_349' title='bbox 986 4797 1049 4839; x_wconf 88' lang='lat' dir='ltr'><strong>ut</strong></span> <span class='ocrx_word' id='word_1_350' title='bbox 1081 4803 1203 4855; x_wconf 67' lang='lat' dir='ltr'><strong>qua:</strong></span> <span class='ocrx_word' id='word_1_351' title='bbox 1237 4787 1490 4842; x_wconf 76' lang='lat' dir='ltr'><strong>[luctibus</strong></span> <span class='ocrx_word' id='word_1_352' title='bbox 1518 4800 1573 4843; x_wconf 93' lang='lat' dir='ltr'><strong>et</strong></span> <span class='ocrx_word' id='word_1_353' title='bbox 1603 4792 2015 4859; x_wconf 79' lang='lat' dir='ltr'><strong>tempestatibus</strong></span> <span class='ocrx_word' id='word_1_354' title='bbox 2038 4796 2110 4847; x_wconf 89' lang='lat' dir='ltr'><strong>sit</strong></span> <span class='ocrx_word' id='word_1_355' title='bbox 2148 4795 2340 4861; x_wconf 89' lang='lat' dir='ltr'><strong>plena;</strong></span> 
     </span>
    </p>
   </div>
   <div class='ocr_carea' id='block_1_51' title="bbox 768 4880 2343 4949">
    <p class='ocr_par' dir='ltr' id='par_1_51' title="bbox 768 4880 2343 4949">
     <span class='ocr_line' id='line_1_51' title="bbox 768 4880 2343 4949; baseline 0.007 -20"><span class='ocrx_word' id='word_1_356' title='bbox 768 4886 823 4929; x_wconf 88' lang='lat' dir='ltr'><strong>et</strong></span> <span class='ocrx_word' id='word_1_357' title='bbox 855 4887 1126 4945; x_wconf 87' lang='lat' dir='ltr'><strong>quotquot</strong></span> <span class='ocrx_word' id='word_1_358' title='bbox 1161 4880 1214 4931; x_wconf 91' lang='lat' dir='ltr'><strong>in</strong></span> <span class='ocrx_word' id='word_1_359' title='bbox 1248 4880 1367 4948; x_wconf 88' lang='lat' dir='ltr'><strong>ipsa</strong></span> <span class='ocrx_word' id='word_1_360' title='bbox 1402 4882 1773 4949; x_wconf 70' lang='lat' dir='ltr'><strong>negotiantur,</strong></span> <span class='ocrx_word' id='word_1_361' title='bbox 1807 4884 1957 4938; x_wconf 81' lang='lat' dir='ltr'><strong>curis</strong></span> <span class='ocrx_word' id='word_1_362' title='bbox 1986 4893 2038 4937; x_wconf 88' lang='lat' dir='ltr'><strong>et</strong></span> <span class='ocrx_word' id='word_1_363' title='bbox 2073 4886 2343 4939; x_wconf 85' lang='lat' dir='ltr'><strong>sollicitu-</strong></span> 
     </span>
    </p>
   </div>
   <div class='ocr_carea' id='block_1_52' title="bbox 768 4964 2342 5042">
    <p class='ocr_par' dir='ltr' id='par_1_52' title="bbox 768 4964 2342 5042">
     <span class='ocr_line' id='line_1_52' title="bbox 768 4964 2342 5042; baseline 0.008 -26"><span class='ocrx_word' id='word_1_364' title='bbox 768 4964 1015 5031; x_wconf 87' lang='lat' dir='ltr'><strong>dinibus,</strong></span> <span class='ocrx_word' id='word_1_365' title='bbox 1046 4981 1185 5035; x_wconf 87' lang='lat' dir='ltr'><strong>quas</strong></span> <span class='ocrx_word' id='word_1_366' title='bbox 1211 4967 1327 5036; x_wconf 87' lang='lat' dir='ltr'><strong>ipsa</strong></span> <span class='ocrx_word' id='word_1_367' title='bbox 1356 4968 1536 5038; x_wconf 81' lang='lat' dir='ltr'><strong>aIIert,</strong></span> <span class='ocrx_word' id='word_1_368' title='bbox 1571 4971 1716 5025; x_wconf 87' lang='lat' dir='ltr'><strong>haud</strong></span> <span class='ocrx_word' id='word_1_369' title='bbox 1749 4988 1908 5027; x_wconf 85' lang='lat' dir='ltr'><strong>secus</strong></span> <span class='ocrx_word' id='word_1_370' title='bbox 1937 4973 2047 5027; x_wconf 70' lang='grc' dir='ltr'>[ειέ</span> <span class='ocrx_word' id='word_1_371' title='bbox 2068 4974 2342 5042; x_wconf 79' lang='lat' dir='ltr'><strong>jactentur</strong></span> 
     </span>
    </p>
   </div>
   <div class='ocr_carea' id='block_1_53' title="bbox 769 5053 2343 5134">
    <p class='ocr_par' dir='ltr' id='par_1_53' title="bbox 769 5053 2343 5134">
     <span class='ocr_line' id='line_1_53' title="bbox 769 5053 2343 5134; baseline 0.008 -29"><span class='ocrx_word' id='word_1_372' title='bbox 769 5064 935 5122; x_wconf 77' lang='lat' dir='ltr'><strong>atque</strong></span> <span class='ocrx_word' id='word_1_373' title='bbox 984 5053 1186 5123; x_wconf 90' lang='lat' dir='ltr'><strong>pisces,</strong></span> <span class='ocrx_word' id='word_1_374' title='bbox 1235 5056 1326 5125; x_wconf 89' lang='lat' dir='ltr'><strong>qui</strong></span> <span class='ocrx_word' id='word_1_375' title='bbox 1368 5057 1421 5110; x_wconf 92' lang='lat' dir='ltr'><strong>in</strong></span> <span class='ocrx_word' id='word_1_376' title='bbox 1456 5060 1646 5128; x_wconf 81' lang='lat' dir='ltr'><strong>pelago</strong></span> <span class='ocrx_word' id='word_1_377' title='bbox 1699 5071 1971 5125; x_wconf 85' lang='lat' dir='ltr'><strong>natantes,</strong></span> <span class='ocrx_word' id='word_1_378' title='bbox 2027 5064 2186 5118; x_wconf 88' lang='lat' dir='ltr'><strong>umlis</strong></span> <span class='ocrx_word' id='word_1_379' title='bbox 2216 5080 2343 5134; x_wconf 88' lang='lat' dir='ltr'><strong>pro-</strong></span> 
     </span>
    </p>
   </div>
   <div class='ocr_carea' id='block_1_54' title="bbox 768 5145 2344 5215">
    <p class='ocr_par' dir='ltr' id='par_1_54' title="bbox 768 5145 2344 5215">
     <span class='ocr_line' id='line_1_54' title="bbox 768 5145 2344 5215; baseline 0.007 -17"><span class='ocrx_word' id='word_1_380' title='bbox 768 5145 1034 5215; x_wconf 86' lang='lat' dir='ltr'><strong>cellisque</strong></span> <span class='ocrx_word' id='word_1_381' title='bbox 1090 5148 1286 5214; x_wconf 86' lang='lat' dir='ltr'><strong>jactari</strong></span> <span class='ocrx_word' id='word_1_382' title='bbox 1344 5149 1560 5213; x_wconf 89' lang='lat' dir='ltr'><strong>solent,</strong></span> <span class='ocrx_word' id='word_1_383' title='bbox 1617 5161 1858 5209; x_wconf 86' lang='lat' dir='ltr'><strong>attamen</strong></span> <span class='ocrx_word' id='word_1_384' title='bbox 1892 5169 1997 5206; x_wconf 92' lang='lat' dir='ltr'><strong>non</strong></span> <span class='ocrx_word' id='word_1_385' title='bbox 2049 5163 2183 5207; x_wconf 81' lang='lat' dir='ltr'><strong>esta</strong></span> <span class='ocrx_word' id='word_1_386' title='bbox 2218 5171 2344 5209; x_wconf 83' lang='lat' dir='ltr'><strong>vero</strong></span> 
     </span>
    </p>
   </div>
   <div class='ocr_carea' id='block_1_55' title="bbox 770 5235 2345 5317">
    <p class='ocr_par' dir='ltr' id='par_1_55' title="bbox 770 5235 2345 5317">
     <span class='ocr_line' id='line_1_55' title="bbox 770 5235 2345 5317; baseline 0.01 -29"><span class='ocrx_word' id='word_1_387' title='bbox 770 5235 1029 5296; x_wconf 85' lang='lat' dir='ltr'><strong>alienum.</strong></span> <span class='ocrx_word' id='word_1_388' title='bbox 1087 5239 1382 5303; x_wconf 81' lang='lat' dir='ltr'><strong>civitatem,</strong></span> <span class='ocrx_word' id='word_1_389' title='bbox 1441 5257 1562 5307; x_wconf 75' lang='lat' dir='ltr'><strong>qnze</strong></span> <span class='ocrx_word' id='word_1_390' title='bbox 1611 5243 1801 5297; x_wconf 78' lang='lat' dir='ltr'><strong>istlnee</strong></span> <span class='ocrx_word' id='word_1_391' title='bbox 1851 5245 2195 5299; x_wconf 87' lang='lat' dir='ltr'><strong>incommoda</strong></span> <span class='ocrx_word' id='word_1_392' title='bbox 2234 5265 2345 5317; x_wconf 79' lang='lat' dir='ltr'><strong>pcr-</strong></span> 
     </span>
    </p>
   </div>
   <div class='ocr_carea' id='block_1_56' title="bbox 772 5330 2337 5402">
    <p class='ocr_par' dir='ltr' id='par_1_56' title="bbox 772 5330 2337 5402">
     <span class='ocr_line' id='line_1_56' title="bbox 772 5330 2337 5402; baseline 0.008 -21"><span class='ocrx_word' id='word_1_393' title='bbox 772 5343 993 5394; x_wconf 85' lang='lat' dir='ltr'><strong>pessura</strong></span> <span class='ocrx_word' id='word_1_394' title='bbox 1026 5330 1111 5383; x_wconf 90' lang='lat' dir='ltr'><strong>hic</strong></span> <span class='ocrx_word' id='word_1_395' title='bbox 1140 5331 1391 5393; x_wconf 85' lang='lat' dir='ltr'><strong>traditur,</strong></span> <span class='ocrx_word' id='word_1_396' title='bbox 1426 5336 1737 5402; x_wconf 84' lang='lat' dir='ltr'><strong>quampiam</strong></span> <span class='ocrx_word' id='word_1_397' title='bbox 1772 5352 1835 5390; x_wconf 77' lang='lat' dir='ltr'><strong>ex</strong></span> <span class='ocrx_word' id='word_1_398' title='bbox 1867 5353 2055 5390; x_wconf 76' lang='lat' dir='ltr'><strong>earum</strong></span> <span class='ocrx_word' id='word_1_399' title='bbox 2102 5356 2337 5395; x_wconf 81' lang='lat' dir='ltr'><strong>numero</strong></span> 
     </span>
    </p>
   </div>
   <div class='ocr_carea' id='block_1_57' title="bbox 769 5428 2341 5501">
    <p class='ocr_par' dir='ltr' id='par_1_57' title="bbox 769 5428 2341 5501">
     <span class='ocr_line' id='line_1_57' title="bbox 769 5428 2341 5501; baseline 0.012 -29"><span class='ocrx_word' id='word_1_400' title='bbox 769 5434 913 5483; x_wconf 78' lang='lat' dir='ltr'><strong>esse,</strong></span> <span class='ocrx_word' id='word_1_401' title='bbox 964 5437 1085 5490; x_wconf 73' lang='lat' dir='ltr'><strong>qua:</strong></span> <span class='ocrx_word' id='word_1_402' title='bbox 1130 5439 1257 5477; x_wconf 82' lang='lat' dir='ltr'><strong>vero</strong></span> <span class='ocrx_word' id='word_1_403' title='bbox 1290 5428 1425 5479; x_wconf 79' lang='lat' dir='ltr'><strong>mari</strong></span> <span class='ocrx_word' id='word_1_404' title='bbox 1474 5428 1753 5496; x_wconf 82' lang='lat' dir='ltr'><strong>adjacens,</strong></span> <span class='ocrx_word' id='word_1_405' title='bbox 1788 5447 1850 5484; x_wconf 85' lang='lat' dir='ltr'><strong>ea</strong></span> <span class='ocrx_word' id='word_1_406' title='bbox 1893 5450 2013 5501; x_wconf 79' lang='lat' dir='ltr'><strong>qua:</strong></span> <span class='ocrx_word' id='word_1_407' title='bbox 2049 5451 2196 5488; x_wconf 86' lang='lat' dir='ltr'><strong>mare</strong></span> <span class='ocrx_word' id='word_1_408' title='bbox 2230 5438 2341 5490; x_wconf 86' lang='lat' dir='ltr'><strong>sul-</strong></span> 
     </span>
    </p>
   </div>
   <div class='ocr_carea' id='block_1_58' title="bbox 771 5514 2340 5595">
    <p class='ocr_par' dir='ltr' id='par_1_58' title="bbox 771 5514 2340 5595">
     <span class='ocr_line' id='line_1_58' title="bbox 771 5514 2340 5595; baseline 0.012 -33"><span class='ocrx_word' id='word_1_409' title='bbox 771 5520 959 5563; x_wconf 81' lang='lat' dir='ltr'><strong>cantes</strong></span> <span class='ocrx_word' id='word_1_410' title='bbox 994 5514 1310 5580; x_wconf 71' lang='lat' dir='ltr'><strong>important,</strong></span> <span class='ocrx_word' id='word_1_411' title='bbox 1347 5518 1630 5587; x_wconf 85' lang='lat' dir='ltr'><strong>suscipere</strong></span> <span class='ocrx_word' id='word_1_412' title='bbox 1660 5531 1877 5576; x_wconf 86' lang='lat' dir='ltr'><strong>assueta</strong></span> <span class='ocrx_word' id='word_1_413' title='bbox 1910 5536 2029 5577; x_wconf 87' lang='lat' dir='ltr'><strong>erat</strong></span> <span class='ocrx_word' id='word_1_414' title='bbox 2056 5544 2068 5580; x_wconf 88' lang='lat'><strong>:</strong></span> <span class='ocrx_word' id='word_1_415' title='bbox 2099 5543 2219 5595; x_wconf 74' lang='lat' dir='ltr'><strong>qua:</strong></span> <span class='ocrx_word' id='word_1_416' title='bbox 2244 5544 2340 5581; x_wconf 88' lang='lat' dir='ltr'><strong>sua</strong></span> 
     </span>
    </p>
   </div>
   <div class='ocr_carea' id='block_1_59' title="bbox 773 5602 2342 5672">
    <p class='ocr_par' dir='ltr' id='par_1_59' title="bbox 773 5602 2342 5672">
     <span class='ocr_line' id='line_1_59' title="bbox 773 5602 2342 5672; baseline 0.012 -19"><span class='ocrx_word' id='word_1_417' title='bbox 773 5602 997 5668; x_wconf 86' lang='lat' dir='ltr'><strong>proinde</strong></span> <span class='ocrx_word' id='word_1_418' title='bbox 1016 5604 1312 5661; x_wconf 89' lang='lat' dir='ltr'><strong>solitudine</strong></span> <span class='ocrx_word' id='word_1_419' title='bbox 1329 5617 1384 5661; x_wconf 90' lang='lat' dir='ltr'><strong>et</strong></span> <span class='ocrx_word' id='word_1_420' title='bbox 1401 5611 1653 5662; x_wconf 76' lang='lat' dir='ltr'><strong>vastitate</strong></span> <span class='ocrx_word' id='word_1_421' title='bbox 1677 5613 1861 5666; x_wconf 85' lang='lat' dir='ltr'><strong>nautis</strong></span> <span class='ocrx_word' id='word_1_422' title='bbox 1874 5625 1926 5667; x_wconf 90' lang='lat' dir='ltr'><strong>et</strong></span> <span class='ocrx_word' id='word_1_423' title='bbox 1942 5620 2342 5672; x_wconf 86' lang='lat' dir='ltr'><strong>mercatoribus</strong></span> 
     </span>
    </p>
   </div>
   <div class='ocr_carea' id='block_1_60' title="bbox 774 5692 2347 5772">
    <p class='ocr_par' dir='ltr' id='par_1_60' title="bbox 774 5692 2347 5772">
     <span class='ocr_line' id='line_1_60' title="bbox 774 5692 2347 5772; baseline 0.013 -31"><span class='ocrx_word' id='word_1_424' title='bbox 774 5692 975 5760; x_wconf 79' lang='lat' dir='ltr'><strong>justam</strong></span> <span class='ocrx_word' id='word_1_425' title='bbox 1013 5694 1193 5749; x_wconf 80' lang='lat' dir='ltr'><strong>luctus</strong></span> <span class='ocrx_word' id='word_1_426' title='bbox 1244 5701 1531 5754; x_wconf 87' lang='lat' dir='ltr'><strong>materiam</strong></span> <span class='ocrx_word' id='word_1_427' title='bbox 1564 5703 1635 5756; x_wconf 85' lang='lat' dir='ltr'><strong>sit</strong></span> <span class='ocrx_word' id='word_1_428' title='bbox 1671 5707 1936 5771; x_wconf 89' lang='lat' dir='ltr'><strong>paritura.</strong></span> <span class='ocrx_word' id='word_1_429' title='bbox 1980 5706 2147 5772; x_wconf 82' lang='lat' dir='ltr'><strong>Idem,</strong></span> <span class='ocrx_word' id='word_1_430' title='bbox 2178 5710 2347 5763; x_wconf 87' lang='lat' dir='ltr'><strong>velint</strong></span> 
     </span>
    </p>
   </div>
   <div class='ocr_carea' id='block_1_61' title="bbox 777 5785 2342 5867">
    <p class='ocr_par' dir='ltr' id='par_1_61' title="bbox 777 5785 2342 5867">
     <span class='ocr_line' id='line_1_61' title="bbox 777 5785 2342 5867; baseline 0.01 -29"><span class='ocrx_word' id='word_1_431' title='bbox 777 5785 977 5852; x_wconf 84' lang='lat' dir='ltr'><strong>nolint,</strong></span> <span class='ocrx_word' id='word_1_432' title='bbox 1037 5788 1327 5843; x_wconf 79' lang='lat' dir='ltr'><strong>nntndanze</strong></span> <span class='ocrx_word' id='word_1_433' title='bbox 1378 5793 1539 5861; x_wconf 86' lang='lat' dir='ltr'><strong>hujus</strong></span> <span class='ocrx_word' id='word_1_434' title='bbox 1591 5794 1882 5867; x_wconf 68' lang='lat' dir='ltr'><strong>Babylonis</strong></span> <span class='ocrx_word' id='word_1_435' title='bbox 1912 5808 1965 5852; x_wconf 90' lang='lat' dir='ltr'><strong>et</strong></span> <span class='ocrx_word' id='word_1_436' title='bbox 2003 5798 2342 5854; x_wconf 72' lang='lat' dir='ltr'><strong>confusionis</strong></span> 
     </span>
    </p>
   </div>
   <div class='ocr_carea' id='block_1_62' title="bbox 2502 1115 3658 1185">
    <p class='ocr_par' dir='ltr' id='par_1_62' title="bbox 2502 1115 3658 1185">
     <span class='ocr_line' id='line_1_62' title="bbox 2502 1115 3658 1185; baseline -0.002 -13"><span class='ocrx_word' id='word_1_437' title='bbox 2502 1119 2610 1172; x_wconf 79' lang='lat' dir='ltr'><strong>Kal</strong></span> <span class='ocrx_word' id='word_1_438' title='bbox 2641 1120 2843 1173; x_wconf 75' lang='grc' dir='ltr'>ἵππων</span> <span class='ocrx_word' id='word_1_439' title='bbox 2874 1118 2968 1171; x_wconf 87' lang='lat' dir='ltr'><strong>zeal</strong></span> <span class='ocrx_word' id='word_1_440' title='bbox 2990 1118 3185 1185; x_wconf 80' lang='grc' dir='ltr'>ρέδων</span> <span class='ocrx_word' id='word_1_441' title='bbox 3210 1118 3309 1169; x_wconf 90' lang='lat' dir='ltr'><strong>zeal</strong></span> <span class='ocrx_word' id='word_1_442' title='bbox 3344 1115 3658 1185; x_wconf 83' lang='grc' dir='ltr'><strong>σωμάτων.</strong></span> 
     </span>
    </p>
   </div>
   <div class='ocr_carea' id='block_1_63' title="bbox 2504 1208 4013 1280">
    <p class='ocr_par' dir='ltr' id='par_1_63' title="bbox 2504 1208 4013 1280">
     <span class='ocr_line' id='line_1_63' title="bbox 2504 1208 4013 1280; baseline -0.003 -13"><span class='ocrx_word' id='word_1_443' title='bbox 2504 1213 2611 1267; x_wconf 86' lang='lat' dir='ltr'><strong>Kal</strong></span> <span class='ocrx_word' id='word_1_444' title='bbox 2647 1213 2847 1265; x_wconf 79' lang='grc' dir='ltr'>ἳππων</span> <span class='ocrx_word' id='word_1_445' title='bbox 2868 1212 2963 1264; x_wconf 86' lang='lat' dir='ltr'><strong>zeal</strong></span> <span class='ocrx_word' id='word_1_446' title='bbox 2987 1209 3183 1277; x_wconf 81' lang='grc' dir='ltr'>ρἐων</span> <span class='ocrx_word' id='word_1_447' title='bbox 3228 1209 3323 1263; x_wconf 84' lang='lat' dir='ltr'><strong>zeal</strong></span> <span class='ocrx_word' id='word_1_448' title='bbox 3364 1208 3674 1277; x_wconf 67' lang='lat' dir='ltr'><strong>conicitur,</strong></span> <span class='ocrx_word' id='word_1_449' title='bbox 3729 1209 3920 1279; x_wconf 66' lang='grc' dir='ltr'><strong>φησιν,</strong></span> <span class='ocrx_word' id='word_1_450' title='bbox 3976 1209 4013 1280; x_wconf 76' lang='grc' dir='ltr'>ἡ</span> 
     </span>
    </p>
   </div>
   <div class='ocr_carea' id='block_1_64' title="bbox 2435 1301 4015 1376">
    <p class='ocr_par' dir='ltr' id='par_1_64' title="bbox 2435 1301 4015 1376">
     <span class='ocr_line' id='line_1_64' title="bbox 2435 1301 4015 1376; baseline -0.002 -19"><span class='ocrx_word' id='word_1_451' title='bbox 2435 1306 2631 1376; x_wconf 76' lang='grc' dir='ltr'>χρῆσις</span> <span class='ocrx_word' id='word_1_452' title='bbox 2660 1306 2896 1373; x_wconf 82' lang='grc' dir='ltr'>περισσή</span> <span class='ocrx_word' id='word_1_453' title='bbox 2928 1320 2944 1335; x_wconf 82' lang='lat'><strong><em>°</em></strong></span> <span class='ocrx_word' id='word_1_454' title='bbox 2978 1304 3065 1357; x_wconf 80' lang='grc' dir='ltr'>διὰ</span> <span class='ocrx_word' id='word_1_455' title='bbox 3099 1302 3156 1355; x_wconf 80' lang='grc' dir='ltr'>δὲ</span> <span class='ocrx_word' id='word_1_456' title='bbox 3186 1301 3281 1357; x_wconf 76' lang='grc' dir='ltr'><strong>τοῦ</strong></span> <span class='ocrx_word' id='word_1_457' title='bbox 3323 1301 3519 1369; x_wconf 73' lang='grc' dir='ltr'>ρἐων</span> <span class='ocrx_word' id='word_1_458' title='bbox 3561 1301 3627 1354; x_wconf 72' lang='grc' dir='ltr'><strong>τὰ</strong></span> <span class='ocrx_word' id='word_1_459' title='bbox 3656 1302 3908 1369; x_wconf 80' lang='grc' dir='ltr'><strong>ὀχήματα</strong></span> <span class='ocrx_word' id='word_1_460' title='bbox 3935 1304 4015 1354; x_wconf 79' lang='lat' dir='ltr'><strong>el-</strong></span> 
     </span>
    </p>
   </div>
   <div class='ocr_carea' id='block_1_65' title="bbox 2444 1392 4018 1466">
    <p class='ocr_par' dir='ltr' id='par_1_65' title="bbox 2444 1392 4018 1466">
     <span class='ocr_line' id='line_1_65' title="bbox 2444 1392 4018 1466; baseline -0.004 -15"><span class='ocrx_word' id='word_1_461' title='bbox 2444 1399 2538 1459; x_wconf 65' lang='grc' dir='ltr'><strong>κδς</strong></span> <span class='ocrx_word' id='word_1_462' title='bbox 2567 1395 2929 1465; x_wconf 79' lang='grc' dir='ltr'><strong>σημαίνεσθαι</strong></span> <span class='ocrx_word' id='word_1_463' title='bbox 2959 1412 2974 1427; x_wconf 73' lang='grc' dir='ltr'>σ</span> <span class='ocrx_word' id='word_1_464' title='bbox 3014 1393 3359 1466; x_wconf 75' lang='grc' dir='ltr'>ῥεδιοὺμγὰρ</span> <span class='ocrx_word' id='word_1_465' title='bbox 3390 1394 3689 1461; x_wconf 75' lang='grc' dir='ltr'><strong>Ῥωμαῖστὶ</strong></span> <span class='ocrx_word' id='word_1_466' title='bbox 3712 1392 3771 1443; x_wconf 84' lang='grc' dir='ltr'>τὸ</span> <span class='ocrx_word' id='word_1_467' title='bbox 3818 1394 4018 1460; x_wconf 79' lang='grc' dir='ltr'>ὄχημα</span> 
     </span>
    </p>
   </div>
   <div class='ocr_carea' id='block_1_66' title="bbox 2442 1484 4012 1558">
    <p class='ocr_par' dir='ltr' id='par_1_66' title="bbox 2442 1484 4012 1558">
     <span class='ocr_line' id='line_1_66' title="bbox 2442 1484 4012 1558; baseline -0.003 -17"><span class='ocrx_word' id='word_1_468' title='bbox 2442 1486 2750 1558; x_wconf 74' lang='grc' dir='ltr'>[λέγεται</span> <span class='ocrx_word' id='word_1_469' title='bbox 2790 1486 2905 1554; x_wconf 79' lang='grc' dir='ltr'><strong>ἠδὲ</strong></span> <span class='ocrx_word' id='word_1_470' title='bbox 2952 1486 3145 1540; x_wconf 87' lang='grc' dir='ltr'>τούτου</span> <span class='ocrx_word' id='word_1_471' title='bbox 3205 1487 3404 1553; x_wconf 81' lang='grc' dir='ltr'><strong>γενικὴ</strong></span> <span class='ocrx_word' id='word_1_472' title='bbox 3452 1484 3562 1535; x_wconf 87' lang='grc' dir='ltr'>τῶν</span> <span class='ocrx_word' id='word_1_473' title='bbox 3609 1484 4012 1553; x_wconf 75' lang='grc' dir='ltr'><strong>πληθυντικῶν,</strong></span> 
     </span>
    </p>
   </div>
   <div class='ocr_carea' id='block_1_67' title="bbox 2442 1573 3868 1651">
    <p class='ocr_par' dir='ltr' id='par_1_67' title="bbox 2442 1573 3868 1651">
     <span class='ocr_line' id='line_1_67' title="bbox 2442 1573 3868 1651; baseline -0.002 -20"><span class='ocrx_word' id='word_1_474' title='bbox 2442 1579 2748 1651; x_wconf 79' lang='grc' dir='ltr'>ρεδιώρουμ</span> <span class='ocrx_word' id='word_1_475' title='bbox 2772 1595 2787 1609; x_wconf 80' lang='grc' dir='ltr'><strong>ο</strong></span> <span class='ocrx_word' id='word_1_476' title='bbox 2826 1578 2947 1648; x_wconf 74' lang='grc' dir='ltr'>ἣτις</span> <span class='ocrx_word' id='word_1_477' title='bbox 2972 1577 3115 1631; x_wconf 75' lang='grc' dir='ltr'>κατὰ</span> <span class='ocrx_word' id='word_1_478' title='bbox 3149 1575 3429 1645; x_wconf 80' lang='grc' dir='ltr'>συγκοπὴν</span> <span class='ocrx_word' id='word_1_479' title='bbox 3464 1573 3633 1643; x_wconf 78' lang='grc' dir='ltr'><strong>ρἐων</strong></span> <span class='ocrx_word' id='word_1_480' title='bbox 3657 1576 3868 1643; x_wconf 82' lang='grc' dir='ltr'><strong>γέγονε.</strong></span> 
     </span>
    </p>
   </div>
   <div class='ocr_carea' id='block_1_68' title="bbox 2511 1751 4018 1826">
    <p class='ocr_par' dir='ltr' id='par_1_68' title="bbox 2511 1751 4018 1826">
     <span class='ocr_line' id='line_1_68' title="bbox 2511 1751 4018 1826; baseline -0.003 -15"><span class='ocrx_word' id='word_1_481' title='bbox 2511 1758 2616 1816; x_wconf 80' lang='grc' dir='ltr'><strong>Καὶ</strong></span> <span class='ocrx_word' id='word_1_482' title='bbox 2650 1758 2856 1826; x_wconf 69' lang='grc' dir='ltr'>ψυχὰς</span> <span class='ocrx_word' id='word_1_483' title='bbox 2887 1755 3216 1823; x_wconf 81' lang='grc' dir='ltr'><strong>ἀνθρώπων</strong></span> <span class='ocrx_word' id='word_1_484' title='bbox 3251 1770 3265 1783; x_wconf 91' lang='grc'>·</span> <span class='ocrx_word' id='word_1_485' title='bbox 3308 1753 3405 1806; x_wconf 86' lang='lat' dir='ltr'><strong>zeal</strong></span> <span class='ocrx_word' id='word_1_486' title='bbox 3440 1754 3478 1821; x_wconf 77' lang='grc' dir='ltr'><em>ἡ</em></span> <span class='ocrx_word' id='word_1_487' title='bbox 3505 1752 3704 1821; x_wconf 79' lang='grc' dir='ltr'>ὀπώρα</span> <span class='ocrx_word' id='word_1_488' title='bbox 3742 1751 3855 1820; x_wconf 82' lang='grc' dir='ltr'>τῆς</span> <span class='ocrx_word' id='word_1_489' title='bbox 3885 1752 4018 1807; x_wconf 75' lang='grc' dir='ltr'>ἐπι-ι</span> 
     </span>
    </p>
   </div>
   <div class='ocr_carea' id='block_1_69' title="bbox 2441 1844 4019 1918">
    <p class='ocr_par' dir='ltr' id='par_1_69' title="bbox 2441 1844 4019 1918">
     <span class='ocr_line' id='line_1_69' title="bbox 2441 1844 4019 1918; baseline -0.004 -13"><span class='ocrx_word' id='word_1_490' title='bbox 2441 1851 2655 1918; x_wconf 81' lang='grc' dir='ltr'><strong>θυμίας</strong></span> <span class='ocrx_word' id='word_1_491' title='bbox 2676 1850 2786 1917; x_wconf 76' lang='grc' dir='ltr'>τῆς</span> <span class='ocrx_word' id='word_1_492' title='bbox 2814 1848 3021 1917; x_wconf 64' lang='grc' dir='ltr'>ψυχῆς</span> <span class='ocrx_word' id='word_1_493' title='bbox 3062 1864 3180 1903; x_wconf 82' lang='grc' dir='ltr'><strong>σου</strong></span> <span class='ocrx_word' id='word_1_494' title='bbox 3230 1846 3508 1913; x_wconf 77' lang='grc' dir='ltr'><strong>ἀπῆλθεν</strong></span> <span class='ocrx_word' id='word_1_495' title='bbox 3535 1845 3654 1900; x_wconf 77' lang='grc' dir='ltr'><strong>ἀπὸ</strong></span> <span class='ocrx_word' id='word_1_496' title='bbox 3703 1844 3820 1899; x_wconf 90' lang='grc' dir='ltr'>σοῦ</span> <span class='ocrx_word' id='word_1_497' title='bbox 3849 1861 3864 1875; x_wconf 80' lang='grc'><em>’</em></span> <span class='ocrx_word' id='word_1_498' title='bbox 3919 1846 4019 1899; x_wconf 90' lang='lat' dir='ltr'><strong>zeal</strong></span> 
     </span>
    </p>
   </div>
   <div class='ocr_carea' id='block_1_70' title="bbox 2442 1935 4015 2009">
    <p class='ocr_par' dir='ltr' id='par_1_70' title="bbox 2442 1935 4015 2009">
     <span class='ocr_line' id='line_1_70' title="bbox 2442 1935 4015 2009; baseline -0.004 -14"><span class='ocrx_word' id='word_1_499' title='bbox 2442 1940 2639 1995; x_wconf 81' lang='grc' dir='ltr'>πάντα</span> <span class='ocrx_word' id='word_1_500' title='bbox 2671 1944 2743 1995; x_wconf 86' lang='grc' dir='ltr'><strong>τὰ</strong></span> <span class='ocrx_word' id='word_1_501' title='bbox 2772 1942 2997 2008; x_wconf 81' lang='grc' dir='ltr'>λιπαρὰ</span> <span class='ocrx_word' id='word_1_502' title='bbox 3044 1938 3141 1992; x_wconf 87' lang='lat' dir='ltr'><strong>zeal</strong></span> <span class='ocrx_word' id='word_1_503' title='bbox 3172 1937 3289 2009; x_wconf 86' lang='grc' dir='ltr'><strong>[τὰ]</strong></span> <span class='ocrx_word' id='word_1_504' title='bbox 3308 1937 3552 2005; x_wconf 52' lang='grc' dir='ltr'>λαμπδιὰ</span> <span class='ocrx_word' id='word_1_505' title='bbox 3599 1935 3869 2006; x_wconf 74' lang='grc' dir='ltr'>ἁπῴχετο</span> <span class='ocrx_word' id='word_1_506' title='bbox 3896 1937 4015 1991; x_wconf 81' lang='grc' dir='ltr'><strong>ἀπὸ</strong></span> 
     </span>
    </p>
   </div>
   <div class='ocr_carea' id='block_1_71' title="bbox 2441 2027 3603 2098">
    <p class='ocr_par' dir='ltr' id='par_1_71' title="bbox 2441 2027 3603 2098">
     <span class='ocr_line' id='line_1_71' title="bbox 2441 2027 3603 2098; baseline -0.005 -12"><span class='ocrx_word' id='word_1_507' title='bbox 2441 2032 2556 2087; x_wconf 85' lang='grc' dir='ltr'>σοῦ</span> <span class='ocrx_word' id='word_1_508' title='bbox 2588 2048 2602 2063; x_wconf 76' lang='grc' dir='ltr'><strong>ο</strong></span> <span class='ocrx_word' id='word_1_509' title='bbox 2627 2033 2725 2084; x_wconf 83' lang='lat' dir='ltr'><strong>zeal</strong></span> <span class='ocrx_word' id='word_1_510' title='bbox 2758 2034 2868 2085; x_wconf 74' lang='grc' dir='ltr'>οὐκ</span> <span class='ocrx_word' id='word_1_511' title='bbox 2898 2031 2985 2084; x_wconf 80' lang='grc' dir='ltr'>ἔτι</span> <span class='ocrx_word' id='word_1_512' title='bbox 3012 2031 3086 2084; x_wconf 79' lang='lat' dir='ltr'><strong>ob</strong></span> <span class='ocrx_word' id='word_1_513' title='bbox 3108 2029 3193 2098; x_wconf 79' lang='grc' dir='ltr'>μὴ</span> <span class='ocrx_word' id='word_1_514' title='bbox 3228 2029 3409 2096; x_wconf 77' lang='grc' dir='ltr'>εὕρῃς</span> <span class='ocrx_word' id='word_1_515' title='bbox 3429 2027 3603 2081; x_wconf 83' lang='grc' dir='ltr'><strong>αὑτά.</strong></span> 
     </span>
    </p>
   </div>
   <div class='ocr_carea' id='block_1_72' title="bbox 2512 2117 4016 2190">
    <p class='ocr_par' dir='ltr' id='par_1_72' title="bbox 2512 2117 4016 2190">
     <span class='ocr_line' id='line_1_72' title="bbox 2512 2117 4016 2190; baseline -0.002 -15"><span class='ocrx_word' id='word_1_516' title='bbox 2512 2123 2618 2176; x_wconf 80' lang='lat' dir='ltr'><strong>Kal</strong></span> <span class='ocrx_word' id='word_1_517' title='bbox 2642 2122 2846 2190; x_wconf 60' lang='grc' dir='ltr'>ψυχὰς</span> <span class='ocrx_word' id='word_1_518' title='bbox 2870 2120 3215 2188; x_wconf 82' lang='grc' dir='ltr'><strong>ἀνθρώπων.</strong></span> <span class='ocrx_word' id='word_1_519' title='bbox 3252 2150 3320 2160; x_wconf 88' lang='grc'><strong><em>-</em></strong></span> <span class='ocrx_word' id='word_1_520' title='bbox 3349 2121 3485 2173; x_wconf 72' lang='grc' dir='ltr'><strong>Οὔτε</strong></span> <span class='ocrx_word' id='word_1_521' title='bbox 3512 2120 3687 2189; x_wconf 67' lang='grc' dir='ltr'>ψυχὰς</span> <span class='ocrx_word' id='word_1_522' title='bbox 3710 2117 4016 2188; x_wconf 78' lang='grc' dir='ltr'><strong>ἀνθρώπων</strong></span> 
     </span>
    </p>
   </div>
   <div class='ocr_carea' id='block_1_73' title="bbox 2441 2209 4018 2283">
    <p class='ocr_par' dir='ltr' id='par_1_73' title="bbox 2441 2209 4018 2283">
     <span class='ocr_line' id='line_1_73' title="bbox 2441 2209 4018 2283; baseline 0.001 -21"><span class='ocrx_word' id='word_1_523' title='bbox 2441 2211 2779 2283; x_wconf 77' lang='grc' dir='ltr'>ἐμπορεύσῃ,</span> <span class='ocrx_word' id='word_1_524' title='bbox 2844 2212 2997 2281; x_wconf 69' lang='grc' dir='ltr'><strong>φησὶ,</strong></span> <span class='ocrx_word' id='word_1_525' title='bbox 3041 2211 3136 2263; x_wconf 81' lang='grc' dir='ltr'><strong>τοῦ</strong></span> <span class='ocrx_word' id='word_1_526' title='bbox 3182 2210 3372 2263; x_wconf 79' lang='grc' dir='ltr'>λοιποῦ</span> <span class='ocrx_word' id='word_1_527' title='bbox 3429 2209 3837 2263; x_wconf 76' lang='grc' dir='ltr'>καταδουλοῦσα</span> <span class='ocrx_word' id='word_1_528' title='bbox 3888 2210 4018 2272; x_wconf 79' lang='grc' dir='ltr'>τοὺς</span> 
     </span>
    </p>
   </div>
   <div class='ocr_carea' id='block_1_74' title="bbox 2440 2301 4011 2373">
    <p class='ocr_par' dir='ltr' id='par_1_74' title="bbox 2440 2301 4011 2373">
     <span class='ocr_line' id='line_1_74' title="bbox 2440 2301 4011 2373; baseline 0.001 -20"><span class='ocrx_word' id='word_1_529' title='bbox 2440 2302 2757 2372; x_wconf 70' lang='grc' dir='ltr'>ἐλευθέρους</span> <span class='ocrx_word' id='word_1_530' title='bbox 2788 2319 2802 2333; x_wconf 89' lang='grc'><strong>·</strong></span> <span class='ocrx_word' id='word_1_531' title='bbox 2835 2303 2958 2356; x_wconf 68' lang='grc' dir='ltr'>οὔτε</span> <span class='ocrx_word' id='word_1_532' title='bbox 2991 2303 3100 2355; x_wconf 77' lang='grc' dir='ltr'>τῶν</span> <span class='ocrx_word' id='word_1_533' title='bbox 3136 2303 3305 2356; x_wconf 78' lang='grc' dir='ltr'>παλαι</span> <span class='ocrx_word' id='word_1_534' title='bbox 3339 2302 3587 2373; x_wconf 81' lang='grc' dir='ltr'><strong>λιπαρῶν</strong></span> <span class='ocrx_word' id='word_1_535' title='bbox 3612 2303 3705 2356; x_wconf 75' lang='grc' dir='ltr'><strong>καὶ</strong></span> <span class='ocrx_word' id='word_1_536' title='bbox 3734 2301 4011 2372; x_wconf 80' lang='grc' dir='ltr'><strong>λαμπρῶν</strong></span> 
     </span>
    </p>
   </div>
   <div class='ocr_carea' id='block_1_75' title="bbox 2440 2392 3065 2464">
    <p class='ocr_par' dir='ltr' id='par_1_75' title="bbox 2440 2392 3065 2464">
     <span class='ocr_line' id='line_1_75' title="bbox 2440 2392 3065 2464; baseline 0.008 -19"><span class='ocrx_word' id='word_1_537' title='bbox 2440 2392 2582 2458; x_wconf 74' lang='grc' dir='ltr'>ἔξεις</span> <span class='ocrx_word' id='word_1_538' title='bbox 2612 2395 2716 2464; x_wconf 81' lang='grc' dir='ltr'><strong>τὴν</strong></span> <span class='ocrx_word' id='word_1_539' title='bbox 2739 2394 3065 2450; x_wconf 71' lang='grc' dir='ltr'>ἀπόλαυσιν.</span> 
     </span>
    </p>
   </div>
   <div class='ocr_carea' id='block_1_76' title="bbox 2515 2567 4014 2635">
    <p class='ocr_par' dir='ltr' id='par_1_76' title="bbox 2515 2567 4014 2635">
     <span class='ocr_line' id='line_1_76' title="bbox 2515 2567 4014 2635; baseline 0.001 -16"><span class='ocrx_word' id='word_1_540' title='bbox 2515 2570 2580 2620; x_wconf 79' lang='grc'><em>01</em></span> <span class='ocrx_word' id='word_1_541' title='bbox 2601 2567 2845 2635; x_wconf 79' lang='grc' dir='ltr'>ἔμποροι</span> <span class='ocrx_word' id='word_1_542' title='bbox 2877 2569 3123 2634; x_wconf 82' lang='grc' dir='ltr'>τούτων,</span> <span class='ocrx_word' id='word_1_543' title='bbox 3174 2571 3228 2624; x_wconf 81' lang='grc' dir='ltr'>οἱ</span> <span class='ocrx_word' id='word_1_544' title='bbox 3260 2568 3720 2634; x_wconf 79' lang='grc' dir='ltr'>πλουτήσαντες</span> <span class='ocrx_word' id='word_1_545' title='bbox 3766 2567 3870 2621; x_wconf 77' lang='grc' dir='ltr'><strong>ἀπ’</strong></span> <span class='ocrx_word' id='word_1_546' title='bbox 3901 2570 4014 2621; x_wconf 73' lang='grc' dir='ltr'><strong>αἶ’·</strong></span> 
     </span>
    </p>
   </div>
   <div class='ocr_carea' id='block_1_77' title="bbox 2440 2659 4018 2729">
    <p class='ocr_par' dir='ltr' id='par_1_77' title="bbox 2440 2659 4018 2729">
     <span class='ocr_line' id='line_1_77' title="bbox 2440 2659 4018 2729; baseline 0 -17"><span class='ocrx_word' id='word_1_547' title='bbox 2440 2659 2572 2725; x_wconf 83' lang='grc' dir='ltr'>τῆς.</span> <span class='ocrx_word' id='word_1_548' title='bbox 2606 2660 2726 2713; x_wconf 77' lang='grc' dir='ltr'><strong>ἀπὸ</strong></span> <span class='ocrx_word' id='word_1_549' title='bbox 2760 2662 3061 2727; x_wconf 74' lang='grc' dir='ltr'><strong>μακρόθεν</strong></span> <span class='ocrx_word' id='word_1_550' title='bbox 3113 2660 3470 2726; x_wconf 78' lang='grc' dir='ltr'>στήσονται.</span> <span class='ocrx_word' id='word_1_551' title='bbox 3518 2660 3615 2714; x_wconf 79' lang='grc' dir='ltr'>διὰ</span> <span class='ocrx_word' id='word_1_552' title='bbox 3661 2661 3767 2713; x_wconf 70' lang='grc' dir='ltr'>τὸν</span> <span class='ocrx_word' id='word_1_553' title='bbox 3824 2662 4018 2729; x_wconf 71' lang='grc' dir='ltr'><em>φόϐον</em></span> 
     </span>
    </p>
   </div>
   <div class='ocr_carea' id='block_1_78' title="bbox 2443 2752 4020 2822">
    <p class='ocr_par' dir='ltr' id='par_1_78' title="bbox 2443 2752 4020 2822">
     <span class='ocr_line' id='line_1_78' title="bbox 2443 2752 4020 2822; baseline -0.001 -17"><span class='ocrx_word' id='word_1_554' title='bbox 2443 2752 2549 2805; x_wconf 84' lang='grc' dir='ltr'>τοῦ</span> <span class='ocrx_word' id='word_1_555' title='bbox 2567 2752 2961 2822; x_wconf 81' lang='grc' dir='ltr'>,ϐασανισμοῦ</span> <span class='ocrx_word' id='word_1_556' title='bbox 2992 2753 3204 2819; x_wconf 82' lang='grc' dir='ltr'><strong>αὐτῆς.</strong></span> <span class='ocrx_word' id='word_1_557' title='bbox 3235 2755 3555 2816; x_wconf 72' lang='grc' dir='ltr'><strong>κλαίοντες</strong></span> <span class='ocrx_word' id='word_1_558' title='bbox 3601 2754 3697 2805; x_wconf 77' lang='grc' dir='ltr'><strong>καί</strong></span> <span class='ocrx_word' id='word_1_559' title='bbox 3734 2753 4020 2805; x_wconf 76' lang='grc' dir='ltr'>πενθοῦν-</span> 
     </span>
    </p>
   </div>
   <div class='ocr_carea' id='block_1_79' title="bbox 2442 2843 4014 2912">
    <p class='ocr_par' dir='ltr' id='par_1_79' title="bbox 2442 2843 4014 2912">
     <span class='ocr_line' id='line_1_79' title="bbox 2442 2843 4014 2912; baseline 0.006 -18"><span class='ocrx_word' id='word_1_560' title='bbox 2442 2859 2560 2907; x_wconf 87' lang='grc' dir='ltr'>τες.</span> <span class='ocrx_word' id='word_1_561' title='bbox 2581 2844 2676 2895; x_wconf 84' lang='lat' dir='ltr'><strong>zeal</strong></span> <span class='ocrx_word' id='word_1_562' title='bbox 2704 2843 2987 2912; x_wconf 70' lang='grc' dir='ltr'>λέγοντες</span> <span class='ocrx_word' id='word_1_563' title='bbox 3006 2861 3020 2875; x_wconf 87' lang='grc'><strong>·</strong></span> <span class='ocrx_word' id='word_1_564' title='bbox 3040 2844 3207 2909; x_wconf 77' lang='grc' dir='ltr'><strong>Οὐαὶ,</strong></span> <span class='ocrx_word' id='word_1_565' title='bbox 3240 2844 3396 2907; x_wconf 78' lang='grc' dir='ltr'>οὐαὶ,</span> <span class='ocrx_word' id='word_1_566' title='bbox 3422 2844 3459 2911; x_wconf 77' lang='grc' dir='ltr'><strong><em>ἠ</em></strong></span> <span class='ocrx_word' id='word_1_567' title='bbox 3486 2845 3665 2907; x_wconf 87' lang='grc' dir='ltr'>πόλις</span> <span class='ocrx_word' id='word_1_568' title='bbox 3693 2843 3731 2907; x_wconf 76' lang='grc' dir='ltr'><strong><em>ἡ</em></strong></span> <span class='ocrx_word' id='word_1_569' title='bbox 3756 2843 4014 2911; x_wconf 76' lang='grc' dir='ltr'><strong>μεγάλη.</strong></span> 
     </span>
    </p>
   </div>
   <div class='ocr_carea' id='block_1_80' title="bbox 2443 2934 4017 3004">
    <p class='ocr_par' dir='ltr' id='par_1_80' title="bbox 2443 2934 4017 3004">
     <span class='ocr_line' id='line_1_80' title="bbox 2443 2934 4017 3004; baseline 0 -18"><span class='ocrx_word' id='word_1_570' title='bbox 2443 2935 2482 3001; x_wconf 79' lang='grc' dir='ltr'><strong><em>ἡ</em></strong></span> <span class='ocrx_word' id='word_1_571' title='bbox 2508 2934 2977 3004; x_wconf 77' lang='grc' dir='ltr'>περιϐεϐλημένη</span> <span class='ocrx_word' id='word_1_572' title='bbox 3003 2934 3255 2999; x_wconf 80' lang='grc' dir='ltr'>βύσσον</span> <span class='ocrx_word' id='word_1_573' title='bbox 3287 2935 3386 2987; x_wconf 88' lang='lat' dir='ltr'><strong>zeal</strong></span> <span class='ocrx_word' id='word_1_574' title='bbox 3413 2936 3729 3003; x_wconf 66' lang='grc' dir='ltr'>πορφύραν</span> <span class='ocrx_word' id='word_1_575' title='bbox 3756 2935 3852 2986; x_wconf 73' lang='grc' dir='ltr'><strong>καὶ</strong></span> <span class='ocrx_word' id='word_1_576' title='bbox 3875 2937 4017 2987; x_wconf 68' lang='grc' dir='ltr'>κόκ-</span> 
     </span>
    </p>
   </div>
   <div class='ocr_carea' id='block_1_81' title="bbox 2443 3025 4018 3096">
    <p class='ocr_par' dir='ltr' id='par_1_81' title="bbox 2443 3025 4018 3096">
     <span class='ocr_line' id='line_1_81' title="bbox 2443 3025 4018 3096; baseline -0.001 -17"><span class='ocrx_word' id='word_1_577' title='bbox 2443 3043 2634 3089; x_wconf 85' lang='grc' dir='ltr'>κινον,</span> <span class='ocrx_word' id='word_1_578' title='bbox 2669 3026 2766 3080; x_wconf 85' lang='lat' dir='ltr'><strong>zeal</strong></span> <span class='ocrx_word' id='word_1_579' title='bbox 2802 3026 3228 3095; x_wconf 77' lang='grc' dir='ltr'><strong>κεχρυσωμένη</strong></span> <span class='ocrx_word' id='word_1_580' title='bbox 3256 3026 3326 3080; x_wconf 79' lang='grc' dir='ltr'>ἐν</span> <span class='ocrx_word' id='word_1_581' title='bbox 3355 3025 3564 3096; x_wconf 82' lang='grc' dir='ltr'>χρυσῷ</span> <span class='ocrx_word' id='word_1_582' title='bbox 3607 3026 3705 3079; x_wconf 86' lang='lat' dir='ltr'><strong>zeal</strong></span> <span class='ocrx_word' id='word_1_583' title='bbox 3744 3027 3893 3091; x_wconf 83' lang='grc' dir='ltr'>λίθῳ</span> <span class='ocrx_word' id='word_1_584' title='bbox 3933 3043 4018 3079; x_wconf 86' lang='grc' dir='ltr'>τι-</span> 
     </span>
    </p>
   </div>
   <div class='ocr_carea' id='block_1_82' title="bbox 2368 3116 4019 3187">
    <p class='ocr_par' dir='ltr' id='par_1_82' title="bbox 2368 3116 4019 3187">
     <span class='ocr_line' id='line_1_82' title="bbox 2368 3116 4019 3187; baseline 0.001 -18"><span class='ocrx_word' id='word_1_585' title='bbox 2368 3129 2410 3186; x_wconf 80' lang='lat' dir='ltr'><strong>c</strong></span> <span class='ocrx_word' id='word_1_586' title='bbox 2439 3118 2555 3185; x_wconf 82' lang='grc' dir='ltr'><strong>μίῳ</strong></span> <span class='ocrx_word' id='word_1_587' title='bbox 2586 3117 2682 3169; x_wconf 83' lang='grc' dir='ltr'>καὶ</span> <span class='ocrx_word' id='word_1_588' title='bbox 2727 3118 3121 3187; x_wconf 74' lang='grc' dir='ltr'><strong>μαργαρίταις</strong></span> <span class='ocrx_word' id='word_1_589' title='bbox 3150 3132 3166 3152; x_wconf 84' lang='grc'>⁶</span> <span class='ocrx_word' id='word_1_590' title='bbox 3225 3118 3315 3171; x_wconf 87' lang='grc' dir='ltr'>ὅτι</span> <span class='ocrx_word' id='word_1_591' title='bbox 3348 3117 3457 3187; x_wconf 85' lang='grc' dir='ltr'><strong>μιᾷ</strong></span> <span class='ocrx_word' id='word_1_592' title='bbox 3502 3117 3621 3186; x_wconf 81' lang='grc' dir='ltr'><strong>ὥρᾳ</strong></span> <span class='ocrx_word' id='word_1_593' title='bbox 3982 3118 4019 3171; x_wconf 81' lang='grc' dir='ltr'><em>ό</em></span> 
     </span>
    </p>
   </div>
   <div class='ocr_carea' id='block_1_83' title="bbox 2441 3208 3047 3275">
    <p class='ocr_par' dir='ltr' id='par_1_83' title="bbox 2441 3208 3047 3275">
     <span class='ocr_line' id='line_1_83' title="bbox 2441 3208 3047 3275; baseline 0.005 -13"><span class='ocrx_word' id='word_1_594' title='bbox 2441 3209 2729 3274; x_wconf 82' lang='grc' dir='ltr'>τοσοῦτος</span> <span class='ocrx_word' id='word_1_595' title='bbox 2757 3208 3047 3275; x_wconf 75' lang='grc' dir='ltr'>πλοῦτος.</span> 
     </span>
    </p>
   </div>
   <div class='ocr_carea' id='block_1_84' title="bbox 2516 3323 4017 3393">
    <p class='ocr_par' dir='ltr' id='par_1_84' title="bbox 2516 3323 4017 3393">
     <span class='ocr_line' id='line_1_84' title="bbox 2516 3323 4017 3393; baseline 0.001 -18"><span class='ocrx_word' id='word_1_596' title='bbox 2516 3323 2681 3383; x_wconf 75' lang='grc' dir='ltr'><strong>οὐαὶ.</strong></span> <span class='ocrx_word' id='word_1_597' title='bbox 2722 3323 2878 3383; x_wconf 79' lang='grc' dir='ltr'>οὐαὶ,</span> <span class='ocrx_word' id='word_1_598' title='bbox 2924 3323 2962 3389; x_wconf 75' lang='grc' dir='ltr'><strong><em>ἡ</em></strong></span> <span class='ocrx_word' id='word_1_599' title='bbox 3010 3324 3189 3389; x_wconf 89' lang='grc' dir='ltr'>πόλις</span> <span class='ocrx_word' id='word_1_600' title='bbox 3230 3323 3269 3389; x_wconf 73' lang='grc' dir='ltr'><strong><em>ἡ</em></strong></span> <span class='ocrx_word' id='word_1_601' title='bbox 3301 3323 3556 3393; x_wconf 77' lang='grc' dir='ltr'>μεγάλη.</span> <span class='ocrx_word' id='word_1_602' title='bbox 3601 3354 3673 3368; x_wconf 77' lang='grc' dir='ltr'><strong>-σ-</strong></span> <span class='ocrx_word' id='word_1_603' title='bbox 3711 3324 3836 3377; x_wconf 83' lang='grc' dir='ltr'><strong>⁹Υπ⁹</strong></span> <span class='ocrx_word' id='word_1_604' title='bbox 3894 3324 4017 3392; x_wconf 57' lang='lat' dir='ltr'><strong>Mdv</strong></span> 
     </span>
    </p>
   </div>
   <div class='ocr_carea' id='block_1_85' title="bbox 2442 3415 4019 3488">
    <p class='ocr_par' dir='ltr' id='par_1_85' title="bbox 2442 3415 4019 3488">
     <span class='ocr_line' id='line_1_85' title="bbox 2442 3415 4019 3488; baseline 0 -18"><span class='ocrx_word' id='word_1_605' title='bbox 2442 3417 2566 3484; x_wconf 83' lang='grc' dir='ltr'>ἄγει</span> <span class='ocrx_word' id='word_1_606' title='bbox 2593 3416 2662 3468; x_wconf 73' lang='grc' dir='ltr'><strong>τὰ</strong></span> <span class='ocrx_word' id='word_1_607' title='bbox 2692 3417 2792 3485; x_wconf 78' lang='grc' dir='ltr'><strong>τῆς</strong></span> <span class='ocrx_word' id='word_1_608' title='bbox 2822 3415 3137 3478; x_wconf 76' lang='grc' dir='ltr'>Βαϐυλῶνος</span> <span class='ocrx_word' id='word_1_609' title='bbox 3184 3417 3389 3486; x_wconf 83' lang='grc' dir='ltr'><strong>ταύτης</strong></span> <span class='ocrx_word' id='word_1_610' title='bbox 3436 3418 3605 3488; x_wconf 75' lang='grc' dir='ltr'>πάθη.</span> <span class='ocrx_word' id='word_1_611' title='bbox 3658 3416 3746 3471; x_wconf 69' lang='grc' dir='ltr'>διὰ</span> <span class='ocrx_word' id='word_1_612' title='bbox 3789 3418 3899 3470; x_wconf 85' lang='grc' dir='ltr'>τῶν</span> <span class='ocrx_word' id='word_1_613' title='bbox 3931 3417 4019 3470; x_wconf 71' lang='grc' dir='ltr'>ἐπ’</span> 
     </span>
    </p>
   </div>
   <div class='ocr_carea' id='block_1_86' title="bbox 2442 3508 4013 3578">
    <p class='ocr_par' dir='ltr' id='par_1_86' title="bbox 2442 3508 4013 3578">
     <span class='ocr_line' id='line_1_86' title="bbox 2442 3508 4013 3578; baseline -0.001 -17"><span class='ocrx_word' id='word_1_614' title='bbox 2442 3508 2578 3577; x_wconf 80' lang='grc' dir='ltr'>αὐτῇ</span> <span class='ocrx_word' id='word_1_615' title='bbox 2602 3508 2814 3577; x_wconf 77' lang='grc' dir='ltr'>Θρήνων</span> <span class='ocrx_word' id='word_1_616' title='bbox 2837 3508 2897 3560; x_wconf 78' lang='grc' dir='ltr'><strong>τὸ</strong></span> <span class='ocrx_word' id='word_1_617' title='bbox 2922 3511 3021 3576; x_wconf 81' lang='grc' dir='ltr'><strong>τῆς</strong></span> <span class='ocrx_word' id='word_1_618' title='bbox 3078 3510 3363 3578; x_wconf 78' lang='grc' dir='ltr'>συμφορᾶς</span> <span class='ocrx_word' id='word_1_619' title='bbox 3390 3509 3709 3578; x_wconf 65' lang='grc' dir='ltr'>διαγράφων</span> <span class='ocrx_word' id='word_1_620' title='bbox 3741 3508 3974 3577; x_wconf 84' lang='grc' dir='ltr'>μέγεθος</span> <span class='ocrx_word' id='word_1_621' title='bbox 3999 3526 4013 3539; x_wconf 73' lang='grc' dir='ltr'><strong>ο</strong></span> 
     </span>
    </p>
   </div>
   <div class='ocr_carea' id='block_1_87' title="bbox 2443 3598 4015 3671">
    <p class='ocr_par' dir='ltr' id='par_1_87' title="bbox 2443 3598 4015 3671">
     <span class='ocr_line' id='line_1_87' title="bbox 2443 3598 4015 3671; baseline 0.001 -20"><span class='ocrx_word' id='word_1_622' title='bbox 2443 3599 2580 3668; x_wconf 81' lang='grc' dir='ltr'>ὅπερ</span> <span class='ocrx_word' id='word_1_623' title='bbox 2606 3600 2855 3652; x_wconf 81' lang='grc' dir='ltr'>πείσεται</span> <span class='ocrx_word' id='word_1_624' title='bbox 2887 3601 2918 3666; x_wconf 84' lang='grc' dir='ltr'>ἠ</span> <span class='ocrx_word' id='word_1_625' title='bbox 2941 3600 3003 3651; x_wconf 72' lang='grc' dir='ltr'><strong>τὸ</strong></span> <span class='ocrx_word' id='word_1_626' title='bbox 3030 3600 3160 3669; x_wconf 76' lang='grc' dir='ltr'>πρὶν</span> <span class='ocrx_word' id='word_1_627' title='bbox 3179 3599 3419 3669; x_wconf 79' lang='grc' dir='ltr'>αύχοῦσα</span> <span class='ocrx_word' id='word_1_628' title='bbox 3446 3600 3537 3655; x_wconf 69' lang='grc' dir='ltr'><strong>ἐπὶ</strong></span> <span class='ocrx_word' id='word_1_629' title='bbox 3564 3600 3827 3671; x_wconf 79' lang='grc' dir='ltr'>βασιλικῷ</span> <span class='ocrx_word' id='word_1_630' title='bbox 3849 3598 4015 3667; x_wconf 79' lang='grc' dir='ltr'><strong>ἀξιὼο</strong></span> 
     </span>
    </p>
   </div>
   <div class='ocr_carea' id='block_1_88' title="bbox 2450 3706 2600 3759">
    <p class='ocr_par' dir='ltr' id='par_1_88' title="bbox 2450 3706 2600 3759">
     <span class='ocr_line' id='line_1_88' title="bbox 2450 3706 2600 3759; baseline 0 -16"><span class='ocrx_word' id='word_1_631' title='bbox 2450 3706 2600 3759; x_wconf 87' lang='grc' dir='ltr'>ματι.</span> 
     </span>
    </p>
   </div>
   <div class='ocr_carea' id='block_1_89' title="bbox 2513 3778 4019 3853">
    <p class='ocr_par' dir='ltr' id='par_1_89' title="bbox 2513 3778 4019 3853">
     <span class='ocr_line' id='line_1_89' title="bbox 2513 3778 4019 3853; baseline 0 -20"><span class='ocrx_word' id='word_1_632' title='bbox 2513 3778 2624 3833; x_wconf 81' lang='lat' dir='ltr'><strong>Kal</strong></span> <span class='ocrx_word' id='word_1_633' title='bbox 2667 3779 2785 3845; x_wconf 80' lang='grc' dir='ltr'>πᾶς</span> <span class='ocrx_word' id='word_1_634' title='bbox 2817 3778 3209 3849; x_wconf 76' lang='grc' dir='ltr'>κυϐερνήτης,</span> <span class='ocrx_word' id='word_1_635' title='bbox 3272 3781 3371 3834; x_wconf 88' lang='lat' dir='ltr'><strong>zeal</strong></span> <span class='ocrx_word' id='word_1_636' title='bbox 3434 3780 3553 3845; x_wconf 81' lang='grc' dir='ltr'>πᾶς</span> <span class='ocrx_word' id='word_1_637' title='bbox 3604 3779 3684 3853; x_wconf 79' lang='grc' dir='ltr'><strong>[ό]</strong></span> <span class='ocrx_word' id='word_1_638' title='bbox 3742 3781 3838 3833; x_wconf 78' lang='grc' dir='ltr'><strong>ἐπὶ</strong></span> <span class='ocrx_word' id='word_1_639' title='bbox 3898 3779 4019 3834; x_wconf 84' lang='grc' dir='ltr'><strong>τῶν</strong></span> 
     </span>
    </p>
   </div>
   <div class='ocr_carea' id='block_1_90' title="bbox 2444 3871 4021 3939">
    <p class='ocr_par' dir='ltr' id='par_1_90' title="bbox 2444 3871 4021 3939">
     <span class='ocr_line' id='line_1_90' title="bbox 2444 3871 4021 3939; baseline 0.002 -17"><span class='ocrx_word' id='word_1_640' title='bbox 2444 3871 2673 3923; x_wconf 83' lang='grc' dir='ltr'>πλοίων</span> <span class='ocrx_word' id='word_1_641' title='bbox 2698 3872 2922 3935; x_wconf 78' lang='grc' dir='ltr'>πλέων,</span> <span class='ocrx_word' id='word_1_642' title='bbox 2938 3873 3035 3925; x_wconf 88' lang='lat' dir='ltr'><strong>zeal</strong></span> <span class='ocrx_word' id='word_1_643' title='bbox 3058 3872 3270 3927; x_wconf 81' lang='grc' dir='ltr'>ναῦται</span> <span class='ocrx_word' id='word_1_644' title='bbox 3290 3873 3387 3926; x_wconf 80' lang='lat' dir='ltr'><strong>zeal</strong></span> <span class='ocrx_word' id='word_1_645' title='bbox 3411 3872 3540 3926; x_wconf 79' lang='grc' dir='ltr'>ὅσοι</span> <span class='ocrx_word' id='word_1_646' title='bbox 3562 3873 3675 3939; x_wconf 80' lang='grc' dir='ltr'><strong>τὴν</strong></span> <span class='ocrx_word' id='word_1_647' title='bbox 3695 3873 4021 3928; x_wconf 77' lang='grc' dir='ltr'>θάλασσαν</span> 
     </span>
    </p>
   </div>
   <div class='ocr_carea' id='block_1_91' title="bbox 2443 3962 4016 4032">
    <p class='ocr_par' dir='ltr' id='par_1_91' title="bbox 2443 3962 4016 4032">
     <span class='ocr_line' id='line_1_91' title="bbox 2443 3962 4016 4032; baseline 0.001 -16"><span class='ocrx_word' id='word_1_648' title='bbox 2443 3963 2800 4032; x_wconf 79' lang='grc' dir='ltr'><strong>ἐργάζονται,</strong></span> <span class='ocrx_word' id='word_1_649' title='bbox 2847 3964 2965 4019; x_wconf 74' lang='grc' dir='ltr'><strong>ἀπὸ</strong></span> <span class='ocrx_word' id='word_1_650' title='bbox 3008 3967 3313 4032; x_wconf 77' lang='grc' dir='ltr'><strong>μακρόθεν</strong></span> <span class='ocrx_word' id='word_1_651' title='bbox 3364 3965 3690 4031; x_wconf 81' lang='grc' dir='ltr'><strong>ἑστηκότες</strong></span> <span class='ocrx_word' id='word_1_652' title='bbox 3744 3962 4016 4032; x_wconf 75' lang='grc' dir='ltr'>ἔκραζον,</span> 
     </span>
    </p>
   </div>
   <div class='ocr_carea' id='block_1_92' title="bbox 2439 4051 4016 4121">
    <p class='ocr_par' dir='ltr' id='par_1_92' title="bbox 2439 4051 4016 4121">
     <span class='ocr_line' id='line_1_92' title="bbox 2439 4051 4016 4121; baseline 0.004 -18"><span class='ocrx_word' id='word_1_653' title='bbox 2439 4052 2779 4115; x_wconf 78' lang='grc' dir='ltr'>βλέποντες</span> <span class='ocrx_word' id='word_1_654' title='bbox 2811 4051 2917 4103; x_wconf 83' lang='grc' dir='ltr'>τὸν</span> <span class='ocrx_word' id='word_1_655' title='bbox 2962 4051 3201 4105; x_wconf 83' lang='grc' dir='ltr'>καπνὸν</span> <span class='ocrx_word' id='word_1_656' title='bbox 3246 4051 3359 4119; x_wconf 76' lang='grc' dir='ltr'>τῆς</span> <span class='ocrx_word' id='word_1_657' title='bbox 3410 4052 3735 4121; x_wconf 82' lang='grc' dir='ltr'><strong>πυρώσεως</strong></span> <span class='ocrx_word' id='word_1_658' title='bbox 3776 4052 3971 4119; x_wconf 81' lang='grc' dir='ltr'>αὐτῆς</span> <span class='ocrx_word' id='word_1_659' title='bbox 4001 4095 4016 4116; x_wconf 85' lang='grc'><em>,</em></span> 
     </span>
    </p>
   </div>
   <div class='ocr_carea' id='block_1_93' title="bbox 2448 4141 4015 4211">
    <p class='ocr_par' dir='ltr' id='par_1_93' title="bbox 2448 4141 4015 4211">
     <span class='ocr_line' id='line_1_93' title="bbox 2448 4141 4015 4211; baseline 0.001 -17"><span class='ocrx_word' id='word_1_660' title='bbox 2448 4142 2571 4211; x_wconf 84' lang='lat' dir='ltr'><strong>[zeal</strong></span> <span class='ocrx_word' id='word_1_661' title='bbox 2595 4142 2812 4210; x_wconf 73' lang='grc' dir='ltr'>ἔλεγον</span> <span class='ocrx_word' id='word_1_662' title='bbox 2838 4157 2851 4172; x_wconf 92' lang='grc'><strong>·</strong></span> <span class='ocrx_word' id='word_1_663' title='bbox 2893 4143 2988 4207; x_wconf 87' lang='grc' dir='ltr'>Τίς</span> <span class='ocrx_word' id='word_1_664' title='bbox 3008 4143 3183 4211; x_wconf 81' lang='grc' dir='ltr'>ὁμοία</span> <span class='ocrx_word' id='word_1_665' title='bbox 3203 4141 3278 4209; x_wconf 80' lang='grc' dir='ltr'><strong>τῇ</strong></span> <span class='ocrx_word' id='word_1_666' title='bbox 3301 4143 3473 4195; x_wconf 82' lang='grc' dir='ltr'>πόλει</span> <span class='ocrx_word' id='word_1_667' title='bbox 3509 4142 3582 4209; x_wconf 79' lang='grc' dir='ltr'><strong>τῇ</strong></span> <span class='ocrx_word' id='word_1_668' title='bbox 3605 4145 3881 4211; x_wconf 55' lang='grc' dir='ltr'>μεγάλω</span> <span class='ocrx_word' id='word_1_669' title='bbox 3913 4146 4015 4198; x_wconf 89' lang='lat' dir='ltr'><strong>zeal</strong></span> 
     </span>
    </p>
   </div>
   <div class='ocr_carea' id='block_1_94' title="bbox 2444 4231 4018 4301">
    <p class='ocr_par' dir='ltr' id='par_1_94' title="bbox 2444 4231 4018 4301">
     <span class='ocr_line' id='line_1_94' title="bbox 2444 4231 4018 4301; baseline 0.001 -18"><span class='ocrx_word' id='word_1_670' title='bbox 2444 4231 2663 4283; x_wconf 76' lang='grc' dir='ltr'>ἔϐαλον</span> <span class='ocrx_word' id='word_1_671' title='bbox 2696 4231 2852 4301; x_wconf 82' lang='grc' dir='ltr'><strong>χοῦν</strong></span> <span class='ocrx_word' id='word_1_672' title='bbox 2881 4232 2981 4285; x_wconf 73' lang='grc' dir='ltr'><strong>ἐπὶ</strong></span> <span class='ocrx_word' id='word_1_673' title='bbox 3021 4234 3126 4297; x_wconf 83' lang='grc' dir='ltr'>τὰς</span> <span class='ocrx_word' id='word_1_674' title='bbox 3149 4235 3419 4301; x_wconf 62' lang='grc' dir='ltr'>κεφαλὰς</span> <span class='ocrx_word' id='word_1_675' title='bbox 3448 4232 3648 4286; x_wconf 84' lang='grc' dir='ltr'>αὐτῶν</span> <span class='ocrx_word' id='word_1_676' title='bbox 3671 4250 3685 4265; x_wconf 78' lang='grc' dir='ltr'><strong>ο</strong></span> <span class='ocrx_word' id='word_1_677' title='bbox 3720 4234 3819 4286; x_wconf 83' lang='lat' dir='ltr'><strong>zeal</strong></span> <span class='ocrx_word' id='word_1_678' title='bbox 3839 4234 4018 4299; x_wconf 74' lang='grc' dir='ltr'><strong>ἐκρα-</strong></span> 
     </span>
    </p>
   </div>
   <div class='ocr_carea' id='block_1_95' title="bbox 2445 4320 4015 4395">
    <p class='ocr_par' dir='ltr' id='par_1_95' title="bbox 2445 4320 4015 4395">
     <span class='ocr_line' id='line_1_95' title="bbox 2445 4320 4015 4395; baseline 0.003 -21"><span class='ocrx_word' id='word_1_679' title='bbox 2445 4320 2563 4385; x_wconf 79' lang='grc' dir='ltr'>ζον,</span> <span class='ocrx_word' id='word_1_680' title='bbox 2594 4325 2907 4389; x_wconf 74' lang='grc' dir='ltr'><strong>κλαίοντες</strong></span> <span class='ocrx_word' id='word_1_681' title='bbox 2964 4325 3062 4377; x_wconf 88' lang='lat' dir='ltr'><strong>zeal</strong></span> <span class='ocrx_word' id='word_1_682' title='bbox 3097 4325 3481 4389; x_wconf 80' lang='grc' dir='ltr'>πενθοῦντες,</span> <span class='ocrx_word' id='word_1_683' title='bbox 3537 4322 3657 4393; x_wconf 76' lang='lat' dir='ltr'><strong>zeal]</strong></span> <span class='ocrx_word' id='word_1_684' title='bbox 3688 4324 3975 4395; x_wconf 74' lang='grc' dir='ltr'>λέγοντες</span> <span class='ocrx_word' id='word_1_685' title='bbox 4000 4342 4015 4356; x_wconf 90' lang='grc'><strong>·</strong></span> 
     </span>
    </p>
   </div>
   <div class='ocr_carea' id='block_1_96' title="bbox 2448 4411 4022 4486">
    <p class='ocr_par' dir='ltr' id='par_1_96' title="bbox 2448 4411 4022 4486">
     <span class='ocr_line' id='line_1_96' title="bbox 2448 4411 4022 4486; baseline 0.004 -22"><span class='ocrx_word' id='word_1_686' title='bbox 2448 4412 2615 4476; x_wconf 76' lang='grc' dir='ltr'><strong>Οὐαὶ,</strong></span> <span class='ocrx_word' id='word_1_687' title='bbox 2643 4413 2800 4479; x_wconf 78' lang='grc' dir='ltr'><strong>οὐαὶ,</strong></span> <span class='ocrx_word' id='word_1_688' title='bbox 2825 4416 2862 4481; x_wconf 76' lang='grc' dir='ltr'>η</span> <span class='ocrx_word' id='word_1_689' title='bbox 2894 4416 3072 4480; x_wconf 83' lang='grc' dir='ltr'>πόλις</span> <span class='ocrx_word' id='word_1_690' title='bbox 3100 4416 3138 4481; x_wconf 78' lang='grc' dir='ltr'>ἡ</span> <span class='ocrx_word' id='word_1_691' title='bbox 3156 4416 3387 4485; x_wconf 76' lang='grc' dir='ltr'>μεγάλη</span> <span class='ocrx_word' id='word_1_692' title='bbox 3410 4431 3424 4444; x_wconf 74' lang='grc'><strong><em>⁸</em></strong></span> <span class='ocrx_word' id='word_1_693' title='bbox 3456 4417 3527 4468; x_wconf 85' lang='grc' dir='ltr'>ἐν</span> <span class='ocrx_word' id='word_1_694' title='bbox 3554 4411 3593 4486; x_wconf 79' lang='grc' dir='ltr'><strong><em>ᾖ</em></strong></span> <span class='ocrx_word' id='word_1_695' title='bbox 3625 4417 4022 4484; x_wconf 81' lang='grc' dir='ltr'>ἐπλούτησαν</span> 
     </span>
    </p>
   </div>
   <div class='ocr_carea' id='block_1_97' title="bbox 2367 4489 4018 4578">
    <p class='ocr_par' dir='ltr' id='par_1_97' title="bbox 2367 4489 4018 4578">
     <span class='ocr_line' id='line_1_97' title="bbox 2367 4489 4018 4578; baseline 0.004 -22"><span class='ocrx_word' id='word_1_696' title='bbox 2367 4489 2420 4549; x_wconf 83' lang='lat' dir='ltr'><strong>D</strong></span> <span class='ocrx_word' id='word_1_697' title='bbox 2446 4504 2669 4570; x_wconf 85' lang='grc' dir='ltr'>πάντες</span> <span class='ocrx_word' id='word_1_698' title='bbox 2698 4508 2753 4558; x_wconf 81' lang='grc' dir='ltr'>οι</span> <span class='ocrx_word' id='word_1_699' title='bbox 2780 4506 3025 4573; x_wconf 80' lang='grc' dir='ltr'>ἔχοντες</span> <span class='ocrx_word' id='word_1_700' title='bbox 3051 4507 3233 4561; x_wconf 80' lang='grc' dir='ltr'>πλοῖα</span> <span class='ocrx_word' id='word_1_701' title='bbox 3266 4508 3336 4558; x_wconf 76' lang='grc' dir='ltr'>ἐν</span> <span class='ocrx_word' id='word_1_702' title='bbox 3372 4507 3446 4574; x_wconf 81' lang='grc' dir='ltr'><strong>τῇ</strong></span> <span class='ocrx_word' id='word_1_703' title='bbox 3470 4508 3775 4575; x_wconf 82' lang='grc' dir='ltr'><strong>θαλάσσῃ.</strong></span> <span class='ocrx_word' id='word_1_704' title='bbox 3810 4510 3881 4561; x_wconf 84' lang='grc' dir='ltr'>ἐκ</span> <span class='ocrx_word' id='word_1_705' title='bbox 3904 4507 4018 4578; x_wconf 84' lang='grc' dir='ltr'>τῆς</span> 
     </span>
    </p>
   </div>
   <div class='ocr_carea' id='block_1_98' title="bbox 2440 4595 3907 4671">
    <p class='ocr_par' dir='ltr' id='par_1_98' title="bbox 2440 4595 3907 4671">
     <span class='ocr_line' id='line_1_98' title="bbox 2440 4595 3907 4671; baseline 0.005 -24"><span class='ocrx_word' id='word_1_706' title='bbox 2440 4597 2779 4663; x_wconf 81' lang='grc' dir='ltr'>τιμιότητος</span> <span class='ocrx_word' id='word_1_707' title='bbox 2802 4595 2993 4664; x_wconf 82' lang='grc' dir='ltr'>αὐτῆς</span> <span class='ocrx_word' id='word_1_708' title='bbox 3022 4614 3037 4628; x_wconf 86' lang='grc'><strong>·</strong></span> <span class='ocrx_word' id='word_1_709' title='bbox 3079 4598 3169 4650; x_wconf 84' lang='grc' dir='ltr'>ὅτι</span> <span class='ocrx_word' id='word_1_710' title='bbox 3193 4596 3305 4671; x_wconf 78' lang='grc' dir='ltr'><strong>[ἐν]</strong></span> <span class='ocrx_word' id='word_1_711' title='bbox 3332 4598 3439 4667; x_wconf 80' lang='grc' dir='ltr'><strong>μιᾷ</strong></span> <span class='ocrx_word' id='word_1_712' title='bbox 3459 4598 3578 4667; x_wconf 76' lang='grc' dir='ltr'><strong>ὥρᾳ</strong></span> <span class='ocrx_word' id='word_1_713' title='bbox 3605 4599 3907 4668; x_wconf 84' lang='grc' dir='ltr'>ἠρημώθη.</span> 
     </span>
    </p>
   </div>
   <div class='ocr_carea' id='block_1_99' title="bbox 2503 4710 4019 4779">
    <p class='ocr_par' dir='ltr' id='par_1_99' title="bbox 2503 4710 4019 4779">
     <span class='ocr_line' id='line_1_99' title="bbox 2503 4710 4019 4779; baseline 0.005 -20"><span class='ocrx_word' id='word_1_714' title='bbox 2503 4710 2569 4762; x_wconf 87' lang='lat' dir='ltr'><strong>Ol</strong></span> <span class='ocrx_word' id='word_1_715' title='bbox 2602 4710 2846 4778; x_wconf 72' lang='grc' dir='ltr'>ἔχοντες</span> <span class='ocrx_word' id='word_1_716' title='bbox 2892 4710 3075 4763; x_wconf 82' lang='grc' dir='ltr'>πλοῖα</span> <span class='ocrx_word' id='word_1_717' title='bbox 3132 4711 3202 4763; x_wconf 82' lang='grc' dir='ltr'>ἐν</span> <span class='ocrx_word' id='word_1_718' title='bbox 3266 4710 3340 4779; x_wconf 68' lang='grc' dir='ltr'><strong>τῇ</strong></span> <span class='ocrx_word' id='word_1_719' title='bbox 3374 4711 3683 4779; x_wconf 81' lang='grc' dir='ltr'>θαλάσσῃ.</span> <span class='ocrx_word' id='word_1_720' title='bbox 3723 4741 3792 4751; x_wconf 92' lang='lat'><strong>—</strong></span> <span class='ocrx_word' id='word_1_721' title='bbox 3825 4713 3887 4765; x_wconf 83' lang='grc' dir='ltr'><strong>Εἰ</strong></span> <span class='ocrx_word' id='word_1_722' title='bbox 3921 4714 4019 4767; x_wconf 79' lang='grc' dir='ltr'><strong>καὶ</strong></span> 
     </span>
    </p>
   </div>
   <div class='ocr_carea' id='block_1_100' title="bbox 2439 4800 4015 4873">
    <p class='ocr_par' dir='ltr' id='par_1_100' title="bbox 2439 4800 4015 4873">
     <span class='ocr_line' id='line_1_100' title="bbox 2439 4800 4015 4873; baseline 0.001 -17"><span class='ocrx_word' id='word_1_723' title='bbox 2439 4800 2725 4856; x_wconf 81' lang='grc' dir='ltr'>θάλασσα</span> <span class='ocrx_word' id='word_1_724' title='bbox 2763 4802 3039 4872; x_wconf 85' lang='grc' dir='ltr'>τροπικῶς</span> <span class='ocrx_word' id='word_1_725' title='bbox 3083 4805 3111 4855; x_wconf 84' lang='grc' dir='ltr'>ὁ</span> <span class='ocrx_word' id='word_1_726' title='bbox 3160 4803 3353 4873; x_wconf 89' lang='grc' dir='ltr'>παρὼν</span> <span class='ocrx_word' id='word_1_727' title='bbox 3388 4803 3501 4873; x_wconf 84' lang='grc' dir='ltr'>βίος</span> <span class='ocrx_word' id='word_1_728' title='bbox 3550 4804 3627 4866; x_wconf 84' lang='grc' dir='ltr'>ὡς</span> <span class='ocrx_word' id='word_1_729' title='bbox 3682 4803 4015 4873; x_wconf 72' lang='grc' dir='ltr'>πολυκύμων</span> 
     </span>
    </p>
   </div>
   <div class='ocr_carea' id='block_1_101' title="bbox 2440 4893 4015 4964">
    <p class='ocr_par' dir='ltr' id='par_1_101' title="bbox 2440 4893 4015 4964">
     <span class='ocr_line' id='line_1_101' title="bbox 2440 4893 4015 4964; baseline 0.002 -20"><span class='ocrx_word' id='word_1_730' title='bbox 2440 4893 2657 4962; x_wconf 73' lang='grc' dir='ltr'>εἴρηται</span> <span class='ocrx_word' id='word_1_731' title='bbox 2689 4930 2705 4955; x_wconf 86' lang='lat'><strong>,</strong></span> <span class='ocrx_word' id='word_1_732' title='bbox 2736 4894 2830 4946; x_wconf 79' lang='grc' dir='ltr'>καὶ</span> <span class='ocrx_word' id='word_1_733' title='bbox 2860 4895 2907 4948; x_wconf 86' lang='grc' dir='ltr'>οἱ</span> <span class='ocrx_word' id='word_1_734' title='bbox 2944 4895 3003 4946; x_wconf 83' lang='grc' dir='ltr'><strong>ὲν</strong></span> <span class='ocrx_word' id='word_1_735' title='bbox 3041 4894 3178 4964; x_wconf 78' lang='grc' dir='ltr'>αὐτῇ</span> <span class='ocrx_word' id='word_1_736' title='bbox 3215 4896 3672 4964; x_wconf 74' lang='grc' dir='ltr'>ἐμπορευόμενοι,</span> <span class='ocrx_word' id='word_1_737' title='bbox 3698 4898 3746 4948; x_wconf 84' lang='grc' dir='ltr'>οἱ</span> <span class='ocrx_word' id='word_1_738' title='bbox 3774 4895 3854 4964; x_wconf 82' lang='grc' dir='ltr'><strong>τῷ</strong></span> <span class='ocrx_word' id='word_1_739' title='bbox 3885 4896 4015 4964; x_wconf 83' lang='grc' dir='ltr'><strong>βιω-</strong></span> 
     </span>
    </p>
   </div>
   <div class='ocr_carea' id='block_1_102' title="bbox 2442 4983 4017 5055">
    <p class='ocr_par' dir='ltr' id='par_1_102' title="bbox 2442 4983 4017 5055">
     <span class='ocr_line' id='line_1_102' title="bbox 2442 4983 4017 5055; baseline 0.003 -20"><span class='ocrx_word' id='word_1_740' title='bbox 2442 4983 2578 5053; x_wconf 81' lang='grc' dir='ltr'>τικῷ</span> <span class='ocrx_word' id='word_1_741' title='bbox 2607 4984 2681 5045; x_wconf 83' lang='grc' dir='ltr'>ὡς</span> <span class='ocrx_word' id='word_1_742' title='bbox 2720 4985 2898 5054; x_wconf 77' lang='grc' dir='ltr'>ἰχθύες</span> <span class='ocrx_word' id='word_1_743' title='bbox 2930 4987 3217 5055; x_wconf 74' lang='grc' dir='ltr'>νηχόμενοι</span> <span class='ocrx_word' id='word_1_744' title='bbox 3249 4986 3480 5040; x_wconf 79' lang='grc' dir='ltr'>κλύδωνι</span> <span class='ocrx_word' id='word_1_745' title='bbox 3512 5005 3524 5018; x_wconf 92' lang='grc'><strong>·</strong></span> <span class='ocrx_word' id='word_1_746' title='bbox 3564 4986 3682 5039; x_wconf 79' lang='grc' dir='ltr'>ἀλλ’</span> <span class='ocrx_word' id='word_1_747' title='bbox 3722 4989 3868 5050; x_wconf 82' lang='grc' dir='ltr'>εἰκὸς</span> <span class='ocrx_word' id='word_1_748' title='bbox 3920 4988 4017 5041; x_wconf 80' lang='grc' dir='ltr'>καὶ</span> 
     </span>
    </p>
   </div>
   <div class='ocr_carea' id='block_1_103' title="bbox 2441 5074 4015 5148">
    <p class='ocr_par' dir='ltr' id='par_1_103' title="bbox 2441 5074 4015 5148">
     <span class='ocr_line' id='line_1_103' title="bbox 2441 5074 4015 5148; baseline 0.001 -21"><span class='ocrx_word' id='word_1_749' title='bbox 2441 5075 2538 5144; x_wconf 83' lang='grc' dir='ltr'><strong>τὴν</strong></span> <span class='ocrx_word' id='word_1_750' title='bbox 2563 5074 2735 5128; x_wconf 83' lang='grc' dir='ltr'>ταῦτα</span> <span class='ocrx_word' id='word_1_751' title='bbox 2773 5076 3087 5145; x_wconf 77' lang='grc' dir='ltr'>πάσχουσαν</span> <span class='ocrx_word' id='word_1_752' title='bbox 3117 5076 3293 5140; x_wconf 79' lang='grc' dir='ltr'>πόλιν,</span> <span class='ocrx_word' id='word_1_753' title='bbox 3324 5076 3556 5146; x_wconf 77' lang='grc' dir='ltr'><strong>αἰσθητῇ</strong></span> <span class='ocrx_word' id='word_1_754' title='bbox 3585 5076 3830 5148; x_wconf 73' lang='grc' dir='ltr'>θαλάσσῃ</span> <span class='ocrx_word' id='word_1_755' title='bbox 3865 5094 4015 5144; x_wconf 83' lang='grc' dir='ltr'>γειτ-</span> 
     </span>
    </p>
   </div>
   <div class='ocr_carea' id='block_1_104' title="bbox 2442 5166 4015 5239">
    <p class='ocr_par' dir='ltr' id='par_1_104' title="bbox 2442 5166 4015 5239">
     <span class='ocr_line' id='line_1_104' title="bbox 2442 5166 4015 5239; baseline 0.004 -22"><span class='ocrx_word' id='word_1_756' title='bbox 2442 5168 2663 5230; x_wconf 84' lang='grc' dir='ltr'>νιῶσαν,</span> <span class='ocrx_word' id='word_1_757' title='bbox 2697 5166 2835 5238; x_wconf 76' lang='grc' dir='ltr'>[καὶ]</span> <span class='ocrx_word' id='word_1_758' title='bbox 2871 5169 2937 5220; x_wconf 69' lang='grc' dir='ltr'><strong>τὰ</strong></span> <span class='ocrx_word' id='word_1_759' title='bbox 2963 5168 3115 5236; x_wconf 71' lang='grc' dir='ltr'>παρὰ</span> <span class='ocrx_word' id='word_1_760' title='bbox 3148 5170 3256 5220; x_wconf 76' lang='grc' dir='ltr'>τῶν</span> <span class='ocrx_word' id='word_1_761' title='bbox 3277 5170 3350 5230; x_wconf 66' lang='grc' dir='ltr'><strong>,ὲν</strong></span> <span class='ocrx_word' id='word_1_762' title='bbox 3391 5169 3529 5239; x_wconf 78' lang='grc' dir='ltr'><strong>αὐτῇ</strong></span> <span class='ocrx_word' id='word_1_763' title='bbox 3562 5169 3836 5222; x_wconf 73' lang='grc' dir='ltr'>πλεόντων</span> <span class='ocrx_word' id='word_1_764' title='bbox 3862 5170 4015 5238; x_wconf 79' lang='grc' dir='ltr'>δεχο-</span> 
     </span>
    </p>
   </div>
   <div class='ocr_carea' id='block_1_105' title="bbox 2450 5257 4017 5330">
    <p class='ocr_par' dir='ltr' id='par_1_105' title="bbox 2450 5257 4017 5330">
     <span class='ocr_line' id='line_1_105' title="bbox 2450 5257 4017 5330; baseline 0.004 -21"><span class='ocrx_word' id='word_1_765' title='bbox 2450 5257 2638 5325; x_wconf 81' lang='grc' dir='ltr'><strong>μένην,</strong></span> <span class='ocrx_word' id='word_1_766' title='bbox 2670 5258 2899 5319; x_wconf 78' lang='grc' dir='ltr'>πένθους</span> <span class='ocrx_word' id='word_1_767' title='bbox 2933 5259 3142 5319; x_wconf 78' lang='grc' dir='ltr'>τούτοις</span> <span class='ocrx_word' id='word_1_768' title='bbox 3180 5258 3268 5310; x_wconf 84' lang='grc' dir='ltr'><strong>διὰ</strong></span> <span class='ocrx_word' id='word_1_769' title='bbox 3296 5260 3394 5328; x_wconf 81' lang='grc' dir='ltr'>τῆς</span> <span class='ocrx_word' id='word_1_770' title='bbox 3421 5261 3631 5321; x_wconf 78' lang='grc' dir='ltr'>οἰκείας</span> <span class='ocrx_word' id='word_1_771' title='bbox 3682 5260 4017 5330; x_wconf 81' lang='grc' dir='ltr'>ἐρημώσεως</span> 
     </span>
    </p>
   </div>
   <div class='ocr_carea' id='block_1_106' title="bbox 2454 5348 4020 5418">
    <p class='ocr_par' dir='ltr' id='par_1_106' title="bbox 2454 5348 4020 5418">
     <span class='ocr_line' id='line_1_106' title="bbox 2454 5348 4020 5418; baseline 0.003 -19"><span class='ocrx_word' id='word_1_772' title='bbox 2454 5348 2707 5399; x_wconf 71' lang='grc' dir='ltr'>ὑπόθεσιν</span> <span class='ocrx_word' id='word_1_773' title='bbox 2738 5348 2974 5401; x_wconf 76' lang='grc' dir='ltr'>ἔσεσθαι.</span> <span class='ocrx_word' id='word_1_774' title='bbox 3002 5350 3208 5400; x_wconf 82' lang='grc' dir='ltr'>Ὶάυτὸν</span> <span class='ocrx_word' id='word_1_775' title='bbox 3230 5349 3287 5401; x_wconf 82' lang='grc' dir='ltr'>δὲ</span> <span class='ocrx_word' id='word_1_776' title='bbox 3324 5350 3515 5402; x_wconf 83' lang='grc' dir='ltr'>παθεῖν</span> <span class='ocrx_word' id='word_1_777' title='bbox 3562 5350 3874 5418; x_wconf 78' lang='grc' dir='ltr'>ἐπάναγκες</span> <span class='ocrx_word' id='word_1_778' title='bbox 3923 5352 4020 5405; x_wconf 78' lang='grc' dir='ltr'>καὶ</span> 
     </span>
    </p>
   </div>
   <div class='ocr_carea' id='block_1_107' title="bbox 2444 5440 4017 5512">
    <p class='ocr_par' dir='ltr' id='par_1_107' title="bbox 2444 5440 4017 5512">
     <span class='ocr_line' id='line_1_107' title="bbox 2444 5440 4017 5512; baseline 0.003 -21"><span class='ocrx_word' id='word_1_779' title='bbox 2444 5440 2569 5502; x_wconf 69' lang='grc' dir='ltr'>τοὺς</span> <span class='ocrx_word' id='word_1_780' title='bbox 2601 5441 2698 5507; x_wconf 80' lang='grc' dir='ltr'>τῆς</span> <span class='ocrx_word' id='word_1_781' title='bbox 2734 5441 3081 5510; x_wconf 76' lang='grc' dir='ltr'>παγκοσμίου</span> <span class='ocrx_word' id='word_1_782' title='bbox 3126 5440 3439 5501; x_wconf 63' lang='grc' dir='ltr'>Βλϐυλῶνος</span> <span class='ocrx_word' id='word_1_783' title='bbox 3488 5443 3660 5512; x_wconf 68' lang='grc' dir='ltr'>ἤγουν</span> <span class='ocrx_word' id='word_1_784' title='bbox 3700 5442 4017 5511; x_wconf 76' lang='grc' dir='ltr'>συγχύσεως</span> 
     </span>
    </p>
   </div>
   <div class='ocr_carea' id='block_1_108' title="bbox 2444 5530 4021 5603">
    <p class='ocr_par' dir='ltr' id='par_1_108' title="bbox 2444 5530 4021 5603">
     <span class='ocr_line' id='line_1_108' title="bbox 2444 5530 4021 5603; baseline 0.003 -22"><span class='ocrx_word' id='word_1_785' title='bbox 2444 5530 2743 5599; x_wconf 72' lang='grc' dir='ltr'>ἐμπόρους,</span> <span class='ocrx_word' id='word_1_786' title='bbox 2779 5534 2835 5583; x_wconf 77' lang='grc' dir='ltr'><strong>ἐν</strong></span> <span class='ocrx_word' id='word_1_787' title='bbox 2868 5534 2931 5601; x_wconf 82' lang='grc' dir='ltr'><strong>τῇ</strong></span> <span class='ocrx_word' id='word_1_788' title='bbox 2962 5532 3241 5602; x_wconf 79' lang='grc' dir='ltr'>συντελείᾳ</span> <span class='ocrx_word' id='word_1_789' title='bbox 3280 5532 3389 5585; x_wconf 86' lang='grc' dir='ltr'>τῶν</span> <span class='ocrx_word' id='word_1_790' title='bbox 3420 5534 3737 5603; x_wconf 79' lang='grc' dir='ltr'>ὁρωμένων,</span> <span class='ocrx_word' id='word_1_791' title='bbox 3798 5534 4021 5603; x_wconf 70' lang='grc' dir='ltr'>Θρῃνεῑν</span> 
     </span>
    </p>
   </div>
   <div class='ocr_carea' id='block_1_109' title="bbox 2445 5622 4022 5695">
    <p class='ocr_par' dir='ltr' id='par_1_109' title="bbox 2445 5622 4022 5695">
     <span class='ocr_line' id='line_1_109' title="bbox 2445 5622 4022 5695; baseline 0.001 -21"><span class='ocrx_word' id='word_1_792' title='bbox 2445 5622 2877 5691; x_wconf 69' lang='grc' dir='ltr'>ἀπαραμύθητα,</span> <span class='ocrx_word' id='word_1_793' title='bbox 2908 5623 3015 5676; x_wconf 82' lang='grc' dir='ltr'>τῶν</span> <span class='ocrx_word' id='word_1_794' title='bbox 3050 5624 3221 5693; x_wconf 77' lang='grc' dir='ltr'>ἡδέων</span> <span class='ocrx_word' id='word_1_795' title='bbox 3266 5624 3360 5677; x_wconf 78' lang='grc' dir='ltr'><strong>τοῦ</strong></span> <span class='ocrx_word' id='word_1_796' title='bbox 3394 5627 3662 5692; x_wconf 70' lang='grc' dir='ltr'>παρόντος</span> <span class='ocrx_word' id='word_1_797' title='bbox 3712 5626 3828 5695; x_wconf 84' lang='grc' dir='ltr'>βίου</span> <span class='ocrx_word' id='word_1_798' title='bbox 3858 5625 4022 5678; x_wconf 82' lang='grc' dir='ltr'>ἀϐου-</span> 
     </span>
    </p>
   </div>
   <div class='ocr_carea' id='block_1_110' title="bbox 2446 5710 4014 5783">
    <p class='ocr_par' dir='ltr' id='par_1_110' title="bbox 2446 5710 4014 5783">
     <span class='ocr_line' id='line_1_110' title="bbox 2446 5710 4014 5783; baseline 0.006 -24"><span class='ocrx_word' id='word_1_799' title='bbox 2446 5710 2623 5778; x_wconf 75' lang='grc' dir='ltr'>λήτως</span> <span class='ocrx_word' id='word_1_800' title='bbox 2652 5711 3052 5779; x_wconf 76' lang='grc' dir='ltr'>χωριζομένους</span> <span class='ocrx_word' id='word_1_801' title='bbox 3080 5714 3172 5766; x_wconf 70' lang='grc' dir='ltr'><strong>καὶ</strong></span> <span class='ocrx_word' id='word_1_802' title='bbox 3204 5732 3265 5765; x_wconf 86' lang='grc' dir='ltr'><strong>κε</strong></span> <span class='ocrx_word' id='word_1_803' title='bbox 3280 5718 3595 5783; x_wconf 74' lang='grc' dir='ltr'>ιτουμένους</span> <span class='ocrx_word' id='word_1_804' title='bbox 3620 5715 3725 5769; x_wconf 77' lang='grc' dir='ltr'><strong>ὑπὸ</strong></span> <span class='ocrx_word' id='word_1_805' title='bbox 3758 5714 3852 5770; x_wconf 73' lang='grc' dir='ltr'><strong>τοῦ</strong></span> <span class='ocrx_word' id='word_1_806' title='bbox 3885 5732 4014 5770; x_wconf 82' lang='grc' dir='ltr'>συν-</span> 
     </span>
    </p>
   </div>
   <div class='ocr_carea' id='block_1_111' title="bbox 2454 5802 3538 5876">
    <p class='ocr_par' dir='ltr' id='par_1_111' title="bbox 2454 5802 3538 5876">
     <span class='ocr_line' id='line_1_111' title="bbox 2454 5802 3538 5876; baseline 0.008 -23"><span class='ocrx_word' id='word_1_807' title='bbox 2454 5802 2657 5865; x_wconf 67' lang='grc' dir='ltr'>ειδότος</span> <span class='ocrx_word' id='word_1_808' title='bbox 2725 5805 2814 5854; x_wconf 69' lang='grc' dir='ltr'>ἐπὶ</span> <span class='ocrx_word' id='word_1_809' title='bbox 2845 5806 2963 5867; x_wconf 79' lang='grc' dir='ltr'>ταῖς</span> <span class='ocrx_word' id='word_1_810' title='bbox 2994 5806 3224 5868; x_wconf 75' lang='grc' dir='ltr'>οἰκείαις</span> <span class='ocrx_word' id='word_1_811' title='bbox 3255 5809 3538 5876; x_wconf 74' lang='grc' dir='ltr'>πράξεσιν.</span> 
     </span>
    </p>
   </div>
  </div>
