4282 6440
295 398 402 465 405

1244 402 1848 463 COMMENTARIUS
1889 401 1970 460 IN
2008 402 2533 462 APOCALYPSIN.

3414 399 3533 468 ιιισ

289 515 389 563 xta
415 510 648 577 λέγεται,
669 509 763 563 καὶ
793 508 1005 562 δεῖπνον
1036 507 1184 579 αὐτῷ
1216 512 1602 580 περιπόθητον,
1634 509 1715 578 [rb
1741 511 1874 562 πᾶν·
1905 514 1942 570 Λ
1975 531 1980 559 ι

1849 541 1874 550 -
1905 514 1942 570 Λ
1975 518 2027 562 et
2061 510 2298 564 voluntas
2329 510 2515 578 placiti
2547 506 2882 579 appellatur;
2930 515 2983 560 ct
3014 521 3167 561 caena
3203 523 3358 576 qnam
3394 515 3537 566 desi-

286 600 410 671 τας]
431 599 746 669 ἀνθρώπους
781 597 1195 671 σιυθῆναί[ἐστι]
1213 601 1307 652 καὶ
1330 604 1408 664 είς
1426 603 1717 667 ἐπίγνωσιν
1738 601 1869 669 άλη-

288 693 440 753 θείας
477 692 672 756 ἐλθεῖν,
715 692 810 744 καὶ
834 692 1160 761 ἐπιστρέψαι
1191 695 1281 745 καὶ
1325 694 1422 762 ζῇν
1449 693 1664 754 αὐτούς.
1701 693 1773 746 Τὸ
1814 695 1870 746 δὲ

285 785 562 852 δεύτερον,
591 783 652 836 τδ
687 783 1012 851 κολασθῆναι
1048 785 1174 847 τοὺς
1201 786 1411 848 ἑαυτοῖς
1453 786 1869 852 ὲπισπωμένους

287 877 388 944 τὴν
425 876 670 929 κόλασιν.
700 877 773 929 Τδ
798 877 977 930 τοίνυν
1007 879 1275 949 πατρικδν
1304 877 1517 947 θέλημα
1557 878 1584 930 ὀ
1637 877 1869 947 Χριστὸς

281 966 518 1034 ,βρῶσιν
566 969 794 1021 οικειάν
846 970 1094 1024 ἐκάλεσε.
1145 970 1316 1023 Τοῦτο
1367 970 1548 1021 τοίνυν
1602 970 1866 1033 ἐνταῦθα,

287 1057 535 1110 δεῖπνον
570 1058 718 1110 Θεοῦ
756 1058 1081 1126 ὀνομάζεται
1109 1075 1122 1088 ο
1175 1059 1549 1127 τυγχανόντων
1595 1058 1747 1130 ίτῶν]
1779 1061 1870 1113 ἀν-

289 1147 550 1214 θρώπων,
592 1142 666 1202 ὧν
693 1149 926 1212 ἕκαστος
970 1149 1036 1202 δι’
1060 1150 1238 1220 ἔργων
1284 1150 1684 1221 ἐπεθύμησενῆ
1719 1151 1872 1222 βασι-

289 1235 442 1300 λείας
472 1238 504 1307 ﬂ
535 1240 823 1309 τιμωρίας.
857 1242 957 1292 Διὰ
981 1241 1036 1293 δὲ
1065 1241 1164 1310 τῆς
1195 1240 1449 1310 βρώσεως
1481 1241 1589 1293 τῶν
1648 1242 1868 1311 σαρκῶν

289 1328 620 1397 σημαίνεται
653 1330 682 1381 6
715 1330 821 1382 τῶν
852 1331 1131 1399 σαρκικῶν
1162 1332 1381 1385 πάντων
1414 1334 1736 1401 ἀφανισμός,
1773 1333 1867 1386 καὶ

285 1421 319 1488 ἡ
352 1422 460 1474 τῶν
490 1423 733 1493 ἀρχικῶν
771 1424 862 1476 ἐπὶ
895 1426 996 1494 γῆς
1035 1425 1314 1494 ὀνομάτων
1341 1426 1599 1495 ἔκλειψις.
1638 1429 1864 1481 Ἵππων

281 1511 339 1562 δὲ
369 1513 664 1582 μέμνηται,
703 1515 800 1583 οὐχ
829 1514 904 1577 ὡς
944 1517 1122 1569 αὐτῶν
1156 1517 1609 1587 άναστησομένων
1655 1517 1712 1589 [ἢ
1742 1535 1866 1587 κριη

282 1601 647 1676 θησομένων,]
670 1604 805 1658 ἀλλὰ
825 1606 914 1660 διά
940 1608 1038 1676 μὲν
1059 1607 1283 1672 τούτων,
1308 1609 1340 1679 ἢ
1366 1611 1488 1672 τοὺς
1513 1610 1862 1678 θηλυμανεῖς,

281 1696 314 1762 ἢ
341 1695 469 1756 τοὺς
503 1696 912 1764 ὺποδεόηκότας
946 1700 1008 1767 τῇ
1051 1700 1304 1769 πονηρίᾳ,
1339 1700 1372 1769 ἦ
1407 1701 1500 1752 καὶ
1533 1701 1816 1771 ἀμφότερα
1845 1742 1858 1766 ,

279 1784 366 1836 διὰ
391 1785 447 1837 δὲ
478 1785 585 1838 τῶν
613 1788 907 1841 ἐπιϐατῶν
934 1789 1135 1852 αὐτῶν,
1159 1793 1283 1853 τοὺς
1313 1793 1369 1843 ἐν
1393 1794 1561 1863 κακία
1594 1791 1858 1862 προῦχον-

284 1893 379 1935 ta:
438 1879 830 1947 αἰνιττόμενος.
888 1883 954 1933 *υ
995 1883 1086 1934 καὶ
1125 1884 1479 1952 παρακατιὼν
1531 1885 1858 1954 ἐσαφήνισεν

279 1967 450 2018 εἰπών
476 1984 491 1998 ⁸
541 1969 902 2036 Ἐλευθέρων
935 1988 998 2024 τε
1025 1973 1120 2024 καί
1155 1972 1421 2039 δούλων,
1449 1975 1726 2042 μεγάλων
1762 1975 1858 2028 καὶ

279 2058 505 2125 μικρῶν
524 2075 537 2087 ·
570 2060 658 2112 διὰ
686 2062 787 2130 μὲν
826 2061 932 2114 τῶν
964 2063 1291 2131 ἐλευθέρων
1314 2065 1406 2118 καὶ
1434 2065 1538 2118 τῶν
1562 2066 1855 2135 μεγάλων,

284 2149 402 2210 τοὺς
456 2149 655 2216 μᾶλλον
717 2151 1135 2217 ἐξουσιαστικῶς
1182 2156 1630 2224 ἁμαρτάνονταςο
1669 2157 1756 2210 διὰ
1803 2157 1860 2209 δὲ

285 2237 388 2290 τῶν
417 2238 652 2292 δούλων
695 2243 786 2293 καὶ
831 2242 938 2295 τῶν
972 2242 1220 2311 μικρῶν,
1251 2247 1375 2306 τοὺς
1410 2240 1569 2316 ἦττον
1603 2247 1858 2315 πλημμε-

280 2330 504 2393 λοῦντας
525 2371 539 2395 ,
572 2331 605 2403 ἢ
649 2335 790 2388 κατὰ
836 2333 1059 2406 γνώμην
1082 2377 1098 2403 ,
1138 2336 1172 2407 ἢ
1222 2335 1344 2390 καθ’
1373 2339 1621 2410 ἡλικίαν,
1654 2340 1686 2408 ἢ
1722 2339 1860 2392 κατὰ

279 2421 582 2479 ἀσθένειαν.

356 2774 463 2828 Καὶ
485 2768 650 2827 εἶδον
665 2775 729 2828 τὸ
754 2776 980 2843 θηρίον,
1002 2777 1099 2831 καί
1125 2778 1265 2845 τοὺς
1280 2779 1560 2846 ,βασιλεῖς
1591 2781 1700 2847 τῆς
1728 2781 1860 2849 γῆς,

283 2861 382 2912 καί
415 2862 487 2914 τὰ
515 2864 927 2932 στρατεύματα
975 2865 1175 2920 αὐτῶν
1213 2869 1566 2937 συνηγμένα
1614 2869 1862 2938 ποι-ἧσαι

283 2951 553 3018 πόλεμον
576 2953 726 3020 μετὰ
755 2955 860 3008 τοῦ
887 2955 1226 3024 καθημένου
1252 2958 1350 3011 ἐπί
1383 2959 1490 3012 τοῦ
1522 2961 1730 3025 ἵππου,
1765 2961 1861 3014 καὶ

281 3040 434 3109 μετὰ
461 3042 565 3096 τοῦ
590 3046 1033 3113 στρατεύματος
1059 3048 1266 3102 αὑτοῦ.

360 3131 499 3196 Τοὺς
531 3134 588 3187 δὲ
613 3135 690 3206 τῷ
726 3136 957 3205 διαϐόλῳ
992 3140 1518 3208 συστρατευομένους
1581 3141 1862 3212 ἱστρατεύ-

293 3221 464 3292 ματα]
491 3223 866 3294 πληθυντικῶς
890 3230 1186 3299 ὀνομάσας,
1214 3229 1300 3282 διὰ
1330 3230 1392 3283 τὸ
1425 3231 1741 3301 πολυσχιδὲς
1772 3234 1868 3302 τῆς

287 3312 570 3383 ἁμαρτίας
614 3316 707 3369 καὶ
739 3317 1069 3389 διῃρημένον
1108 3321 1203 3372 καὶ
1235 3320 1592 3390 πολύγνωμον
1619 3337 1632 3352 ·
1665 3324 1866 3394 καίπερ

287 3402 576 3471 ἐλάχιστον
625 3406 788 3476 μέρος
819 3406 926 3458 τῶν
956 3407 1264 3474 άγγελικῶν
1312 3408 1592 3478 δυνάμεων
1627 3413 1722 3464 καὶ
1760 3413 1866 3464 τῶν

291 3493 595 3563 ἰσαγγέλῳν
629 3497 935 3568 ἀνθρώπων
967 3499 1336 3569 ὑπάρχοντας,
1376 3502 1502 3565 τοὺς
1533 3502 1610 3572 τῷ
1649 3505 1868 3574 Χριστῷ

287 3585 611 3654 ἑπομένους,
644 3587 840 3651 ἑνικῶς
871 3589 1185 3659 στράτευμα
1222 3593 1656 3662 προσηγόρευσε,
1688 3595 1776 3648 διὰ
1808 3595 1868 3648 τὸ

284 3675 384 3744 τῆς
407 3675 630 3747 γνώμης
654 3678 854 3733 ἐνιαῖον
881 3679 1091 3751 θέλημα
1118 3680 1216 3751 τῆς
1253 3683 1387 3752 πρὸς
1411 3683 1503 3736 τὸν
1533 3684 1665 3737 Θεὸν
1695 3686 1867 3754 Λόγον

288 3766 553 3839 εὐαρεστή
563 3785 719 3832 τεως.

360 3947 467 4002 Καὶ
488 3947 744 4015 ἐπιάσθη
767 3947 833 4002 τὸ
853 3950 1081 4018 θηρίον,
1107 3950 1205 4004 καὶ
1227 3953 1354 4019 μετ’
1378 3953 1562 4006 αὑτοῦ
1588 3956 1618 4006 ό
1647 3955 1866 4020 ψευδο-

289 4039 632 4109 προφήτης,
662 4043 694 4094 ὀ
723 4041 987 4108 ποιήσας
1011 4043 1080 4096 τὰ
1110 4044 1328 4109 σημεῖα
1365 4045 1622 4098 ἐνώπιον
1659 4047 1865 4112 αὑτοῦ,

287 4128 358 4182 ἐν
394 4125 484 4194 οἷς
511 4129 823 4197 ἐπλάνησε
848 4132 990 4198 τοὺς
1028 4134 1324 4200 λαϐόντας
1349 4137 1415 4188 τὸ
1457 4136 1728 4206 χάραγμα
1763 4137 1868 4191 τοῦ

290 4222 498 4286 θηρίου
526 4223 627 4275 καί
655 4223 795 4288 τοὺς
822 4226 1321 4292 προσκυνοῦντας
1349 4225 1422 4294 τῇ
1451 4229 1635 4280 εικόνι
1662 4227 1866 4282 αὑτοῦ.

291 4312 353 4368 Ei
402 4315 498 4363 καὶ
550 4312 628 4382 τῷ
660 4313 871 4383 Σωτῆρι
905 4315 1124 4385 Χριστῷ
1153 4309 1299 4369 οὗτοι
1330 4318 1425 4370 σὺν
1482 4321 1594 4381 τοῖς
1645 4318 1871 4389 πειθαρ-

289 4402 524 4472 χήσασιν
555 4404 737 4466 αὐτοῖς
764 4405 1040 4474 βασιλεῦσι
1071 4408 1166 4460 καὶ
1195 4409 1454 4477 ἄρχουσιν
1487 4411 1866 4473 έιντετόιξαντο⁹

1976 601 2126 654 derat
2176 601 2254 652 vel
2310 601 2575 666 maxime,
2621 608 2704 654 est
2746 607 2807 654 ut
2861 614 3050 653 omnes
3107 599 3354 654 homines
3399 603 3535 657 salvi

1978 692 2125 754 ﬁant,
2159 701 2211 744 et
2244 692 2307 744 ad
2345 694 2586 746 veritatis
2619 692 2944 763 agnitionem
2976 691 3224 753 veniant,
3263 695 3541 747 conversi-

1973 800 2079 851 qne
2109 784 2172 837 ad
2204 783 2371 836 Deum
2409 792 2668 837 xternum
2724 785 2927 839 vivant.
2973 783 3302 840 Secundaria
3361 794 3540 837 autem

1972 882 2026 926 et
2056 871 2211 940 quasi
2242 888 2581 940 consequens
2615 882 2714 933 est.
2750 875 2884 927 velle
2912 887 3005 927 eos
3043 873 3252 941 punire,
3284 873 3374 940 qui
3408 887 3541 941 sup-

1973 964 2119 1034 plicii
2150 979 2372 1018 causam
2413 964 2650 1033 sihiipsis
2689 965 2830 1018 ultro
2866 966 3198 1019 asciverunt.
3240 964 3407 1032 Igitur
3440 979 3538 1032 pa-

1975 1065 2180 1107 ternam
2233 1055 2563 1107 voluntatem
2622 1052 2874 1108 Christus
2918 1054 3087 1107 cibum
3139 1070 3291 1106 suum
3346 1063 3539 1116 vocat;

1971 1147 2216 1197 eamdem
2260 1153 2439 1198 autem
2471 1145 2574 1198 hoc
2623 1144 2745 1198 loco
2793 1160 2951 1197 cwnte
3003 1145 3225 1198 nomine
3271 1143 3541 1210 designat.

1971 1235 2274 1290 Mortalium
2306 1250 2469 1305 porro
2498 1236 2871 1305 unusquilibet
2915 1236 2967 1289 id
2999 1236 3371 1306 consequitur,
3399 1235 3545 1305 quod

1971 1342 2066 1396 per
2097 1342 2260 1396 opera
2295 1337 2544 1396 expetere
2573 1327 2723 1382 visus
2750 1337 2871 1391 est,
2905 1341 3130 1396 regnum
3165 1327 3419 1379 nimirum
3449 1335 3545 1380 aut

1969 1419 2295 1487 supplicium
2325 1429 2609 1472 aeternum.
2646 1418 2912 1473 Caeterum
2945 1433 3040 1487 per
3089 1434 3259 1472 escam
3306 1419 3545 1470 carnium

1969 1508 2270 1564 carnalium
2298 1509 2541 1562 onmium
2566 1511 2819 1564 interitus
2843 1511 3132 1574 indicatur,
3155 1509 3546 1577 nominumque

1969 1599 2330 1668 principatum
2367 1598 2418 1652 in
2457 1609 2595 1652 terra
2628 1600 2988 1654 obtinentium
3021 1599 3274 1654 deiectio.
3306 1598 3548 1653 Meminit

1969 1697 2146 1742 autem
2177 1704 2426 1757 equorum
2453 1729 2466 1752 ,
2513 1704 2619 1742 non
2670 1691 2812 1759 quod
2851 1692 2952 1758 ipsi
2987 1691 3117 1743 olim
3153 1691 3263 1745 sint
3292 1691 3545 1745 exsusci-

1970 1779 2119 1833 tandi
2157 1789 2250 1833 aut
2291 1781 2602 1850 jndicandi;
2635 1783 2726 1836 sed
2775 1784 3034 1851 quoniam
3080 1799 3173 1852 per
3205 1785 3328 1838 illos
3367 1784 3540 1838 deno-

1966 1879 2151 1924 tantnr
2175 1874 2421 1927 homines
2440 1874 2613 1927 instar
2631 1876 2986 1943 petnlantium
3009 1890 3276 1945 equorum
3301 1875 3508 1930 salaces
3527 1891 3544 1938 ;

1970 1971 2062 2015 aut
2093 1964 2331 2033 nequitia
2363 1979 2492 2019 sane
2532 1980 2638 2018 non
2679 1966 2748 2018 ita
2785 1966 3027 2034 insignes
3049 2008 3063 2033 ,
3102 1977 3194 2020 aut
3227 1967 3443 2035 utrique
3474 1968 3548 2021 si-

1969 2053 2100 2106 mul.
2132 2053 2233 2108 Per
2271 2071 2568 2108 ascensores
2601 2066 2778 2109 autem
2821 2058 3034 2110 illorum
3109 2056 3182 2110 illi
3220 2056 3547 2110 adumbran-

1969 2152 2080 2209 tur,
2111 2146 2202 2215 qui
2232 2147 2636 2215 praeminentis
2668 2149 2888 2201 malitia:
2927 2147 3274 2202 exstiterunt.
3315 2145 3370 2199 Id
3402 2149 3546 2216 quod

1969 2234 2068 2290 hoc
2103 2235 2219 2302 ipso
2245 2251 2461 2304 quoque
2494 2235 2690 2301 innuit,
2714 2237 2840 2290 dum
2878 2253 3000 2291 mox
3040 2236 3228 2291 addit:
3263 2236 3546 2290 liberorum

1966 2336 2016 2379 ει
2055 2342 2343 2387 seri-orum,
2379 2343 2686 2395 magnorum
2733 2339 2780 2380 et
2815 2345 3115 2394 parvorum.
3177 2325 3279 2382 Per
3329 2344 3545 2394 magnos

1966 2411 2112 2465 enim
2144 2421 2198 2467 et
2226 2413 2416 2468 liberos
2473 2414 2596 2469 illos
2631 2416 2868 2470 insinuat
2897 2416 2988 2485 qui
3022 2417 3214 2486 majori
3240 2427 3461 2486 peccato
3491 2426 3548 2471 et

1967 2512 2276 2573 contemptu
2310 2517 2663 2573 peccaverunt
2699 2524 2713 2560 :
2745 2522 2836 2575 per
2863 2523 3038 2561 servos
3063 2516 3242 2561 autem
3264 2517 3315 2562 et
3338 2524 3546 2575 parvos,

1967 2593 2058 2661 qui
2095 2593 2310 2658 minori,
2349 2596 2429 2649 vel
2471 2606 2691 2664 propter
2732 2608 2943 2652 :etatem
2971 2637 2985 2661 ,
3019 2605 3111 2651 ant
3139 2607 3360 2666 pr0pter
3392 2600 3546 2652 inlir-

1970 2683 2236 2746 mitatem,
2267 2685 2351 2737 vel
2386 2685 2546 2737 etiam
2582 2694 2801 2754 propter
2835 2686 2999 2738 animi
3031 2686 3323 2755 judicium.

2041 2772 2184 2834 XIX,
2219 2775 2304 2828 19.
2338 2774 2400 2828 Et
2431 2776 2536 2828 ridi
2572 2776 2790 2828 bestiam
2823 2789 2868 2829 et
2908 2794 3052 2846 reges
3093 2791 3278 2841 terrm,
3306 2787 3356 2831 et
3386 2793 3540 2831 excr-

1969 2865 2104 2918 citus
2131 2881 2308 2918 eorum
2342 2877 2682 2938 congregatos
2719 2869 2786 2920 ad
2817 2869 3116 2937 faciendum
3144 2871 3386 2938 prta/ium
3425 2889 3543 2925 cum

1968 2955 2062 3008 illo
2090 2957 2180 3025 qui
2207 2957 2417 3010 sedebat
2453 2958 2507 3010 in
2541 2974 2691 3028 equo,
2721 2969 2768 3013 et
2796 2976 2913 3012 cum
2933 2963 3165 3013 exercitu
3194 2962 3329 3029 ejus.

2042 3129 2142 3194 Qui
2172 3131 2274 3185 sub
2309 3131 2526 3185 diabolo
2558 3134 2822 3202 stipendia
2863 3133 3095 3200 faciunt,
3135 3135 3254 3188 illos
3295 3136 3542 3189 multitu-

1971 3219 2113 3273 dinis
2133 3236 2361 3275 numero
2389 3222 2539 3275 ell'ert
2563 3235 2785 3292 propter
2809 3225 3055 3278 diversas
3081 3225 3287 3293 peccati
3316 3223 3542 3288 fortnas,

1969 3311 2430 3382 multiplicemque
2463 3316 2802 3383 peccantium
2839 3319 3166 3370 sententiam.
3210 3326 3262 3371 ct
3296 3319 3547 3371 volunla-

1971 3409 2118 3470 tem;
2151 3421 2273 3458 cum
2307 3414 2488 3459 tamen
2521 3407 2892 3475 angelicarum
2925 3409 3206 3473 virtutum,
3232 3410 3546 3463 hominum-

1969 3510 2076 3564 que
2114 3496 2428 3566 angelorum
2478 3499 2768 3566 puritatem
2816 3499 3224 3565 aemulantinm,
3263 3501 3542 3554 minimam

1969 3595 2175 3654 partem
2206 3597 2509 3657 exmquent.
2541 3589 2650 3659 90
2670 3591 2738 3644 At
2767 3605 2861 3644 eos
2893 3591 2986 3659 qui
3010 3590 3284 3645 Christum
3314 3607 3549 3660 sequun-

1973 3686 2081 3742 tur,
2109 3679 2370 3748 singulari
2406 3697 2634 3734 nnmero
2661 3683 2949 3735 exercitum
2978 3692 3155 3747 vocat,
3187 3690 3406 3750 propter
3435 3684 3549 3737 sin-

1971 3770 2211 3837 gularem
2247 3771 2585 3826 voluntatum
2644 3773 3067 3827 consensionem
3095 3812 3110 3837 ,
3159 3773 3550 3828 sententiaeque

1972 3859 2062 3914 Dei
2095 3860 2274 3915 Verbo
2301 3872 2464 3932 graue
2491 3863 2953 3932 conjuncnionem.

2041 3952 2181 4018 XIX,
2210 3953 2298 4008 ΞΟ.
2330 3954 2396 4007 Et
2419 3956 2736 4024 apprehensa
2766 3968 2840 4009 est
2865 3957 3051 4022 bestia,
3074 3965 3122 4010 et
3144 3972 3259 4010 cum
3293 3972 3353 4010 ea
3389 3973 3547 4026 pseu-

1971 4046 2310 4116 dopropheta,
2343 4049 2432 4116 qui
2463 4048 2583 4107 fecit
2626 4051 2778 4116 signa
2813 4065 2990 4101 coram
3023 4050 3172 4116 ipsa;
3202 4065 3294 4116 per
3316 4064 3432 4117 qua:
3465 4064 3548 4100 se-

1972 4139 2122 4190 duxit
2155 4155 2240 4191 eos
2271 4141 2360 4206 qui
2389 4151 2696 4206 acceperunt
2733 4130 3088 4193 characterem
3134 4139 3310 4193 bestia:
3333 4179 3346 4204 ,
3378 4146 3427 4192 ει
3458 4139 3548 4207 qui

1973 4228 2320 4282 adorat'erunt
2359 4232 2634 4300 imaginem
2660 4233 2794 4296 eius.

2045 4319 2156 4373 Etsi
2192 4321 2278 4374 isti
2311 4323 2420 4374 duo
2449 4339 2570 4374 enm
2596 4323 2813 4391 regibus
2846 4332 2899 4375 et
2927 4321 3263 4390 principibus
3293 4320 3386 4388 qui
3415 4320 3546 4388 ipsis

1973 4411 2371 4480 obsequuntur,
2389 4412 2604 4467 Christo
2628 4413 2903 4466 Servatori
2948 4412 3237 4477 ohsistant,
3265 4411 3547 4479 aciemque

288 4495 404 4546 ἀλλ’
435 4496 735 4566 ἀμφότεροι
765 4499 1088 4568 ἡττηθέντες
1112 4541 1124 4559 .
1156 4501 1184 4552 ὃ
1206 4518 1264 4552 τε
1311 4503 1674 4570 Ἀντίχριστος
1714 4503 1808 4556 καὶ
1843 4505 1870 4555 ὁ
1903 4527 1946 4584 ο
1974 4525 1979 4550 ‹

1856 4505 1870 4555 5
1903 4527 1946 4584 ο
1974 4512 2161 4556 contra
2198 4502 2347 4555 illum
2380 4504 2621 4570 dirigant
2654 4521 2668 4568 ;
2707 4504 2869 4556 ambo
2898 4512 3101 4565 tamen,
3143 4515 3337 4570 nempe
3387 4517 3547 4570 pseu-

287 4587 762 4658 ψευδοπροφήτης,
795 4591 822 4642 6
870 4591 1120 4658 σημείοις
1162 4591 1254 4644 καὶ
1285 4593 1475 4661 τέρασι
1510 4595 1743 4660 ποιήσας
1778 4596 1869 4646 τὸν

289 4677 583 4729 ἀπατεῶνα
611 4680 1038 4749 εὐπαράδεκτον,
1075 4682 1179 4734 ὑπὸ
1208 4683 1303 4749 τῆς
1337 4682 1483 4746 θείας
1509 4685 1678 4753 ὀργῆς
1713 4703 1872 4738 κατα-

288 4768 358 4822 λα
366 4768 681 4838 μόἁνονται.

364 4950 594 5017 Ζῶντες
617 4951 1035 5019 βληθήσονται
1054 4955 1106 5006 oi
1131 4952 1238 5005 δύο
1263 4955 1351 5018 εἰς
1371 4951 1484 5021 τὴν
1511 4955 1734 5022 λίμνην
1764 4955 1867 5009 τοῦ

288 5043 504 5110 πυρὸς,
531 5044 646 5110 τὴν
671 5044 994 5112 καιομένην
1013 5045 1082 5098 ἐν
1113 5045 1240 5117 [τῷ]
1271 5047 1425 5110 θείῳ.

364 5138 525 5199 Εξκδς
567 5137 663 5206 μὲν
697 5135 824 5201 οὖν,
860 5136 934 5200 ὡς
973 5132 1118 5191 οὗτοι
1149 5139 1239 5191 τὸν
1284 5141 1462 5192 κοινὸν
1493 5141 1593 5192 οὐκ
1629 5139 1868 5209 ἀποθνή-

295 5244 485 5280 σκουσι
519 5226 766 5291 θάνατον,
800 5227 912 5281 ἀλλ’
949 5231 1006 5281 ἐν
1047 5232 1179 5299 ῥιπῇ
1211 5229 1490 5299 ὀφθαλμοῦ
1526 5230 1866 5284 ἀπαθανατι-

293 5317 533 5389 ζόμενοι.
574 5319 652 5388 τῷ
696 5320 935 5390 δευτέρῳ
983 5320 1196 5390 θανάτῳ
1247 5323 1313 5391 τῇ
1365 5321 1530 5394 λίμνῃ
1571 5322 1665 5374 τοῦ
1697 5323 1868 5391 πυρὸς

293 5409 766 5474 καταδικάζονταιο
794 5410 870 5475 ὣς
895 5428 1060 5481 φησιν
1082 5414 1109 5465 6
1155 5412 1478 5475 Ἀπόστολος
1513 5415 1640 5484 περὶ
1669 5412 1868 5483 ἐτέρων

293 5503 360 5556 οὐ
416 5502 907 5573 κοιμηθησομένων
948 5504 1078 5573 μὲν,
1126 5504 1682 5574 μεταλλαγησομένων
1712 5505 1765 5557 δὲ
1812 5507 1868 5557 ἐν

293 5593 483 5662 ἀτόμῳ
512 5591 615 5664 Ιέν]
643 5595 772 5663 ῥιπῇ
824 5593 1125 5662 ὀφθαλμοῦ.
1161 5595 1270 5648 Καὶ
1297 5587 1440 5648 οὗτοι
1502 5595 1601 5662 μὲν
1677 5593 1864 5666 [είκὺς]

297 5680 377 5741 είς
403 5680 583 5750 κρίσιν
616 5680 944 5734 ἐλεύσονται·
977 5683 1024 5734 οἱ
1057 5681 1114 5735 δὲ
1147 5683 1409 5753 παρόντες
1437 5681 1600 5754 [δύο],
1639 5685 1714 5747 ώς
1739 5684 1866 5736 δυσο

302 5770 482 5834 σεϐεῖς
527 5772 619 5827 καὶ
661 5771 917 5840 ἀντίθεοι,
953 5771 1052 5828 οὐκ
1082 5779 1159 5838 εἰς
1194 5778 1406 5846 κρίσιν,
1441 5774 1552 5828 ἀλλ’
1589 5777 1667 5839 εἰς
1697 5776 1866 5830 κατά-

1970 4592 2281 4646 dochristns
2326 4600 2379 4646 et
2427 4593 2936 4660 pseudopropheta,
2993 4593 3084 4661 qui
3144 4606 3239 4659 per
3287 4590 3443 4658 signa
3493 4598 3547 4642 et

1973 4690 2219 4749 portenta
2245 4681 2528 4750 impostori
2561 4682 2894 4735 Antichristo
2918 4681 3085 4744 viam,
3111 4690 3168 4733 ut
3189 4679 3540 4746 reciperetur.

1973 4771 2333 4836 mnnireranl,
2365 4772 2624 4842 superati,
2662 4786 2691 4824 a
2727 4772 2908 4826 divina
2954 4773 3032 4826 ira
3073 4770 3546 4840 comprehendun-

2053 4950 2166 5004 Vivi
2211 4952 2358 5004 missi
2388 4962 2509 5004 sunt
2541 4953 2594 5004 lii
2640 4952 2745 5006 duo
2782 4954 2835 5004 in
2868 4963 3108 5022 stagnum
3142 4953 3278 5023 ignis
3311 4952 3545 5005 ardentis

1971 5043 2240 5109 sulphure.

2041 5133 2244 5187 Forsan
2277 5133 2328 5186 hi
2356 5133 2462 5187 duo
2482 5149 2827 5187 communem
2858 5144 3087 5188 mortem
3120 5149 3226 5188 non
3251 5143 3503 5202 oppctcnt
3527 5151 3540 5197 ;

1971 5240 2157 5278 verum
2185 5225 2236 5277 in
2271 5233 2544 5279 momento
2572 5225 2752 5279 ictuve
2779 5224 2924 5278 oculi
2954 5225 3231 5288 exstincti,
3263 5234 3544 5292 morteque

1972 5317 2208 5371 secunda
2241 5315 2608 5378 condemnati,
2646 5317 2711 5370 ad
2740 5317 2982 5371 ardentis
3011 5315 3146 5384 ignis
3183 5315 3360 5369 lacum
3400 5316 3544 5368 shri-

1972 5408 2219 5476 pientnr;
2263 5407 2724 5476 quemadmodum
2775 5409 3070 5477 Apostolus
3114 5408 3181 5462 de
3213 5407 3544 5476 quihusdam

1972 5499 2234 5568 loquitur,
2294 5499 2387 5568 qui
2440 5514 2546 5552 non
2593 5507 2719 5553 sunt
2773 5497 3099 5561 dormitnri,
3141 5497 3235 5553 sed
3282 5498 3543 5566 temporis

1970 5593 2125 5662 quasi
2161 5601 2361 5660 puncto
2392 5603 2446 5645 et
2486 5593 2625 5645 ocnli
2661 5592 2806 5646 uictu
2844 5592 3188 5646 immulandi.
3241 5592 3453 5645 Interim
3487 5589 3542 5645 hi

1971 5685 2035 5738 ad
2054 5683 2317 5752 judicium
2344 5683 2555 5736 venturi
2584 5691 2737 5745 sunt;
2773 5683 2882 5737 duo
2924 5699 3052 5737 vero
3083 5691 3394 5752 prmsentes,
3421 5691 3543 5736 ιςιιι⁴

1969 5791 2132 5847 quam
2164 5774 2310 5844 impii
2337 5773 2552 5844 Dcoquc
2576 5775 2822 5842 rebelles,
2855 5790 2961 5831 non
2988 5777 3038 5829 in
3061 5773 3326 5843 judicium
3353 5789 3541 5827 exsur-
