4282 6440
759 389 867 452 423

1966 384 2291 444 ΛΝΒΠΕΞΕ
2333 386 2848 446 ΟᾸΞΞΛΠΙΕΝΞΙΞ

3894 388 4006 454 424

759 500 1218 570 deterrimamqne
1247 493 1450 568 peccati
1477 502 1705 548 mortem
1737 493 2066 560 conciliant;
2098 511 2331 562 quorum
2363 505 2406 559 Α
2441 516 2450 567 ι

2317 505 2406 559 ιΑ
2441 497 2570 567 ροῦΙ
2630 499 2862 552 θανάτου
2920 497 3162 569 πονηρὰς
3219 497 3513 568 δυνάμεις,
3580 500 3673 562 τὰς
3727 501 3818 554 τὸν
3870 502 4005 572 ᾅδην

760 595 922 645 etiam
955 593 1286 645 domicilium
1315 603 1396 644 est
1427 588 1709 649 internus;
1748 587 1812 640 ad
1837 603 1997 655 quem
2033 589 2329 641 amandant

761 698 951 736 omnes
984 690 1247 752 quotquot
1293 681 1377 733 hic
1417 680 1518 732 sibi
1553 679 1923 746 obsequentes
1960 679 2180 741 habent,
2215 687 2266 731 et
2298 695 2328 732 a

764 772 952 826 Jutlice
1004 775 1067 824 ad
1119 773 1294 839 ignem
1348 770 1806 823 condet‘nnantur.
1860 767 1928 822 Ut
1973 771 2113 821 enim
2147 769 2329 820 cit-itas

763 865 1022 916 dicuntur
1066 863 1159 930 qui
1211 863 1351 914 illam
1398 860 1747 926 inhabitant;
1799 859 1870 913 ita
1921 877 2060 911 mors
2114 874 2332 927 quoque

763 964 814 1006 et
845 953 1106 1019 infernus,
1145 952 1237 1019 qtti
1291 950 1487 1002 horqu
1539 951 1748 1014 incolas,
1794 949 1874 1000 vel
1910 964 2088 1001 causa:
2117 963 2334 1017 quoque

765 1054 909 1094 sunt.
966 1043 1101 1094 Cum
1152 1042 1294 1095 enim
1350 1040 1533 1093 omnia
1588 1055 1708 1107 quae
1761 1040 1902 1091 Deus
1951 1039 2194 1092 condidit
2225 1038 2336 1092 siut

764 1135 918 1186 valde
951 1134 1113 1196 bona,
1143 1133 1282 1200 ignis
1316 1131 1404 1183 ille
1432 1145 1494 1182 ea
1531 1139 1740 1182 tantum
1765 1131 2048 1183 absumere
2075 1139 2232 1183 natus
2253 1139 2337 1184 est

767 1240 888 1293 qua:
931 1224 1058 1278 talia
1107 1239 1211 1276 non
1245 1229 1394 1274 sunt.
1447 1219 1722 1289 Scriptum
1767 1223 1910 1274 enim
1943 1228 2141 1285 exstat,
2195 1220 2334 1273 Deus

767 1324 985 1365 mortem
1023 1329 1121 1363 non
1164 1312 1283 1377 fecit
1315 1311 1380 1362 ’¹¹.
1421 1310 1519 1364 Per
1562 1313 1699 1365 hanc
1753 1311 1915 1375 igitur
1955 1313 2145 1366 mortis
2170 1321 2221 1364 et
2252 1313 2336 1366 in-

769 1403 905 1455 furui
939 1404 990 1454 in
1028 1413 1275 1469 stagnum
1306 1401 1675 1468 injectionem,
1713 1401 2045 1463 insinuatur,
2067 1401 2210 1469 apud
2242 1417 2337 1455 eos

767 1494 858 1560 qui
899 1494 950 1545 in
989 1494 1127 1545 libro
1160 1493 1279 1544 vita:
1311 1492 1500 1560 scripti
1533 1500 1684 1552 sunt,
1711 1491 1912 1543 nullam
1939 1491 2167 1556 amplius
2191 1507 2339 1544 mor-

769 1597 875 1638 tem
909 1597 1001 1638 aut
1031 1585 1436 1653 corruptionem
1474 1598 1699 1651 regnum
1733 1583 2101 1645 obtentui-am,
2131 1575 2224 1636 sed
2257 1583 2339 1634 vi-

771 1683 878 1726 tam
928 1685 1136 1728 tantum
1175 1684 1226 1728 et
1263 1673 1752 1740 incorruptionem.
1793 1671 1978 1740 Neque
2027 1673 2261 1736 mireris,
2294 1673 2340 1727 si

771 1780 965 1816 omnes
998 1766 1089 1832 qui
1137 1764 1190 1815 in
1238 1763 1377 1815 libro
1411 1763 1502 1814 illo
1536 1759 1726 1827 scripti
1761 1775 1867 1812 non
1903 1769 2051 1823 sunt,
2093 1762 2146 1815 in
2174 1778 2339 1816 unum

2437 589 2664 657 ἐχούσας
2692 589 2711 660 [
2730 589 2892 660 ἴδιον]
2921 590 3229 658 κατάλυμα,
3251 590 3470 642 κάκεῖσε
3500 591 3624 652 τοὺς
3651 591 4007 657 πειθομένους

2437 681 2935 751 παραπεμπούσας,
2956 685 3033 744 εἰς
3051 684 3111 735 τὸ
3127 683 3233 753 πῦρ
3253 681 3776 754 [καταδικάζεσθαιῙ.
3792 685 4010 752 Ὠσπερ

2438 775 2547 843 γὰρ
2585 776 2762 840 πόλις
2793 777 2842 827 οἱ
2887 774 3090 845 ταύτης
3131 777 3413 845 οἰκήτορες
3441 775 3708 843 λέγονται,
3741 776 3885 829 οὕτω
3914 778 4011 829 καὶ

2439 865 2692 928 θάνατος
2727 869 2818 918 καὶ
2855 866 3036 932 ᾅδης,
3080 867 3129 918 οἱ
3171 867 3374 919 τούτων
3422 867 3606 921 αἴτιοι.
3649 868 3871 921 Πάντων
3900 868 4010 936 γὰρ

2439 954 2550 1006 τῶν
2570 958 2632 1008 ὲκ
2656 954 2790 1006 Θεοῦ
2817 955 3116 1021 γεγονότων
3144 954 3326 1007 καλῶν
3348 955 3466 1007 λίαν
3495 955 3868 1026 ὑπαρχόντων,
3897 956 4009 1006 τῶν

2445 1042 2520 1113 μὴ
2548 1043 2799 1096 τοιούτων
2841 1042 2994 1094 ἔσται
3039 1040 3389 1110 άφανίστικδν
3429 1043 3606 1094 ἐκεῖνο
3638 1043 3695 1095 τὸ
3739 1041 3871 1112 πῦρ.
3907 1041 4011 1094 Γέ-

2442 1147 2683 1202 γραπται
2714 1131 2841 1202 γάρ,
2875 1129 3005 1202 [ὅτι]
3040 1130 3306 1184 Θάνατον
3334 1133 3366 1183 ό
3393 1130 3537 1194 Θεὸς
3567 1131 3676 1183 οὐκ
3696 1129 4011 1193 ἐποίησεν.

2443 1223 2541 1275 Διὰ
2590 1222 2780 1275 τούτου
2830 1222 3011 1275 τοίνυν
3061 1222 3121 1275 τὸ
3186 1223 3380 1293 μηκέτι
3439 1221 3659 1285 ἔρεσθαι
3713 1221 3945 1274 θάνατον
3977 1221 4012 1291 ἢ

2445 1312 2672 1384 φθορὰν,
2718 1314 2832 1366 ἀλλ’
2887 1312 3197 1383 ἀφθαρσίαν
3245 1315 3338 1367 καὶ
3368 1312 3667 1366 ἀθανασίαν
3708 1309 4015 1382 βασιλεύειν

2447 1404 2791 1472 σημαίνεται.
2833 1405 2895 1456 Ei
2930 1403 2985 1456 δὲ
3015 1404 3213 1466 πάντες
3254 1405 3302 1457 οί
3351 1405 3424 1472 μὴ
3449 1402 3824 1473 γεγραμμένοι
3855 1401 3915 1452 ὲν
3947 1403 4014 1470 τῇ

2448 1495 2616 1565 βίὸλῳ
2646 1495 2745 1563 τῆς
2779 1495 2926 1564 ζωῆς
2960 1498 3037 1557 είς
3067 1495 3164 1564 τὴν
3202 1497 3397 1565 λίμνην
3447 1494 3540 1548 τοῦ
3590 1495 3762 1566 πυρὸς
3811 1493 4018 1563 βληθή-

2448 1604 2649 1649 σονται,
2685 1585 2982 1656 θαυμάζειν
3011 1587 3070 1638 οὐ
3101 1587 3230 1656 χρή.
3265 1587 3372 1638 Καὶ
3398 1587 3506 1655 γὰρ
3529 1585 3604 1646 ὼς
3635 1583 3796 1654 μοναὶ
3826 1584 4020 1637 πολλαὶ

2447 1678 2600 1744 παρὰ
2633 1676 2708 1746 τῷ
2742 1675 2896 1748 [Θεῷ
2944 1676 3075 1747 καὶ]
3103 1679 3275 1746 Πατρὶ
3327 1677 3436 1728 τῶν
3487 1676 3826 1746 σωζομένων,
3875 1673 4022 1727 οῦτω

2449 1767 2607 1819 κάκεῖ
2647 1769 2894 1837 διάφοροι
2937 1767 3128 1836 τρόποι
3183 1766 3314 1838 [καὶ
3347 1766 3534 1837 τόποι]
3570 1767 3874 1829 κολάσεως·
3911 1767 4022 1817 τῶν

773 1855 914 1916 ignis
961 1864 1212 1922 stagnum
1262 1853 1572 1905 mittantur.
1621 1849 1754 1902 Nam
1807 1859 1867 1903 ut
1894 1851 2036 1920 apud
2090 1851 2255 1906 Deum
2288 1862 2342 1906 et
2375 1837 2464 1928 Βι

2331 1862 2342 1906 ι
2375 1837 2416 1892 Β
2446 1858 2543 1928 μὲν
2574 1859 2936 1930 δριμυτέρων,
2977 1859 3084 1910 τῶν
3137 1837 3193 1910 δὲ.
3243 1859 3675 1929 μαλακωτέρωνο
3735 1852 3809 1913 ὧν
3839 1859 3890 1911 oi.
3945 1857 4022 1928 μὴ

772 1943 985 1998 Patrem
1041 1946 1223 1997 multa:
1269 1945 1651 1997 salvandorum
1701 1951 1828 1996 sunt
1883 1942 2212 2006 mansiones,
2267 1944 2337 1997 ita

2449 1949 2737 2019 ἠξιωμένοι
2771 1949 2868 2018 τῆς
2896 1949 3077 2017 βίϐλου
3111 1950 3206 2018 τῆς
3241 1948 3385 2018 ζωῆς
3418 1947 3857 2019 πειραθήσονται.

775 2039 845 2090 ibi
889 2053 1103 2105 quoque
1138 2037 1349 2088 diversa
1397 2045 1560 2089 erunt
1602 2035 1717 2088 loca
1751 2036 2167 2102 suppliciorum.
2216 2037 2336 2091 Alia
2404 2043 2549 2094 enim
2582 2052 2709 2097 sunt
2731 2044 3034 2108 acerbiora,
3085 2043 3191 2099 alia
3235 2043 3501 2098 mitiora:
3568 2043 3768 2114 quibus
3795 2041 3874 2097 illi
3900 2047 4026 2096 ten-

775 2132 1030 2184 tabuutnr
1061 2129 1112 2181 in
1146 2139 1430 2190 :eternum,
1460 2127 1550 2197 qui
1583 2127 1635 2180 in
1662 2128 1801 2181 libro
1833 2129 2126 2183 viventium
2157 2131 2348 2200 scripti
2373 2148 2481 2188 non
2510 2145 2658 2191 sunt.

1356 2259 1586 2316 CAPUT
1620 2258 1778 2313 LXV.

776 2400 856 2454 Dc
883 2401 1009 2452 (σξιο
1041 2416 1190 2464 noro,
1237 2409 1284 2452 et
1320 2409 1459 2452 terra
1493 2414 1645 2461 nova,
1678 2411 2007 2466 supernaquc
2032 2397 2348 2453 Jerusalem.

848 2642 990 2700 XXI.
1027 2644 1068 2695 i.
1103 2643 1169 2696 Et
1204 2645 1306 2696 vidi
1339 2645 1524 2696 cazlttnt
1562 2660 1748 2697 novum
1804 2654 1852 2698 et
1884 2653 2074 2696 terram
2109 2660 2295 2697 novant
2328 2660 2346 2698 :

779 2735 1009 2801 primunt
1059 2735 1196 2787 enim
1242 2736 1448 2800 cwlnm,
1493 2745 1542 2788 τι
1587 2736 1757 2803 prima
1797 2746 1936 2788 terra
1969 2736 2118 2799 abiit,
2149 2745 2195 2789 et
2217 2752 2359 2789 mare

773 2821 889 2885 jam
932 2838 1032 2874 non
1057 2833 1154 2875 est.

854 2935 918 2988 Et
952 2936 1037 2989 hic
1067 2951 1284 3004 quoque
1317 2936 1468 2990 locus
1502 2936 1705 2989 nullam
1740 2947 2007 2991 creatura!
2043 2938 2355 2992 demolitio-

783 3042 907 3081 nem
951 3036 1043 3079 aut
1091 3027 1366 3080 interitum
1419 3027 1712 3096 signiﬁcat,
1763 3029 1856 3082 sed
1908 3044 2087 3081 rerum
2141 3037 2351 3082 tantum

786 3132 906 3185 qua:
933 3126 1149 3170 exstant
1193 3119 1243 3169 in
1288 3117 1566 3170 meliorem
1613 3127 1812 3171 statum
1845 3121 2356 3173 transmutationetn

784 3216 836 3260 ct
876 3207 1316 3274 inuorationem;
1355 3225 1478 3262 nam
1514 3220 1567 3262 et
1613 3212 1724 3278 ipsa
1770 3212 1933 3264 etiam
1996 3221 2269 3276 creatura,
2302 3223 2360 3266 ut

785 3299 1080 3365 Apostolus
1120 3299 1395 3368 loquitur,
1428 3301 1745 3352 liberabitur
1794 3318 1822 3354 a
1871 3304 2131 3357 servitute
2176 3319 2364 3357 corru-

789 3389 990 3457 ptionis
1017 3391 1068 3441 in
1094 3391 1396 3443 libertatem
1431 3393 1613 3459 gloria:
1644 3393 1877 3444 ﬁliormu
1908 3393 2021 3448 Dei.
2051 3393 2112 3446 Et
2149 3395 2365 3449 divinus

798 3480 1091 3533 Psaltnista
1113 3481 1218 3535 ait:
1244 3482 1472 3534 Mntabis
1494 3496 1660 3545 coact
1680 3484 2100 3546 ntttlubunlnr;et
2120 3495 2365 3550 tanquam

789 3569 1147 3622 indumentum
1191 3572 1416 3623 involves
1461 3588 1544 3623 eos
1593 3574 1655 3623 ".
1713 3572 1925 3625 Etenim
1973 3574 2047 3625 rei
2110 3574 2366 3627 ohsolt-tre

793 3661 874 3712 vrl
908 3662 1228 3714 inveterata:
1261 3663 1561 3723 iuttuvatio,
1607 3677 1710 3714 non
1747 3664 2016 3731 signiﬁcat
2050 3665 2366 3719 substantite

791 3751 936 3804 illius
966 3753 1243 3806 interitum
1284 3753 1366 3804 vel
1398 3754 1647 3807 essentia:
1682 3754 2057 3815 abolitionem,
2094 3756 2186 3808 sed
2224 3757 2360 3810 senii

791 3851 1003 3896 tantum
1056 3843 1501 3907 abscessionem,
1551 3859 1920 3913 rugarumque
1969 3845 2359 3900 inductionmt.

798 3931 926 3986 Nam
966 3948 1069 3986 nos
1099 3949 1316 4001 quoque
1355 3934 1420 3986 de
1451 3935 1688 3997 homine,
1721 3936 1812 4002 qui
1859 3951 2038 3988 mores
2074 3936 2127 3990 in
2164 3937 2359 3990 melius

793 4035 886 4078 aut
935 4025 1086 4092 pejus
1123 4040 1184 4076 ex
1228 4036 1376 4092 parte
1409 4025 1671 4087 mutavit,
1717 4025 1899 4079 dicere
1936 4027 2361 4081 consuevimus:

791 4115 942 4167 Alius
981 4131 1045 4168 ex
1085 4116 1190 4168 alio
1237 4117 1413 4183 [actus
1471 4126 1567 4169 est.
1603 4117 2015 4170 Observandum
2064 4127 2142 4170 est
2181 4128 2363 4172 autem

790 4207 856 4259 tle
887 4207 1026 4260 ccelo
1052 4207 1269 4274 quide
1309 4217 1362 4260 et
1397 4217 1538 4261 terra
1578 4209 1666 4261 hic
1693 4211 1893 4273 asseri,
1925 4209 2230 4273 transiissc,
2266 4211 2368 4264 hoc

791 4306 906 4356 cst,
973 4307 1177 4351 mutata
1239 4312 1360 4352 esse
1403 4309 1476 4361 ct,
1555 4301 1618 4351 ad
1671 4301 1840 4352 nostri
1909 4301 2364 4365 similitudinem,

792 4388 1086 4456 quamdam
1114 4390 1523 4455 quodammodo
1547 4400 1774 4442 mortem
1810 4393 2097 4458 pertulisse
2136 4409 2147 4442 :
2184 4393 2366 4445 subic-

795 4494 918 4532 runt
949 4495 1188 4547 namque
1217 4481 1414 4547 prioris
1435 4483 1843 4534 constitutionis
1869 4483 1920 4535 in
1952 4483 2229 4536 meliorem
2258 4483 2368 4536 for-

3039 2273 3292 2328 ΚΕΦΑΛ.
3323 2269 3440 2328 EE’.

2457 2408 2594 2478 Περὶ
2625 2407 2844 2462 καινῶν
2876 2409 3133 2478 οὐρανοῦ
3176 2427 3240 2463 τε
3286 2409 3384 2462 καὶ
3422 2407 3556 2478 γῆς,
3600 2407 3712 2477 καί,
3741 2405 3853 2477 τῆς
3907 2407 4030 2462 ἇνω

3035 2479 3450 2549 Ἰερουσαλήμ.

2527 2613 2632 2667 Καὶ
2675 2609 2838 2667 εἶδον
2868 2615 3128 2681 οὐρανὸν
3173 2614 3382 2667 καινὸν
3425 2616 3520 2668 καὶ
3551 2613 3666 2683 γῆν
3704 2615 3924 2679 καινήν
3947 2629 3962 2646 ⁸
3996 2613 4028 2667 ὀ

2455 2705 2567 2774 γὰρ
2596 2704 2826 2771 πρῶτος
2869 2705 3126 2773 οὐρανὸς
3163 2705 3263 2757 καί
3307 2701 3570 2774 ἠ’πρώτη
3601 2703 3677 2774 γῆ
3731 2703 4026 2772 παρῆλθε,

2455 2797 2554 2849 καί
2586 2797 2622 2862 ἡ
2659 2796 2942 2851 Odituran
2971 2798 3081 2850 οὐκ
3111 2796 3282 2849 ἔστιν
3311 2798 3418 2850 ἐτι.

2527 2909 2822 2962 Κάνταῦθα
2862 2910 2962 2961 οὐκ
3010 2910 3348 2978 άνυπαρξίαν
3407 2910 3558 2978 δηλοῖ
3607 2910 3706 2978 τῆς
3757 2909 4025 2972 κτίσεως,

2455 3001 2569 3053 ἀλλ’
2615 3001 3008 3070 άνακαινισμδν
3056 3003 3150 3054 ἐπὶ
3183 3002 3242 3054 τὸ
3278 3001 3512 3071 βέλτιον,
3573 3001 3752 3063 καθώς
3802 3018 3969 3071 φησιν
4003 3002 4030 3052 ὁ

2477 3093 2831 3153 Ἀπόστολος·
2886 3091 3033 3162 Αῦτη
3085 3093 3119 3160 ἡ
3175 3093 3349 3154 κτίσις
3396 3092 3888 3162 ἐλευθερωθήσεται
3927 3093 4034 3145 ἀπὸ

2390 3201 2433 3255 C
2464 3182 2564 3250 τῆς
2625 3183 2866 3245 δουλείας
2915 3187 3013 3252 τῆς
3073 3184 3281 3254 φθορᾶς
3323 3183 3399 3243 εἰς,
3436 3184 3534 3253 τὴν
3583 3183 3894 3252 ἐλευθερίαν
3936 3186 4035 3253 τῆς

2463 3273 2621 3342 δόξης
2675 3275 2782 3326 τῶν
2827 3276 3030 3327 τέκνων
3084 3276 3176 3327 τοῦ
3248 3275 3403 3327 Θεοῦ.
3448 3275 3556 3329 Καὶ
3610 3277 3638 3327 ὁ
3699 3276 3839 3338 θεῖος
3902 3278 4034 3344 μελο

2464 3365 2596 3428 ῳδός
2627 3363 2855 3434 [φησιν’
2893 3364 3054 3416 Ὠσεὶ
3087 3364 3500 3437 περιϐόλαιον]
3539 3365 3762 3430 ἑλίξεις
3790 3367 4035 3432 αὐτοὺς,

2466 3455 2562 3506 καὶ
2587 3455 3126 3522 ἑναλλιιγήσονται.
3162 3455 3235 3506 Τὸ
3271 3454 3378 3526 γάρ
3409 3455 3719 3509 παλαιωθὲν
3753 3458 4038 3511 ἀνακαινι-

2465 3544 2707 3612 ζόμενον,
2742 3545 2803 3595 οὑ
2843 3546 2940 3608 τῆς
2983 3545 3170 3607 οὐσίας
3195 3546 3521 3614 ἀφανισμὸν,
3557 3547 3693 3598 ἀλλὰ
3717 3546 3810 3600 τοῦ
3851 3550 4038 3616 γήρως

2466 3637 2558 3686 καὶ
2589 3637 2695 3687 τῶν
2740 3636 2965 3705 ῥυτίδων
3012 3635 3266 3705 σημαίνει
3317 3637 3414 3706 τὴν
3445 3636 3723 3703 ἀπόξεσιν.
3765 3639 3872 3690 Καὶ
3905 3641 4040 3708 ἡμῖν

2466 3724 2518 3777 δὲ
2552 3725 2672 3789 ἔθος
2717 3727 2801 3778 ἐπ’
2832 3726 3136 3797 ἀνθρώπων
3174 3729 3319 3780 κατά
3348 3747 3398 3781 τι
3425 3729 3820 3797 βελτιωθέντων
3859 3730 3892 3799 ἢ
3947 3733 4041 3783 καὶ

2465 3819 2724 3885 χειρόνων
2777 3819 3158 3888 γεγενημένων
3214 3820 3427 3885 λέγειν’
3487 3821 3701 3887 Ἄλλος
3730 3821 3798 3884 ἐξ
3844 3822 4042 3874 ἄλλον

2468 3907 2696 3974 γέγονε.
2749 3909 3092 3977 Σημειωτέον
3123 3909 3200 3973 δὲ,
3236 3911 3316 3963 ὅτι
3356 3911 3484 3978 περὶ
3533 3910 3634 3978 μὲν
3676 3911 3905 3980 οὐρανοῦ
3948 3913 4043 3963 καὶ

2466 3998 2571 4066 γῆς
2598 4000 2886 4068 φησιν,Ιὸτι
2907 4000 3235 4068 παρῆλθεν,
3269 4003 3387 4053 ἀντὶ
3413 4001 3526 4067 τοῦ,
3555 4002 3787 4071 ἠλλάγη,
3821 4004 3914 4056 καὶ
3947 4021 4041 4055 καο

2470 4088 2649 4158 θάπερ
2699 4092 2881 4159 ἡμεῖς,
2927 4087 3037 4144 οἷόν
3091 4109 3210 4144 τινα
3265 4093 3492 4148 θάνατον
3544 4096 3640 4162 τὴν
3672 4095 3908 4164 ἀλλαγὴν
3942 4097 4041 4162 τῆς

2469 4181 2740 4250 προτέρας
2788 4182 3004 4248 ἐδέξατο
3053 4186 3476 4248 καταστάσεως,
3529 4185 3623 4237 καὶ
3659 4183 3824 4256 [τῆς]
3875 4187 3956 4248 είς
3984 4187 4043 4238 τὸ

2469 4273 2716 4340 κρεῖττον
2739 4272 2966 4342 λήξεως.
3022 4274 3158 4344 Περὶ
3197 4275 3250 4328 δὲ
3287 4277 3385 4344 τῆς
3417 4276 3693 4346 θαλάσσης
3736 4278 3923 4346 φησιν,
3959 4279 4043 4331 ὃτι

2481 4362 2542 4416 Ἡ
2571 4363 2853 4417 θάλασσα
2885 4368 2995 4420 οὐκ
3027 4369 3197 4419 ἐστιν
3225 4368 3335 4420 ἔτι.
3368 4369 3462 4430 Τίς
3495 4371 3603 4437 γὰρ
3636 4369 3792 4438 χρεία
3838 4371 4042 4422 θαλάσ-

2473 4472 2592 4524 σης,
2647 4457 2721 4526 μὴ
2767 4458 3035 4526 δεομένων
3079 4461 3384 4530 ἀνθρώπων
3435 4461 3524 4513 τοῦ
3556 4461 3740 4513 πλέειν
3765 4459 3955 4531 αὐτὴν,
4007 4463 4042 4532 ἢ

794 4587 965 4634 mam,
1003 4572 1354 4625 mutationem
1384 4582 1434 4625 et
1475 4582 1676 4626 sortem
1711 4589 1724 4624 :
1762 4573 1827 4627 de
1860 4574 1994 4626 mari
2022 4583 2228 4636 autem,
2257 4587 2362 4626 nun
2401 4545 2441 4598 Β
2470 4548 2485 4600 ξ

2352 4592 2362 4626 Ι
2401 4545 2441 4598 D
2470 4548 2536 4600 δι’
2568 4551 2738 4617 αὐτῆς
2773 4551 3088 4620 πορίζεσθαι
3134 4553 3202 4604 τά
3251 4554 3308 4605 ἐν
3349 4555 3466 4616 ταῖς
3500 4552 3718 4622 μακράν
3759 4554 4043 4621 κειμέναις

792 4661 1028 4730 amplius
1071 4665 1356 4716 exsistere.
1399 4663 1538 4726 Quid
1580 4663 1724 4715 enim
1764 4678 1902 4731 opus
1932 4672 2015 4715 est
2047 4663 2204 4723 mari,
2240 4678 2364 4715 cum

787 4755 975 4806 munis
1019 4754 1159 4821 apud
1205 4755 1456 4806 homines
1502 4754 1738 4807 cessabit
1769 4753 2062 4820 navigatio,
2092 4764 2144 4807 et
2183 4754 2366 4806 adtre-

797 4846 981 4909 giones
1008 4846 1164 4911 longe
1199 4846 1400 4914 positas
1426 4846 1832 4912 peregrinarum
1863 4852 1917 4898 et
1949 4844 2365 4898 advecti:iarum

791 4937 1060 4988 mercium
1084 4951 1245 4988 causa
1279 4936 1588 5005 profectio?
1624 4937 1821 4990 Atlhtec
1866 4951 1988 4988 cum
2021 4952 2166 4988 mare
2194 4936 2367 4988 subli-

801 5029 958 5080 utiori
991 5028 1231 5096 quodam
1280 5043 1443 5080 sensu
1497 5028 1765 5095 signiticet
1801 5042 2015 5095 quoque
2041 5035 2362 5094 praesentem

794 5119 938 5170 hanc
985 5121 1376 5188 mortalemquc
1443 5119 1610 5171 vitam
1679 5117 1932 5170 ﬂuctibus
1981 5127 2032 5169 et
2079 5117 2367 5185 perturba--

795 5209 1038 5262 tionibus
1077 5210 1311 5278 plenam,
1348 5210 1398 5262 in
1431 5209 1530 5261 hac
1557 5211 1718 5260 etiam
1753 5209 1973 5260 notione
2009 5207 2191 5260 nullus
2220 5208 2366 5261 illius

789 5298 902 5350 erit
941 5315 1071 5352 usus
1101 5309 1192 5352 aut
1223 5299 1372 5351 locus
1403 5315 1416 5351 :
1454 5297 1721 5366 siquidem
1754 5297 1887 5348 nihil
1924 5295 2246 5348 turbationis
2270 5306 2364 5348 aut

2473 4638 2678 4706 χώραις
2702 4639 3092 4709 γεωργούμενα
3129 4640 3416 4710 ἁγώγιμας
3469 4642 3604 4710 μετὰ
3637 4641 3797 4694 τοῦτο
3829 4643 3924 4694 καὶ
3951 4644 4044 4692 τὸν

2470 4729 2760 4801 ταραχώδη
2811 4729 2922 4798 βίον
2981 4733 3073 4783 καὶ
3138 4733 3486 4801 πολυκύμονα
3528 4733 3898 4802 σημαινούσης
3946 4734 4043 4800 τῆς

2473 4819 2768 4889 θαλάσσης,
2805 4823 2879 4889 μὴ
2930 4817 3067 4875 εἶναι
3111 4823 3278 4892 αὐτῆς
3318 4825 3436 4876 τότε
3469 4825 3676 4892 χρείαν.
3721 4825 3887 4876 οὐδὲν
3939 4825 4044 4894 γὰρ

2473 4910 2724 4980 λείψανον
2762 4915 3006 4983 ταραχῆς
3036 4915 3067 4984 ἢ
3103 4915 3268 4982 φόΰου
3293 4918 3350 4968 ἐν
3376 4920 3485 4978 τοῖς
3519 4916 3692 4982 ἁγίοις
3722 4917 3842 4969 τότε
3875 4934 4017 4968 κατα

2473 5002 2846 5073 λειφθήσεται.
2877 5006 3193 5075 [Πιστοῦται
3221 5007 3276 5059 δὲ
3309 5008 3510 5076 ταύτην
3537 5009 3634 5078 τὴν
3665 5010 3920 5061 ὑπόνοιαν
3953 5010 4043 5059 καὶ

2473 5102 2500 5152 ὁ
2521 5097 2688 5164 μέγας
2715 5098 3012 5162 Βασίλειος,
3036 5100 3324 5170 προφέρων
3349 5101 3448 5169 τὴν
3469 5101 3560 5152 τοῦ
3594 5101 3817 5152 Ἡσαΐου
3848 5098 4047 5167 χρῆσιν

2475 5198 2818 5263 φάσκουσανο
2865 5195 2918 5246 '0
2961 5194 3154 5262 λέγων
3189 5193 3262 5261 τῇ
3300 5195 3584 5257 ἀϐύσσῳο
3630 5191 4047 5260 Ἕρημωθήση,

2476 5291 2572 5342 καί
2595 5291 2825 5354 πάντας
2852 5288 2991 5353 τοὺς
3015 5289 3318 5356 ποταμούς
3341 5303 3458 5339 σου
3479 5282 3764 5353 amara]

792 5391 1182 5445 l'ormidinisin
1209 5393 1412 5444 sanctis
1439 5401 1569 5443 tunc
1603 5389 1870 5457 reliquum
1928 5390 2053 5441 erit.
2087 5388 2386 5441 Conﬁrmat
2442 5388 2580 5441 hanc
2618 5387 2932 5455 Opinionem
2988 5397 3217 5450 magnus
3251 5396 3467 5450 quoque
3523 5379 3775 5442 Basilius,
3807 5376 4050 5447 allegans

795 5481 932 5536 iilud
972 5480 1158 5533 Isaiae:
1205 5479 1310 5542 Qui
1335 5480 1460 5530 dicit
1486 5480 1692 5547 abysso,
1720 5479 1783 5531 In
1814 5481 2074 5531 drsertnm
2101 5479 2368 5544 rcdigeris,
2405 5491 2452 5530 et
2477 5481 2654 5531 omnia
2682 5480 2905 5547 ﬂumina
2935 5488 3025 5530 tua
3065 5477 3334 5529 desiccabu
3360 5476 3425 5526 ⁷³.

867 5594 980 5663 99
1024 5592 1238 5655 XXI,2.
1272 5594 1336 5646 Et
1374 5592 1706 5663 egoJoannes
1729 5593 2369 5646 vidisanctantcit-iratcm

866 5768 908 5794 "
949 5767 1076 5834 Sap.
1113 5784 1148 5831 t,
1188 5766 1271 5819 13.
1351 5769 1394 5797 ⁷³
1440 5765 1577 5824 Psal.
1613 5785 1684 5834 cr,
1719 5768 1807 5822 ‘27.
1885 5769 1930 5799 ⁷³
1962 5767 2060 5821 Ιδτι.
2095 5784 2236 5831 xm,
2265 5768 2355 5821 2'7.

2549 5591 2652 5646 Καὶ
2690 5593 2804 5660 τὴν
2830 5593 3010 5645 πόλιν
3040 5590 3152 5658 τὴν
3182 5589 3359 5659 ἁγίαν
3406 5583 3801 5655 Ἰερουσαλὴμ
3830 5581 4048 5648 καινὴν
