4282 6440
256 406 371 470 425

1221 394 1834 456 COMMENTARIUS
1869 392 1950 452 ΙΝ
1992 392 2514 454 APOCALYPSIN.

3402 394 3506 461 425

261 515 431 570 εἶδον
463 510 947 566 καταϐαίνουσαν
985 507 1053 559 ὲκ
1100 505 1210 560 τοῦ
1252 505 1532 572 οὐρανοῦ,
1571 505 1692 558 ἀπὸ
1733 501 1840 555 τοῦ
1869 507 1912 563 Α
1942 535 1952 552 .

1818 501 1840 554 ὗ
1869 507 1912 563 Α
1942 498 2242 555 Jerusalem
2277 517 2484 562 novam,
2526 497 2917 552 descendentem
2951 498 3014 551 de
3041 514 3192 566 certo,
3221 515 3253 551 a
3283 499 3388 555 Deo
3415 519 3509 571 pa.

261 607 413 662 Θεοῦ
460 600 933 672 ἡτοιμασμένην,
969 599 1048 665 ὡς
1093 598 1337 681 νύμφην
1381 594 1835 664 κεκοσμημένην

259 696 342 761 τῷ
366 693 538 761 ἀνδρί
568 689 778 756 αὐτῆς.

345 787 440 840 Ἐκ
462 785 516 838 δὲ
537 783 630 836 τοῦ
647 781 744 852 τὴν
763 779 918 832 πόλιν
943 778 1042 847 τὴν
1077 774 1239 843 ἁγίαν
1275 772 1632 844 Ἰερουσαλὴμ
1649 769 1839 838 καινὴν

260 878 585 941 θεάσασθαι,
611 875 885 928 δείκνυται
915 871 976 924 τὸ
1008 871 1108 940 τῆς
1141 868 1456 937 καινότητος
1484 866 1658 936 ὄνομα
1679 905 1694 930 ,
1739 864 1840 931 τῆς

261 975 357 1025 ἐπὶ
386 972 447 1024 τὸ
492 969 842 1038 φαιδρότερον
875 963 1286 1033 μεταποιήσεως
1339 958 1647 1029 γνώρισμα,
1689 953 1757 1028 ἦς
1805 958 1839 1024 ἡ

262 1067 379 1120 ἄνω
426 1061 783 1133 Ἰερουσαλὴμ
824 1057 1097 1123 τεύξεται,
1146 1062 1209 1106 ὲκ
1254 1053 1363 1106 τῶν
1397 1050 1707 1118 ἀσωμάτων
1749 1049 1842 1100 δυ-

264 1159 485 1226 νάμεων
513 1153 719 1208 ἄνωθεν
755 1151 948 1220 μέχρις
981 1146 1284 1217 ἀνθρώπων
1308 1144 1733 1207 καταϐαίνουσα,
1757 1141 1846 1195 διὰ

264 1248 330 1301 τὸ
364 1245 546 1316 κοινὴν
570 1242 821 1312 γενέσθαι
853 1238 1091 1310 κεφαλὴν
1118 1236 1442 1308 ἀμφοτέρων
1493 1234 1727 1305 Χριστὸν
1755 1232 1846 1286 τὸν

266 1338 403 1390 θεὸν
433 1335 608 1405 ἡμῶν.
645 1332 792 1402 Αὕτη
818 1332 877 1384 δὲ
909 1333 941 1399 ἡ
971 1330 1125 1392 πόλις
1149 1329 1206 1394 ἐξ
1238 1329 1409 1394 ἁγίων
1432 1327 1844 1398 ἀρμολογεῖται·

271 1427 401 1494 περὶ
429 1417 504 1476 ὧν
530 1423 861 1491 γέγραπται’
899 1419 1064 1472 Λίθοι
1091 1418 1245 1487 ἅγιοι
1271 1417 1583 1471 κυλιόνται
1609 1415 1708 1468 ἐπι
1737 1414 1848 1482 τῆς

269 1514 406 1584 γῆς·
437 1514 827 1583 ἀκρογωνιαίον
856 1512 946 1564 τὶν
992 1508 1225 1579 Χριστὸν
1255 1508 1474 1577 ἔχουσα.
1524 1507 1754 1574 Λέγεται
1791 1506 1848 1559 δὲ

270 1610 453 1671 πόλις
489 1608 610 1675 μὲν,
661 1605 736 1667 ὡς
779 1605 878 1674 τῆς
922 1601 1189 1672 βασιλίδος
1243 1601 1473 1671 Τριάδος
1511 1601 1845 1670 οἰκητήριον

273 1698 478 1749 ἐνοικεῖ
506 1694 615 1765 γὰρ
659 1698 715 1747 ὲν
745 1695 884 1764 αὐτῇ
921 1695 1013 1747 καὶ
1045 1693 1429 1763 ὲμπεριπατεῖ,
1475 1691 1656 1754 καθὼς
1682 1693 1851 1760 ἐπήγ-

274 1789 484 1857 γελται·
511 1790 717 1857 νύμφη
752 1785 882 1858 [δὲ,]
912 1786 987 1850 ὡς
1014 1785 1328 1854 κολλωμένη
1354 1782 1431 1853 τῷ
1452 1783 1720 1854 Δεσπότῃ,
1755 1783 1850 1835 καὶ

277 1882 658 1952 συναπτομένη
705 1882 786 1942 είς
826 1880 1002 1950 ἄκραν
1036 1880 1131 1932 καὶ
1166 1877 1489 1931 ἀδιάστατον
1535 1877 1848 1945 συνάφειαν·
1884 1859 1925 1914 Β

275 1972 700 2043 κεκοσμημένη
749 1973 829 2036 δὲ,
864 1975 937 2035 ὡς
976 1972 1203 2033 ἔσωθεν,
1240 1970 1379 2022 κατά
1407 1969 1496 2022 τὸν
1526 1969 1852 2040 Ψαλμῳδὸν,

278 2068 379 2137 τὴν
417 2067 574 2134 δόξαν
613 2066 707 2119 καὶ
742 2066 842 2136 τὴν
872 2064 1023 2136 ὥραν
1051 2064 1107 2116 ὲν
1139 2066 1206 2134 τῇ
1236 2061 1477 2133 ποικιλίᾳ
1512 2062 1616 2114 τῶν
1645 2061 1854 2132 ἀρετῶν

277 2175 503 2227 εχουσα.

355 2336 460 2391 Καὶ
501 2336 737 2406 ἤκουσα
767 2337 974 2406 φωνῆς
1007 2338 1275 2407 μεγάλης
1318 2339 1386 2391 ἐκ
1423 2338 1530 2392 τοῦ
1574 2337 1856 2405 οὐρανοῦ,

279 2431 607 2500 ,λεγούσης-
677 2431 832 2486 Ἰδοὺ
868 2432 906 2498 ἠ
949 2432 1151 2499 σκηνὴ
1195 2430 1300 2484 τοῦ
1358 2431 1506 2485 Θεοῦ
1547 2429 1696 2499 μετὰ
1742 2427 1860 2482 τῶν

280 2522 634 2590 ἀνθρώπων
662 2524 756 2576 zeal
791 2524 1100 2591 σκηνώσει
1136 2523 1264 2591 μετ’
1302 2521 1518 2576 αὐτῶν·
1553 2521 1650 2574 καί
1691 2520 1861 2576 αὐτοὶ

282 2614 436 2679 λαὸς
462 2613 651 2667 αὑτοῦ
680 2615 949 2669 ἔσονται·
986 2614 1082 2666 καί
1112 2614 1292 2678 αὐτὸς
1321 2616 1353 2666 ὀ
1377 2613 1519 2678 Θεὸς
1537 2615 1706 2667 ἔσται
1732 2613 1860 2680 μετ’

284 2704 486 2757 αὐτῶν
515 2703 682 2775 [Θεὸς
715 2703 958 2775 αὐτῶνῖθ
987 2705 1083 2756 καὶ
1110 2704 1416 2772 ἐξαλείψει
1453 2704 1508 2774 [ό
1549 2702 1715 2773 Θεὸς]
1741 2701 1864 2757 πᾶν

284 2791 554 2859 δάκρυον
584 2794 702 2848 ἀπὸ
740 2794 860 2847 τῶν
898 2795 1222 2864 ὀφθαλμῶν
1257 2793 1474 2849 αὐτῶν.

360 2888 434 2938 Οὐ
445 2881 666 2955 ρανᾶθεν
696 2889 724 2940 ὁ
751 2887 904 2955 ᾶγιος
933 2888 1266 2952 διδάσκεται,
1294 2888 1554 2959 ἀληθινὴν
1581 2887 1720 2942 εἶναι
1744 2890 1866 2944 ταύ·

287 2997 390 3053 την
414 2982 512 3050 τὴν
539 2981 765 3050 σκηνήν·
797 2976 863 3050 ἧς
906 2977 974 3050 ἧν
1019 2982 1052 3051 ἡ
1083 2980 1161 3051 τῷ
1201 2981 1406 3051 Μωῦσῇ
1445 2981 1866 3051 παραδειχθεῖσα

290 3073 481 3136 τύπος,
520 3073 719 3142 μᾶλλον
769 3073 825 3125 δὲ
872 3073 1221 3142 προτύπωσις
1271 3073 1466 3137 τύπου,
1495 3077 1592 3142 τῆς
1628 3075 1866 3144 σήμερον

303 3165 628 3235 Ἐκκλησίας
658 3167 826 3228 τύπος
858 3167 1222 3236 τυείχάνουσαο
1260 3168 1317 3219 ἐν
1344 3166 1520 3237 ταύτῃ
1544 3170 1608 3236 τῇ
1649 3166 1868 3237 ἀχειροτ

295 3261 502 3328 ποιήτῳ
535 3260 705 3328 σκηνῇ
733 3259 834 3310 οὐκ
860 3259 1012 3311 ἔσται
1036 3255 1333 3325 κλαυθμὸς,
1360 3255 1482 3308 οὔτε
1506 3255 1758 3325 δάκρυον.
1810 3256 1867 3308 'U

293 3349 403 3419 γὰρ
448 3351 547 3419 τῆς
579 3348 804 3401 ἀεννάου
852 3348 1028 3416 χαρᾶς
1083 3345 1318 3415 χορηγὸς
1361 3344 1423 3396 τὸ
1463 3343 1692 3415 ὁρᾶσθαι
1734 3347 1869 3396 πᾶσι

293 3440 598 3510 δωρήσεται
625 3443 735 3502 τοῖς
766 3440 943 3508 ἁγίοις
973 3438 1071 3508 τὴν
1105 3437 1444 3508 εὐφροσύνην
1475 3437 1576 3508 τὴν
1615 3437 1867 3505 ἄληκτον.

368 3620 478 3674 Καὶ
507 3623 538 3674 ό
571 3619 826 3684 θάνατος
882 3620 991 3672 οὐκ
1031 3618 1202 3671 ἐσται
1241 3618 1350 3682 ἔτι,
1411 3617 1571 3688 [οὔτε
1616 3617 1868 3682 πένθος,

296 3715 437 3768 οὔτε
466 3712 719 3781 κραυγὴ,
743 3712 882 3765 οὗτε
916 3712 1126 3776 πόνος,
1159 3711 1269 3764 οὐκ
1307 3710 1477 3764 ἔσται
1507 3709 1652 3780 ἐπ’]
1687 3709 1776 3762 ὅτι
1805 3709 1873 3763 τὰ

297 3806 501 3875 πρῶτα
525 3804 820 3871 ἀπῆλθον.

371 3899 480 3949 Καὶ
517 3895 721 3968 [τοῦτο]
766 3896 908 3949 κατὰ
936 3897 997 3949 τὸ
1053 3893 1456 3964 γεγραμμένον·
1491 3892 1719 3964 [Ἔνθα]
1760 3893 1873 3946 ἀπ-

295 3989 443 4054 έδρα
481 3989 671 4056 ὀδύνη
710 3987 858 4059 [καὶ]
886 3989 1050 4054 λύπη
1094 3988 1191 4039 καί
1250 3985 1606 4054 στεναγμός.
1657 3986 1729 4037 Τὸ
1781 3984 1871 4050 δὲ,

304 4080 383 4132 Τὰ
416 4078 619 4146 πρῶτα
641 4077 943 4146 ἀπῆλθον,
977 4079 1234 4146 σημαίνει
1272 4079 1354 4130 ὅτι
1386 4079 1418 4146 ὴ
1454 4077 1562 4129 τῶν
1586 4076 1757 4144 ἁγίων
1784 4094 1876 4128 κα-

298 4171 570 4224 κοπάθεια
612 4172 706 4224 καὶ
749 4170 859 4223 τῶν
883 4169 1096 4224 ἀσεϐῶν
1127 4172 1158 4239 ὴ
1207 4168 1496 4234 ἀλαζονεία
1525 4169 1699 4239 πέρας
1730 4167 1876 4237 εἴλη-

300 4280 423 4332 φεν,
449 4265 697 4333 ἑκατέρῳ
719 4263 923 4315 τούτων
951 4262 1303 4332 κατάλληλον.

874 4379 1122 4433 ΚΕΦΛΛ.
1165 4380 1299 4446 sq".

435 4494 576 4564 Περὶ
603 4490 689 4550 ὧν
718 4492 887 4548 εἶπεν
924 4498 956 4549 ό
983 4495 1052 4547 ἐν
1086 4494 1162 4558 τῷ
1184 4497 1373 4562 θρόνῳ
1401 4497 1753 4566 καθήμενος.

376 4613 484 4665 Καὶ
518 4609 690 4664 εἶπεν
737 4615 768 4665 ό
805 4611 1147 4679 καθήμενος
1190 4611 1285 4663 ἐπὶ
1330 4611 1409 4675 τῷ
1455 4613 1666 4679 θρόνῳ·
1727 4614 1884 4668 Ἰδοὺ

303 4704 482 4756 καινὰ
513 4703 710 4755 πάντα
755 4700 922 4755 ποιῶ.
971 4702 1081 4755 Καὶ
1129 4701 1289 4770 λέγει
1327 4719 1447 4770 μοι·
1497 4703 1745 4772 Γράψον
1795 4705 1883 4758 ὅτι

303 4792 471 4850 οὗτοι
505 4797 558 4846 ot
603 4795 772 4863 λόγοι
803 4795 1072 4861 ἀληθινοὶ
1110 4795 1204 4847 καί
1233 4795 1435 4847 πιστοί
1459 4799 1594 4848 εισι·
1628 4797 1725 4848 καὶ
1753 4794 1883 4850 εἶπέ

299 4902 428 4954 μοι·
461 4884 693 4953 Γέγενα
732 4885 890 4956 [ἐγὼ]
926 4885 988 4937 τὸ
1023 4902 1061 4937 a
1092 4885 1187 4937 καὶ
1219 4886 1283 4938 τὸ
1323 4903 1389 4951 ω,
1422 4887 1460 4954 ἠ
1502 4886 1658 4960 ἀρχὴ
1691 4887 1883 4940 καὶτὸ

308 4978 503 5042 τέλος.

394 5068 663 5137 Ἀληθινοὶ
692 5069 742 5119 oi
771 5068 919 5136 λόγοι
946 5069 996 5121 οἱ
1030 5068 1120 5122 ὑπ’
1154 5069 1321 5138 αὐτῆς
1353 5069 1451 5137 τῆς
1495 5069 1752 5139 ἀληθείας
1792 5072 1884 5124 ὲκ-

310 5161 628 5230 φερόμενοι,
661 5162 756 5212 καὶ
784 5162 978 5230 μηκέτι
1009 5162 1097 5214 διὰ
1125 5162 1429 5232 συμϐόλων,
1455 5161 1590 5216 ἀλλά
1616 5163 1682 5216 δι’
1708 5164 1886 5216 αὐτῶν

309 5255 419 5307 τῶν
455 5255 796 5324 πραγμάτων
832 5257 1251 5325 γινωσκόμενοι.
1291 5257 1460 5328 Ἀρχὴ
1482 5257 1536 5309 δὲ
1569 5260 1661 5310 καὶ
1691 5259 1839 5321 τέλος
1866 5263 1893 5311 ὀ

312 5345 574 5413 Χριστὸς,
611 5344 685 5407 ὡς
717 5344 958 5413 πρῶτος,
986 5344 1072 5396 διὰ
1106 5345 1203 5413 τὴν
1236 5344 1484 5414 Θεότητα·
1526 5344 1618 5398 καὶ
1646 5345 1892 5414 ἔσχατος,

1909 4540 1963 4599 D

1941 605 2112 646 ratam
2136 593 2272 646 sicut
2300 609 2542 660 sponsam
2577 601 2824 646 ornatam
2850 591 2960 643 viro
2990 606 3106 644 suo.

2017 767 2082 824 Et
2139 767 2270 821 hinc
2331 781 2551 823 rursum
2605 769 2936 834 ostenditur,
2988 771 3251 828 novitatis
3314 788 3513 830 nomen

1945 863 2450 918 transformationis
2494 863 2550 917 in
2598 865 2860 920 lentiorem
2902 875 3108 922 statum
3154 884 3341 926 natam
3368 888 3512 940 esse,

1944 969 2110 1023 quam
2141 970 2376 1025 superna
2416 955 2505 1009 illa
2533 953 2838 1010 Jerusalem
2870 971 3270 1029 consequetur;
3301 979 3423 1033 qua:
3450 981 3516 1019 ex

1947 1046 2240 1100 virtutibus
2293 1046 2543 1116 corporis
2593 1047 2908 1114 expertibus
2974 1064 3172 1106 exorsa
3219 1067 3393 1123 usque
3450 1055 3517 1109 ad

1947 1139 2199 1193 homines
2257 1138 2578 1205 descendit;
2640 1153 2920 1208 unumque
2974 1153 3058 1195 est
3105 1151 3161 1197 et
3219 1145 3522 1214 appellatur

1948 1247 2170 1302 corpus,
2207 1246 2274 1285 co
2299 1236 2444 1300 quod
2475 1230 2730 1287 Christus
2767 1231 2912 1288 Deus
2960 1241 3014 1288 et
3045 1233 3308 1292 Dominus
3336 1249 3523 1294 noster

1949 1339 2240 1379 commune
2273 1332 2630 1392 utrorumque
2658 1323 2728 1377 sit
2749 1333 2933 1392 caput.
2963 1322 3092 1378 llaec
3121 1335 3304 1381 autem
3326 1330 3522 1386 civitas

1950 1418 2303 1471 constituitur
2351 1430 2418 1470 ex
2474 1417 2697 1480 sanctis,
2747 1415 2816 1469 de
2857 1415 3060 1485 quibus
3093 1419 3358 1486 scriptum
3399 1431 3519 1474 est:

1951 1507 2176 1575 Lapides
2213 1510 2386 1562 sancti
2420 1507 2702 1562 volvuntur
2732 1508 2783 1560 in
2816 1518 2958 1561 terra
2985 1508 3032 1539 "
3065 1524 3078 1560 :
3113 1509 3394 1565 Christum
3427 1527 3525 1566 an-

1951 1602 2194 1670 gularem
2221 1600 2451 1669 lapidem
2476 1602 2688 1655 sortita.
2717 1598 2926 1654 Dicitur
2945 1609 3129 1655 autem
3155 1603 3364 1668 civitas,
3389 1619 3526 1674 qua--

1953 1694 1998 1748 si
2039 1693 2236 1762 regina:
2267 1693 2480 1748 Triadis
2509 1693 2878 1758 domicilium;
2917 1694 3126 1747 habitat
3154 1697 3298 1748 enim
3333 1708 3384 1750 et
3411 1714 3528 1750 air.-

1954 1786 2104 1840 bulat
2146 1785 2200 1838 itt
2254 1784 2366 1848 illa,
2399 1786 2554 1856 juxta
2605 1786 3027 1855 promissionem
3067 1801 3246 1839 suam.
3298 1783 3530 1841 Vocatur

1957 1893 2172 1933 rursum
2202 1869 2420 1947 sponsa,
2471 1886 2731 1947 tanquam
2769 1877 3000 1931 Domino
3034 1878 3339 1943 cohaerens,
3373 1895 3528 1934 sum-

1959 1987 2152 2038 tuaque
2181 1981 2234 2025 et
2265 1970 2537 2024 indivulsa
2567 1970 2959 2038 conjunctione
2999 1968 3076 2021 illi
3117 1969 3289 2022 unita.
3321 1969 3531 2025 Ornata

1956 2062 2216 2131 denique,
2244 2073 2514 2130 tanquam
2545 2079 2668 2132 quae
2700 2063 3016 2133 praeclaram
3039 2061 3182 2116 intra
3211 2078 3269 2118 se
3298 2065 3528 2135 gloriam

1957 2166 2012 2209 et
2068 2155 2524 2222 pulchritudinem
2563 2170 2628 2209 ex
2685 2155 2947 2208 virtutum
2998 2154 3265 2208 varietate
3317 2166 3526 2223 natam,

1958 2247 2258 2302 secundant
2290 2245 2666 2310 Psalmistam,
2690 2247 2988 2302 contineat.

2031 2337 2173 2405 λΧΙ,
2207 2339 2261 2403 5,
2306 2339 2360 2392 4.
2410 2337 2479 2391 Et
2521 2339 2698 2392 audivi
2729 2355 2904 2392 vocem
2944 2358 3192 2413 magnam
3238 2346 3303 2398 de
3346 2346 3538 2400 throno

1960 2431 2216 2486 dicentem
2245 2447 2264 2486 :
2301 2430 2438 2486 Ecce
2468 2433 2867 2486 tabernaculum
2903 2433 3001 2488 Dei
3033 2452 3153 2490 cum
3179 2438 3484 2492 hominibus
3519 2454 3536 2490 :

1961 2535 2010 2578 et
2057 2525 2317 2578 habitabit
2358 2541 2477 2578 cum
2527 2525 2622 2589 eis,
2671 2534 2721 2579 et
2767 2526 2872 2595 ipsi
2909 2527 3091 2596 populi
3132 2529 3245 2597 ejus
3278 2538 3454 2597 erunt,
3489 2538 3540 2584 et

1969 2622 2079 2688 ipse
2103 2621 2237 2673 Deus
2267 2636 2382 2672 cum
2407 2621 2481 2672 eis
2498 2619 2600 2672 erit
2625 2635 2807 2671 eorum
2827 2618 2988 2673 Deus.
3017 2618 3082 2672 Et
3112 2621 3369 2691 absterget
3399 2622 3539 2678 Deus

1965 2729 2167 2769 onmem
2201 2712 2497 2781 lacrymam
2520 2711 2584 2763 ab
2625 2709 2791 2763 oculis
2811 2726 3011 2764 eorum.

2040 2891 2275 2945 Sanctus
2315 2891 2648 2958 evangelista
2697 2906 2726 2945 e
2757 2891 2896 2946 cosio
2926 2891 3175 2960 docetur,
3213 2894 3543 2951 tabernacu—

1971 2986 2079 3038 lum
2116 2985 2220 3037 Itoe
2249 2999 2434 3036 verum
2468 2998 2626 3048 esse;
2671 2984 2830 3052 cujus
2867 2994 3030 3055 typus
3073 2998 3333 3044 ostensus
3367 2989 3549 3044 fuerat

1973 3075 2179 3145 Moysi;
2214 3075 2294 3128 vel
2319 3075 2566 3143 quaedam
2597 3075 2782 3129 verius
2802 3077 2912 3146 typi
2945 3078 3258 3147 protyposis
3289 3089 3342 3134 et
3374 3080 3544 3135 simu-

1972 3169 2213 3230 lacrutn;
2244 3183 2368 3222 cum
2403 3168 2686 3237 prmsentis
2711 3169 2874 3237 hujus
2901 3168 3159 3225 Ecclesia:
3191 3181 3350 3242 typus
3376 3175 3549 3229 exsti-

1973 3261 2118 3314 terit.
2163 3261 2220 3312 In
2259 3261 2362 3314 hoe
2407 3271 2592 3314 autem
2638 3261 3016 3326 tabernaculo,
3069 3263 3217 3332 quod
3259 3266 3548 3323 hominum

1975 3353 2231 3406 manibus
2271 3352 2476 3406 factum
2519 3367 2627 3407 non
2663 3363 2766 3418 est,
2807 3354 2989 3409 nullus
3024 3355 3130 3409 erit
3169 3355 3350 3423 ﬂetus,
3385 3360 3551 3414 nulla:

1973 3446 2244 3516 lacrymat.
2279 3444 2412 3500 Nam
2430 3447 2520 3516 qui
2553 3455 2817 3500 aeternum
2851 3447 3110 3516 gaudium
3142 3449 3394 3519 largitur,
3425 3466 3554 3507 san-

1976 3537 2078 3591 ctis
2105 3539 2361 3592 omnibus
2397 3538 2640 3592 laetitiam
2693 3540 2818 3595 linis
2868 3550 3144 3609 expertem
3181 3542 3546 3612 impertictur.

2051 3628 2118 3682 Et
2138 3646 2275 3682 mors
2294 3630 2436 3682 ultra
2465 3647 2568 3682 non
2591 3633 2716 3692 erit,
2743 3647 2901 3700 neque
2927 3631 3123 3696 luctus,
3142 3649 3302 3702 neque
3323 3634 3548 3701 clamor,

1978 3737 2139 3791 neque
2165 3723 2316 3774 dolor
2344 3723 2442 3775 erit
2476 3723 2649 3786 ultra;
2687 3722 2813 3792 quia
2845 3723 3019 3791 prima
3043 3723 3306 3778 abierunt.

2055 3897 2168 3953 Iloc
2184 3900 2364 3968 ipsum
2387 3909 2471 3954 est
2485 3900 2630 3970 quod
2649 3899 2779 3956 alibi
2802 3899 3068 3969 scriptum
3090 3909 3267 3958 exstat
3288 3919 3302 3968 ;
3328 3918 3544 3975 netttpe,

1983 3991 2202 4060 Aufugit
2235 3991 2409 4055 dolor,
2445 3992 2694 4059 tristitia,
2732 4002 2780 4045 et
2821 3992 3046 4060 gemitus
3079 3991 3148 4047 ".
3188 3993 3344 4059 Quod
3374 4005 3558 4051 autem

1981 4084 2159 4150 prima
2182 4083 2375 4137 abiisse
2406 4084 2686 4145 dicuntur,
2732 4085 2837 4139 hoc
2873 4099 2998 4138 cum
3060 4094 3379 4140 sanctorum
3423 4089 3560 4142 ami-

1984 4177 2247 4240 ctionem,
2277 4187 2393 4230 tum
2427 4177 2722 4247 impiorum
2743 4192 2959 4248 quoque
2988 4176 3360 4244 insolentiam,
3390 4179 3555 4236 ﬁnem

1985 4269 2204 4338 utrique
2236 4269 2428 4324 horum
2464 4279 2856 4340 congruentem
2891 4267 3090 4323 fecisse
3119 4267 3412 4336 signiticet.

2546 4383 2776 4437 CAPUT
2811 4382 2996 4438 LXVI.

1992 4496 2304 4566 Cujusmodi
2346 4497 2408 4550 ab
2451 4514 2510 4550 eo
2544 4499 2688 4550 dicta
2722 4500 2827 4551 sint
2871 4502 2960 4568 qui
2987 4501 3199 4554 sedebat
3241 4503 3295 4555 in
3345 4502 3557 4556 tltrono.

2064 4609 2204 4672 XXI,
2232 4613 2283 4670 5,
2306 4610 2358 4665 6.
2382 4610 2448 4664 Et
2481 4612 2941 4681 dixitquisedebat
2961 4616 3009 4666 in
3033 4617 3399 4669 throno:Ecce
3429 4632 3564 4669 nova

1986 4700 2125 4768 jacio
2157 4700 2354 4750 omnia.
2391 4697 2453 4750 Et
2492 4700 2625 4750 dixit
2661 4699 2813 4760 mihi,
2846 4698 3026 4753 Scribe
3060 4715 3077 4752 :
3110 4704 3236 4770 quia
3266 4705 3374 4754 Itarc
3402 4705 3559 4756 verba

1985 4791 2297 4856 ﬁdelissima
2335 4799 2452 4841 sunt
2483 4799 2530 4841 et
2568 4807 2705 4841 reret.
2743 4788 2802 4841 Et
2836 4791 2975 4842 dixit
3010 4791 3177 4844 nti/ti:
3207 4791 3436 4845 Factum
3462 4801 3557 4846 est.

1987 4883 2097 4952 Ego
2123 4899 2234 4935 sum
2260 4885 2302 4934 A
2336 4892 2383 4935 et
2417 4884 2481 4946 Ω,
2523 4883 2729 4934 initium
2765 4894 2807 4933 et
2847 4883 2990 4950 ﬁnis.

2066 5068 2198 5121 Vera
2238 5079 2363 5121 sunt
2420 5069 2531 5120 haec
2575 5069 2737 5120 verba
2765 5108 2779 5131 ,
2830 5076 3018 5136 utpote
3063 5067 3131 5120 ab
3170 5067 3287 5137 ipsa
3337 5067 3567 5120 veritate

1990 5161 2253 5230 profecta,
2300 5175 2472 5226 neque
2513 5175 2608 5226 per
2637 5159 2836 5228 ﬁguras
2879 5171 2972 5211 aut
3019 5157 3287 5227 symbola,
3321 5165 3378 5209 ut
3409 5156 3561 5214 olim,

1992 5252 2084 5306 sed
2113 5268 2203 5319 per
2236 5267 2318 5302 res
2355 5251 2500 5318 ipsas
2531 5251 2768 5319 cognita.
2802 5249 2896 5302 Est
2930 5260 3110 5304 autem
3141 5249 3286 5302 idem
3309 5246 3561 5306 Christus

1995 5345 2305 5411 principium
2337 5352 2386 5394 et
2420 5343 2566 5409 ﬁnis,
2606 5344 2806 5409 primus
2855 5342 3035 5394 itidem
3069 5350 3118 5393 ct
3161 5340 3420 5402 ultimus;
3461 5339 3566 5392 hoc

311 5437 403 5488 διὰ
435 5436 532 5506 τὴν
562 5435 988 5506 ἀνθρωπότητα,
1021 5436 1114 5490 καὶ
1158 5436 1231 5498 ὠς
1266 5437 1374 5488 ἀπὸ
1403 5437 1500 5506 τῆς
1535 5438 1757 5508 πρώτης
1787 5436 1896 5489 τῶν
1995 5458 2002 5486 t

1875 5456 1896 5488 ν
1995 5437 2236 5504 quidem.
2299 5447 2518 5504 propter
2565 5445 2902 5503 assumptam
2955 5432 3386 5495 humanitatem;
3437 5430 3566 5494 illud

312 5527 622 5593 ἀσωμάτων
649 5528 878 5589 κτίσεως
907 5527 1072 5598 μέχρι
1107 5528 1217 5580 τῶν
1240 5527 1563 5582 τελευταίων
1596 5529 1895 5598 ἀνθρώπων

311 5622 412 5688 τὴν
436 5620 644 5673 οἰκείαν
675 5619 930 5671 ἐκτείνων
963 5621 1238 5690 πρόνοιαν.

1998 5544 2147 5590 γει-ο,
2193 5536 2412 5596 propter
2460 5528 2756 5580 increatam
2803 5524 3167 5578 divinitatem.
3221 5520 3428 5575 Dicitur
3460 5520 3568 5571 alia

1998 5634 2211 5688 quoque
2237 5617 2445 5672 ratione
2471 5618 2513 5670 Δ
2532 5617 2660 5679 etO,
2690 5616 2814 5685 quia
2843 5613 3101 5668 nimirum
3125 5627 3156 5667 a
3185 5610 3358 5683 prima
3388 5623 3568 5668 rerum

307 5713 560 5783 corporis
606 5714 910 5782 expertium
955 5714 1285 5778 substantia,
1318 5730 1487 5784 usque
1513 5717 1579 5771 ad
1629 5716 1880 5770 ultimum
1915 5713 2188 5768 hominem
2231 5724 2328 5765 sua
2354 5709 2690 5780 providentia
2723 5707 2964 5777 attingit.

386 5828 435 5861 ⁷⁸
461 5827 626 5884 Zach.
660 5843 736 5894 ιι,
774 5827 860 5884 16.
940 5826 985 5857 ⁷⁸
1027 5825 1126 5881 lsa.
1163 5844 1238 5892 LI,
1269 5827 1355 5885 il.

715 5921 984 5980 PATROL.
1030 5921 1149 5981 Gtt.
1194 5921 1348 5982 CVI.

3143 5911 3218 5980 ιι
