4282 6440
279 416 386 479 429

672 527 924 580 ΚΕΦΛΛ.
971 526 1050 578 ΞΖ
1074 564 1088 578 .
1122 525 1341 578 ΛΟΓΟΣ
1379 523 1506 574 Kl".

279 641 421 709 Περί
452 638 712 722 ἀγγέλορ
737 637 1120 722 δεικνύοντος
1135 632 1358 722 lautia]

354 704 558 769 ἑτόλικ,
593 710 691 760 και
725 710 791 760 τι)
818 708 1037 773 ταύτης
1067 706 1262 774 τεῖχος
1290 704 1411 758 σὺν
1436 704 1560 767 τοῖς
1590 704 1857 754 πυλεῶσι

355 781 390 832 δ
395 798 525 848 cape
534 798 554 832 τ
555 779 835 846 poi/rrec.

355 895 461 946 Kal
493 888 679 960 ἦλθεν
698 885 788 956 εἷς
819 889 938 942 τῶν
970 887 1120 941 ἑπτὰ
1151 887 1422 955 ἀγγέλων
1450 883 1569 938 τῶν
1596 883 1860 949 ἐχόντων

283 987 394 1050 τὰς
421 986 571 1037 ἑπτὰ
599 984 823 1052 φιάλας
854 980 1005 1052 [τὰς]
1037 979 1338 1048 γεμούσας
1379 974 1498 1028 τῶν
1525 974 1674 1027 ἑπτὰ
1705 976 1858 1039 «an.

284 1076 409 1145 τῶν
434 1075 552 1128 τῶν
575 1074 868 1141 ἐσχάτων·
895 1072 991 1124 καὶ
1017 1069 1286 1135 ἐλάλησε
1306 1066 1432 1167 μετ’
1454 1061 1857 1170 ἐῖιιοῦ,,λέγιυ“ν⁶

283 1170 492 1235 Δεῦρο,
535 1165 711 1230 δείξω
744 1181 847 1218 σοι
886 1161 1000 1230 τὴν
1027 1161 1273 1229 νύμφην
1306 1157 1414 1211 τοῦ
1475 1155 1709 1223 Ἀρνίου
1748 1155 1862 1220 τὴν

284 1261 559 1329 gti'aixa.

367 1376 466 1427 Διὰ
496 1373 703 1427 τούτων
749 1370 1044 1432 δείκνυται,
1097 1366 1172 1435 μὴ
1207 1365 1366 1435 μόνον
1411 1360 1510 1422 τὰς
1543 1355 1863 1418 κακωτικάς

287 1473 514 1537 ἐπάγειν
557 1465 774 1534 πληγὰς
807 1464 931 1523 τοὺς
974 1461 1262 1527 ἀγγέλους,
1299 1454 1432 1508 ἀλλὰ
1472 1450 1614 1524 [καὶ]
1649 1452 1725 1512 ὼς
1776 1451 1858 1502 ία-

285 1565 474 1634 τροὺς,
511 1558 640 1612 ποτὲ
674 1559 771 1627 μὲν
798 1555 1118 1623 τέμνοντας,
1169 1549 1298 1601 ποτὲ
1327 1547 1383 1600 δὲ
1412 1547 1550 1616 ﬁmo.
1592 1544 1862 1634 φάρμακα

295 1633 720 1713 ἐπιπάσσοντας.
767 1649 827 1701 '0
861 1649 968 1716 γὰρ
994 1645 1114 1699 τότε
1157 1645 1254 1714 τὴν
1291 1641 1503 1710 πληγὴν
1551 1642 1660 1700 τοῖς
1691 1633 1860 1701 ἀξίοις

288 1748 536 1813 ἐπάγων,
563 1743 658 1795 νῦν
692 1741 789 1810 τὴν
840 1738 1220 1808 μακαριότητα
1265 1735 1367 1801 τῆς
1413 1731 1738 1800 Ἐκκλησίας
1785 1728 1861 1797 τῷ

290 1839 432 1906 ἁγίῳ
449 1829 1028 1892 ὑποδείκνυσι.Καλῶς
1054 1828 1109 1880 δὲ
1133 1825 1230 1897 τὴν
1256 1824 1500 1892 νύμφην
1527 1820 1621 1874 τοῦ
1645 1820 1858 1913 Ἀρνίου
1893 1859 1934 1913 Β

287 1930 528 1999 γυναῖκα
577 1943 762 1997 φησιν’
813 1925 899 1976 ὅτε
951 1923 1059 1990 γὰρ
1102 1920 1178 2019 ὡς
1227 1918 1395 2019 ἁανδς
1442 1913 1783 2019 ὲσφαγιάσθη
1831 1912 1861 1963 ὁ

288 2020 550 2085 Χριστὸς,
572 2019 695 2070 τότε
741 2015 909 2082 αὐτὴν
933 2011 1011 2082 τῷ
1037 2009 1222 2080 οἰκείῳ
1246 2010 1438 2078 αἵματι
1464 2009 1857 2074 ἐνυμφεύσατο.

291 2073 661 2180 ὢσπερηγὰρ
712 2105 806 2159 τοῦ
862 2073 1034 2172 ξΛδέμ
1065 2073 1452 2198 καθεύδοντος,
1502 2095 1796 2198 διεπλασίὶή
1829 2096 1862 2165 ἡ

289 2200 431 2271 γυνὴ
461 2201 526 2269 τῇ
557 2198 653 2267 τῆς
687 2196 926 2265 πλευρᾶς
962 2194 1269 2264 ἀφαιρέσει,
1308 2191 1451 2244 οὕτω
1487 2190 1580 2242 καὶ
1612 2187 1690 2258 τῷ
1724 2189 1862 2256 Χριο

292 2294 406 2362 στῷ
440 2297 497 2346 ἐν
525 2292 603 2361 τῷ
633 2289 849 2361 σταυρῷ
877 2288 1136 2350 ἑκουσίως
1158 2287 1243 2338 διὰ
1273 2284 1502 2338 θανάτου
1530 2282 1861 2343 ὑπνώσαντι,

290 2390 357 2458 τῇ
389 2385 610 2455 ἐκχύσει
638 2382 731 2436 τοῦ
762 2384 825 2435 ὲκ
851 2385 948 2453 τῆς
976 2381 1213 2448 πλευρᾶς
1237 2378 1467 2446 αἵματος
1491 2378 1525 2446 ἡ
1570 2373 1864 2444 Ἐκκλησία

294 2478 561 2541 συστᾶσα,
596 2473 673 2545 τῷ
718 2474 933 2526 τυθέντι
967 2471 1034 2524 δι’
1068 2472 1214 2542 ἡμᾶς
1260 2471 1554 2540 ἥρμοσται.

360 2768 465 2821 Kal
493 2765 797 2833 ἀπήνεγκέ
815 2782 888 2834 με
910 2766 979 2818 ἐν
998 2765 1284 2832 πνεύματι
1317 2763 1408 2817 ἐπ’
1433 2767 1568 2832 5pc;-
1584 2765 1735 2834 μέγα
1766 2765 1862 2818 καί

290 2863 554 2928 ὑψηλόν·
574 2861 667 2910 καὶ
688 2856 878 2920 ἓόειξέ
893 2875 992 2924 μοι
1012 2856 1126 2924 τὴν
1148 2857 1327 2909 πόλιν
1343 2858 1740 2926 τὴνμεγὰλιιν
1754 2857 1864 2923 τὴν

291 2952 472 3021 ἁγίαν
498 2949 922 3017 Ἰερουσαλὴμ,
946 2950 1433 3001 καταϐαίνουσαν
1460 2949 1527 3000 ἐκ
1550 2947 1655 3000 τοῦ
1689 2951 1864 3015 οὐρα-

289 3044 404 3098 νοῦ
427 3044 546 3096 ἀπὸ
570 3042 675 3094 τοὶ-
706 3040 876 3104 Θεοῦ,
902 3039 1171 3108 ἔχουσαν
1198 3040 1310 3105 τὴν
1339 3039 1532 3100 δόξαν
1559 3039 1666 3091 τοῦ
1692 3039 1860 3093 Θεοῦ.

363 3136 437 3187 Τὸ
466 3135 521 3187 δὲ
564 3133 974 3202 ἀπενεχθῆναι
999 3135 1067 3186 ἐν
1093 3134 1384 3198 πνεύματι
1407 3131 1557 3200 δηλοῖ
1586 3131 1646 3183 τὸ
1674 3133 1737 3184 ὲκ
1763 3130 1865 3200 γῆς

291 3229 522 3300 ἀρθῆναι
553 3227 630 3296 τῷ
665 3228 970 3295 φρονήματι
1001 3226 1088 3279 διὰ
1133 3223 1227 3278 τοῦ
1259 3224 1566 3293 πνεύματος
1594 3224 1726 3294 πρὸς
1766 3225 1862 3295 τὴν

287 3323 400 3375 τῶν
425 3319 764 3384 ἐπουρανίων
791 3318 1120 3385 κατανόησιν
1147 3334 1160 3348 ο
1187 3316 1277 3368 ἐπ’
1306 3316 1440 3384 ἔρος
1471 3317 1526 3370 δὲ
1560 3315 1734 3386 μέγα,
1763 3318 1862 3387 τὴν

289 3411 610 3481 ἀνηγμένην
639 3411 732 3462 καὶ
775 3409 1145 3478 ὑπερκὸσμιον
1178 3406 1320 3478 [τὴν]
1352 3406 1462 3460 τῶν
1511 3407 1682 3475 ἁγίων
1719 3406 1863 3478 ζωὴν

290 3501 658 3579 [αίνίττεται.]

376 3712 474 3762 Ἐν
498 3704 537 3780 ᾗ
566 3710 601 3774 ἢ
626 3707 780 3777 γυνὴ
808 3707 912 3760 τοῦ
954 3706 1214 3773 Ἀρνιόυ,
1233 3706 1270 3771 ὴ
1289 3705 1412 3756 ἅνω
1443 3705 1860 3776 Ἰερουσαλὴμ,

289 3803 410 3858 ὑπὸ
449 3801 597 3854 Θεοῦ
645 3798 1094 3868 κοσμηθήσεται
1137 3797 1236 3849 καὶ
1266 3797 1723 3862 δυξασθιῆσεταιι
1763 3803 1859 3855 καί

289 3899 323 3949 ό
353 3891 600 3962 φωστὴρ
618 3894 726 3945 αὐτ
737 3892 806 3957 ῆς
829 3890 1028 3958 ὅμοιος
1051 3890 1200 3953 λίθῳ
1229 3890 1549 3958 τιμιωτάτῳ
1578 3891 1862 3963 [ὼςλίθῳ]

290 3983 523 4037 ἰάσπιδι
557 3980 1070 4050 κρυσταλλίῶντι.

364 4095 614 4163 Φωστὴρ
655 4093 767 4161 τῆς
829 4092 1217 4160 Ἐκκλησίας,
1250 4095 1279 4145 ὁ
1324 4095 1577 4165 Χριστός’
1623 4096 1712 4149 διὰ
1764 4096 1863 4165 μὲν

287 4189 392 4259 τῆς
422 4185 976 4256 κρυσταλλιζούσης
1029 4185 1326 4250 ίάσπιὸος,
1363 4187 1438 4250 ὡς
1481 4189 1736 4260 ἀειθαλὴς
1769 4191 1862 4246 καὶ

289 4281 574 4348 ζωοδὼρος
603 4281 698 4332 καί
747 4277 870 4350 [ὡς]
904 4279 1162 4348 καθαρὸς⁶
1208 4278 1277 4332 δι’
1313 4280 1515 4350 ἐτέρων
1562 4283 1616 4335 δὲ
1661 4285 1862 4354 ἑτέρως

291 4369 829 4439 σκιαγραφούμενοςο
881 4368 1003 4421 οὐδὲ
1057 4369 1166 4438 γὰρ
1211 4369 1329 4433 ἑνὸς
1373 4371 1547 4434 εἴδους
1603 4375 1858 4443 παρα-δεῖ-

287 4479 463 4529 γματι
502 4461 608 4514 τῶν
634 4460 894 4512 ποικίλων
920 4460 1085 4512 αὑτοῦ
1115 4463 1244 4531 περὶ
1269 4463 1417 4530 ἡμᾶς
1443 4465 1770 4535 εὐεργεσιῶν
1801 4467 1860 4520 τὸ

290 4551 635 4624 πολύτροπον
657 4552 1027 4623 διαγραφῆναι
1059 4553 1306 4607 δύναται.

365 4815 639 4882 Ἕχουσά
689 4833 751 4868 τε
810 4834 1004 4884 τειχος
1062 4820 1218 4888 μέγα
1272 4822 1368 4874 καὶ
1426 4826 1692 4890 ὑψηλὸν,
1767 4828 1864 4879 καὶ

287 4906 566 4978 ίέχουσα]
609 4907 923 4974 πυλεῶνας
969 4909 1066 4973 ιβ’,
1123 4913 1220 4963 καὶ
1269 4914 1366 4965 ἐπὶ
1397 4915 1520 4979 τοῖς
1555 4917 1864 4972 πυλεῶσιν

285 4997 584 5066 ἀγγέλους
609 4997 706 5062 ιβ’,
733 5001 827 5053 καί
856 5002 1115 5068 ὀνόματα
1143 5005 1634 5074 ἐπιγεγραμμένα,
1667 5011 1703 5063 ᾶ
1731 5011 1862 5064 ἐστι

286 5085 410 5141 τῶν
440 5088 515 5153 ιβ’
543 5090 751 5157 φυλῶν
789 5093 894 5146 τοῦ
936 5093 1204 5161 Ἰσραήλ.

363 5181 600 5252 [Ὥσπερ
629 5183 746 5253 καὶ]
773 5187 950 5253 τεῖχος
984 5185 1126 5254 μέγα
1158 5188 1255 5256 τῆς
1301 5190 1626 5259 Ἐκκλησέας
1659 5194 1860 5262 ὑψηλόν

288 5273 395 5346 [τε]
426 5275 519 5325 καὶ
566 5277 929 5343 φρουρητικὸν
978 5277 1085 5330 τῶν
1114 5279 1172 5330 ὲν
1201 5283 1265 5349 τῇ
1297 5281 1427 5351 ἁγία
1476 5284 1627 5337 πόλει
1655 5287 1682 5338 ό
1723 5287 1858 5354 Χρι-

289 5366 412 5428 στός
443 5369 612 5419 ἐστιν.
656 5367 744 5419 Ἐν
782 5362 826 5434 ᾧ
852 5369 1092 5434 πυλῶνες
1122 5371 1350 5438 δώδεκα,
1381 5377 1429 5427 oi
1459 5377 1606 5445 ἅγιοι
1635 5379 1863 5432 ἀπόστοο

286 5457 592 5526 λοιΙαύτοῦ
637 5459 791 5528 είσιΙ·
838 5459 905 5512 δι’
951 5454 1027 5514 ὧν
1058 5463 1158 5533 τὴν
1215 5467 1584 5536 προσαγωγὴν
1628 5471 1723 5522 καὶ
1761 5472 1859 5540 τὴν

288 5550 496 5601 εἴσοδον
546 5548 683 5620 πρὸς
709 5550 802 5602 τὸν
836 5553 1050 5623 Πατέρα
1084 5556 1418 5625 ἐσχήκαμεν·
1463 5559 1556 5610 καὶ
1604 5561 1759 5613 αὐτοὶ
1802 5563 1859 5615 δὲ

289 5640 711 5711 συνεργούμενοι
745 5643 837 5696 ὑπ’
867 5646 1116 5713 ἀγγέλων
1140 5648 1346 5702 δώδεκα
1376 5650 1484 5704 τῶν
1511 5655 1858 5722 προύχόντων

286 5734 382 5785 καὶ
415 5734 615 5801 μᾶλλον
644 5734 1053 5804 πλησιαζόντων
1081 5739 1221 5809 Θεῷ,
1254 5744 1394 5795 κατὰ
1423 5744 1520 5814 τὴν
1540 5747 1859 5814 ἀγχιστείαν

285 5826 384 5894 τὴν
418 5827 475 5878 ἰν
513 5827 778 5897 ἁγιότητι.
807 5829 866 5881 ΕΞ
893 5829 999 5900 γὰρ
1025 5832 1240 5902 ἑκάστῳ
1260 5834 1368 5890 τῶν
1395 5836 1603 5892 πιστῶν
1630 5839 1857 5908 ἄγγελον

1240 405 1845 470 COMMENTARIUS
1879 403 1957 466 IN
1999 405 2528 472 APOCALYPSIN.

3418 413 3527 477 430

2276 519 2505 575 CAPUT
2536 521 2746 577 LXVII.
2768 521 3002 580 SERMO
3022 521 3212 583 XXIII.

1963 633 2115 704 ιοι
2154 632 2228 704 De
2257 636 2441 703 angelo
2473 637 2564 704 qui
2592 647 2832 691 sanctant
2871 639 3132 692 civitatem
3163 641 3246 693 illi
3277 642 3504 697 ostendit

2166 703 2498 774 ejusdemque
2515 716 2688 761 muros
2715 715 2764 762 et
2789 718 2968 776 portas
2992 709 3285 765 dimetitur.

2032 885 2174 951 XXI,
2204 887 2258 942 9.
2286 888 2351 942 Et
2376 892 2513 944 venit
2539 892 2609 944 ad
2632 908 2710 946 me
2735 910 2868 948 unus
2895 899 2960 950 de
2987 906 3181 966 septem
3203 901 3402 969 angelis
3432 901 3532 956 Ita-

1962 977 2196 1034 bentibus
2223 981 2430 1047 phialas
2461 982 2640 1050 plenas
2671 994 2866 1052 septem
2903 988 3075 1058 plagis
3113 992 3447 1058 novissimis;
3484 1004 3533 1048 et

1960 1070 2165 1124 loculus
2224 1081 2301 1125 est
2341 1089 2563 1138 mecum,
2613 1076 2790 1130 dicens
2837 1094 2854 1130 :
2910 1078 3056 1146 Veni,
3103 1085 3376 1138 ostendam
3439 1087 3536 1139 tibi

1961 1176 2228 1230 sponsam,
2269 1179 2484 1218 uxorem
2517 1167 2671 1237 Agni.
3252 1159 3255 1162 ’

2032 1359 2135 1414 Per
2166 1362 2278 1416 hinc
2308 1363 2530 1431 planum
2565 1366 2623 1420 tit
2656 1383 2882 1437 angelos
2924 1385 3031 1426 non
3065 1387 3279 1443 semper
3310 1378 3535 1433 calami-

1962 1460 2098 1506 tates
2129 1462 2182 1507 et
2222 1455 2408 1525 plagas
2449 1457 2652 1514 inferre
2675 1500 2690 1525 ,
2723 1460 2816 1516 sed
2855 1464 3156 1532 peritorum
3192 1467 3533 1523 medicorum

1961 1557 2114 1598 more
2144 1545 2420 1602 interdum
2444 1550 2664 1619 quidem
2707 1552 2826 1608 loca
2858 1555 3049 1610 aﬂecta
3080 1558 3226 1612 ferro
3257 1561 3499 1617 incidere
3519 1605 3534 1629 ,

1962 1637 2354 1707 nonnunquam
2384 1657 2517 1697 vero
2559 1644 2712 1697 mitia
2757 1646 3050 1716 pharmaca
3098 1651 3417 1707 vulneribus
3440 1656 3539 1707 att-

1963 1726 2166 1783 bibere.
2211 1731 2313 1796 Qui
2367 1734 2513 1789 enim
2544 1737 2751 1792 cladem
2802 1742 3120 1808 promeritis
3159 1743 3373 1818 plagam
3415 1755 3540 1801 ante

1964 1818 2320 1888 irrogaverat,
2358 1842 2503 1880 nunc
2544 1827 2799 1884 Ecvlesiaa
2834 1826 3226 1890 beatitudinem
3257 1835 3537 1908 Theologo

1965 1909 2322 1969 demonstrat.
2377 1915 2524 1971 Scite
2599 1929 2780 1973 autem
2830 1937 3074 1989 sponsam
3129 1924 3264 1994 Agni
3317 1943 3536 1983 uxorem

1964 2004 2218 2072 appellat.
2281 2006 2507 2073 Quando
2531 2026 2767 2082 namque
2801 2015 2966 2069 veluti
2991 2031 3166 2086 agnus
3210 2020 3428 2076 occisus
3455 2032 3539 2077 est

1963 2097 2233 2161 Christus,
2268 2108 2396 2156 tunc
2424 2102 2569 2156 illam
2600 2105 2820 2174 proprio
2855 2110 3122 2177 sanguine
3156 2111 3258 2165 sibi
3290 2112 3529 2183 despon-

1964 2190 2124 2243 savit.
2198 2191 2671 2257 Quemadmodum
2740 2199 2886 2252 enim
2951 2202 3162 2258 Adamo
3235 2204 3535 2263 dormienti

1964 2282 2211 2351 adempta
2249 2295 2335 2337 est
2380 2297 2555 2352 costa,
2587 2303 2652 2342 ex
2685 2304 2791 2359 qua
2826 2291 3025 2347 deinde
3069 2296 3266 2350 mulier
3302 2296 3539 2356 formata

1964 2382 2068 2437 est,
2119 2375 2192 2428 ita
2236 2375 2456 2433 Christo
2484 2394 2582 2448 per
2623 2391 2980 2450 spontaneam
3027 2395 3258 2442 mortem
3291 2389 3344 2444 in
3374 2407 3540 2447 cruce

1965 2465 2275 2535 consopita,
2309 2471 2577 2538 sanguine
2603 2474 2779 2539 quiex
2817 2474 2985 2530 latere
3011 2475 3158 2534 illius
3181 2478 3535 2549 fundebatur,

1967 2553 2213 2610 Ecclesia
2245 2560 2571 2626 constituta,
2619 2563 2836 2635 ipsique
2887 2578 3110 2638 propter
3154 2586 3255 2626 nos
3308 2576 3538 2643 patienti

1964 2647 2278 2701 consociata
2309 2659 2414 2705 est.

2039 2757 2178 2826 XXI,
2219 2762 2301 2829 10,
2339 2763 2421 2818 Η.
2464 2765 2530 2820 Et
2557 2771 2772 2823 sustulit
2811 2787 2893 2827 me
2927 2775 2981 2826 in
3002 2777 3192 2843 spiritu
3233 2780 3285 2832 in
3314 2793 3539 2838 montem

1967 2867 2216 2922 ntagnunt
2250 2867 2299 2909 et
2330 2859 2516 2922 alrum,
2541 2872 2587 2913 et
2612 2865 2836 2917 ostendit
2865 2868 2994 2921 milii
3025 2871 3285 2925 civitatem
3303 2888 3541 2932 sanctam

1966 2942 2280 3010 Jerusalem,
2328 2951 2717 3006 descendentem
2751 2955 2814 3008 de
2844 2957 2969 3010 coelo
3017 2977 3049 3012 a
3100 2961 3225 3029 Deo,
3272 2966 3542 3024 habentem

1967 3034 2264 3090 claritatem
2302 3039 2414 3094 Dei.

2039 3127 2172 3184 Cum
2231 3134 2423 3200 spiritu
2472 3136 2526 3189 in
2576 3149 2803 3193 montem
2844 3158 2898 3195 se
2953 3145 3236 3202 abductum
3288 3151 3539 3220 aﬂirmal,

1973 3231 2150 3274 mente
2177 3232 2230 3277 et
2263 3226 2611 3296 intelligentia
2633 3246 2662 3283 a
2699 3231 2863 3288 rebus
2893 3239 3121 3293 terrenis
3148 3241 3213 3294 ad
3240 3244 3542 3303 cmlestinm

1972 3325 2151 3366 rerum
2188 3317 2686 3378 considerationem
2741 3342 2862 3381 sese
2901 3328 3220 3385 subvectum
3261 3333 3430 3392 fuisse
3464 3341 3548 3392 in-

1971 3401 2134 3459 dicat.
2163 3405 2266 3461 Per
2299 3422 2524 3465 montem
2582 3430 2747 3485 porro
2798 3435 3046 3489 magnum
3080 3432 3129 3476 et
3159 3425 3329 3480 altunt
3371 3431 3546 3486 subli-

1972 3510 2114 3549 mem
2140 3502 2439 3570 mundique
2470 3521 2628 3576 captu
2656 3512 2993 3579 superiorem
3023 3531 3338 3575 sanctorum
3372 3525 3541 3579 vitam

1976 3602 2099 3642 esse
2136 3590 2416 3651 insinuare
2446 3598 2680 3653 videtur.

2045 3699 2112 3753 In
2143 3703 2233 3756 illo
2264 3719 2438 3762 autent
2469 3722 2642 3766 monte
2681 3730 2818 3768 uxor
2849 3719 3007 3788 Agnt',
3049 3739 3279 3791 superna
3311 3728 3544 3782 videlicet

1970 3790 2291 3860 Jerusalem,
2328 3818 2358 3852 a
2396 3801 2505 3855 Deo
2548 3810 2998 3877 condecorabitur,
3031 3816 3326 3886 ingentique
3376 3820 3545 3889 gloria

1970 3886 2349 3941 cumulabitur.
2394 3890 2462 3944 Et
2495 3892 2670 3949 lumen
2697 3898 2810 3964 ejus
2851 3901 3025 3955 simile
3075 3904 3243 3972 lapidi
3291 3886 3542 3977 pretioso,

1971 3983 2224 4043 tanquam
2256 3982 2423 4046 lapidi
2443 3985 2696 4054 jaspidis,
2734 3991 2868 4044 sicut
2905 3995 3232 4062 crystallum.

2041 4089 2237 4147 Lumen
2275 4094 2527 4154 Ecclesia:
2568 4111 2652 4156 est
2680 4103 2956 4162 Christus.
2983 4108 3082 4165 llic
3105 4123 3285 4170 autem
3325 4133 3422 4186 per
3454 4121 3544 4189 ja-

1969 4184 2170 4250 spident
2191 4190 2361 4242 instar
2385 4195 2623 4262 crystalli
2648 4196 2902 4254 lucentem
2925 4201 3253 4272 delineatur,
3285 4184 3541 4280 tanquam

1970 4286 2233 4345 perpetuo
2269 4281 2472 4346 virens,
2504 4290 2828 4359 cunctisque
2879 4296 3186 4352 viventibus
3229 4301 3392 4355 vitam
3430 4303 3541 4358 lar-

1969 4368 2140 4434 giens,
2170 4378 2224 4422 et
2246 4369 2550 4430 incredibili
2575 4379 2840 4436 munditia
2864 4395 3147 4453 praestans.
3178 4389 3281 4445 Per
3308 4393 3413 4448 alia
3440 4411 3541 4451 au-

1968 4466 2074 4511 tem
2118 4460 2226 4514 alio
2261 4465 2422 4518 modo
2447 4466 2772 4527 describitur
2801 4490 2816 4526 :
2848 4491 3021 4545 neque
3073 4481 3217 4535 enim
3252 4485 3415 4540 unius
3451 4503 3544 4557 ge-

1893 4548 1935 4601 D
1967 4551 2113 4605 neris
2142 4555 2391 4624 exemplo
2422 4567 2568 4614 tanta
2603 4562 2691 4618 illa
2720 4580 2846 4636 erga
2878 4585 3049 4638 genus
3087 4585 3336 4631 nostrum
3382 4548 3543 4635 bene-

1969 4644 2218 4700 liciorum
2247 4651 2538 4707 multitudo
2565 4664 2618 4709 et
2645 4657 2931 4717 diversitas
2977 4669 3263 4724 commode
3303 4670 3541 4730 describi

1969 4747 2162 4805 potest.

2040 4829 2181 4894 XXI,
2225 4835 2311 4889 12.
2349 4835 2417 4890 Et
2447 4839 2670 4894 habebat
2693 4861 2900 4898 murum
2947 4865 3197 4918 magnum
3233 4863 3283 4907 et
3331 4856 3535 4922 altum,

1965 4922 2237 4978 habentem
2266 4940 2444 4996 portas
2474 4934 2785 5000 duodecim;
2819 4942 2942 4992 etin
2972 4945 3136 5009 portis
3164 4948 3374 5016 angelos
3405 4950 3538 5002 duo-

1965 5015 2164 5079 decim;
2207 5030 2254 5071 et
2291 5023 2500 5075 nomina
2541 5026 2814 5093 inscripta,
2843 5046 2960 5097 (μιαν
2987 5044 3111 5087 sunt
3159 5041 3370 5091 nomina
3402 5045 3532 5093 duo-

1964 5105 2135 5158 decim
2159 5110 2388 5164 tribuum
2420 5115 2653 5180 ﬁliorum
2689 5117 2880 5174 Israel.

2035 5196 2220 5252 Murus
2265 5217 2483 5269 magnus
2529 5217 2577 5259 et
2622 5208 2764 5262 altus
2829 5210 3077 5269 Ecciesiaz
3121 5226 3202 5269 est
3239 5217 3533 5276 Christus:

1965 5289 2055 5342 hic
2086 5293 2228 5344 enim
2264 5307 2570 5365 propugnat
2597 5309 2654 5352 et
2691 5303 2931 5357 custodit
2973 5305 3094 5359 illos
3122 5308 3214 5376 qui
3247 5319 3537 5364 versantur

1962 5382 2018 5435 in
2050 5395 2234 5439 sancta
2266 5385 2367 5441 hac
2390 5389 2630 5445 civitate.
2661 5391 2948 5448 Duodecim
2972 5407 3154 5452 autem
3179 5399 3326 5455 illius
3369 5414 3537 5471 porta:

1962 5474 2245 5530 duodecim
2292 5489 2423 5536 sunt
2469 5486 2738 5552 apostoli;
2775 5503 2868 5555 per
2890 5504 3030 5558 quos
3059 5491 3338 5547 introitum
3369 5495 3536 5551 simul

1963 5577 2016 5623 et
2042 5585 2323 5625 accessum
2354 5576 2420 5629 ad
2458 5576 2669 5632 Patrem
2706 5581 2844 5635 nacti
2882 5596 3097 5638 sumus.
3147 5583 3250 5654 Ipsi
3285 5601 3411 5641 vero
3439 5603 3536 5657 pe-

1963 5663 2169 5716 culiare
2207 5664 2511 5721 subsidium
2537 5678 2592 5722 et
2624 5671 2793 5736 robur
2819 5674 3118 5744 accipiunt.
3165 5691 3194 5727 a
3245 5679 3533 5734 duodecim

1964 5756 2438 5819 praestantiorlhus
2488 5763 2820 5832 propiusque
2854 5766 2920 5818 ad
2955 5767 3119 5821 Deum
3147 5769 3538 5826 accedentibus

1961 5847 2186 5912 angelis.
2254 5848 2525 5919 (Propius
2565 5867 2746 5913 autem
2805 5856 2880 5912 illi
2931 5859 2998 5913 ad
3048 5858 3219 5917 Deum
3269 5863 3537 5920 accedunt
