4282 6440
280 407 388 472 433

1250 403 1852 466 COMMENTARIUS
1893 405 1974 465 ΙΝ
2009 404 2236 464 APOCA
2247 405 2535 466 LYPSIN.

3423 407 3532 471 434

280 518 473 586 αὐτῆς
502 519 654 572 ὅσον
681 517 744 572 τὸ
782 518 1040 583 πλάτος’
1074 516 1171 570 καί
1201 517 1493 585 ἐιιέτρησε
1525 514 1639 582 τὴν
1672 517 1856 570 πόλιν
1887 520 1929 575 Α
1957 533 1971 567 ι

1838 532 1856 556 ν·
1887 520 1929 575 Α
1957 526 2004 569 et
2037 515 2308 586 longitudo
2359 517 2470 583 ejus
2504 525 2653 570 tanta
2691 525 2800 582 est,
2843 525 3043 585 quanta
3073 524 3123 571 et
3155 516 3405 571 latitudo.
3463 520 3529 579 εἰ

280 612 351 662 ἐν
376 610 454 674 τῷ
485 609 735 678 καλάμῳ
766 609 862 662 ἐπὶ
884 608 1152 662 σταδίων
1185 609 1414 660 δώδεκα
1442 607 1750 675 χιλιάδων·
1774 606 1849 658 ητὸ

276 702 477 769 μῆκος
505 700 716 769 αὐτῆς,
767 701 864 754 καί
908 700 975 754 τὸ
1025 699 1254 766 πλάτος
1292 699 1389 752 καὶ
1428 701 1491 752 τό
1523 699 1701 767 ὕψος,
1750 699 1858 751 ἴσα

280 792 435 845 ἐστι.

359 882 735 951 Τετράγωνος
762 884 818 938 δὲ
847 883 884 949 ἡ
911 885 1086 945 πόλις
1118 883 1312 938 κεῖται,
1329 880 1418 933 διά
1434 880 1494 932 τὸ
1517 880 1729 949 ἑδραῖον
1761 877 1856 930 καὶ

282 979 481 1045 πάγιον
502 994 516 1008 ⁸
545 979 604 1030 τὸ
633 979 741 1048 γὰρ
768 979 909 1031 κατά
927 995 984 1030 τε
1011 977 1172 1046 βάθος
1204 978 1297 1030 καὶ
1329 976 1502 1045 μῆκος
1531 975 1624 1028 καὶ
1656 975 1855 1035 πλάτος

286 1069 604 1140 ἰσόπλευρον
665 1071 841 1135 κύϐος
889 1071 1032 1122 τισὶν
1074 1069 1416 1137 ὠνόμασται·
1451 1067 1770 1136 ἑδραιότητα
1799 1065 1856 1116 δὲ

280 1161 478 1229 δηλοῦν
510 1160 746 1228 λέγεται.
788 1162 850 1212 Ai
885 1161 941 1213 δὲ
976 1158 1214 1222 ,δώδεκα
1249 1156 1518 1227 χιλιάδες
1555 1156 1673 1211 τῶν⁸
1713 1168 1857 1207 στα-

280 1251 449 1312 δίων,
484 1249 549 1313 ἃς
581 1250 724 1319 ἔχειν
746 1250 880 1321 φησὶ
906 1250 1006 1318 τὴν
1032 1248 1208 1312 πόλιν,
1237 1250 1368 1310 ῖσως
1405 1246 1505 1317 μὲν
1531 1246 1855 1316 σημαίνουσι

280 1338 346 1390 τὸ
390 1338 597 1407 ταύτης
637 1339 866 1409 μέγεθος
885 1355 898 1369 ’
929 1337 1068 1410 ὑπὲρ
1106 1339 1215 1407 γὰρ
1243 1337 1494 1406 ψάμμον,
1538 1335 1612 1398 ὦς
1641 1353 1805 1405 φησιν
1830 1335 1857 1386 ὁ

281 1429 464 1492 Δαυῒδ,
511 1432 559 1483 οἱ
602 1429 805 1500 ταύτης
847 1432 1130 1501 οἰκήτορες
1167 1428 1672 1499 πληθυνθήσονταν
1726 1427 1857 1488 ῖσως

278 1520 337 1573 δὲ
356 1523 449 1573 καὶ
475 1522 560 1576 διά
583 1522 672 1574 τὸν
698 1522 931 1592 ἀριθμὸν
955 1522 1063 1573 τῶν
1086 1519 1294 1574 δώδεκα
1325 1519 1656 1580 ἀποστόλων,
1687 1516 1754 1570 δι’
1780 1510 1855 1568 ὧν

279 1612 421 1681 αὕτη
444 1613 829 1676 κατοικίζεται.
869 1613 975 1664 Καὶ
1009 1612 1037 1663 ό
1055 1610 1412 1680 ἕϐδοματικὸς
1439 1607 1564 1680 [δὲ]
1592 1606 1845 1677 ἀριθμὸς,

285 1705 546 1772 μυστικὸς
572 1703 667 1764 ὢν.
698 1704 784 1756 διά
812 1721 953 1772 τινος
979 1701 1292 1764 ἀναλύσεως
1338 1699 1635 1771 παρίστησι
1668 1698 1728 1751 τὸ
1753 1697 1850 1766 ζη-

278 1793 561 1863 τούμενον.
603 1796 668 1848 Δί
707 1796 815 1865 γὰρ
866 1794 1114 1864 ῥηθεῖσαι
1171 1793 1403 1863 χιλιάδες
1444 1793 1552 1845 τῶν
1601 1791 1849 1856 σταδίων,

1962 622 2167 659 mensus
2211 617 2289 660 est
2337 609 2600 662 civitatem
2644 607 2708 662 de
2752 608 3011 661 arundine
3039 625 3201 662 aurea
3235 624 3328 676 per
3354 611 3529 662 stadia

1959 696 2232 749 duodecim
2266 697 2470 761 millia;
2494 710 2544 750 et
2577 697 2850 767 longitudo
2877 707 2928 752 et
2954 697 3187 752 latitudo
3220 707 3270 752 et
3301 699 3532 753 altitudo

1959 788 2072 856 ejus
2098 788 2323 857 (equalia
2347 800 2489 842 sunt.

2033 880 2310 944 Quadrato
2335 881 2446 936 hinc
2466 883 2647 936 civitas
2668 885 3018 951 describitur,
3045 885 3110 939 ad
3137 884 3532 954 designandum

1961 973 2242 1026 immotam
2280 973 2426 1028 illius
2472 973 2802 1030 ﬁrmitatem.
2836 976 2992 1042 Quod
3042 976 3186 1032 enim
3227 978 3529 1032 secundum

1960 1064 2387 1131 profunditatem
2411 1072 2462 1118 et
2486 1065 2826 1120 altitudinem
2853 1077 2907 1121 et
2935 1067 3330 1137 longitudinem
3358 1069 3532 1136 tequi-

1960 1155 2188 1208 laterum
2233 1161 2340 1218 est,
2391 1154 2520 1208 illud
2556 1156 2714 1209 cubus
2767 1171 2797 1210 a
2838 1157 3163 1225 quibusdam
3197 1159 3526 1228 appellatur.

1958 1242 2160 1297 Cubica
2195 1253 2376 1298 autem
2412 1243 2580 1312 ﬁgura
2638 1260 2746 1314 prae
2787 1247 2998 1300 caeteris
3047 1247 3201 1302 ﬁrma
3233 1257 3288 1303 et
3312 1249 3526 1303 stabilis

1959 1336 2208 1390 habetur.
2239 1337 2307 1390 At
2357 1351 2484 1392 vero
2527 1338 2799 1392 duodecim
2830 1338 3001 1391 millia
3028 1339 3361 1402 stadiorum',
3392 1351 3529 1409 quot

1957 1427 2166 1493 civitas,
2203 1427 2272 1481 de
2298 1443 2406 1496 qua
2442 1427 2531 1482 bic
2575 1428 2778 1498 agitur,
2826 1428 3026 1482 habere
3065 1430 3350 1493 asseritur,
3385 1429 3530 1484 illius

1958 1519 2097 1573 forte
2143 1519 2569 1586 magnitudinem
2628 1521 2908 1576 denotant.
2955 1517 3113 1582 Nam,
3157 1530 3215 1574 ut
3266 1521 3530 1589 propheta

1958 1609 2123 1663 David
2151 1609 2494 1676 vaticinatur,
2525 1610 2670 1664 illius
2695 1612 2882 1666 ineolze
2910 1627 3072 1678 super
3102 1627 3324 1666 arenam
3361 1612 3531 1666 maris

1958 1699 2486 1769 multiplicabuntur.
2540 1699 2813 1756 Fortassis
2856 1719 2949 1772 per
2975 1703 3263 1757 duodecim
3301 1711 3528 1770 apostoo

1958 1793 2133 1846 lorum
2182 1807 2500 1855 numerum,
2559 1806 2651 1860 per
2698 1808 2834 1862 quos
2891 1793 3005 1862 ipsa
3067 1794 3435 1854 inbabitatnr.
3477 1800 3532 1847 et

279 1856 500 1953 σηιιεῑα
526 1856 934 1940 ἀποτελοῦσι
963 1856 1231 1957 λεγόμενα
1272 1889 1459 1954 μίλια,
1492 1881 1646 1956 pete
1669 1899 1684 1914 ·
1738 1883 1848 1936 τῶν
1877 1856 1925 1914 Β
1953 1897 1970 1935 ε

1837 1856 1925 1935 ιΒ
1953 1882 2343 1950 septenarium,
2394 1883 2486 1950 qui
2520 1856 2635 1950 ipse
2683 1856 2869 1937 itidem
2911 1856 3184 1954 Imystieus
3229 1891 3334 1948 est,
3388 1882 3528 1937 facta

281 1975 384 2043 μὲν
431 1977 641 2045 χιλίων
695 1977 999 2047 δηλούντων
1050 1977 1153 2046 τῆς
1201 1979 1506 2049 ἀπεράντου
1567 1976 1711 2045 ζωῆς
1754 1976 1853 2045 τὴν

277 2068 625 2138 τελειότηταο
660 2069 768 2121 τῶν
821 2069 878 2121 δὲ
917 2067 1317 2134 ἑπτακοσίων,
1355 2069 1417 2122 τὺ
1459 2070 1516 2122 ὲν
1548 2067 1852 2122 ἀναπαύσει

275 2160 514 2213 τέλειον·
551 2161 659 2215 τῶν
707 2162 765 2215 δὲ
812 2161 1293 2230 δεκατεσσάρων,
1326 2162 1416 2214 τὸν
1459 2159 1680 2215 διπλοῦν
1717 2158 1852 2212 σασο

1952 1971 2183 2042 qundam
2213 1969 2572 2024 ealculatione
2617 1980 2669 2024 et
2706 1972 3063 2036 resolutione,
3094 1973 3237 2042 quod
3267 1973 3531 2040 quzeritur

1952 2065 2276 2119 invenietur.
2327 2061 2536 2118 Etenim
2586 2064 2842 2134 praedicta
2885 2064 3176 2118 duodecim
3226 2065 3527 2119 stadiorum

1951 2157 2149 2220 millia,
2190 2157 2338 2211 mille
2384 2156 2729 2226 septingenta
2791 2165 2845 2210 et
2896 2157 3308 2227 quattuordecim
3351 2158 3528 2227 signa,

276 2251 542 2321 δατισμδν
608 2252 707 2322 τῆς
757 2253 935 2323 ψυχῆς
978 2255 1072 2307 καὶ
1116 2253 1211 2306 τοῦ
1264 2252 1536 2322 σώματος.
1591 2252 1685 2315 Δὶς
1738 2248 1850 2318 γὰρ
1948 2263 1967 2301 t

1838 2267 1850 2300 ι
1948 2261 2067 2316 σθω
2117 2247 2280 2315 vulgo
2337 2247 2572 2298 miliaria
2655 2246 3018 2314 appellantur,
3087 2246 3402 2300 conﬁciunt.
3488 2243 3529 2297 E

276 2344 439 2406 ἑπτὰ,
476 2345 872 2417 δεκατέσσαρα.

1949 2339 2149 2408 quibus
2180 2336 2342 2404 mille,
2367 2337 2788 2392 interminabilis
2818 2337 2941 2391 vitae
2974 2335 3363 2406 perfectionem
3393 2335 3529 2390 insi-

273 2446 492 2490 nuant:
543 2438 869 2506 septingenta
927 2445 1132 2498 autem.
1197 2437 1490 2507 perfectam
1537 2434 1780 2503 requiem
1815 2450 1827 2486 :
1861 2428 2255 2502 quatuordecim
2310 2443 2458 2491 vero,
2520 2428 2790 2496 duplicem
2840 2425 3273 2491 Sabbatismum,
3333 2425 3530 2479 anima:

277 2528 534 2581 nimirmn
581 2538 633 2582 et
679 2527 926 2596 corporis
959 2528 1216 2595 quietem.
1269 2526 1360 2580 Bis
1413 2526 1558 2580 enim
1596 2533 1803 2594 septem
1851 2521 2190 2577 consumunt
2217 2520 2648 2584 t|llall|0rt|0t‘iill.

351 2618 457 2672 Kal
482 2618 770 2686 ἐμέτρησε
809 2617 872 2669 τὸ
904 2616 1098 2683 τεῖχος
1140 2613 1331 2682 αὐτῆς
1375 2614 1592 2669 ἑκατὸν
1626 2628 1849 2667 τεσσα-

266 2709 776 2778 ρακοντεσσὰρων
829 2705 1076 2775 πηχῶν*
1129 2707 1353 2776 μέτρον
1417 2706 1753 2776 ἀνθρώπου,
1819 2705 1852 2758 ὅ

271 2803 444 2855 ἐστιν
471 2800 755 2870 ἀγγέλου.

344 2894 419 2947 Τὸ
455 2894 651 2963 μέτρον
676 2892 770 2946 τοῦ
805 2893 1000 2963 βάθους
1032 2894 1126 2946 τοῦ
1160 2893 1392 2962 τείχους,
1431 2891 1622 2962 πηχῶν
1656 2891 1852 2944 ἑκατὸν

275 2986 684 3054 τεσσαράκοντα
729 2984 1045 3054 τεσσάρων·
1094 2984 1393 3046 δωδεκάκις
1440 2983 1548 3053 γὰρ
1586 2986 1614 3034 ὁ
1641 2982 1847 3035 δώδεκα

272 3076 506 3146 ἀριθμὸς
555 3077 966 3148 συντιθέμενος,
1003 3080 1030 3129 ό
1069 3078 1167 3141 τὴν
1197 3075 1563 3144 ἀποστολικὴν
1592 3075 1847 3128 διδασκα-

275 3170 391 3222 λίαν
417 3171 721 3238 ἐμφαίνων,
743 3169 931 3223 τοῦτον
954 3171 1205 3224 ἀποτελεῖ
1237 3170 1330 3222 τὸν
1353 3169 1606 3239 ἀριθμόν.

345 3352 452 3405 Kal
481 3346 555 3418 ἦν
578 3350 616 3418 ἡ
641 3350 968 3420 ἐνδόμησις
991 3350 1095 3403 τοῦ
1115 3351 1352 3416 τείχους
1379 3348 1588 3415 αὐτῆς,
1618 3349 1844 3414 τασπις·

271 3445 370 3499 καί
397 3445 434 3512 ἡ
469 3445 644 3510 πόλις
678 3444 938 3512 χρυσίον
968 3442 1252 3509 καθαρὸν,
1288 3441 1495 3511 ὅμοιον
1530 3440 1698 3505 ὑάλῳ
1746 3458 1848 3494 xa-

270 3537 448 3605 θαρῷ.

356 3627 420 3679 Ἦ
447 3626 500 3678 δὲ
531 3625 817 3695 ἐνδόμησις
851 3623 944 3676 τοῦ
973 3624 1206 3693 τείχους,
1243 3623 1447 3686 ἴασπις,
1478 3624 1576 3693 τὴν
1618 3621 1846 3692 ἀειθαλῆ

273 3718 368 3772 καὶ
406 3717 722 3785 ἀμάραντον
756 3716 902 3786 ζωὴν
933 3715 1041 3768 τῶν
1072 3716 1244 3782 ἁγίων
1275 3715 1631 3777 ἐνδείκνυται,
1665 3714 1846 3777 καθὼς

272 3810 536 3872 πολλάκις
582 3811 816 3877 εἴρηται.
864 3808 1136 3874 Καθαρὸν
1172 3806 1227 3858 δὲ
1273 3809 1333 3858 τὸ
1385 3808 1640 3875 χρυσίον
1674 3806 1845 3874 αὐτῆς

268 3904 354 3968 ὡς
383 3902 597 3967 ὕαλος,
646 3899 733 3954 διὰ
779 3902 838 3953 τὸ
877 3898 1093 3969 διαυγὲς
1137 3899 1228 3952 καὶ
1257 3899 1510 3970 λαμπρὸν
1540 3899 1647 3952 τῶν
1673 3899 1846 3970 αὐτῆς

268 3995 594 4065 οἰκητόρων.

343 4171 451 4224 Kal
479 4174 534 4224 οἱ
566 4172 823 4240 θεμέλιοι
847 4171 953 4225 τοῦ
974 4170 1213 4238 τείχους
1246 4167 1355 4237 τῆς
1384 4171 1635 4235 πόλεως,
1665 4170 1844 4224 παντί

265 4261 418 4327 λίθῳ
444 4262 613 4328 τιμίῳ
639 4261 1097 4330 κεκοσμημένοι.

346 4356 407 4406 Οἱ
457 4354 513 4406 δὲ
548 4351 755 4408 δώδεκα
788 4353 1046 4421 θεμέλιοι,
1095 4353 1300 4408 δώδεκα
1331 4355 1467 4408 λίθοι
1519 4354 1711 4425 τίμιοι,
1769 4349 1845 4408 ὧν

266 4449 320 4500 οῖ
348 4444 494 4499 ὀκτὼ
545 4449 601 4501 ὲν
650 4445 729 4514 τῷ
760 4445 928 4516 λογίῳ
969 4446 1064 4499 τοῦ
1107 4448 1409 4517 ἀρχιερέως
1442 4449 1607 4502 πάλαι
1646 4448 1844 4516 ἀνεφέ-

2023 2608 2161 2668 XXI,
2203 2609 2286 2662 ΓΙ.
2327 2608 2388 2660 Ει
2423 2627 2629 2662 mensus
2653 2619 2726 2663 est
2763 2626 2969 2662 murum
2999 2609 3131 2678 ejus,
3161 2619 3366 2660 centum
3399 2624 3503 2677 qna

1949 2702 2200 2770 draginta
2230 2710 2458 2770 quatuor
2487 2702 2820 2767 cubitorum;
2859 2719 3099 2756 mensura
3129 2702 3380 2768 hominis,
3410 2720 3529 2773 qua:

1950 2803 2026 2846 est
2058 2792 2254 2862 angeli.

2025 2882 2278 2937 Mensura
2305 2882 2686 2952 profunditatis
2713 2884 2854 2938 muri
2881 2895 2999 2939 erat
3049 2885 3356 2940 cubitormn
3384 2886 3532 2942 mille

1956 2974 2316 3044 quadraginta
2362 2984 2640 3043 quatuor:
2677 2977 3044 3032 duodenarius
3086 2980 3232 3032 enim
3270 2994 3528 3033 numerus

1959 3068 2012 3121 in
2048 3067 2284 3136 seipsum
2323 3065 2754 3134 multiplicatus,
2788 3068 2880 3136 qui
2920 3069 3231 3136 apostolica:
3267 3069 3530 3124 doctrinae

1881 3175 1924 3234 ς
1959 3157 2258 3212 ubertatem
2305 3157 2376 3210 ob
2413 3157 2603 3210 oculos
2649 3158 2804 3213 nobis
2841 3158 3011 3228 ponit,
3061 3159 3207 3214 hunc
3240 3175 3526 3213 numerum

1955 3249 2206 3304 absolvit.

2024 3338 2167 3403 XXI,
2208 3340 2290 3394 l8.
2337 3339 2400 3392 Et
2434 3351 2546 3392 erat
2581 3349 2852 3392 structura
2903 3342 3040 3394 muri
3085 3341 3197 3409 ejus
3237 3356 3300 3392 ex
3359 3339 3531 3408 lapide

1955 3429 2199 3498 jaspide;
2253 3431 2366 3498 ipsa
2400 3447 2516 3485 vero
2567 3431 2754 3484 civitas
2813 3447 3005 3484 aurum
3056 3433 3330 3499 mundum,
3359 3431 3530 3485 simile

1954 3522 2088 3574 vitro
2115 3522 2329 3576 mundo.

2029 3611 2309 3666 Structura
2358 3613 2497 3666 muri
2542 3613 2661 3681 ejus
2688 3612 2894 3682 jaspis;
2931 3626 3052 3681 quae
3115 3611 3329 3666 beatam
3379 3627 3528 3667 sem—

1956 3720 2159 3774 perque
2193 3715 2508 3759 vernantem
2542 3715 2855 3759 sanctorum
2885 3705 3050 3758 vitam
3075 3705 3433 3766 demonstrat,
3472 3713 3530 3758 ut

1954 3812 2096 3866 saepe
2125 3797 2236 3863 jam
2269 3805 2394 3850 ante
2429 3798 2633 3850 dictum
2681 3809 2786 3852 est.
2837 3800 3039 3850 Aurum
3073 3807 3254 3851 autem
3298 3797 3418 3867 ejus
3448 3798 3530 3851 di-

1952 3888 2094 3942 citur
2121 3904 2310 3955 purum
2351 3897 2604 3956 tanquam
2643 3890 2868 3953 nitrum;
2906 3891 2971 3942 ad
3003 3889 3423 3959 signiﬁcandum
3462 3890 3526 3942 il-

1953 3980 2126 4033 lorum
2159 3978 2503 4048 splendorem
2531 3981 2996 4050 conspicuamque
3022 3981 3324 4035 claritatem
3356 3983 3448 4051 qui
3475 3982 3528 4035 in

1951 4086 2013 4124 ea
2049 4071 2314 4125 habitant.

2025 4164 2166 4231 XXI,
2204 4167 2288 4228 l9,
2321 4166 2410 4220 9.0.
2446 4165 2514 4218 Et
2551 4166 2893 4235 fundamenta
2937 4167 3077 4220 muri
3106 4168 3354 4234 civitatis,
3385 4170 3527 4220 omni

1951 4257 2129 4326 lapide
2157 4259 2384 4326 pretioso
2409 4270 2623 4311 ornata.

2024 4348 2317 4404 Duodecim
2372 4349 2725 4403 fundamenta
2789 4359 2918 4404 sunt
2978 4350 3266 4405 duodecim
3321 4350 3528 4420 lapides

1952 4442 2210 4510 pretiosi;
2242 4457 2272 4495 c
2305 4441 2510 4510 quibus
2542 4449 2669 4496 octo
2700 4441 2753 4495 in
2786 4441 2987 4496 summi
3019 4441 3324 4497 sacerdotis
3359 4443 3526 4496 ratiu-

269 4557 454 4609 ροντο’
509 4541 556 4590 οῖ
605 4539 661 4591 δὲ
708 4540 969 4611 τέσσαρες
1031 4539 1478 4609 παρηλλαγμένοι
1528 4541 1698 4592 εἰσίν·
1757 4542 1842 4596 ῐνα
1874 4533 1960 4592 DI

1832 4559 1842 4592 ι
1874 4533 1920 4592 D
1948 4533 2054 4587 nali
2079 4534 2208 4587 olim
2233 4533 2421 4588 inserti
2441 4540 2634 4600 erant;
2663 4545 2900 4602 quatuor
2921 4543 3104 4588 autem
3139 4534 3334 4588 mutati
3362 4542 3523 4597 sunt;

265 4633 518 4701 ἀναφανῇ
569 4629 734 4702 [καὶ]
772 4632 832 4684 τὸ
893 4631 1184 4701 σύμφωνον
1238 4633 1336 4702 τῆς
1394 4633 1521 4694 νέας
1566 4634 1700 4703 πρὸς
1741 4633 1840 4705 τὴν

266 4724 530 4784 παλαιὰν,
560 4724 652 4776 καὶ
677 4723 739 4776 τὺ
787 4724 1054 4793 ὑπερέχον
1087 4723 1195 4776 τῶν
1209 4707 1287 4776 ’ὲν
1328 4725 1464 4794 αὐτῇ
1500 4725 1840 4794 διαλαμψάν-

263 4835 394 4870 των.
424 4816 491 4868 ()ί
520 4817 696 4868 τοίνυν
713 4817 998 4870 ἀπόστολοι
1027 4818 1176 4888 πάσῃ
1205 4818 1371 4888 ἀρετῇ
1397 4818 1484 4871 διὰ
1514 4819 1622 4870 τῶν
1645 4818 1841 4888 τιμίων

263 4909 430 4962 λίθων
460 4909 841 4981 ἐκφαινόμενοι
868 4909 1256 4980 κεκόσμηνται.

348 5086 412 5141 ’0
438 5090 708 5156 θεμέλιος
734 5093 766 5141 ό
797 5089 1046 5159 πρῶτος,
1082 5091 1310 5155 ἴασπις.

338 5183 436 5234 Διά
467 5181 565 5251 τῆς
612 5183 877 5247 ίάσπιδος,
927 5184 1295 5254 χλωριζούσης
1336 5185 1434 5254 τὴν
1489 5184 1658 5253 χρόαν
1706 5183 1844 5236 κατᾶ

265 5274 365 5341 τὴν
417 5275 752 5344 σμάραγδον,
801 5276 948 5338 εἰκὸς
993 5277 1085 5328 τὸν
1137 5280 1434 5346 κορυφαῖον
1494 5278 1695 5345 Πέτρον
1749 5277 1844 5347 δη-

263 5364 519 5418 λοῦσθαιο
559 5367 652 5420 ἅτε
684 5368 781 5437 τὴν
815 5368 1081 5440 νέκρωσιν
1109 5370 1202 5423 τοῦ
1237 5371 1473 5441 Χριστοῦ
1502 5371 1847 5442 βαστάσαντα

265 5459 326 5509 ὲν
374 5459 452 5528 τῷ
496 5460 740 5529 σώματι,
787 5462 972 5515 καὶτὸ
1017 5464 1264 5527 ἀειθαλὲς
1302 5466 1398 5518 καὶ
1454 5466 1642 5530 νεάζον
1677 5467 1734 5518 ὲν
1777 5466 1845 5535 τῇ

265 5551 405 5621 ’πρὸς
439 5551 600 5604 αὑτὸν
629 5553 818 5624 ἀγάπῃ
849 5554 1221 5626 ἐνδειξάμενον
1241 5573 1254 5587 ⁸
1285 5557 1341 5621 ὃς
1371 5555 1538 5629 [καὶ]
1567 5559 1848 5629 ὡδήγησεν

269 5643 418 5712 ἡμᾶς
442 5643 522 5705 εἰς
552 5643 714 5696 τόπον
743 5645 906 5715 χλόης
931 5647 1016 5700 διὰ
1041 5647 1184 5720 [τῆς]
1215 5649 1421 5721 θερμῆς
1449 5651 1702 5714 πίστεως.

347 5814 411 5866 ’0
433 5815 729 5885 δεύτερος,
763 5817 1118 5888 σάπφειρος.

1947 4636 2006 4679 ut
2037 4625 2162 4679 hinc
2188 4636 2445 4695 appareat
2477 4626 2601 4679 novi
2649 4640 2772 4678 cum
2820 4635 3001 4680 vetere
3042 4635 3368 4680 testamento
3395 4641 3527 4678 cun-

1945 4718 2148 4780 scnsio,
2186 4717 2454 4786 simulque
2501 4717 2717 4771 illorum
2766 4718 3087 4773 excellentia
3137 4717 3374 4784 pateﬁat,
3427 4717 3521 4784 qui

1947 4809 2000 4862 in
2039 4824 2181 4862 novo
2216 4808 2455 4864 illustres
2485 4811 2839 4864 exstiterunt.
2869 4810 3116 4879 Apostoli
3167 4809 3331 4879 igitur
3371 4810 3519 4861 oumi

1945 4904 2208 4957 virtutum
2241 4918 2438 4973 genere
2487 4908 2664 4958 ornati
2693 4918 2789 4973 per
2815 4903 3022 4973 lapides
3055 4903 3323 4970 pretiosos
3352 4901 3526 4956 deno-

1948 5007 2151 5054 tantur.

2020 5087 2446 5144 Fundamentum
2473 5093 2721 5159 primum,
2750 5089 2947 5159 jaspis.

2020 5183 2121 5236 Per
2157 5184 2444 5251 jaspidem,
2496 5185 2590 5253 qui
2641 5185 2706 5237 ad
2761 5184 3039 5252 smaragdi
3077 5181 3522 5238 similitudinem.

1951 5277 2017 5330 ad
2046 5277 2372 5331 viriditatem
2403 5275 2598 5340 tendit,
2636 5277 2913 5346 probabile
2966 5283 3022 5330 lit
3070 5279 3253 5329 divum
3305 5274 3524 5328 Petrum

1949 5367 2316 5436 apostolorum
2348 5368 2698 5439 coryphaeum
2733 5369 3064 5438 signiﬁcari;
3102 5377 3160 5419 ut
3192 5365 3286 5436 qui
3321 5365 3522 5421 Christi

1949 5461 2423 5516 mortilieationem
2488 5463 2541 5516 in
2600 5479 2701 5518 suo
2753 5478 2982 5532 corpore
3046 5476 3223 5531 usque
3273 5460 3525 5528 portarit,

1951 5562 2302 5622 vegetamque
2327 5563 2380 5608 et
2397 5565 2713 5609 vernantem
2738 5556 3054 5610 cbaritatem
3071 5569 3198 5625 erga
3225 5551 3370 5606 illum
3387 5567 3530 5606 sem-

1951 5658 2048 5710 per
2095 5644 2428 5711 osteuderit;
2468 5647 2561 5715 qui
2590 5648 2755 5700 etiam
2807 5662 2901 5716 per
2948 5645 3209 5701 fervidam
3265 5644 3424 5697 tidem
3463 5646 3528 5697 ad

1954 5735 2068 5789 loca
2107 5748 2307 5801 pascua
2335 5735 2445 5790 dux
2471 5737 2629 5792 nobis
2657 5738 2887 5793 exstitit.

2029 5824 2351 5893 Secundum,
2383 5830 2691 5896 sapphirus.
