4282 6440
297 440 402 503 437

1260 436 1856 497 CONIMENTARIUS
1899 445 1920 492 1
1941 445 1972 492 κε
2029 432 2521 492 APOCALYPSLV
2537 480 2548 490 .

3440 429 3546 490 438

300 553 499 624 καρδία
536 551 978 620 τυφλώττοντας,
1018 552 1113 602 καὶ
1145 554 1284 616 γάλα
1330 552 1454 610 τοὺς
1485 551 1789 620 ἀρτιγενείε
1813 553 1876 616 τῆ
1911 557 1954 609 Α
1986 547 1991 598 1

1854 553 1876 616 ἦ
1911 557 1954 609 Α
1986 546 2446 614 Evangeiiumcos
2472 547 2563 614 qui
2597 543 2758 597 corde
2791 557 2885 597 etet
2907 546 3166 595 utut-haut.
3195 540 3545 602 iiiuminaret,

300 647 483 698 πίστει
516 643 831 708 ποτίζουσα.

382 735 447 786 't)
475 732 743 797 δέκατος,
776 732 1226 798 χρυσόπρασος.

374 823 474 876 Διὰ
530 821 625 875 τοῦ
681 822 1152 890 χρυσοπράσου,
1211 819 1510 891 βαθυτέρου
1548 822 1648 892 τὴν
1690 839 1879 894 χροιαν

301 915 456 984 παρὰ
495 914 586 966 τὸν
619 914 820 982 χρυσὸν
863 914 1222 982 ὑπάρχοντος,
1267 913 1357 965 τὸν
1387 912 1720 983 [μακάριον]
1749 912 1882 965 Θαδ-

299 1005 453 1056 δαῖον
503 999 655 1072 οἶμαι
711 1001 1094 1071 σημαίνεσθαι,
1139 1002 1230 1054 τὸν
1273 1002 1352 1069 τῷ
1393 1001 1628 1070 Λὺγάρῳ
1676 1001 1884 1070 βασιλεῖ

314 1094 535 1163 Ἐδέσης
571 1100 670 1163 τὴν
701 1092 938 1163 Χριστοῦ
971 1092 1274 1162 βασιλείαν,
1310 1094 1408 1160 τὴν
1440 1091 1526 1144 διὰ
1557 1092 1652 1143 τοῦ
1681 1091 1880 1161 χρυσοῦ

302 1185 662 1254 δηλουμένην,
699 1186 791 1236 καὶ
831 1185 928 1252 τὴν
951 1184 1039 1236 διὶ
1081 1183 1176 1236 τοῦ
1216 1183 1428 1252 πράσου
1480 1183 1884 1254 σημαινομένην

305 1269 454 1339 αὐτῷ
480 1270 770 1339 νέκρωσιν,
799 1271 1317 1340 εὑαγγελισάμενον.

387 1381 451 1434 '0
474 1381 811 1449 ἑνδέκατος,
843 1386 1145 1450 ὑάκινθος.

382 1476 481 1528 Διὰ
509 1476 602 1528 τοῦ
627 1478 942 1542 ὑακίνθου,
977 1479 1074 1547 τὴν
1112 1478 1254 1530 ἰδέαν
1289 1479 1657 1542 κυανίζοντος,
1720 1480 1886 1548 ἤγουν

305 1569 648 1638 ἀερίζοντος,
685 1571 778 1624 τὸν
832 1573 1073 1645 Σίμωνα,
1129 1572 1204 1634 ὡς
1270 1572 1516 1642 ζηλωτὴν
1574 1573 1684 1625 τῶν
1747 1572 1887 1644 [τοῦ]

309 1661 549 1728 Χριστοῦ
587 1664 965 1732 χαρισμάτων,
997 1665 1090 1717 καὶ
1123 1667 1370 1732 οὐράνιον
1393 1665 1581 1734 ἔχοντα
1612 1665 1884 1734 σρόνημα,

310 1754 457 1815 εἰκὸς
487 1754 864 1824 σημαίνεσθαι.

392 1931 457 1985 Ὀ
482 1932 838 1999 δωδέκατος,
868 1933 1192 2002 ἀμέθυσος.

383 2025 482 2077 Διὰ
514 2024 606 2078 τοῦ
636 2027 966 2094 ἀμεθύσου,
997 2029 1062 2096 τῇ
1094 2029 1276 2096 μορφῇ
1310 2029 1761 2098 πορφυρίζοντος,
1788 2029 1882 2082 τὸν

311 2114 563 2167 Ματθίαν
593 2115 928 2184 στοχάζομαι
967 2116 1350 2185 σημαίνεσθαι,
1386 2117 1478 2170 τοῦ
1511 2116 1658 2170 θείου
1715 2117 1886 2187 πυρὸς

315 2205 372 2255 ἐν
408 2208 470 2274 τῇ
511 2205 619 2257 τῶν
646 2205 906 2271 γλωσσῶν
936 2206 1161 2277 διανομῇ
1193 2205 1619 2272 καταξιωθέντα,
1652 2210 1744 2261 καὶ
1801 2208 1890 2260 τὸν

317 2297 409 2348 τοῦ
445 2299 864 2361 ἐκπεπτωκότος
901 2300 1064 2351 τόπον
1097 2300 1585 2370 ἁναπληρώσαντα,
1769 2301 1888 2354 δια-

317 2385 498 2458 πύρῳ]
542 2388 691 2456 πόθῳ
730 2389 828 2457 τῆς
873 2390 1011 2459 πρὸς
1048 2389 1137 2442 τὸν
1193 2391 1552 2462 ἐκλεξάμενον
1595 2392 1891 2463 εὐαρεστή-

319 2495 473 2540 σεως.
514 2479 696 2530 Ταῦτα
749 2480 806 2532 δὲ
842 2481 905 2533 ὲκ
933 2481 1039 2533 τῶν
1076 2482 1153 2552 τῷ
1214 2482 1350 2552 ἁγίῳ
1407 2483 1706 2551 Ἐπιφανίςι
1763 2484 1890 2554 περὶ

317 2570 479 2620 λίθων
524 2571 855 2641 εἰρημένων,
894 2573 986 2625 καὶ
1009 2574 1208 2642 ἑτέρως
1248 2573 1364 2645 [ὑπ’
1395 2573 1584 2646 αὐτοῦ]
1620 2579 1727 2638 τοῖς
1756 2575 1888 2643 φυλ-

319 2665 506 2733 άρχοις
553 2664 643 2715 τοῦ
684 2665 902 2734 Ἰσραὴλ
948 2665 1470 2733 προστ,ρμοσμένων,
1505 2667 1887 2737 ὲντετάχαμεν,

320 2757 456 2824 πρὸς
486 2759 798 2825 γυμνασίαν
833 2759 943 2818 τοῖς
976 2758 1366 2825 ἐντυγχάνουσι
1418 2761 1526 2820 τοῖς
1583 2760 1888 2827 αἰνίγμασι,

319 2847 416 2916 τῆς
473 2845 732 2914 ἀληθιιίας
797 2847 1376 2917 καταστοχαζόμενοι,
1445 2850 1544 2918 τῆς
1603 2850 1890 2918 ἀκριϐείας

321 2938 678 3006 ἐγνωσμένης
716 2936 862 3006 μόνῳ
892 2936 966 3005 τῷ
994 2937 1426 3006 ἀποκαλύψαντι.
1463 2941 1669 3002 Ὄντως
1703 2940 1758 2993 δὲ
1801 2944 1892 2994 καὶ

319 3029 559 3097 θεμέλιοι
585 3031 634 3080 οἱ
666 3029 975 3093 ἀπόστολοι,
1010 3030 1103 3081 καὶ
1133 3030 1268 3082 λίΟοι
1305 3031 1510 3099 τίμιοι·
1558 3034 1584 3084 ὁ
1629 3032 1726 3101 μὲν
1767 3033 1890 3086 τοῦ-

318 3121 371 3172 δε
401 3164 414 3187 ,
448 3122 475 3172 ὁ
527 3122 582 3174 δὲ
616 3119 804 3172 τοῦδε·
835 3123 927 3173 καὶ
979 3123 1179 3184 πάντες
1245 3126 1394 3192 κοινῇ
1440 3123 1656 3175 πάντων
1712 3125 1772 3176 τὸ
1836 3127 1893 3180 ἐν

319 3211 430 3270 τοῖς
484 3208 667 3270 καλοῖς
734 3208 936 3270 ἰδιάζον
997 3211 1091 3261 καὶ
1163 3211 1440 3280 ἐξαίρετον
1493 3212 1890 3277 ἀποσώζοντες.

318 3301 412 3352 Διὸ
445 3299 748 3369 παρακαλῶ
798 3301 1066 3369 ἀφεθῆναι
1097 3301 1195 3370 τῆς
1240 3304 1332 3354 ἐπὶ
1359 3305 1472 3365 τοῖς
1502 3305 1892 3375 παρατεθεῖσιν

320 3390 659 3462 [νοήμασιν,]
685 3391 758 3453 ὡς
786 3390 1187 3461 βιϐιασμένοις,
1223 3394 1500 3464 μέμψεως.
1531 3396 1607 3447 υὺ
1648 3397 1754 3467 γὰρ
1813 3397 1893 3468 τῷ

321 3482 578 3545 ἰδιάζοντι
606 3483 705 3551 τῆς
750 3484 984 3536 ἑκάστου
1020 3485 1126 3536 τῶν
1179 3487 1498 3538 ἀποστόλων
1548 3489 1746 3556 ἀρετῆς
1797 3489 1896 3558 τὴν

318 3575 499 3627 αὐτῶν
532 3575 820 3626 κοινωνίαν
847 3575 942 3628 καὶ
964 3574 1323 3643 ἀλληλουχίαν
1351 3576 1686 3645 διεκὸψαμεν
1706 3618 1721 3641 ,
1758 3578 1895 3632 ἀλλὰ

318 3666 407 3717 διὰ
447 3669 546 3733 τῆς
583 3655 815 3735 μερικῆς
847 3666 1185 3735 ὲτερότητοςέ
1215 3668 1313 3737 τὴν
1339 3669 1523 3737 ὁλικὴν
1555 3669 1736 3722 αὐτῶν
1762 3687 1896 3724 ταυ-

317 3757 518 3828 τότητα
564 3758 804 3825 δηλῶσαι
869 3757 1351 3830 προεθυμήθημεν,
1405 3761 1648 3830 ἀλλήλων
1703 3762 1897 3832 ἐχομέ-

315 3868 438 3920 νην,
477 3851 634 3920 δίκην
662 3851 928 3914 ἁλύσεως.

1978 639 2248 706 modoque
2278 639 2485 707 genitos
2515 638 2635 691 ﬁdei
2661 637 2798 691 lacte
2822 645 3050 705 potare:~

2049 725 2340 790 Decimum,
2372 726 2792 793 rhrysoprassus.

2049 819 2510 888 Chrysoprassum,
2541 819 2632 886 qui
2663 818 2779 872 auri
2811 818 3046 872 colorem
3089 832 3224 871 auro
3257 817 3412 889 105
3445 819 3561 887 ipso

1981 911 2144 965 altius
2195 911 2427 975 imbibit,
2458 912 2674 965 beatum
2698 910 3056 975 Thaddreum,
3083 911 3175 980 qui
3204 912 3419 979 Abgaro
3445 913 3554 981 regi

1985 1003 2199 1059 Edessa:
2228 1001 2429 1057 Christi
2461 1018 2686 1072 regnum
2715 1018 2808 1072 per
2844 1020 3060 1067 aurum,
3103 1005 3348 1074 ejusdem
3373 1017 3554 1059 autem

1985 1105 2214 1148 mortem
2248 1111 2342 1164 per
2371 1109 2625 1164 prassum
2657 1095 2995 1166 designatam
3024 1097 3356 1165 praedicavit,
3390 1096 3562 1167 signi-

1989 1184 2134 1238 iieari
2161 1185 2439 1241 existimo.

2060 1383 2426 1443 Undecimum,
2465 1379 2809 1450 hyacinthus.

2061 1474 2442 1544 Hyacinthum,
2478 1473 2572 1542 qui
2598 1472 2818 1527 crerulci
2847 1472 3103 1543 aereique
3158 1473 3362 1528 coloris
3426 1486 3553 1542 spe-

1991 1567 2126 1621 ciem
2159 1581 2256 1634 per
2294 1580 2351 1619 se
2376 1565 2530 1632 gerit,
2568 1563 2634 1618 ad
2683 1562 2964 1617 Simonem
3035 1572 3294 1632 tanquam
3353 1562 3564 1617 charis-

1994 1664 2197 1710 matum
2229 1664 2283 1709 et
2308 1655 2605 1723 gratiarum
2658 1653 2862 1707 Christi
2896 1653 3215 1715 zelatorem,
3251 1654 3558 1707 emlestem-

1993 1762 2099 1817 que
2153 1746 2491 1816 prudentiam
2545 1745 2685 1799 haud
2732 1745 3010 1815 vulgarem
3070 1743 3346 1805 sortitum,
3415 1743 3556 1796 haud

1997 1838 2341 1892 incommode
2363 1837 2638 1891 retuleris.

1925 1917 1965 1970 Β
2066 1930 2466 1997 Duodecimum,
2496 1929 2848 1998 amethystus.

2073 2021 2177 2077 Per
2217 2025 2605 2091 amethystum,
2643 2021 2736 2092 qui
2774 2019 2922 2090 ignis
2977 2019 3212 2074 formam
3268 2021 3563 2089 spectanti-

1998 2117 2095 2172 bus
2119 2116 2361 2178 exhibet,
2405 2114 2683 2168 Matthiam
2729 2112 3024 2182 signiﬁcari
3061 2112 3338 2180 conjicio;
3379 2124 3438 2166 ut
3467 2114 3560 2182 qui

1996 2209 2049 2262 in
2082 2209 2388 2279 linguarum
2421 2207 2808 2261 distributione
2839 2206 3056 2261 cmlesti
3093 2206 3216 2274 igne
3245 2204 3450 2258 aﬂ'atim
3496 2206 3567 2259 sit

1994 2300 2324 2364 aiiiatus;et
2358 2302 2429 2354 ob
2459 2298 2854 2352 inﬂammatum
2913 2296 3042 2358 Deo,
3101 2312 3130 2349 ιι
3179 2313 3288 2365 quo
3344 2297 3561 2351 electus

1991 2402 2129 2454 erat,
2181 2390 2457 2447 serviendi
2504 2399 2558 2445 et
2607 2388 2857 2458 placendi
2921 2388 3279 2451 desiderium,
3330 2388 3563 2444 idoneus

1992 2498 2190 2538 census
2237 2482 2423 2545 quiin
2471 2481 2706 2553 prolapsi
2757 2478 2915 2536 ludas
2956 2481 3136 2534 locum
3189 2479 3551 2536 suiliceretur.

1997 2576 2116 2631 ll:rc
2138 2587 2321 2631 autem
2350 2591 2417 2630 ex
2451 2574 2517 2630 iis
2557 2575 2611 2628 in
2645 2574 2882 2628 medium
2940 2573 3247 2639 attulimus,
3275 2588 3400 2642 qua:
3435 2588 3564 2627 san-

1994 2677 2114 2721 ctus
2127 2667 2461 2736 Epiphanius
2477 2664 2543 2719 de
2568 2665 2835 2734 lapidibus
2852 2665 2971 2720 istis
2994 2664 3273 2725 disseruit,
3301 2665 3570 2718 tribuum--

1995 2775 2100 2829 que
2133 2759 2349 2813 lsraelis
2394 2758 2730 2829 principibus
2770 2756 3232 2823 accommodavit;
3272 2758 3434 2825 idque
3491 2759 3557 2812 ad

2000 2851 2213 2905 illorum
2244 2850 2696 2905 exercitationem
2729 2852 2820 2918 qui
2865 2851 2918 2904 in
2950 2851 3062 2904 lucc
3087 2851 3244 2919 quasi
3280 2852 3568 2918 mnigmata

1997 2959 2097 2998 suo
2140 2943 2279 2997 forte
2333 2954 2574 3013 tempore
2637 2943 2928 2996 illt'ltit‘iiil
2977 2943 3045 2997 de
3065 2943 3293 2996 veritate
3348 2943 3568 3011 quidem

1996 3036 2312 3089 nonnullam
2377 3034 2749 3105 conjecturam
2809 3035 3089 3099 facientes,
3116 3044 3427 3090 accuratam
3461 3051 3559 3089 au-

1998 3135 2323 3179 temearum
2358 3139 2541 3178 rerum
2569 3125 2818 3178 notitiam
2876 3124 2974 3177 soli
3033 3122 3162 3184 Deo,
3218 3124 3312 3192 qui
3370 3125 3558 3177 istha‘e

1999 3216 2275 3285 patefecit,
2312 3217 2706 3285 relinquentes.
2744 3214 2967 3269 lntcrim
3000 3217 3230 3285 apostoli
3259 3227 3386 3270 sunt
3445 3231 3570 3270 vera

1952 3311 1964 3325 ‘
2001 3308 2255 3364 Ecclesiae
2312 3307 2696 3373 fundamenta,
2749 3307 3064 3376 lapidesque
3140 3324 3266 3360 vere
3319 3308 3565 3376 prt'liOSl.

2002 3401 2069 3455 Et
2101 3400 2194 3456 hic
2233 3401 2454 3470 quidem
2495 3399 2681 3468 hujus,
2737 3401 2838 3453 iste
2871 3415 3001 3453 vero
3037 3400 3183 3454 illius
3217 3400 3380 3470 lapilli
3405 3400 3575 3453 rirtu-
3619 3409 3623 3412 '

2000 3503 2110 3546 tem
2137 3501 2190 3547 et
2225 3494 2609 3562 proprietatem
2643 3490 2836 3557 refert;
2863 3505 3056 3546 omnes
3085 3502 3262 3546 autem
3317 3493 3370 3545 in
3420 3507 3574 3545 com-

1997 3585 2168 3649 muni,
2195 3583 2459 3654 quidquid
2495 3584 2547 3638 in
2592 3584 2819 3653 singulis
2857 3585 3146 3654 pulchrum
3197 3592 3253 3637 et
3302 3584 3574 3638 excellens

1995 3676 2233 3739 exsistit,
2258 3677 2364 3730 hoc
2398 3684 2570 3730 totum
2610 3675 2714 3730 sibi
2751 3675 3054 3741 vindicant,
3091 3676 3192 3730 etsi
3229 3691 3336 3729 non
3381 3676 3571 3730 eodem

1995 3781 2208 3833 semper
2235 3766 2424 3836 gradu.
2461 3765 2762 3835 Eapmpter
2799 3767 2865 3820 ad
2914 3782 3079 3820 unum
3109 3780 3301 3821 omnes
3354 3777 3575 3835 rogatos

1992 3857 2176 3924 cupio,
2210 3873 2276 3910 ne
2308 3858 2628 3921 sententias,
2655 3873 2792 3927 quas
2831 3859 2916 3912 hic
2971 3859 3350 3928 opposuimus,
3405 3859 3570 3927 quasi

315 3955 535 3998 coactas
564 3944 956 4010 reprehendant
992 3961 1004 3998 :
1045 3960 1218 4014 neque
1296 3946 1442 4000 enim
1507 3947 1760 4001 virtutem
1824 3963 1984 4016 quam
2019 3949 2111 4002 uni
2164 3950 2326 4002 alicui
2380 3949 2640 4017 Apostolo
2705 3951 2862 4020 quasi
2921 3951 3196 4020 propriam
3256 3950 3573 4012 tribuimus,

317 4043 442 4096 aliis
474 4041 788 4104 adimimus,
833 4050 926 4094 aut
962 4051 1204 4095 mutuam
1236 4058 1424 4097 carum
1485 4045 1865 4098 coluerentiam
1931 4046 2356 4115 amputavimus,
2425 4055 2518 4100 aut
2574 4047 3012 4100 communionem
3052 4061 3334 4114 negamus.
3373 4044 3572 4099 Verum

319 4152 416 4204 per
477 4134 816 4202 dispartitant
874 4134 1264 4195 diversitatem,
1336 4135 1628 4203 perfectam
1691 4151 1877 4190 earum
1938 4137 2336 4191 connexioncm
2406 4146 2570 4207 atque
2631 4137 2944 4194 societatem
2992 4137 3235 4192 indicare
3271 4135 3572 4200 voluimus;

321 4240 382 4285 ut
414 4246 536 4299 quae
567 4230 736 4282 instar
759 4240 962 4283 catenas
997 4231 1099 4284 sibi
1139 4243 1328 4285 mutuo
1357 4240 1685 4296 cohaereant,
1721 4249 1893 4304 neque
1931 4250 1959 4289 a
1991 4251 2048 4290 se
2073 4235 2301 4288 invicem
2335 4236 2514 4288 divelli
2545 4245 2765 4304 queant.

395 4325 500 4377 lia!
537 4327 589 4376 oi
619 4323 848 4375 δώδεκα
879 4324 1174 4388 πυλῶνες,
1219 4325 1447 4379 δώδεκα
1501 4328 1884 4395 μαργαρῖται·

319 4415 436 4469 ἀνὰ
467 4413 552 4480 εἷς
570 4415 829 4478 ἕκαστος
855 4412 973 4465 τῶν
999 4414 1293 4468 πυλώνων
1314 4412 1392 4484 ἦν·
1421 4416 1489 4480 ἐξ
1505 4417 1643 4483 ἐνὸς
1667 4435 1890 4490 μαργα-

316 4510 507 4577 ρίτου.

2072 4329 2208 4392 XXI,
2232 4330 2320 4382 Ἦ.
2358 4329 2423 4382 Et
2444 4330 2721 4383 duodecim
2750 4340 2938 4398 portae,
2960 4330 3232 4384 duodecim
3272 4332 3577 4400 margaritc’

2001 4433 2155 4482 sunt;
2179 4432 2226 4473 et
2260 4423 2480 4490 singula:
2505 4433 2671 4489 porta:
2696 4431 2845 4475 erant
2879 4437 2942 4475 ex
2980 4422 3205 4491 singulis
3237 4427 3571 4493 margaritis.

399 4622 483 4694 [Ol
512 4623 569 4675 δὲ
592 4620 843 4692 δώδεκα]
869 4619 1199 4685 πυλεῶνες,
1224 4621 1427 4690 δηλαδὴ
1444 4623 1493 4674 oi
1519 4622 1772 4693 [δώδεκα]
1803 4623 1894 4675 τοῦ
1931 4610 1972 4662 Ῐ)
2079 4617 2090 4669 i

1883 4610 1972 4674 in
2079 4617 2254 4672 Portw
2308 4617 2580 4670 duodecim
2630 4625 2758 4669 sunt
2810 4615 3098 4671 duodecim
3129 4615 3337 4674 Christi
3406 4619 3574 4673 discn-

322 4713 564 4784 Χριστοῦ
613 4712 878 4783 μαθηταὶ,
917 4713 984 4765 δι’
1022 4707 1095 4764 ὧν
1140 4713 1237 4780 τὴν
1285 4713 1455 4780 θύραν
1505 4716 1596 4768 καὶ
1642 4714 1741 4784 τὴν
1779 4715 1899 4766 ὁδὸν

323 4808 644 4875 ἐπέγνωμεν
700 4805 822 4877 ἱτῆς
889 4805 1066 4874 ζωῆς·
1129 4807 1325 4868 οἵτινες
1381 4804 1497 4878 καὶ]
1526 4806 1732 4859 δώδεκά
1794 4808 1900 4859 είσι

331 4901 687 4969 μαργαρῖται,
719 4897 779 4961 ἐξ
809 4897 925 4958 ἐνὸς
946 4897 1244 4966 πολυτίμου
1284 4898 1626 4968 μαργαρίτου
1651 4899 1743 4950 τοῦ
1766 4899 1898 4967 Χρι-

328 4989 455 5042 στοῦ
484 4990 582 5060 τὴν
611 4989 890 5054 διαύγειαν
922 4989 1275 5056 κτησάμενοι.

397 5101 505 5156 Καὶ
533 5101 570 5166 ὴ
604 5099 855 5153 πλατεῖα
879 5098 987 5166 τῆς
1014 5101 1264 5164 πόλεως,
1305 5101 1561 5168 χρυσίον
1612 5101 1894 5169 καθαρὸν,

343 5192 424 5257 ὠς
453 5192 639 5256 ὕαλος
664 5190 938 5257 διαυγής.

412 5298 524 5349 Ἑνὶ
548 5298 954 5367 παραδείγματι
988 5299 1043 5350 δὲ
1068 5299 1166 5368 τὴν
1195 5301 1480 5371 ἀκρίϐειαν
1514 5303 1623 5354 τῶν
1657 5303 1757 5372 τῆς
1787 5304 1900 5356 ἄνω

329 5391 535 5452 πόλεως
570 5390 788 5456 ἀγαθῶν
843 5392 1194 5462 παραστῆσαι
1251 5394 1312 5445 οὔ
1361 5393 1602 5449 δύναται.
1652 5397 1743 5448 Διὸ
1803 5397 1902 5463 τὴν

329 5483 590 5535 πλατεῖαν
619 5483 716 5551 τῆς
764 5483 991 5547 πόλεως,
1048 5483 1133 5537 διὰ
1187 5484 1284 5552 μὲν
1337 5487 1394 5538 τὸ
1456 5486 1744 5550 πολυτελὲς
1808 5488 1903 5540 καὶ

329 5574 587 5643 εὖχρουν,
614 5573 689 5635 ὡς
721 5574 946 5643 χρυσίον
969 5615 983 5636 ,
1016 5575 1103 5627 διὰ
1132 5575 1185 5627 δὲ
1231 5576 1289 5626 τὸ
1326 5578 1584 5646 καθαρὸν,
1641 5579 1714 5639 ὡς
1768 5579 1901 5647 κρύ-

332 5669 558 5723 σταλλον
607 5669 898 5730 ἐθεάσατο,
940 5667 1080 5739 [ἦτοι
1113 5670 1185 5732 ὡς
1249 5668 1407 5723 ὕαλον
1472 5670 1725 5741 διαυγῆ·]
1763 5670 1905 5738 ἅπερ

330 5761 614 5828 ἀμφότερα
657 5762 714 5812 ἐν
759 5762 838 5813 ἑνὶ
870 5762 1196 5831 συνδραμεῖν
1248 5764 1372 5830 παρ’
1421 5765 1574 5832 ἡμῖν,
1623 5764 1900 5817 ἀδύνατον.

331 5852 518 5907 Ταῦτα
546 5853 603 5906 δὲ
633 5854 810 5908 πάντα
843 5855 870 5906 ὁ
925 5856 1076 5921 ἅγιος
1108 5856 1384 5918 τεθέαται,
1433 5857 1612 5919 καθὼς
1645 5857 1902 5925 ἠδύνατοο

2003 4709 2145 4778 puli;
2182 4723 2272 4776 per
2314 4708 2476 4761 hosce
2535 4722 2771 4774 namque
2802 4715 2856 4760 et
2915 4707 3140 4774 ostium,
3172 4717 3227 4761 et
3268 4709 3408 4761 viam
3451 4710 3576 4764 vitae

2001 4800 2356 4868 cognovimus
2386 4817 2397 4850 :
2433 4799 2527 4868 qui
2562 4797 2780 4867 quidem
2817 4797 3109 4852 duodecim
3161 4807 3288 4854 sunt
3359 4815 3570 4870 marga-

2006 4900 2119 4944 rit:e
2167 4907 2229 4943 ex
2284 4906 2389 4944 una
2423 4891 2658 4960 pretiosa
2725 4892 3041 4958 margarita,
3092 4906 3286 4960 nempe
3335 4891 3573 4954 Christo,

2004 4983 2346 5050 splendorem
2381 4984 2669 5052 lucemque
2693 4983 2892 5051 adepti.

2076 5099 2144 5152 Et
2165 5100 2340 5168 platea
2366 5100 2591 5152 civitatis
2636 5115 2827 5152 aurum
2859 5111 3137 5158 murteum,
3193 5113 3445 5165 tauquam
3498 5100 3574 5151 ri-

2007 5203 2146 5245 trum
2177 5190 2527 5260 perlucidum.

2074 5307 2210 5358 Cum
2240 5319 2346 5357 una
2377 5303 2738 5356 similitudine
2764 5311 2955 5357 exacta
2993 5302 3234 5357 caelestis
3261 5301 3411 5356 illius
3433 5302 3567 5356 civi-

2007 5396 2132 5449 tatis
2167 5403 2424 5448 venustas
2444 5392 2716 5461 plenaque
2749 5394 3017 5445 bonorum
3075 5390 3321 5460 ejusdem
3381 5392 3572 5446 notitia

2007 5485 2148 5539 tradi
2197 5499 2304 5538 non
2336 5483 2533 5552 possit,
2583 5482 2678 5538 sed
2710 5483 2776 5536 ad
2817 5497 2935 5535 eam
2967 5496 3082 5534 rem
3118 5482 3285 5536 variis
3332 5495 3472 5551 opus
3503 5483 3576 5535 sit

2005 5576 2269 5644 exemplis
2303 5585 2353 5629 et
2381 5573 2858 5633 similitudinibus.
2897 5581 3182 5641 propterea
3233 5571 3473 5625 civitatis
3506 5571 3572 5624 il-

2007 5670 2115 5724 lius
2148 5670 2354 5739 plateas
2414 5667 2676 5738 crystallo
2716 5680 2964 5733 auroque
3013 5665 3219 5718 mundo
3268 5662 3576 5731 assimilat;

2008 5779 2117 5834 quo
2157 5763 2285 5817 hinc
2324 5762 2544 5830 quidem
2566 5760 2687 5828 ejus
2713 5758 3083 5830 praestantiam
3130 5756 3436 5825 colorisque
3457 5757 3572 5811 eie-

2009 5853 2246 5924 gantiam
2296 5851 2648 5922 colligamus;
2707 5849 2833 5905 inde
2887 5862 3016 5904 vero
3053 5845 3301 5914 ejusdem
3358 5843 3580 5899 mundi-
