4282 6440
769 404 876 486 6.39

1978 411 2309 473 ANDRE/E
2344 410 2871 473 CIESARIENSIS

3926 407 4033 471 “0

773 528 898 581 Iicm
933 538 983 583 et
1043 526 1380 589 claritatem;
1435 540 1557 595 qua:
1584 525 1694 581 duo
1723 523 1863 595 apud
1907 538 2011 579 nos
2051 525 2105 578 in
2172 539 2341 578 unum
2373 527 2464 598 At

2373 540 2420 598 Δ
2450 525 2484 594 ἡ
2529 523 2586 576 δὲ
2610 522 2919 594 ἀκραιφνὴς
2945 522 3045 595 τῆς
3086 522 3201 577 ἄνω
3230 522 3441 586 πόλεως
3484 521 3816 591 κατανόησις
3871 522 4043 591 ὑπερ-

774 621 939 674 simul
990 618 1289 675 convenire
1324 618 1470 673 haud
1520 619 1680 673 facile
1734 619 1933 672 solent.
1981 614 2107 671 [hec
2156 623 2340 669 autem

2452 614 2627 668 σαίνει
2659 617 2755 667 καὶ
2780 615 2951 686 ἀκοὴν
2986 615 3105 687 [καὶ
3144 614 3362 686 ὅρασιν]
3400 616 3497 668 καὶ
3522 614 3790 668 διάνοιαν.

773 711 957 766 omnia
994 719 1215 765 sanctus
1248 710 1579 779 evangelista
1630 708 1790 772 vidit,
1824 716 2090 778 quantum
2117 714 2172 760 et
2214 714 2485 775 quatenus
2548 705 2754 774 potuit:
2823 705 3092 775 siquidem
3172 706 3445 777 exquisita
3489 720 3740 775 superna:
3802 704 4046 760 civitatis

772 810 1015 880 cognitio
1036 809 1253 864 excedit
1287 820 1504 862 onmem
1533 805 1805 865 auditum.
1835 817 2164 870 omnemque
2189 800 2390 855 mentis
2414 807 2471 856 et
2498 815 2698 857 sensus
2728 809 2972 870 captum.

842 900 984 963 XXI,
1022 900 1113 955 22.
1158 899 1226 953 Et
1258 899 1508 968 templum
1541 912 1644 950 non
1685 897 1794 950 uidi
1823 897 1879 949 in
1908 891 2005 947 illa
2041 905 2058 943 :
2091 890 2346 944 Dominus

770 996 908 1048 enim
935 993 1076 1047 Deus
1100 992 1424 1060 omnipotens
1462 989 1719 1057 templum
1752 987 1900 1040 illius
1931 994 2031 1051 est,
2059 994 2107 1036 et
2137 984 2338 1053 Agnus.

845 1176 1005 1246 106
1027 1172 1304 1240 Quorsum
1335 1169 1483 1224 enim’
1504 1182 1642 1236 opus
1667 1177 1752 1220 est
1786 1164 1864 1219 illi
1886 1173 2117 1219 externo
2141 1168 2195 1216 et
2216 1173 2346 1214 sen-

772 1269 859 1325 sili
884 1266 1110 1337 templo,
1142 1278 1263 1334 qua:
1304 1260 1497 1323 Deum,
1528 1260 1716 1328 inquo
1743 1256 1997 1317 vivimus,
2023 1265 2334 1311 movemur.

771 1371 829 1417 et
857 1375 1071 1421 sumus,
1125 1356 1288 1410 habet
1318 1351 1601 1407 custodem
1632 1358 1687 1404 et
1714 1343 2093 1402 defensorem?
2126 1342 2178 1397 ls
2199 1342 2344 1397 enim

2518 890 2629 945 Kal
2658 891 2811 945 ναὸν
2842 892 2955 945 οὐκ
2977 886 3143 945 εἶδον
3168 890 3239 944 ἐν
3261 888 3417 957 αὐτῇ
3446 906 3458 916 ·
3512 892 3547 944 ό
3602 888 3714 959 γὰρ
3750 889 3969 957 Κύριος
4013 891 4047 942 ὁ

2450 986 2597 1052 Θεὸς
2625 989 2659 1040 ό
2710 984 3139 1053 παντοκράτωρ
3184 984 3335 1051 ναὸς
3392 982 3585 1053 αὐτῆς
3635 983 3767 1036 ἐστι
3820 982 3921 1037 καὶ
3975 982 4045 1035 t‘d

2462 1079 2721 1136 Ἀονίον.

2519 1128 2521 1130 τ
2565 1096 2721 1132 νιον.

2519 1096 2629 1227 ἰ)ζαί
2654 1172 2809 1225 ναὸν
2838 1172 2953 1225 οὐκ
2972 1165 3138 1223 εῖδον
3157 1169 3229 1222 ἐν
3272 1166 3449 1235 αὐτῇ.
3486 1197 3558 1207 -
3591 1168 3688 1230 Τίς
3719 1165 3829 1235 γὰρ
3873 1164 4041 1235 χρεία

2451 1264 2583 1321 ναοῦ
2619 1264 2907 1337 αἰσθητοῦ,
2960 1266 3028 1335 τῇ
3083 1264 3281 1335 ἐχούσῃ
3327 1264 3419 1315 τὸν
3443 1262 3577 1315 Θεδν
3624 1261 3872 1332 φρουρὶν
3936 1263 4038 1313 καὶ

2451 1359 2665 1429 σκέπην
2696 1375 2709 1390 ·
2747 1360 2806 1412 ὲν
2835 1352 2880 1427 ᾧ
2936 1358 3121 1426 ζῶμεν
3155 1359 3252 1410 καὶ
3305 1355 3625 1426 κινούμεθα,
3684 1356 3777 1408 καὶ
3832 1355 4042 1423 ὲσμέν;

773 1461 1093 1507 sanctorum
1124 1445 1386 1515 templum
1415 1451 1469 1497 et
1498 1441 1675 1496 incola
1704 1448 1822 1502 est;
1851 1434 1979 1505 quia
2000 1433 2157 1504 juvta
2220 1446 2350 1502 pro-
2448 1449 2464 1499 (

2347 1461 2350 1468 '
2448 1439 2619 1510 Οὗτος
2647 1446 2754 1517 γάρ
2797 1449 2912 1501 ἔστι
2966 1448 3074 1501 τῶν
3127 1447 3299 1515 ἁγίων
3345 1448 3439 1499 καὶ
3491 1446 3617 1508 ναὸς
3663 1446 3756 1498 καὶ
3804 1444 4038 1506 ἔνοικος.

775 1543 1096 1596 missionem
1133 1552 1290 1594 suam
1327 1535 1539 1590 habitat
1581 1541 1636 1587 et
1673 1529 1919 1584 ambulat
1988 1528 2039 1580 in
2100 1526 2246 1589 illis;
2298 1532 2353 1579 et

772 1639 964 1704 Agnus
988 1631 1106 1693 Dei,
1162 1631 1254 1701 qui
1322 1635 1543 1698 propter
1588 1638 1691 1677 nos
1745 1619 2035 1690 iugulatus
2093 1625 2197 1680 est,
2260 1616 2348 1669 cui

771 1729 937 1780 etiam
968 1722 1219 1778 viviﬁeus
1253 1718 1499 1789 Spiritus
1530 1731 1627 1787 per
1663 1712 1959 1769 essentiam
2023 1708 2350 1778 eonjunctus

2455 1539 2684 1593 ἐνοικῶν
2716 1538 2823 1611 [ἐν]
2852 1540 3037 1603 αὐτοῖς
3073 1540 3167 1592 καὶ
3196 1538 3616 1609 ἐμπεριπατῶν,
3640 1536 3821 1599 καθὼς
3864 1537 4043 1603 ἐπήγ-

2460 1633 2670 1711 γελται.
2712 1632 2786 1684 Τὸ
2826 1631 3085 1700 Ἀρνίον,
3115 1634 3143 1684 ὁ
3171 1632 3239 1684 δι’
3263 1633 3413 1701 ἡμᾶς
3445 1630 3797 1700 σφαγιασθεῖς
3844 1628 4046 1697 ’Λμνὺς

2463 1722 2560 1776 τοῦ
2620 1722 2789 1776 Θεοῦ·
2850 1716 2895 1791 ᾧ
2948 1723 3150 1794 δηλαδὴ
3209 1723 3487 1786 οὐσιωδῶς
3546 1723 3635 1776 καὶ
3664 1721 3726 1774 τδ
3773 1719 4047 1785 ζωοί-ποιὸν

771 1829 876 1876 est.
915 1821 1091 1888 Atque
1122 1816 1224 1869 hoc
1270 1828 1367 1883 per
1399 1810 1651 1872 ﬂuvium,
1697 1807 1857 1875 cuius
1907 1804 2066 1874 paulo
2116 1808 2239 1871 post
2290 1798 2349 1852 ﬁt
2382 1840 2422 1896 Β
2458 1817 2462 1868 i

2382 1840 2422 1896 Β
2458 1817 2681 1885 Πνεῦμα
2716 1816 3112 1869 συντέτακται·
3176 1817 3313 1885 ὅπερ
3344 1815 3433 1869 διὰ
3479 1814 3573 1868 τοῦ
3621 1814 3750 1884 ἑξῆς
3792 1812 4044 1882 ποταμοῦ

771 1912 999 1973 mentio,
1034 1909 1236 1962 diserte
1268 1905 1634 1975 signiﬁcatur.

842 2002 985 2067 XXI,
1019 2002 1110 2055 23.
1152 1999 1219 2054 Et
1254 1999 1439 2052 civitas
1482 2012 1583 2048 non
1622 2002 1733 2062 eget
1788 1990 1917 2052 sole,
1979 2003 2141 2056 neque
2198 1985 2344 2045 luna,

771 2105 829 2149 ut
861 2095 1069 2148 luceant
1105 2093 1158 2146 in
1186 2109 1247 2145 ea
1292 2106 1310 2143 :
1342 2105 1465 2143 nam
1505 2087 1727 2141 claritas
1782 2083 1877 2137 Dei
1930 2079 2254 2135 illuminabit
2287 2077 2354 2129 iI-

774 2190 901 2251 Iam,
940 2194 989 2239 et
1021 2185 1235 2238 lucerna
1269 2182 1382 2250 ejus
1414 2188 1489 2233 est
1514 2177 1713 2248 Agnus.

850 2367 952 2423 Ubi
998 2366 1143 2421 enim
1175 2364 1443 2436 mysticus
1463 2360 1693 2433 justitite
1724 2356 1817 2412 Sol
1844 2357 2007 2418 lucet,
2062 2353 2135 2408 ibi
2183 2358 2354 2406 exter-

778 2459 867 2513 nis
903 2455 1271 2511 luminarihus
1304 2466 1445 2521 opus
1477 2464 1586 2505 non
1616 2457 1718 2503 est.
1769 2447 1888 2517 Ipse
1912 2445 2056 2499 enim
2113 2442 2260 2495 illius
2304 2448 2358 2491 et

778 2551 951 2623 gloria
983 2559 1039 2605 et
1090 2548 1311 2602 lucerna
1346 2552 1468 2610 est;
1499 2551 1553 2597 et
1606 2550 1814 2612 gentes,
1845 2548 1968 2609 quae
1992 2534 2157 2591 salva:
2197 2532 2353 2595 ﬁunt,

777 2645 833 2698 in
870 2642 1072 2696 lumine
1100 2640 1249 2694 illius
1299 2636 1697 2700 ambulabunt;
1732 2634 1795 2687 de
1827 2631 2027 2701 quibus
2086 2623 2307 2694 subjicit
2339 2639 2352 2675 :

846 2815 991 2879 XXI,
1022 2817 1113 2878 2i,
1145 2814 1239 2869 ‘25.
1277 2813 1345 2867 Et
1407 2810 1752 2866 ambulabunt
1782 2818 1953 2878 gentes
1982 2822 2101 2876 qua:
2132 2815 2354 2859 servata:

780 2916 1017 2983 fuerunt,
1048 2914 1101 2966 in
1141 2912 1338 2964 lumine
1368 2911 1522 2979 ejus;
1561 2918 1610 2961 et
1637 2923 1779 2975 reges
1813 2916 1966 2958 terrae
1997 2903 2216 2971 a/ferent
2242 2902 2355 2970 glo-

780 3010 916 3062 riam
950 3022 1103 3060 suam
1137 3015 1185 3059 et
1221 3005 1465 3057 honorem
1501 3002 1554 3053 in
1580 3000 1752 3053 illam.
1796 2997 1861 3050 Et
1901 3005 2069 3066 porta:
2093 2996 2206 3064 ejus
2257 3008 2359 3044 non

778 3098 1098 3153 claudentur
1124 3110 1215 3165 per
1244 3094 1401 3147 diem.
1439 3088 1562 3143 Nox
1590 3089 1727 3142 enim
1761 3104 1862 3140 non
1895 3087 1993 3140 erit
2022 3085 2155 3137 illic.

820 3279 1053 3333 Gentes
1082 3290 1202 3345 quae
1236 3273 1414 3329 salute
1447 3272 1750 3342 potiuntur,
1786 3270 1838 3322 in
1884 3268 2092 3322 lumine.
2124 3266 2266 3335 ejus,
2299 3273 2358 3316 ut

782 3372 989 3425 dictum
1026 3376 1131 3430 est,
1168 3366 1488 3428 ambulant;
1530 3363 1623 3433 qui
1649 3371 1828 3417 autem
1861 3362 1912 3414 in
1946 3370 2088 3413 terra
2147 3357 2357 3412 consti-

783 3463 883 3515 tuti
926 3461 1191 3515 adversus
1215 3456 1402 3510 carnis
1430 3464 1613 3509 motus
1642 3453 1920 3521 animique
1981 3448 2359 3519 perturbatio-

783 3568 883 3605 nes
931 3551 1277 3604 dominatum
1366 3546 1638 3607 obtinent,
1695 3544 1731 3596 ii
1803 3543 2073 3596 honorum
2131 3551 2357 3609 operum

780 3644 1007 3715 gloriam
1033 3652 1081 3696 et
1119 3642 1380 3695 honorem
1424 3638 1478 3692 in
1538 3639 1710 3706 ipsam
1769 3634 2026 3689 infer-ent.
2064 3631 2221 3698 Quod
2256 3646 2358 3684 au-

782 3740 891 3791 tem
924 3733 1165 3789 civitatis
1196 3732 1344 3786 illius
1394 3738 1560 3800 porta:
1610 3743 1714 3781 non
1765 3725 2109 3782 claudantur.
2143 3723 2245 3775 hoc
2275 3721 2357 3774 vel

783 3827 1159 3882 habitatorum
1198 3824 1345 3887 illius
1384 3822 1740 3878 securitatem
1774 3827 1829 3874 et
1860 3816 2357 3873 immutabilitatem

786 3921 1098 3992 signiﬁcat;
1135 3923 1229 3972 aut
1258 3926 1407 3971 certe
1469 3914 1785 3984 apostolica:
1835 3911 2099 3966 doctrinae
2147 3916 2356 3977 portas,

783 4015 849 4068 ail
884 4011 1243 4066 hauriendam
1296 4006 1681 4078 perfectiorem
1726 4006 1794 4061 de
1819 4006 1981 4059 rebus
2021 3999 2360 4057 sublimiori—

784 4109 887 4162 bus
941 4104 1210 4167 notitiam,
1268 4102 1341 4155 ibi
1400 4102 1660 4155 omnibus
1736 4105 1946 4166 patere.
2006 4095 2125 4149 Dies
2178 4102 2359 4147 autem

784 4206 965 4253 exstat
1002 4196 1072 4250 ibi
1108 4195 1391 4264 perennis;
1434 4207 1536 4245 nox
1568 4201 1748 4245 autem
1781 4189 1929 4242 nulla
1955 4187 2180 4241 omnino
2214 4184 2361 4239 :hzec

782 4286 925 4342 enim
962 4287 1013 4339 in
1078 4293 1431 4354 peccatorum
1464 4292 1665 4337 sortem
1699 4281 1958 4350 deputata
1988 4286 2089 4333 est.

850 4376 995 4441 XXI,
1028 4376 1118 4437 26,
1146 4375 1236 4428 ‘27.
1278 4374 1345 4427 Et
1374 4375 1592 4443 afferent
1615 4373 1841 4443 gloriam
1864 4380 1912 4424 et
1949 4371 2195 4423 honorem
2234 4382 2359 4438 gen-

786 4471 918 4525 tium
949 4470 1004 4521 in
1046 4467 1197 4520 illam
1234 4482 1253 4520 :
1294 4483 1398 4520 non
1427 4467 1646 4518 intrabit
1698 4465 1753 4516 in
1794 4479 1910 4516 eam
1957 4462 2159 4529 aliquid
2212 4459 2357 4512 coin-

2461 1905 2709 1976 ἐνέφηνε.

2530 1997 2638 2051 Kal
2676 1998 2712 2065 ἡ
2762 1999 2939 2063 πόλις
2963 2000 3035 2051 οὺ
3068 1997 3275 2066 χρείαν
3327 1997 3453 2065 ἔχει
3485 1996 3593 2050 τοῦ
3643 1997 3846 2064 ἡλίου,
3889 1995 4037 2049 οὐδὲ

2456 2090 2569 2158 τῆς
2596 2090 2889 2157 σελήνης.
2940 2091 3040 2143 ἵνα
3078 2093 3378 2158 φαίνωσιν
3403 2090 3629 2156 αὐτήν·
3665 2090 3703 2157 ἡ
3737 2090 3845 2158 γὰρ
3878 2088 4041 2151 δόξα

2458 2184 2566 2239 τοῦ
2597 2183 2747 2238 Θεοῦ
2798 2183 3093 2253 ἐφώτισεν
3115 2182 3339 2250 αὐτήν·
3368 2182 3467 2236 καί
3498 2184 3530 2236 ὁ
3559 2184 3789 2251 λύχνος
3816 2178 4042 2249 αὐτῆς,

2458 2277 2524 2329 τὸ
2571 2276 2837 2346 Ἀρνίον.

2518 2370 2628 2426 Kal
2646 2370 2683 2438 ή
2706 2372 2881 2436 πόλις
2899 2372 2971 2424 οὐ
2986 2371 3192 2440 χρείαν
3205 2373 3327 2439 ἔχει
3346 2370 3452 2426 τοῦ
3467 2370 3731 2436 ἡλίου.-
3750 2368 3918 2421 Ἔνθα
3934 2386 3968 2435 γ
3985 2369 4045 2437 ἕρ

2457 2462 2487 2515 ὁ
2510 2464 2612 2533 τῆς
2637 2461 2982 2531 δικαιοσύνης
3012 2462 3201 2531 νοητὸς
3226 2461 3399 2523 ἣλιος,
3427 2458 3701 2530 αἰσθητῶν
3735 2460 4045 2528 φωστὴρων

2459 2553 2522 2606 οὐ
2550 2555 2729 2624 χρεία·
2765 2553 2925 2616 αὐτὸς
2956 2554 3064 2623 γὰρ
3090 2552 3260 2621 αὐτῆς
3292 2553 3386 2605 καὶ
3408 2552 3537 2616 δόξα
3576 2553 3670 2605 καὶ
3689 2551 3883 2620 λύχνος
3906 2565 3920 2578 ·
3949 2551 4044 2601 καὶ

2462 2647 2528 2700 τὰ
2553 2645 2682 2716 ἔθνη
2715 2646 2825 2699 τῶν
2876 2645 3201 2715 σωζομένων
3236 2645 3316 2715 τῷ
3341 2646 3480 2714 φωτὶ
3513 2644 3685 2713 αὐτῆς
3726 2645 4043 2713 περιπατή-

2462 2755 2645 2791 σουσιν
2664 2755 2678 2769 ο
2714 2738 2867 2810 [περὶ
2889 2734 2964 2791 ὧν
2995 2755 3131 2808 φησι
3153 2737 3196 2809 ⁸]

2536 2831 2646 2887 Kal
2686 2831 3165 2900 περιπατήσουσι
3226 2831 3297 2883 τὰ
3347 2828 3492 2895 ἔθνη
3532 2828 3630 2881 διὰ
3676 2828 3784 2882 τοῦ
3844 2826 4041 2895 φωτιίς

2463 2922 2684 2991 αὐτῆς·
2718 2925 2813 2976 καὶ
2867 2927 2921 2976 οἱ
2970 2921 3254 2986 ,βασιλεῖς
3306 2920 3418 2985 τῆς
3456 2910 3569 2988 γῆς
3618 2918 3874 2988 φέρουσι
3928 2916 4047 2982 τὴν

2461 3013 2652 3077 δόξαν
2673 3012 2874 3066 αὐτῶν
2901 3015 2988 3077 εἰς
3018 3011 3212 3077 αὐτὴν
3230 3027 3243 3040 ·
3288 3010 3385 3063 καί
3410 3012 3465 3063 οἰ
3500 3008 3809 3071 πυλεῶνες
3848 3004 4045 3070 αὐτῆς

2463 3104 2536 3157 οὐ
2556 3100 2642 3171 μὴ
2668 3100 3031 3155 κλεισθῶσιν
3067 3099 3323 3167 ἡμέρας·
3366 3096 3484 3159 νὺξ
3548 3095 3656 3166 γὰρ
3708 3097 3821 3149 οὐκ
3868 3094 4044 3147 ἔσται

2400 3208 2431 3261 [3
2465 3193 2610 3248 ἐκεῖ.

2536 3284 2614 3337 Τὰ
2659 3284 2759 3352 μὲν
2786 3282 2891 3353 γὰρ
2937 3283 3218 3348 σωζόμενα
3250 3281 3399 3350 ἔθνη,
3432 3280 3615 3342 καθὼς
3644 3279 3883 3349 εἴρηται,
3926 3294 4039 3346 φη-

2464 3376 2573 3438 σὶν,
2610 3376 2668 3427 ἐν
2715 3374 2790 3444 τῷ
2828 3374 2966 3444 φωτὶ
2997 3374 3168 3440 αὐτῆς
3218 3374 3724 3442 περιπατήσουσιν·
3759 3371 3809 3421 οἰ
3865 3369 3921 3421 δὲ
3983 3370 4043 3419 ὲν

2463 3469 2529 3537 τῇ
2563 3468 2632 3537 γῇ
2696 3466 2805 3519 τῶν
2866 3466 3056 3519 παθῶν
3117 3464 3535 3537 βασιλεύσαντες
3600 3462 3697 3533 τὴν
3741 3461 3852 3515 τῶν
3907 3464 4045 3528 6.7a-

2464 3558 2571 3611 θῶν
2598 3558 2848 3629 πράξεων
2887 3558 3045 3622 δόξαν
3079 3558 3172 3612 καὶ
3201 3558 3370 3627 τιμὴν
3407 3558 3464 3609 ἐν
3504 3557 3641 3626 αὐτῇ
3692 3554 3923 3608 οἴσουσι.
3966 3552 4043 3605 Τὸ

2458 3649 2517 3702 δὲ
2545 3649 2632 3718 μὴ
2659 3648 3014 3717 κλεισθῆναι
3048 3648 3146 3714 τὰς
3182 3649 3387 3716 θύρας,
3439 3648 3589 3716 δηλοῖ
3620 3646 3651 3715 ἢ
3708 3646 3769 3698 τδ
3796 3642 4046 3713 ἀσφαλὲς

2463 3740 2571 3794 τῶν
2617 3740 2918 3811 οἰκητόρων
2968 3741 3139 3810 αὐτῆς
3181 3741 3277 3794 καὶ
3314 3739 3619 3809 ἄτρεπτον·
3674 3737 3706 3806 ἢ
3765 3736 3825 3788 τδ
3880 3737 4046 3788 κάκεῖ

2461 3833 2589 3895 τοὺς
2641 3832 2820 3894 θείους
2853 3832 3107 3894 πυλῶνας
3141 3824 3239 3899 τῆς
3283 3830 3648 3897 ἀποστολικῆς
3692 3826 4045 3887 διδασκαλίας

2458 3923 2731 3995 ἡνεῷχθαι
2763 3925 2915 3983 πᾶσι,
2952 3923 3091 3992 πρὸς
3121 3926 3222 3990 τὴν
3261 3922 3370 3975 τῶν
3402 3921 3744 3991 τελεωτέρων
3778 3918 4043 3988 μάθησιν.

2473 4012 2687 4081 Ἡμέρα
2711 4012 2766 4064 δε
2789 4011 2941 4065 ἔσται
2972 4012 3106 4075 ἐκεῖ,
3133 4012 3227 4063 καὶ
3270 4012 3331 4063 οὐ
3357 4012 3470 4077 νύξ.
3524 4012 3586 4063 Ἢ
3637 4010 3745 4081 γὰρ
3800 4008 3895 4075 νὺξ
3931 4009 4045 4071 τοῖς

2462 4105 2807 4175 ἁμαρτωλοῖς
2833 4104 3040 4174 ἀποκλη
3052 4104 3373 4174 ρωθὴσεται.

2534 4399 2643 4453 Kal
2697 4398 2941 4451 οἴσουσι
2975 4396 3089 4463 τὴν
3125 4395 3314 4459 δόξαν
3385 4393 3484 4447 καὶ
3534 4392 3645 4459 τὴν
3704 4393 3883 4461 τιμὴν
3929 4391 4048 4444 τῶν

2467 4489 2661 4543 ἐθνῶν
2684 4491 2771 4555 εἰς
2808 4489 3004 4555 αὐτήν
3027 4506 3041 4521 ο
3075 4487 3169 4541 καὶ
3216 4488 3288 4540 οὺ
3326 4486 3413 4555 μὴ
3442 4484 3688 4553 εἰσέλθῃ
3736 4488 3824 4551 εἰς
3852 4484 4055 4552 αὐτὴν

783 4564 1097 4632 quinatum,
1144 4569 1237 4613 aut
1293 4559 1739 4612 abominationem
1790 4555 1990 4624 faciens
2024 4562 2073 4606 et
2136 4552 2355 4605 menda-
2390 4550 2474 4628 D'

2390 4550 2445 4610 D
2471 4574 2594 4632 πᾶν·
2638 4550 2864 4641 miror,
2894 4550 2990 4630 καί
3016 4575 3231 4629 ποιοῦν
3247 4550 3589 4643 βδέλυγμα,
3644 4550 3740 4627 eral
3790 4550 4047 4641 ψεῦδοξ.

782 4651 965 4713 cium,
1012 4649 1115 4702 nisi
1145 4650 1236 4719 qui
1279 4647 1466 4715 scripti
1495 4656 1615 4699 sunt
1665 4648 1717 4697 in
1771 4644 1908 4695 libro
1940 4643 2060 4694 vita:
2098 4642 2269 4710 Agni-

858 4833 1126 4905 Splendor
1152 4840 1208 4890 et
1259 4832 1433 4902 gloria
1492 4830 1755 4900 gentium,
1820 4829 1923 4882 hoc
1980 4834 2083 4888 est,
2143 4823 2358 4878 illorum

784 4930 879 5001 qui
909 4946 974 4985 ex
1008 4929 1251 5001 gentium
1282 4927 1486 4998 populo
1528 4922 1803 4987 conversi,
1856 4919 2080 4976 Christo
2135 4916 2362 4987 placue-

786 5025 1034 5088 runt,,iu
1069 5023 1286 5077 civitate
1324 5021 1412 5074 illa
1468 5019 1577 5071 Deo
1602 5017 1840 5070 fructum
1871 5014 2217 5081 deproment,
2279 5018 2365 5061 to-

786 5124 1012 5184 tumque
1038 5113 1186 5183 quod
1218 5113 1422 5166 habent
1482 5120 1763 5178 acceptum
1820 5105 1896 5159 illi
1934 5105 2130 5158 ferent.
2189 5100 2361 5156 Omne

784 5214 967 5258 autem
1002 5218 1295 5257 commune
1334 5213 1389 5257 et
1449 5200 1790 5254 immundum
1838 5197 1966 5252 illuc
2019 5210 2127 5250 non
2180 5198 2361 5265 ingre-

783 5296 981 5349 dietur.
1017 5292 1159 5360 Quia
1195 5294 1341 5348 nulla
1373 5301 1459 5347 est
1503 5292 1735 5346 societas
1784 5297 1879 5343 aut
1936 5286 2361 5343 communicatio

783 5383 890 5437 luci
920 5398 1044 5437 eum
1079 5382 1339 5446 tenebris,
1373 5393 1468 5437 aut
1492 5381 1715 5437 Christo
1741 5394 1865 5435 eum
1896 5378 2079 5433 Belial.

1313 5495 1542 5550 CAPUT
1599 5493 1835 5549 LXVIII.

783 5629 859 5683 De
884 5629 1050 5697 ﬂuvio
1089 5630 1308 5694 mundo,
1344 5630 1435 5699 qui
1460 5645 1486 5681 e
1516 5629 1704 5682 throno
1736 5629 1791 5680 in
1838 5628 2065 5681 mediam
2130 5629 2359 5683 ciuitatis

1100 5700 1331 5765 plateam
1381 5699 1659 5768 procedere
1715 5700 1857 5751 risus
1895 5708 1994 5751 est.

865 5831 1029 5895 XXII,
1066 5833 1115 5897 Ι,
1146 5833 1200 5887 2.
1244 5832 1314 5887 Et
1346 5834 1576 5887 ostendit
1607 5831 1737 5885 mihi
1765 5832 1986 5900 ﬂuvium
2017 5850 2168 5903 aqua
2209 5840 2353 5902 ciere,

2470 4671 2521 4723 εὶ
2543 4668 2629 4738 μὴ
2658 4671 2712 4722 οἰ
2740 4669 3126 4738 γεγραμμένοι
3156 4670 3224 4721 ἐν
3251 4666 3331 4732 τῷ
3361 4667 3583 4732 βιῦλῖῳ
3614 4665 3723 4734 τῆς
3752 4664 3900 4734 ζωῆς
3942 4666 4053 4718 τοῦ

2483 4762 2541 4814 Ἀ
2544 4761 2647 4830 prl
2648 4779 2719 4813 ου
2728 4799 2742 4813 .

2554 4852 2615 4903 'H
2645 4851 2701 4904 δὲ
2731 4852 3050 4921 λαμπρότης
3082 4850 3177 4904 καὶ
3204 4852 3237 4920 ἡ
3264 4849 3391 4915 δόξα
3422 4850 3531 4903 τῶν
3554 4849 3744 4915 ἐθνῶν,
3764 4851 4049 4902 τουτέστιν

2470 4943 2516 4994 οἱ
2559 4943 2614 4994 ὲν
2660 4942 2840 5004 αὐτοῖς
2900 4942 3119 5013 Χριστῷ
3186 4944 3673 5013 εὐαρεστήσαντες,
3710 4943 3768 4992 ὲν
3944 4943 4047 4994 πό·-

2470 5031 2550 5083 λει
2616 5033 2800 5101 ἐκείνη
2836 5032 3442 5104 καρποφορηθήσονται.
3483 5032 3598 5084 Πᾶν
3632 5032 3687 5083 δὲ
3729 5032 3908 5083 κοινὸν
3947 5030 4049 5083 καὶ

2470 5121 2776 5189 ἀκάθαρτον
2802 5123 2917 5173 ἐκεῖ
2946 5122 3046 5174 οὐκ
3072 5121 3463 5175 εἰσελεύσεται.
3528 5120 3625 5184 Τίς
3653 5120 3763 5191 γὰρ
3786 5120 4048 5172 κοινωνία

2467 5214 2605 5281 φωτὶ
2632 5213 2767 5281 πρὸς
2788 5214 3007 5278 σκότος

3063 5486 3310 5552 ΚΕΦΑᾹ.
3347 5498 3473 5551 EII'.

2460 5631 2599 5699 Περί
2653 5629 2760 5683 τοῦ
2818 5630 3084 5710 κηριιροῖξ
3153 5630 3419 5710 ποταμοῦ
3468 5630 3575 5710 τοῦ
3635 5633 3933 5701 φανέντος
3974 5634 4048 5688 ἐκ

2809 5701 2918 5753 τοῦ
2974 5703 3190 5768 θρόνου
3245 5701 3695 5770 ἐκπορεύεσθαι.

2534 5838 2643 5891 Καὶ
2676 5835 2871 5900 ἔδειξέ
2895 5853 2994 5905 μοι
3022 5839 3293 5904 ποταμὸν
3323 5836 3586 5906 καθαρὸν
3626 5838 3846 5904 ὕδατος
3898 5836 4049 5906 ζωῆς
