4282 6440
751 411 853 474 447
1958 410 2286 474 ANDRE/E
2325 409 2842 473 C.ES.~\RIENS[S
3907 410 4015 474 448

752 532 941 591 utpote
1006 523 1253 589 angelico
1284 521 1520 591 impulsu
1552 529 1607 578 et
1634 523 1708 587 vi,
1743 520 2042 593 divinaque
2073 523 2328 577 mandato
2359 534 2403 590 Α
2433 540 2443 575 ι

2359 534 2403 590 Α
2433 524 2522 575 καὶ
2573 522 2703 593 θείῳ
2753 522 3160 593 προστάγματι,
3206 523 3444 593 ἀνόνητα
3492 521 3588 575 τοῦ
3624 525 4019 593 παρῳχηκότος

750 614 1000 666 celeriter
1053 613 1182 666 hinc
1229 612 1529 677 excedere,
1566 613 1799 680 aliisque
1853 613 1975 667 illas
2022 613 2334 683 relinquere
2436 632 2441 683 ;

2328 631 2334 665 :
2436 632 2465 683 χ
2475 614 2626 684 ρόνου
2654 614 2825 685 θρηνῇ
2850 614 2949 685 τὴν
2970 614 3232 684 ἀμέλειαν
3256 629 3272 645 ⁶
3301 612 3439 667 ἀλλὰ
3466 612 3668 683 μᾶλλον
3691 613 4019 677 ὲνδιαθέτως

753 712 980 766 coacta;
1027 719 1091 757 ac
1126 713 1240 756 tum
1293 701 1515 757 demum
1566 704 1826 774 prseteriti
1861 707 2119 774 temporis
2165 705 2335 774 negli-

758 798 995 866 gentiam
1048 794 1314 850 inutiliter
1357 796 1641 863 deplorare
1684 795 1927 865 incipiat.
1962 796 2103 862 Quin
2155 798 2335 864 potius

756 884 888 938 illud
944 883 1263 938 Davidicum
1321 885 1604 937 oraculum
1664 887 1929 939 continuo
1986 885 2331 948 meditemur,

753 975 1129 1043 concinneque
1164 973 1505 1026 tumlulemur
1536 992 1548 1027 :
1581 973 1814 1027 Paratus
1846 992 1980 1034 sunt.
2015 985 2063 1028 et
2086 992 2184 1027 non
2215 994 2330 1028 sum

754 1067 994 1118 turbatus
1050 1067 1119 1118 ad
1166 1066 1567 1119 custodiendum
1608 1069 1785 1121 omnia
1835 1070 2091 1121 mandata
2134 1069 2331 1130 tua";

760 1156 1036 1225 hujusqnc
1069 1158 1466 1210 observationis
1499 1159 1803 1213 mercedem
1830 1202 1844 1224 ,
1876 1160 2106 1228 gloriam
2150 1175 2178 1213 α
2226 1159 2337 1215 Deo

753 1247 1113 1316 accipiamus,
1170 1248 1397 1303 auribus
1440 1251 1753 1304 haurientes
1808 1251 2145 1305 benedictam
2193 1253 2336 1305 illaut

754 1353 942 1394 vocem
976 1359 989 1394 :
1030 1339 1195 1409 Euge,
1242 1357 1386 1396 serve
1413 1344 1540 1396 boue
1580 1354 1627 1397 et
1672 1342 1866 1410 ﬁdelis,
1902 1345 2027 1411 quia
2067 1345 2118 1395 in
2154 1347 2339 1409 paucis

759 1432 913 1500 fuisti
958 1432 1165 1500 ﬁdelis,
1194 1450 1352 1503 super
1402 1436 1567 1487 multa
1610 1444 1657 1487 te
1704 1437 2071 1498 constituam;
2104 1436 2246 1487 intra
2288 1438 2341 1488 in

756 1526 1015 1595 gaudium
1049 1524 1260 1580 Domini
1312 1528 1389 1581 lui
1418 1527 1461 1558 "
1508 1543 1526 1580 :

2433 705 2494 758 τὸ
2523 705 2809 759 Δαόιτικὸν
2839 704 3207 776 μελῳδοῦντες
3242 705 3445 773 λόγιονο
3489 703 3889 773 Ἠτοιμὰσθην
3917 706 4019 759 zeal

2433 797 2545 849 οὐκ
2600 796 2940 867 ἐταράχθην
2996 797 3103 852 τοῦ
3156 797 3546 865 φυλάξασθαι
3598 796 3705 861 τὰς
3761 795 4022 861 ἐντολάς

2433 904 2589 944 σου⁶
2643 890 2744 960 τῆς
2791 890 3000 944 τούτων
3041 892 3329 961 τηρήσεως
3389 888 3582 959 μισθὸν
3634 891 3735 959 τὴν
3784 890 3851 941 ὲκ
3878 887 4022 940 Θεοῦ

2443 980 2599 1045 δόξαν
2646 982 2904 1051 λάϐωμεν
2944 982 3007 1035 τὸ
3029 1023 3043 1047 ,
3075 978 3190 1046 Εὖ,
3224 981 3410 1034 δοῦλε
3454 979 3639 1049 ἀγαθὲ
3667 979 3766 1032 zeal
3805 976 4020 1031 πιστέ·

2443 1074 2541 1127 ἐπὶ
2568 1074 2740 1144 ὀλίγα
2764 1070 2839 1144 ἧς
2860 1074 3095 1140 πιστὸς,
3118 1075 3217 1127 ἐπὶ
3245 1071 3494 1127 πολλῶν
3514 1087 3591 1125 σε
3617 1068 3980 1133 καταστήσω
4003 1083 4019 1097 ⁸

2435 1167 2672 1219 δῖσελθε
2711 1169 2797 1231 είς
2828 1165 2945 1233 τὴν
2990 1166 3183 1234 χαρὰν
3208 1164 3316 1218 τοῦ
3357 1164 3579 1231 Κυρίου
3617 1177 3756 1215 σου.
3786 1158 3925 1214 Μεθ’
3957 1153 4022 1212 οὗ

2437 1254 2514 1325 τῷ
2550 1255 2725 1325 Πατρὶ
2779 1255 2899 1325 ἅμα
2937 1254 3013 1325 τῷ
3062 1255 3203 1326 ἁγίῳ
3272 1255 3550 1324 Πνεύματι
3613 1254 3815 1323 πρέπει
3855 1250 4020 1314 δόξα,

2438 1349 2598 1417 τιμὴ,
2633 1347 2854 1418 κράτος,
2892 1347 2986 1400 νῦν
3018 1350 3113 1401 καὶ
3145 1349 3252 1413 ἀεὶ,
3290 1350 3385 1402 καὶ
3412 1350 3491 1410 είς
3524 1348 3652 1410 τοὺς
3679 1346 3883 1407 αίῶνας
3914 1342 4025 1396 τῶν

2442 1439 2674 1493 αἰώνων.
2725 1440 2918 1509 Ἀμήν.

1576 1542 1701 1581 cum
1730 1542 1841 1597 quo
1888 1526 2101 1581 Patrem
2146 1528 2308 1582 simul
2339 1543 2393 1583 et
2431 1540 2681 1586 sanctum
2728 1531 2993 1602 Spiritum
3039 1538 3195 1588 decet
3234 1532 3444 1601 gloria,
3494 1531 3698 1597 honor,
3748 1540 3805 1585 et
3845 1529 4024 1597 impe-

762 1623 935 1682 rium,
967 1634 1147 1680 nunc,
1187 1630 1240 1673 ct
1276 1634 1525 1687 semper,
1574 1619 1717 1673 et.in
1749 1620 1948 1674 szecula
1984 1622 2332 1674 smculorum.
2378 1620 2569 1676 Amen.

1081 1732 1312 1787 CAPUT
1346 1731 1508 1786 LXX.
1551 1730 1790 1787 SERMO
1831 1731 2019 1785 XXIV.

2832 1740 3082 1795 ΚΕΦΔΛ.
3122 1735 3199 1792 0'.
3240 1737 3456 1791 ΛΟΓΟΣ
3496 1734 3619 1791 KA'.

763 1840 922 1917 llo
948 1846 1099 1912 Quod
1128 1865 1189 1903 ea
1220 1849 1400 1902 omnia
1420 1848 1835 1933 qugiapostolus
1862 1847 2015 1909 vidit,
2042 1845 2203 1917 digna
2232 1846 2334 1901 sint
2372 1878 2413 1933 Β
2447 1881 2454 1906 λ

2332 1858 2334 1896 τ
2372 1878 2413 1933 Β
2447 1853 2584 1923 Περὶ
2626 1852 2733 1907 τοῦ
2763 1852 3120 1916 ἀξιοπίστου
3167 1850 3285 1933 τῷν
3322 1849 3688 1920 τεθεαμένων
3734 1849 3814 1915 τῷ
3857 1850 4023 1904 Ἀπο-

1485 1919 1609 1986 ﬁde.

830 2035 992 2101 XXII,
1022 2036 1075 2097 8,
1109 2034 1162 2090 9.
1196 2032 1258 2086 Et
1289 2049 1382 2103 ego
1406 2030 1663 2095 Joannes,
1688 2031 1777 2100 qui
1801 2029 1905 2084 ridi
1929 2040 1976 2083 et
2005 2030 2183 2083 audivi
2209 2029 2337 2085 lltl’C.

763 2130 831 2184 Et
874 2139 1216 2198 posteaquam
1265 2124 1586 2178 audivissent
1636 2130 1684 2175 et
1741 2122 2018 2185 vidissem,
2072 2122 2238 2174 cecidi
2285 2131 2341 2173 ut

760 2222 1038 2277 adorarent
1080 2228 1201 2270 ante
1233 2218 1385 2285 pedes
1418 2213 1614 2280 angeli,
1658 2213 1747 2279 qui
1780 2212 1907 2265 milii
1952 2210 2062 2265 Itwc
2097 2212 2340 2264 ostende-

760 2318 872 2367 bat.
922 2312 989 2364 Et
1035 2311 1173 2364 dixit
1233 2309 1362 2361 mihi
1411 2323 1428 2360 :
1478 2306 1608 2359 Vide
1651 2321 1712 2357 ne
1767 2304 1955 2367 feceris
1996 2320 2013 2356 :
2065 2319 2339 2355 conservus

758 2407 897 2459 enim
937 2414 1059 2457 tuus
1092 2419 1230 2465 sum,
1267 2410 1316 2454 et
1356 2400 1587 2470 fratrum
1622 2406 1828 2451 tuorum
1865 2395 2261 2462 prop/ictorum,
2290 2406 2335 2448 et

760 2514 941 2550 eorum
1001 2496 1092 2565 qui
1137 2503 1348 2549 servant
1392 2493 1548 2547 verba
1602 2489 1889 2561 prophetia:
1937 2489 2063 2542 libri
2113 2488 2270 2558 hujus
2321 2502 2338 2539 :

764 2588 929 2642 Deum
969 2586 1157 2640 adora.

828 2678 897 2733 Et
947 2680 1061 2733 haec
1095 2691 1313 2747 quoque
1364 2674 1679 2745 apostolica:
1712 2674 1909 2728 animae
1953 2672 2338 2742 proprietatem

760 2779 1019 2841 arguunt.
1072 2769 1308 2831 Etenim,
1360 2777 1419 2821 ut
1459 2767 1517 2841 _in
1556 2765 1851 2832 Evangelio
1899 2764 2168 2834 ejusmodi
2213 2778 2338 2816 ora-

760 2834 907 2915 tioite
936 2860 1143 2913 utitur:
1181 2856 1244 2910 Et
1275 2858 1363 2926 qui
1402 2834 1554 2923 vidit,
1585 2856 1941 2909 testimonium
1973 2854 2253 2921 per/libuit,
2291 2861 2339 2906 et

757 2969 934 3007 verum
965 2965 1039 3007 cst
1075 2952 1429 3005 testiinonium
1462 2950 1577 3019 ejus
1600 2950 1645 2979 ⁷⁸
1681 2966 1692 3001 :
1737 2950 1807 3001 ita
1851 2947 1939 3000 hic
1974 2963 2194 3015 quoque
2220 2961 2339 3012 quze

760 3045 1016 3113 praedicta
1053 3053 1207 3097 erant
1236 3057 1329 3112 per
1364 3056 1443 3103 se.
1472 3051 1526 3094 ct
1557 3038 1759 3094 vidisse
1794 3048 1846 3091 et
1880 3038 2160 3090 audivisse
2203 3035 2337 3089 latc-

762 3150 873 3201 tur,
899 3150 1072 3204 caque
1107 3134 1317 3187 ratione
1357 3132 1471 3185 visa
1509 3130 1814 3185 continuat.
1841 3127 2092 3181 Ostendit
2121 3142 2339 3195 quoque

3120 1922 3341 1986 στόλῳ.

2514 2036 2686 2107 Κάγὼ
2730 2036 3015 2104 Ἰωάννης
3056 2037 3089 2090 ό
3122 2034 3361 2089 ἀκούων
3389 2034 3484 2087 καὶ
3515 2031 3767 2098 βλέπων
3801 2031 4025 2085 ταῦτα’

2444 2132 2538 2186 zeal
2570 2131 2667 2184 ὅτε
2710 2129 2949 2198 ἤκουσα
2980 2127 3081 2181 zeal
3113 2126 3343 2195 ἕόλεψα
3362 2166 3376 2191 ,
3404 2125 3631 2178 ἔπεσον
3672 2122 4024 2192 προσκυνῆ-

2442 2238 2547 2277 σαι
2577 2222 2919 2291 ἔμπροσθεν
2945 2218 3065 2272 τῶν
3107 2216 3309 2271 ποδῶν
3339 2216 3445 2269 τοῦ
3485 2213 3745 2285 ἀγγέλου
3772 2213 3877 2266 τοῦ
3903 2212 4021 2265 δει-

2444 2315 2735 2379 κνύοντός
2782 2328 2881 2381 μοι
2933 2308 3142 2363 ταῦτα.
3175 2308 3283 2364 Kal
3335 2309 3495 2376 λέγει
3523 2323 3657 2375 μοι·
3700 2308 3852 2373 "Opes
3896 2304 4020 2372 μήθ

2442 2405 2788 2469 σύνδουλός
2816 2403 2930 2456 σού
2966 2405 3104 2471 ειμι.
3146 2402 3246 2454 zeal
3292 2399 3411 2453 τῶν
3442 2396 3723 2467 ἀδελφῶν
3752 2414 3868 2450 σου
3904 2395 4025 2449 τῶν

2443 2492 2800 2565 προφητῶν,
2856 2491 2999 2565 [καὶ]
3053 2490 3171 2545 τῶν
3210 2491 3555 2557 τηρούντων
3599 2486 3742 2547 τοὺς
3800 2487 4024 2555 ,λόγους

2442 2586 2547 2642 τοῦ
2572 2585 2815 2651 βιϐλίου
2843 2584 3058 2636 τούτου
3077 2598 3092 2614 ·
3119 2581 3197 2647 τῷ
3223 2580 3344 2645 Θεῷ
3373 2580 3826 2647 προσκύνησον.

2513 2677 2621 2731 Καὶ
2647 2674 2806 2728 τοῦτο
2833 2673 2936 2742 τῆς
2966 2671 3333 2740 ἁποστολικῆς
3360 2670 3539 2740 ψυχῆς
3573 2669 3767 2736 ἰδίωμα
3786 2684 3798 2696 ·
3830 2667 4022 2737 ὥσπερ

2441 2768 2551 2840 γὰρ
2598 2770 2658 2820 ἐν
2707 2768 2785 2837 τῷ
2817 2766 3140 2836 Εὐαγγελίῳ
3191 2764 3527 2833 πεποίηκεν,
3573 2760 3780 2822 εἰπὼν.
3832 2761 3944 2813 Kal
3988 2763 4022 2813 ὀ

2441 2861 2712 2931 ἑωρακὼς
2731 2861 3169 2932 μεμαρτύρηκε,
3207 2857 3304 2911 καὶ
3334 2855 3591 2923 ἀληθινή
3616 2852 3786 2908 ἐστιν
3813 2855 3849 2921 ἡ
3876 2870 4021 2921 μαρ-

2442 2959 2614 3025 τιφιά
2642 2955 2893 3027 [αὑτοῦ]·
2930 2955 3074 3009 οὕτω
3104 2952 3400 3013 κάνταῦθα,
3434 2952 3698 3020 αὐτήκοος
3734 2943 3875 3002 εἶναι
3925 2948 4022 3002 καὶ

2443 3051 2719 3117 αὺτόπτης
2786 3048 2894 3100 τῶν
2964 3043 3453 3117 προφητευοέντων
3511 3041 3887 3111 ὁμολογήσας,
3952 3039 4020 3091 τὰ

2444 3120 2731 3211 ἐωραίιένα
2763 3139 3126 3193 ἐπιστώσατο.
3160 3135 3370 3201 Ἐδειξε
3400 3135 3457 3187 δὲ
3490 3132 3701 3188 καὶτοῦ
3728 3132 4022 3185 τνπὼσαν-

760 3226 960 3295 angeli,
1007 3224 1101 3293 qui
1142 3222 1430 3291 mysticam
1467 3220 1612 3273 illam
1664 3219 1927 3271 visionem
1961 3217 2331 3285 impresserat,
2363 3228 2406 3284 ς,
2441 3248 2451 3261 .

2328 3258 2331 3273 ι
2363 3228 2406 3284 C
2441 3247 2530 3293 τος
2563 3230 2800 3299 ἀγγέλου
2826 3228 2926 3301 τὴν
2952 3231 3144 3300 ὅρασιν
3170 3228 3231 3280 τὸ
3260 3225 3507 3288 εὐλαϐὲς,
3538 3224 3685 3287 ὅπως
3716 3222 3816 3293 τὴν
3850 3238 4019 3293 προσ-

760 3316 1078 3383 gravitatem
1105 3324 1157 3365 et
1188 3328 1311 3383 erga
1349 3310 1516 3364 Deum
1545 3309 1796 3379 pietatem
1824 3350 1836 3371 ,
1874 3316 1930 3359 ut
1964 3306 2054 3374 qui
2086 3304 2335 3358 conservi

763 3407 1134 3461 alorationcm
1184 3420 1289 3457 non
1324 3403 1628 3463 admiserit,
1665 3400 1757 3453 sed
1807 3399 1890 3468 pie
1941 3400 2337 3468 pruleuterque

761 3500 1037 3555 communi
1078 3497 1302 3551 Domino
1332 3496 1478 3549 illam
1516 3493 1789 3549 detulerit.

1329 3605 1558 3661 CAPUT
1589 3601 1772 3658 LXXI.

765 3724 834 3781 Ut
876 3726 1061 3796 jussus
1090 3725 1158 3779 sit
1193 3741 1255 3778 ne
1289 3724 1420 3796 hanc
1467 3720 1824 3796 Apocalypsin
1864 3717 2198 3787 obsignaret,
2248 3716 2337 3771 sed

1264 3795 1441 3863 pulum
1476 3792 1807 3861 prwdicaret.

836 3924 998 3990 XXII,
1031 3926 1114 3979 10.
1156 3924 1220 3978 Et
1252 3925 1384 3977 dixit
1417 3926 1579 3977 mihi:
1616 3922 1695 3976 Ne
1718 3923 2004 3991 signnrcris
2038 3922 2189 3975 terba
2218 3939 2339 3989 pro-

762 4018 951 4083 phetia:
985 4017 1108 4069 libri
1135 4017 1292 4084 hujus
1326 4032 1343 4069 :
1380 4027 1575 4083 tempus
1606 4017 1742 4068 enim
1772 4031 1929 4083 prope
1954 4026 2049 4069 est.

842 4194 1115 4249 Ilacteuus
1149 4195 1424 4263 angelicas
1458 4196 1759 4248 sententias
1788 4207 1840 4249 ct
1883 4213 2042 4250 voces
2084 4198 2336 4259 adduxit;

767 4287 895 4341 hinc
923 4303 1069 4340 nunc
1096 4288 1161 4341 ad
1191 4285 1528 4340 Dominicam
1555 4285 1756 4340 Christi
1808 4303 2094 4354 personam
2123 4288 2337 4341 transit.

764 4378 925 4433 Jubet
982 4377 1097 4431 lucc
1160 4387 1385 4439 autem,
1438 4394 1504 4431 ne.
1568 4378 1866 4447 prophetize
1948 4379 2110 4444 hujus
2178 4379 2340 4432 verba

765 4470 1051 4538 obsignet;
1104 4470 1303 4538 quippe
1353 4485 1477 4523 cum
1532 4469 1667 4523 liber
1724 4470 1810 4522 hie
1841 4470 1932 4538 qui
1978 4471 2045 4523 ab
2089 4470 2341 4523 omnibus

2442 3322 2667 3391 κύνησιν
2700 3322 2793 3375 τοῦ
2839 3321 3121 3374 συνδούλου
3162 3321 3222 3372 οὐ
3279 3321 3615 3387 προσήκατο,
3659 3314 3775 3369 ἀλλ’
3803 3316 4012 3381 εὐγνω-

2445 3410 2619 3479 μόνως
2651 3409 2728 3480 τῴ
2764 3408 2928 3480 κοινῷ
2962 3408 3211 3481 Δεσπότῃ
3242 3404 3496 3480 [ταύτηνι
3530 3404 3912 3475 προσένειμεν.

3040 3605 3290 3659 ΚΕΦΑΛ.
3332 3606 3455 3658 υιν.

2443 3724 2636 3786 Ὅπως
2681 3721 3013 3784 ἐκελεύσθη
3051 3720 3138 3787 μὴ
3180 3716 3718 3787 σφραγίσαιμὶλλὰ
3765 3717 4021 3784 κηρύξαι

2948 3791 3058 3859 τὴν
3101 3788 3526 3856 Ἀποκάλυψιν.

2513 3923 2619 3979 Kal
2671 3922 2833 3989 ,λέγει
2877 3933 3014 3988 μοι⁸
3074 3918 3171 3985 Μὴ
3214 3916 3558 3986 σφραγίσῃς
3607 3913 3747 3981 τοὺς
3800 3916 4023 3985 λόγους

2442 4013 2551 4082 τῆς
2569 4012 2933 4082 προφητείας
2962 4010 3069 4064 τοῦ
3091 4010 3338 4074 ,ϐιϐλίου
3366 4008 3614 4062 τούτου·
3644 4005 3732 4060 ὅτι
3760 4010 3794 4062 ὀ
3818 4008 4023 4076 καιρὸς

2444 4108 2621 4177 ἐγγύς
2647 4106 2839 4159 ἐστιν.

2514 4198 2695 4267 Μέχρι
2724 4196 2834 4249 τῶν
2876 4195 3110 4249 ἐνταῦθα
3147 4195 3246 4257 τὰς
3283 4193 3580 4262 ἀγγελικὰς
3626 4193 3814 4262 ῥήσεις
3844 4208 4023 4261 παραη

2444 4287 2706 4356 θέμενος.
2751 4286 2830 4347 εἰς
2874 4284 2934 4337 τὸ
2987 4282 3316 4336 Δεσποτικδν
3363 4280 3617 4336 ἐντεῦθεν
3667 4280 3877 4350 μέτεισι
3924 4279 4021 4333 τοῦ

2444 4378 2681 4451 Χριστοῦ
2711 4378 3022 4447 πρόσωπον,
3041 4378 3239 4444 λέγων’
3260 4374 3356 4443 Μὴ
3383 4373 3730 4444 σφραγίσῃς
3755 4373 3899 4438 τοὺς
3920 4376 4024 4426 .ιά-

2445 4490 2588 4541 γους
2616 4468 2727 4536 τῆς
2765 4470 3148 4537 προφητείας.
3181 4466 3292 4520 Καὶ
3316 4466 3428 4537 γὰρ
3473 4464 3601 4531 ἀξία
3635 4466 3667 4534 ἡ
3701 4464 3883 4533 βίϐλος
3922 4464 4021 4534 τῆς

766 4563 1016 4618 tidelibus
1068 4564 1276 4631 legatur
1318 4563 1515 4631 dignus
1563 4563 1654 4616 sit.
1701 4561 1835 4615 Nam
1903 4579 1995 4628 μοι·
2044 4562 2333 4630 supplicia,
2363 4554 2457 4613 D1

2330 4606 2333 4619 .
2363 4554 2414 4612 D
2443 4562 2592 4633 παρὰ
2619 4561 2728 4615 τῶν
2755 4559 2961 4613 πιστῶν
2985 4557 3369 4626 ἀναγνώσεως.
3394 4557 3492 4611 Διά
3514 4572 3573 4609 τε
3604 4556 3715 4625 γὰρ
3739 4556 3838 4624 τῆς
3872 4557 4021 4626 ἡτοι-

762 4671 885 4723 ιιυτισ
936 4656 1319 4724 peccatoribus
1368 4654 1775 4715 comminatur,
1819 4664 1872 4707 ct
1919 4654 2178 4721 quietem,
2220 4670 2340 4721 quae

762 4748 971 4801 sanctis
1002 4747 1089 4800 hic
1124 4747 1481 4816 promittitur,
1520 4745 1814 4797 lectoribus
1858 4744 1923 4797 ad
1961 4759 2141 4797 verum
2194 4743 2337 4795 illam

764 4843 927 4892 vitam
968 4840 1113 4892 viam
1152 4839 1409 4892 Ostendit.

834 4930 995 4995 XXII,
1039 4931 1124 4997 Η,
1177 4932 1263 4986 12.
1310 4931 1416 4996 Qui
1474 4942 1639 4989 nocet,
1695 4938 1875 4981 ποι-ειη
1918 4928 2121 4990 adhuc;
2168 4938 2216 4982 et
2247 4929 2339 4998 qui

761 5024 1005 5078 sordidus
1034 5031 1133 5085 est,
1179 5023 1444 5076 sordescat
1478 5022 1680 5082 adhuc;
1724 5029 1772 5073 ct
1799 5021 1886 5089 qui
1908 5020 2087 5086 justus
2114 5031 2205 5079 est,
2241 5020 2338 5088 ju-

761 5115 1021 5180 sti/icetur
1075 5115 1283 5176 adhuc;
1351 5123 1400 5166 et
1467 5121 1682 5166 sanctus
1737 5112 2099 5177 sancti/iretur
2143 5112 2333 5167 adhuc.

764 5206 897 5260 Ecce
933 5209 1079 5261 venio
1110 5208 1235 5270 cito,
1260 5216 1307 5260 et
1336 5223 1527 5260 merces
1548 5224 1657 5257 mea
1690 5221 1885 5256 mecum
1915 5213 2011 5267 est,
2042 5214 2095 5256 ut
2122 5206 2336 5258 reddam

765 5299 1041 5364 unicuique
1075 5300 1359 5352 secundum
1400 5315 1556 5366 opera
1588 5314 1706 5349 sua.

836 5391 952 5445 Non
983 5390 1286 5445 afferuntur
1317 5391 1505 5443 isthmc
1542 5390 1642 5441 hoc
1672 5389 1790 5440 loco
1821 5387 1975 5457 quasi
2023 5387 2089 5440 azl
2117 5386 2338 5455 injusti-

768 5486 897 5537 tiam
957 5492 1053 5535 aut
1125 5482 1530 5534 immunditiam
1596 5481 1829 5547 aliquem
1896 5480 2123 5532 incizarc
2172 5480 2338 5545 Vt'lil;

766 5576 948 5638 absit;
996 5589 1180 5627 verum
1235 5582 1290 5626 ut
1323 5575 1574 5626 ostendat
1620 5587 1681 5626 se
1719 5570 1956 5625 heminis
2002 5572 2337 5625 voluntatem

767 5669 993 5721 liberam
1022 5673 1077 5720 et
1101 5664 1170 5719 ab
1190 5667 1336 5720 «ιηιηί
1369 5667 1651 5721 coactioae
1682 5667 1979 5720 immunem
2010 5680 2342 5721 conservare

2443 4653 2725 4723 μασμένης
2778 4654 2893 4714 τοῖς
2940 4648 3286 4719 ἁμαρτωλοῖς
3332 4646 3644 4710 κολάσεως,
3683 4646 3773 4699 δια
3818 4662 3881 4698 τε
3922 4646 4022 4714 τῆς

2439 4746 2855 4816 ἐπηγγελμένης
2884 4745 2997 4805 τοῖς
3024 4742 3199 4808 ἁγίοις
3234 4738 3621 4802 ἀναπαύσεως,
3657 4738 3844 4808 ὁδηγεῖ
3883 4736 4026 4807 πρὸς

2438 4842 2536 4910 τὴν
2570 4841 2736 4900 ὗντως
2767 4836 2914 4906 ζωὴν
2942 4836 3070 4896 τοὺς
3104 4832 3557 4900 ἐντυγχάνοντας.

2520 4931 2574 4984 '0
2600 4928 2820 4985 ἀδικῶν
2847 4925 3191 4993 ἀδικησάτω
3218 4926 3305 4978 ἔτι
3332 4940 3346 4955 ο
3403 4923 3502 4977 καὶ
3552 4925 3586 4977 d
3616 4924 3885 4990 ῥυπαρὸς
3908 4921 4024 4989 ﬁv-

2446 5022 2795 5094 παρευθήτω
2846 5021 2968 5074 ἐτισ
3020 5016 3157 5089 [zeal
3212 5021 3244 5071 ό
3314 5016 3548 5082 δίκαιος
3618 5014 4027 5079 δικαιοσύνην

2446 5114 2753 5182 ποιησάτω
2786 5113 2872 5166 ἔτι
2897 5128 2910 5141 ·
2941 5112 3039 5164 zeal
3077 5111 3109 5161 ό
3136 5108 3302 5177 ἅγιος
3344 5106 3686 5177 ἁγιασθήτω
3740 5106 3827 5159 ἔτι
3850 5122 3867 5136 ο
3895 5102 4020 5176 zeal]

2448 5204 2577 5259 ίδοὺ
2609 5204 2859 5272 ἔρχομαι
2891 5199 3043 5267 ταχύ
3068 5214 3082 5227 ·
3119 5197 3217 5251 zeal
3248 5200 3281 5250 ό
3311 5200 3533 5267 μισθός
3553 5214 3677 5265 μου
3698 5196 3826 5264 μετ’
3848 5195 4023 5265 ἐμοῦ,

2437 5297 2769 5352 ἀποδοῦναι
2798 5293 3030 5355 ἑκάστῳ
3057 5290 3137 5355 ὠς
3168 5288 3232 5341 τὸ
3262 5290 3440 5356 ἔργον
3466 5286 3656 5341 αὐτοῦ
3684 5286 3879 5339 ἔσται.

2509 5389 2620 5457 Οὐχ
2645 5387 2721 5449 ὡς
2748 5386 2828 5448 εἰς
2863 5381 3076 5437 ἀδικίαν
3100 5379 3156 5432 δὲ
3196 5380 3292 5432 καὶ
3340 5378 3617 5448 ῥυπαρίαν
3653 5374 3985 5447 προτριπων
4005 5414 4024 5439 ,

2438 5478 2505 5532 τὰ
2559 5474 2934 5548 παρατεθέντα
2989 5471 3178 5542 εἴρηκε
3204 5486 3219 5501 ’
3284 5469 3360 5538 μὴ
3406 5468 3655 5536 γένοιτο·
3695 5466 3811 5518 ἀλλ’
3844 5467 3922 5528 ὡς
3961 5465 4027 5518 τὸ

2437 5571 2538 5640 τῆς
2601 5568 2827 5638 γνώμης
2890 5564 3175 5633 φυλᾶττων
3238 5560 3764 5628 ἁκατανάγκαστονο
3823 5559 3899 5619 ὡς
3957 5557 4027 5611 ὃν

2449 5663 2592 5716 εἴποι
2646 5659 2795 5734 [τις]·
2836 5659 3105 5720 Ἕκαστος
3142 5655 3202 5710 τὸ
3246 5655 3481 5725 ἀρέσκον
3511 5652 3661 5724 αὑτῷ
3700 5652 4023 5721 ποιησάτω·

844 5844 886 5874 ⁷⁸
921 5840 1065 5897 Psal.
1121 5858 1288 5909 cxvn,
1327 5842 1415 5894 60.
1490 5843 1535 5875 ⁷⁷
1566 5840 1753 5895 Matth.
1808 5858 1930 5903 xxv,
1985 5842 2075 5900 εει,
2116 5842 2206 5895 9.5.
2282 5842 2327 5872 "'
2366 5841 2524 5895 Juan.
2559 5856 2612 5905 γ,
2638 5840 2725 5893 55.
