4282 6440
294 370 401 432 449

1258 361 1863 422 COMMENTARIUS
1905 361 1987 420 ΙΝ
2028 361 2556 426 APOCALYPSIN.

3451 359 3560 423 450

294 489 358 541 οὐ
409 485 582 557 βιάζω
622 482 722 555 τὴν
772 482 1111 555 προαιρεσιν.
1152 484 1368 546 Δείξας,
1434 495 1651 546 εγαστῳ
1690 478 1878 543 ἑπιτη-
1912 491 1955 544 Α

1868 505 1878 517 -
1912 491 1955 544 Α
1989 485 2139 532 certo
2176 477 2503 533 decrevisse.
2545 475 2755 528 Sensus
2804 472 2949 526 enim
2985 481 3069 527 est
3111 491 3123 527 :
3172 472 3559 545 Unusquisque

294 576 526 647 δεύματι
584 575 759 645 πέρας
820 572 1135 627 ἀκολουθεῖν
1206 569 1569 638 κατάλληλοντ
1640 566 1874 640 ξφησίψ]

296 669 476 721 Ὅταν
506 667 761 735 ἔρχωμαι
778 664 1111 719 ἀποδοῦναι
1131 663 1365 743 exclamo
1385 663 1454 715 τὰ
1479 659 1599 715 τῶν
1618 677 1878 731 πεπραγ-

289 754 493 826 μένων
519 757 811 823 ἐπίχειρα.

296 862 420 900 runt
465 848 583 900 suis
612 847 812 901 studiis
856 845 1083 914 suisque
1130 846 1387 914 operibus
1417 854 1865 899 consentaneum.
1910 843 2091 910 Quare
2125 843 2289 897 etiam
2341 841 2523 897 subdit
2575 860 2586 895 ς

297 941 582 1009 unicuique
613 941 834 1008 prtemia
863 938 1024 1008 factis
1056 940 1170 992 suis
1200 943 1382 1009 (tigna.

381 1036 523 1105 Ἐγὼ
550 1037 616 1088 τὸ
644 1052 683 1089 a
705 1036 803 1088 καὶ
836 1037 901 1088 τὸ
932 1054 1003 1097 ω,
1035 1036 1191 1105 ἀρχη
1225 1038 1320 1089 καὶ
1363 1036 1559 1101 τέλος,
1594 1038 1625 1087 ό
1648 1034 1877 1103 πρῶτος

295 1128 398 1180 καὶ
444 1131 477 1181 ό
527 1128 823 1196 ἔσχατοςο
874 1127 1014 1182 οὔτε
1044 1125 1199 1198 [γὰρ]
1233 1128 1347 1196 προ
1377 1126 1551 1196 ἐμοῦ,
1590 1128 1729 1180 οὔτε
1750 1141 1861 1195 μετ

293 1220 401 1289 ἐμὲ
432 1222 573 1286 Θεός
598 1220 751 1274 ἐστι.

370 1312 443 1363 Τὸ
472 1310 529 1363 δὲ
554 1328 588 1363 α
624 1311 803 1365 καὶτὸ
833 1328 900 1376 ω,
934 1310 1085 1379 δηλοῖ
1119 1311 1202 1366 ὅτι
1237 1310 1358 1362 οὔτε
1391 1312 1487 1378 τῆς
1517 1309 1691 1380 ἀρχῆς
1730 1309 1875 1363 ἔστιν

295 1399 396 1472 [τι]
456 1401 860 1473 πρεσϐύτερον,
908 1402 1032 1455 οὕτε
1086 1403 1185 1471 τῆς
1233 1402 1419 1471 θεῖκῆς
1476 1402 1724 1466 ἐξουσίας
1779 1401 1871 1454 καὶ

296 1491 578 1560 βασιλείας
622 1493 777 1545 ἔσται
828 1492 1002 1556 τέλος.
1060 1493 1325 1552 Πολλάκις
1363 1494 1419 1547 δὲ
1470 1496 1565 1546 καὶ
1612 1494 1870 1562 ἀνωτέρω

294 1584 513 1651 εἴρηται
563 1600 596 1635 α
643 1585 670 1636 6
715 1584 975 1652 Χριστὸς,
1019 1583 1107 1636 διὰ
1136 1584 1235 1650 τὴν
1267 1584 1500 1651 θεότητα
1521 1600 1533 1612 ·
1564 1603 1609 1637 ω
1640 1586 1719 1653 δὲ,
1750 1586 1868 1655 ἤτοι

293 1674 545 1743 ἔσχατος,
576 1675 664 1729 διὰ
698 1675 794 1747 τὴν
822 1675 1237 1747 ἁνθρωπότητα.

365 1847 655 1919 Μακάριοι
692 1855 746 1906 ol
775 1852 1093 1920 ποιοῦντες
1134 1854 1237 1918 τὰς
1263 1855 1515 1921 ἐντολὰς
1543 1855 1687 1924 ἐμοῦ
1717 1872 1727 1884 ο
1774 1855 1871 1907 ἵνα

292 1939 467 1993 ἔσται
500 1943 538 2009 ὴ
571 1942 824 2006 ἐξουσία
854 1944 1055 1999 αὐτῶν
1095 1946 1193 1998 ἐπὶ
1220 1946 1285 2000 τὸ
1323 1946 1514 2009 ξύλον
1545 1947 1653 2016 τῆς
1694 1945 1869 2014 ζωῆς,

290 2032 390 2087 καὶ
429 2032 552 2100 τοῖς
584 2034 889 2090 πυλεῶσιν
927 2038 1286 2092 εἰσέλθωσιν
1311 2042 1398 2105 εἰς
1427 2040 1540 2107 τὴν
1570 2043 1771 2095 πόλιν.

370 2128 579 2190 Ὄντως
612 2128 669 2181 δὲ
722 2131 1079 2201 μακαρισμοῦ
1147 2130 1288 2194 ἄξιοι
1338 2135 1388 2185 οἱ
1442 2134 1723 2196 ποιοῦντες
1774 2134 1873 2196 τὰς

290 2217 515 2282 ἐντολὰς
540 2218 635 2273 τοῦ
663 2219 823 2276 Θεοῦ.
866 2223 1147 2287 Ἐξουσίαν
1179 2224 1288 2294 γὰρ
1309 2224 1520 2289 ἕξουσιν
1550 2228 1607 2277 ὲν
1642 2226 1707 2294 τῇ
1736 2224 1870 2296 ἁλή-

293 2327 408 2380 κτῳ
434 2310 573 2381 ζωῇ,
605 2311 684 2382 τῷ
719 2311 861 2384 ξύλῳ
889 2316 989 2385 τῆς
1024 2316 1169 2384 ζωῆς
1194 2318 1417 2388 Χριστῷ
1446 2316 1522 2387 τῷ
1556 2316 1673 2386 Θεῴ
1714 2318 1872 2388 ήμῶν

291 2400 746 2458 ἐπαναπαύεσθαι
773 2443 790 2469 ,
824 2406 919 2459 καὶ
951 2406 1223 2479 ὲντρνφᾷν
1286 2411 1353 2480 τῇ
1404 2408 1567 2461 αὐτοῦ
1631 2408 1833 2479 θεωρία
1856 2425 1868 2440 ⁸

296 2491 570 2562 μηδεμιᾶς
600 2494 1126 2567 παρεμποδιζούσης
1158 2500 1404 2569 πονηρᾶς
1428 2500 1713 2570 δυνάμεως
1734 2515 1746 2528 ⁸
1780 2500 1873 2551 καὶ

292 2586 407 2646 τοῖς
438 2587 817 2654 ἁποστολικοίς
844 2590 1077 2655 πυλῶσι,
1109 2591 1310 2661 δηλαδὴ
1343 2593 1449 2653 τοίς
1496 2593 1661 2644 αὑτοῦ
1693 2592 1873 2659 διὸαγ·

295 2692 485 2745 μασιν,
522 2680 601 2741 εἰς
648 2680 744 2752 τὴν
792 2682 905 2734 ἄνω
938 2684 1095 2735 πόλιν
1128 2682 1215 2735 διὰ
1248 2685 1346 2754 τῆς
1380 2684 1641 2752 ἀληθινῆς
1701 2686 1871 2754 θύρας

292 2768 732 2825 εἰσελεύσονταιυ
766 2774 841 2844 μὴ
883 2774 1308 2846 ὑπερπηδῶντες
1342 2777 1628 2846 ἑτέρωθεν,
1692 2778 1872 2840 καθὼς

294 2861 353 2933 οἱ,
392 2861 658 2931 μισθωτοὶ
700 2867 978 2935 ποιμένες,
1028 2867 1143 2921 ἀλλ’
1201 2868 1305 2921 ὑπὸ
1355 2868 1449 2921 τοῦ
1487 2869 1733 2940 θυρωροῦ
1778 2871 1874 2940 τῇς

293 2950 441 3023 ζωῆς
480 2956 847 3028 εἰσαγόμενοι.

368 3214 595 3278 Ἔξωοὶ
627 3219 809 3287 κύνες
838 3221 935 3275 καὶ
961 3224 1014 3275 ol
1048 3226 1371 3293 φαρμακοὶ,
1416 3228 1512 3280 καὶ
1555 3230 1606 3279 ol
1634 3229 1866 3295 πόρνοι,

290 3311 390 3363 καὶ
417 3314 470 3363 οὶ
495 3312 725 3379 φονεῖς,
787 3314 882 3367 καὶ
920 3318 973 3369 ol
1023 3317 1471 3386 εἰδωλολάτραι,
1526 3320 1623 3373 καὶ
1656 3319 1776 3386 πᾶς
1837 3326 1870 3375 ὀ

289 3403 484 3470 φιλῶν
513 3405 609 3457 καὶ
647 3405 835 3457 ποιῶν
864 3408 1110 3475 ψεῦδος.

365 3496 556 3561 Κύνες
591 3496 670 3562 δὲ,
704 3497 766 3549 οὐ
799 3499 958 3567 μόνον
1002 3502 1051 3553 ol.
1091 3502 1329 3566 ἀναιδεῖς
1354 3504 1447 3556 καὶ
1471 3506 1713 3570 ἄπιστοι,
1776 3507 1870 3561 καὶ

289 3584 341 3635 οἱ
382 3588 439 3637 ἐν
459 3589 523 3656 τῇ
558 3592 843 3658 κατατομῇ
877 3593 1037 3643 κακοὶ
1068 3593 1317 3663 ἐργάται,
1350 3595 1440 3655 οὓς
1472 3598 1499 3648 6
1550 3597 1869 3661 Ἀπόστολος

291 3678 534 3742 ἔκλαιεν,
576 3680 712 3735 ἀλλὰ
741 3684 836 3736 καὶ
896 3685 943 3736 οἰ
995 3686 1135 3753 μετὰ
1173 3687 1233 3737 τὸ
1286 3686 1569 3758 βάπτισμα
1609 3691 1868 3759 ἐπιστρέ-

290 3768 492 3835 ψαντες
520 3772 612 3823 ἐπὶ
641 3772 734 3824 τὸν
760 3774 890 3827 ἴδιον
919 3775 1138 3843 ἔμετον.
1162 3777 1253 3831 Διὸ
1277 3779 1371 3830 σὺν
1389 3781 1498 3843 τοῖς
1533 3779 1752 3850 πόρνοις
1776 3781 1871 3833 καὶ

293 3861 519 3927 φονεῦσι
560 3865 654 3917 καὶ
700 3864 1121 3939 εἰδωλολάτραις
1151 3869 1249 3939 τῆς
1300 3871 1410 3925 ἀνω
1462 3871 1869 3943 ἁλλοτριοῦνται

292 3952 524 4018 πόλεως.

860 4228 1110 4283 ΚΕΦΔΛ.
1179 4232 1300 4285 OB'.

297 4336 499 4416 Ὅπως
523 4338 558 4416 π]
598 4338 923 4416 Ἐκκλησία
940 4345 1034 4395 καὶ
1058 4344 1207 4416 τὸᾼέν
1222 4345 1379 4414 αὐτῇ
1405 4347 1667 4414 Πνεῦμα,
1693 4365 1869 4414 προσ·

365 4410 855 4486 καλοῦνταιφὴτ
892 4414 1157 4486 Σἵρι-στοῦ
1196 4410 1451 4480 ἔνδοξον
1490 4410 1867 4486 ἐπιφάνειαν

368 4478 466 4563 καὶ
503 4480 633 4563 περὶ
664 4477 771 4563 τῆς
804 4477 954 4563 ᾀρᾶςῖ
979 4477 1018 4554 ᾗ
1047 4477 1497 4563 ὑποβάλλονται
1532 4477 1606 4541 σι’
1626 4488 1741 4555 τὴν
1769 4488 1869 4551 βί-
1908 4508 1949 4563 ι)

366 4548 519 4599 ὅλον
555 4548 824 4623 [ταύτην]
865 4548 1444 4622 παρὶὶχαρὰττοντες.

380 4662 528 4728 Ἐγὼ
568 4663 802 4730 Ἰησοῦς
829 4664 1072 4735 ἔπεμψα
1106 4668 1217 4721 τὸν
1251 4668 1510 4738 ἄγγελόν
1538 4688 1678 4734 μου,
1725 4688 1871 4740 μαρ-

294 4751 555 4819 τυρῆσαι
590 4753 729 4823 ὑμῖν
754 4757 941 4810 ταῦτα
982 4756 1097 4830 [ἐν]
1125 4759 1253 4825 ταῖς
1295 4760 1702 4827 Ἐκκλησίαις.

370 4845 666 4899 Κάνταῦθα
691 4846 756 4901 τὸ
786 4850 1122 4902 Δεσποτικὸν
1148 4850 1242 4903 τοῦ
1276 4853 1622 4921 πεπομφότος
1650 4852 1739 4905 τὸν
1770 4852 1869 4920 ἄγ-

296 4935 457 5001 γελον
491 4934 707 5007 ἀξίωμα
746 4938 1044 4993 δείκνυται.
1074 4939 1174 5011 [Τὸ
1213 4941 1270 4994 δὲ
1332 4944 1698 5013 μαρτυρῆσαι,
1751 4943 1874 4996 ἀντὶ

296 5025 394 5078 τοῦ
427 5026 908 5100 διαμαρτύρασθαι
943 5031 1237 5106 τέθειται.]

385 5298 526 5367 ἐ’μῦ
563 5301 679 5369 εἰμι
708 5302 747 5366 ὴ
770 5300 903 5368 ῥίζα
928 5302 1025 5354 καὶ
1060 5303 1126 5355 τὸ
1162 5302 1338 5371 γένος
1369 5303 1569 5359 Δαυτὸ.

381 5393 539 5452 Ῥίζιι
573 5393 631 5445 δὲ
676 5394 783 5447 τοῦ
810 5394 992 5448 Aut/£6
1023 5396 1051 5447 6
1079 5396 1336 5467 Χριστὸς,
1366 5396 1442 5458 ὡς
1486 5397 1619 5461 Θεός
1642 5412 1653 5425 ·
1697 5397 1875 5466 γένος

296 5487 377 5548 δέ,
411 5487 485 5548 ὡς
526 5487 669 5540 κατὰ
704 5487 905 5559 σάρκα,
938 5488 996 5555 ἐξ
1020 5489 1185 5543 αὑτοῦ
1218 5488 1544 5559 βλαστήσας.

370 5670 525 5744 [Kal]
557 5675 589 5725 ὀ
624 5671 820 5740 ἀστὴρ
851 5676 883 5726 ό
908 5675 1178 5743 λαμπρός
1214 5676 1247 5727 ὀ
1273 5676 1528 5741 πρωϊνιῗτς
1563 5676 1616 5746 [ὁ
1643 5675 1872 5748 αὐτός.]

371 5766 478 5820 Καὶ
508 5764 682 5833 ἀστὴρ
714 5768 741 5819 6
793 5766 1047 5834 λαμπρὸς
1068 5770 1095 5821 6
1123 5768 1380 5838 πρωῖνδς,
1435 5770 1459 5819 6
1492 5769 1671 5831 αὐτὸς,
1712 5770 1784 5829 ὡς
1816 5771 1873 5822 ὲν

1985 571 2128 639 quod
2158 570 2260 625 sibi
2294 571 2488 641 placet,
2518 579 2810 638 Oper-etur;
2844 568 3049 623 nullius
3080 567 3333 637 equidem
3361 567 3559 620 volun-

1987 662 2080 715 tati
2115 661 2220 715 vim
2253 659 2429 714 infero
2476 678 2488 713 :
2540 675 2707 713 unum
2742 660 2845 712 hoc
2877 666 3085 712 tantum
3123 658 3353 711 ostendo
3396 667 3560 725 atque

1990 750 2257 804 denuntio
2280 789 2296 815 ,
2345 764 2535 817 nempe
2586 749 3058 817 unutnquemlibet
3091 748 3298 801 exitum
3335 745 3561 800 sortitu-

2673 841 2834 896 Venio
2893 842 3034 897 enim
3072 842 3200 903 cito,
3235 852 3292 893 ut
3334 838 3557 893 reddam

2048 1030 2215 1095 XXII,
2256 1032 2341 1085 15.
2386 1030 2500 1099 Ego
2549 1029 2731 1083 sumA
2770 1022 2818 1081 et
2850 1028 2914 1090 Ω,
2954 1024 3275 1095 principium
3314 1035 3363 1079 et
3410 1026 3557 1095 linis.

1975 1126 2176 1192 primus
2212 1134 2259 1178 et
2294 1122 2628 1177 novissimus.

2043 1303 2231 1375 Neque
2278 1301 2424 1358 enim
2464 1298 2668 1371 aliquid
2708 1307 2886 1355 exstat
2936 1311 3059 1351 meo
3104 1296 3369 1365 principio
3407 1303 3560 1348 retu-

1979 1398 2158 1457 stius;
2203 1396 2295 1448 sed
2329 1408 2502 1463 neque
2544 1390 2693 1460 regni
2722 1389 2892 1442 divini
2939 1388 3251 1456 divinumque
3279 1388 3560 1454 potestatis

1983 1488 2128 1542 ullus
2161 1486 2386 1541 omnino
2411 1492 2588 1539 exstat
2621 1484 2912 1536 terminus.
2932 1478 3174 1534 Subinde
3196 1489 3372 1532 autem
3397 1475 3559 1531 Chri-

1981 1592 2122 1645 stus,
2151 1580 2228 1633 uti
2256 1587 2380 1633 ante
2412 1590 2629 1647 quoque
2658 1576 2955 1629 indicatum
2983 1585 3086 1635 est,
3108 1572 3410 1641 appellatur
3443 1569 3561 1638 prio

1983 1689 2095 1726 mus
2126 1682 2172 1726 et
2203 1672 2553 1733 novissimus;
2578 1667 2710 1721 illud
2736 1666 2981 1736 quidem,
3005 1674 3223 1733 propter
3264 1664 3555 1727 deitatem;

1904 1771 1951 1828 B
1983 1764 2085 1820 hoc
2111 1779 2259 1824 vero,
2283 1770 2504 1832 propter
2528 1768 2864 1828 assumptam
2893 1754 3255 1809 humanitatis
3279 1763 3553 1807 naturam.

2052 1856 2212 1917 XXII,
2247 1856 2331 1909 H.
2369 1854 2520 1907 Beati
2547 1854 2635 1923 qui
2661 1852 2839 1905 lavant
2871 1851 3033 1904 stolas
3067 1866 3192 1901 suas
3216 1849 3267 1901 in
3300 1844 3559 1915 sanguine

1977 1951 2133 2021 Agni.
2177 1957 2232 2002 ut
2260 1948 2329 2001 sit
2359 1957 2588 2013 potestas
2617 1960 2795 1998 eorum
2820 1945 2875 1997 in
2900 1944 3041 2013 ligno
3070 1941 3187 1996 vitae
3221 1948 3269 1993 ct
3307 1956 3398 2006 per
3431 1954 3558 2008 por-

1976 2050 2057 2094 tas
2088 2039 2284 2091 intrent
2314 2038 2370 2089 in
2401 2035 2688 2088 civitatem.

2052 2128 2206 2199 ιιι
2237 2126 2372 2180 Vera
2403 2124 2668 2178 beatitate
2697 2122 2829 2177 citra
2851 2121 3279 2177 controversiam
3308 2120 3452 2192 digiti
3475 2129 3556 2175 la-

1973 2223 2073 2287 les,
2094 2234 2374 2291 utcunque
2402 2218 2617 2272 tandem
2650 2216 2832 2282 legas:
2864 2215 3133 2286 siquidem
3155 2214 3545 2269 interminabili

1972 2312 2082 2364 vita
2116 2308 2203 2362 illa
2243 2305 2420 2377 potiti,
2455 2305 2548 2374 jus
2602 2303 2709 2359 illis
2744 2303 2935 2374 fasque
2959 2304 3065 2359 erit
3114 2304 3168 2359 in
3202 2304 3350 2375 ligno
3403 2304 3552 2369 vitai,

1977 2415 2173 2470 nempe
2205 2400 2259 2454 in
2293 2398 2516 2452 Christo
2551 2396 2663 2452 Deo
2697 2406 2908 2462 nostro,
2965 2397 3378 2466 conquiescere,
3427 2412 3554 2451 sua-

1976 2494 2224 2563 viterque
2260 2492 2311 2545 in
2366 2490 2516 2544 illius
2546 2488 3007 2559 contemplatione
3066 2502 3188 2544 sese
3242 2488 3550 2553 oblectare;

1973 2586 2120 2641 nulla
2155 2585 2392 2653 maligna
2419 2582 2621 2636 virtute
2660 2591 2753 2635 aut
2779 2590 3046 2651 potestate
3081 2581 3253 2635 ullum
3314 2595 3544 2651 prorsus

1975 2678 2424 2748 impedimentum
2482 2672 2777 2739 afferente;
2805 2675 2899 2729 sed
2937 2688 3036 2743 per
3071 2673 3400 2743 apostolicas
3426 2687 3557 2743 por—

1977 2779 2081 2834 tas,
2120 2769 2223 2822 hoc
2255 2777 2336 2821 est
2369 2782 2465 2835 per
2504 2767 2884 2836 apostolorum
2915 2765 3246 2830 doctrinam,
3277 2766 3329 2820 in
3357 2766 3555 2820 civita-

1979 2870 2087 2913 tein
2122 2874 2411 2928 supernam
2460 2857 2873 2925 ingredientur;
2902 2872 3078 2928 neque
3137 2858 3399 2912 aliorsum
3453 2872 3554 2927 per

1976 2952 2173 3005 saltum
2206 2948 2438 3012 iri-nent,
2475 2948 2937 3018 quemadmodum
2987 2950 3310 3004 mercenarii
3367 2960 3553 3020 pasto-

1982 3059 2065 3096 res
2095 3043 2309 3107 solent;
2345 3042 2439 3095 sed
2471 3056 2499 3095 a
2537 3042 2658 3095 vitae
2698 3041 2939 3111 janitore
2997 3057 3092 3112 per
3112 3056 3301 3096 verum
3349 3041 3552 3097 ostium

1901 3139 1942 3191 C
1982 3134 2415 3189 iutroduccntur.

2045 3223 2214 3284 XXII,
2255 3224 2341 3276 15.
2379 3220 2537 3275 Foris
2567 3238 2746 3289 canes,
2788 3232 2837 3276 et
2875 3223 3111 3292 veneﬁci,
3168 3231 3217 3276 et
3276 3222 3551 3289 impudici,

1974 3326 2021 3366 et
2050 3314 2353 3375 ltomicidte,
2386 3324 2433 3366 et
2465 3313 2623 3367 idolis
2660 3315 2960 3379 servientes,
2988 3324 3033 3367 et
3076 3314 3246 3368 omnis
3275 3316 3365 3384 qui
3405 3324 3553 3368 amat

1973 3414 2021 3458 et
2059 3405 2188 3472 facit
2230 3405 2587 3459 mendacium.

2043 3495 2213 3551 Canes
2275 3497 2525 3550 hocloco
2557 3496 2897 3565 appellantur
2936 3510 3045 3549 non
3100 3495 3277 3551 solum
3341 3495 3549 3550 ell‘ron—

1976 3599 2055 3642 tes
2107 3597 2162 3642 et
2218 3588 2482 3653 inﬁdeles,
2538 3589 2831 3656 canorique
2892 3588 3021 3642 ntali
3070 3588 3304 3657 operarii
3360 3603 3553 3644 omnes

1978 3696 2118 3750 quos
2150 3678 2435 3750 apostolus
2461 3679 2737 3749 deplorat;
2776 3696 2965 3734 verum
3001 3681 3036 3735 ii
3064 3684 3251 3745 etiam,
3285 3680 3378 3751 qui
3433 3689 3553 3748 post

1980 3781 2295 3838 susceptum
2337 3770 2603 3840 baptisma
2634 3771 2700 3825 ad
2732 3774 3012 3841 proprium
3048 3771 3315 3825 vomitum
3347 3771 3551 3827 reversi

1974 3873 2121 3915 sunt.
2175 3860 2358 3926 Quare
2390 3876 2569 3929 neque
2598 3862 2649 3916 hi
2678 3876 2902 3932 queque
2946 3861 3018 3915 ad
3070 3876 3361 3931 supernam
3400 3858 3550 3915 illam

1975 3953 2257 4009 civitatem
2283 3954 2675 4019 adiniltentur;
2707 3952 2801 4007 sed
2830 3953 2991 4008 simul
3015 3968 3137 4006 cum
3158 3952 3553 4008 scortatoribus

1972 4056 2028 4099 et
2067 4045 2357 4099 homicidis
2385 4053 2433 4099 el
2461 4046 2618 4099 idolis
2644 4047 3006 4099 servientibus
3063 4045 3226 4101 veluti
3259 4044 3472 4117 profani
3498 4054 3553 4100 et

1975 4136 2162 4202 alieni,
2193 4135 2318 4191 inde
2356 4138 2704 4206 repellentur.

2525 4226 2756 4283 CAI‘UT
2805 4226 3012 4281 LXXII.

1983 4336 2048 4391 Ut
2088 4336 2327 4413 Ecclesia
2377 4349 2425 4413 et
2474 4337 2706 4407 Spiritus
2766 4343 2945 4411 quiin
2995 4342 3093 4395 illa
3124 4342 3287 4413 degit,
3355 4344 3552 4413 glorio-

2050 4408 2402 4482 su_nt_Cltristi
2430 4413 2711 4482 adventum
2736 4408 2977 4480 eirpetant
3001 4429 3016 4474 ;
3073 4408 3325 4482 certisque
3356 4408 3552 4467 'male-

2059 4478 2286 4533 dictioni
2342 4480 2700 4548 subjiciuntur
2747 4478 2837 4551 qui
2888 4482 3081 4535 librum
3139 4478 3276 4536 hunc
3348 4484 3552 4537 adulte-

2048 4559 2190 4602 rant.

2048 4659 2214 4724 XXII,
2258 4660 2346 4717 16.
2375 4659 2487 4731 Ego
2512 4669 2667 4716 usus
2693 4663 2813 4719 misi
2838 4663 3081 4733 angelum
3125 4681 3294 4719 nicum
3358 4668 3549 4737 testiﬁ-

1976 4757 2088 4809 cari
2118 4756 2261 4811 vobis
2284 4758 2396 4812 lucc
2429 4759 2482 4811 in
2516 4757 2788 4812 Ecclesiis.

2046 4847 2113 4903 Et
2140 4850 2265 4904 hinc
2296 4864 2518 4920 quoque
2561 4849 2747 4904 divina
2796 4849 2998 4904 Christi
3031 4850 3271 4920 potentia
3309 4853 3554 4908 ostendi-

1976 4958 2066 5001 tur
2097 4962 2111 4999 :
2143 4957 2317 5011 neque
2356 4942 2503 4997 enim
2538 4943 2790 5012 angelum
2828 4943 3087 5008 mitteret,
3125 4944 3231 4999 nisi
3268 4943 3411 5000 Deus
3468 4962 3556 5002 es-

1977 5047 2077 5093 set.
2114 5035 2342 5089 Ilittitur
2393 5043 2575 5088 autem
2636 5047 2692 5088 ut
2727 5050 2850 5087 cum
2907 5045 3054 5089 certa
3110 5035 3454 5105 adjuratione
3499 5050 3553 5092 et

1976 5129 2375 5202 pretestatioue
2428 5128 2604 5198 palam
2633 5129 2919 5182 denuntiet
2973 5128 3250 5193 Ecclesiis,
3297 5144 3416 5199 quae
3464 5131 3551 5184 hic

1978 5220 2176 5287 scripta
2218 5227 2363 5273 sunt.

2050 5309 2164 5379 Ego
2196 5324 2313 5362 sum
2346 5309 2503 5362 radix
2531 5319 2580 5362 et
2610 5324 2771 5379 genus
2794 5309 2963 5362 Darid

2055 5401 2229 5455 Radix
2272 5398 2493 5454 Davidis
2527 5411 2609 5455 est
2643 5401 2918 5464 Christus,
2964 5409 3223 5467 tanquam
3257 5400 3421 5466 Deus;
3459 5417 3549 5471 9e-

1980 5508 2079 5545 nus
2114 5502 2293 5545 autem
2329 5492 2589 5560 ejusdem,
2657 5492 2962 5547 secundum
3021 5507 3241 5547 carnem
3275 5511 3288 5548 :
3321 5509 3386 5547 ex
3433 5493 3550 5563 ipse

1979 5600 2215 5655 namque
2243 5584 2511 5654 originem
2538 5587 2709 5639 duxit.

2050 5677 2117 5731 Et
2159 5677 2313 5731 stella
2348 5678 2627 5747 splendida
2672 5688 2721 5732 et
2750 5679 3036 5731 matutina.

2055 5769 2197 5828 Idem
2231 5770 2485 5827 Christus
2530 5770 2709 5826 lucida
2747 5771 2833 5823 illa
2861 5781 2914 5824 et
2945 5770 3211 5825 matutina
3258 5768 3416 5827 stella
3436 5780 3516 5822 est
3545 5791 3562 5836 ε
