  <div class='ocr_page' id='page_1' title='image "/cluster/home/n/w/nwhite01/storage/ocr_20150623/106/nnc1.0046979980/243.png"; bbox 0 0 4282 6440; ppageno 0'>
   <div class='ocr_carea' id='block_1_1' title="bbox 807 406 915 468">
    <p class='ocr_par' dir='ltr' id='par_1_1' title="bbox 807 406 915 468">
     <span class='ocr_line' id='line_1_1' title="bbox 807 406 915 468; baseline 0 0"><span class='ocrx_word' id='word_1_1' title='bbox 807 406 915 468; x_wconf 75' lang='grc'><strong>455</strong></span> 
     </span>
    </p>
   </div>
   <div class='ocr_carea' id='block_1_2' title="bbox 2017 400 2899 461">
    <p class='ocr_par' dir='ltr' id='par_1_2' title="bbox 2017 400 2899 461">
     <span class='ocr_line' id='line_1_2' title="bbox 2017 400 2899 461; baseline 0 -2"><span class='ocrx_word' id='word_1_2' title='bbox 2017 400 2346 460; x_wconf 70' lang='grc' dir='ltr'><strong>ΛΝΒΠΕᾹΞ</strong></span> <span class='ocrx_word' id='word_1_3' title='bbox 2385 401 2899 461; x_wconf 69' lang='grc' dir='ltr'><strong>(ΣᾹΞΞΑΒΙΕΝΞΙΞ</strong></span> 
     </span>
    </p>
   </div>
   <div class='ocr_carea' id='block_1_3' title="bbox 3961 406 4068 468">
    <p class='ocr_par' dir='ltr' id='par_1_3' title="bbox 3961 406 4068 468">
     <span class='ocr_line' id='line_1_3' title="bbox 3961 406 4068 468; baseline 0.019 -2"><span class='ocrx_word' id='word_1_4' title='bbox 3961 406 4068 468; x_wconf 72' lang='lat'><strong>456</strong></span> 
     </span>
    </p>
   </div>
   <div class='ocr_carea' id='block_1_4' title="bbox 814 515 2505 585">
    <p class='ocr_par' dir='ltr' id='par_1_4' title="bbox 814 515 2505 584">
     <span class='ocr_line' id='line_1_4' title="bbox 814 515 2505 584; baseline -0.005 -8"><span class='ocrx_word' id='word_1_5' title='bbox 814 531 1036 576; x_wconf 87' lang='lat' dir='ltr'><strong>nuntur.</strong></span> <span class='ocrx_word' id='word_1_6' title='bbox 1074 518 1215 584; x_wconf 84' lang='lat' dir='ltr'><strong>Quin</strong></span> <span class='ocrx_word' id='word_1_7' title='bbox 1275 517 1342 571; x_wconf 92' lang='lat' dir='ltr'><strong>de</strong></span> <span class='ocrx_word' id='word_1_8' title='bbox 1377 517 1583 570; x_wconf 83' lang='lat' dir='ltr'><strong>Euochi</strong></span> <span class='ocrx_word' id='word_1_9' title='bbox 1618 525 1671 570; x_wconf 92' lang='lat' dir='ltr'><strong>et</strong></span> <span class='ocrx_word' id='word_1_10' title='bbox 1701 516 1848 578; x_wconf 71' lang='lat' dir='ltr'><strong>Elim,</strong></span> <span class='ocrx_word' id='word_1_11' title='bbox 1892 516 1985 584; x_wconf 93' lang='lat' dir='ltr'><strong>qui</strong></span> <span class='ocrx_word' id='word_1_12' title='bbox 2049 517 2153 570; x_wconf 85' lang='lat' dir='ltr'><strong>sub</strong></span> <span class='ocrx_word' id='word_1_13' title='bbox 2205 515 2390 569; x_wconf 61' lang='lat' dir='ltr'><strong>saeculi</strong></span> <span class='ocrx_word' id='word_1_14' title='bbox 2424 521 2468 573; x_wconf 79' lang='grc' dir='ltr'><strong>Α</strong></span> <span class='ocrx_word' id='word_1_15' title='bbox 2498 540 2505 584; x_wconf 64' lang='grc' dir='ltr'><strong><em>ι</em></strong></span> 
     </span>
    </p>
   </div>
   <div class='ocr_carea' id='block_1_5' title="bbox 2378 515 4069 585">
    <p class='ocr_par' dir='ltr' id='par_1_5' title="bbox 2378 515 4069 585">
     <span class='ocr_line' id='line_1_5' title="bbox 2378 515 4069 585; baseline 0.001 -17"><span class='ocrx_word' id='word_1_16' title='bbox 2378 516 2390 568; x_wconf 99' lang='lat' dir='ltr'><strong>i</strong></span> <span class='ocrx_word' id='word_1_17' title='bbox 2424 521 2468 573; x_wconf 77' lang='grc' dir='ltr'><strong>Α</strong></span> <span class='ocrx_word' id='word_1_18' title='bbox 2498 517 2614 584; x_wconf 83' lang='grc' dir='ltr'>ρίου</span> <span class='ocrx_word' id='word_1_19' title='bbox 2645 517 2834 585; x_wconf 71' lang='grc' dir='ltr'>θρόνον</span> <span class='ocrx_word' id='word_1_20' title='bbox 2861 516 3150 579; x_wconf 88' lang='grc' dir='ltr'>σκοτοῦσα,</span> <span class='ocrx_word' id='word_1_21' title='bbox 3182 515 3501 569; x_wconf 84' lang='grc' dir='ltr'>ὀδοποιοῦσα</span> <span class='ocrx_word' id='word_1_22' title='bbox 3533 515 3590 568; x_wconf 87' lang='grc' dir='ltr'><strong>δέ</strong></span> <span class='ocrx_word' id='word_1_23' title='bbox 3620 516 3732 579; x_wconf 82' lang='grc' dir='ltr'>τοῖς</span> <span class='ocrx_word' id='word_1_24' title='bbox 3760 515 3854 569; x_wconf 82' lang='grc' dir='ltr'><strong>τοῦ</strong></span> <span class='ocrx_word' id='word_1_25' title='bbox 3886 516 4069 570; x_wconf 72' lang='grc' dir='ltr'>διαϐύ-</span> 
     </span>
    </p>
   </div>
   <div class='ocr_carea' id='block_1_6' title="bbox 813 607 2383 679">
    <p class='ocr_par' dir='ltr' id='par_1_6' title="bbox 813 607 2383 679">
     <span class='ocr_line' id='line_1_6' title="bbox 813 607 2383 679; baseline -0.006 -13"><span class='ocrx_word' id='word_1_26' title='bbox 813 615 975 666; x_wconf 85' lang='lat' dir='ltr'><strong>linetn</strong></span> <span class='ocrx_word' id='word_1_27' title='bbox 1007 612 1221 666; x_wconf 87' lang='lat' dir='ltr'><strong>venturi</strong></span> <span class='ocrx_word' id='word_1_28' title='bbox 1248 618 1396 675; x_wconf 90' lang='lat' dir='ltr'><strong>sunt,</strong></span> <span class='ocrx_word' id='word_1_29' title='bbox 1434 619 1492 664; x_wconf 90' lang='lat' dir='ltr'><strong>ut</strong></span> <span class='ocrx_word' id='word_1_30' title='bbox 1520 607 1990 679; x_wconf 82' lang='lat' dir='ltr'><strong>pseudochristnm</strong></span> <span class='ocrx_word' id='word_1_31' title='bbox 2041 616 2093 660; x_wconf 91' lang='lat' dir='ltr'><strong>et</strong></span> <span class='ocrx_word' id='word_1_32' title='bbox 2149 607 2383 675; x_wconf 88' lang='lat' dir='ltr'><strong>pseudo-</strong></span> 
     </span>
    </p>
   </div>
   <div class='ocr_carea' id='block_1_7' title="bbox 815 701 2382 775">
    <p class='ocr_par' dir='ltr' id='par_1_7' title="bbox 815 701 2382 775">
     <span class='ocr_line' id='line_1_7' title="bbox 815 701 2382 775; baseline -0.005 -16"><span class='ocrx_word' id='word_1_33' title='bbox 815 706 1132 775; x_wconf 83' lang='lat' dir='ltr'><strong>propltetam</strong></span> <span class='ocrx_word' id='word_1_34' title='bbox 1169 704 1525 770; x_wconf 76' lang='lat' dir='ltr'><strong>redarguam,</strong></span> <span class='ocrx_word' id='word_1_35' title='bbox 1560 701 1879 755; x_wconf 79' lang='lat' dir='ltr'><strong>fortitudine</strong></span> <span class='ocrx_word' id='word_1_36' title='bbox 1928 701 2207 768; x_wconf 89' lang='lat' dir='ltr'><strong>animique</strong></span> <span class='ocrx_word' id='word_1_37' title='bbox 2252 714 2382 752; x_wconf 83' lang='lat' dir='ltr'><strong>eon-</strong></span> 
     </span>
    </p>
   </div>
   <div class='ocr_carea' id='block_1_8' title="bbox 811 788 2382 862">
    <p class='ocr_par' dir='ltr' id='par_1_8' title="bbox 811 788 2382 862">
     <span class='ocr_line' id='line_1_8' title="bbox 811 788 2382 862; baseline -0.007 -9"><span class='ocrx_word' id='word_1_38' title='bbox 811 797 1031 858; x_wconf 88' lang='lat' dir='ltr'><strong>stantia,</strong></span> <span class='ocrx_word' id='word_1_39' title='bbox 1064 805 1316 848; x_wconf 87' lang='lat' dir='ltr'><strong>accurate</strong></span> <span class='ocrx_word' id='word_1_40' title='bbox 1373 795 1459 848; x_wconf 87' lang='lat' dir='ltr'><strong>hic</strong></span> <span class='ocrx_word' id='word_1_41' title='bbox 1522 808 1741 862; x_wconf 91' lang='lat' dir='ltr'><strong>quoque</strong></span> <span class='ocrx_word' id='word_1_42' title='bbox 1794 801 2088 855; x_wconf 76' lang='lat' dir='ltr'><strong>tractatur;</strong></span> <span class='ocrx_word' id='word_1_43' title='bbox 2147 799 2259 843; x_wconf 90' lang='lat' dir='ltr'><strong>tum</strong></span> <span class='ocrx_word' id='word_1_44' title='bbox 2315 788 2382 842; x_wconf 89' lang='lat' dir='ltr'><strong>de</strong></span> 
     </span>
    </p>
   </div>
   <div class='ocr_carea' id='block_1_9' title="bbox 817 882 2382 958">
    <p class='ocr_par' dir='ltr' id='par_1_9' title="bbox 817 882 2382 958">
     <span class='ocr_line' id='line_1_9' title="bbox 817 882 2382 958; baseline -0.004 -16"><span class='ocrx_word' id='word_1_45' title='bbox 817 891 1001 942; x_wconf 91' lang='lat' dir='ltr'><strong>ultima</strong></span> <span class='ocrx_word' id='word_1_46' title='bbox 1056 887 1349 958; x_wconf 83' lang='lat' dir='ltr'><strong>Babylonis</strong></span> <span class='ocrx_word' id='word_1_47' title='bbox 1415 888 1570 940; x_wconf 87' lang='lat' dir='ltr'><strong>ruina</strong></span> <span class='ocrx_word' id='word_1_48' title='bbox 1627 898 1680 939; x_wconf 89' lang='lat' dir='ltr'><strong>et</strong></span> <span class='ocrx_word' id='word_1_49' title='bbox 1741 883 2135 947; x_wconf 88' lang='lat' dir='ltr'><strong>internecio:.e,</strong></span> <span class='ocrx_word' id='word_1_50' title='bbox 2204 882 2382 949; x_wconf 89' lang='lat' dir='ltr'><strong>deque</strong></span> 
     </span>
    </p>
   </div>
   <div class='ocr_carea' id='block_1_10' title="bbox 810 973 2382 1046">
    <p class='ocr_par' dir='ltr' id='par_1_10' title="bbox 810 973 2382 1046">
     <span class='ocr_line' id='line_1_10' title="bbox 810 973 2382 1046; baseline -0.006 -12"><span class='ocrx_word' id='word_1_51' title='bbox 810 981 1091 1034; x_wconf 73' lang='lat' dir='ltr'><strong>civitatum</strong></span> <span class='ocrx_word' id='word_1_52' title='bbox 1147 979 1389 1046; x_wconf 77' lang='lat' dir='ltr'><strong>gentium</strong></span> <span class='ocrx_word' id='word_1_53' title='bbox 1441 978 1750 1043; x_wconf 86' lang='lat' dir='ltr'><strong>eversione;</strong></span> <span class='ocrx_word' id='word_1_54' title='bbox 1804 987 1916 1028; x_wconf 93' lang='lat' dir='ltr'><strong>tum</strong></span> <span class='ocrx_word' id='word_1_55' title='bbox 1969 976 2036 1027; x_wconf 89' lang='lat' dir='ltr'><strong>de</strong></span> <span class='ocrx_word' id='word_1_56' title='bbox 2099 973 2281 1026; x_wconf 69' lang='lat' dir='ltr'><strong>lmtitia</strong></span> <span class='ocrx_word' id='word_1_57' title='bbox 2329 983 2382 1026; x_wconf 89' lang='lat' dir='ltr'><strong>et</strong></span> 
     </span>
    </p>
   </div>
   <div class='ocr_carea' id='block_1_11' title="bbox 808 1067 2379 1138">
    <p class='ocr_par' dir='ltr' id='par_1_11' title="bbox 808 1067 2379 1138">
     <span class='ocr_line' id='line_1_11' title="bbox 808 1067 2379 1138; baseline -0.006 -12"><span class='ocrx_word' id='word_1_58' title='bbox 808 1073 978 1128; x_wconf 87' lang='lat' dir='ltr'><strong>animi</strong></span> <span class='ocrx_word' id='word_1_59' title='bbox 1031 1071 1425 1131; x_wconf 74' lang='lat' dir='ltr'><strong>exsultatione,</strong></span> <span class='ocrx_word' id='word_1_60' title='bbox 1478 1085 1640 1138; x_wconf 89' lang='lat' dir='ltr'><strong>quam</strong></span> <span class='ocrx_word' id='word_1_61' title='bbox 1695 1083 1944 1136; x_wconf 80' lang='lat' dir='ltr'><strong>superna:</strong></span> <span class='ocrx_word' id='word_1_62' title='bbox 1985 1067 2212 1119; x_wconf 90' lang='lat' dir='ltr'><strong>virtutes</strong></span> <span class='ocrx_word' id='word_1_63' title='bbox 2261 1078 2379 1117; x_wconf 90' lang='lat' dir='ltr'><strong>eam</strong></span> 
     </span>
    </p>
   </div>
   <div class='ocr_carea' id='block_1_12' title="bbox 811 1155 2381 1230">
    <p class='ocr_par' dir='ltr' id='par_1_12' title="bbox 811 1155 2381 1230">
     <span class='ocr_line' id='line_1_12' title="bbox 811 1155 2381 1230; baseline -0.004 -16"><span class='ocrx_word' id='word_1_64' title='bbox 811 1165 881 1216; x_wconf 93' lang='lat' dir='ltr'><strong>ob</strong></span> <span class='ocrx_word' id='word_1_65' title='bbox 910 1179 1019 1214; x_wconf 88' lang='lat' dir='ltr'><strong>rem</strong></span> <span class='ocrx_word' id='word_1_66' title='bbox 1051 1162 1410 1230; x_wconf 87' lang='lat' dir='ltr'><strong>concipiunt;</strong></span> <span class='ocrx_word' id='word_1_67' title='bbox 1441 1161 1507 1212; x_wconf 85' lang='lat' dir='ltr'><strong>de</strong></span> <span class='ocrx_word' id='word_1_68' title='bbox 1537 1160 1738 1212; x_wconf 88' lang='lat' dir='ltr'><strong>diaboli</strong></span> <span class='ocrx_word' id='word_1_69' title='bbox 1773 1175 1927 1222; x_wconf 88' lang='lat' dir='ltr'><strong>casn,</strong></span> <span class='ocrx_word' id='word_1_70' title='bbox 1958 1159 2024 1212; x_wconf 91' lang='lat' dir='ltr'><strong>de</strong></span> <span class='ocrx_word' id='word_1_71' title='bbox 2058 1172 2198 1211; x_wconf 73' lang='lat' dir='ltr'><strong>smva</strong></span> <span class='ocrx_word' id='word_1_72' title='bbox 2225 1155 2381 1208; x_wconf 77' lang='lat' dir='ltr'><strong>Anti-</strong></span> 
     </span>
    </p>
   </div>
   <div class='ocr_carea' id='block_1_13' title="bbox 809 1244 2381 1315">
    <p class='ocr_par' dir='ltr' id='par_1_13' title="bbox 809 1244 2381 1315">
     <span class='ocr_line' id='line_1_13' title="bbox 809 1244 2381 1315; baseline -0.005 -11"><span class='ocrx_word' id='word_1_73' title='bbox 809 1251 1003 1304; x_wconf 88' lang='lat' dir='ltr'><strong>christi</strong></span> <span class='ocrx_word' id='word_1_74' title='bbox 1057 1249 1196 1304; x_wconf 83' lang='lat' dir='ltr'><strong>furia</strong></span> <span class='ocrx_word' id='word_1_75' title='bbox 1247 1261 1299 1302; x_wconf 78' lang='lat' dir='ltr'><strong>et</strong></span> <span class='ocrx_word' id='word_1_76' title='bbox 1352 1248 1696 1312; x_wconf 69' lang='lat' dir='ltr'><strong>crudelitate,</strong></span> <span class='ocrx_word' id='word_1_77' title='bbox 1754 1248 1821 1301; x_wconf 88' lang='lat' dir='ltr'><strong>de</strong></span> <span class='ocrx_word' id='word_1_78' title='bbox 1893 1244 2381 1315; x_wconf 68' lang='lat' dir='ltr'><strong>pseudoprophetaa</strong></span> 
     </span>
    </p>
   </div>
   <div class='ocr_carea' id='block_1_14' title="bbox 813 1337 2381 1409">
    <p class='ocr_par' dir='ltr' id='par_1_14' title="bbox 813 1337 2381 1409">
     <span class='ocr_line' id='line_1_14' title="bbox 813 1337 2381 1409; baseline -0.004 -15"><span class='ocrx_word' id='word_1_79' title='bbox 813 1342 1003 1395; x_wconf 79' lang='lat' dir='ltr'><strong>fraude</strong></span> <span class='ocrx_word' id='word_1_80' title='bbox 1056 1351 1108 1393; x_wconf 90' lang='lat' dir='ltr'><strong>et</strong></span> <span class='ocrx_word' id='word_1_81' title='bbox 1160 1342 1482 1408; x_wconf 87' lang='lat' dir='ltr'><strong>impostura,</strong></span> <span class='ocrx_word' id='word_1_82' title='bbox 1517 1340 1583 1394; x_wconf 87' lang='lat' dir='ltr'><strong>de</strong></span> <span class='ocrx_word' id='word_1_83' title='bbox 1614 1339 1937 1409; x_wconf 87' lang='lat' dir='ltr'><strong>gravissima</strong></span> <span class='ocrx_word' id='word_1_84' title='bbox 1973 1337 2234 1391; x_wconf 72' lang='lat' dir='ltr'><strong>Ecclesiae</strong></span> <span class='ocrx_word' id='word_1_85' title='bbox 2257 1351 2381 1404; x_wconf 86' lang='lat' dir='ltr'><strong>per-</strong></span> 
     </span>
    </p>
   </div>
   <div class='ocr_carea' id='block_1_15' title="bbox 810 1429 2381 1497">
    <p class='ocr_par' dir='ltr' id='par_1_15' title="bbox 810 1429 2381 1497">
     <span class='ocr_line' id='line_1_15' title="bbox 810 1429 2381 1497; baseline -0.003 -9"><span class='ocrx_word' id='word_1_86' title='bbox 810 1433 1116 1496; x_wconf 79' lang='lat' dir='ltr'><strong>secutione,</strong></span> <span class='ocrx_word' id='word_1_87' title='bbox 1149 1433 1216 1484; x_wconf 89' lang='lat' dir='ltr'><strong>de</strong></span> <span class='ocrx_word' id='word_1_88' title='bbox 1256 1433 1542 1485; x_wconf 89' lang='lat' dir='ltr'><strong>innumera</strong></span> <span class='ocrx_word' id='word_1_89' title='bbox 1581 1432 1963 1484; x_wconf 87' lang='lat' dir='ltr'><strong>salvandorum</strong></span> <span class='ocrx_word' id='word_1_90' title='bbox 2016 1429 2381 1497; x_wconf 87' lang='lat' dir='ltr'><strong>multitudine,</strong></span> 
     </span>
    </p>
   </div>
   <div class='ocr_carea' id='block_1_16' title="bbox 810 1520 2380 1585">
    <p class='ocr_par' dir='ltr' id='par_1_16' title="bbox 810 1520 2380 1585">
     <span class='ocr_line' id='line_1_16' title="bbox 810 1520 2380 1585; baseline -0.001 -10"><span class='ocrx_word' id='word_1_91' title='bbox 810 1523 874 1575; x_wconf 89' lang='lat' dir='ltr'><strong>de</strong></span> <span class='ocrx_word' id='word_1_92' title='bbox 925 1522 1074 1573; x_wconf 86' lang='lat' dir='ltr'><strong>orbis</strong></span> <span class='ocrx_word' id='word_1_93' title='bbox 1129 1522 1368 1575; x_wconf 89' lang='lat' dir='ltr'><strong>universi</strong></span> <span class='ocrx_word' id='word_1_94' title='bbox 1403 1537 1526 1574; x_wconf 89' lang='lat' dir='ltr'><strong>area</strong></span> <span class='ocrx_word' id='word_1_95' title='bbox 1584 1531 1637 1574; x_wconf 90' lang='lat' dir='ltr'><strong>et</strong></span> <span class='ocrx_word' id='word_1_96' title='bbox 1691 1536 1889 1585; x_wconf 83' lang='lat' dir='ltr'><strong>messe,</strong></span> <span class='ocrx_word' id='word_1_97' title='bbox 1950 1520 2017 1574; x_wconf 89' lang='lat' dir='ltr'><strong>de</strong></span> <span class='ocrx_word' id='word_1_98' title='bbox 2059 1522 2380 1575; x_wconf 83' lang='lat' dir='ltr'><strong>acerbarum</strong></span> 
     </span>
    </p>
   </div>
   <div class='ocr_carea' id='block_1_17' title="bbox 809 1611 2384 1681">
    <p class='ocr_par' dir='ltr' id='par_1_17' title="bbox 809 1611 2384 1681">
     <span class='ocr_line' id='line_1_17' title="bbox 809 1611 2384 1681; baseline -0.001 -15"><span class='ocrx_word' id='word_1_99' title='bbox 809 1629 1038 1666; x_wconf 87' lang='lat' dir='ltr'><strong>uvarum</strong></span> <span class='ocrx_word' id='word_1_100' title='bbox 1073 1613 1370 1674; x_wconf 82' lang='lat' dir='ltr'><strong>vindemia,</strong></span> <span class='ocrx_word' id='word_1_101' title='bbox 1408 1614 1474 1665; x_wconf 92' lang='lat' dir='ltr'><strong>de</strong></span> <span class='ocrx_word' id='word_1_102' title='bbox 1508 1612 1802 1681; x_wconf 88' lang='lat' dir='ltr'><strong>purissima</strong></span> <span class='ocrx_word' id='word_1_103' title='bbox 1850 1622 2170 1665; x_wconf 88' lang='lat' dir='ltr'><strong>sanctorum</strong></span> <span class='ocrx_word' id='word_1_104' title='bbox 2202 1611 2384 1681; x_wconf 89' lang='lat' dir='ltr'><strong>quiete</strong></span> 
     </span>
    </p>
   </div>
   <div class='ocr_carea' id='block_1_18' title="bbox 806 1703 2385 1773">
    <p class='ocr_par' dir='ltr' id='par_1_18' title="bbox 806 1703 2385 1773">
     <span class='ocr_line' id='line_1_18' title="bbox 806 1703 2385 1773; baseline 0.003 -20"><span class='ocrx_word' id='word_1_105' title='bbox 806 1706 983 1757; x_wconf 85' lang='lat' dir='ltr'><strong>vitreo</strong></span> <span class='ocrx_word' id='word_1_106' title='bbox 1008 1706 1141 1756; x_wconf 90' lang='lat' dir='ltr'><strong>mari</strong></span> <span class='ocrx_word' id='word_1_107' title='bbox 1177 1704 1501 1768; x_wconf 90' lang='lat' dir='ltr'><strong>assimilata,</strong></span> <span class='ocrx_word' id='word_1_108' title='bbox 1555 1704 1622 1757; x_wconf 92' lang='lat' dir='ltr'><strong>de</strong></span> <span class='ocrx_word' id='word_1_109' title='bbox 1671 1713 1878 1773; x_wconf 84' lang='lat' dir='ltr'><strong>septem</strong></span> <span class='ocrx_word' id='word_1_110' title='bbox 1932 1704 2132 1772; x_wconf 90' lang='lat' dir='ltr'><strong>phialis</strong></span> <span class='ocrx_word' id='word_1_111' title='bbox 2185 1703 2385 1757; x_wconf 66' lang='lat' dir='ltr'><strong>divina:</strong></span> 
     </span>
    </p>
   </div>
   <div class='ocr_carea' id='block_1_19' title="bbox 809 1795 2379 1864">
    <p class='ocr_par' dir='ltr' id='par_1_19' title="bbox 809 1795 2379 1864">
     <span class='ocr_line' id='line_1_19' title="bbox 809 1795 2379 1864; baseline 0 -16"><span class='ocrx_word' id='word_1_112' title='bbox 809 1796 926 1858; x_wconf 72' lang='lat' dir='ltr'><strong>ine,</strong></span> <span class='ocrx_word' id='word_1_113' title='bbox 963 1799 1013 1848; x_wconf 91' lang='lat' dir='ltr'><strong>in</strong></span> <span class='ocrx_word' id='word_1_114' title='bbox 1041 1812 1136 1850; x_wconf 88' lang='lat' dir='ltr'><strong>eos</strong></span> <span class='ocrx_word' id='word_1_115' title='bbox 1166 1795 1353 1849; x_wconf 75' lang='lat' dir='ltr'><strong>ellusis</strong></span> <span class='ocrx_word' id='word_1_116' title='bbox 1381 1797 1474 1864; x_wconf 93' lang='lat' dir='ltr'><strong>qui</strong></span> <span class='ocrx_word' id='word_1_117' title='bbox 1521 1805 1721 1850; x_wconf 91' lang='lat' dir='ltr'><strong>terram</strong></span> <span class='ocrx_word' id='word_1_118' title='bbox 1777 1807 1829 1850; x_wconf 91' lang='lat' dir='ltr'><strong>et</strong></span> <span class='ocrx_word' id='word_1_119' title='bbox 1863 1811 2012 1850; x_wconf 88' lang='lat' dir='ltr'><strong>mare</strong></span> <span class='ocrx_word' id='word_1_120' title='bbox 2050 1804 2103 1849; x_wconf 91' lang='lat' dir='ltr'><strong>et</strong></span> <span class='ocrx_word' id='word_1_121' title='bbox 2155 1795 2379 1849; x_wconf 82' lang='lat' dir='ltr'><strong>ﬂumina</strong></span> 
     </span>
    </p>
   </div>
   <div class='ocr_carea' id='block_1_20' title="bbox 2493 606 4072 678">
    <p class='ocr_par' dir='ltr' id='par_1_20' title="bbox 2493 606 4072 678">
     <span class='ocr_line' id='line_1_20' title="bbox 2493 606 4072 678; baseline 0.001 -21"><span class='ocrx_word' id='word_1_122' title='bbox 2493 607 2583 657; x_wconf 90' lang='grc' dir='ltr'><strong>λου</strong></span> <span class='ocrx_word' id='word_1_123' title='bbox 2612 608 2983 669; x_wconf 78' lang='grc' dir='ltr'><strong>ὑπασπισταῖς</strong></span> <span class='ocrx_word' id='word_1_124' title='bbox 3007 606 3107 676; x_wconf 82' lang='grc' dir='ltr'>τὴν</span> <span class='ocrx_word' id='word_1_125' title='bbox 3132 606 3220 659; x_wconf 81' lang='grc' dir='ltr'><strong>διά</strong></span> <span class='ocrx_word' id='word_1_126' title='bbox 3249 607 3344 659; x_wconf 88' lang='grc' dir='ltr'><strong>τοῦ</strong></span> <span class='ocrx_word' id='word_1_127' title='bbox 3376 607 3666 676; x_wconf 85' lang='grc' dir='ltr'><strong>Εὐφράτου</strong></span> <span class='ocrx_word' id='word_1_128' title='bbox 3698 609 3926 678; x_wconf 79' lang='grc' dir='ltr'><strong>πορείαν</strong></span> <span class='ocrx_word' id='word_1_129' title='bbox 3975 609 4072 662; x_wconf 76' lang='grc' dir='ltr'><strong>καὶ</strong></span> 
     </span>
    </p>
   </div>
   <div class='ocr_carea' id='block_1_21' title="bbox 2491 697 4069 770">
    <p class='ocr_par' dir='ltr' id='par_1_21' title="bbox 2491 697 4069 770">
     <span class='ocr_line' id='line_1_21' title="bbox 2491 697 4069 770; baseline 0.002 -23"><span class='ocrx_word' id='word_1_130' title='bbox 2491 697 2591 768; x_wconf 75' lang='grc' dir='ltr'>τὴν</span> <span class='ocrx_word' id='word_1_131' title='bbox 2619 698 2800 751; x_wconf 86' lang='grc' dir='ltr'>αὑτῶν</span> <span class='ocrx_word' id='word_1_132' title='bbox 2830 698 3118 751; x_wconf 84' lang='grc' dir='ltr'>ἀσθένειαν</span> <span class='ocrx_word' id='word_1_133' title='bbox 3150 699 3548 768; x_wconf 78' lang='grc' dir='ltr'><strong>ἀπελέγχουσα,</strong></span> <span class='ocrx_word' id='word_1_134' title='bbox 3578 699 3674 752; x_wconf 69' lang='grc' dir='ltr'><strong>καλ⁵</strong></span> <span class='ocrx_word' id='word_1_135' title='bbox 3707 700 3800 751; x_wconf 80' lang='grc' dir='ltr'>τὸν</span> <span class='ocrx_word' id='word_1_136' title='bbox 3831 701 4069 770; x_wconf 82' lang='grc' dir='ltr'>παντελῆ</span> 
     </span>
    </p>
   </div>
   <div class='ocr_carea' id='block_1_22' title="bbox 2493 789 4072 862">
    <p class='ocr_par' dir='ltr' id='par_1_22' title="bbox 2493 789 4072 862">
     <span class='ocr_line' id='line_1_22' title="bbox 2493 789 4072 862; baseline 0.001 -21"><span class='ocrx_word' id='word_1_137' title='bbox 2493 789 2716 859; x_wconf 70' lang='grc' dir='ltr'>σεισμὸν</span> <span class='ocrx_word' id='word_1_138' title='bbox 2745 791 2844 860; x_wconf 73' lang='grc' dir='ltr'><strong>τῆς</strong></span> <span class='ocrx_word' id='word_1_139' title='bbox 2895 791 3002 843; x_wconf 87' lang='grc' dir='ltr'><strong>τῶν</strong></span> <span class='ocrx_word' id='word_1_140' title='bbox 3036 792 3325 860; x_wconf 77' lang='grc' dir='ltr'><strong>παρόντων</strong></span> <span class='ocrx_word' id='word_1_141' title='bbox 3379 791 3724 862; x_wconf 81' lang='grc' dir='ltr'><strong>μεταθέσεως</strong></span> <span class='ocrx_word' id='word_1_142' title='bbox 3769 792 3845 861; x_wconf 82' lang='grc' dir='ltr'>τῷ</span> <span class='ocrx_word' id='word_1_143' title='bbox 3879 792 4072 861; x_wconf 81' lang='grc' dir='ltr'>κόσμῳ</span> 
     </span>
    </p>
   </div>
   <div class='ocr_carea' id='block_1_23' title="bbox 2491 883 4070 954">
    <p class='ocr_par' dir='ltr' id='par_1_23' title="bbox 2491 883 4070 954">
     <span class='ocr_line' id='line_1_23' title="bbox 2491 883 4070 954; baseline 0.001 -21"><span class='ocrx_word' id='word_1_144' title='bbox 2491 883 2774 948; x_wconf 76' lang='grc' dir='ltr'>ἐπάγουσα</span> <span class='ocrx_word' id='word_1_145' title='bbox 2797 901 2810 914; x_wconf 88' lang='grc'><strong>·</strong></span> <span class='ocrx_word' id='word_1_146' title='bbox 2841 885 2929 936; x_wconf 82' lang='grc' dir='ltr'>ὅτε</span> <span class='ocrx_word' id='word_1_147' title='bbox 2963 885 2995 952; x_wconf 75' lang='grc' dir='ltr'><strong>ἡ</strong></span> <span class='ocrx_word' id='word_1_148' title='bbox 3027 885 3201 954; x_wconf 77' lang='grc' dir='ltr'>πόρνη</span> <span class='ocrx_word' id='word_1_149' title='bbox 3239 885 3391 947; x_wconf 85' lang='grc' dir='ltr'>πόλις</span> <span class='ocrx_word' id='word_1_150' title='bbox 3417 885 3512 936; x_wconf 74' lang='grc' dir='ltr'><strong>καὶ</strong></span> <span class='ocrx_word' id='word_1_151' title='bbox 3543 884 3813 954; x_wconf 80' lang='grc' dir='ltr'>θηριώδης</span> <span class='ocrx_word' id='word_1_152' title='bbox 3848 886 3940 937; x_wconf 75' lang='grc' dir='ltr'><strong>καὶ</strong></span> <span class='ocrx_word' id='word_1_153' title='bbox 3992 886 4070 953; x_wconf 80' lang='grc' dir='ltr'><strong>τῷ</strong></span> 
     </span>
    </p>
   </div>
   <div class='ocr_carea' id='block_1_24' title="bbox 2490 971 4071 1043">
    <p class='ocr_par' dir='ltr' id='par_1_24' title="bbox 2490 971 4071 1043">
     <span class='ocr_line' id='line_1_24' title="bbox 2490 971 4071 1043; baseline -0.001 -17"><span class='ocrx_word' id='word_1_154' title='bbox 2490 971 2721 1041; x_wconf 80' lang='grc' dir='ltr'>διαὸόλῳ</span> <span class='ocrx_word' id='word_1_155' title='bbox 2752 973 3239 1042; x_wconf 65' lang='grc' dir='ltr'>ἐπαναπαυομέιη,</span> <span class='ocrx_word' id='word_1_156' title='bbox 3267 972 3365 1042; x_wconf 82' lang='grc' dir='ltr'><strong>τὴν</strong></span> <span class='ocrx_word' id='word_1_157' title='bbox 3395 974 3711 1041; x_wconf 86' lang='grc' dir='ltr'>πρέπουσαν</span> <span class='ocrx_word' id='word_1_158' title='bbox 3735 975 3876 1043; x_wconf 82' lang='grc' dir='ltr'>αύτῇ</span> <span class='ocrx_word' id='word_1_159' title='bbox 3908 991 4071 1026; x_wconf 88' lang='grc' dir='ltr'>κατα-</span> 
     </span>
    </p>
   </div>
   <div class='ocr_carea' id='block_1_25' title="bbox 2495 1063 4069 1135">
    <p class='ocr_par' dir='ltr' id='par_1_25' title="bbox 2495 1063 4069 1135">
     <span class='ocr_line' id='line_1_25' title="bbox 2495 1063 4069 1135; baseline 0.003 -21"><span class='ocrx_word' id='word_1_160' title='bbox 2495 1065 2734 1132; x_wconf 67' lang='grc' dir='ltr'>στροφὴν</span> <span class='ocrx_word' id='word_1_161' title='bbox 2764 1063 2996 1129; x_wconf 79' lang='grc' dir='ltr'>δέξεται.</span> <span class='ocrx_word' id='word_1_162' title='bbox 3031 1065 3166 1116; x_wconf 81' lang='grc' dir='ltr'>Μεθ’</span> <span class='ocrx_word' id='word_1_163' title='bbox 3213 1066 3280 1135; x_wconf 77' lang='grc' dir='ltr'>ἢν</span> <span class='ocrx_word' id='word_1_164' title='bbox 3308 1067 3372 1118; x_wconf 89' lang='grc' dir='ltr'><strong>ἐκ</strong></span> <span class='ocrx_word' id='word_1_165' title='bbox 3403 1065 3502 1135; x_wconf 87' lang='grc' dir='ltr'>μὲν</span> <span class='ocrx_word' id='word_1_166' title='bbox 3532 1065 3641 1116; x_wconf 87' lang='grc' dir='ltr'><strong>τῶν</strong></span> <span class='ocrx_word' id='word_1_167' title='bbox 3669 1066 4069 1135; x_wconf 83' lang='grc' dir='ltr'>ὑπερκοσμίων</span> 
     </span>
    </p>
   </div>
   <div class='ocr_carea' id='block_1_26' title="bbox 2491 1154 4069 1226">
    <p class='ocr_par' dir='ltr' id='par_1_26' title="bbox 2491 1154 4069 1226">
     <span class='ocr_line' id='line_1_26' title="bbox 2491 1154 4069 1226; baseline 0.001 -20"><span class='ocrx_word' id='word_1_168' title='bbox 2491 1154 2780 1222; x_wconf 84' lang='grc' dir='ltr'><strong>δυνάμεων</strong></span> <span class='ocrx_word' id='word_1_169' title='bbox 2810 1156 3059 1223; x_wconf 80' lang='grc' dir='ltr'>ὑμνεῖται</span> <span class='ocrx_word' id='word_1_170' title='bbox 3090 1155 3244 1220; x_wconf 80' lang='grc' dir='ltr'>Θεὸς,</span> <span class='ocrx_word' id='word_1_171' title='bbox 3275 1158 3308 1226; x_wconf 81' lang='grc' dir='ltr'>ἡ</span> <span class='ocrx_word' id='word_1_172' title='bbox 3338 1155 3395 1207; x_wconf 88' lang='grc' dir='ltr'><strong>δέ</strong></span> <span class='ocrx_word' id='word_1_173' title='bbox 3438 1155 3734 1224; x_wconf 78' lang='grc' dir='ltr'>Ἐκκλησία</span> <span class='ocrx_word' id='word_1_174' title='bbox 3757 1159 3790 1224; x_wconf 84' lang='grc' dir='ltr'>ἠ</span> <span class='ocrx_word' id='word_1_175' title='bbox 3821 1156 3934 1208; x_wconf 82' lang='grc' dir='ltr'><strong>ἀνω</strong></span> <span class='ocrx_word' id='word_1_176' title='bbox 3979 1157 4069 1207; x_wconf 83' lang='grc' dir='ltr'><strong>Ἰε-</strong></span> 
     </span>
    </p>
   </div>
   <div class='ocr_carea' id='block_1_27' title="bbox 2495 1243 4066 1317">
    <p class='ocr_par' dir='ltr' id='par_1_27' title="bbox 2495 1243 4066 1317">
     <span class='ocr_line' id='line_1_27' title="bbox 2495 1243 4066 1317; baseline 0.003 -22"><span class='ocrx_word' id='word_1_177' title='bbox 2495 1243 2784 1313; x_wconf 76' lang='grc' dir='ltr'>ρουσαλὴμ</span> <span class='ocrx_word' id='word_1_178' title='bbox 2829 1245 2906 1314; x_wconf 80' lang='grc' dir='ltr'>τῷ</span> <span class='ocrx_word' id='word_1_179' title='bbox 2940 1245 3163 1316; x_wconf 80' lang='grc' dir='ltr'>Χριστῷ</span> <span class='ocrx_word' id='word_1_180' title='bbox 3200 1247 3535 1299; x_wconf 75' lang='grc' dir='ltr'>συνάπτεται</span> <span class='ocrx_word' id='word_1_181' title='bbox 3567 1247 3702 1317; x_wconf 87' lang='grc' dir='ltr'>πρὸς</span> <span class='ocrx_word' id='word_1_182' title='bbox 3733 1247 4066 1317; x_wconf 77' lang='grc' dir='ltr'>ἀκριϐεστά-</span> 
     </span>
    </p>
   </div>
   <div class='ocr_carea' id='block_1_28' title="bbox 2492 1338 4068 1408">
    <p class='ocr_par' dir='ltr' id='par_1_28' title="bbox 2492 1338 4068 1408">
     <span class='ocr_line' id='line_1_28' title="bbox 2492 1338 4068 1408; baseline 0.003 -20"><span class='ocrx_word' id='word_1_183' title='bbox 2492 1354 2592 1406; x_wconf 89' lang='grc' dir='ltr'><strong>την</strong></span> <span class='ocrx_word' id='word_1_184' title='bbox 2618 1338 2833 1401; x_wconf 72' lang='grc' dir='ltr'>ἕνωσιν,</span> <span class='ocrx_word' id='word_1_185' title='bbox 2866 1340 2898 1408; x_wconf 85' lang='grc' dir='ltr'><strong>ἡ</strong></span> <span class='ocrx_word' id='word_1_186' title='bbox 2930 1339 2985 1390; x_wconf 79' lang='grc' dir='ltr'>δὲ</span> <span class='ocrx_word' id='word_1_187' title='bbox 3011 1339 3112 1407; x_wconf 78' lang='grc' dir='ltr'><strong>τῆς</strong></span> <span class='ocrx_word' id='word_1_188' title='bbox 3166 1339 3334 1408; x_wconf 82' lang='grc' dir='ltr'>ὀργῆς</span> <span class='ocrx_word' id='word_1_189' title='bbox 3361 1342 3614 1392; x_wconf 84' lang='grc' dir='ltr'>πατεῖται</span> <span class='ocrx_word' id='word_1_190' title='bbox 3638 1340 3816 1407; x_wconf 84' lang='grc' dir='ltr'>ληνός.</span> <span class='ocrx_word' id='word_1_191' title='bbox 3855 1340 3964 1392; x_wconf 87' lang='grc' dir='ltr'><strong>Τοῦ</strong></span> <span class='ocrx_word' id='word_1_192' title='bbox 4009 1340 4068 1393; x_wconf 77' lang='grc' dir='ltr'><strong>δέ</strong></span> 
     </span>
    </p>
   </div>
   <div class='ocr_carea' id='block_1_29' title="bbox 2493 1427 4065 1501">
    <p class='ocr_par' dir='ltr' id='par_1_29' title="bbox 2493 1427 4065 1501">
     <span class='ocr_line' id='line_1_29' title="bbox 2493 1427 4065 1501; baseline 0.001 -20"><span class='ocrx_word' id='word_1_193' title='bbox 2493 1427 2685 1498; x_wconf 80' lang='grc' dir='ltr'>νοητοῦ</span> <span class='ocrx_word' id='word_1_194' title='bbox 2714 1429 2954 1494; x_wconf 80' lang='grc' dir='ltr'>δείπνου,</span> <span class='ocrx_word' id='word_1_195' title='bbox 2987 1429 3077 1482; x_wconf 86' lang='grc' dir='ltr'>διὰ</span> <span class='ocrx_word' id='word_1_196' title='bbox 3096 1432 3194 1498; x_wconf 77' lang='grc' dir='ltr'>τῆς</span> <span class='ocrx_word' id='word_1_197' title='bbox 3223 1429 3332 1482; x_wconf 86' lang='grc' dir='ltr'><strong>τῶν</strong></span> <span class='ocrx_word' id='word_1_198' title='bbox 3371 1432 3576 1499; x_wconf 80' lang='grc' dir='ltr'>γηΐνων</span> <span class='ocrx_word' id='word_1_199' title='bbox 3607 1432 3899 1501; x_wconf 71' lang='grc' dir='ltr'>ἐκλείψεως</span> <span class='ocrx_word' id='word_1_200' title='bbox 3933 1449 4065 1500; x_wconf 62' lang='grc' dir='ltr'>μετν</span> 
     </span>
    </p>
   </div>
   <div class='ocr_carea' id='block_1_30' title="bbox 2492 1518 4066 1590">
    <p class='ocr_par' dir='ltr' id='par_1_30' title="bbox 2492 1518 4066 1590">
     <span class='ocr_line' id='line_1_30' title="bbox 2492 1518 4066 1590; baseline 0.003 -20"><span class='ocrx_word' id='word_1_201' title='bbox 2492 1518 2708 1587; x_wconf 81' lang='grc' dir='ltr'>έχουσιν</span> <span class='ocrx_word' id='word_1_202' title='bbox 2772 1521 2820 1571; x_wconf 85' lang='grc' dir='ltr'><strong>οί</strong></span> <span class='ocrx_word' id='word_1_203' title='bbox 2877 1520 3098 1587; x_wconf 74' lang='grc' dir='ltr'>ἄγγελοι</span> <span class='ocrx_word' id='word_1_204' title='bbox 3149 1521 3246 1573; x_wconf 73' lang='grc' dir='ltr'>καὶ</span> <span class='ocrx_word' id='word_1_205' title='bbox 3318 1521 3365 1573; x_wconf 84' lang='lat' dir='ltr'><strong>ol</strong></span> <span class='ocrx_word' id='word_1_206' title='bbox 3424 1521 3702 1588; x_wconf 77' lang='grc' dir='ltr'>ἰσάγγελοι</span> <span class='ocrx_word' id='word_1_207' title='bbox 3766 1521 4066 1590; x_wconf 76' lang='grc' dir='ltr'>ἄνθρωποι,</span> 
     </span>
    </p>
   </div>
   <div class='ocr_carea' id='block_1_31' title="bbox 2491 1609 4069 1681">
    <p class='ocr_par' dir='ltr' id='par_1_31' title="bbox 2491 1609 4069 1681">
     <span class='ocr_line' id='line_1_31' title="bbox 2491 1609 4069 1681; baseline 0.002 -22"><span class='ocrx_word' id='word_1_208' title='bbox 2491 1609 2585 1663; x_wconf 84' lang='grc' dir='ltr'><strong>τοῦ</strong></span> <span class='ocrx_word' id='word_1_209' title='bbox 2637 1611 3012 1680; x_wconf 81' lang='grc' dir='ltr'>Ἀντιχρίστου</span> <span class='ocrx_word' id='word_1_210' title='bbox 3049 1610 3144 1664; x_wconf 74' lang='grc' dir='ltr'>καὶ</span> <span class='ocrx_word' id='word_1_211' title='bbox 3173 1609 3266 1663; x_wconf 89' lang='grc' dir='ltr'><strong>τοῦ</strong></span> <span class='ocrx_word' id='word_1_212' title='bbox 3293 1611 3602 1664; x_wconf 87' lang='grc' dir='ltr'>ὑπαπιστοῦ</span> <span class='ocrx_word' id='word_1_213' title='bbox 3625 1611 3790 1664; x_wconf 81' lang='grc' dir='ltr'>αὑτοῦ</span> <span class='ocrx_word' id='word_1_214' title='bbox 3823 1616 3889 1681; x_wconf 81' lang='grc' dir='ltr'>τῇ</span> <span class='ocrx_word' id='word_1_215' title='bbox 3915 1613 4069 1676; x_wconf 81' lang='grc' dir='ltr'>γεέν-</span> 
     </span>
    </p>
   </div>
   <div class='ocr_carea' id='block_1_32' title="bbox 2495 1701 4068 1772">
    <p class='ocr_par' dir='ltr' id='par_1_32' title="bbox 2495 1701 4068 1772">
     <span class='ocr_line' id='line_1_32' title="bbox 2495 1701 4068 1772; baseline 0.001 -20"><span class='ocrx_word' id='word_1_216' title='bbox 2495 1715 2562 1772; x_wconf 67' lang='lat' dir='ltr'><strong>vn</strong></span> <span class='ocrx_word' id='word_1_217' title='bbox 2593 1702 3061 1770; x_wconf 84' lang='grc' dir='ltr'>παραδιδομένων.</span> <span class='ocrx_word' id='word_1_218' title='bbox 3108 1701 3392 1755; x_wconf 80' lang='grc' dir='ltr'>Ἐντεῦθεν</span> <span class='ocrx_word' id='word_1_219' title='bbox 3433 1702 3549 1755; x_wconf 81' lang='grc' dir='ltr'>ἐστι</span> <span class='ocrx_word' id='word_1_220' title='bbox 3581 1703 3675 1754; x_wconf 70' lang='grc' dir='ltr'>καὶ</span> <span class='ocrx_word' id='word_1_221' title='bbox 3704 1702 3793 1753; x_wconf 77' lang='grc' dir='ltr'><strong>τὸν</strong></span> <span class='ocrx_word' id='word_1_222' title='bbox 3825 1702 3920 1755; x_wconf 86' lang='grc' dir='ltr'><strong>τοῦ</strong></span> <span class='ocrx_word' id='word_1_223' title='bbox 3951 1703 4068 1755; x_wconf 85' lang='grc' dir='ltr'>δια-</span> 
     </span>
    </p>
   </div>
   <div class='ocr_carea' id='block_1_33' title="bbox 2492 1793 4062 1864">
    <p class='ocr_par' dir='ltr' id='par_1_33' title="bbox 2492 1793 4062 1864">
     <span class='ocr_line' id='line_1_33' title="bbox 2492 1793 4062 1864; baseline 0.001 -20"><span class='ocrx_word' id='word_1_224' title='bbox 2492 1793 2647 1845; x_wconf 79' lang='grc' dir='ltr'>ϐόλου</span> <span class='ocrx_word' id='word_1_225' title='bbox 2675 1793 2891 1861; x_wconf 81' lang='grc' dir='ltr'>δεσμὸν,</span> <span class='ocrx_word' id='word_1_226' title='bbox 2929 1793 3023 1844; x_wconf 69' lang='grc' dir='ltr'><strong>καὶ</strong></span> <span class='ocrx_word' id='word_1_227' title='bbox 3050 1794 3149 1864; x_wconf 84' lang='grc' dir='ltr'><strong>τὴν</strong></span> <span class='ocrx_word' id='word_1_228' title='bbox 3183 1794 3523 1863; x_wconf 79' lang='grc' dir='ltr'>πρόσκαιρον</span> <span class='ocrx_word' id='word_1_229' title='bbox 3573 1793 3739 1846; x_wconf 80' lang='grc' dir='ltr'>αὑτοῦ</span> <span class='ocrx_word' id='word_1_230' title='bbox 3770 1793 3926 1846; x_wconf 85' lang='grc' dir='ltr'>λύσιν</span> <span class='ocrx_word' id='word_1_231' title='bbox 3958 1812 4062 1862; x_wconf 79' lang='grc' dir='ltr'>μαο</span> 
     </span>
    </p>
   </div>
   <div class='ocr_carea' id='block_1_34' title="bbox 807 1883 2498 1956">
    <p class='ocr_par' dir='ltr' id='par_1_34' title="bbox 807 1884 2498 1956">
     <span class='ocr_line' id='line_1_34' title="bbox 807 1884 2498 1956; baseline 0.006 -20"><span class='ocrx_word' id='word_1_232' title='bbox 807 1896 860 1937; x_wconf 83' lang='lat' dir='ltr'><strong>et</strong></span> <span class='ocrx_word' id='word_1_233' title='bbox 891 1887 1096 1953; x_wconf 83' lang='lat' dir='ltr'><strong>teliqua</strong></span> <span class='ocrx_word' id='word_1_234' title='bbox 1153 1886 1426 1939; x_wconf 86' lang='lat' dir='ltr'><strong>elementa</strong></span> <span class='ocrx_word' id='word_1_235' title='bbox 1490 1885 1818 1950; x_wconf 83' lang='lat' dir='ltr'><strong>inhabitant,</strong></span> <span class='ocrx_word' id='word_1_236' title='bbox 1854 1886 2031 1956; x_wconf 85' lang='lat' dir='ltr'><strong>deque</strong></span> <span class='ocrx_word' id='word_1_237' title='bbox 2071 1887 2276 1941; x_wconf 90' lang='lat' dir='ltr'><strong>crudeli</strong></span> <span class='ocrx_word' id='word_1_238' title='bbox 2302 1886 2381 1940; x_wconf 78' lang='lat' dir='ltr'><strong>af-</strong></span> <span class='ocrx_word' id='word_1_239' title='bbox 2419 1891 2459 1946; x_wconf 88' lang='grc' dir='ltr'><strong>Β</strong></span> <span class='ocrx_word' id='word_1_240' title='bbox 2490 1884 2498 1932; x_wconf 83' lang='grc'>¹</span> 
     </span>
    </p>
   </div>
   <div class='ocr_carea' id='block_1_35' title="bbox 2378 1883 4069 1956">
    <p class='ocr_par' dir='ltr' id='par_1_35' title="bbox 2378 1883 4069 1955">
     <span class='ocr_line' id='line_1_35' title="bbox 2378 1883 4069 1955; baseline 0.001 -20"><span class='ocrx_word' id='word_1_241' title='bbox 2378 1915 2381 1923; x_wconf 73' lang='grc' dir='ltr'><strong>ι</strong></span> <span class='ocrx_word' id='word_1_242' title='bbox 2419 1891 2459 1946; x_wconf 83' lang='grc' dir='ltr'><strong>Β</strong></span> <span class='ocrx_word' id='word_1_243' title='bbox 2490 1883 2621 1946; x_wconf 90' lang='grc' dir='ltr'>θεῖν,</span> <span class='ocrx_word' id='word_1_244' title='bbox 2650 1885 2744 1934; x_wconf 76' lang='grc' dir='ltr'>καὶ</span> <span class='ocrx_word' id='word_1_245' title='bbox 2774 1883 2870 1953; x_wconf 76' lang='grc' dir='ltr'>τὴν</span> <span class='ocrx_word' id='word_1_246' title='bbox 2903 1884 3194 1954; x_wconf 78' lang='grc' dir='ltr'>ὲκπομπὴν</span> <span class='ocrx_word' id='word_1_247' title='bbox 3222 1884 3319 1955; x_wconf 81' lang='grc' dir='ltr'>τὴν</span> <span class='ocrx_word' id='word_1_248' title='bbox 3351 1885 3429 1947; x_wconf 86' lang='grc' dir='ltr'><strong>είς</strong></span> <span class='ocrx_word' id='word_1_249' title='bbox 3481 1885 3778 1950; x_wconf 85' lang='grc' dir='ltr'>ἀπώλειαν,</span> <span class='ocrx_word' id='word_1_250' title='bbox 3813 1886 3909 1938; x_wconf 80' lang='grc' dir='ltr'>καὶ</span> <span class='ocrx_word' id='word_1_251' title='bbox 3961 1886 4069 1937; x_wconf 89' lang='grc' dir='ltr'><strong>τῶν</strong></span> 
     </span>
    </p>
   </div>
   <div class='ocr_carea' id='block_1_36' title="bbox 806 1977 2384 2047">
    <p class='ocr_par' dir='ltr' id='par_1_36' title="bbox 806 1977 2384 2047">
     <span class='ocr_line' id='line_1_36' title="bbox 806 1977 2384 2047; baseline 0.003 -19"><span class='ocrx_word' id='word_1_252' title='bbox 806 1977 1045 2030; x_wconf 86' lang='lat' dir='ltr'><strong>llictione</strong></span> <span class='ocrx_word' id='word_1_253' title='bbox 1077 1987 1130 2030; x_wconf 90' lang='lat' dir='ltr'><strong>et</strong></span> <span class='ocrx_word' id='word_1_254' title='bbox 1156 1978 1489 2041; x_wconf 83' lang='lat' dir='ltr'><strong>calamitate,</strong></span> <span class='ocrx_word' id='word_1_255' title='bbox 1533 1993 1655 2046; x_wconf 69' lang='lat' dir='ltr'><strong>qua:</strong></span> <span class='ocrx_word' id='word_1_256' title='bbox 1686 1979 1812 2031; x_wconf 90' lang='lat' dir='ltr'><strong>hinc</strong></span> <span class='ocrx_word' id='word_1_257' title='bbox 1847 1993 2066 2047; x_wconf 86' lang='lat' dir='ltr'><strong>propter</strong></span> <span class='ocrx_word' id='word_1_258' title='bbox 2099 1980 2384 2034; x_wconf 89' lang='lat' dir='ltr'><strong>hominum</strong></span> 
     </span>
    </p>
   </div>
   <div class='ocr_carea' id='block_1_37' title="bbox 808 2068 2388 2138">
    <p class='ocr_par' dir='ltr' id='par_1_37' title="bbox 808 2068 2388 2138">
     <span class='ocr_line' id='line_1_37' title="bbox 808 2068 2388 2138; baseline 0.001 -15"><span class='ocrx_word' id='word_1_259' title='bbox 808 2070 1070 2123; x_wconf 76' lang='lat' dir='ltr'><strong>malitiam</strong></span> <span class='ocrx_word' id='word_1_260' title='bbox 1103 2079 1541 2137; x_wconf 82' lang='lat' dir='ltr'><strong>consequentur;</strong></span> <span class='ocrx_word' id='word_1_261' title='bbox 1597 2068 1663 2121; x_wconf 90' lang='lat' dir='ltr'><strong>de</strong></span> <span class='ocrx_word' id='word_1_262' title='bbox 1689 2069 1876 2121; x_wconf 71' lang='lat' dir='ltr'><strong>bestia:</strong></span> <span class='ocrx_word' id='word_1_263' title='bbox 1904 2069 2106 2121; x_wconf 89' lang='lat' dir='ltr'><strong>throno</strong></span> <span class='ocrx_word' id='word_1_264' title='bbox 2144 2084 2239 2138; x_wconf 81' lang='lat' dir='ltr'><strong>per</strong></span> <span class='ocrx_word' id='word_1_265' title='bbox 2274 2085 2388 2125; x_wconf 83' lang='lat' dir='ltr'><strong>eas-</strong></span> 
     </span>
    </p>
   </div>
   <div class='ocr_carea' id='block_1_38' title="bbox 817 2162 2385 2232">
    <p class='ocr_par' dir='ltr' id='par_1_38' title="bbox 817 2162 2385 2232">
     <span class='ocr_line' id='line_1_38' title="bbox 817 2162 2385 2232; baseline 0 -15"><span class='ocrx_word' id='word_1_266' title='bbox 817 2167 938 2217; x_wconf 81' lang='grc' dir='ltr'>ιιι-ιη</span> <span class='ocrx_word' id='word_1_267' title='bbox 974 2163 1183 2231; x_wconf 80' lang='lat' dir='ltr'><strong>phialas</strong></span> <span class='ocrx_word' id='word_1_268' title='bbox 1211 2163 1350 2216; x_wconf 70' lang='lat' dir='ltr'><strong>totde</strong></span> <span class='ocrx_word' id='word_1_269' title='bbox 1383 2162 1701 2227; x_wconf 84' lang='lat' dir='ltr'><strong>obscurato,</strong></span> <span class='ocrx_word' id='word_1_270' title='bbox 1727 2162 1793 2216; x_wconf 90' lang='lat' dir='ltr'><strong>de</strong></span> <span class='ocrx_word' id='word_1_271' title='bbox 1816 2163 1901 2216; x_wconf 89' lang='lat' dir='ltr'><strong>via</strong></span> <span class='ocrx_word' id='word_1_272' title='bbox 1936 2178 2031 2232; x_wconf 91' lang='lat' dir='ltr'><strong>per</strong></span> <span class='ocrx_word' id='word_1_273' title='bbox 2058 2163 2385 2232; x_wconf 86' lang='lat' dir='ltr'><strong>Euphratem</strong></span> 
     </span>
    </p>
   </div>
   <div class='ocr_carea' id='block_1_39' title="bbox 809 2252 2385 2324">
    <p class='ocr_par' dir='ltr' id='par_1_39' title="bbox 809 2252 2385 2324">
     <span class='ocr_line' id='line_1_39' title="bbox 809 2252 2385 2324; baseline 0.004 -20"><span class='ocrx_word' id='word_1_274' title='bbox 809 2253 1013 2306; x_wconf 89' lang='lat' dir='ltr'><strong>diaboli</strong></span> <span class='ocrx_word' id='word_1_275' title='bbox 1052 2253 1380 2306; x_wconf 83' lang='lat' dir='ltr'><strong>satellitibus</strong></span> <span class='ocrx_word' id='word_1_276' title='bbox 1431 2252 1728 2323; x_wconf 83' lang='lat' dir='ltr'><strong>patefacta,</strong></span> <span class='ocrx_word' id='word_1_277' title='bbox 1789 2254 2039 2324; x_wconf 87' lang='lat' dir='ltr'><strong>miraque</strong></span> <span class='ocrx_word' id='word_1_278' title='bbox 2068 2257 2385 2310; x_wconf 77' lang='lat' dir='ltr'><strong>earumdem</strong></span> 
     </span>
    </p>
   </div>
   <div class='ocr_carea' id='block_1_40' title="bbox 810 2343 2387 2406">
    <p class='ocr_par' dir='ltr' id='par_1_40' title="bbox 810 2343 2387 2406">
     <span class='ocr_line' id='line_1_40' title="bbox 810 2343 2387 2406; baseline 0.002 -10"><span class='ocrx_word' id='word_1_279' title='bbox 810 2345 1163 2406; x_wconf 78' lang='lat' dir='ltr'><strong>inﬁrmitate;</strong></span> <span class='ocrx_word' id='word_1_280' title='bbox 1200 2343 1267 2397; x_wconf 91' lang='lat' dir='ltr'><strong>de</strong></span> <span class='ocrx_word' id='word_1_281' title='bbox 1299 2344 1611 2397; x_wconf 86' lang='lat' dir='ltr'><strong>admirabili</strong></span> <span class='ocrx_word' id='word_1_282' title='bbox 1649 2360 1831 2398; x_wconf 90' lang='lat' dir='ltr'><strong>rerum</strong></span> <span class='ocrx_word' id='word_1_283' title='bbox 1887 2346 2134 2399; x_wconf 89' lang='lat' dir='ltr'><strong>onmium</strong></span> <span class='ocrx_word' id='word_1_284' title='bbox 2195 2346 2387 2400; x_wconf 80' lang='lat' dir='ltr'><strong>confu-</strong></span> 
     </span>
    </p>
   </div>
   <div class='ocr_carea' id='block_1_41' title="bbox 808 2437 2384 2508">
    <p class='ocr_par' dir='ltr' id='par_1_41' title="bbox 808 2437 2384 2508">
     <span class='ocr_line' id='line_1_41' title="bbox 808 2437 2384 2508; baseline 0.001 -17"><span class='ocrx_word' id='word_1_285' title='bbox 808 2438 960 2491; x_wconf 85' lang='lat' dir='ltr'><strong>sione</strong></span> <span class='ocrx_word' id='word_1_286' title='bbox 979 2447 1032 2490; x_wconf 90' lang='lat' dir='ltr'><strong>et</strong></span> <span class='ocrx_word' id='word_1_287' title='bbox 1057 2437 1545 2500; x_wconf 78' lang='lat' dir='ltr'><strong>transmutatione;</strong></span> <span class='ocrx_word' id='word_1_288' title='bbox 1565 2453 1686 2508; x_wconf 72' lang='lat' dir='ltr'><strong>qum</strong></span> <span class='ocrx_word' id='word_1_289' title='bbox 1708 2439 1797 2490; x_wconf 90' lang='lat' dir='ltr'><strong>ubi</strong></span> <span class='ocrx_word' id='word_1_290' title='bbox 1829 2439 2062 2508; x_wconf 90' lang='lat' dir='ltr'><strong>primum</strong></span> <span class='ocrx_word' id='word_1_291' title='bbox 2093 2439 2384 2494; x_wconf 83' lang='lat' dir='ltr'><strong>fornicaria</strong></span> 
     </span>
    </p>
   </div>
   <div class='ocr_carea' id='block_1_42' title="bbox 810 2529 2384 2599">
    <p class='ocr_par' dir='ltr' id='par_1_42' title="bbox 810 2529 2384 2599">
     <span class='ocr_line' id='line_1_42' title="bbox 810 2529 2384 2599; baseline -0.001 -14"><span class='ocrx_word' id='word_1_292' title='bbox 810 2533 898 2585; x_wconf 88' lang='lat' dir='ltr'><strong>illa</strong></span> <span class='ocrx_word' id='word_1_293' title='bbox 933 2539 986 2583; x_wconf 90' lang='lat' dir='ltr'><strong>et</strong></span> <span class='ocrx_word' id='word_1_294' title='bbox 1016 2529 1253 2583; x_wconf 87' lang='lat' dir='ltr'><strong>bclluina</strong></span> <span class='ocrx_word' id='word_1_295' title='bbox 1278 2529 1470 2583; x_wconf 88' lang='lat' dir='ltr'><strong>civitas</strong></span> <span class='ocrx_word' id='word_1_296' title='bbox 1489 2529 1803 2599; x_wconf 88' lang='lat' dir='ltr'><strong>diabolique</strong></span> <span class='ocrx_word' id='word_1_297' title='bbox 1833 2530 1991 2584; x_wconf 84' lang='lat' dir='ltr'><strong>sedes</strong></span> <span class='ocrx_word' id='word_1_298' title='bbox 2019 2532 2384 2598; x_wconf 89' lang='lat' dir='ltr'><strong>eversionem,</strong></span> 
     </span>
    </p>
   </div>
   <div class='ocr_carea' id='block_1_43' title="bbox 808 2617 2388 2691">
    <p class='ocr_par' dir='ltr' id='par_1_43' title="bbox 808 2617 2388 2691">
     <span class='ocr_line' id='line_1_43' title="bbox 808 2617 2388 2691; baseline 0.001 -18"><span class='ocrx_word' id='word_1_299' title='bbox 808 2637 973 2691; x_wconf 75' lang='lat' dir='ltr'><strong>quam</strong></span> <span class='ocrx_word' id='word_1_300' title='bbox 1009 2619 1306 2688; x_wconf 82' lang='lat' dir='ltr'><strong>promerita</strong></span> <span class='ocrx_word' id='word_1_301' title='bbox 1337 2630 1441 2682; x_wconf 82' lang='lat' dir='ltr'><strong>est,</strong></span> <span class='ocrx_word' id='word_1_302' title='bbox 1498 2634 1755 2687; x_wconf 81' lang='lat' dir='ltr'><strong>perpessa</strong></span> <span class='ocrx_word' id='word_1_303' title='bbox 1783 2617 1969 2680; x_wconf 82' lang='lat' dir='ltr'><strong>fuerit,</strong></span> <span class='ocrx_word' id='word_1_304' title='bbox 2004 2629 2275 2673; x_wconf 90' lang='lat' dir='ltr'><strong>terrarum</strong></span> <span class='ocrx_word' id='word_1_305' title='bbox 2303 2635 2388 2674; x_wconf 89' lang='lat' dir='ltr'><strong>or-</strong></span> 
     </span>
    </p>
   </div>
   <div class='ocr_carea' id='block_1_44' title="bbox 810 2709 2387 2782">
    <p class='ocr_par' dir='ltr' id='par_1_44' title="bbox 810 2709 2387 2782">
     <span class='ocr_line' id='line_1_44' title="bbox 810 2709 2387 2782; baseline -0.001 -15"><span class='ocrx_word' id='word_1_306' title='bbox 810 2715 929 2768; x_wconf 88' lang='lat' dir='ltr'><strong>bem</strong></span> <span class='ocrx_word' id='word_1_307' title='bbox 961 2713 1201 2766; x_wconf 84' lang='lat' dir='ltr'><strong>invadet.</strong></span> <span class='ocrx_word' id='word_1_308' title='bbox 1229 2709 1359 2764; x_wconf 73' lang='grc' dir='ltr'>Ροει</span> <span class='ocrx_word' id='word_1_309' title='bbox 1385 2712 1500 2765; x_wconf 59' lang='lat' dir='ltr'><strong>hac</strong></span> <span class='ocrx_word' id='word_1_310' title='bbox 1529 2714 1822 2780; x_wconf 79' lang='lat' dir='ltr'><strong>exponitur</strong></span> <span class='ocrx_word' id='word_1_311' title='bbox 1849 2721 1906 2765; x_wconf 93' lang='lat' dir='ltr'><strong>ut</strong></span> <span class='ocrx_word' id='word_1_312' title='bbox 1932 2712 2387 2782; x_wconf 73' lang='lat' dir='ltr'><strong>cmlestessuper-</strong></span> 
     </span>
    </p>
   </div>
   <div class='ocr_carea' id='block_1_45' title="bbox 811 2802 2385 2872">
    <p class='ocr_par' dir='ltr' id='par_1_45' title="bbox 811 2802 2385 2872">
     <span class='ocr_line' id='line_1_45' title="bbox 811 2802 2385 2872; baseline -0.001 -13"><span class='ocrx_word' id='word_1_313' title='bbox 811 2808 1209 2872; x_wconf 68' lang='lat' dir='ltr'><strong>tnundana’que</strong></span> <span class='ocrx_word' id='word_1_314' title='bbox 1229 2805 1454 2856; x_wconf 84' lang='lat' dir='ltr'><strong>virtutes</strong></span> <span class='ocrx_word' id='word_1_315' title='bbox 1484 2802 1653 2856; x_wconf 88' lang='lat' dir='ltr'><strong>Deum</strong></span> <span class='ocrx_word' id='word_1_316' title='bbox 1683 2804 1928 2867; x_wconf 86' lang='lat' dir='ltr'><strong>laudent,</strong></span> <span class='ocrx_word' id='word_1_317' title='bbox 1949 2814 2008 2856; x_wconf 91' lang='lat' dir='ltr'><strong>ut</strong></span> <span class='ocrx_word' id='word_1_318' title='bbox 2031 2820 2268 2872; x_wconf 83' lang='lat' dir='ltr'><strong>superna</strong></span> <span class='ocrx_word' id='word_1_319' title='bbox 2297 2805 2385 2858; x_wconf 89' lang='lat' dir='ltr'><strong>illa</strong></span> 
     </span>
    </p>
   </div>
   <div class='ocr_carea' id='block_1_46' title="bbox 811 2887 2389 2964">
    <p class='ocr_par' dir='ltr' id='par_1_46' title="bbox 811 2887 2389 2964">
     <span class='ocr_line' id='line_1_46' title="bbox 811 2887 2389 2964; baseline -0.001 -12"><span class='ocrx_word' id='word_1_320' title='bbox 811 2900 1134 2961; x_wconf 56' lang='lat' dir='ltr'><strong>Jerusalem,</strong></span> <span class='ocrx_word' id='word_1_321' title='bbox 1169 2912 1290 2964; x_wconf 74' lang='lat' dir='ltr'><strong>quae</strong></span> <span class='ocrx_word' id='word_1_322' title='bbox 1313 2904 1398 2949; x_wconf 85' lang='lat' dir='ltr'><strong>est</strong></span> <span class='ocrx_word' id='word_1_323' title='bbox 1423 2893 1688 2958; x_wconf 84' lang='lat' dir='ltr'><strong>Ecclesia,</strong></span> <span class='ocrx_word' id='word_1_324' title='bbox 1720 2887 2148 2949; x_wconf 78' lang='lat' dir='ltr'><strong>accuratissima</strong></span> <span class='ocrx_word' id='word_1_325' title='bbox 2184 2896 2389 2950; x_wconf 87' lang='lat' dir='ltr'><strong>unione</strong></span> 
     </span>
    </p>
   </div>
   <div class='ocr_carea' id='block_1_47' title="bbox 811 2986 2386 3055">
    <p class='ocr_par' dir='ltr' id='par_1_47' title="bbox 811 2986 2386 3055">
     <span class='ocr_line' id='line_1_47' title="bbox 811 2986 2386 3055; baseline -0.001 -14"><span class='ocrx_word' id='word_1_326' title='bbox 811 2987 1030 3042; x_wconf 83' lang='lat' dir='ltr'><strong>Christo</strong></span> <span class='ocrx_word' id='word_1_327' title='bbox 1045 2987 1431 3055; x_wconf 85' lang='lat' dir='ltr'><strong>conjungatur,</strong></span> <span class='ocrx_word' id='word_1_328' title='bbox 1455 2994 1514 3038; x_wconf 92' lang='lat' dir='ltr'><strong>ut</strong></span> <span class='ocrx_word' id='word_1_329' title='bbox 1535 2988 1628 3039; x_wconf 75' lang='lat' dir='ltr'><strong>ira:</strong></span> <span class='ocrx_word' id='word_1_330' title='bbox 1649 2986 1848 3040; x_wconf 69' lang='lat' dir='ltr'><strong>divina:</strong></span> <span class='ocrx_word' id='word_1_331' title='bbox 1867 2986 2106 3040; x_wconf 88' lang='lat' dir='ltr'><strong>torcular</strong></span> <span class='ocrx_word' id='word_1_332' title='bbox 2126 2989 2386 3053; x_wconf 89' lang='lat' dir='ltr'><strong>calcetur,</strong></span> 
     </span>
    </p>
   </div>
   <div class='ocr_carea' id='block_1_48' title="bbox 813 3078 2388 3149">
    <p class='ocr_par' dir='ltr' id='par_1_48' title="bbox 813 3078 2388 3149">
     <span class='ocr_line' id='line_1_48' title="bbox 813 3078 2388 3149; baseline -0.001 -15"><span class='ocrx_word' id='word_1_333' title='bbox 813 3080 1225 3136; x_wconf 81' lang='lat' dir='ltr'><strong>utAntichristo</strong></span> <span class='ocrx_word' id='word_1_334' title='bbox 1257 3078 1615 3148; x_wconf 83' lang='lat' dir='ltr'><strong>ejusdemque</strong></span> <span class='ocrx_word' id='word_1_335' title='bbox 1666 3079 1899 3134; x_wconf 81' lang='lat' dir='ltr'><strong>satellite</strong></span> <span class='ocrx_word' id='word_1_336' title='bbox 1932 3091 1986 3134; x_wconf 92' lang='lat' dir='ltr'><strong>et</strong></span> <span class='ocrx_word' id='word_1_337' title='bbox 2010 3079 2388 3149; x_wconf 82' lang='lat' dir='ltr'><strong>protospatha-</strong></span> 
     </span>
    </p>
   </div>
   <div class='ocr_carea' id='block_1_49' title="bbox 813 3169 2390 3241">
    <p class='ocr_par' dir='ltr' id='par_1_49' title="bbox 813 3169 2390 3241">
     <span class='ocr_line' id='line_1_49' title="bbox 813 3169 2390 3241; baseline -0.002 -14"><span class='ocrx_word' id='word_1_338' title='bbox 813 3173 896 3228; x_wconf 87' lang='lat' dir='ltr'><strong>rio</strong></span> <span class='ocrx_word' id='word_1_339' title='bbox 915 3173 1169 3240; x_wconf 71' lang='lat' dir='ltr'><strong>gehennae</strong></span> <span class='ocrx_word' id='word_1_340' title='bbox 1197 3169 1548 3234; x_wconf 88' lang='lat' dir='ltr'><strong>contraditis,</strong></span> <span class='ocrx_word' id='word_1_341' title='bbox 1576 3171 1916 3241; x_wconf 83' lang='lat' dir='ltr'><strong>terrenisque</strong></span> <span class='ocrx_word' id='word_1_342' title='bbox 1939 3171 2313 3240; x_wconf 87' lang='lat' dir='ltr'><strong>voluptatibus</strong></span> <span class='ocrx_word' id='word_1_343' title='bbox 2334 3183 2390 3226; x_wconf 89' lang='lat' dir='ltr'><strong>et</strong></span> 
     </span>
    </p>
   </div>
   <div class='ocr_carea' id='block_1_50' title="bbox 2497 1973 4072 2048">
    <p class='ocr_par' dir='ltr' id='par_1_50' title="bbox 2497 1973 4072 2048">
     <span class='ocr_line' id='line_1_50' title="bbox 2497 1973 4072 2048; baseline 0.002 -21"><span class='ocrx_word' id='word_1_344' title='bbox 2497 1973 2618 2048; x_wconf 80' lang='grc' dir='ltr'><strong>[τῷ]</strong></span> <span class='ocrx_word' id='word_1_345' title='bbox 2660 1975 2879 2046; x_wconf 85' lang='grc' dir='ltr'>Χριστῷ</span> <span class='ocrx_word' id='word_1_346' title='bbox 2910 1975 3415 2045; x_wconf 79' lang='grc' dir='ltr'>συμϐασιλευόντων</span> <span class='ocrx_word' id='word_1_347' title='bbox 3444 1978 3615 2045; x_wconf 89' lang='grc' dir='ltr'>ἀγίων</span> <span class='ocrx_word' id='word_1_348' title='bbox 3641 1977 3936 2048; x_wconf 83' lang='grc' dir='ltr'>μαρτύρων</span> <span class='ocrx_word' id='word_1_349' title='bbox 3965 1978 4072 2048; x_wconf 78' lang='grc' dir='ltr'>πρὸ</span> 
     </span>
    </p>
   </div>
   <div class='ocr_carea' id='block_1_51' title="bbox 2497 2066 4068 2140">
    <p class='ocr_par' dir='ltr' id='par_1_51' title="bbox 2497 2066 4068 2140">
     <span class='ocr_line' id='line_1_51' title="bbox 2497 2066 4068 2140; baseline 0.001 -20"><span class='ocrx_word' id='word_1_350' title='bbox 2497 2068 2595 2137; x_wconf 86' lang='grc' dir='ltr'>τῆς</span> <span class='ocrx_word' id='word_1_351' title='bbox 2627 2066 2723 2120; x_wconf 89' lang='grc' dir='ltr'><strong>τοῦ</strong></span> <span class='ocrx_word' id='word_1_352' title='bbox 2769 2069 3142 2138; x_wconf 78' lang='grc' dir='ltr'>’Λντιχρίστου</span> <span class='ocrx_word' id='word_1_353' title='bbox 3171 2069 3472 2139; x_wconf 81' lang='grc' dir='ltr'>παρουσίας</span> <span class='ocrx_word' id='word_1_354' title='bbox 3517 2069 3615 2140; x_wconf 80' lang='grc' dir='ltr'><strong>τὴν</strong></span> <span class='ocrx_word' id='word_1_355' title='bbox 3649 2071 4028 2140; x_wconf 75' lang='grc' dir='ltr'>μακαριότητα</span> <span class='ocrx_word' id='word_1_356' title='bbox 4052 2083 4068 2098; x_wconf 88' lang='grc'>⁶</span> 
     </span>
    </p>
   </div>
   <div class='ocr_carea' id='block_1_52' title="bbox 2499 2157 4070 2229">
    <p class='ocr_par' dir='ltr' id='par_1_52' title="bbox 2499 2157 4070 2229">
     <span class='ocr_line' id='line_1_52' title="bbox 2499 2157 4070 2229; baseline 0.001 -19"><span class='ocrx_word' id='word_1_357' title='bbox 2499 2159 2618 2228; x_wconf 83' lang='grc' dir='ltr'>μεθ’</span> <span class='ocrx_word' id='word_1_358' title='bbox 2651 2159 2717 2229; x_wconf 72' lang='grc' dir='ltr'><strong>ἢν</strong></span> <span class='ocrx_word' id='word_1_359' title='bbox 2747 2159 2884 2228; x_wconf 79' lang='grc' dir='ltr'>πρὸς</span> <span class='ocrx_word' id='word_1_360' title='bbox 2920 2159 3098 2225; x_wconf 86' lang='grc' dir='ltr'>ὀλίγον</span> <span class='ocrx_word' id='word_1_361' title='bbox 3124 2158 3305 2222; x_wconf 72' lang='grc' dir='ltr'>λυθεὶς</span> <span class='ocrx_word' id='word_1_362' title='bbox 3329 2161 3357 2211; x_wconf 82' lang='grc' dir='ltr'>ὀ</span> <span class='ocrx_word' id='word_1_363' title='bbox 3401 2157 3664 2223; x_wconf 70' lang='grc' dir='ltr'>διάϐολος,</span> <span class='ocrx_word' id='word_1_364' title='bbox 3695 2159 3909 2212; x_wconf 76' lang='grc' dir='ltr'>καὶτὸν</span> <span class='ocrx_word' id='word_1_365' title='bbox 3948 2159 4070 2228; x_wconf 85' lang='grc' dir='ltr'><strong>Γὼγ</strong></span> 
     </span>
    </p>
   </div>
   <div class='ocr_carea' id='block_1_53' title="bbox 2495 2248 4070 2322">
    <p class='ocr_par' dir='ltr' id='par_1_53' title="bbox 2495 2248 4070 2322">
     <span class='ocr_line' id='line_1_53' title="bbox 2495 2248 4070 2322; baseline 0.002 -20"><span class='ocrx_word' id='word_1_366' title='bbox 2495 2251 2589 2302; x_wconf 82' lang='grc' dir='ltr'>καὶ</span> <span class='ocrx_word' id='word_1_367' title='bbox 2617 2248 2756 2322; x_wconf 79' lang='grc' dir='ltr'>[τὸν]</span> <span class='ocrx_word' id='word_1_368' title='bbox 2786 2249 2998 2318; x_wconf 79' lang='grc' dir='ltr'>Μαγὼγ</span> <span class='ocrx_word' id='word_1_369' title='bbox 3024 2251 3291 2321; x_wconf 83' lang='grc' dir='ltr'>ταράξας,</span> <span class='ocrx_word' id='word_1_370' title='bbox 3343 2253 3439 2304; x_wconf 68' lang='grc' dir='ltr'><strong>σὺν</strong></span> <span class='ocrx_word' id='word_1_371' title='bbox 3489 2253 3675 2314; x_wconf 88' lang='grc' dir='ltr'>αὑτοῖς</span> <span class='ocrx_word' id='word_1_372' title='bbox 3728 2253 4070 2322; x_wconf 81' lang='grc' dir='ltr'>κολασθήσε-</span> 
     </span>
    </p>
   </div>
   <div class='ocr_carea' id='block_1_54' title="bbox 2494 2338 4070 2413">
    <p class='ocr_par' dir='ltr' id='par_1_54' title="bbox 2494 2338 4070 2413">
     <span class='ocr_line' id='line_1_54' title="bbox 2494 2338 4070 2413; baseline 0.001 -20"><span class='ocrx_word' id='word_1_373' title='bbox 2494 2357 2610 2406; x_wconf 86' lang='grc' dir='ltr'>ται,</span> <span class='ocrx_word' id='word_1_374' title='bbox 2635 2342 2762 2394; x_wconf 72' lang='grc' dir='ltr'>ὅταν</span> <span class='ocrx_word' id='word_1_375' title='bbox 2794 2338 2938 2413; x_wconf 72' lang='grc' dir='ltr'>[καὶ]</span> <span class='ocrx_word' id='word_1_376' title='bbox 2965 2341 3032 2392; x_wconf 87' lang='grc' dir='ltr'><strong>τά</strong></span> <span class='ocrx_word' id='word_1_377' title='bbox 3063 2339 3244 2410; x_wconf 77' lang='grc' dir='ltr'>βιβλία</span> <span class='ocrx_word' id='word_1_378' title='bbox 3280 2341 3389 2395; x_wconf 87' lang='grc' dir='ltr'><strong>τῶν</strong></span> <span class='ocrx_word' id='word_1_379' title='bbox 3419 2342 3634 2413; x_wconf 87' lang='grc' dir='ltr'>ἐκάστῳ</span> <span class='ocrx_word' id='word_1_380' title='bbox 3655 2343 4070 2413; x_wconf 78' lang='grc' dir='ltr'>πεπραγμένων</span> 
     </span>
    </p>
   </div>
   <div class='ocr_carea' id='block_1_55' title="bbox 2495 2429 4070 2502">
    <p class='ocr_par' dir='ltr' id='par_1_55' title="bbox 2495 2429 4070 2502">
     <span class='ocr_line' id='line_1_55' title="bbox 2495 2429 4070 2502; baseline 0.002 -18"><span class='ocrx_word' id='word_1_381' title='bbox 2495 2431 2590 2484; x_wconf 77' lang='grc' dir='ltr'><strong>καὶ</strong></span> <span class='ocrx_word' id='word_1_382' title='bbox 2629 2432 2662 2500; x_wconf 84' lang='grc' dir='ltr'>ή</span> <span class='ocrx_word' id='word_1_383' title='bbox 2693 2430 2872 2500; x_wconf 79' lang='grc' dir='ltr'>βίϐλος</span> <span class='ocrx_word' id='word_1_384' title='bbox 2902 2432 3002 2499; x_wconf 78' lang='grc' dir='ltr'>τῆς</span> <span class='ocrx_word' id='word_1_385' title='bbox 3038 2429 3182 2500; x_wconf 77' lang='grc' dir='ltr'>ζωῆς</span> <span class='ocrx_word' id='word_1_386' title='bbox 3238 2433 3551 2501; x_wconf 85' lang='grc' dir='ltr'>ἀνοιχθῶσι,</span> <span class='ocrx_word' id='word_1_387' title='bbox 3590 2434 3682 2486; x_wconf 77' lang='grc' dir='ltr'><strong>καὶ</strong></span> <span class='ocrx_word' id='word_1_388' title='bbox 3737 2435 3787 2486; x_wconf 83' lang='grc' dir='ltr'>οἱ</span> <span class='ocrx_word' id='word_1_389' title='bbox 3834 2434 3934 2502; x_wconf 85' lang='grc' dir='ltr'>μὲν</span> <span class='ocrx_word' id='word_1_390' title='bbox 3975 2433 4070 2488; x_wconf 84' lang='grc' dir='ltr'><strong>τοῦ</strong></span> 
     </span>
    </p>
   </div>
   <div class='ocr_carea' id='block_1_56' title="bbox 2493 2524 4069 2597">
    <p class='ocr_par' dir='ltr' id='par_1_56' title="bbox 2493 2524 4069 2597">
     <span class='ocr_line' id='line_1_56' title="bbox 2493 2524 4069 2597; baseline 0.001 -20"><span class='ocrx_word' id='word_1_391' title='bbox 2493 2524 2750 2594; x_wconf 84' lang='grc' dir='ltr'>δευτέρου</span> <span class='ocrx_word' id='word_1_392' title='bbox 2779 2524 3009 2579; x_wconf 86' lang='grc' dir='ltr'>θανάτου</span> <span class='ocrx_word' id='word_1_393' title='bbox 3035 2525 3293 2594; x_wconf 75' lang='grc' dir='ltr'>τύχωσιν,</span> <span class='ocrx_word' id='word_1_394' title='bbox 3327 2527 3374 2578; x_wconf 88' lang='grc' dir='ltr'><strong>οί</strong></span> <span class='ocrx_word' id='word_1_395' title='bbox 3409 2526 3465 2579; x_wconf 85' lang='grc' dir='ltr'><strong>δέ</strong></span> <span class='ocrx_word' id='word_1_396' title='bbox 3490 2529 3589 2596; x_wconf 83' lang='grc' dir='ltr'><strong>τῆς</strong></span> <span class='ocrx_word' id='word_1_397' title='bbox 3623 2528 3734 2581; x_wconf 82' lang='grc' dir='ltr'><strong>ἀνω</strong></span> <span class='ocrx_word' id='word_1_398' title='bbox 3795 2528 4069 2597; x_wconf 83' lang='grc' dir='ltr'>Ἰερουσα-</span> 
     </span>
    </p>
   </div>
   <div class='ocr_carea' id='block_1_57' title="bbox 2494 2619 4068 2692">
    <p class='ocr_par' dir='ltr' id='par_1_57' title="bbox 2494 2619 4068 2692">
     <span class='ocr_line' id='line_1_57' title="bbox 2494 2619 4068 2692; baseline 0.003 -22"><span class='ocrx_word' id='word_1_399' title='bbox 2494 2619 2605 2688; x_wconf 83' lang='grc' dir='ltr'>λὴμ</span> <span class='ocrx_word' id='word_1_400' title='bbox 2631 2620 2724 2671; x_wconf 77' lang='grc' dir='ltr'><strong>καὶ</strong></span> <span class='ocrx_word' id='word_1_401' title='bbox 2775 2619 2874 2690; x_wconf 79' lang='grc' dir='ltr'><strong>τῆς</strong></span> <span class='ocrx_word' id='word_1_402' title='bbox 2922 2619 3162 2690; x_wconf 82' lang='grc' dir='ltr'>Χριστοῦ</span> <span class='ocrx_word' id='word_1_403' title='bbox 3227 2621 3583 2690; x_wconf 75' lang='grc' dir='ltr'>νυμφεύσεως</span> <span class='ocrx_word' id='word_1_404' title='bbox 3645 2621 4068 2692; x_wconf 77' lang='grc' dir='ltr'>ἀξιωθήσονται.</span> 
     </span>
    </p>
   </div>
   <div class='ocr_carea' id='block_1_58' title="bbox 2508 2711 4070 2784">
    <p class='ocr_par' dir='ltr' id='par_1_58' title="bbox 2508 2711 4070 2784">
     <span class='ocr_line' id='line_1_58' title="bbox 2508 2711 4070 2784; baseline 0.003 -21"><span class='ocrx_word' id='word_1_405' title='bbox 2508 2712 2603 2764; x_wconf 85' lang='grc' dir='ltr'>Ἐκ</span> <span class='ocrx_word' id='word_1_406' title='bbox 2623 2711 2827 2782; x_wconf 86' lang='grc' dir='ltr'>ταύτης</span> <span class='ocrx_word' id='word_1_407' title='bbox 2869 2713 2967 2782; x_wconf 81' lang='grc' dir='ltr'><strong>τῆς</strong></span> <span class='ocrx_word' id='word_1_408' title='bbox 2999 2711 3152 2774; x_wconf 86' lang='grc' dir='ltr'>θείας</span> <span class='ocrx_word' id='word_1_409' title='bbox 3188 2713 3375 2780; x_wconf 69' lang='grc' dir='ltr'>βίϐλου</span> <span class='ocrx_word' id='word_1_410' title='bbox 3433 2716 3526 2766; x_wconf 72' lang='grc' dir='ltr'><strong>καὶ</strong></span> <span class='ocrx_word' id='word_1_411' title='bbox 3573 2715 3633 2768; x_wconf 73' lang='grc' dir='ltr'>τὸ</span> <span class='ocrx_word' id='word_1_412' title='bbox 3679 2716 3779 2784; x_wconf 75' lang='grc' dir='ltr'><strong>τῆς</strong></span> <span class='ocrx_word' id='word_1_413' title='bbox 3827 2717 3942 2769; x_wconf 81' lang='grc' dir='ltr'><strong>ἀνω</strong></span> <span class='ocrx_word' id='word_1_414' title='bbox 3975 2715 4070 2768; x_wconf 69' lang='grc' dir='ltr'>πὸι</span> 
     </span>
    </p>
   </div>
   <div class='ocr_carea' id='block_1_59' title="bbox 2496 2802 4067 2876">
    <p class='ocr_par' dir='ltr' id='par_1_59' title="bbox 2496 2802 4067 2876">
     <span class='ocr_line' id='line_1_59' title="bbox 2496 2802 4067 2876; baseline 0.003 -23"><span class='ocrx_word' id='word_1_415' title='bbox 2496 2802 2632 2864; x_wconf 87' lang='grc' dir='ltr'>λεως</span> <span class='ocrx_word' id='word_1_416' title='bbox 2655 2802 2932 2872; x_wconf 86' lang='grc' dir='ltr'>διάστημα</span> <span class='ocrx_word' id='word_1_417' title='bbox 2957 2805 3053 2857; x_wconf 76' lang='grc' dir='ltr'><strong>σὺν</strong></span> <span class='ocrx_word' id='word_1_418' title='bbox 3075 2803 3242 2872; x_wconf 85' lang='grc' dir='ltr'>τείχει</span> <span class='ocrx_word' id='word_1_419' title='bbox 3265 2804 3359 2854; x_wconf 74' lang='grc' dir='ltr'>καὶ</span> <span class='ocrx_word' id='word_1_420' title='bbox 3388 2805 3629 2858; x_wconf 82' lang='grc' dir='ltr'>πυλεῶσι</span> <span class='ocrx_word' id='word_1_421' title='bbox 3657 2807 3748 2858; x_wconf 73' lang='grc' dir='ltr'>καὶ</span> <span class='ocrx_word' id='word_1_422' title='bbox 3775 2806 4067 2876; x_wconf 75' lang='grc' dir='ltr'>θεμελίοις,</span> 
     </span>
    </p>
   </div>
   <div class='ocr_carea' id='block_1_60' title="bbox 2494 2895 4071 2968">
    <p class='ocr_par' dir='ltr' id='par_1_60' title="bbox 2494 2895 4071 2968">
     <span class='ocr_line' id='line_1_60' title="bbox 2494 2895 4071 2968; baseline 0.001 -18"><span class='ocrx_word' id='word_1_423' title='bbox 2494 2899 2568 2960; x_wconf 80' lang='grc' dir='ltr'>ὠς</span> <span class='ocrx_word' id='word_1_424' title='bbox 2597 2895 2665 2968; x_wconf 80' lang='grc' dir='ltr'><strong>ἦν</strong></span> <span class='ocrx_word' id='word_1_425' title='bbox 2691 2899 2933 2963; x_wconf 79' lang='grc' dir='ltr'>δυνατὸν,</span> <span class='ocrx_word' id='word_1_426' title='bbox 2962 2899 3067 2952; x_wconf 63' lang='grc' dir='ltr'><strong>ὑπδ</strong></span> <span class='ocrx_word' id='word_1_427' title='bbox 3127 2902 3224 2951; x_wconf 77' lang='grc' dir='ltr'><strong>του</strong></span> <span class='ocrx_word' id='word_1_428' title='bbox 3275 2899 3507 2968; x_wconf 78' lang='grc' dir='ltr'>ἀγγέλου</span> <span class='ocrx_word' id='word_1_429' title='bbox 3558 2899 3926 2968; x_wconf 85' lang='grc' dir='ltr'>μανθάνομεν,</span> <span class='ocrx_word' id='word_1_430' title='bbox 3975 2903 4071 2951; x_wconf 81' lang='grc' dir='ltr'>καὶ</span> 
     </span>
    </p>
   </div>
   <div class='ocr_carea' id='block_1_61' title="bbox 2498 2990 4074 3061">
    <p class='ocr_par' dir='ltr' id='par_1_61' title="bbox 2498 2990 4074 3061">
     <span class='ocr_line' id='line_1_61' title="bbox 2498 2990 4074 3061; baseline 0.002 -19"><span class='ocrx_word' id='word_1_431' title='bbox 2498 2991 2590 3043; x_wconf 79' lang='grc' dir='ltr'>τὸν</span> <span class='ocrx_word' id='word_1_432' title='bbox 2629 2990 2842 3045; x_wconf 77' lang='grc' dir='ltr'>ἐκεῖθεν</span> <span class='ocrx_word' id='word_1_433' title='bbox 2869 2991 3013 3044; x_wconf 86' lang='grc' dir='ltr'>θεῖον</span> <span class='ocrx_word' id='word_1_434' title='bbox 3041 2992 3284 3061; x_wconf 68' lang='grc' dir='ltr'>ποταμὸν</span> <span class='ocrx_word' id='word_1_435' title='bbox 3314 2991 3408 3043; x_wconf 76' lang='grc' dir='ltr'><strong>τοῦ</strong></span> <span class='ocrx_word' id='word_1_436' title='bbox 3442 2991 3756 3059; x_wconf 81' lang='grc' dir='ltr'>Πνεύματος</span> <span class='ocrx_word' id='word_1_437' title='bbox 3779 2993 4074 3061; x_wconf 58' lang='grc' dir='ltr'>ἐκπορευέκο</span> 
     </span>
    </p>
   </div>
   <div class='ocr_carea' id='block_1_62' title="bbox 2500 3084 4073 3158">
    <p class='ocr_par' dir='ltr' id='par_1_62' title="bbox 2500 3084 4073 3158">
     <span class='ocr_line' id='line_1_62' title="bbox 2500 3084 4073 3158; baseline 0.003 -22"><span class='ocrx_word' id='word_1_438' title='bbox 2500 3099 2696 3152; x_wconf 81' lang='grc' dir='ltr'>μενον⁶</span> <span class='ocrx_word' id='word_1_439' title='bbox 2728 3084 2810 3136; x_wconf 84' lang='grc' dir='ltr'>ὅτι</span> <span class='ocrx_word' id='word_1_440' title='bbox 2840 3100 2899 3137; x_wconf 88' lang='grc' dir='ltr'><strong>τε</strong></span> <span class='ocrx_word' id='word_1_441' title='bbox 2962 3084 3120 3152; x_wconf 85' lang='grc' dir='ltr'>λόγος</span> <span class='ocrx_word' id='word_1_442' title='bbox 3164 3087 3341 3151; x_wconf 71' lang='grc' dir='ltr'>οὐδεὶς</span> <span class='ocrx_word' id='word_1_443' title='bbox 3395 3089 3748 3158; x_wconf 75' lang='grc' dir='ltr'>παραστῆσαι</span> <span class='ocrx_word' id='word_1_444' title='bbox 3797 3089 3906 3139; x_wconf 86' lang='grc' dir='ltr'><strong>τῶν</strong></span> <span class='ocrx_word' id='word_1_445' title='bbox 3959 3089 4073 3141; x_wconf 77' lang='grc' dir='ltr'><strong>ἀνω</strong></span> 
     </span>
    </p>
   </div>
   <div class='ocr_carea' id='block_1_63' title="bbox 2495 3175 4068 3250">
    <p class='ocr_par' dir='ltr' id='par_1_63' title="bbox 2495 3175 4068 3250">
     <span class='ocr_line' id='line_1_63' title="bbox 2495 3175 4068 3250; baseline 0.003 -22"><span class='ocrx_word' id='word_1_446' title='bbox 2495 3175 2592 3246; x_wconf 79' lang='grc' dir='ltr'>τὴν</span> <span class='ocrx_word' id='word_1_447' title='bbox 2625 3176 2956 3245; x_wconf 81' lang='grc' dir='ltr'>εὐπρέπειαν</span> <span class='ocrx_word' id='word_1_448' title='bbox 3004 3176 3250 3244; x_wconf 88' lang='grc' dir='ltr'>δύναται,</span> <span class='ocrx_word' id='word_1_449' title='bbox 3289 3179 3322 3249; x_wconf 84' lang='grc' dir='ltr'><strong>ἢ</strong></span> <span class='ocrx_word' id='word_1_450' title='bbox 3361 3179 3461 3250; x_wconf 83' lang='grc' dir='ltr'><strong>τὴν</strong></span> <span class='ocrx_word' id='word_1_451' title='bbox 3481 3179 3639 3243; x_wconf 76' lang='grc' dir='ltr'>δόξαν</span> <span class='ocrx_word' id='word_1_452' title='bbox 3673 3180 3773 3249; x_wconf 79' lang='grc' dir='ltr'>τὴν</span> <span class='ocrx_word' id='word_1_453' title='bbox 3817 3181 4068 3250; x_wconf 65' lang='grc' dir='ltr'>ἀπέραθο</span> 
     </span>
    </p>
   </div>
   <div class='ocr_carea' id='block_1_64' title="bbox 811 3249 2502 3344">
    <p class='ocr_par' dir='ltr' id='par_1_64' title="bbox 811 3249 2502 3332">
     <span class='ocr_line' id='line_1_64' title="bbox 811 3249 2502 3332; baseline 0 -15"><span class='ocrx_word' id='word_1_454' title='bbox 811 3265 959 3318; x_wconf 83' lang='lat' dir='ltr'><strong>curis</strong></span> <span class='ocrx_word' id='word_1_455' title='bbox 991 3279 1021 3317; x_wconf 93' lang='lat' dir='ltr'><strong>e</strong></span> <span class='ocrx_word' id='word_1_456' title='bbox 1048 3265 1231 3315; x_wconf 88' lang='lat' dir='ltr'><strong>medio</strong></span> <span class='ocrx_word' id='word_1_457' title='bbox 1287 3263 1543 3325; x_wconf 85' lang='lat' dir='ltr'><strong>sublatis,</strong></span> <span class='ocrx_word' id='word_1_458' title='bbox 1585 3278 1708 3316; x_wconf 91' lang='lat' dir='ltr'><strong>cum</strong></span> <span class='ocrx_word' id='word_1_459' title='bbox 1760 3263 1937 3332; x_wconf 82' lang='lat' dir='ltr'><strong>angeli</strong></span> <span class='ocrx_word' id='word_1_460' title='bbox 1985 3273 2097 3317; x_wconf 92' lang='lat' dir='ltr'><strong>tum</strong></span> <span class='ocrx_word' id='word_1_461' title='bbox 2140 3264 2389 3317; x_wconf 87' lang='lat' dir='ltr'><strong>homines</strong></span> <span class='ocrx_word' id='word_1_462' title='bbox 2417 3249 2460 3306; x_wconf 63' lang='grc' dir='ltr'><strong>(ἶ</strong></span> <span class='ocrx_word' id='word_1_463' title='bbox 2494 3286 2502 3300; x_wconf 72' lang='grc' dir='ltr'><strong>ι</strong></span> 
     </span>
    </p>
   </div>
   <div class='ocr_carea' id='block_1_65' title="bbox 2381 3249 4072 3344">
    <p class='ocr_par' dir='ltr' id='par_1_65' title="bbox 2381 3249 4072 3344">
     <span class='ocr_line' id='line_1_65' title="bbox 2381 3249 4072 3344; baseline 0.004 -27"><span class='ocrx_word' id='word_1_464' title='bbox 2381 3280 2389 3316; x_wconf 77' lang='lat' dir='ltr'><strong>i</strong></span> <span class='ocrx_word' id='word_1_465' title='bbox 2417 3249 2460 3306; x_wconf 61' lang='grc' dir='ltr'><strong>(ἶ</strong></span> <span class='ocrx_word' id='word_1_466' title='bbox 2494 3284 2605 3319; x_wconf 89' lang='grc' dir='ltr'>τον.</span> <span class='ocrx_word' id='word_1_467' title='bbox 2638 3266 2730 3330; x_wconf 79' lang='grc' dir='ltr'><strong>Εἰς</strong></span> <span class='ocrx_word' id='word_1_468' title='bbox 2755 3269 2820 3337; x_wconf 73' lang='grc' dir='ltr'><strong>ἢν</strong></span> <span class='ocrx_word' id='word_1_469' title='bbox 2845 3270 2991 3338; x_wconf 80' lang='grc' dir='ltr'>ἡμᾶς</span> <span class='ocrx_word' id='word_1_470' title='bbox 3035 3271 3360 3340; x_wconf 85' lang='grc' dir='ltr'>προτρέπων</span> <span class='ocrx_word' id='word_1_471' title='bbox 3474 3271 3616 3333; x_wconf 82' lang='grc' dir='ltr'>θεῖος</span> <span class='ocrx_word' id='word_1_472' title='bbox 3660 3249 3945 3344; x_wconf 87' lang='grc' dir='ltr'>Θεολόγος]</span> <span class='ocrx_word' id='word_1_473' title='bbox 3982 3273 4072 3324; x_wconf 90' lang='grc' dir='ltr'>ἐν-</span> 
     </span>
    </p>
   </div>
   <div class='ocr_carea' id='block_1_66' title="bbox 813 3354 2391 3426">
    <p class='ocr_par' dir='ltr' id='par_1_66' title="bbox 813 3354 2391 3426">
     <span class='ocr_line' id='line_1_66' title="bbox 813 3354 2391 3426; baseline 0.001 -19"><span class='ocrx_word' id='word_1_474' title='bbox 813 3370 1032 3423; x_wconf 88' lang='lat' dir='ltr'><strong>qnoque</strong></span> <span class='ocrx_word' id='word_1_475' title='bbox 1081 3354 1175 3422; x_wconf 88' lang='lat' dir='ltr'><strong>qui</strong></span> <span class='ocrx_word' id='word_1_476' title='bbox 1209 3354 1516 3422; x_wconf 88' lang='lat' dir='ltr'><strong>angelicam</strong></span> <span class='ocrx_word' id='word_1_477' title='bbox 1580 3355 1745 3407; x_wconf 86' lang='lat' dir='ltr'><strong>vitam</strong></span> <span class='ocrx_word' id='word_1_478' title='bbox 1801 3356 2097 3418; x_wconf 80' lang='lat' dir='ltr'><strong>duxerant,</strong></span> <span class='ocrx_word' id='word_1_479' title='bbox 2148 3357 2391 3426; x_wconf 67' lang='lat' dir='ltr'><strong>mystieze</strong></span> 
     </span>
    </p>
   </div>
   <div class='ocr_carea' id='block_1_67' title="bbox 814 3444 2393 3514">
    <p class='ocr_par' dir='ltr' id='par_1_67' title="bbox 814 3444 2393 3514">
     <span class='ocr_line' id='line_1_67' title="bbox 814 3444 2393 3514; baseline 0 -14"><span class='ocrx_word' id='word_1_480' title='bbox 814 3461 986 3500; x_wconf 59' lang='lat' dir='ltr'><strong>coenae</strong></span> <span class='ocrx_word' id='word_1_481' title='bbox 1029 3444 1322 3514; x_wconf 77' lang='lat' dir='ltr'><strong>participes</strong></span> <span class='ocrx_word' id='word_1_482' title='bbox 1375 3445 1726 3498; x_wconf 85' lang='lat' dir='ltr'><strong>declarentur</strong></span> <span class='ocrx_word' id='word_1_483' title='bbox 1780 3462 1792 3497; x_wconf 90' lang='lat'><strong>:</strong></span> <span class='ocrx_word' id='word_1_484' title='bbox 1850 3455 1907 3498; x_wconf 91' lang='lat' dir='ltr'><strong>ut</strong></span> <span class='ocrx_word' id='word_1_485' title='bbox 1965 3445 2218 3499; x_wconf 85' lang='lat' dir='ltr'><strong>diabolus</strong></span> <span class='ocrx_word' id='word_1_486' title='bbox 2267 3455 2393 3500; x_wconf 90' lang='lat' dir='ltr'><strong>ante</strong></span> 
     </span>
    </p>
   </div>
   <div class='ocr_carea' id='block_1_68' title="bbox 817 3535 2391 3605">
    <p class='ocr_par' dir='ltr' id='par_1_68' title="bbox 817 3535 2391 3605">
     <span class='ocr_line' id='line_1_68' title="bbox 817 3535 2391 3605; baseline -0.001 -16"><span class='ocrx_word' id='word_1_487' title='bbox 817 3539 1014 3605; x_wconf 58' lang='lat' dir='ltr'><strong>ligatus</strong></span> <span class='ocrx_word' id='word_1_488' title='bbox 1073 3535 1138 3587; x_wconf 92' lang='lat' dir='ltr'><strong>ad</strong></span> <span class='ocrx_word' id='word_1_489' title='bbox 1194 3544 1408 3604; x_wconf 88' lang='lat' dir='ltr'><strong>tempus</strong></span> <span class='ocrx_word' id='word_1_490' title='bbox 1477 3535 1739 3600; x_wconf 68' lang='lat' dir='ltr'><strong>solvatur,</strong></span> <span class='ocrx_word' id='word_1_491' title='bbox 1799 3551 1863 3588; x_wconf 90' lang='lat' dir='ltr'><strong>ac</strong></span> <span class='ocrx_word' id='word_1_492' title='bbox 1922 3535 2118 3588; x_wconf 90' lang='lat' dir='ltr'><strong>deinde</strong></span> <span class='ocrx_word' id='word_1_493' title='bbox 2171 3550 2391 3589; x_wconf 80' lang='lat' dir='ltr'><strong>rursum</strong></span> 
     </span>
    </p>
   </div>
   <div class='ocr_carea' id='block_1_69' title="bbox 815 3626 2394 3697">
    <p class='ocr_par' dir='ltr' id='par_1_69' title="bbox 815 3626 2394 3697">
     <span class='ocr_line' id='line_1_69' title="bbox 815 3626 2394 3697; baseline -0.001 -15"><span class='ocrx_word' id='word_1_494' title='bbox 815 3629 1172 3682; x_wconf 72' lang='lat' dir='ltr'><strong>exscindatur</strong></span> <span class='ocrx_word' id='word_1_495' title='bbox 1201 3638 1252 3680; x_wconf 90' lang='lat' dir='ltr'><strong>et</strong></span> <span class='ocrx_word' id='word_1_496' title='bbox 1279 3627 1331 3678; x_wconf 89' lang='lat' dir='ltr'><strong>in</strong></span> <span class='ocrx_word' id='word_1_497' title='bbox 1373 3626 1651 3679; x_wconf 87' lang='lat' dir='ltr'><strong>interitum</strong></span> <span class='ocrx_word' id='word_1_498' title='bbox 1686 3627 1994 3695; x_wconf 90' lang='lat' dir='ltr'><strong>abjieiatur,</strong></span> <span class='ocrx_word' id='word_1_499' title='bbox 2030 3637 2086 3679; x_wconf 90' lang='lat' dir='ltr'><strong>ut</strong></span> <span class='ocrx_word' id='word_1_500' title='bbox 2128 3637 2394 3697; x_wconf 60' lang='lat' dir='ltr'><strong>martyres</strong></span> 
     </span>
    </p>
   </div>
   <div class='ocr_carea' id='block_1_70' title="bbox 815 3717 2392 3787">
    <p class='ocr_par' dir='ltr' id='par_1_70' title="bbox 815 3717 2392 3787">
     <span class='ocr_line' id='line_1_70' title="bbox 815 3717 2392 3787; baseline 0.001 -17"><span class='ocrx_word' id='word_1_501' title='bbox 815 3736 939 3772; x_wconf 74' lang='lat' dir='ltr'><strong>tum</strong></span> <span class='ocrx_word' id='word_1_502' title='bbox 967 3718 1182 3771; x_wconf 59' lang='lat' dir='ltr'><strong>Christo</strong></span> <span class='ocrx_word' id='word_1_503' title='bbox 1207 3727 1449 3787; x_wconf 85' lang='lat' dir='ltr'><strong>regnent.</strong></span> <span class='ocrx_word' id='word_1_504' title='bbox 1485 3717 1644 3787; x_wconf 46' lang='lat'><strong>11!;</strong></span> <span class='ocrx_word' id='word_1_505' title='bbox 1661 3717 2203 3787; x_wconf 73' lang='lat' dir='ltr'><strong>beatititutlinemque</strong></span> <span class='ocrx_word' id='word_1_506' title='bbox 2229 3720 2392 3771; x_wconf 89' lang='lat' dir='ltr'><strong>etiam</strong></span> 
     </span>
    </p>
   </div>
   <div class='ocr_carea' id='block_1_71' title="bbox 817 3810 2398 3865">
    <p class='ocr_par' dir='ltr' id='par_1_71' title="bbox 817 3810 2398 3865">
     <span class='ocr_line' id='line_1_71' title="bbox 817 3810 2398 3865; baseline -0.001 -1"><span class='ocrx_word' id='word_1_507' title='bbox 817 3823 942 3865; x_wconf 87' lang='lat' dir='ltr'><strong>ante</strong></span> <span class='ocrx_word' id='word_1_508' title='bbox 963 3811 1283 3864; x_wconf 70' lang='lat' dir='ltr'><strong>Antichristi</strong></span> <span class='ocrx_word' id='word_1_509' title='bbox 1302 3810 1595 3863; x_wconf 72' lang='lat' dir='ltr'><strong>adtentum</strong></span> <span class='ocrx_word' id='word_1_510' title='bbox 1623 3811 1938 3863; x_wconf 87' lang='lat' dir='ltr'><strong>obtineant:</strong></span> <span class='ocrx_word' id='word_1_511' title='bbox 1960 3820 2010 3862; x_wconf 88' lang='grc' dir='ltr'><strong>ιιι</strong></span> <span class='ocrx_word' id='word_1_512' title='bbox 2032 3811 2279 3863; x_wconf 83' lang='lat' dir='ltr'><strong>diabolus</strong></span> <span class='ocrx_word' id='word_1_513' title='bbox 2297 3810 2398 3862; x_wconf 88' lang='lat' dir='ltr'><strong>Go-</strong></span> 
     </span>
    </p>
   </div>
   <div class='ocr_carea' id='block_1_72' title="bbox 816 3901 2392 3974">
    <p class='ocr_par' dir='ltr' id='par_1_72' title="bbox 816 3901 2392 3974">
     <span class='ocr_line' id='line_1_72' title="bbox 816 3901 2392 3974; baseline -0.001 -18"><span class='ocrx_word' id='word_1_514' title='bbox 816 3921 942 3974; x_wconf 78' lang='lat' dir='ltr'><strong>gum</strong></span> <span class='ocrx_word' id='word_1_515' title='bbox 975 3915 1029 3957; x_wconf 89' lang='lat' dir='ltr'><strong>et</strong></span> <span class='ocrx_word' id='word_1_516' title='bbox 1058 3903 1342 3970; x_wconf 69' lang='lat' dir='ltr'><strong>Magngum</strong></span> <span class='ocrx_word' id='word_1_517' title='bbox 1380 3903 1431 3955; x_wconf 91' lang='lat' dir='ltr'><strong>in</strong></span> <span class='ocrx_word' id='word_1_518' title='bbox 1461 3902 1708 3970; x_wconf 61' lang='lat' dir='ltr'><strong>praelium</strong></span> <span class='ocrx_word' id='word_1_519' title='bbox 1739 3901 1994 3964; x_wconf 87' lang='lat' dir='ltr'><strong>concitet,</strong></span> <span class='ocrx_word' id='word_1_520' title='bbox 2031 3902 2253 3970; x_wconf 88' lang='lat' dir='ltr'><strong>citoque</strong></span> <span class='ocrx_word' id='word_1_521' title='bbox 2288 3917 2392 3954; x_wconf 92' lang='lat' dir='ltr'><strong>una</strong></span> 
     </span>
    </p>
   </div>
   <div class='ocr_carea' id='block_1_73' title="bbox 819 3994 2395 4058">
    <p class='ocr_par' dir='ltr' id='par_1_73' title="bbox 819 3994 2395 4058">
     <span class='ocr_line' id='line_1_73' title="bbox 819 3994 2395 4058; baseline -0.002 -7"><span class='ocrx_word' id='word_1_522' title='bbox 819 4013 940 4051; x_wconf 83' lang='lat' dir='ltr'><strong>cum</strong></span> <span class='ocrx_word' id='word_1_523' title='bbox 975 3997 1081 4050; x_wconf 93' lang='lat' dir='ltr'><strong>illis</strong></span> <span class='ocrx_word' id='word_1_524' title='bbox 1110 3996 1162 4048; x_wconf 92' lang='lat' dir='ltr'><strong>in</strong></span> <span class='ocrx_word' id='word_1_525' title='bbox 1191 3995 1468 4048; x_wconf 90' lang='lat' dir='ltr'><strong>interitum</strong></span> <span class='ocrx_word' id='word_1_526' title='bbox 1494 3994 1670 4058; x_wconf 75' lang='lat' dir='ltr'><strong>abeat</strong></span> <span class='ocrx_word' id='word_1_527' title='bbox 1704 4010 1717 4046; x_wconf 89' lang='lat'>:</span> <span class='ocrx_word' id='word_1_528' title='bbox 1747 4002 1806 4046; x_wconf 92' lang='lat' dir='ltr'><strong>ut</strong></span> <span class='ocrx_word' id='word_1_529' title='bbox 1859 3994 1980 4047; x_wconf 84' lang='lat' dir='ltr'><strong>libri</strong></span> <span class='ocrx_word' id='word_1_530' title='bbox 2023 4003 2145 4048; x_wconf 90' lang='lat' dir='ltr'><strong>aeta</strong></span> <span class='ocrx_word' id='word_1_531' title='bbox 2201 3996 2395 4048; x_wconf 89' lang='lat' dir='ltr'><strong>unius-</strong></span> 
     </span>
    </p>
   </div>
   <div class='ocr_carea' id='block_1_74' title="bbox 821 4083 2394 4154">
    <p class='ocr_par' dir='ltr' id='par_1_74' title="bbox 821 4083 2394 4154">
     <span class='ocr_line' id='line_1_74' title="bbox 821 4083 2394 4154; baseline -0.003 -14"><span class='ocrx_word' id='word_1_532' title='bbox 821 4087 1089 4154; x_wconf 82' lang='lat' dir='ltr'><strong>cujusque</strong></span> <span class='ocrx_word' id='word_1_533' title='bbox 1120 4085 1486 4146; x_wconf 88' lang='lat' dir='ltr'><strong>continentes,</strong></span> <span class='ocrx_word' id='word_1_534' title='bbox 1513 4093 1568 4136; x_wconf 89' lang='lat' dir='ltr'><strong>et</strong></span> <span class='ocrx_word' id='word_1_535' title='bbox 1601 4083 1880 4136; x_wconf 87' lang='lat' dir='ltr'><strong>liberitem</strong></span> <span class='ocrx_word' id='word_1_536' title='bbox 1909 4084 2032 4137; x_wconf 68' lang='lat' dir='ltr'><strong>vita:</strong></span> <span class='ocrx_word' id='word_1_537' title='bbox 2060 4085 2394 4152; x_wconf 88' lang='lat' dir='ltr'><strong>aperiantur,</strong></span> 
     </span>
    </p>
   </div>
   <div class='ocr_carea' id='block_1_75' title="bbox 830 4171 2397 4242">
    <p class='ocr_par' dir='ltr' id='par_1_75' title="bbox 830 4171 2397 4242">
     <span class='ocr_line' id='line_1_75' title="bbox 830 4171 2397 4242; baseline -0.003 -14"><span class='ocrx_word' id='word_1_538' title='bbox 830 4179 1035 4242; x_wconf 85' lang='lat' dir='ltr'><strong>aliique</strong></span> <span class='ocrx_word' id='word_1_539' title='bbox 1060 4175 1298 4228; x_wconf 83' lang='lat' dir='ltr'><strong>secunda</strong></span> <span class='ocrx_word' id='word_1_540' title='bbox 1328 4182 1502 4228; x_wconf 88' lang='lat' dir='ltr'><strong>morte</strong></span> <span class='ocrx_word' id='word_1_541' title='bbox 1527 4171 1808 4237; x_wconf 80' lang='lat' dir='ltr'><strong>feriantur,</strong></span> <span class='ocrx_word' id='word_1_542' title='bbox 1843 4173 1932 4224; x_wconf 83' lang='lat' dir='ltr'><strong>alii</strong></span> <span class='ocrx_word' id='word_1_543' title='bbox 1951 4184 2139 4226; x_wconf 90' lang='lat' dir='ltr'><strong>contra</strong></span> <span class='ocrx_word' id='word_1_544' title='bbox 2163 4189 2397 4241; x_wconf 88' lang='lat' dir='ltr'><strong>superna</strong></span> 
     </span>
    </p>
   </div>
   <div class='ocr_carea' id='block_1_76' title="bbox 829 4264 2397 4333">
    <p class='ocr_par' dir='ltr' id='par_1_76' title="bbox 829 4264 2397 4333">
     <span class='ocr_line' id='line_1_76' title="bbox 829 4264 2397 4333; baseline -0.002 -12"><span class='ocrx_word' id='word_1_545' title='bbox 829 4268 1132 4321; x_wconf 78' lang='lat' dir='ltr'><strong>Jerusalem</strong></span> <span class='ocrx_word' id='word_1_546' title='bbox 1158 4265 1474 4333; x_wconf 78' lang='lat' dir='ltr'><strong>Christique</strong></span> <span class='ocrx_word' id='word_1_547' title='bbox 1512 4265 1713 4333; x_wconf 88' lang='lat' dir='ltr'><strong>nuptiis</strong></span> <span class='ocrx_word' id='word_1_548' title='bbox 1740 4264 1890 4332; x_wconf 77' lang='lat' dir='ltr'><strong>digni</strong></span> <span class='ocrx_word' id='word_1_549' title='bbox 1947 4273 2293 4317; x_wconf 88' lang='lat' dir='ltr'><strong>censeantur.</strong></span> <span class='ocrx_word' id='word_1_550' title='bbox 2321 4265 2397 4318; x_wconf 79' lang='lat' dir='ltr'><strong>Ex</strong></span> 
     </span>
    </p>
   </div>
   <div class='ocr_carea' id='block_1_77' title="bbox 825 4355 2398 4424">
    <p class='ocr_par' dir='ltr' id='par_1_77' title="bbox 825 4355 2398 4424">
     <span class='ocr_line' id='line_1_77' title="bbox 825 4355 2398 4424; baseline 0 -14"><span class='ocrx_word' id='word_1_551' title='bbox 825 4359 927 4411; x_wconf 87' lang='lat' dir='ltr'><strong>hoc</strong></span> <span class='ocrx_word' id='word_1_552' title='bbox 975 4356 1192 4409; x_wconf 89' lang='lat' dir='ltr'><strong>tandem</strong></span> <span class='ocrx_word' id='word_1_553' title='bbox 1225 4356 1363 4409; x_wconf 91' lang='lat' dir='ltr'><strong>libro</strong></span> <span class='ocrx_word' id='word_1_554' title='bbox 1389 4356 1545 4423; x_wconf 88' lang='lat' dir='ltr'><strong>plane</strong></span> <span class='ocrx_word' id='word_1_555' title='bbox 1567 4357 1752 4408; x_wconf 90' lang='lat' dir='ltr'><strong>divino</strong></span> <span class='ocrx_word' id='word_1_556' title='bbox 1774 4356 1985 4409; x_wconf 81' lang='lat' dir='ltr'><strong>discere</strong></span> <span class='ocrx_word' id='word_1_557' title='bbox 2011 4355 2162 4420; x_wconf 88' lang='lat' dir='ltr'><strong>licet,</strong></span> <span class='ocrx_word' id='word_1_558' title='bbox 2193 4366 2398 4424; x_wconf 87' lang='lat' dir='ltr'><strong>quanta</strong></span> 
     </span>
    </p>
   </div>
   <div class='ocr_carea' id='block_1_78' title="bbox 826 4445 2403 4516">
    <p class='ocr_par' dir='ltr' id='par_1_78' title="bbox 826 4445 2403 4516">
     <span class='ocr_line' id='line_1_78' title="bbox 826 4445 2403 4516; baseline 0 -15"><span class='ocrx_word' id='word_1_559' title='bbox 826 4463 1077 4516; x_wconf 77' lang='lat' dir='ltr'><strong>superine</strong></span> <span class='ocrx_word' id='word_1_560' title='bbox 1095 4447 1330 4500; x_wconf 85' lang='lat' dir='ltr'><strong>civitatis</strong></span> <span class='ocrx_word' id='word_1_561' title='bbox 1350 4447 1418 4499; x_wconf 87' lang='lat' dir='ltr'><strong>sit</strong></span> <span class='ocrx_word' id='word_1_562' title='bbox 1440 4445 1788 4514; x_wconf 85' lang='lat' dir='ltr'><strong>intercapedo</strong></span> <span class='ocrx_word' id='word_1_563' title='bbox 1802 4455 1852 4498; x_wconf 89' lang='lat' dir='ltr'><strong>et</strong></span> <span class='ocrx_word' id='word_1_564' title='bbox 1871 4447 2206 4515; x_wconf 87' lang='lat' dir='ltr'><strong>magnitudo;</strong></span> <span class='ocrx_word' id='word_1_565' title='bbox 2225 4447 2403 4515; x_wconf 88' lang='lat' dir='ltr'><strong>cujus-</strong></span> 
     </span>
    </p>
   </div>
   <div class='ocr_carea' id='block_1_79' title="bbox 2491 3358 4074 3436">
    <p class='ocr_par' dir='ltr' id='par_1_79' title="bbox 2491 3358 4074 3436">
     <span class='ocr_line' id='line_1_79' title="bbox 2491 3358 4074 3436; baseline 0.006 -26"><span class='ocrx_word' id='word_1_566' title='bbox 2491 3358 2737 3412; x_wconf 81' lang='grc' dir='ltr'>τέλλεται</span> <span class='ocrx_word' id='word_1_567' title='bbox 2770 3361 2970 3428; x_wconf 88' lang='grc' dir='ltr'>λέγειν·</span> <span class='ocrx_word' id='word_1_568' title='bbox 3001 3363 3246 3431; x_wconf 79' lang='grc' dir='ltr'>Ἔρχου,</span> <span class='ocrx_word' id='word_1_569' title='bbox 3275 3364 3478 3434; x_wconf 84' lang='grc' dir='ltr'>δηλαδὴ</span> <span class='ocrx_word' id='word_1_570' title='bbox 3523 3365 3551 3416; x_wconf 84' lang='grc' dir='ltr'><strong>ὁ</strong></span> <span class='ocrx_word' id='word_1_571' title='bbox 3597 3365 3771 3418; x_wconf 82' lang='grc' dir='ltr'>ταῦτα</span> <span class='ocrx_word' id='word_1_572' title='bbox 3819 3366 4074 3436; x_wconf 79' lang='grc' dir='ltr'>παρέξων</span> 
     </span>
    </p>
   </div>
   <div class='ocr_carea' id='block_1_80' title="bbox 2491 3447 4075 3526">
    <p class='ocr_par' dir='ltr' id='par_1_80' title="bbox 2491 3447 4075 3526">
     <span class='ocr_line' id='line_1_80' title="bbox 2491 3447 4075 3526; baseline 0.004 -24"><span class='ocrx_word' id='word_1_573' title='bbox 2491 3449 2526 3502; x_wconf 79' lang='grc' dir='ltr'>ἃ</span> <span class='ocrx_word' id='word_1_574' title='bbox 2551 3451 2661 3512; x_wconf 86' lang='grc' dir='ltr'>τοῖς</span> <span class='ocrx_word' id='word_1_575' title='bbox 2685 3449 2856 3518; x_wconf 89' lang='grc' dir='ltr'>άγίοις</span> <span class='ocrx_word' id='word_1_576' title='bbox 2880 3451 3208 3520; x_wconf 77' lang='grc' dir='ltr'>ἡτοίμασας.</span> <span class='ocrx_word' id='word_1_577' title='bbox 3249 3447 3349 3508; x_wconf 82' lang='grc' dir='ltr'><strong>Ὧν</strong></span> <span class='ocrx_word' id='word_1_578' title='bbox 3373 3455 3700 3526; x_wconf 65' lang='grc' dir='ltr'>ἐφιεμένους</span> <span class='ocrx_word' id='word_1_579' title='bbox 3747 3457 3924 3526; x_wconf 74' lang='grc' dir='ltr'>ἡμᾶς,</span> <span class='ocrx_word' id='word_1_580' title='bbox 3967 3455 4075 3508; x_wconf 81' lang='grc' dir='ltr'><strong>ὑπὸ</strong></span> 
     </span>
    </p>
   </div>
   <div class='ocr_carea' id='block_1_81' title="bbox 2493 3541 4075 3618">
    <p class='ocr_par' dir='ltr' id='par_1_81' title="bbox 2493 3541 4075 3618">
     <span class='ocr_line' id='line_1_81' title="bbox 2493 3541 4075 3618; baseline 0.005 -26"><span class='ocrx_word' id='word_1_581' title='bbox 2493 3543 2592 3611; x_wconf 77' lang='grc' dir='ltr'>τῆς</span> <span class='ocrx_word' id='word_1_582' title='bbox 2620 3541 2746 3604; x_wconf 87' lang='grc' dir='ltr'>θέας</span> <span class='ocrx_word' id='word_1_583' title='bbox 2780 3542 2876 3596; x_wconf 76' lang='grc' dir='ltr'>καὶ</span> <span class='ocrx_word' id='word_1_584' title='bbox 2910 3543 3007 3612; x_wconf 83' lang='grc' dir='ltr'>τῆς</span> <span class='ocrx_word' id='word_1_585' title='bbox 3027 3544 3383 3607; x_wconf 83' lang='grc' dir='ltr'>ἀπολαύσεως</span> <span class='ocrx_word' id='word_1_586' title='bbox 3407 3547 3620 3612; x_wconf 88' lang='grc' dir='ltr'>γένοιτο</span> <span class='ocrx_word' id='word_1_587' title='bbox 3641 3546 3890 3617; x_wconf 76' lang='grc' dir='ltr'>διαπύρῳ</span> <span class='ocrx_word' id='word_1_588' title='bbox 3923 3547 4075 3618; x_wconf 82' lang='grc' dir='ltr'>πόθῳ</span> 
     </span>
    </p>
   </div>
   <div class='ocr_carea' id='block_1_82' title="bbox 2493 3633 4075 3709">
    <p class='ocr_par' dir='ltr' id='par_1_82' title="bbox 2493 3633 4075 3709">
     <span class='ocr_line' id='line_1_82' title="bbox 2493 3633 4075 3709; baseline 0.006 -25"><span class='ocrx_word' id='word_1_589' title='bbox 2493 3633 2592 3702; x_wconf 82' lang='grc' dir='ltr'><strong>τῆς</strong></span> <span class='ocrx_word' id='word_1_590' title='bbox 2623 3633 2732 3686; x_wconf 90' lang='grc' dir='ltr'><strong>τῶν</strong></span> <span class='ocrx_word' id='word_1_591' title='bbox 2755 3633 2917 3686; x_wconf 86' lang='grc' dir='ltr'>θείων</span> <span class='ocrx_word' id='word_1_592' title='bbox 2951 3636 3184 3689; x_wconf 87' lang='grc' dir='ltr'>ἐντολῶν</span> <span class='ocrx_word' id='word_1_593' title='bbox 3209 3638 3496 3708; x_wconf 79' lang='grc' dir='ltr'>τηρήσεως</span> <span class='ocrx_word' id='word_1_594' title='bbox 3543 3638 3718 3693; x_wconf 90' lang='grc' dir='ltr'>ταῦτα</span> <span class='ocrx_word' id='word_1_595' title='bbox 3768 3639 4075 3709; x_wconf 76' lang='grc' dir='ltr'>κτήσασθαι</span> 
     </span>
    </p>
   </div>
   <div class='ocr_carea' id='block_1_83' title="bbox 2494 3725 4074 3802">
    <p class='ocr_par' dir='ltr' id='par_1_83' title="bbox 2494 3725 4074 3802">
     <span class='ocr_line' id='line_1_83' title="bbox 2494 3725 4074 3802; baseline 0.004 -26"><span class='ocrx_word' id='word_1_596' title='bbox 2494 3726 2552 3776; x_wconf 92' lang='grc' dir='ltr'><strong>ἐν</strong></span> <span class='ocrx_word' id='word_1_597' title='bbox 2590 3725 2941 3797; x_wconf 72' lang='grc' dir='ltr'>μακροθυμίᾳ</span> <span class='ocrx_word' id='word_1_598' title='bbox 3004 3729 3095 3780; x_wconf 78' lang='grc' dir='ltr'><strong>καὶ</strong></span> <span class='ocrx_word' id='word_1_599' title='bbox 3129 3730 3400 3800; x_wconf 76' lang='grc' dir='ltr'>πραότητι</span> <span class='ocrx_word' id='word_1_600' title='bbox 3452 3731 3546 3783; x_wconf 78' lang='grc' dir='ltr'>καὶ</span> <span class='ocrx_word' id='word_1_601' title='bbox 3575 3730 4074 3802; x_wconf 70' lang='grc' dir='ltr'>ταπεινοφροσύνῃ,</span> 
     </span>
    </p>
   </div>
   <div class='ocr_carea' id='block_1_84' title="bbox 2495 3818 4080 3893">
    <p class='ocr_par' dir='ltr' id='par_1_84' title="bbox 2495 3818 4080 3893">
     <span class='ocr_line' id='line_1_84' title="bbox 2495 3818 4080 3893; baseline 0.005 -23"><span class='ocrx_word' id='word_1_602' title='bbox 2495 3819 2587 3870; x_wconf 78' lang='grc' dir='ltr'><strong>καὶ</strong></span> <span class='ocrx_word' id='word_1_603' title='bbox 2613 3818 2839 3887; x_wconf 86' lang='grc' dir='ltr'>καρδίας</span> <span class='ocrx_word' id='word_1_604' title='bbox 2861 3819 3212 3890; x_wconf 85' lang='grc' dir='ltr'>καθαρότητι·</span> <span class='ocrx_word' id='word_1_605' title='bbox 3242 3821 3298 3887; x_wconf 81' lang='grc' dir='ltr'><strong>ἐξ</strong></span> <span class='ocrx_word' id='word_1_606' title='bbox 3320 3819 3386 3892; x_wconf 80' lang='grc' dir='ltr'>ἧς</span> <span class='ocrx_word' id='word_1_607' title='bbox 3403 3821 3745 3893; x_wconf 76' lang='grc' dir='ltr'>ἀρέμόαστος</span> <span class='ocrx_word' id='word_1_608' title='bbox 3768 3829 3861 3876; x_wconf 77' lang='grc' dir='ltr'><strong>καὶ</strong></span> <span class='ocrx_word' id='word_1_609' title='bbox 3879 3826 4080 3878; x_wconf 77' lang='grc' dir='ltr'>ἀθόλω-</span> 
     </span>
    </p>
   </div>
   <div class='ocr_carea' id='block_1_85' title="bbox 2493 3912 4078 3989">
    <p class='ocr_par' dir='ltr' id='par_1_85' title="bbox 2493 3912 4078 3989">
     <span class='ocr_line' id='line_1_85' title="bbox 2493 3912 4078 3989; baseline 0.006 -27"><span class='ocrx_word' id='word_1_610' title='bbox 2493 3928 2586 3979; x_wconf 75' lang='grc' dir='ltr'><strong>τος</strong></span> <span class='ocrx_word' id='word_1_611' title='bbox 2608 3912 2888 3981; x_wconf 79' lang='grc' dir='ltr'>προσευχὴ</span> <span class='ocrx_word' id='word_1_612' title='bbox 2908 3912 3175 3976; x_wconf 78' lang='grc' dir='ltr'>τίκτεται,</span> <span class='ocrx_word' id='word_1_613' title='bbox 3199 3915 3404 3984; x_wconf 77' lang='grc' dir='ltr'>γυμνὸν</span> <span class='ocrx_word' id='word_1_614' title='bbox 3423 3916 3546 3968; x_wconf 83' lang='grc' dir='ltr'>νοῦν</span> <span class='ocrx_word' id='word_1_615' title='bbox 3567 3917 3745 3986; x_wconf 81' lang='grc' dir='ltr'>πάσης</span> <span class='ocrx_word' id='word_1_616' title='bbox 3769 3919 3964 3989; x_wconf 82' lang='grc' dir='ltr'>ὑλικῆς</span> <span class='ocrx_word' id='word_1_617' title='bbox 3992 3922 4078 3972; x_wconf 78' lang='grc' dir='ltr'><strong>έν-</strong></span> 
     </span>
    </p>
   </div>
   <div class='ocr_carea' id='block_1_86' title="bbox 2497 4002 4081 4078">
    <p class='ocr_par' dir='ltr' id='par_1_86' title="bbox 2497 4002 4081 4078">
     <span class='ocr_line' id='line_1_86' title="bbox 2497 4002 4081 4078; baseline 0.003 -23"><span class='ocrx_word' id='word_1_618' title='bbox 2497 4002 2641 4065; x_wconf 85' lang='grc' dir='ltr'>νοίας</span> <span class='ocrx_word' id='word_1_619' title='bbox 2660 4005 2971 4072; x_wconf 84' lang='grc' dir='ltr'>παριστᾶσα</span> <span class='ocrx_word' id='word_1_620' title='bbox 2989 4003 3065 4074; x_wconf 85' lang='grc' dir='ltr'>τῷ</span> <span class='ocrx_word' id='word_1_621' title='bbox 3083 4005 3192 4056; x_wconf 91' lang='grc' dir='ltr'><strong>τῶν</strong></span> <span class='ocrx_word' id='word_1_622' title='bbox 3206 4007 3454 4075; x_wconf 78' lang='grc' dir='ltr'>κρυφίων</span> <span class='ocrx_word' id='word_1_623' title='bbox 3471 4008 3684 4078; x_wconf 82' lang='grc' dir='ltr'>ἐπόπτῃ</span> <span class='ocrx_word' id='word_1_624' title='bbox 3695 4009 3830 4078; x_wconf 82' lang='grc' dir='ltr'>Θεῷ,</span> <span class='ocrx_word' id='word_1_625' title='bbox 3845 4009 4081 4078; x_wconf 78' lang='grc' dir='ltr'>δαιμον;ο</span> 
     </span>
    </p>
   </div>
   <div class='ocr_carea' id='block_1_87' title="bbox 2497 4091 4080 4170">
    <p class='ocr_par' dir='ltr' id='par_1_87' title="bbox 2497 4091 4080 4170">
     <span class='ocr_line' id='line_1_87' title="bbox 2497 4091 4080 4170; baseline 0.008 -27"><span class='ocrx_word' id='word_1_626' title='bbox 2497 4097 2620 4155; x_wconf 83' lang='grc' dir='ltr'>καῖς</span> <span class='ocrx_word' id='word_1_627' title='bbox 2657 4091 2763 4164; x_wconf 70' lang='grc' dir='ltr'>[τε]</span> <span class='ocrx_word' id='word_1_628' title='bbox 2793 4093 3033 4156; x_wconf 81' lang='grc' dir='ltr'>ἀπάταις</span> <span class='ocrx_word' id='word_1_629' title='bbox 3061 4096 3155 4147; x_wconf 77' lang='grc' dir='ltr'>καὶ</span> <span class='ocrx_word' id='word_1_630' title='bbox 3185 4097 3523 4162; x_wconf 78' lang='grc' dir='ltr'>προσϐολαῖς</span> <span class='ocrx_word' id='word_1_631' title='bbox 3565 4099 3910 4170; x_wconf 80' lang='grc' dir='ltr'>ἀδιάφθορον.</span> <span class='ocrx_word' id='word_1_632' title='bbox 3970 4104 4080 4159; x_wconf 67' lang='grc' dir='ltr'><strong>Καὶ</strong></span> 
     </span>
    </p>
   </div>
   <div class='ocr_carea' id='block_1_88' title="bbox 2499 4186 4081 4262">
    <p class='ocr_par' dir='ltr' id='par_1_88' title="bbox 2499 4186 4081 4262">
     <span class='ocr_line' id='line_1_88' title="bbox 2499 4186 4081 4262; baseline 0.007 -26"><span class='ocrx_word' id='word_1_633' title='bbox 2499 4187 2607 4254; x_wconf 76' lang='grc' dir='ltr'><strong>γὰρ</strong></span> <span class='ocrx_word' id='word_1_634' title='bbox 2649 4187 2862 4252; x_wconf 70' lang='grc' dir='ltr'>ἐφίεται</span> <span class='ocrx_word' id='word_1_635' title='bbox 2894 4187 2922 4237; x_wconf 80' lang='grc' dir='ltr'><strong>ὁ</strong></span> <span class='ocrx_word' id='word_1_636' title='bbox 2978 4186 3232 4240; x_wconf 82' lang='grc' dir='ltr'>ἀπατεὼν</span> <span class='ocrx_word' id='word_1_637' title='bbox 3264 4189 3457 4260; x_wconf 82' lang='grc' dir='ltr'>ἐχθρὸς</span> <span class='ocrx_word' id='word_1_638' title='bbox 3504 4191 3562 4242; x_wconf 89' lang='grc' dir='ltr'><strong>ἐν</strong></span> <span class='ocrx_word' id='word_1_639' title='bbox 3594 4194 3712 4252; x_wconf 88' lang='grc' dir='ltr'>ταῖς</span> <span class='ocrx_word' id='word_1_640' title='bbox 3758 4194 3893 4262; x_wconf 79' lang='grc' dir='ltr'>πρὸς</span> <span class='ocrx_word' id='word_1_641' title='bbox 3945 4193 4081 4248; x_wconf 84' lang='grc' dir='ltr'>Θεὸν</span> 
     </span>
    </p>
   </div>
   <div class='ocr_carea' id='block_1_89' title="bbox 2499 4276 4079 4354">
    <p class='ocr_par' dir='ltr' id='par_1_89' title="bbox 2499 4276 4079 4354">
     <span class='ocr_line' id='line_1_89' title="bbox 2499 4276 4079 4354; baseline 0.008 -28"><span class='ocrx_word' id='word_1_642' title='bbox 2499 4276 2599 4344; x_wconf 74' lang='grc' dir='ltr'>τῆς</span> <span class='ocrx_word' id='word_1_643' title='bbox 2638 4278 2864 4346; x_wconf 74' lang='grc' dir='ltr'>καρδίας</span> <span class='ocrx_word' id='word_1_644' title='bbox 2897 4277 3194 4344; x_wconf 81' lang='grc' dir='ltr'>ἐντεύξεσι,</span> <span class='ocrx_word' id='word_1_645' title='bbox 3251 4281 3520 4349; x_wconf 83' lang='grc' dir='ltr'>μοιχικῶς</span> <span class='ocrx_word' id='word_1_646' title='bbox 3569 4282 3706 4354; x_wconf 81' lang='grc' dir='ltr'>αὐτῇ</span> <span class='ocrx_word' id='word_1_647' title='bbox 3760 4285 4079 4354; x_wconf 86' lang='grc' dir='ltr'>μίγνυσθαι,</span> 
     </span>
    </p>
   </div>
   <div class='ocr_carea' id='block_1_90' title="bbox 2503 4368 4080 4450">
    <p class='ocr_par' dir='ltr' id='par_1_90' title="bbox 2503 4368 4080 4450">
     <span class='ocr_line' id='line_1_90' title="bbox 2503 4368 4080 4450; baseline 0.008 -31"><span class='ocrx_word' id='word_1_648' title='bbox 2503 4368 2805 4438; x_wconf 74' lang='grc' dir='ltr'>φθοροποιά</span> <span class='ocrx_word' id='word_1_649' title='bbox 2834 4370 3180 4440; x_wconf 84' lang='grc' dir='ltr'>ἐπισπείρων</span> <span class='ocrx_word' id='word_1_650' title='bbox 3202 4373 3517 4442; x_wconf 85' lang='grc' dir='ltr'>σπέρματα,</span> <span class='ocrx_word' id='word_1_651' title='bbox 3550 4375 3648 4443; x_wconf 79' lang='grc' dir='ltr'>τῆς</span> <span class='ocrx_word' id='word_1_652' title='bbox 3702 4375 3854 4438; x_wconf 81' lang='grc' dir='ltr'>θείας</span> <span class='ocrx_word' id='word_1_653' title='bbox 3906 4380 4080 4450; x_wconf 71' lang='grc' dir='ltr'>αὑτὴν</span> 
     </span>
    </p>
   </div>
   <div class='ocr_carea' id='block_1_91' title="bbox 2501 4461 4081 4540">
    <p class='ocr_par' dir='ltr' id='par_1_91' title="bbox 2501 4461 4081 4540">
     <span class='ocr_line' id='line_1_91' title="bbox 2501 4461 4081 4540; baseline 0.005 -28"><span class='ocrx_word' id='word_1_654' title='bbox 2501 4461 2839 4513; x_wconf 82' lang='grc' dir='ltr'>ἀποσπῶντα</span> <span class='ocrx_word' id='word_1_655' title='bbox 2888 4462 3169 4526; x_wconf 80' lang='grc' dir='ltr'>ἐνὼσεως’</span> <span class='ocrx_word' id='word_1_656' title='bbox 3201 4464 3287 4516; x_wconf 83' lang='grc' dir='ltr'><strong>ἵνα</strong></span> <span class='ocrx_word' id='word_1_657' title='bbox 3319 4465 3393 4534; x_wconf 79' lang='grc' dir='ltr'>μὴ</span> <span class='ocrx_word' id='word_1_658' title='bbox 3423 4469 3480 4516; x_wconf 86' lang='grc' dir='ltr'><strong>ἐν</strong></span> <span class='ocrx_word' id='word_1_659' title='bbox 3536 4469 3601 4536; x_wconf 77' lang='grc' dir='ltr'><strong>τῇ</strong></span> <span class='ocrx_word' id='word_1_660' title='bbox 3659 4467 3858 4539; x_wconf 84' lang='grc' dir='ltr'>μελέτῃ</span> <span class='ocrx_word' id='word_1_661' title='bbox 3907 4470 4081 4540; x_wconf 71' lang='grc' dir='ltr'>αὐτῆς</span> 
     </span>
    </p>
   </div>
   <div class='ocr_carea' id='block_1_92' title="bbox 828 4538 2519 4644">
    <p class='ocr_par' dir='ltr' id='par_1_92' title="bbox 828 4538 2519 4644">
     <span class='ocr_line' id='line_1_92' title="bbox 828 4538 2519 4644; baseline 0.001 -52"><span class='ocrx_word' id='word_1_662' title='bbox 828 4540 967 4592; x_wconf 81' lang='lat' dir='ltr'><strong>nmdi</strong></span> <span class='ocrx_word' id='word_1_663' title='bbox 995 4539 1239 4606; x_wconf 83' lang='lat' dir='ltr'><strong>ejusdem</strong></span> <span class='ocrx_word' id='word_1_664' title='bbox 1263 4538 1424 4602; x_wconf 86' lang='lat' dir='ltr'><strong>muri,</strong></span> <span class='ocrx_word' id='word_1_665' title='bbox 1452 4546 1505 4590; x_wconf 89' lang='lat' dir='ltr'><strong>et</strong></span> <span class='ocrx_word' id='word_1_666' title='bbox 1527 4547 1717 4606; x_wconf 59' lang='lat' dir='ltr'><strong>portas,</strong></span> <span class='ocrx_word' id='word_1_667' title='bbox 1763 4547 1817 4592; x_wconf 92' lang='lat' dir='ltr'><strong>et</strong></span> <span class='ocrx_word' id='word_1_668' title='bbox 1843 4538 2200 4591; x_wconf 79' lang='lat' dir='ltr'><strong>fundamenta</strong></span> <span class='ocrx_word' id='word_1_669' title='bbox 2244 4540 2391 4610; x_wconf 88' lang='lat' dir='ltr'><strong>(nam</strong></span> <span class='ocrx_word' id='word_1_670' title='bbox 2430 4591 2472 4644; x_wconf 66' lang='grc' dir='ltr'><strong>Β</strong></span> <span class='ocrx_word' id='word_1_671' title='bbox 2507 4552 2519 4600; x_wconf 72' lang='grc' dir='ltr'>ὲ</span> 
     </span>
    </p>
   </div>
   <div class='ocr_carea' id='block_1_93' title="bbox 2389 4538 4080 4644">
    <p class='ocr_par' dir='ltr' id='par_1_93' title="bbox 2389 4538 4080 4644">
     <span class='ocr_line' id='line_1_93' title="bbox 2389 4538 4080 4644; baseline 0.008 -45"><span class='ocrx_word' id='word_1_672' title='bbox 2389 4562 2391 4592; x_wconf 87' lang='grc' dir='ltr'><strong>ι</strong></span> <span class='ocrx_word' id='word_1_673' title='bbox 2430 4591 2472 4644; x_wconf 79' lang='lat' dir='ltr'><strong>D</strong></span> <span class='ocrx_word' id='word_1_674' title='bbox 2507 4549 2750 4620; x_wconf 78' lang='grc' dir='ltr'>ἐκκαυθῇ</span> <span class='ocrx_word' id='word_1_675' title='bbox 2789 4550 2901 4620; x_wconf 89' lang='grc' dir='ltr'><strong>πῦρ</strong></span> <span class='ocrx_word' id='word_1_676' title='bbox 2927 4552 3216 4604; x_wconf 86' lang='grc' dir='ltr'>ἀναλίσκον</span> <span class='ocrx_word' id='word_1_677' title='bbox 3255 4554 3324 4604; x_wconf 83' lang='grc' dir='ltr'><strong>τά</strong></span> <span class='ocrx_word' id='word_1_678' title='bbox 3347 4554 3511 4607; x_wconf 83' lang='grc' dir='ltr'>αὑτοῦ</span> <span class='ocrx_word' id='word_1_679' title='bbox 3541 4538 3917 4627; x_wconf 73' lang='grc' dir='ltr'>μηχανήματα</span> <span class='ocrx_word' id='word_1_680' title='bbox 3941 4574 3954 4587; x_wconf 92' lang='grc'><strong>·</strong></span> <span class='ocrx_word' id='word_1_681' title='bbox 3987 4538 4080 4612; x_wconf 77' lang='grc' dir='ltr'><strong>καὶ</strong></span> 
     </span>
    </p>
   </div>
   <div class='ocr_carea' id='block_1_94' title="bbox 827 4631 2395 4700">
    <p class='ocr_par' dir='ltr' id='par_1_94' title="bbox 827 4631 2395 4700">
     <span class='ocr_line' id='line_1_94' title="bbox 827 4631 2395 4700; baseline 0.001 -16"><span class='ocrx_word' id='word_1_682' title='bbox 827 4634 939 4685; x_wconf 78' lang='lat' dir='ltr'><strong>lizee</strong></span> <span class='ocrx_word' id='word_1_683' title='bbox 957 4633 1142 4685; x_wconf 89' lang='lat' dir='ltr'><strong>omnia</strong></span> <span class='ocrx_word' id='word_1_684' title='bbox 1167 4631 1390 4700; x_wconf 91' lang='lat' dir='ltr'><strong>angelus</strong></span> <span class='ocrx_word' id='word_1_685' title='bbox 1409 4641 1610 4699; x_wconf 87' lang='lat' dir='ltr'><strong>quanta</strong></span> <span class='ocrx_word' id='word_1_686' title='bbox 1631 4631 1739 4684; x_wconf 79' lang='lat' dir='ltr'><strong>ﬁeri</strong></span> <span class='ocrx_word' id='word_1_687' title='bbox 1770 4631 1940 4700; x_wconf 85' lang='lat' dir='ltr'><strong>potuit</strong></span> <span class='ocrx_word' id='word_1_688' title='bbox 1957 4632 2234 4700; x_wconf 81' lang='lat' dir='ltr'><strong>diligentia</strong></span> <span class='ocrx_word' id='word_1_689' title='bbox 2258 4632 2395 4685; x_wconf 80' lang='lat' dir='ltr'><strong>deli-</strong></span> 
     </span>
    </p>
   </div>
   <div class='ocr_carea' id='block_1_95' title="bbox 828 4722 2396 4794">
    <p class='ocr_par' dir='ltr' id='par_1_95' title="bbox 828 4722 2396 4794">
     <span class='ocr_line' id='line_1_95' title="bbox 828 4722 2396 4794; baseline 0.001 -18"><span class='ocrx_word' id='word_1_690' title='bbox 828 4724 1055 4794; x_wconf 71' lang='lat' dir='ltr'><strong>ncavit).</strong></span> <span class='ocrx_word' id='word_1_691' title='bbox 1091 4725 1286 4788; x_wconf 82' lang='lat' dir='ltr'><strong>Qualis</strong></span> <span class='ocrx_word' id='word_1_692' title='bbox 1333 4738 1550 4774; x_wconf 81' lang='lat' dir='ltr'><strong>rursum</strong></span> <span class='ocrx_word' id='word_1_693' title='bbox 1587 4722 1752 4774; x_wconf 86' lang='lat' dir='ltr'><strong>divini</strong></span> <span class='ocrx_word' id='word_1_694' title='bbox 1795 4723 2032 4791; x_wconf 87' lang='lat' dir='ltr'><strong>Spiritus</strong></span> <span class='ocrx_word' id='word_1_695' title='bbox 2081 4722 2278 4778; x_wconf 85' lang='lat' dir='ltr'><strong>ﬂuvius</strong></span> <span class='ocrx_word' id='word_1_696' title='bbox 2329 4740 2396 4780; x_wconf 74' lang='lat' dir='ltr'><strong>ex</strong></span> 
     </span>
    </p>
   </div>
   <div class='ocr_carea' id='block_1_96' title="bbox 831 4815 2397 4884">
    <p class='ocr_par' dir='ltr' id='par_1_96' title="bbox 831 4815 2397 4884">
     <span class='ocr_line' id='line_1_96' title="bbox 831 4815 2397 4884; baseline 0.003 -18"><span class='ocrx_word' id='word_1_697' title='bbox 831 4817 919 4868; x_wconf 85' lang='lat' dir='ltr'><strong>Dei</strong></span> <span class='ocrx_word' id='word_1_698' title='bbox 949 4817 1148 4867; x_wconf 89' lang='lat' dir='ltr'><strong>throno</strong></span> <span class='ocrx_word' id='word_1_699' title='bbox 1180 4815 1454 4883; x_wconf 87' lang='lat' dir='ltr'><strong>procedat,</strong></span> <span class='ocrx_word' id='word_1_700' title='bbox 1479 4826 1532 4868; x_wconf 89' lang='lat' dir='ltr'><strong>et</strong></span> <span class='ocrx_word' id='word_1_701' title='bbox 1559 4829 1654 4883; x_wconf 80' lang='lat' dir='ltr'><strong>per</strong></span> <span class='ocrx_word' id='word_1_702' title='bbox 1683 4815 1889 4869; x_wconf 82' lang='lat' dir='ltr'><strong>medias</strong></span> <span class='ocrx_word' id='word_1_703' title='bbox 1913 4815 2120 4884; x_wconf 85' lang='lat' dir='ltr'><strong>plateas</strong></span> <span class='ocrx_word' id='word_1_704' title='bbox 2151 4831 2269 4871; x_wconf 82' lang='lat' dir='ltr'><strong>sese</strong></span> <span class='ocrx_word' id='word_1_705' title='bbox 2289 4817 2397 4872; x_wconf 81' lang='lat' dir='ltr'><strong>dil-</strong></span> 
     </span>
    </p>
   </div>
   <div class='ocr_carea' id='block_1_97' title="bbox 829 4907 2397 4980">
    <p class='ocr_par' dir='ltr' id='par_1_97' title="bbox 829 4907 2397 4980">
     <span class='ocr_line' id='line_1_97' title="bbox 829 4907 2397 4980; baseline 0.001 -18"><span class='ocrx_word' id='word_1_706' title='bbox 829 4907 1041 4962; x_wconf 70' lang='lat' dir='ltr'><strong>l&#39;undat.</strong></span> <span class='ocrx_word' id='word_1_707' title='bbox 1066 4907 1504 4974; x_wconf 79' lang='lat' dir='ltr'><strong>Deniquererum</strong></span> <span class='ocrx_word' id='word_1_708' title='bbox 1536 4907 1844 4961; x_wconf 69' lang='lat' dir='ltr'><strong>ewlestium</strong></span> <span class='ocrx_word' id='word_1_709' title='bbox 1871 4909 2147 4974; x_wconf 88' lang='lat' dir='ltr'><strong>decorem,</strong></span> <span class='ocrx_word' id='word_1_710' title='bbox 2168 4911 2397 4980; x_wconf 80' lang='lat' dir='ltr'><strong>gloriam</strong></span> 
     </span>
    </p>
   </div>
   <div class='ocr_carea' id='block_1_98' title="bbox 829 5000 2401 5072">
    <p class='ocr_par' dir='ltr' id='par_1_98' title="bbox 829 5000 2401 5072">
     <span class='ocr_line' id='line_1_98' title="bbox 829 5000 2401 5072; baseline 0.004 -21"><span class='ocrx_word' id='word_1_711' title='bbox 829 5009 880 5052; x_wconf 92' lang='lat' dir='ltr'><strong>ct</strong></span> <span class='ocrx_word' id='word_1_712' title='bbox 920 5007 1262 5050; x_wconf 87' lang='lat' dir='ltr'><strong>venustatem</strong></span> <span class='ocrx_word' id='word_1_713' title='bbox 1297 5013 1417 5051; x_wconf 87' lang='lat' dir='ltr'><strong>esse</strong></span> <span class='ocrx_word' id='word_1_714' title='bbox 1468 5007 1693 5062; x_wconf 87' lang='lat' dir='ltr'><strong>tantam,</strong></span> <span class='ocrx_word' id='word_1_715' title='bbox 1751 5009 1809 5052; x_wconf 93' lang='lat' dir='ltr'><strong>ut</strong></span> <span class='ocrx_word' id='word_1_716' title='bbox 1866 5000 2017 5054; x_wconf 90' lang='lat' dir='ltr'><strong>nulla</strong></span> <span class='ocrx_word' id='word_1_717' title='bbox 2067 5001 2246 5055; x_wconf 87' lang='lat' dir='ltr'><strong>oratio</strong></span> <span class='ocrx_word' id='word_1_718' title='bbox 2303 5018 2401 5072; x_wconf 88' lang='lat' dir='ltr'><strong>pro</strong></span> 
     </span>
    </p>
   </div>
   <div class='ocr_carea' id='block_1_99' title="bbox 828 5088 2401 5162">
    <p class='ocr_par' dir='ltr' id='par_1_99' title="bbox 828 5088 2401 5162">
     <span class='ocr_line' id='line_1_99' title="bbox 828 5088 2401 5162; baseline 0.004 -21"><span class='ocrx_word' id='word_1_719' title='bbox 828 5088 1092 5157; x_wconf 88' lang='lat' dir='ltr'><strong>dignitate</strong></span> <span class='ocrx_word' id='word_1_720' title='bbox 1119 5102 1238 5139; x_wconf 88' lang='lat' dir='ltr'><strong>eam</strong></span> <span class='ocrx_word' id='word_1_721' title='bbox 1293 5089 1567 5156; x_wconf 76' lang='lat' dir='ltr'><strong>explicare</strong></span> <span class='ocrx_word' id='word_1_722' title='bbox 1623 5090 1818 5143; x_wconf 83' lang='lat' dir='ltr'><strong>valeat.</strong></span> <span class='ocrx_word' id='word_1_723' title='bbox 1862 5091 1940 5142; x_wconf 79' lang='lat' dir='ltr'><strong>Ad</strong></span> <span class='ocrx_word' id='word_1_724' title='bbox 1965 5105 2129 5159; x_wconf 90' lang='lat' dir='ltr'><strong>quam</strong></span> <span class='ocrx_word' id='word_1_725' title='bbox 2171 5094 2401 5162; x_wconf 88' lang='lat' dir='ltr'><strong>proinde</strong></span> 
     </span>
    </p>
   </div>
   <div class='ocr_carea' id='block_1_100' title="bbox 829 5177 2402 5254">
    <p class='ocr_par' dir='ltr' id='par_1_100' title="bbox 829 5177 2402 5254">
     <span class='ocr_line' id='line_1_100' title="bbox 829 5177 2402 5254; baseline 0.006 -24"><span class='ocrx_word' id='word_1_726' title='bbox 829 5180 1050 5231; x_wconf 84' lang='lat' dir='ltr'><strong>divinus</strong></span> <span class='ocrx_word' id='word_1_727' title='bbox 1085 5177 1393 5246; x_wconf 54' lang='lat' dir='ltr'><strong>Theologus</strong></span> <span class='ocrx_word' id='word_1_728' title='bbox 1427 5190 1539 5231; x_wconf 91' lang='lat' dir='ltr'><strong>toto</strong></span> <span class='ocrx_word' id='word_1_729' title='bbox 1563 5180 1748 5233; x_wconf 91' lang='lat' dir='ltr'><strong>animo</strong></span> <span class='ocrx_word' id='word_1_730' title='bbox 1771 5183 2054 5245; x_wconf 84' lang='lat' dir='ltr'><strong>anhelans,</strong></span> <span class='ocrx_word' id='word_1_731' title='bbox 2082 5200 2292 5254; x_wconf 89' lang='lat' dir='ltr'><strong>nosque</strong></span> <span class='ocrx_word' id='word_1_732' title='bbox 2335 5202 2402 5239; x_wconf 91' lang='lat' dir='ltr'><strong>eo</strong></span> 
     </span>
    </p>
   </div>
   <div class='ocr_carea' id='block_1_101' title="bbox 835 5271 2400 5347">
    <p class='ocr_par' dir='ltr' id='par_1_101' title="bbox 835 5271 2400 5347">
     <span class='ocr_line' id='line_1_101' title="bbox 835 5271 2400 5347; baseline 0.006 -27"><span class='ocrx_word' id='word_1_733' title='bbox 835 5271 1153 5339; x_wconf 79' lang='lat' dir='ltr'><strong>pertrahere</strong></span> <span class='ocrx_word' id='word_1_734' title='bbox 1187 5281 1466 5338; x_wconf 66' lang='lat' dir='ltr'><strong>satagens,</strong></span> <span class='ocrx_word' id='word_1_735' title='bbox 1494 5273 1570 5325; x_wconf 88' lang='lat' dir='ltr'><strong>ait</strong></span> <span class='ocrx_word' id='word_1_736' title='bbox 1602 5293 1615 5326; x_wconf 88' lang='lat'><strong>:</strong></span> <span class='ocrx_word' id='word_1_737' title='bbox 1657 5271 1806 5338; x_wconf 80' lang='lat' dir='ltr'><strong>Veni,</strong></span> <span class='ocrx_word' id='word_1_738' title='bbox 1837 5274 2056 5329; x_wconf 79' lang='lat' dir='ltr'><strong>Domine</strong></span> <span class='ocrx_word' id='word_1_739' title='bbox 2096 5276 2222 5331; x_wconf 73' lang='lat' dir='ltr'><strong>Iesu</strong></span> <span class='ocrx_word' id='word_1_740' title='bbox 2244 5321 2257 5344; x_wconf 96' lang='lat'><strong>,</strong></span> <span class='ocrx_word' id='word_1_741' title='bbox 2310 5281 2400 5347; x_wconf 89' lang='lat' dir='ltr'><strong>qui</strong></span> 
     </span>
    </p>
   </div>
   <div class='ocr_carea' id='block_1_102' title="bbox 829 5359 2403 5432">
    <p class='ocr_par' dir='ltr' id='par_1_102' title="bbox 829 5359 2403 5432">
     <span class='ocr_line' id='line_1_102' title="bbox 829 5359 2403 5432; baseline 0.006 -20"><span class='ocrx_word' id='word_1_742' title='bbox 829 5375 892 5412; x_wconf 89' lang='lat' dir='ltr'><strong>ea</strong></span> <span class='ocrx_word' id='word_1_743' title='bbox 927 5359 1158 5414; x_wconf 84' lang='lat' dir='ltr'><strong>daturus</strong></span> <span class='ocrx_word' id='word_1_744' title='bbox 1189 5375 1266 5423; x_wconf 87' lang='lat' dir='ltr'><strong>es,</strong></span> <span class='ocrx_word' id='word_1_745' title='bbox 1298 5378 1416 5428; x_wconf 83' lang='lat' dir='ltr'><strong>qua:</strong></span> <span class='ocrx_word' id='word_1_746' title='bbox 1445 5364 1760 5431; x_wconf 63' lang='lat' dir='ltr'><strong>praeparasti</strong></span> <span class='ocrx_word' id='word_1_747' title='bbox 1789 5367 2013 5419; x_wconf 84' lang='lat' dir='ltr'><strong>sanctis.</strong></span> <span class='ocrx_word' id='word_1_748' title='bbox 2050 5367 2292 5432; x_wconf 83' lang='lat' dir='ltr'><strong>Quarum</strong></span> <span class='ocrx_word' id='word_1_749' title='bbox 2319 5385 2403 5423; x_wconf 90' lang='lat' dir='ltr'><strong>re-</strong></span> 
     </span>
    </p>
   </div>
   <div class='ocr_carea' id='block_1_103' title="bbox 829 5457 2405 5530">
    <p class='ocr_par' dir='ltr' id='par_1_103' title="bbox 829 5457 2405 5530">
     <span class='ocr_line' id='line_1_103' title="bbox 829 5457 2405 5530; baseline 0.009 -26"><span class='ocrx_word' id='word_1_750' title='bbox 829 5468 952 5505; x_wconf 86' lang='lat' dir='ltr'><strong>rum</strong></span> <span class='ocrx_word' id='word_1_751' title='bbox 986 5464 1333 5522; x_wconf 86' lang='lat' dir='ltr'><strong>conspectum</strong></span> <span class='ocrx_word' id='word_1_752' title='bbox 1369 5465 1421 5507; x_wconf 90' lang='lat' dir='ltr'><strong>et</strong></span> <span class='ocrx_word' id='word_1_753' title='bbox 1453 5470 1636 5518; x_wconf 91' lang='lat' dir='ltr'><strong>usum,</strong></span> <span class='ocrx_word' id='word_1_754' title='bbox 1670 5457 1875 5510; x_wconf 90' lang='lat' dir='ltr'><strong>utinam</strong></span> <span class='ocrx_word' id='word_1_755' title='bbox 1907 5474 2000 5527; x_wconf 88' lang='lat' dir='ltr'><strong>per</strong></span> <span class='ocrx_word' id='word_1_756' title='bbox 2039 5460 2235 5516; x_wconf 89' lang='lat' dir='ltr'><strong>ardens</strong></span> <span class='ocrx_word' id='word_1_757' title='bbox 2268 5461 2405 5530; x_wconf 81' lang='lat' dir='ltr'><strong>legis</strong></span> 
     </span>
    </p>
   </div>
   <div class='ocr_carea' id='block_1_104' title="bbox 832 5545 2405 5617">
    <p class='ocr_par' dir='ltr' id='par_1_104' title="bbox 832 5545 2405 5617">
     <span class='ocr_line' id='line_1_104' title="bbox 832 5545 2405 5617; baseline 0.006 -18"><span class='ocrx_word' id='word_1_758' title='bbox 832 5545 1116 5599; x_wconf 70' lang='lat' dir='ltr'><strong>servandte</strong></span> <span class='ocrx_word' id='word_1_759' title='bbox 1143 5545 1502 5612; x_wconf 85' lang='lat' dir='ltr'><strong>desiderium,</strong></span> <span class='ocrx_word' id='word_1_760' title='bbox 1532 5549 1812 5617; x_wconf 82' lang='lat' dir='ltr'><strong>animique</strong></span> <span class='ocrx_word' id='word_1_761' title='bbox 1839 5551 2138 5617; x_wconf 87' lang='lat' dir='ltr'><strong>lenitatem,</strong></span> <span class='ocrx_word' id='word_1_762' title='bbox 2165 5562 2218 5606; x_wconf 90' lang='lat' dir='ltr'><strong>et</strong></span> <span class='ocrx_word' id='word_1_763' title='bbox 2252 5567 2405 5608; x_wconf 73' lang='lat' dir='ltr'><strong>man~</strong></span> 
     </span>
    </p>
   </div>
   <div class='ocr_carea' id='block_1_105' title="bbox 831 5636 2403 5711">
    <p class='ocr_par' dir='ltr' id='par_1_105' title="bbox 831 5636 2403 5711">
     <span class='ocr_line' id='line_1_105' title="bbox 831 5636 2403 5711; baseline 0.006 -23"><span class='ocrx_word' id='word_1_764' title='bbox 831 5636 1197 5698; x_wconf 81' lang='lat' dir='ltr'><strong>suetudinem,</strong></span> <span class='ocrx_word' id='word_1_765' title='bbox 1245 5647 1295 5689; x_wconf 91' lang='lat' dir='ltr'><strong>et</strong></span> <span class='ocrx_word' id='word_1_766' title='bbox 1324 5640 1508 5692; x_wconf 88' lang='lat' dir='ltr'><strong>cordis</strong></span> <span class='ocrx_word' id='word_1_767' title='bbox 1558 5640 1921 5694; x_wconf 90' lang='lat' dir='ltr'><strong>humilitatem</strong></span> <span class='ocrx_word' id='word_1_768' title='bbox 1955 5653 2008 5696; x_wconf 91' lang='lat' dir='ltr'><strong>et</strong></span> <span class='ocrx_word' id='word_1_769' title='bbox 2055 5645 2403 5711; x_wconf 89' lang='lat' dir='ltr'><strong>munditiam,</strong></span> 
     </span>
    </p>
   </div>
   <div class='ocr_carea' id='block_1_106' title="bbox 833 5729 2406 5797">
    <p class='ocr_par' dir='ltr' id='par_1_106' title="bbox 833 5729 2406 5797">
     <span class='ocr_line' id='line_1_106' title="bbox 833 5729 2406 5797; baseline 0.008 -19"><span class='ocrx_word' id='word_1_770' title='bbox 833 5729 1126 5794; x_wconf 83' lang='lat' dir='ltr'><strong>aliquando</strong></span> <span class='ocrx_word' id='word_1_771' title='bbox 1173 5743 1599 5797; x_wconf 84' lang='lat' dir='ltr'><strong>consequamur.</strong></span> <span class='ocrx_word' id='word_1_772' title='bbox 1646 5733 1857 5786; x_wconf 77' lang='lat' dir='ltr'><strong>Etenim</strong></span> <span class='ocrx_word' id='word_1_773' title='bbox 1907 5749 1971 5788; x_wconf 83' lang='lat' dir='ltr'><strong>ex</strong></span> <span class='ocrx_word' id='word_1_774' title='bbox 2015 5736 2199 5789; x_wconf 88' lang='lat' dir='ltr'><strong>animo</strong></span> <span class='ocrx_word' id='word_1_775' title='bbox 2247 5751 2406 5790; x_wconf 88' lang='lat' dir='ltr'><strong>man-</strong></span> 
     </span>
    </p>
   </div>
   <div class='ocr_carea' id='block_1_107' title="bbox 832 5822 2405 5891">
    <p class='ocr_par' dir='ltr' id='par_1_107' title="bbox 832 5822 2405 5891">
     <span class='ocr_line' id='line_1_107' title="bbox 832 5822 2405 5891; baseline 0.01 -19"><span class='ocrx_word' id='word_1_776' title='bbox 832 5831 987 5873; x_wconf 88' lang='lat' dir='ltr'><strong>sueto</strong></span> <span class='ocrx_word' id='word_1_777' title='bbox 1020 5822 1290 5891; x_wconf 88' lang='lat' dir='ltr'><strong>cordeque</strong></span> <span class='ocrx_word' id='word_1_778' title='bbox 1317 5823 1504 5876; x_wconf 64' lang='lat' dir='ltr'><strong>humili</strong></span> <span class='ocrx_word' id='word_1_779' title='bbox 1531 5836 1581 5877; x_wconf 87' lang='lat' dir='ltr'><strong>ct</strong></span> <span class='ocrx_word' id='word_1_780' title='bbox 1612 5827 1834 5889; x_wconf 90' lang='lat' dir='ltr'><strong>mundo,</strong></span> <span class='ocrx_word' id='word_1_781' title='bbox 1862 5827 2082 5886; x_wconf 89' lang='lat' dir='ltr'><strong>humilis</strong></span> <span class='ocrx_word' id='word_1_782' title='bbox 2109 5838 2405 5888; x_wconf 78' lang='lat' dir='ltr'><strong>constans-</strong></span> 
     </span>
    </p>
   </div>
   <div class='ocr_carea' id='block_1_108' title="bbox 2504 4643 4079 4721">
    <p class='ocr_par' dir='ltr' id='par_1_108' title="bbox 2504 4643 4079 4721">
     <span class='ocr_line' id='line_1_108' title="bbox 2504 4643 4079 4721; baseline 0.006 -27"><span class='ocrx_word' id='word_1_783' title='bbox 2504 4643 2611 4712; x_wconf 83' lang='grc' dir='ltr'><strong>γάρ</strong></span> <span class='ocrx_word' id='word_1_784' title='bbox 2637 4646 2664 4695; x_wconf 85' lang='grc' dir='ltr'>ὁ</span> <span class='ocrx_word' id='word_1_785' title='bbox 2695 4643 2827 4707; x_wconf 75' lang='grc' dir='ltr'>Θεὸς</span> <span class='ocrx_word' id='word_1_786' title='bbox 2858 4645 3017 4713; x_wconf 83' lang='grc' dir='ltr'>ἡμῶν</span> <span class='ocrx_word' id='word_1_787' title='bbox 3043 4645 3152 4715; x_wconf 91' lang='grc' dir='ltr'><strong>πῦρ</strong></span> <span class='ocrx_word' id='word_1_788' title='bbox 3177 4646 3575 4700; x_wconf 83' lang='grc' dir='ltr'>καταναλίσκον</span> <span class='ocrx_word' id='word_1_789' title='bbox 3598 4666 3609 4677; x_wconf 87' lang='grc'><strong>·</strong></span> <span class='ocrx_word' id='word_1_790' title='bbox 3641 4653 3734 4702; x_wconf 72' lang='grc' dir='ltr'><strong>καὶ</strong></span> <span class='ocrx_word' id='word_1_791' title='bbox 3764 4650 3864 4721; x_wconf 80' lang='grc' dir='ltr'>τὴν</span> <span class='ocrx_word' id='word_1_792' title='bbox 3899 4652 4079 4703; x_wconf 78' lang='grc' dir='ltr'>καθα-</span> 
     </span>
    </p>
   </div>
   <div class='ocr_carea' id='block_1_109' title="bbox 2505 4736 4080 4812">
    <p class='ocr_par' dir='ltr' id='par_1_109' title="bbox 2505 4736 4080 4812">
     <span class='ocr_line' id='line_1_109' title="bbox 2505 4736 4080 4812; baseline 0.006 -26"><span class='ocrx_word' id='word_1_793' title='bbox 2505 4736 2615 4804; x_wconf 81' lang='grc' dir='ltr'><strong>ρῶς</strong></span> <span class='ocrx_word' id='word_1_794' title='bbox 2647 4737 2740 4787; x_wconf 69' lang='grc' dir='ltr'>καὶ</span> <span class='ocrx_word' id='word_1_795' title='bbox 2763 4736 3046 4800; x_wconf 81' lang='grc' dir='ltr'>ἀθολῶτως</span> <span class='ocrx_word' id='word_1_796' title='bbox 3074 4738 3224 4806; x_wconf 82' lang='grc' dir='ltr'><strong>αύτῴ</strong></span> <span class='ocrx_word' id='word_1_797' title='bbox 3251 4740 3692 4809; x_wconf 82' lang='grc' dir='ltr'>προσομιλοῦσαν</span> <span class='ocrx_word' id='word_1_798' title='bbox 3723 4742 3926 4812; x_wconf 72' lang='grc' dir='ltr'>ψυχὴν,</span> <span class='ocrx_word' id='word_1_799' title='bbox 3975 4745 4080 4796; x_wconf 71' lang='grc' dir='ltr'>κᾶν</span> 
     </span>
    </p>
   </div>
   <div class='ocr_carea' id='block_1_110' title="bbox 2505 4825 4082 4910">
    <p class='ocr_par' dir='ltr' id='par_1_110' title="bbox 2505 4825 4082 4910">
     <span class='ocr_line' id='line_1_110' title="bbox 2505 4825 4082 4910; baseline 0.006 -28"><span class='ocrx_word' id='word_1_800' title='bbox 2505 4825 2538 4900; x_wconf 81' lang='grc' dir='ltr'>ᾗ</span> <span class='ocrx_word' id='word_1_801' title='bbox 2569 4831 2954 4900; x_wconf 61' lang='grc' dir='ltr'>κατεψυγμένη</span> <span class='ocrx_word' id='word_1_802' title='bbox 2978 4835 3094 4894; x_wconf 90' lang='grc' dir='ltr'>ταῖς</span> <span class='ocrx_word' id='word_1_803' title='bbox 3125 4834 3444 4903; x_wconf 82' lang='grc' dir='ltr'>ἁμαρτίαις,</span> <span class='ocrx_word' id='word_1_804' title='bbox 3472 4833 3682 4904; x_wconf 83' lang='grc' dir='ltr'>θερμὴν</span> <span class='ocrx_word' id='word_1_805' title='bbox 3709 4838 3802 4888; x_wconf 79' lang='grc' dir='ltr'>καὶ</span> <span class='ocrx_word' id='word_1_806' title='bbox 3833 4835 4082 4910; x_wconf 78' lang='grc' dir='ltr'>[παντὸς]</span> 
     </span>
    </p>
   </div>
   <div class='ocr_carea' id='block_1_111' title="bbox 2507 4919 4083 5001">
    <p class='ocr_par' dir='ltr' id='par_1_111' title="bbox 2507 4919 4083 5001">
     <span class='ocr_line' id='line_1_111' title="bbox 2507 4919 4083 5001; baseline 0.008 -32"><span class='ocrx_word' id='word_1_807' title='bbox 2507 4919 2678 4989; x_wconf 79' lang='grc' dir='ltr'>πυρὸς</span> <span class='ocrx_word' id='word_1_808' title='bbox 2732 4922 3031 4974; x_wconf 89' lang='grc' dir='ltr'>καυστικοῦ</span> <span class='ocrx_word' id='word_1_809' title='bbox 3086 4923 3314 4992; x_wconf 87' lang='grc' dir='ltr'>γόνιμον</span> <span class='ocrx_word' id='word_1_810' title='bbox 3369 4925 3776 4994; x_wconf 77' lang='grc' dir='ltr'>ἀπεργάζεται·</span> <span class='ocrx_word' id='word_1_811' title='bbox 3831 4928 4083 5001; x_wconf 83' lang='grc' dir='ltr'>καθάπερ</span> 
     </span>
    </p>
   </div>
   <div class='ocr_carea' id='block_1_112' title="bbox 2507 5011 4084 5089">
    <p class='ocr_par' dir='ltr' id='par_1_112' title="bbox 2507 5011 4084 5089">
     <span class='ocr_line' id='line_1_112' title="bbox 2507 5011 4084 5089; baseline 0.006 -29"><span class='ocrx_word' id='word_1_812' title='bbox 2507 5011 2602 5060; x_wconf 77' lang='grc' dir='ltr'><strong>καὶ</strong></span> <span class='ocrx_word' id='word_1_813' title='bbox 2635 5013 2662 5062; x_wconf 87' lang='grc' dir='ltr'><strong>ὀ</strong></span> <span class='ocrx_word' id='word_1_814' title='bbox 2707 5011 2859 5078; x_wconf 76' lang='grc' dir='ltr'>ἥλιος</span> <span class='ocrx_word' id='word_1_815' title='bbox 2913 5011 3214 5083; x_wconf 70' lang='grc' dir='ltr'>ισφοδρῶς]</span> <span class='ocrx_word' id='word_1_816' title='bbox 3276 5012 3603 5084; x_wconf 87' lang='grc' dir='ltr'>ἐπιλάμπων</span> <span class='ocrx_word' id='word_1_817' title='bbox 3637 5016 3825 5069; x_wconf 84' lang='grc' dir='ltr'>σκεύει</span> <span class='ocrx_word' id='word_1_818' title='bbox 3883 5020 4084 5089; x_wconf 79' lang='grc' dir='ltr'>ὑαλίνῳ</span> 
     </span>
    </p>
   </div>
   <div class='ocr_carea' id='block_1_113' title="bbox 2510 5103 4086 5176">
    <p class='ocr_par' dir='ltr' id='par_1_113' title="bbox 2510 5103 4086 5176">
     <span class='ocr_line' id='line_1_113' title="bbox 2510 5103 4086 5176; baseline 0.009 -24"><span class='ocrx_word' id='word_1_819' title='bbox 2510 5103 2934 5172; x_wconf 86' lang='grc' dir='ltr'>πεπληρωμένῳ</span> <span class='ocrx_word' id='word_1_820' title='bbox 2962 5104 3173 5168; x_wconf 84' lang='grc' dir='ltr'>ὓδατος,</span> <span class='ocrx_word' id='word_1_821' title='bbox 3207 5105 3314 5176; x_wconf 90' lang='grc' dir='ltr'><strong>πῦρ</strong></span> <span class='ocrx_word' id='word_1_822' title='bbox 3342 5107 3550 5158; x_wconf 86' lang='grc' dir='ltr'>ἐκεῖθεν</span> <span class='ocrx_word' id='word_1_823' title='bbox 3579 5108 3764 5176; x_wconf 77' lang='grc' dir='ltr'>ἐξάγει</span> <span class='ocrx_word' id='word_1_824' title='bbox 3791 5113 3934 5165; x_wconf 84' lang='grc' dir='ltr'>κατά</span> <span class='ocrx_word' id='word_1_825' title='bbox 3963 5130 4086 5166; x_wconf 77' lang='grc' dir='ltr'>τινα</span> 
     </span>
    </p>
   </div>
   <div class='ocr_carea' id='block_1_114' title="bbox 2507 5197 4084 5277">
    <p class='ocr_par' dir='ltr' id='par_1_114' title="bbox 2507 5197 4084 5277">
     <span class='ocr_line' id='line_1_114' title="bbox 2507 5197 4084 5277; baseline 0.006 -29"><span class='ocrx_word' id='word_1_826' title='bbox 2507 5197 2763 5262; x_wconf 73' lang='grc' dir='ltr'>ἀνάζεσιν</span> <span class='ocrx_word' id='word_1_827' title='bbox 2795 5203 2886 5251; x_wconf 67' lang='grc' dir='ltr'><strong>καὶ</strong></span> <span class='ocrx_word' id='word_1_828' title='bbox 2916 5199 3253 5252; x_wconf 84' lang='grc' dir='ltr'>ἀνάκλασιν·</span> <span class='ocrx_word' id='word_1_829' title='bbox 3311 5202 3425 5268; x_wconf 80' lang='grc' dir='ltr'>εἴγε</span> <span class='ocrx_word' id='word_1_830' title='bbox 3483 5205 3576 5255; x_wconf 73' lang='grc' dir='ltr'><strong>καὶ</strong></span> <span class='ocrx_word' id='word_1_831' title='bbox 3629 5207 3789 5272; x_wconf 78' lang='grc' dir='ltr'>ἡμεῖς</span> <span class='ocrx_word' id='word_1_832' title='bbox 3847 5209 4084 5277; x_wconf 71' lang='grc' dir='ltr'>καθαρὸν</span> 
     </span>
    </p>
   </div>
   <div class='ocr_carea' id='block_1_115' title="bbox 2509 5289 4084 5368">
    <p class='ocr_par' dir='ltr' id='par_1_115' title="bbox 2509 5289 4084 5368">
     <span class='ocr_line' id='line_1_115' title="bbox 2509 5289 4084 5368; baseline 0.007 -28"><span class='ocrx_word' id='word_1_833' title='bbox 2509 5289 2599 5341; x_wconf 80' lang='grc' dir='ltr'>τὸν</span> <span class='ocrx_word' id='word_1_834' title='bbox 2627 5291 2752 5343; x_wconf 62' lang='grc' dir='ltr'>ναὸν</span> <span class='ocrx_word' id='word_1_835' title='bbox 2777 5290 2869 5342; x_wconf 86' lang='grc' dir='ltr'><strong>τοῦ</strong></span> <span class='ocrx_word' id='word_1_836' title='bbox 2898 5292 3216 5362; x_wconf 81' lang='grc' dir='ltr'>Πνεύματος</span> <span class='ocrx_word' id='word_1_837' title='bbox 3251 5294 3326 5355; x_wconf 82' lang='grc' dir='ltr'><strong>ῶς</strong></span> <span class='ocrx_word' id='word_1_838' title='bbox 3361 5295 3543 5358; x_wconf 73' lang='grc' dir='ltr'>ὑαλον,</span> <span class='ocrx_word' id='word_1_839' title='bbox 3589 5298 3644 5348; x_wconf 74' lang='grc' dir='ltr'>ἀ)</span> <span class='ocrx_word' id='word_1_840' title='bbox 3658 5297 3722 5348; x_wconf 79' lang='grc' dir='ltr'><strong>λά</strong></span> <span class='ocrx_word' id='word_1_841' title='bbox 3757 5299 3830 5368; x_wconf 79' lang='grc' dir='ltr'>μὴ</span> <span class='ocrx_word' id='word_1_842' title='bbox 3862 5301 4084 5366; x_wconf 67' lang='grc' dir='ltr'>πῄλινον</span> 
     </span>
    </p>
   </div>
   <div class='ocr_carea' id='block_1_116' title="bbox 2511 5383 4087 5459">
    <p class='ocr_par' dir='ltr' id='par_1_116' title="bbox 2511 5383 4087 5459">
     <span class='ocr_line' id='line_1_116' title="bbox 2511 5383 4087 5459; baseline 0.004 -27"><span class='ocrx_word' id='word_1_843' title='bbox 2511 5383 2542 5452; x_wconf 75' lang='grc' dir='ltr'>ἢ</span> <span class='ocrx_word' id='word_1_844' title='bbox 2569 5383 2891 5452; x_wconf 78' lang='grc' dir='ltr'>ὀστράκινον</span> <span class='ocrx_word' id='word_1_845' title='bbox 2930 5386 3024 5436; x_wconf 79' lang='grc' dir='ltr'><strong>καὶ</strong></span> <span class='ocrx_word' id='word_1_846' title='bbox 3051 5386 3150 5454; x_wconf 77' lang='grc' dir='ltr'>τῆς</span> <span class='ocrx_word' id='word_1_847' title='bbox 3184 5383 3333 5446; x_wconf 86' lang='grc' dir='ltr'>θείας</span> <span class='ocrx_word' id='word_1_848' title='bbox 3362 5387 3577 5449; x_wconf 84' lang='grc' dir='ltr'>ἀκτῖνος</span> <span class='ocrx_word' id='word_1_849' title='bbox 3606 5387 3978 5451; x_wconf 85' lang='grc' dir='ltr'>ἀνεπίδεκτον,</span> <span class='ocrx_word' id='word_1_850' title='bbox 4012 5389 4087 5459; x_wconf 76' lang='grc' dir='ltr'>τῷ</span> 
     </span>
    </p>
   </div>
   <div class='ocr_carea' id='block_1_117' title="bbox 2522 5475 4082 5546">
    <p class='ocr_par' dir='ltr' id='par_1_117' title="bbox 2522 5475 4082 5546">
     <span class='ocr_line' id='line_1_117' title="bbox 2522 5475 4082 5546; baseline 0.003 -20"><span class='ocrx_word' id='word_1_851' title='bbox 2522 5475 2687 5544; x_wconf 80' lang='grc' dir='ltr'>Ἡλίῳ</span> <span class='ocrx_word' id='word_1_852' title='bbox 2716 5477 2813 5544; x_wconf 80' lang='grc' dir='ltr'>τῆς</span> <span class='ocrx_word' id='word_1_853' title='bbox 2845 5477 3192 5545; x_wconf 85' lang='grc' dir='ltr'>δικαιοσύνης</span> <span class='ocrx_word' id='word_1_854' title='bbox 3242 5477 3583 5546; x_wconf 78' lang='grc' dir='ltr'>ἐπιδείξομεν</span> <span class='ocrx_word' id='word_1_855' title='bbox 3613 5495 3624 5506; x_wconf 89' lang='grc'><strong>·</strong></span> <span class='ocrx_word' id='word_1_856' title='bbox 3654 5478 3732 5543; x_wconf 70' lang='grc' dir='ltr'>ὃς,</span> <span class='ocrx_word' id='word_1_857' title='bbox 3760 5481 3967 5542; x_wconf 85' lang='grc' dir='ltr'>πάντας</span> <span class='ocrx_word' id='word_1_858' title='bbox 3996 5479 4082 5531; x_wconf 78' lang='grc' dir='ltr'>θέ-</span> 
     </span>
    </p>
   </div>
   <div class='ocr_carea' id='block_1_118' title="bbox 2512 5566 4087 5638">
    <p class='ocr_par' dir='ltr' id='par_1_118' title="bbox 2512 5566 4087 5638">
     <span class='ocr_line' id='line_1_118' title="bbox 2512 5566 4087 5638; baseline 0.005 -22"><span class='ocrx_word' id='word_1_859' title='bbox 2512 5566 2620 5618; x_wconf 92' lang='grc' dir='ltr'><strong>λων</strong></span> <span class='ocrx_word' id='word_1_860' title='bbox 2649 5566 2888 5638; x_wconf 82' lang='grc' dir='ltr'>σωθῆναι</span> <span class='ocrx_word' id='word_1_861' title='bbox 2921 5568 3016 5619; x_wconf 72' lang='grc' dir='ltr'>καὶ</span> <span class='ocrx_word' id='word_1_862' title='bbox 3048 5570 3124 5628; x_wconf 81' lang='grc' dir='ltr'><strong>είς</strong></span> <span class='ocrx_word' id='word_1_863' title='bbox 3153 5567 3449 5635; x_wconf 81' lang='grc' dir='ltr'>ἐπίγνωσιν</span> <span class='ocrx_word' id='word_1_864' title='bbox 3473 5568 3731 5638; x_wconf 78' lang='grc' dir='ltr'>ἀληθείας</span> <span class='ocrx_word' id='word_1_865' title='bbox 3758 5570 3956 5633; x_wconf 80' lang='grc' dir='ltr'>ἐλθεῖν,</span> <span class='ocrx_word' id='word_1_866' title='bbox 3986 5574 4087 5624; x_wconf 80' lang='grc' dir='ltr'><strong>πᾶ·</strong></span> 
     </span>
    </p>
   </div>
   <div class='ocr_carea' id='block_1_119' title="bbox 2517 5658 4087 5730">
    <p class='ocr_par' dir='ltr' id='par_1_119' title="bbox 2517 5658 4087 5730">
     <span class='ocr_line' id='line_1_119' title="bbox 2517 5658 4087 5730; baseline 0.006 -22"><span class='ocrx_word' id='word_1_867' title='bbox 2517 5675 2601 5710; x_wconf 85' lang='grc' dir='ltr'><strong>σιν</strong></span> <span class='ocrx_word' id='word_1_868' title='bbox 2626 5658 2930 5726; x_wconf 73' lang='grc' dir='ltr'>ἐπιλάμπει</span> <span class='ocrx_word' id='word_1_869' title='bbox 2955 5660 3056 5728; x_wconf 79' lang='grc' dir='ltr'><strong>τῆς</strong></span> <span class='ocrx_word' id='word_1_870' title='bbox 3091 5661 3297 5722; x_wconf 87' lang='grc' dir='ltr'>οἰκείας</span> <span class='ocrx_word' id='word_1_871' title='bbox 3331 5659 3526 5728; x_wconf 82' lang='grc' dir='ltr'>αῖγλης</span> <span class='ocrx_word' id='word_1_872' title='bbox 3556 5661 3652 5730; x_wconf 79' lang='grc' dir='ltr'>τὴν</span> <span class='ocrx_word' id='word_1_873' title='bbox 3679 5663 3838 5730; x_wconf 87' lang='grc' dir='ltr'>χάριν</span> <span class='ocrx_word' id='word_1_874' title='bbox 3869 5663 4087 5717; x_wconf 74' lang='grc' dir='ltr'>ἀκώλυο</span> 
     </span>
    </p>
   </div>
   <div class='ocr_carea' id='block_1_120' title="bbox 2513 5751 4096 5824">
    <p class='ocr_par' dir='ltr' id='par_1_120' title="bbox 2513 5751 4096 5824">
     <span class='ocr_line' id='line_1_120' title="bbox 2513 5751 4096 5824; baseline 0.004 -22"><span class='ocrx_word' id='word_1_875' title='bbox 2513 5768 2604 5803; x_wconf 87' lang='grc' dir='ltr'><strong>τον</strong></span> <span class='ocrx_word' id='word_1_876' title='bbox 2625 5767 2636 5777; x_wconf 83' lang='grc'><strong>’</strong></span> <span class='ocrx_word' id='word_1_877' title='bbox 2667 5751 2956 5820; x_wconf 79' lang='grc' dir='ltr'>μετέχεται</span> <span class='ocrx_word' id='word_1_878' title='bbox 2983 5753 3039 5804; x_wconf 79' lang='grc' dir='ltr'><strong>δὲ</strong></span> <span class='ocrx_word' id='word_1_879' title='bbox 3078 5753 3208 5823; x_wconf 85' lang='grc' dir='ltr'>παρ’</span> <span class='ocrx_word' id='word_1_880' title='bbox 3235 5753 3465 5805; x_wconf 86' lang='grc' dir='ltr'>ἐκάστου</span> <span class='ocrx_word' id='word_1_881' title='bbox 3494 5754 3627 5823; x_wconf 76' lang='grc' dir='ltr'>πρὸς</span> <span class='ocrx_word' id='word_1_882' title='bbox 3659 5755 3716 5806; x_wconf 71' lang='grc' dir='ltr'><strong>τὸ</strong></span> <span class='ocrx_word' id='word_1_883' title='bbox 3745 5755 3946 5824; x_wconf 81' lang='grc' dir='ltr'>μέτρον</span> <span class='ocrx_word' id='word_1_884' title='bbox 3992 5756 4096 5824; x_wconf 76' lang='grc' dir='ltr'>τῆς</span> 
     </span>
    </p>
   </div>
   <div class='ocr_carea' id='block_1_121' title="bbox 2515 5843 4087 5919">
    <p class='ocr_par' dir='ltr' id='par_1_121' title="bbox 2515 5843 4087 5919">
     <span class='ocr_line' id='line_1_121' title="bbox 2515 5843 4087 5919; baseline 0.003 -24"><span class='ocrx_word' id='word_1_885' title='bbox 2515 5843 2625 5900; x_wconf 87' lang='grc' dir='ltr'><strong>τῶν</strong></span> <span class='ocrx_word' id='word_1_886' title='bbox 2651 5846 2861 5916; x_wconf 83' lang='grc' dir='ltr'>νοητῶν</span> <span class='ocrx_word' id='word_1_887' title='bbox 2891 5845 3192 5915; x_wconf 71' lang='grc' dir='ltr'>ὀφθαλμῶν</span> <span class='ocrx_word' id='word_1_888' title='bbox 3238 5845 3613 5918; x_wconf 81' lang='grc' dir='ltr'>καθαρότητος</span> <span class='ocrx_word' id='word_1_889' title='bbox 3636 5863 3650 5876; x_wconf 88' lang='grc'><strong>·</strong></span> <span class='ocrx_word' id='word_1_890' title='bbox 3704 5850 3768 5915; x_wconf 67' lang='grc' dir='ltr'><strong>ἢν</strong></span> <span class='ocrx_word' id='word_1_891' title='bbox 3819 5849 4087 5919; x_wconf 76' lang='grc' dir='ltr'>εἰλικρινῆ</span> 
     </span>
    </p>
   </div>
  </div>
