4282 6440
279 395 386 459 489
1372 389 1577 450 JOAN.
1626 384 1963 449 IlENTENl

1835 383 1996 445 ENll
2041 377 2459 441 PREFATIO.
3420 370 3526 438 490

284 505 587 561 interemit.
627 507 682 561 ll
713 505 930 560 duribus
983 505 1036 558 in
1083 504 1218 559 locis
1255 507 1449 559 asserit
1494 503 1884 564 'l‘ertullianus,
1921 498 2134 550 vieirrrrs
2183 494 2497 547 eorumdcu;
2549 488 2918 560 apostolorum
2969 487 3323 555 temporibus.
3384 487 3529 543 Item

282 611 505 662 qrroque
542 593 999 647 haln-tEuscbius
1045 593 1187 646 libro
1219 591 1293 646 De
1323 575 1772 645 derrzonstrationc
1805 586 2100 654 evangelica
2139 600 2156 636 :
2198 596 2508 650 quanquam
2543 582 2595 633 in
2627 577 2904 632 Chronicis
2957 584 3011 630 et
3065 576 3118 628 itr
3160 574 3535 631 Ecclesiastica

290 680 535 733 Historia
562 680 711 734 dicat
740 682 789 734 id
819 682 920 735 sub
946 680 1254 733 Domitiano
1272 680 1588 748 contigisse,
1622 677 1764 746 quod
1790 685 1842 730 et
1871 673 2236 742 Hieronymus
2260 681 2312 722 et
2339 671 2523 738 plures
2554 668 2645 722 alii
2678 675 3008 736 sequuntur.
3042 662 3242 718 Verum
3272 665 3356 718 his
3386 664 3540 717 libris

287 779 550 834 tanquam
603 767 879 836 prioribrts
928 767 1088 821 annis
1123 767 1362 834 scriptis,
1414 781 1520 819 non
1555 764 1814 817 tribuitur
1845 773 1994 818 tanta
2044 761 2364 822 auctoritas,
2397 769 2597 828 qrrarrta
2631 759 2679 812 ei
2710 759 2805 828 qui
2839 756 2915 810 De
2948 753 3425 809 demonstratione
3458 762 3543 807 est

284 855 622 924 evangelica,
668 864 854 926 utpote
883 855 1156 922 posterius
1197 865 1360 923 atque
1390 852 1732 907 emendatius
1778 853 2080 906 elaborato.
2129 849 2241 904 lloc
2298 851 2482 917 itaque
2514 846 2700 900 habito
2725 845 2872 915 quod
2917 843 3118 911 scripta
3152 842 3222 895 sit
3259 843 3311 894 itr
3346 843 3541 895 I‘atmo

286 941 638 1010 Apocalypsis
697 951 823 995 ante
880 940 1389 1011 Hierosolymorum
1435 939 1732 1004 excilium,
1762 937 2156 1008 quadrifariam
2203 938 2318 1005 ipsa
2361 934 2535 989 secari
2577 941 2794 1002 potest:
2840 931 2911 985 ita
2948 939 3010 985 ut
3041 930 3439 998 complectatur
3474 929 3542 983 ab

286 1032 513 1083 exordio
542 1032 608 1084 ad
645 1043 859 1085 sextum
917 1046 1095 1099 usque
1139 1040 1304 1099 eaprrt
1352 1029 1746 1083 instructiones
1787 1027 2156 1081 Ecclesiarrnn
2194 1025 2360 1086 Asize,
2405 1021 2789 1074 interrniscens
2818 1029 2872 1073 et
2913 1019 3232 1089 prophetica
3267 1016 3334 1071 de
3372 1016 3542 1072 variis

289 1119 588 1173 limresihus
621 1139 633 1174 :
667 1121 734 1174 de
762 1121 960 1191 quibus
994 1130 1048 1174 et
1078 1119 1415 1190 Epiphanius
1452 1120 1503 1171 itr
1555 1133 1657 1172 suo
1693 1116 1966 1170 Pauor-imi
2023 1114 2180 1166 libro.
2215 1114 2256 1164 A
2288 1121 2440 1164 sexto
2457 1109 2632 1177 capite
2664 1121 2836 1174 usque
2868 1107 2935 1158 ad
2971 1107 3255 1160 duodecim
3296 1104 3547 1158 contine-

290 1217 378 1260 tur
412 1207 707 1278 Synagogze
729 1209 1033 1277 abrogatio.
1074 1208 1114 1262 Δ
1146 1207 1476 1262 duodecimo
1509 1221 1681 1274 usque
1718 1205 1784 1259 ad
1821 1205 2091 1258 decimum
2129 1217 2359 1265 nonum,
2395 1199 2668 1254 excidium
2703 1198 2997 1267 gentilismi
3029 1198 3130 1250 sub
3161 1209 3286 1267 typo
3316 1197 3538 1265 potissi-

291 1311 441 1348 rnunt
469 1295 763 1367 Babylonis
790 1312 854 1350 ac
904 1295 1090 1350 ﬂorum
1112 1313 1232 1365 qua:
1279 1294 1510 1348 habebat
1542 1307 1749 1362 septem
1781 1291 1969 1354 colles,
1999 1291 2090 1360 qui
2133 1290 2219 1344 hic
2245 1289 2508 1343 dicuntur
2539 1302 2662 1342 esse
2689 1301 2899 1339 cornua
2943 1286 3126 1339 bestia:
3165 1301 3330 1354 super
3373 1302 3540 1354 quant

295 1385 554 1437 meretrix
586 1387 700 1437 sive
735 1383 1039 1437 idololatria
1077 1394 1172 1437 aut
1200 1384 1543 1452 gentilisnius
1567 1383 1738 1435 sedet.
1771 1380 1825 1434 Iri
1861 1380 1945 1432 his
1976 1379 2120 1431 enim
2159 1378 2386 1432 rrrbihus
2427 1377 2695 1446 praecipue
2733 1375 2946 1442 vigebat
2976 1374 3342 1440 gentilisnnrs.
3373 1376 3409 1425 A
3445 1374 3541 1427 de-

288 1473 433 1524 cimo
465 1488 610 1526 nono
646 1471 825 1541 capite
867 1487 1041 1542 usque
1072 1473 1124 1526 in
1158 1472 1319 1526 [luem
1364 1474 1540 1539 agitur
1573 1471 1638 1523 de
1673 1485 1838 1537 regno
1868 1467 2070 1522 Christi
2097 1467 2150 1520 in
2176 1465 2426 1534 prrcsenti
2468 1464 2733 1528 Ecclesia,
2763 1463 2942 1516 addita
2977 1479 3099 1531 r-ap.
3135 1479 3198 1514 xv
3250 1463 3438 1515 ultima
3479 1465 3546 1515 de

293 1559 464 1625 ipsius
497 1559 737 1614 inimicis
767 1559 1016 1614 victoria.

361 1693 537 1759 Atque
591 1690 705 1745 hare
750 1692 800 1745 in
849 1692 1168 1746 universum
1216 1691 1358 1745 dicta
1411 1691 1560 1744 sint:
1590 1705 1713 1744 nam
1771 1689 2000 1758 singulis
2036 1687 2184 1741 varia
2210 1687 2655 1750 commiscentur,
2686 1687 2777 1740 scd
2811 1685 2876 1739 de
2907 1686 3279 1754 singularibus
3307 1699 3413 1737 non
3462 1694 3546 1739 est

289 1791 500 1832 eertum
533 1779 665 1835 dare
700 1780 966 1846 judicium
993 1796 1007 1833 :
1037 1795 1138 1834 uec
1169 1780 1284 1833 ﬁeri
1323 1789 1503 1849 potest
1535 1787 1594 1831 ut
1626 1779 1752 1832 data
1785 1779 1980 1847 quavis
2022 1776 2372 1830 enarratione
2397 1775 2609 1843 singula
2642 1785 2764 1844 apte
2793 1772 3064 1843 quadrent
3094 1789 3106 1824 :
3150 1773 3242 1826 sed
3282 1773 3416 1826 satis
3441 1775 3545 1824 erit

291 1867 334 1919 si
372 1870 422 1921 in
459 1883 658 1938 genere
694 1868 958 1923 habeatur
990 1869 1120 1938 qrrid
1155 1868 1384 1936 singulis
1419 1867 1687 1937 capitibus
1716 1866 2028 1935 signiﬁcare
2065 1867 2217 1919 velit.
2246 1865 2406 1920 Juxta
2453 1866 2594 1918 hanc
2633 1863 3048 1933 dispositionem
3087 1877 3192 1915 non
3245 1863 3542 1916 admodum

292 1957 564 2011 videbitur
591 1955 892 2011 absurdrrm
927 1952 1157 2027 id'quod
1190 1959 1358 2011 scntit
1383 1955 1621 2011 Joannes
1661 1957 1874 2010 Annius
1919 1953 2278 2010 \‘itcrbiensis
2325 1956 2379 2008 in
2438 1954 2850 2020 Qumstionihus
2908 1967 3072 2021 super
3121 1953 3502 2023 Apocalypsim
3529 1993 3542 2013 ,

291 2044 609 2112 qrras'niisit
660 2060 724 2098 ac
755 2044 1025 2099 dedicavit
1054 2058 1271 2100 summo
1296 2046 1534 2114 pontilici
1575 2045 1731 2099 Sixto
1757 2053 1950 2115 qrrarto
1979 2047 2308 2115 regibusque
2331 2045 2662 2100 Christianis
2699 2063 2710 2098 :
2743 2043 2888 2114 quod
2941 2043 3114 2097 bestia
3163 2059 3324 2111 quam
3375 2045 3545 2098 inter-

292 2143 578 2201 pretantur
609 2133 980 2187 communiter
1010 2133 1437 2199 Antichristum,
1479 2134 1545 2187 de
1577 2148 1683 2202 qua
1720 2137 1889 2202 Apoc.
1928 2150 2022 2186 xui
2057 2136 2402 2204 potissimum
2426 2151 2570 2204 cap.,
2602 2149 2724 2204 qua:
2771 2132 3019 2187 ascendit
3051 2135 3115 2186 de
3149 2141 3292 2186 terra
3339 2132 3544 2187 habens

291 2223 401 2276 duo
431 2237 636 2277 cornua
667 2222 867 2277 similia
898 2221 1050 2292 agni,
1087 2223 1318 2291 loquens
1347 2233 1528 2276 tamen
1562 2223 1705 2277 sicut
1735 2223 1900 2276 draco
1928 2225 2021 2292 qui
2053 2233 2135 2277 est
2169 2233 2222 2277 et
2259 2224 2511 2288 Satanas,
2549 2223 2642 2293 qtti
2677 2222 2934 2276 virtrrtenr
2982 2238 3045 2276 ac
3077 2222 3260 2276 sedem
3309 2237 3462 2276 srrarrr
3493 2233 3548 2276 et

293 2321 614 2377 potestatem
649 2325 900 2380 magnam
972 2310 1195 2365 dederat
1225 2311 1391 2380 priori
1441 2310 1645 2374 bestiae,
1685 2326 1877 2380 nempe
1903 2316 2236 2384 gentilismo,
2283 2327 2337 2369 et
2367 2315 2563 2368 exinde
2593 2322 2753 2367 sectae
2786 2313 3150 2378 Saraecnicm,
3196 2313 3267 2367 sit
3313 2312 3547 2382 pseudo-

293 2402 556 2470 propheta
589 2398 1002 2455 Mahumethes:
1038 2403 1130 2472 qui
1164 2416 1477 2472 quanquam
1519 2411 1644 2455 ante
1668 2403 1932 2472 plurimos
1976 2391 2149 2459 annos
2184 2415 2433 2458 rnortrrus
2464 2404 2555 2467 sit,
2589 2404 2710 2473 ejus
2745 2412 2926 2456 tamen
2968 2411 3138 2465 secta,
3171 2417 3365 2470 nempe
3398 2403 3550 2472 prior

295 2491 489 2551 bestia,
521 2495 623 2543 lretr
651 2491 663 2543 !
701 2490 832 2544 vivit
853 2491 1149 2544 etiamnum
1173 2531 1186 2555 ,
1220 2490 1559 2559 nimiumque
1589 2500 1873 2560 grassatur
1902 2491 2161 2546 adversus
2193 2490 2285 2544 Dei
2323 2489 2581 2560 populum
2616 2509 2627 2544 :
2663 2490 2824 2560 idque
2861 2490 3065 2543 tamdiu
3095 2489 3314 2544 durabit
3350 2490 3547 2554 donec,

289 2579 445 2647 juxta
482 2580 768 2649 septirrrurn
801 2590 967 2650 caput
997 2579 1256 2645 Danielis,
1302 2595 1530 2650 regnum
1565 2581 1724 2634 detur
1754 2581 1954 2652 popqu
2006 2589 2326 2632 sanctorum
2371 2578 2636 2632 Altissimi
2669 2597 2680 2632 :
2736 2591 2933 2644 nempe
2965 2591 3111 2640 cum,
3172 2586 3293 2646 post
3332 2579 3547 2649 lorrgarrr

296 2682 484 2736 pacein
511 2682 574 2721 ac
606 2669 962 2722 sccrrritaterrr
991 2669 1393 2732 intermediam,
1421 2684 1638 2724 rursum
1672 2670 1929 2723 adversus
1961 2668 2107 2720 lrrrrrc
2139 2666 2232 2719 Dei
2255 2667 2514 2736 pepulum
2547 2665 2955 2735 pugnansdieta
2989 2667 3159 2718 bestia
3188 2681 3309 2718 cum
3345 2668 3548 2736 ingenti

291 2754 559 2817 exercitu,
588 2755 875 2824 designato
913 2771 1005 2825 per
1032 2755 1148 2824 Gog
1177 2765 1231 2809 ct
1264 2755 1457 2825 Magog
1489 2757 1578 2822 (de
1608 2772 1717 2824 quo
1739 2755 1938 2809 Ezccli.
1971 2771 2088 2824 cap.
2126 2771 2329 2807 xxxviii
2360 2765 2415 2808 et
2444 2770 2632 2819 uvis,
2664 2763 2713 2808 et
2744 2753 2914 2823 Apoc.
2969 2754 3080 2822 tu).
3109 2755 3310 2824 ingenti
3338 2753 3487 2808 clade
3521 2772 3550 2810 a

299 2841 409 2896 Deo
436 2853 892 2911 prosternerrtur,
921 2843 1382 2912 quemadmodum
1413 2843 1615 2898 dicitur
1671 2844 1805 2897 locis
1853 2843 2015 2897 modo
2056 2843 2237 2895 citatis
2272 2861 2283 2896 :
2323 2851 2445 2911 post
2468 2843 2612 2911 quod
2643 2858 2770 2896 vera
2823 2852 2870 2895 et
2913 2845 3149 2909 μοι-ιριιει
3206 2857 3307 2912 pax
3345 2843 3450 2897 erit
3497 2845 3550 2898 in

297 2928 543 2983 Ecclesia
585 2946 649 2984 ac
693 2944 863 2998 purus
914 2930 1005 2983 Dei
1056 2929 1242 2984 cultus
1267 2932 1336 2983 ab
1367 2932 1518 2984 omni
1551 2931 1742 2984 haeresi
1783 2940 1832 2985 ct
1865 2933 2244 3000 persecutione
2281 2946 2571 3004 separatus
2610 2953 2622 2987 :
2654 2934 3117 3004 quemadmodum
3154 2945 3552 3004 consequenter

295 3020 617 3093 describunt
656 3020 912 3075 Ezechiel
941 3034 1065 3089 cap.
1096 3035 1163 3073 ιιι.
1195 3029 1249 3074 et
1275 3021 1663 3090 sequentibus,
1689 3033 1741 3075 et
1778 3022 1948 3090 Apoc.
1987 3035 2100 3085 xxi,
2133 3037 2262 3075 un.
2294 3019 2358 3074 Et
2387 3023 2514 3092 quia
2552 3025 2668 3077 hate
2701 3023 3027 3092 populorrrrrr
3076 3022 3142 3074 ad
3194 3023 3395 3077 bellnrrr
3449 3023 3553 3079 hoc

297 3119 635 3177 postremum
668 3110 1020 3180 congregatio
1057 3110 1284 3180 ipsaque
1321 3125 1520 3180 pugna,
1556 3111 1729 3163 multo
1764 3121 2009 3180 tenrpore
2048 3111 2265 3165 durabit
2313 3127 2438 3165 eum
2475 3127 2672 3182 magna
2725 3110 3171 3166 Christianorum
3221 3112 3511 3168 alllictioue
3534 3155 3550 3176 .

299 3199 424 3252 ideo
458 3199 829 3252 communiter
883 3198 1189 3269 appellatur
1222 3198 1561 3253 novissimus
1601 3199 1922 3252 Antichristi
1950 3198 2238 3266 adventus,
2275 3201 2377 3254 hoc
2407 3207 2675 3255 cstsecta:
2703 3199 2845 3269 ejrrs,
2875 3214 2998 3268 qua:
3041 3199 3131 3254 hic
3173 3200 3372 3256 dicitur
3401 3203 3553 3271 prior

299 3286 494 3352 bestia,
526 3285 612 3340 crri
638 3286 824 3351 draco,
868 3286 921 3340 id
955 3294 1040 3341 est
1069 3286 1325 3349 Satanas,
1359 3286 1510 3340 dedit
1539 3286 1799 3340 virtutem
1855 3302 1919 3341 ac
1954 3287 2140 3342 sedem
2170 3303 2325 3342 suanr
2363 3298 2417 3342 et
2460 3295 2782 3358 potestatem
2824 3302 3100 3360 magnam.
3147 3287 3553 3346 Convenienter

298 3390 433 3443 ergo
469 3385 714 3429 tractans
751 3376 840 3429 hic
868 3375 1154 3444 apostolus
1183 3376 1250 3428 de
1273 3374 1489 3428 excidio
1521 3375 1834 3443 gentilisnri,
1868 3376 2030 3429 etiam
2058 3378 2399 3432 internriscet
2421 3377 2744 3450 gravitatem
2778 3377 3175 3447 persecutionis
3200 3390 3358 3434 secta:
3391 3381 3553 3435 Sara-

297 3463 502 3517 cctrica:
525 3463 755 3531 ejrrsque
786 3462 1217 3516 subversionem.
1262 3461 1448 3531 Neque
1481 3461 1563 3515 his
1597 3463 1820 3517 obviare
1857 3464 2228 3536 videturquod
2265 3468 2338 3520 ait
2372 3468 2664 3536 Apostolus
2692 3467 2737 3521 ll
2764 3467 2957 3524 Thess.
2987 3485 3046 3532 rt,
3075 3469 3218 3539 quod
3246 3470 3366 3538 ejus
3404 3489 3422 3522 r
3454 3472 3552 3524 ad-

301 3560 497 3606 ventus
521 3553 592 3606 sit
626 3552 930 3605 sceundunr
987 3553 1358 3621 operationem
1420 3551 1634 3606 Salaria:
1676 3555 1727 3606 in
1783 3553 1953 3623 signis
1985 3570 2048 3606 ac
2100 3553 2358 3622 prodigiis
2395 3554 2752 3609 men-lacibus
2791 3566 2851 3610 et
2898 3573 3022 3610 cum
3058 3558 3207 3611 orrrrri
3233 3557 3554 3629 deceptione

305 3642 584 3711 injustitiaz
615 3643 668 3694 in
710 3641 794 3695 his
832 3642 926 3711 qui
949 3651 1199 3711 pereunt,
1235 3643 1491 3712 quodque
1517 3642 1777 3696 cﬂ'eralur
1807 3644 2070 3697 adversus
2103 3656 2318 3696 onmem
2352 3642 2443 3710 qui
2483 3642 2688 3696 dicitur
2736 3643 2880 3698 Deus
2927 3653 3023 3699 aut
3061 3661 3287 3708 numen,
3330 3645 3468 3700 adeo
3497 3658 3556 3701 ut

306 3735 360 3784 in
391 3731 590 3800 templo
628 3730 720 3783 Dei
769 3738 1031 3799 tanquam
1073 3729 1214 3783 Deus
1251 3730 1459 3795 sedeat,
1496 3739 1784 3785 ostentans
1828 3732 2069 3800 seipsuni
2117 3746 2238 3785 esse
2289 3732 2499 3784 Deum:
2531 3747 2693 3801 quem
2739 3733 3035 3799 Dominus,
3071 3735 3269 3804 inquit,
3307 3737 3558 3792 conﬁciet

305 3820 502 3888 spiritu
540 3819 653 3872 eris
705 3817 812 3882 sui,
853 3828 905 3870 et
964 3817 1199 3871 abolebit
1249 3818 1499 3872 claritate
1545 3818 1810 3873 adventus
1861 3820 1967 3873 srri.
2011 3838 2029 3870 ι
2074 3817 2149 3872 Ex
2170 3835 2279 3889 quo
2308 3828 2361 3873 et
2399 3821 2565 3874 etiant
2592 3821 2720 3890 quia
2749 3822 3090 3890 prmmiscrat
3120 3837 3229 3876 non
3264 3833 3555 3878 venturum

304 3923 428 3963 esse
460 3906 748 3961 Dominurrt
783 3907 890 3959 nisi
922 3906 1077 3976 prius
1115 3907 1447 3960 revelat-ctur
1489 3907 1574 3960 hic
1606 3907 1769 3960 homo
1797 3909 2002 3977 peccati
2034 3907 2177 3961 titius
2213 3907 2559 3975 perditionis,
2602 3907 2830 3962 irmuere
2850 3908 3083 3974 videtur,
3111 3908 3166 3962 in
3199 3909 3362 3979 hujus
3393 3912 3560 3966 inter-

305 3997 584 4068 emptione
619 3997 803 4051 statim
841 4007 1129 4049 venturum
1164 4010 1286 4048 esse
1340 3994 1620 4050 Christum
1650 3995 1715 4049 ad
1746 3995 2032 4065 judicium.
2067 3996 2214 4057 Ihec,
2251 3995 2500 4063 inquam,
2535 4009 2640 4048 non
2687 3995 2932 4050 obstant.
2973 3994 3215 4050 Primum
3255 3999 3400 4052 enim
3443 4015 3560 4053 ma-

309 4088 570 4143 nifestum
595 4094 676 4139 est
714 4099 904 4138 verrrrn
932 4098 1054 4138 eSsc
1081 4098 1186 4137 non
1223 4094 1514 4136 verrturrrrn
1537 4098 1661 4138 esse
1689 4083 1979 4137 Dominum
2017 4087 2122 4139 nisi
2177 4087 2262 4140 ille
2294 4085 2591 4150 reveletur,
2630 4102 2755 4139 cum
2800 4086 3126 4156 jamdudum
3156 4086 3247 4142 ille
3289 4090 3561 4146 revelatrrs

308 4177 399 4240 sit,
441 4177 553 4230 imo
573 4183 626 4228 et
659 4182 910 4227 ruorturrs
946 4173 999 4226 iu
1035 4186 1134 4226 sua
1183 4186 1415 4240 persona
1447 4188 1462 4225 :
1498 4187 1660 4241 quem
1695 4181 1877 4226 tamen
1923 4171 2193 4226 Dominus
2223 4172 2576 4227 conlecturus
2598 4174 2800 4228 dicitur
2831 4175 3026 4245 spiritu
3052 4217 3065 4240 ,
3093 4186 3224 4241 etc.,
3254 4177 3380 4247 quia
3418 4180 3561 4236 sicut

309 4269 362 4320 in
390 4265 562 4319 sacris
589 4263 808 4318 Litteris
837 4262 1149 4331 frequenter
1176 4269 1261 4314 est
1283 4260 1597 4329 metaphora
1620 4275 1651 4314 a
1679 4261 1857 4330 capite
1882 4259 2104 4315 Christo
2131 4261 2198 4315 ad
2229 4263 2349 4332 ejus
2376 4263 2643 4328 membra,
2666 4279 2787 4332 quae
2810 4264 2973 4317 simul
3020 4279 3143 4318 crint
3185 4281 3252 4320 eo
3289 4281 3448 4319 unatrr
3479 4268 3563 4319 tli-

250 4390 252 4392 τ
310 4364 512 4407 ctrrrtur
553 4351 884 4406 constituere
934 4363 1221 4418 personam
1256 4366 1268 4400 :
1305 4357 1353 4401 et
1383 4349 1525 4416 quod
1548 4348 1616 4402 de
1633 4347 1852 4402 Christo
1885 4348 2104 4411 dicitur,
2140 4354 2338 4419 sarpius
2365 4353 2416 4403 in
2459 4352 2633 4420 ipsius
2668 4352 2928 4405 membris
2951 4355 3255 4422 eorrrpletur
3287 4367 3378 4409 :et
3405 4357 3551 4425 quod

310 4442 378 4494 de
407 4439 600 4504 Jacob,
642 4440 696 4491 in
752 4436 880 4491 ﬁliis
913 4436 1075 4489 Israel
1114 4454 1126 4489 :
1162 4435 1233 4488 ita
1282 4437 1446 4488 etiam
1475 4435 1675 4490 dicitrtr
1724 4451 1752 4489 a
1807 4435 2038 4490 Domino
2090 4440 2464 4493 conticiendus
2506 4440 2559 4492 in
2597 4449 2878 4508 postremo
2921 4449 3086 4494 sectae
3135 4440 3257 4509 ejus
3300 4443 3565 4500 adversus

310 4527 654 4581 Christianos
690 4523 894 4593 ingenti
926 4523 1144 4592 ιιι-ωηο,
1172 4537 1283 4591 quo
1321 4537 1428 4575 non
1452 4521 1653 4577 virtute
1689 4522 1879 4577 bellica
1911 4535 2006 4578 aut
2045 4527 2254 4581 viribus
2282 4527 2747 4593 Christianorum,
2798 4528 2891 4583 sed
2924 4529 3118 4597 spiritu
3159 4529 3271 4584 oris
3312 4531 3428 4584 sive
3469 4548 3566 4586 vo-

315 4618 521 4668 luntate
553 4612 765 4666 Domini
791 4611 1115 4666 conﬁcietur
1138 4651 1151 4674 ,
1181 4621 1234 4664 et
1269 4611 1518 4664 claritate
1550 4613 1815 4665 adventus
1849 4614 1931 4666 siti
1957 4654 1970 4677 ,
2009 4631 2120 4683 quo
2150 4625 2341 4683 aperte
2386 4617 2569 4671 veniet
2625 4617 2832 4670 auxilio
2871 4617 3224 4672 Christianis.
3283 4619 3563 4688 Siquidem

312 4705 457 4774 quod
488 4717 597 4756 non
630 4701 756 4756 velit
781 4710 914 4754 tutrc
950 4701 1382 4754 interimendum
1412 4701 1812 4755 Antichristum
1849 4713 1944 4755 aut
1976 4705 2266 4758 iinicudanr
2319 4707 2616 4760 immanem
2653 4706 2825 4774 ipsius
2853 4706 3311 4776 persecutionem,
3342 4723 3464 4761 cum
3495 4711 3562 4762 ad

312 4801 614 4847 extremum
649 4789 917 4858 judicium
950 4799 1213 4843 venturus
1239 4799 1320 4842 est
1368 4789 1652 4851 Dominus.
1687 4790 1976 4845 manifeste
2010 4800 2155 4860 patet
2185 4808 2248 4846 ex
2278 4809 2345 4847 eo
2372 4793 2518 4862 quod
2549 4794 2625 4847 ait
2661 4795 2802 4847 idem
2832 4795 3148 4862 Apostolus,
3183 4793 3196 4846 I
3226 4793 3422 4849 Thess.
3456 4815 3505 4849 γ.
3546 4817 3561 4850 -.

319 4900 336 4931 ι
377 4880 501 4934 Dies
532 4878 745 4932 Domini
789 4878 932 4931 sicut
959 4875 1044 4929 fur
1080 4877 1133 4929 in
1168 4886 1348 4938 nocte.
1388 4877 1458 4929 ita
1482 4876 1678 4929 veniet.
1704 4878 1840 4930 Crrm
1876 4879 2020 4932 enim
2059 4881 2315 4943 dixerint,
2352 4880 2459 4934 Pax
2491 4893 2545 4935 et
2587 4892 2701 4934 tuta
2738 4882 2943 4941 omnia,
2980 4893 3108 4934 trrrrc
3141 4883 3456 4951 repentinus
3483 4883 3566 4937 eis

315 4966 665 5037 superveniet
693 4965 944 5020 interitus
975 4981 989 5030 ;
1030 4982 1048 5014 ι
1081 4965 1363 5034 magisque
1399 4979 1464 5017 ex
1494 4979 1559 5017 eo
1592 4964 1738 5032 quod
1771 4964 1962 5020 Matth.
1997 4986 2120 5022 xxiv
2155 4985 2218 5023 ac
2254 4969 2387 5023 Luc.
2418 4986 2527 5024 xvii
2557 4970 2799 5023 ostendit
2829 4969 3094 5021 Dominus
3121 4970 3267 5038 quod
3319 4979 3444 5024 ante
3476 4969 3568 5038 ju-

313 5058 519 5110 dicium
549 5063 712 5108 erunt
747 5052 999 5108 homines
1031 5052 1084 5105 in
1111 5053 1273 5120 longa
1299 5067 1434 5120 pace
1463 5067 1527 5106 ac
1556 5053 1869 5108 securitate.
1898 5073 1916 5105 ι
1951 5054 2102 5110 Sicut
2141 5067 2321 5120 erant,
2382 5057 2577 5125 inquit,
2633 5056 2754 5110 dies
2791 5055 2925 5120 Noe,
2958 5056 3030 5108 ita
3075 5058 3180 5108 erit
3217 5066 3270 5110 et
3301 5056 3567 5112 adventus

316 5142 441 5197 Filii
475 5140 738 5196 hominis.
767 5140 925 5194 Sicut
962 5141 1108 5194 enim
1156 5149 1307 5193 erant
1341 5140 1394 5193 in
1444 5140 1637 5195 diebus
1670 5141 1766 5210 qui
1820 5152 2216 5210 pra‘ccsscrunt
2243 5145 2504 5197 diluvium
2539 5144 2763 5197 edentes
2791 5152 2845 5197 ct
2876 5143 3146 5208 bibentes,
3179 5145 3566 5198 contrahentes

318 5231 738 5286 matrimonium
769 5239 827 5283 et
853 5239 1084 5298 nuptum
1113 5228 1330 5293 dantes,
1362 5244 1538 5296 usque
1556 5229 1621 5282 ad
1647 5245 1771 5282 eum
1799 5229 1942 5282 diem
1978 5247 2088 5299 quo
2113 5233 2333 5285 intravit
2377 5231 2490 5287 Noe
2523 5233 2575 5286 iri
2609 5246 2814 5295 arcam,
2859 5245 2959 5284 nec
2991 5240 3367 5301 cognoverunt
3393 5231 3568 5285 donec

316 5320 468 5374 venit
499 5318 767 5374 diluvium
805 5328 858 5372 et
891 5318 1018 5372 tulit
1049 5318 1336 5372 universos
1376 5337 1387 5370 :
1423 5318 1497 5371 ita
1531 5318 1636 5372 erit
1659 5328 1712 5371 ct
1742 5317 2012 5373 adventus
2041 5317 2159 5372 Filii
2192 5320 2450 5373 hominis.
2494 5340 2510 5371 ι
2566 5318 2754 5388 Itaque
2775 5319 2921 5388 quod
2958 5318 3031 5372 ibi
3080 5319 3238 5387 paulo
3269 5329 3394 5372 ante
3427 5318 3568 5371 dici-

316 5419 428 5471 tur,
468 5425 487 5458 ι
523 5406 589 5461 Et
616 5416 749 5462 tunc
777 5406 1059 5476 apparebit
1083 5407 1298 5475 signum
1335 5404 1456 5459 Filii
1489 5405 1726 5459 hominis
1755 5423 1768 5458 :
1806 5405 2018 5461 Ettunc
2036 5409 2286 5477 plangent
2315 5423 2506 5461 omnes
2527 5408 2704 5462 tribus
2736 5417 2917 5471 teme,
2956 5426 2976 5456 ι
3009 5421 3116 5459 non
3155 5405 3356 5459 indicat
3385 5407 3568 5460 statim

315 5499 368 5552 id
399 5497 681 5565 subsequi,
713 5494 808 5549 sed
839 5495 1016 5548 solurrr
1053 5495 1199 5564 quod
1233 5504 1416 5564 postea
1441 5503 1729 5564 sequetur:
1768 5496 1862 5564 qui
1892 5497 2085 5550 modus
2109 5496 2406 5564 accipiendi
2432 5494 2601 5558 Tunc,
2631 5496 2711 5550 vel
2747 5494 2811 5548 In
2832 5494 3011 5547 diebus
3052 5494 3182 5555 illis,
3214 5494 3328 5546 sive
3379 5491 3442 5546 In
3475 5493 3570 5546 illo

315 5598 570 5654 tempore,
590 5584 848 5654 frequens
869 5593 954 5638 est
985 5585 1038 5638 in
1074 5586 1247 5639 sacris
1265 5584 1480 5638 Litteris
1515 5605 1526 5638 :
1560 5584 2020 5654 quemadmodum
2051 5584 2273 5637 adnotat
2308 5593 2493 5638 noster
2523 5583 2848 5654 Eutlrymius
2872 5598 3034 5652 super
3071 5581 3201 5635 illtrd
3228 5579 3419 5634 Matth.
3450 5596 3524 5634 xu
3555 5599 3567 5634 :

319 5694 337 5723 ι
385 5672 541 5727 Tunc
567 5673 835 5728 adductus
857 5681 942 5728 est
969 5673 1021 5727 ei
1051 5674 1421 5728 daemoniacus
1443 5714 1456 5737 ,
1498 5692 1516 5723 ι
1564 5687 1895 5741 rursumque
1919 5687 2085 5740 super
2120 5671 2248 5724 illrnl
2271 5669 2461 5726 Matth.
2500 5688 2561 5726 tri
2600 5691 2614 5726 :
2650 5690 2667 5723 r
2710 5671 2764 5725 Irr
2797 5671 2993 5725 diebus
3022 5670 3129 5724 illis
3159 5671 3302 5722 venit
3331 5668 3572 5722 Joannes

313 5762 559 5830 llaptista
591 5763 896 5831 praedicans
947 5762 1001 5814 in
1039 5762 1255 5817 deserto
1297 5761 1515 5816 Judrear.
1557 5781 1574 5813 ι
1620 5761 1684 5816 Ει
1710 5760 2089 5818 OEcunrcnius
2129 5774 2288 5826 Super
2318 5759 2447 5812 illud
2491 5762 2613 5814 Act.
2641 5776 2689 5814 vi
2726 5777 2738 5813 :
2779 5779 2797 5810 ι
2829 5759 2885 5812 In
2922 5758 3006 5812 his
3059 5766 3243 5810 autem
3277 5755 3492 5809 diebus.
3549 5774 3567 5804 ι

316 5853 494 5908 I'orro
518 5854 673 5923 signa
704 5869 769 5908 ac
795 5851 1040 5921 prodigia
1074 5853 1359 5907 mendacia
1393 5850 1658 5907 adventus
1687 5849 2009 5906 Antichristi
2041 5849 2093 5902 in
2130 5847 2212 5902 his
2244 5851 2336 5917 qui
2372 5859 2624 5919 pereunt,
2666 5849 2775 5903 imo
2813 5857 2870 5902 tit
2894 5849 2968 5900 ait
3006 5835 3284 5907 Christus,
3314 5843 3388 5896 ita
3427 5852 3484 5896 ut
3515 5844 3572 5896 iu

643 5950 907 6010 PATROL.
957 5949 1071 6006 Gn.
1121 5950 1268 6007 (ZVI.
3311 5941 3383 5996 16
