4282 6440
758 384 856 449 491
1855 383 2063 446 JOAN.
2105 384 2444 446 HENTENI

2315 384 2411 446 EN
2425 385 2481 445 ΙΙ
2518 385 2932 450 ΡΗΆΕΕΑἸἾΟ.
3898 395 4004 459 492

756 514 1000 556 errorem
1031 496 1325 564 ducantur,
1368 496 1414 553 si
1453 497 1566 553 lieri
1593 504 1793 568 potest,
1824 497 1988 552 etiam
2019 497 2202 563 electi,
2235 507 2363 552 sunt
2388 500 2554 554 varite
2581 515 2647 555 ac
2671 501 3032 557 multiformes
3059 501 3179 572 ejus
3207 502 3419 558 technaa
3463 503 3529 558 ad
3578 503 3920 560 seducendos
3951 516 4006 559 t'l

756 586 1114 658 pelliciendos
1147 585 1239 639 Dei
1279 601 1491 641 servos.
1520 585 1773 656 Cumque
1799 599 1862 640 se
1883 600 1947 640 ac
1965 599 2122 639 suam
2143 595 2352 640 sectam
2383 588 2805 645 Christianismo
2825 592 3143 660 ceterisque
3172 592 3384 662 legibus
3410 593 3666 646 omnibus
3698 603 4000 663 praeponat,

757 690 827 730 an
881 689 987 728 non
1016 688 1075 729 se
1090 673 1305 728 extollit
1348 687 1512 742 supra
1541 687 1759 726 omnem
1793 673 1889 742 qui
1925 674 2126 727 dicitur
2157 672 2301 728 Deus
2344 684 2439 728 aut
2470 676 2706 729 numen?
2734 677 2932 732 sedens
2969 679 3084 732 sive
3123 677 3398 748 imperans
3430 679 3484 733 in
3545 679 3745 747 templo
3777 679 3892 742 Dei,
3917 682 4002 732 νει

761 764 851 818 ubi
884 763 1037 833 prius
1063 771 1222 816 erant
1254 760 1516 816 Ecclesia:
1551 761 1662 823 Dei,
1693 769 1785 815 aut
1810 760 1932 814 viva
1965 759 2057 814 Dei
2087 761 2309 830 templa.
2340 761 2443 827 Qui
2473 763 2636 816 etiam
2685 761 2816 818 fecit
2849 773 2906 818 ut
2937 764 3137 818 dicitur
3172 767 3338 834 Apoc.
3378 779 3500 830 xm,
3537 765 3716 836 ignem
3756 766 3852 821 ira:
3908 767 3999 820 Dei

760 850 1091 904 descendere
1114 849 1168 903 iu
1205 847 1602 917 terram,juxta
1634 847 1765 901 illud
1789 847 1925 918 psal.
1963 862 2077 902 xvn
2105 864 2119 901 :
2146 866 2165 898 ι
2194 849 2455 905 Ascendit
2484 850 2667 905 fumus
2694 852 2746 904 in
2781 853 2861 905 ira
2884 852 3002 922 ejus
3022 861 3077 907 et
3110 853 3250 922 ignis
3269 867 3298 907 a
3340 853 3480 908 facie
3501 854 4005 924 ejusexarsit,car-

759 941 928 994 bones
958 939 1211 994 succensi
1243 945 1373 994 sunt
1407 938 1477 992 ab
1507 952 1596 992 eo.
1632 956 1652 990 ι
1697 941 1804 992 Aut
1835 937 1890 992 in
1929 944 2226 1008 conspectu
2265 938 2548 993 hominum
2573 938 2772 993 dicitur
2804 939 2907 994 hoc
2939 939 3156 1003 fecisse,
3183 940 3233 994 id
3265 949 3350 994 est
3377 941 3524 1010 quod
3571 943 3646 996 ait
3677 941 4001 1011 Apostolus,

763 1044 782 1078 ι
820 1027 876 1080 In
907 1028 1161 1097 prodigiis
1187 1027 1562 1087 mendacibus,
1605 1043 1624 1077 ι
1659 1026 1786 1095 quia
1810 1027 1997 1081 volens
2022 1025 2300 1080 occultare
2331 1027 2580 1079 morbum
2614 1039 2774 1080 suum
2806 1024 3098 1091 caducum,
3125 1026 3341 1081 dicebat
3362 1041 3422 1082 se
3439 1027 3636 1082 cadere
3665 1043 3729 1084 ex
3760 1028 4002 1083 illustra-

761 1116 908 1168 tione
924 1115 1101 1183 angeli
1131 1113 1200 1168 de
1220 1115 1360 1169 coelo
1383 1115 1450 1168 ad
1485 1129 1546 1169 se
1584 1113 1964 1169 descendentis
1997 1114 2213 1183 sibique
2234 1114 2509 1183 loquentis
2547 1132 2561 1168 :
2595 1115 2662 1167 de
2691 1113 2892 1183 quibus
2925 1114 3135 1183 angelis
3159 1115 3298 1183 psal.
3333 1129 3426 1168 cur
3449 1123 3505 1169 et
3537 1113 3672 1171 ﬂeb.
3703 1133 3717 1171 ι
3750 1117 3952 1172 dicitur
3988 1136 4000 1169 :

765 1221 783 1253 ι
819 1204 921 1268 Qui
954 1202 1090 1256 facit
1113 1203 1341 1273 angelos
1369 1217 1502 1257 suos
1528 1203 1754 1272 spiritus
1783 1212 1836 1256 et
1858 1201 2143 1256 ministros
2173 1217 2304 1256 suos
2334 1200 2606 1254 flammam
2637 1202 2802 1271 ignis.
2829 1220 2848 1252 ι
2884 1201 3221 1257 lleditetiam
3254 1203 3507 1273 spiritum
3535 1201 3757 1273 imagini
3792 1205 4001 1271 bestia‘,

760 1292 968 1346 faciens
997 1302 1052 1345 ut
1078 1291 1424 1362 loqueretur,
1457 1291 1679 1362 quando
1703 1291 1873 1360 legem
1904 1303 2016 1343 sua
2047 1300 2208 1344 secta:
2229 1289 2488 1344 omnibus
2519 1305 2720 1359 magno
2762 1307 2886 1345 cum
2940 1291 3168 1346 horrore
3217 1292 3584 1363 promulgavit
3618 1310 3630 1346 :
3679 1292 3784 1348 hoc
3837 1297 4003 1349 etiam

760 1380 924 1434 modo
963 1380 1169 1435 faciens
1197 1395 1391 1436 omnes
1415 1381 1648 1435 adorare
1672 1379 1964 1448 imaginem
2000 1377 2205 1442 besti;e,
2230 1386 2285 1432 et
2325 1389 2384 1432 ut
2406 1377 2500 1451 qui
2532 1393 2640 1432 non
2678 1379 2942 1433 haberent
2983 1379 3355 1434 characterem
3411 1381 3598 1436 bestiae
3642 1395 3746 1436 non
3780 1393 4006 1450 possent

759 1483 942 1524 emere
967 1480 1063 1524 aut
1091 1470 1326 1524 vendere
1360 1486 1374 1523 :
1409 1468 1629 1538 quando
1647 1467 1784 1521 dixit
1813 1481 1874 1522 se
1903 1466 2133 1521 missum
2173 1481 2204 1521 a
2236 1465 2347 1520 Deo
2383 1467 2440 1523 in
2473 1466 2672 1537 gladio,
2700 1465 2900 1534 jubeus
2928 1481 3119 1521 omnes
3143 1466 3402 1521 trucidari
3429 1468 3522 1538 qui
3558 1483 3713 1523 suam
3745 1481 3852 1521 non
3877 1483 4003 1522 sus-

759 1555 1006 1624 ciperent
1039 1565 1266 1611 sectam.
1290 1554 1532 1609 Rursum
1565 1570 1672 1609 non
1696 1554 2041 1624 obstatquod
2065 1554 2226 1624 vulgo
2246 1554 2504 1608 dicuntur
2535 1551 2719 1606 Enoch
2755 1563 2811 1606 et
2877 1553 3026 1608 Elias
3054 1555 3266 1609 venturi
3294 1561 3353 1608 ιιι
3379 1567 3500 1609 sese
3532 1555 3608 1609 illi
3634 1564 3906 1624 opponant
3939 1571 4005 1610 ac

759 1659 883 1698 eum
919 1646 1271 1704 convincant.
1313 1653 1537 1714 propter
1564 1644 1618 1698 id
1660 1644 1806 1713 quod
1834 1644 2036 1699 dicitur
2065 1644 2237 1714 Apoc.
2269 1660 2320 1698 xi
2350 1661 2364 1700 :
2401 1661 2419 1695 ι
2467 1642 2528 1698 Et
2557 1642 2698 1696 dabo
2720 1641 2933 1697 duobus
2969 1643 3200 1699 testibus
3240 1644 3397 1708 meis,
3425 1652 3478 1698 et
3504 1645 3942 1713 prophetabunt;
3975 1664 3994 1696 ι

759 1733 904 1800 quod
930 1732 1052 1786 ideo
1074 1731 1140 1787 de
1165 1731 1280 1786 Elia
1315 1732 1707 1801 interpretatur
1732 1733 1872 1800 Aug.
1906 1747 1998 1785 xx.
2027 1730 2104 1785 De
2129 1731 2273 1785 civit.
2302 1730 2422 1796 Dei,
2449 1747 2574 1787 cum
2597 1730 2722 1785 aliis
2752 1730 3025 1801 plfribus,
3053 1732 3181 1800 quia
3215 1730 3440 1786 Ilalach.
3471 1747 3522 1785 tv
3553 1732 3754 1786 dicitur
3785 1751 3799 1787 :
3832 1750 3850 1783 ι
3877 1731 3999 1786 Mtt-

760 1829 865 1870 taut
893 1820 1049 1873 vobis
1081 1820 1253 1874 Eliam
1283 1819 1604 1889 prephetam
1634 1827 1926 1890 antequam
1956 1817 2141 1871 veniat
2175 1818 2294 1873 dies
2334 1818 2571 1874 Domini.
2603 1837 2621 1869 ι
2665 1816 2912 1871 Alteritm
2935 1831 3066 1872 vero
3091 1816 3299 1872 iaciunt
3329 1819 3534 1885 Enoch,
3563 1820 3692 1891 quia
3717 1818 3854 1874 Gen.
3889 1837 3920 1874 v
3952 1830 4006 1874 et

759 1910 930 1967 Eceli.
966 1926 1088 1966 xmv
1111 1912 1311 1966 dicitur
1336 1909 1520 1965 Euoch
1545 1910 1841 1966 translatus
1868 1919 1922 1966 et
1952 1926 2060 1966 non
2095 1919 2365 1974 mortuus,
2390 1911 2532 1967 sicut
2555 1911 2702 1967 Elias
2731 1927 2899 1966 curru
2934 1913 3093 1982 igneo
3127 1912 3180 1966 in
3200 1912 3396 1968 caelum
3425 1922 3640 1980 vectus,
3667 1912 3730 1967 ιν
3773 1912 3906 1985 Reg.
3940 1930 4001 1967 ιι.

760 1999 1001 2055 Primum
1035 2011 1217 2056 autem
1252 2018 1357 2055 non
1389 2001 1589 2056 dicitur
1621 2000 1709 2056 hic
1736 2016 1837 2056 nec
1867 2000 1998 2055 alibi
2037 2003 2090 2055 in
2125 2001 2298 2055 sacris
2333 1998 2554 2063 Litteris
2579 1998 2724 2069 quod
2754 1999 2830 2052 illi
2863 1999 2972 2054 sint
3001 1998 3172 2054 futuri
3201 2009 3406 2056 testes:
3438 2001 3584 2071 quod
3613 2002 3657 2054 si
3701 2002 3861 2057 etiam
3903 2002 4002 2054 ad-

760 2091 1089 2154 mitteretur,
1129 2105 1233 2144 non
1263 2097 1543 2160 oporteret
1564 2088 1709 2159 quod
1740 2089 2007 2144 adversus
2043 2088 2214 2159 ipsius
2247 2102 2534 2158 personam
2575 2097 2909 2158 pugnarent,
2948 2088 3042 2142 sed
3072 2089 3205 2144 satis
3230 2098 3376 2143 esset
3413 2089 3558 2159 quod
3595 2090 3858 2145 adversus
3883 2089 4005 2156 ejus

758 2189 963 2234 sectam
991 2180 1105 2234 sive
1136 2180 1373 2250 priorem
1399 2179 1651 2242 bestiam,
1689 2188 1784 2232 aut
1810 2179 1974 2233 etiam
2011 2178 2276 2232 adversus
2321 2175 2688 2246 gentilismum
2727 2193 2741 2230 :
2774 2177 3012 2230 maxime
3045 2176 3191 2246 quod
3231 2175 3276 2231 si
3324 2176 3438 2230 haec
3465 2175 3696 2231 Joannis
3743 2177 4005 2232 revelatio

757 2269 952 2322 ordine
993 2267 1258 2338 procedit,
1293 2267 1361 2322 de
1395 2268 1591 2321 horum
1628 2267 1911 2337 prophetia
1943 2277 1996 2320 et
2037 2274 2215 2320 morte
2260 2265 2408 2318 illata
2442 2279 2470 2318 a
2512 2263 2682 2319 bestia
2713 2279 2836 2334 qua:
2864 2267 3112 2320 ascendit
3141 2265 3207 2320 de
3237 2263 3456 2335 abysso.
3484 2279 3546 2317 ac
3580 2280 3769 2319 eorum
3820 2281 4006 2320 resur~

758 2363 1001 2417 rectione
1026 2372 1281 2416 narratur
1307 2363 1484 2432 capite
1509 2377 1583 2427 xt,
1617 2371 1857 2431 tempore
1879 2361 2130 2416 videlicet
2154 2368 2323 2415 sextae
2353 2361 2496 2414 tubae
2525 2377 2537 2413 :
2571 2374 2734 2429 porro
2765 2360 2940 2415 bestia
2972 2376 3093 2431 quae
3139 2361 3544 2417 Antichristum
3592 2361 3883 2432 designare
3915 2363 4003 2416 di-

760 2449 925 2515 citur,
951 2450 1156 2504 habens
1179 2451 1290 2504 duo
1320 2464 1524 2504 cornua
1553 2450 1752 2505 similia
1780 2451 1929 2518 agni,
1959 2465 2082 2520 cap.
2114 2465 2211 2504 xui
2252 2464 2316 2503 ac
2341 2458 2582 2518 tempore
2616 2449 2860 2518 septima:
2900 2450 3044 2503 tuba:
3077 2449 3276 2503 dicitur
3306 2450 3604 2505 ascendere
3624 2451 3690 2503 de
3726 2458 3867 2504 terra
3888 2489 3903 2513 ,
3938 2468 4004 2504 eo

757 2535 906 2606 quod
940 2537 983 2589 si
1026 2552 1196 2606 purus
1236 2537 1402 2592 homo
1419 2551 1733 2606 quanquam
1777 2536 2044 2592 adventus
2066 2537 2240 2607 ipsius
2265 2536 2425 2591 fuerit
2450 2537 2749 2590 secundum
2778 2539 3148 2607 operationem
3177 2535 3412 2592 Satanae.
3441 2539 3612 2593 Porro
3642 2536 4005 2609 Hieronymus

759 2640 922 2694 super
952 2635 1208 2695 quartum
1241 2635 1406 2694 caput
1447 2624 1746 2689 Malachiaz,
1790 2642 1809 2674 ι
1847 2622 2050 2688 Judaei,
2088 2625 2284 2692 inquit,
2321 2639 2384 2677 ac
2417 2622 2768 2678 Judaizautes
2817 2625 3056 2679 haeretici
3101 2625 3292 2680 dicunt
3334 2623 3508 2680 Eliam
3543 2637 3832 2680 venturum
3877 2640 4006 2682 ante

758 2727 918 2766 suum
949 2712 1298 2783 εἰλημμένον,
1332 2732 1349 2764 ι
1390 2711 1536 2777 quod
1563 2727 1625 2765 ex
1650 2726 1717 2766 eo
1743 2712 1981 2766 ostendit
2005 2713 2134 2781 quia
2171 2711 2426 2782 discipuli
2459 2711 2648 2767 Matth.
2685 2729 2794 2766 xvtt
2828 2715 3233 2782 interrogarunt
3274 2714 3564 2768 Dominum
3597 2734 3609 2770 :
3643 2733 3662 2766 ι
3698 2715 3838 2780 Quid
3874 2731 4006 2782 ergo

764 2797 968 2852 Scriba:
992 2799 1178 2853 dicunt
1203 2799 1347 2868 quod
1376 2798 1545 2852 Ellam
1571 2806 1820 2869 oporteat
1845 2797 2080 2868 primum
2103 2799 2289 2852 venire
2321 2815 2334 2852 :
2373 2816 2392 2851 ι
2425 2799 2520 2854 sed
2553 2799 2767 2853 illorum
2787 2799 2980 2855 falsam
3013 2816 3132 2855 esse
3155 2801 3471 2870 opinionem
3490 2801 3729 2856 ostendit
3750 2801 4006 2856 Christus

756 2899 884 2939 cum
907 2888 1197 2952 respondet
1225 2906 1237 2939 :
1275 2905 1292 2936 ι
1334 2885 1480 2940 Elias
1498 2884 1611 2953 jam
1643 2885 1809 2946 venit,
1843 2894 1898 2938 et
1921 2899 2026 2938 non
2052 2897 2426 2951 cognoverunt
2456 2902 2601 2948 eum.
2627 2890 2720 2942 sed
2758 2889 3003 2944 fecerunt
3033 2891 3086 2943 iu
3118 2905 3185 2943 eo
3209 2904 3555 2959 quacunque
3599 2889 3894 2945 voluerunt
3931 2909 3945 2945 :
3980 2910 3999 2940 ι

759 2975 1052 3044 statimque
1082 2972 1333 3042 sequitur
1367 2989 1383 3026 :
1416 2991 1434 3025 ι
1467 2971 1618 3026 Tunc
1647 2971 2036 3027 intellexerunt
2062 2970 2316 3042 discipuli
2344 2973 2489 3044 quod
2513 2975 2581 3030 de
2609 2974 2819 3031 Joanne
2853 2975 3091 3046 Baptista
3125 2977 3358 3032 dixisset
3388 2977 3542 3045 ipsis.
3575 2995 3594 3030 ι
3638 2978 4007 3050 Hieronymus

757 3076 940 3122 autem
959 3083 1023 3122 eo
1051 3068 1171 3121 loco
1201 3081 1297 3137 per
1323 3063 1498 3119 Eliam
1524 3065 1776 3136 intelligit
1801 3063 2172 3135 prophetiam,
2210 3066 2355 3120 sicut
2388 3067 2552 3137 paulo
2582 3081 2704 3123 ante
2731 3069 2902 3139 legem
2934 3083 3029 3139 per
3055 3067 3265 3124 Mosen.
3297 3068 3580 3139 Siquidem
3619 3086 3716 3140 per
3739 3071 3910 3141 legem
3942 3088 4009 3127 ac

758 3157 1098 3227 prophetiam
1147 3154 1512 3211 convertenda
1552 3163 1710 3210 erant
1743 3153 1910 3208 corda
1947 3162 2164 3225 patrum
2195 3153 2474 3210 Abraham
2502 3194 2518 3219 ,
2551 3156 2704 3212 Isaac
2735 3166 2788 3210 et
2820 3154 3012 3222 Jacob,
3041 3156 3092 3212 id
3118 3165 3202 3211 est
3220 3157 3565 3226 sequentium
3601 3173 3695 3214 eos
3716 3169 3773 3214 et
3801 3159 3871 3214 ab
3898 3160 4008 3215 illis

757 3252 1228 3313 descendentium,
1256 3251 1324 3305 ad
1347 3249 1572 3317 Filium,
1600 3249 1667 3305 ad
1704 3248 1983 3305 Christum
2013 3249 2110 3320 qui
2141 3250 2211 3306 ab
2239 3251 2322 3306 eis
2367 3265 2588 3306 carnem
2643 3261 2972 3321 sumpserat.
3018 3251 3256 3308 Rursum
3317 3249 3509 3306 Matth.
3544 3267 3631 3316 xt,
3677 3252 3910 3324 loquens
3939 3254 4008 3309 de

756 3339 988 3406 Joanne,
1031 3360 1049 3392 ι
1087 3337 1186 3394 Hie
1212 3340 1529 3407 est,inquit,
1565 3339 1632 3394 de
1654 3353 1764 3407 quo
1785 3339 2050 3408 scriptum
2073 3348 2179 3405 est,
2221 3337 2360 3395 Erce
2389 3353 2489 3408 ego
2523 3339 2679 3394 mitto
2707 3341 2957 3409 angelum
2994 3354 3172 3393 meum
3199 3340 3292 3410 qui
3321 3342 3648 3410 praeparabit
3678 3343 3819 3397 viam
3853 3352 4006 3397 tuam

758 3439 883 3482 ante
905 3439 976 3491 te.
1004 3446 1022 3478 ι
1063 3426 1208 3497 quod
1237 3435 1348 3481 erat
1369 3423 1605 3481 cilicium
1633 3425 1761 3479 Elite
1789 3435 1844 3479 et
1875 3425 1943 3480 de
1969 3439 2037 3482 eo
2067 3426 2474 3497 intelligebatur
2502 3425 2772 3495 :ideoque
2791 3427 2936 3495 quod
2971 3425 3201 3480 Malacb.
3235 3443 3287 3482 tv
3319 3428 3389 3482 de
3425 3427 3538 3482 Elia
3571 3429 3805 3497 dicitur,
3853 3430 4005 3500 quod

757 3527 1038 3570 convertet
1058 3531 1152 3569 cor
1174 3525 1390 3584 patrum
1415 3514 1481 3568 ad
1509 3513 1669 3579 filios,
1692 3513 1934 3578 Gabriel,
1968 3515 2097 3569 Luc.
2129 3529 2169 3578 ι,
2196 3515 2529 3570 annuntians
2551 3512 2776 3569 Joannis
2804 3515 3240 3584 conceptionem,
3273 3517 3403 3570 dicit
3427 3518 3480 3571 in
3499 3533 3566 3573 eo
3592 3519 4002 3588 complendum.

763 3622 782 3654 ι
823 3604 962 3673 Ipse,
989 3604 1182 3673 inquit,
1208 3602 1470 3672 praecedet
1503 3613 1630 3657 ante
1656 3603 1809 3656 illum
1836 3603 1890 3656 in
1913 3602 2106 3672 spiritu
2138 3611 2191 3656 et
2209 3603 2406 3656 virtuts
2430 3601 2580 3668 Elia},
2607 3613 2666 3656 ut
2687 3611 2973 3657 convertat
3005 3603 3171 3658 corda
3201 3616 3418 3673 patrum
3451 3607 3502 3659 in
3527 3607 3687 3660 illius.
3726 3625 3745 3657 ι
3785 3605 3884 3662 llic
3919 3615 4005 3662 est

758 3691 1128 3751 Autichristus
1149 3694 1214 3748 de
1238 3708 1348 3763 quo
1382 3691 1518 3746 dixit
1547 3693 1800 3753 Christus
1821 3690 2048 3758 Judteis,
2072 3690 2231 3747 Joan.
2267 3707 2299 3747 v
2333 3710 2348 3748 :
2394 3709 2414 3744 ι
2452 3691 2565 3762 Ego
2591 3692 2712 3747 veni
2739 3694 2962 3748 nomine
2990 3691 3167 3748 Patris
3192 3694 3296 3749 mei
3333 3703 3385 3749 et
3416 3709 3524 3749 non
3559 3695 3722 3765 recipi
3753 3697 3798 3750 is
3816 3713 3932 3761 me;
3955 3700 4001 3752 si

759 3786 901 3840 alius
927 3785 1136 3839 venerit
1165 3781 1386 3837 nomine
1419 3797 1543 3843 suo,
1575 3782 1727 3836 illum
1763 3782 2061 3851 recipietis.
2095 3799 2114 3834 ι
2142 3779 2421 3850 Siquidem
2440 3780 2568 3835 huic
2593 3777 2767 3835 Judaei
2792 3781 2992 3835 tributa
3025 3783 3168 3836 ultro
3187 3781 3474 3846 dederunt,
3493 3792 3549 3838 et
3590 3784 3719 3838 hinc
3747 3787 4000 3854 estquod

759 3874 837 3928 illi
870 3872 1075 3927 nationi
1104 3886 1382 3940 nunquam
1409 3868 1511 3924 fuit
1537 3869 1791 3924 infestus.
1831 3867 1897 3924 Et
1929 3869 2074 3924 sicut
2097 3868 2351 3923 Christus
2389 3868 2443 3922 in
2483 3883 2714 3939 persona
2749 3868 2967 3938 quidem
3008 3869 3260 3939 apparuit
3297 3870 3352 3924 in
3384 3870 3496 3924 sola
3543 3870 3830 3925 Pal.estina
3855 3911 3871 3935 ,
3905 3872 4002 3928 sed

758 3971 947 4032 postea
969 3975 1063 4031 per
1094 3973 1226 4014 suos
1251 3957 1551 4028 discipulos
1584 3956 1856 4027 percurrit
1885 3957 2150 4011 mundum
2191 3957 2539 4022 universum;
2567 3956 2639 4011 ita
2675 3957 2833 4012 ethic
2882 3957 2937 4010 in
2970 3958 3085 4012 sola
3119 3956 3309 4012 Sabwa
3345 3958 3559 4012 Arabia!
3608 3959 3886 4026 provincia
3945 3960 3998 4014 in

759 4064 991 4120 persona
1024 4047 1301 4118 apparuit,
1337 4046 1431 4101 sed
1457 4061 1554 4115 per
1580 4047 1856 4116 principes
1890 4054 2053 4102 sectae
2089 4061 2201 4100 suae
2239 4059 2503 4114 sequaces
2531 4043 2798 4114 plurimas
2822 4045 3132 4114 provincias
3165 4061 3230 4100 ac
3273 4061 3438 4114 regna
3480 4048 3790 4116 occupavit.
3827 4048 4002 4117 Cujus

760 4149 1005 4192 extrema
1031 4135 1358 4206 persecutio,
1384 4134 1434 4188 id
1468 4144 1573 4196 est,
1600 4144 1933 4206 postremum
1974 4149 2162 4189 eorum
2194 4149 2318 4188 cum
2345 4132 2460 4203 Gog
2499 4142 2553 4187 et
2579 4131 2768 4203 Magog
2798 4134 3045 4204 praelium
3079 4133 3243 4188 simul
3285 4149 3407 4186 cum
3454 4136 3775 4204 praecedenti
3825 4137 3892 4190 ad
3949 4139 4000 4190 id

761 4234 1049 4295 apparatu,
1069 4224 1182 4277 fieri
1209 4231 1386 4293 potest
1412 4231 1470 4275 ut
1497 4223 1656 4276 duret
1687 4238 1780 4291 per
1800 4232 1908 4276 tres
1933 4235 2109 4276 annos
2131 4230 2184 4274 et
2206 4221 2519 4283 dimidium,
2546 4229 2752 4289 quanto
2784 4230 3029 4290 tempore
3056 4221 3425 4275 communiter
3448 4223 3648 4275 dicitur
3676 4223 3999 4276 duraturum

766 4319 890 4388 ejus
914 4316 1231 4386 imperium,
1261 4324 1484 4384 propter
1517 4313 1566 4366 id
1593 4314 1737 4382 quod
1759 4312 1960 4367 dicitur
1981 4311 2114 4367 Dan.
2137 4328 2234 4377 vn,
2267 4321 2488 4367 sanctos
2512 4311 2806 4368 tradendos
2835 4312 2888 4367 in
2914 4327 3078 4366 manu
3098 4312 3262 4381 hujus
3295 4313 3479 4368 bestia:
3499 4329 3671 4383 usque
3687 4315 3752 4366 ad
3781 4322 4001 4384 tempus

758 4417 814 4460 ct
851 4416 1094 4474 tempora
1122 4412 1177 4458 et
1208 4402 1498 4455 dimidium
1530 4400 1832 4470 temporis;
1872 4410 1927 4454 et
1951 4401 2077 4468 quia
2109 4403 2276 4471 Apoc.
2307 4415 2357 4454 xi
2386 4400 2642 4454 dicuntur
2673 4408 2864 4469 gentes
2893 4400 3184 4454 calcatura:
3211 4400 3486 4454 civitatem
3523 4409 3768 4456 sanctam
3797 4403 4002 4457 mensi-

758 4495 866 4549 bus
892 4479 1254 4562 quadraginta
1281 4490 1534 4556 duobus;
1565 4496 1619 4543 et
1650 4503 1769 4559 cap.
1807 4503 1882 4542 ιιι
1917 4488 2115 4543 dicitur
2147 4489 2340 4543 mulier
2379 4503 2500 4557 quae
2527 4487 2664 4558 fugit
2697 4497 3007 4558 serpentem
3037 4487 3228 4542 alenda
3256 4503 3286 4542 a
3338 4488 3447 4543 Deo
3477 4489 3530 4542 in
3563 4490 3781 4544 deserto
3807 4490 4001 4546 diebus

761 4587 908 4642 mille
931 4585 1182 4640 ducentis
1232 4585 1536 4652 sexaginta,
1573 4591 1626 4635 et
1649 4582 1810 4651 paulo
1833 4590 1956 4651 post
1989 4581 2187 4636 dicitur
2210 4581 2395 4635 eadem
2429 4583 2498 4636 ibi
2521 4584 2588 4636 ali
2617 4598 2709 4652 per
2729 4593 2941 4652 tempus
2966 4591 3018 4637 et
3043 4591 3290 4652 tempora
3309 4592 3361 4636 et
3391 4582 3678 4637 dimidium
3701 4585 4000 4653 temporis;

756 4684 812 4731 et
835 4674 997 4729 etiam
1034 4673 1160 4743 quia
1191 4681 1344 4726 tanto
1370 4681 1612 4738 tempore
1639 4668 1841 4722 dicitur
1876 4669 1930 4722 in
1962 4668 2064 4721 hac.
2088 4669 2193 4722 vita
2225 4669 2545 4738 praedicasse
2571 4669 2848 4726 Christus.
2885 4669 2991 4724 Alii
3017 4679 3198 4725 tamen
3220 4670 3379 4725 aliter
3417 4671 4004 4739 interpretanturtem-

757 4778 858 4834 pus
884 4773 937 4816 et
968 4773 1214 4831 tempora
1242 4770 1294 4814 et
1323 4758 1610 4813 dimidium
1642 4757 1924 4826 temporis.
1958 4754 2144 4826 Neque
2166 4758 2311 4810 enim
2337 4758 2597 4826 possibile
2622 4759 2964 4828 essetipsum
2999 4767 3110 4812 tam
3140 4772 3306 4827 parvo
3329 4767 3570 4827 tempore
3611 4757 3861 4814 obtinere
3890 4767 4002 4814 tatu

761 4853 927 4908 multa
960 4865 1126 4920 regna
1147 4864 1212 4904 ac
1239 4847 1570 4920 provincias.
1601 4844 1731 4900 Post
1759 4847 1901 4900 hanc
1936 4857 2117 4900 autem
2152 4857 2454 4901 extremam
2484 4849 2918 4919 persecutionem
2948 4849 3226 4918 plenitudo
3245 4851 3484 4921 gentium
3525 4851 3768 4916 intrabit,
3793 4862 3848 4906 et
3871 4861 4002 4907 tunc

759 4947 941 5001 omnis
970 4943 1132 4998 Israel
1163 4941 1348 4997 salvus
1369 4939 1493 5003 erit,
1521 4948 1579 4993 ut
1617 4939 1781 4993 habet
1821 4937 2042 5006 Paulus,
2073 4938 2232 4994 Rom.
2273 4955 2347 4994 xt.
2383 4941 2705 5012 Quanquam
2741 4944 2886 4997 enim
2913 4944 3076 4997 etiam
3113 4953 3294 5009 antea,
3326 4945 3664 5001 cessantibus
3699 4945 4002 5002 haeres-ibus

760 5051 822 5090 ac
855 5030 1350 5104 persecutionibus,
1384 5029 1437 5082 iu
1466 5027 1722 5082 diuturna
1760 5042 1892 5096 pace
1918 5039 1971 5082 et
2001 5013 2150 5082 cultu
2187 5027 2280 5081 Dei
2314 5029 2569 5095 vixerint,
2600 5046 2723 5100 quae
2751 5031 2915 5085 etiam
2950 5032 3154 5086 dicitur
3188 5033 3524 5088 resurrectio
3573 5035 3745 5104 prima
3778 5053 3792 5089 :
3827 5037 4002 5090 multo

762 5141 942 5184 tamen
973 5126 1170 5194 magis,
1207 5133 1498 5196 postquam
1523 5133 1768 5178 extremo
1794 5122 1887 5175 illo
1914 5123 2099 5191 ι)ιωίἱο
2127 5124 2398 5194 redegerit
2431 5125 2695 5180 Dominus
2733 5124 2798 5179 ad
2841 5125 3273 5180 internecionem
3305 5140 3498 5181 omnes
3549 5141 3682 5182 suos
3719 5128 3998 5183 inimicos.

756 5214 976 5283 Quanto
1003 5223 1182 5267 autem
1220 5221 1463 5281 tempore
1491 5210 1755 5264 duratura
1791 5210 1861 5264 sit
1890 5210 2006 5265 haec
2035 5227 2134 5280 pax
2167 5221 2223 5267 et
2252 5212 2524 5267 securitas
2557 5223 2682 5266 ante
2713 5212 2900 5266 mundi
2932 5214 3461 5270 consummationem
3489 5253 3504 5278 ,
3551 5213 3868 5269 hominibus
3916 5217 3998 5270 in-

752 5319 962 5362 eertum
989 5316 1092 5372 est,
1124 5306 1242 5370 sed,
1275 5307 1412 5360 sicut
1441 5306 1517 5359 ait
1538 5303 1817 5368 Christus,
1853 5303 2043 5359 Matth.
2074 5322 2202 5360 xxiv
2229 5323 2242 5360 :
2279 5323 2297 5356 ι
2329 5305 2404 5360 De
2433 5306 2521 5359 die
2565 5306 2656 5360 illo
2679 5315 2733 5360 et
2769 5307 2900 5360 hora
2936 5321 3095 5360 nemo
3124 5308 3245 5371 scit,
3279 5322 3347 5361 ne
3374 5308 3549 5376 angeli
3577 5309 3796 5377 quidem
3827 5313 3996 5364 cmin-

755 5411 899 5449 rum.
931 5415 950 5446 ι
989 5395 1043 5449 ld
1075 5394 1253 5449 solum
1287 5403 1506 5448 conslat
1531 5393 1677 5462 quod
1715 5393 1876 5462 longa
1909 5393 2000 5447 illa
2037 5408 2170 5462 pace
2203 5407 2267 5446 ac
2303 5396 2619 5456 securitate,
2653 5394 2870 5464 plurimi
2900 5409 3116 5447 rursum
3152 5393 3243 5448 Dei
3283 5395 3489 5448 cultum
3544 5395 3851 5464 relinquent
3897 5417 3909 5451 :
3948 5410 4002 5452 et

756 5499 909 5551 tunc,
941 5497 999 5540 ut
1025 5489 1099 5540 ait
1119 5486 1436 5556 Apostolus,
1468 5483 1488 5538 ι
1519 5483 1712 5542 Thess.
1745 5501 1776 5538 ν
1799 5504 1813 5540 :
1839 5503 1858 5537 ι
1883 5485 2010 5540 Dies
2032 5485 2242 5538 Domini
2271 5487 2414 5540 sicut
2452 5486 2539 5541 fur
2566 5487 2618 5540 in
2653 5498 2812 5542 nocte
2837 5489 2906 5542 ita
2945 5489 3140 5543 veniet.
3168 5507 3187 5540 ι
3225 5487 3362 5543 Cum
3389 5489 3534 5543 enim
3560 5490 3850 5556 dixerinm
3889 5491 3998 5546 Pax

751 5586 808 5630 et
843 5584 955 5629 tuta
981 5574 1182 5636 omnia,
1212 5582 1338 5628 tunc
1365 5573 1683 5643 repentinus
1713 5573 1793 5648 eis
1831 5575 2178 5642 superveniet
2217 5575 2493 5638 interitus,
2524 5574 2666 5629 sicut
2703 5575 2859 5632 dolor
2881 5585 3071 5645 partus
3108 5577 3322 5631 mulieri
3354 5578 3651 5645 praegnanti
3677 5618 3691 5641 ,
3728 5593 3828 5634 nec
3861 5579 3998 5633 etfu-

749 5665 935 5733 gient;
982 5682 1001 5716 ι
1037 5663 1180 5733 quod
1210 5673 1263 5718 et
1307 5663 1566 5718 ChriStus
1602 5663 1852 5732 pluribus
1894 5664 1947 5717 in
2005 5663 2138 5719 locis
2176 5663 2334 5729 dixit,
2380 5679 2444 5717 ac
2485 5661 2863 5733 frequentibus
2906 5665 3183 5734 parabolis
3228 5665 3594 5719 adumbravit.
3624 5648 3780 5730 Quod
3812 5678 3994 5721 autem

749 5753 912 5822 vulgo
938 5752 1132 5806 dicunt
1183 5751 1335 5804 illum
1366 5752 1432 5806 de
1461 5750 1605 5806 tribu
1635 5749 1748 5804 Dan
1775 5750 2088 5817 oriendum,
2119 5760 2339 5822 propter
2357 5751 2408 5806 id
2434 5751 2576 5820 quod
2598 5751 2803 5804 dicitur
2831 5749 2968 5805 Gen.
2997 5767 3119 5805 χιιι
3151 5768 3163 5804 :
3195 5774 3213 5802 ι
3250 5750 3368 5806 Fiat
3399 5751 3511 5807 Dan
3548 5755 3771 5808 coluber
3797 5754 3850 5808 in
3885 5757 3992 5819 via,

751 5850 994 5896 cerastes
1023 5841 1079 5896 in
1107 5839 1334 5904 semita,
1378 5840 1636 5896 mordens
1667 5839 1898 5909 ungulas
1928 5840 2078 5911 equi,
2115 5851 2172 5896 ut
2195 5840 2356 5896 cadat
2395 5853 2656 5896 ascensor
2696 5838 2817 5909 ejus
2856 5850 3043 5905 retro;
3079 5859 3096 5890 ι
3133 5841 3277 5911 quod
3323 5851 3500 5895 tamen
3551 5841 3638 5894 alii
3661 5840 3992 5911 probabilius
