4282 6440
309 431 409 493 501

1361 430 1748 491 COMMENT.
1791 429 1871 488 1N
1911 427 2446 490 APOCALYPSIN.

3427 432 3534 500 502

309 541 465 602 Τίνος
491 540 600 607 γὰρ
629 532 768 609 ἦσαν
813 538 863 590 οἱ
897 539 1043 604 ἆγιοι
1086 535 1261 590 δοῦλοι
1282 574 1298 599 ,
1346 538 1394 588 εἰ
1444 535 1520 606 μὴ
1567 534 1660 586 τοῦ
1697 532 1870 598 Θεοῦ;
1899 535 1948 593 Α
1972 535 2000 587 ί

1852 549 1870 598 ς
1899 535 1948 593 Α
1972 534 2143 603 Cujus
2175 548 2410 603 namque
2441 534 2586 590 servi
2616 543 2741 590 sunt
2768 535 2963 600 sancti,
2990 534 3097 591 nisi
3121 535 3256 592 Dei?
3283 539 3351 593 ad
3377 557 3539 609 quem

309 633 444 701 πρὸς
473 632 530 684 ὃν
561 633 654 684 καὶ
685 633 919 699 εἴρηται,
952 631 1033 683 ὅτι
1065 647 1086 680 ι
1117 629 1197 682 Τὰ
1220 629 1511 695 σύμπαντα
1539 625 1700 678 δοῦλα
1726 625 1814 678 σά.
1848 643 1867 676 ι

319 723 660 788 Ἐπενεγκὼν
693 722 770 786 δὲ,
803 722 861 772 τὺ
883 721 983 789 τὴν
1018 720 1403 789 μυσταγωγίαν
1436 720 1496 772 οὺ
1524 719 1613 771 τὸν
1641 717 1874 785 Χριστὸν

309 813 629 882 αὐτόχρημα
662 811 810 863 αὑτῶ
844 810 1190 880 καταπρᾶξαι
1215 851 1230 870 .
1268 813 1316 862 εἰ
1355 811 1428 879 μὴ
1456 809 1542 862 διὰ
1586 807 1676 860 τοῦ
1708 807 1874 875 ἀγγέ-

307 902 400 954 λου
434 901 621 960 αὑτοῦ.
649 905 708 954 τὸ
735 903 1026 971 φιλαληθες
1060 903 1151 955 τοῦ
1180 904 1279 972 τὴν
1332 900 1699 969 Ἀποκάλυψιν
1731 902 1877 971 εἰλη-

309 996 468 1062 φότος
507 996 802 1060 ὑπέδειξεν.
852 995 1214 1064 Ἀπυκάλυιζιις
1243 996 1300 1046 δέ
1353 997 1498 1047 ἐστιν
1539 995 1709 1063 ἡτῶν
1745 1010 1878 1062 κρυ-

310 1088 462 1138 πτῶν
493 1088 805 1158 μυστηρίων
833 1088 1086 1156 δήλωσις,
1120 1087 1600 1156 καταυγαζομένου
1627 1085 1720 1138 τοῦ
1754 1088 1879 1155 ἡγε-

311 1178 538 1247 μονικοῦ
565 1180 667 1249 τῆς
693 1179 901 1249 ψυχῆς,
938 1181 1043 1232 εἴτε
1076 1179 1160 1232 διὰ
1203 1179 1363 1231 θείων
1401 1179 1719 1246 ὀνειράτων,
1765 1177 1876 1230 εἶτε

310 1270 566 1340 καθύπαρ
595 1271 659 1324 ἐκ
687 1270 838 1334 θείας
873 1271 1208 1340 ἐλλάμψεως.
1238 1269 1469 1339 Δοθῆναι
1495 1271 1552 1322 δέ
1578 1269 1676 1338 τὴν
1721 1270 1879 1322 Ἀπο-

310 1363 545 1431 κάλυψιν
583 1365 784 1433 ταύτην
837 1366 1020 1435 φησιν,
1068 1364 1552 1432 ἀνθρωπινώτερον
1617 1362 1879 1432 διαχειρι-

308 1455 557 1523 ζόμενος,
593 1456 682 1509 τὸν
727 1454 882 1522 λόγον
920 1457 948 1508 ό
982 1458 1124 1518 θεῖος
1172 1447 1324 1516 οὗτος
1372 1453 1727 1514 Ἀπόστολος,
1762 1453 1877 1505 ἀλλ’

307 1547 407 1615 οὐχ
433 1547 507 1609 ὡς
548 1548 607 1598 ἐν
641 1546 717 1616 τῷ
749 1546 1066 1615 Εὑαγγελίῳ
1097 1546 1191 1598 καὶ
1233 1547 1296 1614 τῇ
1343 1543 1626 1613 Ἐπιστολῇ
1667 1543 1832 1597 αὑτοῦ
1861 1583 1876 1604 ,

310 1639 420 1690 ἀπὸ
455 1638 563 1690 τῶν
608 1638 894 1708 θειοτέρων
925 1639 1019 1689 τοῦ
1054 1637 1289 1708 Χριστοῦ
1331 1637 1529 1704 μᾶλλον
1562 1636 1878 1704 ποιούμενος

308 1729 402 1780 τὸν
437 1729 592 1795 λόγον
635 1730 730 1781 καὶ
773 1729 1125 1800 ἐνδιατρίϐων
1168 1729 1372 1792 αὐτοῖς,
1422 1727 1564 1780 οὕτω
1616 1729 1708 1780 καὶ
1759 1726 1876 1789 νῦν,

309 1819 427 1870 ἀλλ’
453 1819 558 1872 ἀπὸ
583 1819 688 1871 τῶν
717 1821 1138 1890 ταπεινοτέρων,
1168 1819 1240 1882 ὼς
1276 1819 1342 1872 ἂν
1370 1820 1618 1890 ὑποφήνη
1651 1818 1836 1886 σαφῶς
1861 1859 1875 1877 ,

306 1908 384 1969 ὼς
421 1910 622 1977 ’Ἄμφω
653 1909 720 1962 τὰ
747 1887 1173 1978 θειότερα-λέγω
1208 1909 1301 1961 καὶ
1331 1910 1398 1960 τὰ
1431 1887 1764 1980 ἀνθρώπινα,
1800 1906 1876 1978 τῷ
1912 1887 1951 1942 Β

310 2001 391 2050 ἐνὶ
421 2001 513 2054 καὶ
538 2000 615 2071 τῷ
647 2001 794 2070 αὐτῷ
821 2001 1163 2070 ἐνθεωρεῖται
1191 2000 1409 2070 Χριστῷ
1437 2002 1873 2071 μετα-πρέποντα.

307 2092 411 2143 Διὰ
439 2093 546 2160 γὰρ
569 2090 661 2144 τοῦ
687 2091 1060 2154 διακονοῦντος
1091 2092 1341 2160 ἀγγέλου,
1371 2093 1463 2146 καὶ
1497 2093 1588 2144 τοῦ
1615 2093 1877 2157 ὀνόματος

307 2183 418 2234 τῶν
443 2183 838 2252 μανθανόντων,
872 2183 954 2236 ὃτι
999 2182 1172 2236 δοῦλοι
1195 2222 1209 2245 ,
1238 2183 1297 2236 τὸ
1329 2183 1426 2252 τῆς
1455 2183 1709 2253 θεότητος
1741 2187 1876 2256 Χρι-

311 2273 439 2325 στοῦ
472 2274 723 2343 ἐμφαίνει
761 2273 1015 2343 μέγεθος,
1059 2275 1194 2328 καθὸ
1230 2276 1323 2327 καὶ
1353 2276 1588 2344 εἴρηται,
1629 2277 1709 2329 ὅτι
1744 2295 1763 2328 t
1796 2278 1877 2329 Τὰ

310 2362 604 2432 σύμπαντα
628 2363 792 2417 δοῦλα
825 2364 912 2420 σά.
954 2383 973 2414 s
1009 2365 1121 2434 Τὴν
1165 2363 1388 2416 ἔκϐασιν
1419 2365 1475 2417 δὲ
1505 2365 1612 2419 τῶν
1661 2383 1877 2437 χρημα-

306 2459 608 2528 τιζομένων
638 2461 694 2512 ἐν
725 2458 880 2529 τάχει
929 2460 1269 2530 ὑπισχνεῖται
1314 2459 1580 2531 προϐῆναι
1604 2499 1621 2524 ,
1660 2460 1758 2530 οὐχ
1802 2461 1878 2524 ὼς

309 2550 517 2620 ἔτυχεν,
550 2551 687 2606 ἀλλὰ
713 2550 1084 2622 παραμετρῶν
1113 2551 1180 2606 τὰ
1207 2549 1522 2622 ἀνθρώπινα
1549 2553 1660 2615 τοῖς
1690 2550 1874 2616 θείοις,

308 2637 391 2704 οἷς
423 2645 514 2695 καὶ
539 2644 610 2696 τὰ
638 2643 1002 2714 πολυχρονίως
1045 2643 1136 2696 καὶ
1180 2642 1460 2712 χιλιοστῶς
1491 2643 1877 2714 ἐκτελούμενα,

317 2749 338 2782 ι
372 2731 506 2802 ὡςὴ
538 2732 661 2802 χθὲς
688 2734 892 2804 ἡμέρα,
920 2734 1015 2786 καὶ
1051 2735 1083 2804 ἠ
1126 2735 1187 2787 ἐν
1216 2734 1368 2786 νυκτὶ
1402 2733 1618 2804 φυλακὴ
1649 2753 1667 2786 ι
1702 2735 1878 2804 κρίνε-

309 2841 422 2878 ται.
455 2825 524 2878 Ἦ
548 2827 642 2878 καὶ
663 2825 1070 2896 φιλοτιμότερον
1106 2825 1430 2896 προσϐαλεῖν
1455 2826 1552 2897 τῷ,
1568 2826 1665 2880 Ἑν
1692 2827 1879 2897 τάχει,

309 2915 406 2969 τοῦ
440 2917 818 2986 ἀνυπερθέτως
854 2917 1226 2988 παριστῶντός
1257 2918 1372 2971 ἐστι
1401 2917 1500 2987 τὴν
1530 2916 1754 2972 ἔκϐασιν
1788 2918 1882 2987 λή-

309 3007 509 3077 ψεσθαι
536 3009 608 3061 τὰ
632 3009 982 3079 δηλούμενα,
1027 3010 1196 3080 μηδὲν
1226 3009 1326 3078 τῆς
1373 3009 1735 3081 παρατάσεως
1764 3010 1882 3074 οἵας

311 3117 372 3152 τε
405 3098 570 3168 οῦσης
613 3100 672 3154 τὸ
701 3098 1118 3171 συντελεσθῆναι
1151 3100 1516 3172 λυμήνασθαι,
1559 3102 1635 3161 ὡς
1673 3102 1792 3155 οὑδέ
1821 3099 1882 3155 τὸ

314 3190 552 3260 σήμερον
584 3190 677 3244 τοῦ
710 3190 866 3261 ἐχθὲς
896 3191 1382 3262 παρατεινομένου,
1411 3193 1504 3245 ἐὰν
1536 3193 1610 3262 μὴ
1639 3194 1719 3254 εἰς
1743 3193 1879 3262 ὅπερ

314 3283 538 3353 ἀφῖχθαι
565 3285 926 3354 ἀποκείμενον
955 3285 1228 3355 εὐκαίρως
1261 3287 1409 3356 παρῇ
1446 3285 1717 3356 μηδεμιᾶς
1745 3286 1880 3339 ὕπο-

314 3374 610 3444 λιπομένης
632 3376 707 3445 τῷ
730 3377 1014 3448 πράγματι
1043 3377 1373 3446 βραδυτῆτος
1400 3377 1536 3448 πρὸς
1559 3378 1882 3448 καταδοχὴν,

313 3467 913 3538 ἀποδιαπομπὴσασθαι
938 3468 1228 3539 εὐπρεπές.
1258 3471 1335 3522 Δι’
1362 3469 1594 3537 ἀγγέλου
1624 3469 1679 3522 δὲ
1708 3472 1735 3524 ό
1759 3487 1886 3540 χρη-

319 3559 586 3628 ματισμὸς
615 3559 691 3627 τῷ
712 3560 880 3628 δούλῳ
908 3561 1094 3624 αὐτοῦ,
1123 3561 1178 3622 ὃς
1205 3561 1387 3624 δοῦλος
1418 3560 1766 3632 ἐμαρτύρησε
1793 3563 1884 3616 τὸν

315 3651 471 3718 λόγον
525 3651 617 3703 τοῦ
662 3652 797 3704 Θεοῦ
853 3653 946 3705 καὶ
997 3652 1094 3722 τὴν
1141 3654 1444 3722 μαρτυρίαν
1488 3653 1674 3716 αὑτοῦ,
1728 3655 1880 3724 φησί.

317 3742 504 3809 Τούτῳ
525 3742 600 3811 τῷ
631 3745 868 3811 σχήματι
899 3744 996 3812 τὴν
1018 3743 1399 3806 διδασκαλικὴν
1434 3743 1596 3796 αὑτοῦ
1628 3744 1884 3813 ἀλήθειαν

319 3832 606 3895 συνιστῶν,
636 3834 728 3884 καὶ
752 3835 808 3884 ὲν
840 3832 1188 3900 Εὑαγγελίοις
1216 3835 1486 3904 ἐχρήσατο
1517 3832 1703 3886 εἰπών·
1741 3855 1758 3886 ι
1790 3829 1888 3888 O75-

317 3925 406 3986 τός
440 3927 586 3978 ἐστιν
621 3926 650 3977 ό
685 3924 928 3996 μαθητὴς
959 3927 986 3978 ό
1037 3925 1328 3996 μαρτυρῶν
1373 3928 1502 3997 περὶ
1547 3927 1737 3980 τούτου
1793 3928 1886 3981 καὶ

319 4017 536 4085 γράψας
589 4017 790 4078 ταῦτα,
845 4020 940 4069 καὶ⁵
995 4017 1214 4088 οἴδαμεν
1277 4020 1357 4070 ὅτι
1417 4018 1620 4088 ἀληθής
1680 4021 1885 4090 ἐστινὴ

324 4106 596 4178 μαρτυρία
629 4107 816 4162 αὐτοῦ.
850 4126 870 4159 s
920 4107 1005 4170 Ὠς
1033 4103 1125 4160 οῦν
1164 4109 1220 4159 ἐν
1251 4108 1466 4178 ἐκείνῳ,
1497 4107 1638 4161 οὕτω
1673 4109 1765 4160 καὶ
1796 4109 1888 4162 κῦν

321 4216 507 4266 φησιν,
530 4200 612 4250 ὅτι
643 4199 854 4269 μάρτυς
884 4199 1000 4252 ἐστὶ
1046 4199 1138 4250 τοῦ
1179 4198 1435 4265 ὀφθέντος
1470 4197 1619 4268 αὐτῷ
1666 4199 1752 4250 διὰ
1790 4200 1887 4269 τῆς

332 4289 750 4358 ’Δποκαλύψεως
778 4290 877 4358 τῆς
909 4289 1152 4356 δοθείσης
1175 4288 1324 4360 αὐτῷ
1350 4290 1501 4359 παρὰ
1530 4290 1623 4344 τοῦ
1652 4291 1888 4361 Χριστοῦ

323 4383 661 4452 μαρτυρίας·
699 4383 1028 4453 μαρτυρίας,
1061 4381 1253 4449 λέγων,
1301 4383 1462 4434 οἱονεὶ
1492 4383 1891 4454 διαμαρτυρίας

317 4475 412 4526 τοῦ
435 4473 909 4543 διαμαρτύρασθαι
934 4475 1177 4543 δηλονότι
1205 4474 1338 4542 πρὸς
1366 4473 1460 4536 οὓς
1487 4477 1516 4528 ό
1537 4475 1691 4542 λόγος
1718 4475 1889 4543 αὐτῷ,

1974 627 2136 679 etiam
2161 626 2364 679 dictum
2392 635 2507 681 est:
2537 645 2557 679 ι
2585 625 2847 693 Quoniam
2874 629 3055 682 omnia
3078 630 3320 708 serviunt
3340 632 3455 687 tibi.
3486 637 3538 686 ἰ

1979 715 2324 787 Subjuugeus
2379 726 2558 772 autem
2633 719 2777 788 quod
2824 718 3077 775 Christus
3141 736 3353 776 sacram
3403 723 3544 778 haue

1977 809 2282 864 doctrinam
2313 825 2423 864 non
2457 811 2675 880 proprio
2697 812 2925 866 oraculo
2946 811 3013 866 ad
3039 813 3216 882 ipsum
3232 814 3539 878 pertulerit,

1978 900 2070 953 sed
2106 907 2314 952 tantum
2347 915 2442 968 per
2486 899 2735 968 angelum
2774 918 2957 964 suum,
3007 916 3248 956 amorem
3297 903 3542 958 veritatis

1982 991 2244 1045 indicavit
2299 991 2351 1044 in
2403 1006 2471 1044 eo
2513 992 2606 1059 qui
2654 989 3035 1062 Apocalypsin:
3079 1003 3384 1063 acceperat.
3445 994 3539 1048 Est

1980 1094 2162 1136 autem
2220 1082 2574 1152 Apocalypsis
2624 1091 2957 1137 secretorqu
2998 1085 3379 1154 mysteriorum
3429 1099 3543 1138 ma-

1980 1173 2259 1229 nili-statio
2294 1192 2307 1228 :
2343 1173 2608 1228 illustrata
2647 1173 2816 1227 animi
2853 1181 3055 1234 mente.
3086 1176 3201 1229 sive
3233 1190 3327 1244 per
3351 1175 3536 1229 divina

1981 1266 2212 1329 somnia,
2239 1265 2352 1320 sive
2374 1280 2439 1319 ex
2458 1263 2640 1318 divina
2658 1265 3004 1336 evidentique
3028 1264 3360 1336 all‘ulgentia.
3390 1268 3543 1322 Halic

1980 1372 2105 1410 vere
2146 1356 2521 1426 Apocalypsim
2552 1356 2732 1410 datam
2764 1372 2889 1411 esse
2917 1357 3070 1423 dicit,
3097 1357 3270 1428 magis
3302 1358 3546 1412 humano

1980 1464 2132 1502 more
2162 1463 2466 1502 sermonem
2493 1447 2792 1516 disponens
2832 1445 3054 1501 divinus
3080 1448 3170 1503 hic
3205 1449 3486 1516 apostolus
3527 1467 3540 1501 :

1979 1550 2032 1595 et
2051 1556 2156 1593 non
2179 1540 2638 1608 quemadmodum
2662 1539 2714 1592 in
2737 1538 3031 1606 Evangelia
3055 1549 3108 1594 et
3132 1538 3366 1608 Epistola
3421 1555 3541 1600 sua.

1981 1649 2009 1686 a
2044 1632 2414 1686 divinioribus
2448 1631 2632 1698 petius
2673 1645 2794 1699 qum
2829 1631 2883 1684 in
2911 1629 3134 1686 Christo
3159 1639 3288 1684 sunt
3337 1645 3547 1684 sermo-

1983 1739 2103 1777 nem
2146 1723 2278 1777 texit
2305 1732 2357 1777 et
2389 1723 2444 1776 in
2475 1722 2553 1775 cis
2583 1731 2848 1784 versatur,
2883 1723 2956 1776 ita
2983 1732 3037 1776 et
3065 1721 3330 1785 uunc,scd
3352 1722 3420 1774 ah
3449 1721 3548 1773 hu-

1983 1815 2284 1870 milioribus
2317 1832 2331 1869 :
2359 1823 2612 1884 tanquam
2645 1824 2832 1884 aperte
2865 1814 3196 1883 signiﬁcaret
3218 1815 3362 1883 quod
3393 1823 3544 1865 utra-

1980 1921 2105 1974 que,
2136 1906 2342 1968 divina,
2369 1905 2612 1974 iniquam,
2644 1915 2700 1958 et
2727 1905 2986 1970 humana,
3025 1905 3077 1958 in
3109 1920 3217 1958 uno
3246 1906 3547 1972 eodemque

1980 1996 2198 2051 Christo
2249 1995 2636 2050 convenienter
2676 1995 3103 2062 perspiciuntur.
3141 1995 3420 2064 Siquidem
3451 2008 3548 2063 per

1981 2087 2373 2142 ministrantem
2405 2087 2673 2155 angelum,
2699 2095 2756 2142 et
2790 2102 2986 2142 nomen
3012 2101 3202 2142 eorum
3225 2086 3317 2156 qui
3345 2087 3546 2140 docen-

1979 2188 2086 2243 tur,
2119 2194 2311 2248 nempe
2343 2178 2489 2247 quod
2513 2180 2653 2233 servi
2683 2180 2812 2245 sint,
2862 2178 3200 2247 maiestatem
3243 2178 3544 2233 divinitatis

1979 2275 2183 2330 Christi
2215 2273 2536 2329 manifestat
2568 2291 2582 2328 :
2615 2274 2772 2344 juxta
2805 2274 2856 2328 id
2897 2275 3044 2344 quod
3071 2274 3239 2328 etiam
3276 2275 3542 2341 scriptum

1978 2377 2084 2432 est,
2126 2385 2145 2420 ι
2180 2367 2445 2435 Quondam
2476 2367 2659 2421 omnia
2689 2367 2931 2421 serviunt
2961 2365 3076 2422 tibi.
3120 2384 3140 2417 ι
3186 2364 3357 2420 Porro
3381 2381 3545 2420 evcuo

1979 2471 2092 2515 tum
2113 2474 2304 2515 eorum
2334 2473 2456 2528 qua:
2488 2467 2797 2514 tractantur
2829 2458 2978 2513 brevi
3001 2457 3284 2526 pollicetur
3311 2465 3544 2512 eventu-

1979 2565 2098 2604 rum
2141 2569 2155 2606 :
2189 2564 2298 2605 non
2329 2549 2535 2619 vulgari
2572 2549 2755 2614 modo,
2791 2549 2886 2606 sed
2925 2551 3158 2608 metiens
3196 2554 3430 2606 humana
3465 2549 3548 2604 di-

1979 2643 2118 2698 vinis
2159 2661 2174 2697 :
2203 2657 2440 2713 quorum
2470 2640 2762 2698 collatione
2787 2643 2954 2697 etiam
2990 2657 3054 2697 ea
3075 2656 3202 2713 quae
3229 2642 3548 2713 longissimo

1981 2747 2220 2802 tempore
2265 2743 2319 2790 ct
2346 2741 2474 2803 post
2505 2733 2715 2790 multos
2751 2748 3018 2789 annorum
3055 2733 3386 2789 milleuarios
3412 2747 3540 2788 eve-

1982 2827 2459 2897 uiunt,rtanquam
2491 2825 2608 2880 dies
2637 2810 2889 2880 hesterna
2917 2833 2972 2880 et
2991 2831 3256 2880 nocturna
3283 2823 3466 2893 vigilia
3486 2823 3538 2876 ’s

1981 2927 2320 2984 reputantur.
2356 2917 2464 2973 Aut
2507 2917 2672 2972 etiam
2724 2916 2994 2972 curiosius
3017 2923 3072 2971 et
3111 2915 3378 2981 exactius,
3398 2914 3544 2986 quod

1980 3011 2163 3074 addat,
2195 3009 2336 3076 Cito,
2363 3009 2718 3067 iniallibiliter
2737 3009 3170 3067 demonstrantis
3191 3018 3278 3066 est
3305 3010 3451 3080 quod
3477 3024 3544 3064 ca

1981 3116 2104 3172 qua:
2159 3101 2576 3155 manifestantur
2630 3101 2740 3156 sint
2783 3109 3034 3155 eventum
3087 3099 3372 3161 sortitura,
3407 3097 3552 3153 sicut

1984 3194 2113 3249 nihil
2144 3192 2513 3264 impedimenti
2528 3191 2699 3262 possit
2731 3189 2925 3246 aﬂerre
2950 3191 3134 3246 dilatio
3160 3190 3292 3260 quin
3317 3189 3554 3259 comple-

1983 3295 2166 3342 antur.
2191 3286 2656 3354 Quemadmodum
2681 3300 2854 3356 neque
2873 3284 3114 3340 hesterni
3140 3283 3248 3338 diei
3274 3283 3552 3354 protensio

1986 3379 2246 3448 impedire
2273 3389 2453 3449 potest
2477 3378 2824 3442 hodiernum,
2859 3377 2964 3432 nisi
2989 3377 3136 3446 quod
3165 3383 3417 3445 oporteat
3441 3373 3552 3430 dif-

1986 3462 2115 3526 ferri
2151 3473 2324 3526 donec
2343 3481 2645 3540 opportune
2669 3469 2833 3534 adsit,
2861 3468 3006 3539 quod
3039 3468 3092 3524 in
3117 3467 3219 3524 hoc
3247 3467 3544 3536 repositum

1985 3574 2067 3618 est
2103 3572 2160 3617 ut
2189 3563 2488 3632 contingat,
2519 3562 2665 3616 nulla
2684 3561 2810 3616 huic
2842 3560 2920 3615 rei
2943 3575 3095 3614 mora
3113 3558 3301 3613 relicta
3327 3559 3394 3612 ad
3418 3574 3548 3614 suc-

1987 3655 2308 3713 cessionem,
2340 3653 2502 3726 647
2531 3653 2634 3708 Per
2663 3654 2913 3724 angelum
2936 3661 3116 3708 autem
3137 3652 3202 3707 ﬁt
3229 3651 3548 3706 vaticinium

1988 3762 2147 3802 servo
2178 3747 2370 3816 ipsius,
2389 3749 2484 3817 qui
2509 3760 2699 3801 servus
2727 3745 3099 3800 testimonium
3118 3743 3405 3812 perhibuit
3431 3757 3551 3797 ser-

1988 3841 2136 3894 moni
2175 3839 2266 3894 Dei
2293 3849 2348 3892 et
2369 3838 2607 3894 sermoni
2635 3854 2756 3902 suo,
2792 3836 3130 3907 iuquit.lloc
3155 3834 3369 3890 dicendi
3396 3842 3556 3904 tropo

1986 3945 2097 3998 quo
2114 3945 2269 3984 suam
2291 3931 2573 3984 veritatem
2590 3928 2836 3984 docendo
2870 3937 3050 4000 aptam
3075 3927 3311 3984 ostendit
3326 3934 3385 3979 et
3405 3941 3556 3981 coui-

1991 4022 2409 4086 mendat,etiam
2440 4022 2495 4076 in
2527 4019 2840 4090 Evangeliis
2867 4035 2999 4074 usus
3026 4026 3132 4085 est,
3151 4018 3341 4073 dicens
3366 4035 3380 4071 :
3411 4035 3430 4069 ι
3458 4015 3557 4070 llic

1989 4124 2071 4169 est
2105 4114 2374 4183 dicipulus
2407 4114 2498 4167 ille
2527 4113 2620 4184 qui
2668 4112 3046 4167 testimonium
3081 4110 3331 4180 perhibet
3361 4109 3428 4162 de
3469 4108 3556 4164 his

1990 4213 2044 4258 et
2074 4205 2290 4274 scripsit
2321 4205 2454 4268 hzec,
2487 4212 2540 4258 et
2569 4202 2775 4258 scimus
2805 4202 2949 4272 quod
2985 4215 3171 4256 verum
3203 4209 3288 4254 est
3311 4199 3556 4253 testimo-

1991 4297 2141 4352 nium
2181 4296 2349 4366 ejus.‘
2386 4314 2404 4347 ι
2445 4296 2598 4350 Sicut
2635 4310 2765 4366 ergo
2795 4295 2849 4349 in
2888 4308 2955 4348 eo
3001 4293 3166 4355 libro,
3202 4291 3277 4346 ita
3306 4299 3360 4345 et
3412 4303 3560 4342 nunc

1989 4388 2121 4442 dicit
2164 4387 2308 4456 quod
2336 4387 2489 4441 testis
2539 4386 2610 4442 sit
2638 4386 2756 4456 ejus
2793 4385 2936 4456 quod
2977 4385 3082 4440 sibi
3117 4384 3551 4439 demonstratum

1990 4487 2096 4539 est,
2127 4487 2346 4547 prepter
2375 4476 2685 4532 testimonia
2732 4477 2872 4532 datae
2911 4476 3014 4532 sibi
3047 4489 3079 4530 a
3104 4475 3323 4530 Christo
3359 4487 3556 4542 apoca-

320 4567 401 4625 εἰς
445 4563 754 4626 ἐξαθὼωσιν
803 4563 1019 4627 ἐαυτοῦ,
1067 4564 1321 4633 μάρτυρα
1369 4558 1510 4616 εἶναι
1559 4564 1750 4617 ἐαυτὸν
1794 4564 1888 4617 τοῦ
1923 4569 2011 4638 nl

1870 4564 1888 4617 3
1923 4578 1968 4638 υ
2000 4569 2188 4639 lypsis,
2213 4567 2520 4622 testimonia
2549 4569 2738 4623 dicens
2760 4569 2925 4623 veluti
2953 4567 3370 4638 protestatioues
3399 4578 3561 4634 quas-

319 4652 576 4720 όφθὲντος
620 4651 767 4722 αὐτῷ
799 4652 946 4706 θείου
978 4653 1136 4721 λόγου
1173 4652 1261 4705 διὰ
1294 4653 1392 4722 τῆς
1447 4653 1886 4724 Ἀποκαλύῲεως.

322 4746 456 4797 Τίνα
485 4745 542 4798 δὲ
571 4745 1048 4816 διαμαρτύρασθαι
1080 4746 1172 4798 καὶ
1213 4745 1446 4817 κηρῦξαι
1472 4748 1550 4808 είς
1581 4747 1890 4810 ἐξαθώωσιν

323 4839 518 4892 ἑαυτοῦ
547 4856 561 4902 ς
587 4840 669 4892 Τά.
685 4856 740 4891 τε
763 4839 914 4902 ὄντα,
941 4839 1010 4892 τά
1032 4855 1090 4891 τε
1121 4840 1378 4909 ἐσόμενα,
1410 4838 1444 4892 ἃ
1475 4839 1567 4892 καὶ
1601 4857 1888 4909 παραστα-

319 4929 472 4992 τικὰ,
519 4929 612 4982 ἆτε
647 4931 952 5002 προφήτου,
998 4930 1090 4983 τοῦ
1132 4947 1189 4982 τε
1225 4929 1519 4992 ἐνεστῶτος
1566 4931 1757 5002 χρόνον
1794 4932 1889 4984 καὶ

318 5021 416 5073 τοῦ
459 5022 760 5091 μελλόντος.

1995 4661 2143 4727 dam,
2184 4661 2536 4728 protestaudo
2579 4661 2827 4716 videlicet
2875 4662 3134 4716 adversus
3168 4659 3291 4713 illos
3360 4657 3559 4727 quibus

1996 4753 2097 4822 ipsi
2121 4768 2302 4808 sermo
2330 4762 2466 4817 erat,
2493 4763 2552 4808 ut
2589 4769 2710 4810 sese
2747 4769 2778 4808 a
2814 4763 3035 4824 peccato
3065 4750 3557 4806 incontaminatqu

1996 4843 2264 4908 redderet,
2297 4845 2442 4913 quod
2479 4846 2631 4900 testis
2658 4855 2776 4901 erat
2825 4844 2994 4898 dii-iui
3042 4842 3312 4898 sermonis
3342 4855 3438 4911 per
3476 4853 3562 4892 re-

1995 4935 2316 4990 velationem
2345 4937 2448 4990 sibi
2483 4937 2860 4992 demonstrati.
2900 4935 3165 5003 Quaenam
3201 4943 3388 4990 autem
3422 4946 3556 5002 pro-

1996 5028 2179 5081 testari
2210 5043 2271 5082 ac
2310 5028 2606 5097 pmdicarc
2633 5029 2893 5098 Oportuit,
2915 5038 2971 5082 ut
3007 5044 3126 5084 sese
3155 5043 3184 5080 a
3220 5031 3442 5096 peccato
3483 5025 3564 5076 in.

321 5110 752 5163 contaminatum
787 5113 1069 5166 redderet?
1093 5112 1158 5167 Et
1187 5129 1307 5184 qua!
1333 5113 1620 5184 praesentia
1659 5121 1814 5167 erant
1849 5122 1901 5168 et
1938 5131 2060 5186 qua:
2106 5116 2322 5172 futura:
2364 5133 2488 5188 quae
2560 5121 2728 5174 etiam
2763 5128 3025 5190 tanquam
3063 5118 3342 5188 prophetae
3393 5113 3560 5170 dicta.

324 5213 539 5268 tempus
571 5217 806 5271 prmsens
835 5220 898 5257 ac
929 5205 1168 5259 futurum
1202 5206 1584 5261 mmifestant:

397 5297 554 5349 Ὅσα
585 5313 646 5349 τε
670 5291 848 5351 εἶδεν.
887 5298 976 5350 Ἐν
1003 5299 1174 5370 ἑτέρῳ
1228 5300 1548 5369 ἀντιγράφω
1582 5298 1898 5369 πρόσκειται

2069 5295 2471 5366 Ειςᾳιιιεειιιιᾳιιε
2499 5297 2647 5350 vidit.
2675 5296 2731 5350 lu
2749 5297 3168 5366 alioexemplari
3195 5295 3473 5350 adduntur
3511 5307 3564 5351 ct

323 5389 420 5440 καὶ
467 5388 656 5439 ταῦτα·
689 5389 784 5440 καί
818 5388 932 5442 ὅσα
962 5389 1222 5457 ἤκουσε,
1263 5390 1360 5442 καὶ
1421 5391 1596 5443 ἅτινα
1627 5391 1766 5453 εἰσ),
1802 5391 1899 5442 καὶ
1997 5390 2012 5442 l

1870 5391 1899 5442 ει
1997 5390 2131 5452 haec,
2148 5388 2213 5441 Et
2235 5403 2556 5457 quwcunque
2573 5387 2795 5453 audivit,
2809 5397 2857 5441 et
2876 5404 2990 5458 qua:
3003 5398 3150 5452 sunt,
3164 5399 3212 5441 et
3231 5405 3346 5458 qua:
3361 5397 3561 5455 oportet

323 5478 500 5532 ἅτινα
560 5477 654 5531 δεῖ
680 5481 956 5548 γενέσθαι
981 5481 1130 5549 μετὰ
1164 5481 1370 5536 ταῦτα.
1421 5482 1477 5533 Ὀ
1509 5483 1741 5552 Χριστός
1780 5499 1897 5552 μοι,

324 5571 514 5638 φησὶν,
575 5571 921 5640 ἐφανέρωσεν
978 5571 1053 5634 ὼς
1120 5572 1384 5641 δεσπότης
1434 5573 1512 5642 τῷ
1578 5573 1748 5642 δούλῳ
1798 5573 1895 5624 αὺ-

1997 5480 2111 5546 ﬁeri
2139 5478 2382 5546 post/uec.
2403 5477 2672 5542 Christus,
2693 5477 2888 5546 inquit,
2912 5476 3042 5529 mihi
3060 5475 3420 5530 manifestavit
3444 5481 3564 5527 tan-

1996 5586 2158 5640 quam
2178 5569 2434 5624 Dominus
2451 5585 2608 5625 servo
2625 5585 2724 5625 suo
2745 5579 2823 5623 :ut
2841 5585 2935 5638 per
2950 5584 3014 5623 ca
3033 5585 3151 5639 qua:
3167 5570 3281 5622 visa
3298 5573 3424 5621 sunt
3437 5579 3564 5635 pro-

321 5663 443 5726 τοῦ,
479 5663 564 5730 ἐφ’
601 5659 645 5731 ᾧ
682 5665 772 5718 διὰ,
797 5664 904 5718 τῶν
943 5664 1252 5736 δραθέντων
1286 5663 1760 5735 διαμαρτύρασθαι
1806 5664 1897 5716 καὶ
1999 5670 2012 5716 l

1873 5664 1897 5716 ι
1999 5670 2227 5717 tcstarer
2243 5676 2302 5716 ac
2318 5662 2692 5732 praedicarem,
2715 5661 2779 5716 ad
2798 5662 3202 5717 conversionem
3217 5658 3528 5714 auditorum
3546 5672 3564 5712 :

427 5841 448 5872 ⁸
486 5839 627 5898 I‘sal.
663 5860 841 5904 cum,
880 5845 967 5900 9|.

1072 5846 1090 5876 ³
1124 5844 1265 5900 ιἐςιΙ,
1310 5860 1529 5907 Lxxxn,
1570 5845 1613 5898 ἱ.
1693 5846 1709 5875 ⁵
1745 5842 1937 5900 ιιιιιιιιι.
1971 5859 2080 5904 χχι,
2113 5843 2197 5899 Eli.
