4282 6440
297 400 402 461 503

1360 396 1752 456 COMMENT.
1801 399 1871 456 li\
1923 399 2454 462 APOCALYPSIN.

3465 403 3568 471 506

293 515 322 564 ὁ
366 507 557 579 παρὼν
596 505 853 576 Οεόσοφος
902 505 1293 577 εῦαγγελιστὴς
1337 508 1679 577 προήνεγκεν
1724 507 1779 560 ἕν
1814 525 1872 560 τε
1903 511 1984 569 At

1903 511 1948 569 Λ
1978 509 2218 578 seipsum
2255 515 2519 578 nominat;
2551 532 2567 564 ι
2602 513 2703 582 Qui
2730 523 2832 568 est.
2868 532 2885 565 ι
2918 514 3165 569 Prmsens
3185 524 3370 570 autem
3389 517 3564 574 Evan-

291 600 370 670 τῷ
401 599 718 668 Εὑαγγελίῳ
744 599 931 664 αὑτοῦ,
993 619 1010 652 ι
1064 601 1151 652 Ἐν
1180 600 1320 670 ἀρχῇ
1358 595 1424 669 ἦν
1453 601 1480 652 ὁ
1510 601 1703 666 Λόγος,
1743 620 1759 652 ι
1801 603 1879 652 εἰ-

293 694 432 755 πὼν,
465 692 560 744 καὶ
592 693 650 744 ὲν
696 694 763 761 τῇ
803 691 995 762 πρώτῃ
1031 692 1136 743 τῶν
1171 690 1476 744 καθολικῶν
1517 693 1681 744 αὑτοῦ
1727 694 1880 744 Ἐπιο

295 783 520 848 στολῶν,
560 803 579 834 ι
621 785 685 835 Ὃ
733 779 800 854 ἦν
853 783 946 838 ἀπ’
999 783 1210 854 ἀρχῆς,
1267 803 1284 834 ι
1326 783 1545 852 γράψας
1595 785 1724 854 περὶ
1784 784 1879 837 τοῦ

293 878 468 944 Λόγου
506 877 606 946 τῆς
655 875 821 946 ζωῆς.
879 874 1204 946 Ἐρχόμενον
1257 877 1312 928 δὲ
1358 875 1419 928 τὸ
1468 877 1608 928 οείον
1660 877 1880 946 Πνεῦμα

293 971 485 1032 καλεῖ,
517 970 591 1034 ὡς
622 969 684 1023 οῦ
717 971 879 1038 μόνον
926 968 1068 1022 κατὰ
1109 969 1207 1037 τὴν
1239 969 1447 1038 ἡμέραν
1482 969 1582 1036 τῆς
1611 971 1880 1041 Πεντηκο-

295 1063 426 1130 στῆς
457 1062 868 1131 ἀπεσταλμένον
912 1061 1066 1128 παρὰ
1102 1058 1197 1112 τοῦ
1246 1059 1479 1126 Πατρὶς,
1507 1060 1620 1111 ἀλλ’
1653 1061 1742 1112 ἁεί
1771 1077 1879 1111 πα-

294 1154 654 1222 ραγινόμενον
696 1155 808 1215 τοῖς
836 1152 1006 1217 ἀξίοις
1053 1152 1187 1205 αὐτὸ
1227 1150 1505 1214 δέξασθαι,
1534 1152 1626 1204 καὶ
1665 1151 1749 1204 διὰ
1785 1151 1879 1204 τοῦ

292 1245 454 1312 ἁγίου
487 1244 887 1314 βαπτίσματος.

363 1357 586 1425 Εἰρήνη
621 1358 739 1411 ἀπὸ
761 1357 867 1410 τοῦ
899 1360 931 1410 ό
957 1357 1060 1410 ὢν.
1095 1360 1252 1419 Ἴσως
1283 1359 1337 1410 δὲ
1363 1359 1461 1410 οῦκ
1487 1358 1748 1426 ἀδοκιμον
1781 1358 1875 1409 καὶ

290 1451 435 1502 οὕτω
469 1449 638 1501 ταῦτα
669 1448 903 1503 νοεῖσθαι
933 1451 1025 1502 ἐπὶ
1063 1449 1156 1502 τοῦ
1188 1451 1402 1520 Πατρδς
1434 1450 1512 1514 τὺ,
1559 1450 1621 1502 ’Θ
1651 1448 1732 1502 ὢν
1772 1451 1870 1502 καὶ

290 1546 322 1593 ό
362 1538 436 1609 ἦν
482 1542 576 1594 καὶ
613 1545 645 1594 ό
681 1541 1024 1608 ἐρχόμενος,
1067 1540 1143 1602 ὡς
1185 1541 1350 1594 αὐτοῦ
1409 1543 1756 1611 περιέχοντος
1816 1545 1872 1594 ἐν

289 1633 468 1702 ἑαυτῷ
495 1635 713 1686 πάντων
736 1632 842 1684 τῶν
871 1633 1040 1686 ὄντων
1081 1634 1179 1704 τὴν
1225 1633 1423 1704 ἀρχὴν,
1460 1634 1553 1686 καὶ
1587 1635 1652 1686 τὰ
1686 1635 1828 1704 μέσα
1857 1674 1872 1698 ,

288 1726 384 1778 καὶ
417 1726 485 1777 τὰ
519 1725 826 1780 τελευταῖα.

1985 601 2176 670 gelista
2197 605 2442 672 protttlit,
2474 625 2491 654 ι
2527 606 2675 670 Erat,
2710 626 2728 658 ι
2764 617 2816 661 et
2870 607 2921 659 in
2947 608 3244 677 Evangelio
3299 623 3400 664 suo
3441 627 3564 664 cum

1984 692 2137 755 dixit,
2174 712 2189 743 ι
2224 693 2280 746 lu
2323 695 2592 764 principio
2634 707 2750 752 erat
2805 697 3063 764 Verbum,
3095 701 3113 728 ⁵
3146 719 3164 752 ι
3211 701 3340 754 etin
3394 703 3566 770 prima

1984 796 2208 836 suarum
2237 782 2605 852 Epistolarum
2641 789 3042 843 catholicarum
3072 805 3196 843 cum
3237 793 3464 860 scripsit
3498 794 3565 846 de

1983 874 2150 927 verbo
2185 876 2356 937 vitam
2401 875 2556 941 Quod
2585 888 2702 932 erat
2731 881 2796 932 ab
2829 881 3044 934 iuitio.’
3079 901 3096 932 ι
3125 883 3295 936 Porro
3321 883 3561 938 divinutr

1986 965 2248 1035 Spiritum
2284 978 2443 1023 vocat
2471 985 2596 1024 eum
2632 973 2724 1040 qtti
2760 975 2923 1036 venit,
2959 975 3126 1029 veluti
3153 989 3259 1028 non
3289 975 3567 1035 solumdie

1983 1057 2334 1115 I‘entccostes
2381 1065 2609 1116 missum
2665 1079 2693 1116 a
2740 1062 2921 1128 Patre,
2976 1068 3069 1120 sed
3107 1083 3323 1136 semper
3357 1069 3426 1122 ad
3470 1083 3565 1122 eos

1982 1152 2330 1206 accedentem
2375 1153 2470 1224 qui
2525 1153 2674 1224 digni
2716 1165 2844 1210 sunt
2895 1157 3212 1227 suscipere,
3257 1159 3424 1214 etiam
3469 1174 3566 1229 per

1981 1253 2231 1297 sanctum
2274 1243 2564 1315 baptisma.

2052 1354 2208 1407 Abeo
2231 1356 2320 1424 qui
2353 1356 2730 1413 est.Fortassis
2763 1367 2945 1413 autem
2979 1374 3087 1413 non
3112 1359 3213 1412 erit
3237 1359 3560 1426 absurdum,

1983 1454 2039 1498 ut
2075 1445 2188 1499 hinc
2237 1463 2454 1516 quoque
2493 1449 2564 1502 ita
2619 1450 2992 1520 intelligantur
3037 1451 3102 1505 de
3149 1450 3329 1515 Patre,
3367 1466 3561 1520 nempe

1981 1537 2081 1604 Qui
2111 1551 2211 1605 est,
2257 1551 2305 1593 et
2336 1543 2424 1610 qui
2453 1552 2590 1602 erat.
2630 1553 2675 1596 et
2709 1546 2797 1612 qui
2847 1545 3014 1596 venit:
3047 1553 3107 1597 ut
3136 1545 3226 1612 qui
3281 1545 3334 1597 in
3378 1544 3558 1613 seipse

1981 1633 2261 1688 contineat
2287 1635 2530 1688 omnium
2556 1651 2678 1705 quze
2704 1643 2832 1689 sunt
2865 1635 3131 1704 originem
3165 1634 3332 1706 649
3361 1645 3416 1690 et
3445 1651 3561 1690 me-

1979 1723 2068 1777 dia
2097 1738 2159 1777 ac
2193 1723 2346 1777 lines.

356 1841 462 1894 Kal
493 1841 612 1894 ἀπὸ
654 1841 771 1894 τῶν
808 1843 956 1896 ἑπτὰ
987 1843 1363 1911 πνευμάτων.
1414 1844 1571 1907 Τινὲς
1616 1845 1683 1896 τὰ
1733 1843 1871 1896 ἑπτὰ
1901 1861 1947 1920 Β

1868 1861 1947 1920 εΒ
2053 1835 2119 1889 Et
2151 1853 2182 1889 a
2214 1851 2404 1903 septem
2432 1838 2730 1906 spiritibus.
2774 1837 3025 1892 Nonnulli
3075 1848 3281 1908 septem
3331 1839 3559 1908 spiritu;

284 1933 593 2002 πνεύματα,
626 1935 722 1996 τὰς
754 1934 1037 2004 ἐνεργείας
1063 1933 1159 1987 τοῦ
1200 1936 1358 2003 ἁγίου
1392 1935 1666 1989 ὑπέλαϐον
1698 1936 1864 1989 Πνεῦ-

285 2040 478 2090 ματος.
510 2024 869 2094 Δοκιμότερον
901 2025 955 2076 δὲ
983 2025 1250 2092 ἀγγέλους
1279 2026 1452 2078 ταῦτα
1484 2029 1646 2080 νοεῖν.
1682 2028 1756 2080 Οῦ
1784 2028 1872 2080 διὰ

281 2115 343 2166 τὸ
397 2116 882 2186 συμπαρειλῆφοαι
925 2117 1072 2187 δὲτῇ
1121 2121 1598 2188 παντοκρατορικῇ
1641 2118 1866 2189 Τριαδι,

279 2204 382 2273 ἥδη
429 2207 522 2257 καὶ
566 2207 804 2275 ὁμᾶτιμα
837 2207 1009 2259 ταῦτα
1040 2207 1495 2274 καταλογίζεσθαι
1537 2212 1677 2279 αὐτῇ
1729 2213 1865 2280 χρὴ,

277 2295 418 2346 ἀλλὰ
447 2296 608 2349 δοῦλα
646 2298 740 2350 καὶ
771 2299 1145 2369 λειτουργικὰ,
1177 2300 1290 2368 εἴγε
1318 2302 1564 2355 πειστέον
1599 2308 1712 2366 τοίς
1742 2321 1870 2376 προ-

279 2386 479 2452 φήταις
546 2391 659 2450 τοῖς
717 2388 1246 2460 διαμαρτυρομένοις
1299 2393 1380 2444 ὅτι
1443 2394 1510 2446 τὰ
1578 2394 1871 2464 σύμπαντα

275 2478 439 2531 δοῦλα
479 2479 664 2542 αὑτοῦ,
701 2481 797 2533 καὶ
829 2480 890 2552 δὴ
923 2483 1017 2534 καὶ
1052 2483 1128 2554 τῷ
1163 2485 1453 2554 Θεοπάτορι
1487 2485 1673 2550 Δαυίδ,
1715 2507 1732 2536 ι
1773 2487 1872 2541 Εὐ·-

275 2571 508 2639 ὶογείτε,
571 2573 873 2641 φάσκοντι,
924 2576 1122 2640 πάντες
1171 2577 1390 2644 ἄγγελοι
1436 2579 1592 2642 Θεοῦ,
1650 2579 1871 2634 δυνατοὶ

277 2664 446 2730 ισχῦῐ,
483 2665 766 2727 ποιοῦντες
795 2667 883 2719 τὸν
918 2666 1073 2733 λόγον
1125 2669 1313 2721 αὑτοῦ.
1353 2689 1371 2720 ι
1415 2672 1524 2724 Καὶ
1548 2672 1605 2724 τὸ
1643 2673 1741 2741 μὲν
1782 2673 1869 2725 λέο

272 2769 394 2818 γειν
442 2755 522 2808 ὅτι
579 2755 637 2808 τὸ
687 2760 1254 2830 συμπαραλαμεάνειν
1301 2763 1362 2814 τὸ
1418 2764 1570 2815 Θείον
1627 2765 1720 2816 καὶ
1771 2765 1868 2835 τὴν

273 2848 606 2914 ἀγγελιὼτιν
661 2849 843 2918 quam,
896 2854 1276 2921 παριστῶντὸς
1329 2857 1446 2907 ἐστι
1502 2856 1563 2908 τὸ
1605 2857 1867 2929 ὁμότιμον

271 2937 416 2992 εἶναι
440 2941 538 3007 τῆς
564 2945 1003 3014 παντοκράτορος
1024 2948 1116 2998 καὶ
1143 2948 1323 3016 πάσης
1353 2948 1445 3001 τοῦ
1469 2944 1610 3002 εἶναι
1637 2950 1867 3010 κτίσεως

274 3033 572 3100 παραιτὶας
597 3035 690 3089 καὶ
715 3036 812 3106 τὴν
835 3036 1219 3110 λειτουργικὴν
1247 3040 1571 3104 ὑπόστασιν,
1597 3044 1697 3096 οὐκ
1719 3043 1864 3096 ἔστιν

272 3127 499 3190 εἰδότος,
527 3129 646 3181 οὐδὲ
683 3131 848 3196 ἐγγὺς
869 3172 883 3196 ,
916 3133 1033 3184 ἀλλ’
1061 3134 1385 3200 ἀγνοοῦντος
1407 3177 1421 3199 ,
1471 3131 1648 3203 οἶμαι.
1680 3137 1755 3199 ὡς
1785 3137 1863 3206 τῷ

1976 1939 2310 1998 acceperunt
2350 1939 2557 1998 septem
2589 1931 2937 1997 operationes
2978 1930 3148 1983 sancti
3177 1928 3435 1998 Spiritus.
3467 1928 3562 1983 Est.

1975 2030 2156 2074 autem
2187 2021 2526 2091 probabilius
2564 2023 2663 2075 hos
2693 2021 2945 2090 accipere
2972 2021 3196 2090 angelos
3225 2039 3238 2076 :
3278 2037 3383 2074 nou
3411 2023 3556 2092 quod

1973 2131 2096 2168 cum
2135 2114 2495 2182 omnipotenti
2533 2111 2801 2166 Trinitate
2844 2113 3400 2180 comprehendantur,
3444 2114 3560 2168 sive

1972 2203 2134 2256 etiam
2171 2203 2399 2271 mqualis
2435 2217 2558 2256 esse.
2585 2216 2709 2254 cum
2741 2216 2802 2254 ea
2834 2201 3061 2255 honoris
3093 2201 3352 2255 arbitrari
3389 2217 3556 2270 opor-

1975 2305 2085 2349 teat
2106 2313 2118 2348 :
2138 2296 2230 2348 sed
2253 2295 2398 2364 quod
2417 2295 2468 2348 ei
2487 2295 2828 2347 famulentur
2855 2302 2910 2347 et
2936 2294 3332 2363 obsequantur,
3357 2293 3401 2347 si
3427 2308 3557 2363 pro-

1975 2388 2152 2458 phetis
2214 2387 2543 2442 credendum
2601 2397 2686 2440 est
2733 2387 3125 2440 attestantibus
3176 2387 3321 2456 quod
3372 2385 3554 2440 omnia

1973 2483 2212 2536 serviant
2254 2481 2384 2550 ipsi:
2430 2489 2483 2534 et
2534 2481 2868 2550 progenitori
2915 2479 3007 2535 Dei
3044 2479 3256 2546 Davidi,
3296 2479 3499 2536 dicenti
3540 2497 3552 2532 :

1978 2596 1995 2628 ι
2031 2575 2360 2638 Benedicite,
2382 2588 2574 2627 omnes
2605 2573 2778 2643 angeli
2815 2572 2928 2636 Dei,
2963 2581 3208 2644 potentes
3237 2573 3436 2626 virtute
3461 2573 3554 2643 qui

1971 2668 2201 2738 expletis
2244 2682 2556 2721 sermonem
2610 2667 2805 2735 ipsius.
2828 2665 2850 2696 ⁸
2881 2685 2897 2716 ι
2937 2663 3001 2719 Ει
3024 2673 3173 2719 certe
3206 2664 3388 2721 dicere
3409 2668 3552 2734 quod

1973 2760 2135 2814 simul
2160 2758 2623 2829 comprehendere
2654 2759 2995 2812 divinitatem
3018 2768 3072 2811 et
3096 2767 3346 2812 naturam
3379 2773 3552 2826 ange-

1971 2851 2131 2904 licam
2162 2851 2230 2904 sit
2255 2851 2637 2905 demonstrare
2668 2850 3037 2920 :equalitatem
3065 2863 3186 2903 esse
3214 2849 3440 2902 honoris
3471 2849 3549 2901 inv

1971 2955 2052 2998 ter
2079 2944 2506 3014 omnipotentem
2532 2942 2851 2996 Trinitatem
2886 2952 2938 2997 et
2956 2943 3048 3014 qtti
3078 2943 3257 2996 omnis
3283 2951 3554 2996 creatura:

1969 3050 2161 3092 auctor
2196 3047 2299 3099 est.
2344 3052 2407 3092 ac
2438 3037 2850 3090 ministerialem
2883 3036 3274 3102 substantiam,
3325 3049 3433 3089 non
3469 3045 3556 3090 est

1969 3128 2318 3196 intelligentis
2345 3137 2437 3180 aut
2460 3127 2849 3198 propemodum
2875 3127 3254 3196 intelligentis,
3274 3125 3368 3180 sed
3397 3125 3548 3194 igno-

270 3219 586 3283 δεσπόζοντι
610 3223 755 3289 φιλεῖ
775 3227 1012 3278 συνεῖναι
1045 3227 1214 3280 καὶτὸ
1237 3229 1565 3298 ὑπηρετοῦν.
1583 3224 1651 3300 ᾮ
1682 3230 1746 3301 δὴ
1769 3233 1861 3284 καὶ
1891 3213 1931 3270 c

1860 3273 1861 3280 η
1891 3213 1931 3270 C
1967 3222 2159 3284 rantis,
2188 3229 2244 3272 ut
2277 3219 2647 3289 opinor,quod
2677 3219 2907 3288 gaudeat
2927 3233 2988 3272 ea
3012 3230 3259 3273 creatura
3290 3217 3551 3272 assistere

274 3311 487 3374 Παῦλος
516 3314 794 3382 χρώμενος
821 3318 876 3367 ὲν
897 3319 960 3386 τῇ
1010 3317 1203 3390 πρώτῃ
1237 3320 1378 3389 (1-9.)
1420 3321 1556 3389 πρὸς
1598 3321 1864 3390 Τιμόθεον

270 3404 564 3475 Ἐπιστολῇ
593 3405 736 3458 οὕτω
761 3408 877 3470 πώς
904 3425 1098 3477 qnam
1128 3411 1490 3483 Μαρτύρομ.αι
1514 3411 1748 3466 ἐνώπιον
1771 3415 1864 3467 τοῦ

273 3496 410 3548 θεοῦ
444 3497 538 3550 καὶ
579 3498 689 3550 τῶν
734 3499 1008 3552 ἐκλεκτῶν
1052 3502 1322 3570 ἀγγέλων.
1367 3522 1384 3553 ι
1444 3503 1616 3557 Τοῦτο
1645 3500 1738 3556 οὖν
1773 3507 1865 3557 καὶ

272 3593 352 3660 τῷ
402 3592 552 3661 αὐτῷ
587 3594 1081 3656 ἐπακολουθοῦντος
1116 3599 1283 3650 ἐστιν.
1345 3596 1505 3649 ’Λλλὰ
1538 3599 1634 3650 καὶ
1668 3598 1728 3650 τὸ
1774 3601 1863 3651 ὲνο

270 3682 449 3736 ταῦοα
483 3685 840 3753 προσκεῖσθαι
874 3685 953 3747 τὸ,
998 3687 1065 3739 ’Ἃ
1101 3686 1273 3739 ἐστιν
1301 3688 1559 3740 ἐνώπιον
1592 3689 1695 3742 τοῦ
1730 3691 1862 3756 θρό-

272 3791 387 3826 νου
419 3774 523 3828 τοῦ
556 3775 727 3839 Θεοῦ,
763 3777 862 3846 τὴν
891 3777 1166 3846 οἰκετικὴν
1198 3778 1372 3843 τάξιν.
1402 3779 1462 3831 οῦ
1491 3779 1588 3849 τὴν
1622 3779 1862 3848 ἰσότιμον

275 3866 458 3927 αὐτοῖς
491 3868 1046 3938 προσμαρτυροῦντὸς
1078 3871 1249 3922 ἐστιν.

353 4043 416 4095 '0
435 4043 666 4112 μάρτυς
707 4049 738 4098 ό
779 4047 1008 4108 πιστός.
1046 4049 1137 4099 Δεῖ
1189 4050 1633 4118 προσυπακοῦειν
1676 4052 1757 4114 τὸ,
1801 4054 1858 4116 ὃς

1638 4146 1783 4198 ἐστιν
1831 4146 1859 4196 ὁ

278 4229 510 4296 μάρτυς.
577 4231 1004 4298 Ἐπισκοπητέον
1051 4231 1106 4282 δὲ
1166 4233 1246 4284 ὃτι
1301 4235 1567 4305 πρότερον
1600 4237 1674 4298 ὡς
1729 4239 1857 4306 περὶ

273 4320 520 4387 ἀσάρκου
571 4319 789 4387 γράψας
838 4320 932 4372 τοῦ
979 4320 1126 4374 θείου
1167 4326 1341 4391 Λόγου
1408 4327 1465 4377 ὲν
1510 4324 1592 4388 οἷς
1649 4329 1852 4395 ἔλεγεν,

279 4430 296 4460 ι
345 4412 405 4462 Ὀ
435 4407 533 4477 ἦν,
571 4429 588 4459 ι
641 4412 735 4462 νῦν
767 4415 893 4480 περὶ
946 4415 1365 4484 σεσαρκωμένου
1411 4419 1576 4470 αὐτοῦ
1611 4420 1856 4486 διαλέγε-

273 4520 383 4561 ται,
416 4505 625 4570 φήσας,
659 4504 762 4556 Καὶ
796 4504 914 4556 ἀπὸ
975 4505 1179 4570 Ἰησοῦ
1212 4508 1490 4572 Χριστοῦ,
1538 4511 1598 4561 οῦ
1632 4511 1855 4580 διαιρῶν

275 4137 446 4199 ἐστιν,
496 4137 560 4186 ἵν’
700 4139 805 4188 Καὶ¹
852 4138 958 4191 ἀπὸ
1011 4138 1185 4208 Ἰησοῦ
1237 4141 1497 4210 Χριστοῦ,
1535 4145 1591 4206 ὃς

1969 3315 2320 3377 dominatori,
2374 3315 2536 3384 eique
2583 3315 2898 3368 ministrare
2949 3329 2962 3364 :
3022 3327 3132 3382 quo
3187 3311 3463 3367 schemate
3499 3320 3556 3366 ct

1971 3405 2172 3459 Paulus
2212 3407 2263 3460 in
2309 3407 2549 3478 Epistola
2579 3407 2752 3477 prima
2794 3406 2858 3458 ad
2885 3403 3234 3458 Timotheum
3269 3413 3451 3463 utens.
3494 3402 3547 3457 in

1972 3499 2116 3553 hunc
2145 3499 2556 3569 quodammodo
2582 3499 2823 3568 loquitur
2858 3495 3077 3550 modum
3106 3513 3119 3549 :
3154 3513 3171 3546 ι
3209 3493 3464 3551 Ohtestor
3491 3493 3546 3547 in

1971 3599 2266 3658 Conspectu
2303 3587 2394 3640 Dei
2426 3597 2473 3641 et
2501 3587 2801 3640 electorum
2825 3586 3165 3654 angelorum.
3193 3585 3214 3615 ’
3249 3603 3267 3635 ›
3305 3583 3418 3639 lloc
3443 3584 3547 3655 igi—

1970 3694 2054 3737 tur
2079 3682 2447 3750 idemquoquc
2474 3678 2855 3750 prosequentis
2879 3685 2979 3730 est.
3006 3676 3146 3742 Quin
3163 3675 3325 3729 etiam
3347 3675 3548 3729 addere

1967 3776 2069 3831 hoc.
2095 3777 2233 3836 loco;
2271 3774 2373 3837 Qui
2397 3775 2449 3824 in
2480 3782 2757 3836 conspectu
2793 3770 2966 3822 throni
2987 3769 3080 3822 Dei
3112 3778 3256 3832 sunt,
3285 3776 3549 3822 attestan-

1965 3870 2034 3922 tis
2065 3879 2146 3922 est
2195 3865 2606 3920 tniuisterialem
2653 3863 2922 3927 ordinem,
2972 3877 3077 3916 non
3108 3861 3371 3931 mqualem
3400 3860 3538 3931 ipsis

1965 3963 2249 4016 honorem.

2036 4051 2202 4105 Testis
2225 4050 2416 4118 ﬁdelis.
2436 4048 2657 4116 Oportet
2687 4047 3090 4117 subintelligcre
3106 4047 3162 4110 ὃς
3183 4048 3349 4113 ἐστιν,
3371 4045 3421 4100 id
3439 4055 3543 4112 est,

1963 4143 2056 4211 qui
2082 4153 2156 4196 est
2181 4160 2195 4206 ;
2223 4151 2277 4195 ut
2297 4143 2366 4196 sit
2387 4157 2579 4195 sensus
2605 4141 2739 4206 :Qui
2770 4152 2851 4194 est
2873 4141 3046 4193 testis.
3072 4138 3540 4192 Considerandum

1963 4249 2044 4290 cst
2074 4244 2252 4288 autem
2286 4233 2428 4304 quod
2450 4234 2601 4302 prius
2629 4234 2695 4286 de
2723 4231 2900 4287 Verbo
2917 4232 3102 4285 divino
3125 4241 3384 4301 tanquam
3419 4245 3531 4286 non

1965 4327 2245 4380 ineat-nato
2280 4326 2514 4388 locutus,
2548 4341 2672 4379 cum
2702 4325 2930 4378 diceret.
2976 4323 3080 4388 Qui
3113 4334 3264 4376 erat:
3295 4338 3443 4375 nunc
3470 4324 3540 4376 de

1961 4417 2078 4486 ipso
2109 4417 2389 4470 incarnato
2415 4416 2652 4478 disserit,
2690 4415 2911 4468 dicens:
2946 4413 3010 4465 Et
3044 4416 3108 4466 ab
3136 4412 3266 4465 Iesu
3300 4412 3536 4477 Christo,

1963 4525 2072 4562 non
2096 4508 2388 4561 dividendo
2413 4509 2589 4576 ipsum
2627 4508 2678 4559 itt
2701 4506 2838 4558 duos
2868 4521 2960 4574 per
2987 4506 3089 4560 hoc
3118 4504 3264 4574 quod
3297 4504 3536 4574 subjun-

272 4595 436 4645 αὑτὸν
473 4597 549 4655 εἰς
578 4595 689 4658 δᾷο,
723 4595 810 4647 διὰ
834 4597 895 4647 το
923 4597 1216 4664 ἐπαγαγεῖν
1253 4600 1332 4656 τὸ,
1365 4601 1471 4653 Καὶ
1507 4602 1626 4654 ἀπὸ
1661 4604 1853 4668 ’1ησοῦ
1886 4585 1933 4642 υ
1961 4623 1963 4661 ξ

1848 4606 1853 4645 i
1886 4585 1933 4642 υ
1961 4600 2065 4668 git:
2106 4597 2170 4650 Et
2202 4599 2266 4650 ab
2309 4596 2435 4650 Iesu
2470 4597 2702 4660 Christo,
2737 4612 2921 4650 verum
2974 4605 3028 4650 et
3072 4596 3171 4650 hoc
3203 4603 3256 4649 et
3291 4594 3420 4649 illud
3470 4595 3539 4649 de

271 4687 552 4752 Χριστοῦ,
581 4687 714 4739 ἀλλὰ
745 4687 900 4740 τοῦτο
927 4705 984 4738 τε
1016 4689 1107 4740 καὶ
1136 4692 1311 4742 ἐκεῖνο
1344 4693 1468 4758 περὶ
1493 4694 1608 4755 ἐνὸς
1635 4695 1730 4746 καὶ
1757 4697 1850 4747 τοῦ

271 4777 439 4830 αὑτοῦ
475 4780 791 4849 μαρτυρῶν,
827 4780 908 4831 ὅτι
956 4781 1014 4831 τὲ
1061 4782 1175 4833 ἐστι
1205 4782 1299 4834 τοῦ
1351 4784 1583 4852 Πατρδς,
1631 4789 1724 4838 καὶ
1769 4788 1850 4840 ὅτι

271 4864 584 4933 ὲσαρκώθη.
625 4865 794 4918 Τοῦτο
815 4867 925 4936 γὰρ
953 4867 1202 4936 βούλεται
1229 4871 1424 4938 δηλοῦν
1448 4873 1527 4935 τὸ,
1575 4876 1848 4942 Χριστὸς,

268 4957 462 5025 ὄνομα.
496 4959 592 5018 ὐς
616 4959 846 5028 Χριστὸς
875 4962 1014 5013 κατὰ
1033 4963 1122 5014 τὸν
1151 4965 1421 5034 μακάριον
1444 4966 1654 5020 Παῦλον
1681 4970 1855 5039 ἐμαρ-

272 5049 510 5117 τύρησεν
549 5051 640 5102 ire
677 5053 887 5121 μάρτυς
919 5056 1009 5106 ἐπὶ
1060 5057 1283 5109 Ποντίου
1332 5059 1588 5124 Πιλάτου,
1621 5064 1856 5131 ὁπηνίκα

272 5139 513 5204 ἔφασκεν
544 5139 681 5207 πρὸς
724 5142 909 5194 αὐτόν’
945 5163 961 5194 ι
1007 5145 1069 5196 ’11
1094 5145 1339 5213 βασιλεία
1370 5149 1401 5217 ἡ
1432 5150 1536 5219 ἐμὴ
1583 5151 1681 5202 οὑκ
1710 5152 1856 5204 ἔστιν

271 5230 338 5279 ἐκ
371 5228 463 5280 τοῦ
489 5228 692 5296 κόσμου
721 5231 964 5285 τούτου.)
998 5235 1156 5286 Nosti
1187 5237 1295 5304 γὰρ
1324 5237 1430 5289 ἀπὸ
1453 5238 1657 5291 τούτων
1703 5241 1852 5293 διαν-

272 5320 456 5388 ίστησι
486 5321 594 5374 τῶν
620 5323 814 5390 λόγων,
845 5324 917 5388 ὡς
950 5327 1043 5379 καὶ
1075 5328 1206 5388 Θεός
1233 5329 1379 5382 ἐστιν
1405 5333 1432 5380 ὁ
1461 5333 1534 5394 ὡς
1570 5333 1854 5400 ἄνθρωπος

268 5413 572 5482 ὁρώμενος,
602 5417 695 5468 καὶ
718 5419 915 5470 ταυτὸν
947 5419 1336 5491 φθεγγόμενος.
1375 5424 1604 5492 Μάρτυς
1634 5427 1730 5494 μὲν
1759 5424 1852 5478 οὖν

267 5505 358 5556 διὰ
402 5504 581 5559 τοῦτο.
630 5507 825 5571 Πιστὸς
870 5509 949 5573 δὲ,
984 5511 1105 5564 ἀντὶ
1152 5512 1269 5578 τοῦ,
1316 5514 1543 5584 ἀληθὴς,
1577 5518 1707 5580 Θεὸς
1755 5519 1851 5570 καὶ

338 5680 360 5712 ⁶
408 5680 625 5748 Joan.t,
657 5685 706 5739 1.

785 5686 804 5716 ⁷
832 5684 988 5742 Joan.
1035 5705 1070 5752 t,
1109 5691 1157 5744 1.
1237 5689 1256 5722 ⁸
1290 5689 1431 5748 Psal.
1465 5710 1647 5760 εει-ιιι,
1699 5694 1796 5751 102

341 5837 488 5908 (ίυτὶ)
521 5838 672 5913 Vu'g.
705 5859 814 5898 out.
857 5847 1061 5915 πρώτη.

1895 5698 1913 5727 ³
1953 5697 1968 5750 1
2003 5696 2144 5752 Tim.
2187 5714 2236 5762 ν,
2278 5699 2366 5754 2|.

1954 4691 2166 4754 eodem,
2205 4689 2547 4743 testiﬁcando
2573 4699 2625 4742 et
2652 4689 2792 4759 quod
2826 4690 2995 4757 patris
3021 4689 3091 4743 sit
3122 4687 3335 4759 etquod
3357 4687 3538 4742 incar-

1955 4793 2115 4837 natus
2147 4783 2235 4834 sit.
2274 4779 2409 4834 Nam
2469 4780 2571 4835 hoc
2609 4781 2917 4849 signiﬁcare
2977 4780 3091 4833 vult
3129 4795 3328 4834 nomen
3373 4778 3536 4834 Chri-

1955 4883 2104 4928 stus:
2128 4873 2219 4943 qui
2241 4872 2493 4928 Christus
2519 4874 2669 4942 iuxta
2693 4873 2750 4926 Β.
2771 4875 2995 4928 Paulum
3020 4875 3390 4928 testimonium
3417 4875 3538 4928 tulit

1965 4976 2223 5034 tanquam
2246 4965 2400 5019 testis
2418 4965 2520 5019 sub
2539 4964 2727 5020 Pontio
2745 4966 2934 5029 Pilato,
2967 4981 3090 5019 cum
3117 4965 3254 5019 dixit
3285 4968 3352 5018 ad
3379 4980 3530 5018 eum:

1968 5077 1986 5110 ι
2019 5057 2264 5129 Regnum
2292 5073 2472 5112 meum
2515 5074 2624 5112 non
2653 5066 2737 5112 est
2777 5073 2842 5112 ex
2876 5059 2981 5112 hoc
3033 5059 3256 5112 mundo.
3285 5060 3328 5089 "
3383 5075 3401 5108 ι
3441 5057 3536 5112 llis

1973 5152 2158 5220 itaque
2202 5151 2550 5206 sermonihus
2595 5152 2799 5205 excitat
2829 5152 2895 5206 ad
2928 5151 3337 5220 intelligendum
3372 5153 3520 5222 quod

1961 5244 2127 5297 etiam
2190 5243 2328 5296 Deus
2377 5244 2446 5297 sit
2473 5243 2567 5313 qui
2604 5253 2863 5314 tanquam
2907 5244 3072 5297 homo
3104 5245 3440 5314 conspicitur
3478 5254 3530 5298 et

1960 5333 2075 5386 haec
2108 5334 2367 5403 loquitur.
2401 5332 2630 5404 Propter
2657 5337 2759 5390 hoc
2797 5337 2960 5405 igitur
2991 5347 3145 5392 testis
3176 5347 3260 5390 est
3301 5353 3316 5389 :
3361 5335 3536 5392 ﬁdelis

1963 5437 2168 5490 autem,
2207 5427 2319 5481 sive
2349 5443 2536 5492 verax,
2583 5428 2723 5483 Deus
2758 5435 2811 5483 et
2841 5429 3002 5483 homo
3026 5448 3038 5483 :
3066 5431 3188 5484 ideo
3218 5431 3383 5484 etiam
3415 5439 3535 5483 tan-

1958 5535 2120 5588 quam
2172 5519 2332 5574 homo
2387 5530 2636 5576 mortuus
2675 5533 2778 5586 est,
2818 5523 3057 5577 surrexit
3093 5539 3221 5578 vero
3277 5533 3532 5593 tanquam

2451 5702 2490 5732 '°
2526 5698 2682 5757 Joan.
2720 5715 2870 5768 xvut,
2904 5702 2992 5757 56.
