4282 6440
765 405 866 468 507

1571 407 1899 468 ARETHJE
1934 405 2308 466 CxESAREfE
2346 401 2830 465 CAPPADOClrE
2869 401 3210 462 EPISCOPI

3916 401 4022 465 5οἳ

767 516 946 568 licus:
987 515 1225 569 surrexit
1251 516 1394 568 enim
1424 531 1528 569 non
1558 519 1701 570 sicut
1729 518 1764 571 ii
1790 519 1882 586 qui
1915 518 2099 572 divma
2132 529 2336 572 virtute
2369 524 2411 578 Α
2440 517 2745 585 ἄνθρωπος.
2788 515 2879 568 Διὸ
2907 516 3001 567 καὶ
3048 515 3124 577 ὠς
3167 514 3210 568 ἆ

2381 524 2411 576 Α
2440 517 2745 585 ἄνθρωπος.
2788 515 2879 568 Διὸ
2907 516 3001 567 καὶ
3048 515 3124 577 ὠς
3167 513 3454 584 ἅνθρωπος
3487 511 3778 579 ἀπέθανεν,
3819 514 4022 582 ἀνέστη

767 606 838 656 ab
886 605 1008 660 aliis
1053 606 1273 658 excitati
1328 614 1474 670 sunt,
1514 607 1606 674 qui
1662 607 1824 659 etiam
1875 625 2091 662 rursum
2141 610 2340 662 mortui

768 707 931 749 sunt:
982 699 1072 751 sed
1106 713 1201 750 Sua
1260 700 1496 765 potentia
1549 698 1790 753 surrexit
1839 709 2098 768 tanquam
2156 699 2337 754 Deus:

764 787 929 857 650
955 799 1007 840 et
1039 789 1252 855 primus
1287 799 1478 842 auctor
1500 789 1599 844 fuit
1629 803 1904 861 perpetua:
1929 808 1992 845 ac
2023 792 2343 845 intermina-

772 881 894 933 bilis
911 880 1301 934 reviviscenti.e
1318 895 1438 950 qua:
1467 898 1530 934 ex
1555 884 1674 950 ipso
1691 893 1743 936 ct
1764 900 1855 953 per
1875 883 2050 951 ipsqu
2069 893 2341 952 speratur.

771 974 896 1027 hleo
921 991 1136 1044 quoque
1158 977 1551 1046 primugcnitus
1565 978 1762 1031 dicitur
1790 991 2151 1039 mortuorum,
2184 977 2341 1045 quasi

773 1068 927 1119 solus
962 1067 1075 1134 ipse
1101 1068 1419 1136 auspicatus
1467 1071 1536 1122 sit
1567 1069 1724 1121 nobis
1769 1068 2082 1126 huiusmodi
2110 1070 2340 1138 gratiam

773 1159 1057 1210 honorum.
1081 1160 1340 1227 Princeps
1356 1169 1535 1213 autem
1557 1176 1741 1229 regum
1775 1171 1931 1215 terra:
1962 1162 2159 1215 dicitur
2185 1161 2346 1216 Chri-

771 1258 917 1307 stus,
951 1251 1390 1318 quandoquidem
1425 1248 1684 1303 etDauiel
1708 1249 2034 1320 Babylonico
2062 1252 2168 1320 regi
2195 1251 2344 1305 dice~

775 1339 868 1391 hat
923 1341 1067 1405 quod
1102 1351 1353 1407 regnaret
1401 1341 1651 1394 excelsus
1680 1352 1734 1394 et
1762 1343 2137 1396 dominaretur
2178 1359 2347 1410 regno

785 1431 1086 1485 hominum.
1142 1429 1297 1494 Quod
1343 1432 1387 1484 si
1425 1432 1527 1484 hoc
1565 1434 1615 1484 in
1651 1433 1836 1485 divina
1866 1447 1931 1486 ac
1963 1436 2218 1500 primaria
2266 1436 2348 1488 iii-

773 1523 1030 1590 trlligitur
1058 1534 1111 1576 et
1138 1524 1477 1592 conspicitur
1502 1525 1897 1590 dominatione,
1929 1525 2060 1594 quid
2095 1526 2346 1580 veritatis

772 1612 1456 1669 habebitadversariorum
1476 1631 1655 1670 sermo
1681 1616 1774 1682 qui
1810 1617 1906 1679 ait,
1941 1617 2192 1670 universa
2226 1634 2348 1684 quae

769 1697 955 1750 divino
973 1701 1132 1753 modo
1150 1702 1405 1755 dicuntur
1421 1704 1487 1756 de
1505 1705 2020 1771 supersubstantiali
2054 1704 2344 1774 Trinitate,

772 1788 903 1841 nulli
954 1793 1186 1845 seorsim
1244 1793 1408 1846 trium
1456 1809 1813 1862 personarum
1884 1798 2344 1868 appropriandum

2447 609 2502 661 δὲ
2532 609 2606 670 ὡς
2634 609 2786 671 Θεός.
2828 608 3056 675 Ἀνέστη
3079 610 3207 678 γὰρ,
3237 608 3334 674 οὔχ
3361 607 3435 668 ὡς
3461 607 3510 657 oi
3537 608 3628 658 ἐπὶ
3656 607 3776 676 οεέα
3800 607 4024 673 δυνάμει

2446 701 2537 770 ὑφ’
2567 702 2770 770 ἑτέρων
2801 701 3154 761 ἀναστάντες,
3195 700 3244 752 οἳ
3274 701 3368 751 καὶ
3409 697 3570 750 πάλιν
3599 699 3892 752 ἀπέθανον.
3935 702 3995 749 ΟΞ
4017 730 4028 737 -

2447 796 2572 865 κεία
2601 794 2657 848 δὲ
2686 795 2917 863 δυνάμει
2957 793 3217 858 ἀναστὰς,
3254 792 3348 846 ἅτε
3403 792 3556 855 Θεὸς,
3589 791 3804 860 πρῶτος
3843 793 4028 861 ἀπήρ-

2449 888 2576 952 ξατο
2598 888 2696 956 τῆς
2719 883 2780 951 ἐξ
2808 887 2974 940 αὐτοῦ
3002 887 3095 940 καὶ
3129 886 3198 939 δι’
3231 885 3393 937 αὑτὸν
3417 882 3777 954 ἐλπιζομένης
3803 883 4032 936 ἀτελευ-

2447 982 2610 1050 τήτου
2645 981 2739 1032 καὶ
2781 979 3001 1032 αἰωνίου
3027 975 3384 1039 πα).ινζωῖας.
3425 977 3516 1028 Διὸ
3546 976 3641 1027 καὶ
3683 975 4032 1043 πρωτότοκος

2448 1073 2666 1139 λέγεται
2695 1070 2802 1124 τῶν
2842 1070 3075 1140 νεκρῶν,
3106 1070 3182 1132 ὡς
3216 1069 3376 1137 μόνος
3419 1068 3583 1130 αὐτὸς
3624 1066 3902 1135 κατάρξας
3934 1066 4031 1134 τῆς

2447 1164 2707 1233 τοιαύτης
2742 1166 2873 1235 ἡμῖν
2894 1163 3003 1216 τῶν
3039 1163 3264 1230 ἀγαθῶν
3308 1161 3552 1234 χάριτος.
3589 1162 3807 1230 Ἀρχων
3840 1159 3896 1212 δὲ
3923 1160 4034 1212 τῶν

2452 1257 2712 1327 βασιλέων
2748 1260 2849 1328 τῆς
2884 1257 2986 1325 γῆς
3026 1256 3054 1308 6
3083 1255 3337 1324 Χριστὸς,
3391 1254 3516 1306 ἐπεὶ
3548 1253 3643 1305 καὶ
3670 1252 3869 1321 Δανιὴλ
3895 1251 4035 1321 πρδς

2447 1349 2539 1402 τὸν
2585 1346 2924 1400 Βαϐυλώνιον
2967 1346 3094 1417 ἔφη.
3130 1345 3439 1414 βασιλεύειν
3485 1345 3577 1397 τὸν
3628 1344 3894 1412 ’Ὕψιστον
3937 1343 4034 1396 καὶ

2450 1439 2726 1511 κυριεύειν
2765 1440 2864 1509 τῆς
2905 1438 3181 1508 βασιλείας
3206 1438 3314 1490 τῶν
3343 1437 3667 1507 ἀνθρώπων.
3699 1437 3761 1489 Ei
3793 1436 3848 1488 δὲ
3875 1433 4035 1488 τοῦτο

2449 1536 2541 1587 ἐπὶ
2575 1533 2676 1602 τῆς
2699 1532 2995 1602 Θεαρχικῆς
3019 1534 3220 1584 νοεῖται
3263 1530 3358 1583 καὶ
3389 1532 3642 1600 ἐνορᾶται
3681 1529 4032 1599 κυριότητος,

2448 1626 2530 1682 τίς
2560 1627 2588 1677 6
2629 1626 2967 1678 ἀντιστατῶν
2999 1623 3159 1693 λόγος
3192 1624 3221 1675 6
3266 1623 3444 1676 πάντα
3481 1622 3550 1675 τὰ
3592 1620 3918 1688 θεοπρεπῶς
3946 1618 4036 1671 λε-

2449 1718 2654 1788 γόμενα
2678 1718 2770 1770 ἐπὶ
2792 1718 2890 1787 τῆς
2925 1717 3253 1787 ύπερουσίου
3278 1716 3510 1782 Τριάδος
3535 1714 3612 1785 μὴ
3641 1713 3762 1768 καθ’
3795 1714 4038 1781 ἑκάστης

2451 1810 2623 1879 λέγων
2655 1809 2764 1864 τῶν
2802 1808 2970 1878 τριῶν
3004 1809 3359 1863 ύποστάσεων
3387 1807 3713 1874 ὲξιδιοῦσθαι
3755 1808 3849 1858 καὶ
3877 1809 4038 1874 ἐναρ-

769 1889 863 1932 aut
898 1879 1269 1948 adaptaiidum
1302 1898 1446 1948 esse,
1479 1896 1673 1953 pr.clcr
1705 1887 1793 1939 illa
1838 1904 1957 1956 qua:
1978 1891 2347 1958 productiiam
2383 1895 2422 1950 B
2456 1901 2770 1972 μὸττεσθαι,
2816 1901 2957 1972 πλὴν
3003 1901 3178 1954 ταῦτα

2383 1895 2422 1950 Β
2456 1901 2770 1972 μὸττεσθαι,
2816 1901 2957 1972 πλὴν
3003 1901 3178 1954 ταῦτα
3221 1901 3256 1956 ἃ
3301 1902 3400 1971 τὴν
3451 1901 3786 1970 προαγωγὴν
3831 1899 4041 1952 τούτων

771 1968 884 2022 sive
927 1973 1264 2038 personalem
1303 1976 1497 2028 harum
1530 1979 1894 2045 cognitionem
1933 1981 2215 2046 inducunt,
2257 1985 2351 2037 sed

770 2059 1038 2116 obstinate
1054 2065 1214 2118 audet
1228 2065 1508 2121 delirando
1521 2084 1783 2135 asserere,
1800 2073 2040 2140 singulas
2056 2072 2218 2128 trium
2236 2091 2356 2144 per-

769 2167 1040 2207 sonarum
1089 2160 1319 2212 seorsim
1368 2161 1648 2216 vindicare
1679 2165 1782 2217 sibi
1811 2165 2056 2219 divinam
2087 2169 2354 2236 operatio-

776 2247 942 2298 ncm'?
968 2248 1029 2300 Et
1061 2249 1175 2304 hare
1209 2253 1428 2319 quidem
1463 2272 1588 2308 cum
1619 2256 1778 2309 divus
1809 2257 2104 2327 Gregorius
2128 2277 2352 2330 accepeo

769 2338 840 2392 rit
868 2356 1026 2394 usum
1061 2358 1375 2398 sermonum
1406 2363 1419 2399 :
1456 2347 1562 2410 Qui
1586 2358 1686 2412 est,
1714 2350 1804 2418 qui
1828 2361 1966 2413 erat,
1992 2362 2042 2405 et
2066 2355 2156 2420 qui
2187 2356 2348 2420 venit,

768 2431 835 2483 de
865 2430 1033 2486 Filio:
1059 2437 1216 2501 quasi
1234 2447 1356 2504 apte
1372 2440 1646 2509 quadrent
1669 2443 1855 2498 divina
1881 2448 2100 2500 nomina
2126 2457 2180 2502 et
2200 2463 2351 2503 como

768 2525 1009 2579 muniter
1066 2535 1119 2581 et
1144 2531 1509 2597 particulatim
1564 2535 1740 2590 tribus
1777 2540 2065 2605 personis?
2095 2540 2267 2595 Porro
2297 2544 2346 2598 id

773 2629 839 2668 ex
871 2631 936 2670 eo
967 2633 1186 2688 quoque
1239 2623 1592 2679 manifestum
1628 2637 1712 2680 cst
1743 2629 1887 2697 quod
1939 2633 2348 2688 sanctissimum

768 2705 1030 2775 hymnum
1061 2712 1473 2779 seraphicorum
1509 2717 1801 2785 Spirituum
1832 2720 1885 2774 iti
1909 2722 2200 2793 Evangelia
2223 2727 2350 2796 qni-

765 2797 891 2851 dem
948 2799 1184 2856 dicimus
1229 2804 1296 2857 ad
1351 2804 1546 2860 Filium
1581 2809 1800 2874 referri,
1833 2829 1995 2882 quem
2033 2813 2248 2874 Paulus
2295 2818 2347 2872 in

768 2889 917 2944 Actis
931 2893 1250 2949 concionem
1281 2898 1487 2953 habens
1529 2900 1757 2971 Spiritui
1781 2906 2076 2975 applicuit:
2105 2925 2204 2963 nos
2220 2926 2350 2966 vero

762 2980 920 3050 juxta
953 2982 1178 3039 Patrum
1207 2989 1556 3046 traditionem
1589 2994 1642 3048 in
1674 2997 1953 3051 tremenda
1983 3008 2036 3052 et
2062 3001 2346 3057 incruenta

769 3074 946 3128 hostia
1011 3074 1158 3131 Patri
1216 3081 1588 3151 attribuiinus,
1645 3089 2108 3156 quemadmodum
2157 3093 2350 3151 beatus

766 3163 1107 3236 Epiphanius
1146 3170 1284 3225 libro
1325 3172 1400 3228 De
1436 3175 1646 3244 Spiritu
1675 3191 1858 3234 sancto
1888 3180 2131 3238 disserit.

843 3347 910 3400 Et
959 3352 1202 3420 princeps
1258 3372 1438 3425 regunt
1507 3369 1682 3414 (errat.
1739 3361 1856 3416 Non
1929 3372 2140 3420 tantum
2191 3384 2345 3438 super

767 3452 1020 3500 terrenos
1071 3447 1373 3504 dominium
1419 3452 1602 3519 hahrt,
1639 3471 1825 3509 verum
1872 3458 2035 3512 etiam
2070 3477 2231 3530 super
2260 3477 2354 3517 eos

768 3537 857 3602 qui
894 3536 946 3589 in
977 3539 1129 3592 cadis
1160 3551 1328 3594 sunt:
1357 3545 1506 3612 atqui
1543 3561 1689 3599 nunc
1736 3547 1801 3601 de
1825 3551 2061 3604 terrenis
2088 3553 2351 3622 l0quitur,

769 3628 824 3678 in
890 3631 1246 3696 sequentibus
1296 3644 1476 3687 autem
1526 3639 1764 3692 ostendit
1813 3656 1938 3694 eum
1969 3642 2132 3697 etiam
2179 3646 2354 3700 domi-

772 3720 889 3771 nari
917 3724 1119 3774 sanctis
1155 3725 1442 3781 ordinilms
1469 3729 1563 3797 qui
1603 3731 1655 3782 in
1683 3733 1836 3786 cwlis
1869 3745 2020 3788 sunt.

841 3809 882 3866 l.
912 3810 1023 3865 5.6.
1063 3811 1126 3863 Et
1157 3816 1245 3881 qui
1281 3816 1467 3869 dilexit
1497 3835 1613 3882 nos,
1646 3832 1693 3874 et
1717 3824 1807 3890 qui
1829 3823 1957 3876 lavit
1981 3842 2076 3878 nos
2105 3843 2135 3878 a
2164 3843 2354 3894 pecca—

768 3902 835 3953 tis
869 3906 1063 3956 nostris
1098 3923 1188 3972 per
1218 3911 1528 3976 sanguinem
1556 3929 1708 3964 suum
1736 3930 1752 3966 :
1781 3926 1829 3967 et
1853 3917 1974 3984 fecit
2000 3935 2092 3972 nos
2112 3937 2348 3988 regnum,

765 3995 1061 4049 sacerdotes
1102 3997 1206 4050 Deo
1231 4008 1278 4050 et
1313 3999 1463 4052 Patri
1498 4019 1612 4066 suo,
1649 4005 1745 4070 ipsi
1783 4008 1954 4076 gloria
1985 4021 2035 4063 et
2071 4010 2350 4080 imperium

768 4087 820 4136 in
857 4088 1051 4139 swcula
1084 4091 1421 4147 sa'culorunt.
1457 4099 1493 4146 Α
1509 4113 1644 4150 ηιιηι.

850 4266 1060 4336 Duplici
1091 4273 1254 4324 modo
1287 4273 1392 4326 hoc
1426 4275 1684 4330 scribitur
1711 4277 1865 4347 juxta
1897 4280 2108 4336 varium
2144 4282 2353 4337 intelle-

766 4369 937 4415 ctum.
993 4360 1274 4430 Siquidem
1325 4366 1467 4420 lavat
1496 4369 1538 4420 is
1569 4372 1660 4436 qui
1716 4372 1989 4427 l'ieditates
2020 4390 2085 4427 ac
2109 4377 2353 4431 maculas

768 4455 967 4507 lustrat
993 4469 1085 4508 aut
1118 4459 1324 4525 expiat,
1358 4461 1519 4514 solvit
1551 4479 1679 4517 vero
1698 4467 1790 4533 qui
1828 4482 1856 4518 a
1892 4467 2128 4536 pr0priis
2159 4470 2352 4522 crimi-

2457 1997 2624 2065 ἤγουν
2648 1997 2745 2066 τὴν
2784 1994 3157 2066 ύποστατικὴν
3191 2001 3454 2065 γνώρισιν
3499 1993 3876 2064 ὲμποιοῦνται,
3919 1992 4023 2045 ἀλλ

2455 2088 2917 2157 άποτεταγμένως
2949 2086 3308 2157 κατατολμῶν
3337 2089 3417 2150 εἰς
3453 2086 3831 2153 ὲξιδιάζουσαν
3871 2087 4042 2154 ἑαυτῇ

2455 2180 2605 2233 Θείαν
2626 2180 2908 2250 ἐνέργειαν
2935 2181 3172 2251 ἑκάστην
3198 2181 3497 2234 ὑπόστασιν
3528 2181 3639 2232 τῶν
3673 2180 3842 2248 τριῶν
3875 2196 4044 2248 μετα·

2453 2272 2740 2342 χωροῦσαν
2766 2274 3132 2345 παραληρεῖν,
3161 2275 3255 2328 καὶ
3280 2275 3454 2328 ταῦτα
3476 2274 3782 2344 Γρηγορίου
3815 2273 3916 2342 μὲν
3945 2272 4042 2324 τοῦ

2455 2365 2600 2418 οείου
2627 2365 2736 2419 τῶν
2768 2366 2944 2434 λόγων
2985 2367 3084 2437 τὴν
3121 2368 3336 2439 χρῆσιν,
3366 2367 3482 2430 τοῦ,
3526 2367 3588 2421 Ὀ
3625 2366 3709 2416 ὦν·
3741 2366 3836 2417 καὶ
3881 2367 3912 2417 ό
3963 2361 4048 2434 ἦν

2451 2461 2551 2511 καὶ
2589 2462 2622 2512 ό
2681 2460 3036 2528 ἐρχόμενος,
3076 2460 3159 2523 είς
3212 2460 3306 2512 τὸν
3375 2460 3501 2512 Υίὸν
3550 2459 3919 2529 ἐξειληιρότος,
3967 2458 4046 2521 ὡς

2453 2552 2878 2623 ὲφαρμοζόντων
2910 2553 3018 2608 τῶν
3063 2553 3386 2624 Θεοπρεπῶν
3434 2553 3716 2624 ὀνομάτων
3753 2553 3846 2606 καὶ
3879 2557 4043 2620 καινῇ

2452 2644 2550 2697 καὶ
2599 2645 2706 2716 ἰδίᾳ
2744 2648 2867 2709 ταῖς
2905 2648 3086 2718 τρισὶν
3127 2649 3496 2712 ύποστάσεσις
3541 2647 3709 2716 Δῆλον
3753 2647 3831 2712 δὲ,
3863 2647 3957 2700 καὶ
3983 2646 4050 2711 ἐξ

2451 2729 2527 2790 ὧν
2556 2737 2647 2790 τὸν
2675 2739 2976 2810 Τρισάγιον
3013 2743 3125 2794 τῶν
3172 2741 3425 2812 Σεραφὶμ
3455 2739 3624 2809 ὕμνον
3666 2738 3808 2791 κατὰ
3857 2738 3957 2806 μὲν
3987 2737 4049 2789 τὸ

2455 2833 2814 2901 Εὖαγγέλιον,
2846 2835 2926 2896 εἰς
2956 2833 3049 2887 τὸν
3077 2833 3206 2886 Υἶδν
3245 2832 3591 2901 μανθάνομεν
3624 2830 3899 2897 λέγεσθαι,
3930 2829 3992 2882 ὃν
4017 2829 4048 2881 6

2453 2924 2666 2988 Παῦλος
2693 2924 3034 2996 δημηγορῶν
3058 2927 3118 2978 ὲν
3150 2928 3271 2987 ταῖς
3302 2924 3580 2992 [Ιράξεσιν
3612 2925 3691 2983 είς
3727 2923 3788 2974 τὸ
3818 2922 4046 2991 Πνεῦμα

2453 3018 2773 3087 ἀπένειμεν·
2814 3019 2978 3088 ἡμεῖς
3012 3017 3069 3072 δὲ
3119 3015 3623 3088 πατροπαραὸὄτως
3659 3016 3719 3066 ὲν
3745 3016 3809 3084 τῇ
3840 3016 4048 3083 φρικτῇ

2455 3113 2548 3164 καὶ
2575 3112 2902 3181 ἀναιμάκτῳ
2932 3110 3098 3180 Θυσία
3139 3112 3221 3171 είς
3265 3110 3508 3178 Πατέρα.
3559 3110 3770 3176 Ὠσπερ
3803 3109 3831 3159 6
3863 3106 4047 3171 μακά-

2381 3245 2422 3301 C
2459 3219 2572 3272 ριος
2627 3202 2940 3267 Ἐπιφάνιος
2971 3203 3030 3256 ὲν
3072 3200 3152 3273 τῷ
3191 3200 3336 3270 λόγῳ
3384 3200 3463 3270 τῷ
3491 3201 3573 3262 εἰς
3617 3199 3679 3252 τὸ
3724 3199 3952 3269 Πνεῦμα
3987 3197 4048 3251 τὸ

2458 3294 2614 3363 ἅγιον
2645 3295 2893 3359 διέξεισι.

2523 3386 2629 3440 Καὶ
2668 3389 2699 3438 ό
2730 3386 2932 3453 ἄρχων
2971 3385 3089 3438 τῶν
3125 3384 3441 3448 ,βασιλέων
3487 3381 3599 3449 τῆς
3638 3381 3772 3451 τῆς.
3815 3381 3891 3433 Ού
3937 3380 4049 3433 τῶν

2457 3477 2662 3545 γηΐνων
2697 3477 2881 3545 μόνον,
2914 3476 3052 3530 ἀλλὰ
3083 3477 3177 3530 καὶ
3215 3476 3324 3528 τῶν
3352 3477 3410 3526 ὲν
3453 3475 3706 3542 οὐρανοῖς
3746 3471 4046 3542 βασιλεύει.

2471 3565 2631 3618 ’Δλλὰ
2675 3565 2771 3618 νῦν
2799 3569 2897 3633 μὲν
2942 3568 3069 3637 περὶ
3094 3567 3203 3618 τῶν
3232 3566 3494 3631 ἐπιγείων
3536 3564 3702 3630 λέγει,
3747 3563 3953 3633 προῖὼν
3993 3563 4049 3615 δὲ

2457 3657 2732 3709 δείκνυσιν
2757 3658 2922 3710 αὑτὸν
2953 3660 3046 3711 καὶ
3076 3657 3168 3709 τὸν
3195 3658 3252 3708 ὲν
3275 3657 3526 3726 οὐρανοῖς
3555 3654 3725 3722 ἁγίων
3746 3653 4047 3724 ταγμάτων

2459 3746 2838 3815 βασιλεύοντα.

2533 3836 2617 3902 Τῷ
2643 3836 3028 3904 ἀγαπήσαντι
3058 3835 3238 3904 ἡμᾶς,
3275 3837 3373 3890 καὶ
3415 3839 3710 3891 λούσαντι
3741 3836 3900 3906 ἡμᾶς
3929 3835 4049 3890 ἀπὸ

2455 3929 2575 3983 τῶν
2630 3929 2930 3998 ἁμαρτιῶν
2975 3929 3142 3999 ἡμῶν
3194 3931 3263 3984 ἐν
3311 3929 3391 3994 τῷ
3442 3931 3643 3998 αἵματι
3683 3929 3893 3993 αὑτοῦ,
3950 3927 4049 3982 καὶ

2455 4021 2749 4087 ἐποίησεν
2806 4019 2966 4089 ἡμᾶς
3003 4021 3356 4086 βασιλείαν,
3405 4021 3584 4089 ιερεῖς
3632 4019 3712 4085 τῷ
3771 4019 3895 4086 Θεῷ
3946 4023 4046 4077 καί

2455 4113 2553 4166 καὶ
2589 4115 2769 4182 Πατρὶ
2813 4114 3022 4167 αὑτοῦ.
3064 4113 3236 4179 Αὐτῷ
3286 4116 3326 4183 ἡ
3369 4114 3521 4177 δόξα
3553 4114 3650 4168 καὶ
3695 4114 3762 4168 τὸ
3808 4115 4046 4184 κράτος,

2455 4207 2542 4269 εἰς
2572 4204 2713 4270 τοὺς
2742 4204 2965 4271 αἰῶνας
2997 4203 3116 4257 τῶν
3146 4203 3400 4260 αἰώνων.
3445 4205 3654 4272 Ἀμήν.

2527 4299 2988 4368 Δισσογραφεῖται
3057 4297 3219 4350 τοῦτο
3291 4297 3427 4368 πρὸς
3496 4297 3754 4367 διάφορον
3810 4295 4045 4351 ἔννοιαν.

2455 4386 2689 4441 Λούεται
2741 4387 2840 4457 μὲν
2875 4387 2985 4458 γὰρ
3033 4387 3060 4440 6
3090 4387 3190 4450 τὰς
3229 4387 3455 4458 κηλῖδας
3507 4389 3601 4440 καὶ
3641 4387 3768 4448 τοὺς
3823 4386 4047 4450 σπίλους

2458 4480 2991 4549 ἁποκαθαιρὸμενος.
3029 4479 3232 4532 Λύεται
3258 4479 3315 4532 δὲ
3341 4482 3369 4533 ὁ
3393 4481 3503 4532 τῶν
3527 4478 3895 4549 ἐγκλημάτων
3920 4481 4048 4532 ἑαυ-

768 4547 930 4599 nibus
965 4546 1179 4602 liberat.
1212 4548 1662 4609 Subandiendum
1695 4567 1776 4610 est
1815 4569 1997 4612 autem
2024 4560 2090 4612 ad
2121 4560 2347 4615 verbum
2385 4598 2430 4653 υ
2455 4572 2549 4625 τοῦ
2584 4546 3086 4641 ἀπαλλαττόμενος.
3124 4572 3210 4642 Ιιρ

2385 4598 2430 4653 ο
2455 4572 2549 4625 τοῦ
2584 4546 3086 4641 ἀπαλλαττόμενος.
3124 4546 3666 4642 Ιιροσυπακουστέον
3687 4546 3765 4624 ⁷δὲ
3815 4573 3953 4641 πρὸς
3984 4570 4048 4625 τὸ

767 4639 911 4707 fecit,
940 4640 1099 4711 651
1134 4644 1243 4710 qui.
1288 4644 1546 4699 relativus
1574 4649 1863 4713 articulus,
1907 4660 1965 4705 ut
2008 4652 2078 4705 sit
2111 4667 2344 4708 sensus:

766 4735 858 4802 qui
898 4735 1045 4791 fecit.
1086 4737 1197 4792 Nisi
1229 4741 1373 4793 enim
1405 4756 1469 4794 eo
1517 4742 1681 4797 modo
1717 4746 2102 4811 subaudiatur,
2127 4759 2350 4818 promer

767 4827 1139 4882 soltecismum
1183 4832 1286 4885 erit
1313 4832 1493 4902 inepta
1544 4836 1781 4889 locutio:
1815 4852 1920 4890 non
1969 4853 2099 4908 ergo
2125 4841 2191 4894 ad
2223 4857 2350 4910 pro-

765 4917 1007 4987 positum
1043 4920 1206 4973 dandi
1233 4937 1362 4977 casu
1391 4923 1659 4980 referatur
1693 4928 1903 4996 prolata
1938 4931 2230 4996 sententia,
2255 4936 2347 4988 sed

766 5026 831 5062 ιιι
866 5021 1013 5064 recto
1030 5012 1413 5084 subjungatur.
1440 5046 1506 5057 -
1535 5020 1654 5072 Alio
1677 5023 1870 5076 modo:
1899 5021 2198 5094 Proposita:
2222 5042 2349 5080 sen-

768 5103 949 5155 tentia:
983 5104 1229 5159 ordinem
1277 5109 1321 5162 si
1359 5110 1482 5178 quis
1514 5122 1570 5164 nt
1610 5117 2058 5186 opm-letalisque
2133 5118 2348 5172 defectu

767 5192 1051 5263 intelligat,
1122 5200 1520 5255 connexionem
1556 5205 1812 5260 adducet.
1855 5206 2177 5263 Ostenditur
2202 5212 2347 5264 enim

770 5285 872 5339 hoc
905 5303 1002 5355 per
1056 5290 1280 5344 schema
1336 5309 1484 5348 nunc
1541 5297 1864 5352 tradendum
1915 5301 2062 5369 quod
2122 5312 2350 5357 vocatur

770 5379 1078 5444 ἀλλοίωσις.
1126 5382 1210 5438 Fit
1243 5396 1422 5440 autem
1453 5389 1526 5453 id,
1577 5392 1799 5456 quando
1840 5392 1907 5446 ad
1943 5394 2184 5463 phrasim
2222 5413 2351 5465 pro-

771 5472 1004 5539 positam
1025 5477 1375 5547 subjungitur
1401 5484 1668 5536 sententia
1698 5499 1820 5553 quae
1847 5501 1954 5539 non
1981 5487 2352 5542 coincidentcr

769 5565 834 5616 ad
869 5581 931 5619 ea
961 5583 1084 5637 quze
1138 5585 1394 5640 expressa
1430 5586 1555 5628 sunt
1587 5577 1884 5644 profertur,
1917 5580 2010 5633 sed
2060 5581 2126 5634 ad
2162 5582 2353 5636 subsc-

769 5668 1023 5723 quenteni
1061 5661 1472 5733 intelligentiam
1524 5681 1914 5725 commutatur.
1972 5674 2250 5744 Siquidem
2284 5674 2348 5726 ad

775 5748 1019 5802 dativum
1077 5767 1266 5806 casum
1320 5758 1410 5824 qui
1462 5764 1790 5829 pra‘positus
1839 5763 2024 5818 fuitin
2086 5767 2350 5835 particula

772 5839 1023 5896 λούῑαντι
1057 5845 1218 5915 ἡμεῖς,
1254 5849 1304 5903 id
1327 5863 1405 5905 Cal
1431 5853 1626 5909 {aranti
1658 5873 1772 5923 nos,
1798 5859 1928 5925 sive,
1964 5861 2052 5928 qui
2075 5861 2199 5914 lavit
2233 5877 2349 5925 nos,

2452 4663 2762 4730 ἐποίησεν,
2807 4664 2870 4717 τὸ
2916 4663 3006 4728 ὃς,
3047 4663 3382 4734 άναφορικὸν
3424 4662 3649 4732 ἄρθρον,
3696 4665 3784 4718 ἵνα
3831 4659 3888 4738 ᾖ,
3941 4667 4044 4729 ’ος

2452 4753 2725 4820 ἐποίησε.
2761 4753 2851 4825 Μὴ
2877 4754 2986 4824 γὰρ
3019 4753 3194 4818 οὕτως
3241 4752 3667 4822 ὲξακονομὲνου,
3716 4755 3806 4809 διὰ
3837 4755 3930 4808 τὸν
3955 4771 4046 4808 σο-

2452 4844 2732 4914 λοικισμὸν
2781 4847 2815 4917 ἡ
2857 4846 3063 4914 φράσις
3098 4845 3564 4915 ἀχρειωοήσεται.
3621 4847 3714 4917 Μὴ
3761 4846 3905 4900 ἔστω
3953 4845 4048 4900 οὖν

2453 4938 2590 5007 πρὸς
2627 4936 2728 5007 τὴν
2763 4936 3136 5006 προκειμένην
3169 4937 3388 5007 δοτικὴν
3427 4937 3636 5003 πτῶσιν
3667 4939 4042 5010 ἐπιφερομένη

2454 5031 2486 5098 ὴ
2522 5029 2718 5094 ἔννοια,
2753 5029 2867 5081 ἀλλ’
2919 5029 2978 5093 ἐξ
3025 5029 3242 5092 εὐθείας
3285 5030 3627 5100 ἐπαγομένη.
3656 5061 3727 5071 -
3783 5032 4041 5096 Ἀλλωςο

2453 5120 2560 5175 Τοῦ
2596 5121 2958 5192 προκειμένου
2996 5120 3217 5189 ὲδαφίου
3250 5120 3348 5190 τὴν
3375 5120 3631 5186 σύνταξιν
3665 5123 3814 5184 ὅπως
3837 5123 4043 5189 ὀφείλει

2453 5213 2692 5268 νοεῖσθαι
2743 5213 3081 5276 ἀνελλιπῶς,
3117 5213 3177 5266 τὸ
3237 5213 3497 5284 ἐχόμενον
3531 5215 3901 5284 παραστήσει,
3956 5215 4044 5267 Ἐν

2456 5311 2696 5377 σχήματι
2730 5306 2837 5376 γάρ
2868 5305 2944 5377 τῷ
2988 5306 3352 5378 ρηθησομένῳ
3381 5306 3755 5378 ἐξενήνεκται,
3788 5307 3817 5360 6
3861 5307 4044 5360 καλεῖ-

2453 5414 2543 5450 ται
2589 5397 2894 5460 ἀλλοίωσις.
2937 5397 3151 5450 Γίνεται
3195 5396 3252 5450 δὲ
3287 5395 3448 5448 τοῦτο
3478 5397 3567 5449 ὅτε
3604 5399 3671 5467 τῇ
3703 5396 4043 5466 προκειμένῃ

2456 5488 2655 5558 φράσει
2709 5489 2740 5556 ή
2773 5486 3153 5557 ἐπιφερομένη
3191 5484 3366 5537 ἔννοια
3401 5483 3476 5554 μὴ
3509 5480 3902 5553 ὀμοιοπτὼτως
3933 5483 4043 5542 τοῖς

2457 5581 2728 5649 φθάσασιν
2786 5580 3078 5650 ὲπενεχοῇ,
3144 5578 3281 5633 ἀλλὰ
3339 5578 3478 5650 πρὸς
3535 5575 3636 5646 τὴν
3692 5574 4042 5642 ἐπαγομένην

2455 5674 2663 5724 ἔννοιαν
2725 5673 3068 5742 μεταληςςοῇ.
3132 5673 3358 5741 Δοτικῆς
3413 5670 3523 5740 γὰρ
3586 5667 3851 5725 πτώσεως
3909 5683 4040 5735 ττροο

2457 5763 2755 5833 ληφθείσης
2806 5767 2863 5817 ἐν
2910 5763 2987 5836 τῷ
3015 5807 3030 5829 ,
3083 5767 3376 5819 ,λούσαντι
3437 5763 3627 5832 ἡμᾶς,
3673 5761 3921 5830 ἐπήγαγε
3961 5758 4042 5822 th,

2461 5857 2756 5924 ἐποίησεν
2813 5854 2984 5924 ἡμᾶς,
3040 5857 3394 5921 ἐλλειπτικῶς
3438 5854 3530 5908 τοῦ
3570 5850 3900 5924 ἀναφορικοῦ
3947 5849 4042 5916 ἄρ-
