4282 6440
336 359 446 424 513

1404 365 1796 430 COMMENT.
1837 366 1921 429 IN
1962 367 2487 432 APOCALYPSIN.

3488 369 3596 436 514

331 477 753 548 παντοκρὲιτωρ,
776 477 851 541 ὼς
872 479 1053 547 πάσης
1077 477 1309 540 κτίσεως
1332 479 1596 549 αἰσθητῆς
1625 481 1917 550 κατάρχων
1947 492 1990 547 Α

1905 500 1917 532 ρ
1947 492 1990 547 Α
2025 483 2121 536 luti
2161 485 2580 553 perpetuitatem
2609 483 3009 546 demonstrent,
3041 489 3154 536 tum
3205 483 3274 538 ab
3303 483 3457 538 initio
3481 497 3596 539 tum

332 577 423 621 καὶ
461 569 682 639 νοητῆς,
738 573 766 622 ὁ
823 569 1093 632 συναῒδιος
1134 571 1212 637 τῷ
1273 571 1468 640 Πατρὶ,
1503 571 1598 622 καὶ
1629 572 1912 635 ἀποδιδοὺς

330 664 549 732 ἑκάστῳ
586 664 726 715 κατὰ
760 663 827 716 τὰ
853 664 1012 732 ἔργα.
1054 665 1166 734 Πρὸ
1192 665 1441 734 βραχέως
1487 665 1543 718 δὲ
1582 667 1692 726 τοῖς
1725 682 1914 716 ταπει-

332 757 571 819 νοτέροις
611 757 704 809 καὶ
752 754 1119 825 ἀνθρωπικοῖς
1152 755 1524 825 ἐνδιατρίϐων,
1559 755 1655 807 νῦν
1688 756 1911 808 καὶτῶν

333 848 622 916 θειοτέρων
649 848 740 900 καί
764 848 1025 914 ἀξιοθέων
1066 849 1388 914 ἐφάπτεται.
1430 851 1495 900 "U
1525 849 1620 902 καὶ
1668 849 1908 918 ἀρχόμε-

332 953 420 996 νος
443 938 539 1003 τῆς
577 939 953 1008 προκειμένης
977 941 1366 1007 πραγματείας
1412 940 1578 992 ποιεῖ.
1633 940 1770 992 Ἀλλ’
1799 941 1918 993 ἐκεῖ

336 1027 435 1095 μὲν
465 1029 562 1097 οὐχ
592 1028 736 1081 οὕτω
765 1031 998 1098 τρανῶς.
1033 1032 1268 1082 ἐνταῦθα
1317 1032 1372 1083 δὲ
1423 1032 1916 1102 πεπαρῤησιασμέ-

332 1135 458 1180 νως,
490 1121 582 1171 καὶ
610 1114 697 1172 οἷα
731 1121 874 1182 εἰκὸς
900 1120 962 1172 τὸ
1013 1124 1138 1191 περὶ
1185 1122 1291 1173 τῶν
1324 1120 1482 1173 θείων
1512 1123 1677 1191 ἐρεῖν,
1719 1125 1782 1175 ὲκ
1808 1121 1917 1174 τῶν

334 1210 506 1277 ἁγίων
545 1211 776 1264 λαὸόντα
808 1214 1108 1283 προφητῶν
1144 1219 1205 1266 τὸ
1239 1215 1542 1284 ἐνδόσιμον.

2023 588 2084 627 es
2124 575 2258 627 tinc:
2299 574 2365 625 ab
2399 575 2552 629 initio
2581 575 2825 645 quidem,
2862 575 3007 644 quod
3042 574 3174 627 nihil
3210 575 3256 629 ei
3289 576 3601 644 praeceden-

2022 664 2155 716 tium
2179 674 2482 733 temporum
2506 665 2646 719 desit
2671 683 2684 719 :
2707 680 2772 718 ex
2805 664 2911 720 line
2929 680 3076 730 vero,
3106 665 3252 734 quod
3286 668 3602 720 successio-

2024 772 2089 812 ne
2119 769 2321 812 careat.
2354 757 2578 812 Ad‘hazc
2605 769 2781 813 autem
2820 767 2904 815 est
2932 759 3302 826 omnipotens,
3341 765 3602 828 tanquam

2025 851 2294 904 universae
2339 850 2618 904 sensibilis
2650 862 2916 906 creaturae
2965 860 3160 907 auctor
3201 860 3255 905 et
3304 852 3602 920 inspector,

2020 953 2322 996 coaeternus
2335 942 2504 1007 Patri,
2521 943 2612 1012 qui
2635 944 2805 998 reddit
2821 946 3113 1015 unicuique
3130 943 3428 1000 secundum
3441 957 3604 1012 Opera

2024 1048 2142 1088 sua.
2200 1033 2336 1088 Cum
2373 1044 2554 1089 autern
2597 1037 2761 1105 paulo
2825 1048 2951 1092 ante
3016 1041 3070 1092 in
3106 1037 3494 1093 humilioribus
3540 1049 3605 1091 ac

2023 1123 2278 1179 humanis
2319 1137 2651 1191 versaretur,
2701 1127 2869 1198 655
2927 1143 3073 1183 nunc
3117 1129 3280 1183 etiam
3335 1125 3603 1182 diviniora

2023 1213 2244 1286 Deoque
2276 1218 2437 1286 digna
2471 1219 2690 1290 attingit
2719 1237 2731 1272 :
2756 1217 2902 1289 quod
2927 1220 3089 1273 etiam
3119 1218 3351 1272 faciebat
3383 1217 3607 1271 inchoa-

333 1311 491 1358 turus
527 1319 762 1373 praesens
818 1309 1126 1377 negotium:
1169 1309 1262 1362 scd
1326 1311 1397 1363 ibi
1432 1312 1650 1380 quidem
1707 1325 1814 1364 non
1845 1311 1914 1363 ita
1957 1313 2262 1381 perspicue,
2299 1316 2400 1368 hoc
2425 1326 2608 1370 autem
2678 1316 2800 1369 loco
2828 1315 3054 1371 liberius
3121 1315 3371 1384 loquens.
3392 1312 3456 1367 Et
3479 1313 3605 1366 talin

332 1395 482 1461 dicit,
542 1400 722 1467 qualia
771 1411 1197 1456 consentaneum
1251 1413 1370 1456 erat
1428 1419 1552 1458 eum
1584 1405 1653 1458 de
1713 1403 1914 1459 divinis
1952 1404 2227 1460 dicturum
2264 1421 2406 1471 esse,
2472 1409 2561 1477 qui
2590 1409 2852 1464 asanctis
2912 1408 3196 1480 prophetis
3241 1406 3458 1462 dicendi
3505 1418 3608 1458 an-

334 1502 450 1540 sam
480 1499 867 1559 assumpscrat.

934 1605 1187 1661 ΚΕΦΑΛ.
1242 1605 1316 1661 B'.

347 1735 636 1791 Ὀπτασιά
690 1737 759 1790 ἐν
805 1730 844 1808 ᾖ
886 1739 990 1817 τὸν
1034 1740 1280 1817 ἰῃσοῦν
1317 1740 1607 1817 ἐθεάσατο
1645 1742 1715 1797 ἐν
1745 1742 1914 1814 μέσῳ

879 1809 1150 1878 λυχνιῶν
1180 1809 1349 1863 ἑπτά.

417 1942 565 2010 Ἐγὼ
616 1943 900 2010 Ἰωάννης
929 1947 961 1996 ὀ
993 1944 1256 2012 ἀδελφὸς
1284 1945 1470 2014 ὑμῶν,
1495 1949 1592 2001 καὶ
1629 1949 1918 2015 κοινωνὸς

335 2036 406 2087 ἐν
425 2034 495 2101 τῇ
524 2035 725 2103 θλίψει
755 2036 1160 2103 καίβασιλείᾳ
1185 2037 1282 2090 καὶ
1306 2038 1582 2107 ὑπομονῇ
1605 2039 1673 2093 ἐν
1690 2039 1920 2110 Χριστῷ

350 2126 564 2192 Ἰησοῦ,
617 2127 913 2196 ἐγενόμην
959 2129 1030 2182 ἐν
1078 2129 1153 2196 τῇ
1219 2131 1393 2198 νήσῳ
1448 2129 1524 2198 τῇ
1571 2133 1916 2202 καλουμένῃ

337 2215 570 2286 Πάτμῳ,
604 2217 701 2270 διὰ
726 2218 835 2270 τὸν
864 2222 1054 2288 λόγον
1074 2220 1179 2274 τοῦ
1217 2222 1386 2286 θεοῦ,
1421 2223 1518 2278 καὶ
1547 2222 1663 2290 τὴν
1685 2241 1914 2292 μαρτυ-

338 2307 484 2374 ρίαν
529 2307 735 2374 ’1ησοῦ
765 2310 1048 2377 Χριστοῦ.
1088 2311 1408 2381 Ἐγενιῖμην
1435 2313 1503 2366 ἐν
1528 2315 1827 2382 Πνεύματι
1851 2315 1920 2366 ἐν

339 2397 411 2467 τῇ
447 2399 713 2468 Κυριακῇ
734 2401 947 2471 ἡμέρᾳ,
971 2401 1065 2455 καὶ
1092 2402 1330 2471 ἤκουσα
1348 2405 1561 2473 φωνὴν
1585 2405 1778 2458 ὀπίσω
1805 2423 1919 2471 μου

337 2489 608 2560 μεγάλην
654 2492 732 2557 ὡς
772 2493 1110 2562 σάλπιγγος
1165 2495 1472 2562 λεγούσης
1501 2511 1514 2526 ⁸
1563 2497 1625 2548 "0
1665 2496 1918 2563 ,ϐλέπεις

341 2585 574 2652 γράψον
605 2587 693 2650 είς
718 2585 971 2648 ,ϐιϐλίον
997 2586 1095 2640 καὶ
1129 2585 1374 2655 πέμψον
1414 2587 1544 2654 ταῖς
1587 2588 1736 2642 ἑπτὰ
1778 2590 1906 2644 Ἐκ-

339 2674 648 2741 κλησίαις.
678 2678 764 2740 είς
789 2677 1076 2742 Ἔφεσον,
1116 2676 1215 2730 καί
1250 2679 1336 2742 είς
1371 2678 1673 2746 Σμύρναν,
1704 2678 1802 2731 καί
1832 2682 1920 2745 εἰς

342 2766 670 2836 Πέργαμον,
695 2768 790 2820 καὶ
821 2769 908 2833 εις
943 2771 1251 2837 Θυάτειρα,
1285 2771 1381 2823 καί
1408 2773 1496 2835 είς
1517 2770 1784 2839 Σάρδεις,
1819 2772 1917 2825 καὶ

340 2863 428 2927 είς
453 2861 913 2930 Φιλαδέλρειαν,
943 2863 1042 2916 καί
1070 2865 1158 2928 εἷς
1184 2863 1564 2918 Λαοδίκειαν.

425 2952 678 3024 Ἀδελφδν
707 2953 903 3007 ἑαυτὸν
929 2956 1020 3007 καὶ
1048 2954 1303 3008 κοινωνὸν
1342 2955 1447 3008 τῶν
1481 2954 1714 3023 θλίψεων
1742 2958 1915 3023 καλεῖ,

339 3047 407 3113 ἃς
436 3047 525 3102 διὰ
553 3048 644 3102 τὸν
676 3047 838 3116 λόγον
860 3046 954 3101 τοῦ
995 3047 1134 3101 Θεοῦ
1171 3048 1266 3101 καὶ
1296 3049 1358 3102 τὸ
1383 3049 1652 3120 κήρυγμα
1684 3050 1787 3103 ὑπὸ
1811 3051 1918 3104 τῶν

2660 1609 2889 1667 CAPUT
2922 1608 2990 1665 ll.

2034 1739 2176 1796 Visio
2204 1743 2256 1799 in
2280 1760 2382 1814 qua
2409 1745 2591 1802 Jesum
2613 1749 2741 1802 vidit
2765 1756 2818 1802 in
2849 1753 3021 1805 medio
3046 1762 3236 1819 septem
3257 1750 3606 1807 candelabro-

2732 1837 2863 1876 runt

2092 1951 2134 2012 1.
2168 1952 2324 2020 9-H.
2377 1951 2487 2022 Ego
2509 1952 2745 2008 Joannes
2771 1955 2940 2022 frater
2965 1966 3131 2010 vester
3159 1967 3206 2010 et
3245 1956 3507 2026 particeps
3553 1957 3605 2008 in

2023 2045 2303 2113 aﬂlictione
2332 2055 2379 2100 et
2404 2064 2561 2116 regno
2590 2065 2652 2102 ac
2685 2050 2946 2118 patientia
2976 2067 3068 2118 per
3101 2049 3372 2105 Christum
3394 2048 3601 2109 Jesnm,

2023 2136 2105 2204 fui
2139 2138 2189 2188 in
2223 2138 2396 2191 insula
2421 2156 2536 2207 qum
2566 2141 2870 2208 appellatur
2895 2141 3132 2205 I‘atmos,
3167 2152 3379 2209 propter
3405 2157 3603 2193 sermo-

2023 2244 2135 2280 nem
2179 2228 2274 2281 Dei
2299 2239 2345 2281 et
2378 2232 2732 2283 testimonium
2756 2230 2884 2285 Jesu
2914 2229 3138 2286 Christi.
3182 2232 3280 2286 Fui
3316 2234 3370 2284 in
3397 2230 3602 2300 Spiritu

2027 2317 2302 2371 Dominiro
2338 2321 2443 2380 die.
2469 2330 2517 2373 et
2544 2321 2722 2376 audivi
2747 2333 2860 2392 post
2893 2339 2971 2375 me
3003 2339 3175 2376 rorem
3216 2339 3461 2392 magnam
3494 2332 3608 2374 tan-

2021 2426 2179 2478 quam
2212 2415 2347 2464 tuba:
2379 2413 2600 2466 dicentis
2635 2415 2830 2478 :Quozt
2879 2417 3018 2469 vides
3070 2415 3238 2468 scribe
3262 2414 3318 2466 ia
3354 2413 3512 2478 libro,
3553 2427 3602 2467 et

2021 2503 2170 2558 mitte
2207 2517 2400 2574 septem
2440 2503 2688 2560 Eeclesiis
2711 2525 2827 2576 qua;
2850 2519 2971 2561 sunt
3001 2510 3056 2562 in
3087 2512 3237 2574 Asia,
3289 2505 3515 2574 Epheso.
3556 2516 3605 2560 ει

2023 2592 2263 2663 Smyrnre
2278 2607 2325 2647 et
2353 2595 2631 2665 Pergamo,
2653 2609 2699 2672 et
2732 2597 3003 2669 Thyatira:
3029 2611 3076 2655 et
3105 2600 3385 2668 Sardibus,
3405 2614 3454 2659 et
3479 2602 3607 2659 Phi-

2024 2690 2326 2760 ladclphite,
2349 2703 2394 2745 et
2428 2690 2729 2748 Laodiceae.

2081 2954 2323 3011 Fratrem
2347 2956 2587 3027 seipsum
2606 2966 2765 3012 vocat
2786 2963 2839 3011 et
2871 2958 3186 3026 participem
3215 2955 3267 3011 in
3292 2955 3606 3015 afﬂictioni-

2021 3049 2122 3104 bus
2163 3066 2298 3120 quas
2330 3059 2548 3121 pr0pter
2577 3050 2666 3105 Dei
2713 3063 3023 3104 sermonem
3077 3057 3131 3102 et
3165 3050 3603 3118 przedicationem

340 3139 581 3193 διωκτῶν
630 3140 871 3209 ἔπασχεν
935 3140 1032 3210 τῆς
1096 3141 1388 3205 εὐσεϐείας
1435 3144 1537 3212 (διὸ
1585 3145 1678 3199 καὶ
1733 3143 1914 3208 αὐτὸν,
1943 3158 2031 3251 C]

1912 3185 1914 3202 .
1943 3190 1987 3251 Ο
2021 3158 2217 3212 passus
2269 3154 2352 3197 est
2398 3160 2424 3196 a
2455 3142 2896 3213 persecutoribus
2931 3140 3175 3210 pietatis:
3211 3141 3330 3194 idea
3385 3158 3603 3213 quoque

2037 3249 2081 3251 ,_
2113 3250 2118 3251 ,
2153 3234 2165 3251 .
2243 3250 2250 3251 ,
2315 3243 2353 3251 ν.
2527 3243 2537 3251 .
2602 3244 2652 3251 -.
2689 3233 2733 3251 ,μ
3041 3229 3272 3251 η,,.-,,,

342 3232 562 3301 Πατμον
581 3233 682 3303 τὴν
701 3232 860 3302 νῆσον
881 3234 1049 3286 οἰκεῖν
1080 3235 1564 3309 κατακεκρίσθαι)·
1588 3235 1703 3291 ἀλλ’
1730 3237 1919 3306 ὥσπερ

342 3324 451 3376 τῶν
469 3323 718 3392 θλίψεων,
751 3323 894 3376 οὕτω
929 3325 1016 3376 καὶ
1047 3326 1144 3394 τῆς
1170 3326 1470 3395 βασιλείας,
1507 3327 1575 3397 ἦν
1606 3327 1660 3379 αἱ
1687 3327 1920 3382 ἐνταῦθα

343 3415 548 3484 θλίψεις
584 3415 725 3485 ὑπὲρ
755 3415 993 3486 Χριστοῦ
1041 3416 1418 3487 προξενοῦσιν.
1456 3419 1518 3472 Ei
1555 3420 1696 3473 κατὰ
1743 3421 1920 3474 πάντα

341 3504 436 3558 οῦν
487 3507 743 3561 κοινωνὸν
775 3507 969 3559 ἑαυτὸν
1011 3508 1306 3573 δείκνυσιν,
1345 3511 1573 3572 εἰκότως
1598 3509 1664 3563 ἂν
1714 3512 1808 3564 καὶ
1860 3513 1922 3565 τὸ

342 3600 658 3665 ἀξιόπιστον
693 3599 801 3651 τῶν
827 3599 1165 3669 ἑωραμένων
1211 3601 1360 3671 αὐτῷ
1404 3603 1500 3655 καὶ
1540 3602 1920 3658 ἀκουσθέντων

344 3692 519 3762 σχοίη.

414 3785 517 3839 Διὰ
545 3786 651 3839 τὸν
677 3787 862 3854 λόγον
899 3786 1004 3840 τοῦ
1058 3786 1230 3840 Θεοῦ.
1282 3786 1456 3853 Λόγον
1487 3787 1622 3856 φησι
1659 3786 1754 3838 τοῦ
1784 3786 1920 3839 Θεοῦ

345 3880 440 3930 καὶ
474 3876 783 3948 μαρτυρίαν
808 3877 868 3930 τὸ
893 3877 1238 3944 Εῦαγγέλιον
1264 3876 1292 3928 ὃ
1319 3875 1577 3944 ἔγραψεν.
1619 3875 1921 3946 Ἑξόριστον

342 3971 402 4023 δὲ
425 3970 589 4022 αὐτὸν
612 3969 866 4037 γενέσθαι
899 3972 956 4022 ὲν
991 3969 1196 4038 Πάτμῳ
1242 3971 1307 4038 τῇ
1335 3969 1484 4038 νήσῳ
1529 3967 1635 4020 ὑπὸ
1667 3971 1922 4038 Δομετια-

345 4062 461 4126 νοῦ,
523 4062 780 4126 Εὺσέϐιος
828 4065 856 4115 ὁ
901 4061 1191 4132 Παμφίλου
1243 4063 1302 4115 ὲν
1355 4061 1434 4131 τῷ
1471 4060 1724 4130 Χρονικῷ
1759 4061 1921 4115 αὑτοῦ

347 4151 540 4222 βιϐλίῳ
566 4151 948 4219 παρατίθεται.

421 4243 755 4312 ’Ἐγενόμην
809 4241 878 4294 ἐν
931 4241 1248 4309 πνεύματι.
1323 4241 1654 4310 Πρόσκειται
1699 4240 1776 4306 τὸ,
1825 4242 1926 4294 Ἔν

350 4335 670 4404 Πνεύματι,
703 4332 782 4402 τῷ
816 4333 984 4402 μηδὲν
1009 4332 1299 4400 ἐμφαίνειν
1330 4329 1674 4400 ἐνεργεῖσθαι
1703 4331 1800 4398 τῆς
1831 4331 1925 4382 ἁν-

351 4427 633 4496 ορωπξνης
689 4427 949 4494 ἐχόμενον
995 4425 1208 4494 χρείας,
1247 4422 1382 4474 ἀλλὰ
1417 4423 1524 4474 τῶν
1569 4421 1690 4493 θεία
1723 4424 1925 4492 κατοχῇ

349 4517 829 4587 κατειλημμένων.

434 4610 536 4663 Ἐν
559 4609 746 4677 ἡμέρᾳ
771 4609 825 4660 δὲ
862 4610 968 4673 liv;
991 4604 1150 4673 ιακῇ,
1183 4607 1280 4674 τῆς
1309 4607 1660 4670 ἀναστάσεως
1690 4605 1927 4678 Χριστοῦ

354 4705 700 4776 μνημόσυνον
747 4701 1042 4771 φερούσης,
1094 4700 1188 4767 ἀφ’
1236 4694 1297 4751 οὗ
1335 4702 1425 4753 καὶ
1462 4700 1608 4761 εἰκὸς
1642 4699 1795 4752 οὐδὲν
1823 4701 1931 4752 τῶν

352 4798 491 4866 πρὸς
542 4797 744 4865 νεαρὰν
774 4794 1064 4847 τεινόντων
1118 4792 1378 4862 ἀσχολίαν
1437 4791 1516 4860 τῷ
1561 4792 1934 4862 χρηματισμῷ

355 4887 915 4956 πεπραγματεῦσθαι.
949 4887 1139 4957 Φωνὴν
1172 4886 1228 4940 δὲ
1260 4885 1334 4947 ὼς
1365 4883 1666 4950 σάλπιγγος
1704 4883 1934 4936 ὁπισθα-

355 4980 678 5048 κουσθῆναι,
711 4981 790 5041 είς
821 4979 883 5031 τὸ
939 4979 1203 5048 διάπυρον
1231 4994 1289 5030 τε
1322 4977 1418 5032 καὶ
1467 4975 1788 5046 διαπρύσιον
1835 4975 1935 5042 τῆς

356 5073 691 5142 ἀπηχὴσεως
742 5071 1092 5141 χρεωστικῶς
1126 5072 1206 5133 εἰς
1260 5071 1442 5122 πᾶσαν
1485 5067 1810 5136 Ἐκκλησίαν
1849 5069 1936 5120 δο-

355 5168 542 5237 θῆναι.
589 5164 758 5217 Ἐπτὰ
794 5164 851 5217 δὲ
895 5164 1053 5233 μόναι
1106 5162 1426 5232 Ἐκκλησίαι
1471 5158 1559 5224 αἷς
1593 5162 1934 5232 προστάσσε-

354 5278 446 5312 ται
480 5257 696 5330 γράψας
722 5256 788 5309 τὰ
819 5255 1127 5325 βλεπόμενα
1157 5253 1483 5322 διαπέμψαι,
1509 5255 1607 5322 οὐχ
1638 5255 1717 5305 ὅτι
1747 5251 1936 5305 τοσαῦ-

356 5370 447 5406 ται
475 5353 532 5404 αἱ
560 5352 615 5402 ὲν
637 5350 792 5418 Ἀσίᾳ
811 5348 1016 5413 πόλεις,
1045 5348 1160 5402 ἀλλ’
1186 5349 1242 5398 ἐν
1267 5347 1503 5408 ἐκείναις
1535 5347 1936 5416 προστὰσσεται

356 5445 519 5498 τοῦτο
546 5446 738 5506 ποιεῖν,
769 5443 845 5503 ὡς
890 5441 1182 5510 κατηκόοις
1215 5437 1537 5506 γενομέναις
1567 5437 1657 5491 τοῦ
1698 5438 1933 5503 εὐαγγε-

359 5537 518 5592 λικοῦ
556 5535 933 5606 κηρύγματος.
965 5535 1066 5586 Ἤν
1104 5532 1192 5584 καὶ
1231 5531 1325 5600 (ὼς
1350 5530 1688 5598 πλατύτερον
1722 5529 1939 5598 εἴρηται

362 5633 495 5701 περὶ
526 5628 751 5698 τούτων)
801 5627 887 5680 διὰ
941 5627 1000 5678 τὸ
1029 5624 1121 5677 τοῦ
1184 5622 1545 5693 ἑϐδοματικοῦ
1592 5620 1828 5689 ἀριθμοῦ
1862 5620 1938 5689 τῷ

368 5726 597 5795 παρόντι
630 5720 852 5789 φθαρτῷ
884 5719 1039 5773 αἰῶνι
1083 5718 1385 5784 σῦστοιχον,
1426 5715 1802 5776 καταντῶντος
1851 5713 1936 5783 6n-

363 5817 496 5876 λαξῇ
535 5816 609 5876 εἰς
640 5821 728 5865 tn
771 5809 1140 5875 caGiixttsp‘m
1200 5809 1291 5858 καὶ
1332 5807 1422 5857 τί)
1469 5805 1694 5872 eiii-5v:
1733 5823 1755 5865 ς
1807 5802 1937 5855 οιξὼ-

1469 5805 1694 5872 μέλῖκοντ

771 5809 1140 5875 σαῦῢμιτισμὸν
1200 5809 1291 5858 καὶ
1332 5807 1422 5857 τι)

2025 3234 2428 3288 condemnatus
2461 3243 2564 3297 est,
2602 3244 2655 3286 ut
2688 3233 2740 3285 in
2771 3231 3006 3286 insulam
3038 3229 3276 3285 Patmon
3319 3233 3601 3301 migraret.

2025 3326 2130 3380 Sed
2166 3325 2624 3395 quemadmodum
2667 3325 2718 3378 in
2760 3324 3142 3379 alnictinnibus
3161 3324 3429 3395 particeps
3477 3324 3595 3387 fuit,

2028 3415 2104 3468 ita
2137 3424 2190 3468 et
2220 3415 2271 3468 in
2306 3429 2473 3484 regno
2509 3415 2651 3482 quod
2689 3415 2931 3469 toleratae
2958 3429 3104 3470 nunc
3137 3429 3237 3485 pro
3271 3413 3493 3469 Christo
3522 3413 3601 3467 al-

2025 3504 2289 3560 ﬂictiones
2337 3505 2659 3559 conciliant.
2696 3504 2752 3558 Si
2781 3505 2945 3573 igitur
2997 3504 3050 3558 in
3079 3505 3336 3560 omnibus
3363 3503 3605 3572 seipsum

2025 3611 2145 3651 esse
2175 3596 2492 3666 participem
2518 3596 2775 3658 ostendit,
2813 3610 3028 3663 acquum
3077 3603 3162 3647 est
3205 3604 3263 3647 ut
3292 3594 3456 3647 etiam
3500 3593 3606 3648 lide

2026 3689 2223 3761 dignus
2256 3691 2518 3744 habeatur
2550 3690 2602 3743 in
2634 3689 2718 3742 his
2752 3703 2872 3757 quae
2896 3703 2924 3741 a
2957 3702 3014 3741 se
3033 3687 3144 3740 visa
3163 3694 3288 3740 sunt
3317 3697 3368 3740 et
3397 3687 3603 3739 audita.

2097 3783 2323 3852 Propter
2352 3797 2641 3835 sermonem
2665 3779 2782 3833 Dei.
2819 3778 3138 3833 Sermoaem
3158 3774 3251 3829 Dei
3273 3790 3337 3829 ac
3365 3775 3606 3828 testimo-

2029 3876 2178 3928 nium
2220 3875 2350 3929 dicit
2376 3872 2728 3942 Evangelium
2759 3870 2904 3939 quod
2928 3867 3166 3933 scripsit.
3201 3866 3383 3936 Ipsum
3423 3875 3605 3919 autem

2028 3969 2080 4022 in
2108 3969 2295 4022 Patmo
2325 3967 2498 4019 insula
2550 3964 2849 4032 relegatum
2900 3962 3069 4014 fuisse
3126 3960 3228 4013 sub
3279 3957 3608 4021 Domitiano,

2025 4068 2214 4113 auctor
2244 4067 2326 4112 est
2355 4056 2621 4112 Eusebius
2659 4051 2928 4122 Pamphili
2954 4053 3006 4104 in
3039 4051 3154 4106 suis
3183 4049 3498 4105 Chronicis.

2101 4233 2200 4286 Fui
2246 4233 2298 4284 in
2328 4231 2538 4300 spiritu.
2574 4229 2801 4284 Additur
2825 4226 2890 4280 In
2940 4228 3150 4296 spiritu,
3186 4240 3254 4280 eo
3289 4226 3434 4294 quod
3478 4225 3608 4278 nihil

2031 4327 2175 4395 quod
2202 4324 2451 4378 humanze
2476 4324 2772 4376 obnoxium
2798 4329 2881 4373 est
2917 4318 3230 4372 necessitati
3249 4317 3459 4371 ellieere
3483 4331 3604 4385 pos-

2033 4417 2103 4470 sit
2135 4410 2767 4475 manilestationem,sed
2802 4425 2924 4478 qua:
2961 4407 3148 4461 divino
3194 4405 3398 4460 affectu
3439 4421 3607 4460 occu-

1964 4543 2005 4597 υ
2036 4516 2253 4577 pantur.

2112 4596 2384 4649 Dominico
2417 4595 2524 4650 die.
2563 4591 2666 4660 Qui
2702 4591 2956 4645 videlicet
2993 4588 3309 4644 memoriale
3345 4587 3505 4642 affert
3523 4603 3610 4642 re-

2036 4688 2399 4744 surreetionis
2427 4685 2652 4740 Christi.
2684 4682 2848 4756 655
2883 4681 2958 4735 Ex
2981 4697 3094 4752 quo
3122 4683 3283 4735 etiam
3317 4681 3612 4736 verisimile

2040 4790 2123 4836 est
2161 4780 2296 4833 nihil
2324 4795 2512 4833 eorum
2544 4794 2665 4848 qua:
2709 4778 2775 4830 ad
2827 4790 3030 4829 novum
3079 4784 3311 4840 vergunt
3361 4774 3604 4827 studium

2037 4875 2254 4926 oraculo
2277 4871 2520 4925 tractari.
2578 4869 2782 4924 Vocem
2851 4875 3031 4921 autem
3086 4876 3345 4934 tanquam
3389 4865 3532 4918 tubae
3585 4881 3614 4919 a

2039 4977 2188 5034 tergo
2219 4964 2456 5018 auditam
2494 4961 2664 5016 fuisse
2696 4960 2895 5022 innuit,
2924 4973 2989 5012 eo
3027 4959 3170 5027 quod
3203 4973 3326 5012 acer
3359 4974 3420 5011 ac
3448 4973 3617 5027 pene-

2041 5069 2269 5111 trattvus
2286 5070 2452 5109 sonus
2465 5061 2769 5123 opportune
2785 5052 2990 5105 missus
3014 5051 3083 5105 sit
3104 5050 3171 5103 ad
3195 5063 3411 5102 onmem
3433 5048 3605 5101 Eccle-

2040 5151 2197 5205 siam.
2227 5149 2396 5202 Porro
2428 5156 2635 5215 septem
2679 5154 2891 5198 tantum
2925 5142 3176 5197 ecclesiis
3212 5142 3430 5194 mittere
3455 5139 3612 5208 juhc~

2042 5254 2127 5296 tur
2163 5242 2367 5310 scripta
2397 5255 2516 5310 qu:e
2539 5237 2691 5299 vidit,
2726 5251 2831 5289 non
2860 5235 3003 5304 quod
3034 5233 3256 5287 totidem
3277 5232 3386 5286 sint
3415 5233 3466 5283 in
3488 5231 3616 5283 Asia

2041 5338 2307 5399 civitates,
2331 5335 2422 5388 sed
2459 5331 2808 5402 illisjubctur
2827 5330 2940 5383 haec
2972 5327 3206 5389 mittere,
3228 5334 3285 5377 ut
3315 5339 3435 5394 quae
3451 5337 3612 5377 evan-

2042 5430 2266 5499 gelicum
2304 5427 2747 5498 praedicationem
2783 5429 3158 5491 susceperant.
3189 5417 3297 5471 Aut
3326 5416 3491 5471 etiam
3523 5431 3614 5469 ve-

2045 5524 2141 5578 luti
2175 5522 2332 5576 latins
2357 5521 2423 5573 dc
2465 5520 2549 5572 his
2593 5518 2796 5572 dictum
2825 5522 2928 5578 est,
2961 5527 3027 5567 eo
3053 5509 3200 5580 quod
3226 5523 3487 5561 numerus
3528 5523 3616 5560 sc-

2045 5619 2323 5686 ptenarius
2353 5621 2618 5680 cognatus
2639 5609 2708 5663 sit
2745 5607 2870 5660 huic
2908 5603 3248 5672 corruptibili
3280 5599 3500 5661 saecula,
3533 5614 3617 5653 re-

2047 5706 2316 5777 spondens
2344 5707 2510 5758 etiam
2553 5698 2761 5770 requiei
2807 5695 2977 5751 futuri
3009 5692 3216 5750 saeculi.
3243 5690 3366 5745 Ideo
3399 5705 3620 5759 quoque

2049 5808 2251 5869 septem
2286 5796 2452 5851 cmlos
2486 5811 2547 5848 ac
2572 5803 2776 5862 septem
2811 5787 3033 5859 angelos
3059 5783 3272 5841 ceteris
3306 5781 3619 5847 superiores
