4282 6440
766 380 870 449 515

1580 378 1908 450 ARETH/E
1943 378 2327 441 CAESARE/lii
2365 377 2846 442 CAPPADOCI/E
2886 380 3229 441 EPISCOPI

3915 384 4020 448 516

767 500 986 568 scripsit
1009 514 1240 571 magnus
1291 495 1528 551 lrenaeus
1579 493 1961 564 Lugdunensis
2025 494 2333 563 episcopus.
2365 496 2412 556 Α
2442 511 2458 542 ι

2328 533 2333 544 .
2365 496 2412 556 Α
2442 509 2552 554 νος.
2618 493 2710 543 Διὸ
2767 493 2862 545 καὶ
2915 494 3054 545 ἐπτὰ
3101 491 3366 562 οὐρανοὺς
3391 531 3409 554 ,
3442 491 3536 546 καὶ
3579 492 3844 559 ἀγγέλους
3881 494 4019 548 ιπτὰ

767 591 964 645 -Αίὶο
992 593 1167 645 modo.
1199 588 1303 643 Fui
1325 590 1378 640 in
1409 587 1602 655 spirim
1628 585 1906 639 Dominico
1934 586 2038 648 die,
2058 595 2122 637 σοι
2153 586 2340 637 audivi

767 699 960 737 vocem.
1010 682 1204 736 Videre
1247 688 1301 734 et
1342 680 1531 733 audire
1561 694 1669 732 non
1703 688 1915 749 oportet
1949 677 2090 746 apud
2122 676 2340 730 divinos

770 774 1061 843 prophetas
1085 785 1349 825 sensuum
1369 769 1716 840 operationes
1739 768 2058 836 intelligere,
2078 765 2169 820 sed
2200 766 2341 818 divi-

771 867 953 918 niores
981 865 1147 934 specii
1166 879 1192 918 s
1225 863 1291 916 de
1319 863 1521 932 quibus
1538 865 1700 915 etiam
1733 861 1976 930 loquitur
2008 856 2176 913 Isaias
2200 858 2340 912 lilius

766 959 932 1010 Amos
961 973 974 1008 :
1012 974 1030 1006 ι
1070 956 1241 1024 Erigit
1269 954 1401 1008 mihi
1421 969 1580 1008 mane
1604 969 1786 1016 mane,
1811 953 1972 1020 erigit
2002 951 2132 1004 mihi
2152 966 2338 1003 aurem

768 1049 833 1098 ad
863 1046 1294 1110 andiendum,et
1332 1045 1623 1114 disciplina
1687 1044 1899 1096 Domini
1954 1042 2129 1110 aperit
2177 1056 2340 1095 aures

769 1153 918 1190 ineas
941 1154 954 1190 :
984 1138 1025 1168 ¹⁸
1054 1157 1072 1188 ι
1101 1137 1152 1190 id
1177 1147 1355 1190 autem
1381 1153 1488 1189 non
1509 1137 1575 1190 de
1593 1135 1810 1190 homine
1829 1134 1920 1204 qui
1948 1134 2100 1202 juxta
2121 1147 2340 1186 carnem

765 1241 850 1284 cst
873 1231 1210 1300 intelligitur,
1234 1230 1328 1285 sed
1346 1230 1413 1283 de
1430 1246 1495 1284 eo
1512 1232 1604 1299 qui
1630 1238 1713 1284 est
1736 1227 2033 1282 secundum
2062 1225 2336 1295 spiritum,

765 1323 858 1390 qni
905 1323 1065 1376 etiam
1109 1321 1220 1375 Deo
1268 1337 1411 1376 curae
1463 1331 1565 1382 est,
1598 1330 1651 1374 et
1705 1321 1799 1388 qui
1853 1318 2146 1388 persistere
2206 1317 2344 1370 solet

769 1415 1022 1483 princeps
1056 1413 1323 1466 universa:
1362 1412 1638 1466 sensibilis
1691 1419 1982 1465 creaturze.
2032 1409 2340 1464 Geininavit

764 1517 942 1557 autem
978 1506 1080 1557 hoc
1109 1503 1229 1556 loco
1256 1503 1517 1572 prepheta
1557 1520 1575 1554 ι
1625 1501 1782 1556 Mane
1819 1519 1838 1551 ι
1877 1498 2338 1569 quemadmodum

759 1596 922 1649 etiam
944 1596 1083 1664 apud
1110 1596 1247 1650 alios
1268 1594 1578 1665 prophetas,
1604 1593 1695 1662 qui
1719 1595 1870 1647 aiunt
1896 1608 1939 1645 ει
1970 1590 2125 1645 Mane
2144 1591 2340 1644 exaudi

767 1703 955 1740 vocem
988 1687 1237 1750 uncam,"
1263 1704 1280 1736 ι
1317 1695 1370 1739 et
1396 1704 1413 1736 ι
1461 1685 1616 1738 Mane
1645 1683 1833 1738 astabo
1868 1684 1997 1736 tibi:
2029 1701 2046 1731 ι
2083 1692 2137 1736 οι
2179 1682 2340 1735 Mane

769 1795 945 1840 mane,
982 1794 1088 1830 non
1127 1777 1352 1842 frustra,
1386 1776 1480 1831 sed
1533 1774 1827 1829 vehemens
1877 1774 2117 1829 studium
2141 1789 2171 1828 a
2205 1783 2340 1826 tem-

2443 584 2551 636 τῶν
2581 582 2753 636 ἄλλων
2786 583 3146 653 προῦχοντας,
3183 585 3210 634 ό
3245 583 3419 650 μέγας
3454 582 3744 652 Εἰρηναῖος
3769 585 3798 637 ό
3839 585 4018 651 Δουγ-

2441 676 2592 729 δόνου
2659 675 2958 739 ἐπίσκοπος
3035 673 3296 744 ἔγραψεν.
3351 705 3420 716 ——
3469 675 3717 740 Ἄλλως.
3788 677 4020 746 ἐγενό-

2437 786 2562 837 μην
2606 769 2676 821 ἐν
2727 769 3018 835 πνεύματι
3064 768 3134 820 ἐν
3189 765 3264 834 τῇ
3321 765 3591 834 Κυριακῇ
3649 768 3861 835 ἡμέρα,
3918 769 4018 822 καὶ

2443 859 2682 925 ἤκουσα
2711 856 2942 927 φωνήν.
2972 858 3046 909 Τὸ
3081 857 3300 925 βλέπειν
3329 858 3426 908 καὶ
3454 857 3676 909 ἀκούειν
3704 860 3856 926 παρὰ
3904 864 4020 922 τοῖς

2443 948 2606 1007 θείοις
2635 950 2948 1018 προφήταις
2975 947 3075 998 οὐκ
3105 947 3412 1015 αἰσθήσεως
3440 947 3721 1016 ἐνεργείας
3744 951 3886 1001 νοεῖν
3913 950 4017 1014 δεῖ,

2442 1040 2576 1090 ἀλλὰ
2612 1038 2892 1109 θειοτέρας
2921 1039 3210 1108 ἐμφάσεις.
3243 1040 3377 1108 Περὶ
3401 1031 3476 1090 ὧν
3508 1039 3602 1091 καὶ
3626 1042 3654 1092 ὁ
3691 1041 3889 1108 Ἀμὼς,
3925 1045 4019 1093 καὶ

2440 1135 2469 1186 ὁ
2509 1131 2734 1195 Ἡσαΐας
2769 1133 2974 1202 φησίν
3020 1150 3038 1183 ι
3097 1132 3302 1201 Ἐθηκέ
3339 1149 3406 1200 με
3456 1131 3600 1199 πρωϊ
3657 1133 3804 1202 πρωῒ
3855 1134 4018 1186 ὠτίον

2444 1225 2661 1278 ἀκούειν
2683 1243 2695 1255 ·
2729 1226 2821 1278 καὶ
2845 1226 2876 1296 ἡ
2900 1225 3118 1279 παιδεία
3139 1225 3344 1294 Κυρίου
3379 1227 3588 1294 ἀνοίγει
3623 1243 3723 1294 μου
3749 1229 3814 1280 τά
3838 1220 3973 1280 ὦτα.
3990 1248 4009 1280 ι

2444 1317 2614 1369 Τοῦτο
2649 1316 2704 1370 δὲ
2761 1318 2823 1370 οὐ
2857 1317 2952 1370 τοῦ
3009 1319 3148 1370 κατὰ
3211 1321 3386 1388 σάρκα
3417 1320 3725 1389 ἀνθρώπου,
3750 1320 3884 1373 ἀλλὰ
3921 1320 4018 1374 τοῦ

2442 1410 2582 1461 κατὰ
2613 1408 2852 1477 πνεῦμα.
2888 1410 2982 1470 ’ος
3017 1411 3112 1461 καὶ
3145 1409 3526 1478 μεμελημένος
3555 1411 3674 1481 θεῷ
3705 1411 3800 1463 καὶ
3833 1412 4019 1481 ἄρχων

2441 1499 2659 1567 ἀπάσης
2706 1500 2806 1568 τῆς
2852 1499 3177 1570 summa;
3211 1503 3442 1564 κτίσεως
3482 1501 3748 1556 διατελεῖν
3796 1505 4009 1558 εἴωθεν.

2454 1591 2832 1643 Ἐδιπλασίασε
2879 1591 2933 1644 δὲ
2964 1593 2992 1644 ὁ
3058 1592 3344 1662 προεξήτης
3375 1592 3435 1645 τὸ
3471 1612 3488 1643 ι
3551 1594 3698 1663 πρωῒ
3731 1615 3748 1646 ι
3781 1597 4018 1650 ἐνταῦθα

2443 1681 2654 1753 (ὥσπερ
2713 1685 2806 1736 καὶ
2851 1685 2980 1751 παρ’
3023 1686 3231 1755 ἑτέροις
3290 1688 3601 1755 προφήταις
3670 1688 3763 1752 τὸ,
3803 1708 3820 1740 ι
3861 1691 4016 1758 Πρωῖ

2443 1774 2784 1837 εἰσάκουσον,
2823 1776 3114 1843 φάσκουσι,
3165 1775 3263 1842 τῆς
3311 1777 3499 1844 φωνῆς
3540 1796 3642 1847 μου
3677 1795 3688 1808 ·
3733 1799 3749 1829 ι
3795 1782 3887 1831 καὶ
3931 1781 4015 1838 τὸ.

762 1886 894 1940 pore
944 1871 1350 1932 demonstrans,
1381 1869 1447 1922 ad
1479 1867 1624 1938 quod
1654 1868 1815 1922 etiam
1874 1876 2086 1936 tempus
2142 1866 2336 1922 divina:
2367 1842 2414 1901 Β
2448 1892 2453 1914 ‹

2328 1842 2414 1920 ξΒ
2448 1886 2466 1918 ι
2512 1866 2663 1937 Πρωῒ
2710 1869 3136 1938 παραστήσοραί
3173 1885 3278 1920 σοι·
3390 1842 3483 1922 καλ.
3524 1842 3614 1934 τὸ,
3663 1872 3819 1939 "per;
3867 1874 4019 1941 πρωῒ

760 1976 979 2033 quoque
1009 1962 1356 2030 Operationes
1391 1959 1624 2016 libenter
1653 1958 1836 2016 solent
1865 1960 2142 2014 accedere.

833 2221 876 2287 Ι,
925 2218 1108 2276 12-10.
1167 2219 1234 2273 Et
1285 2235 1562 2274 conrersus
1603 2235 1720 2272 sum
1767 2228 1824 2273 ut
1873 2219 2100 2272 riderent
2163 2234 2332 2271 uocem

759 2332 874 2380 qua:
903 2313 1215 2382 loquebatur
1274 2325 1511 2365 mecum:
1551 2322 1598 2366 et
1663 2327 1940 2366 conversus
1985 2311 2089 2364 vidi
2141 2320 2334 2379 septem

759 2409 1075 2461 candelabra
1107 2424 1289 2470 aurea,
1315 2417 1363 2460 et
1397 2409 1450 2459 in
1482 2405 1650 2460 medio
1684 2415 1873 2476 septem
1899 2405 2334 2458 candelabrorum

758 2501 984 2553 similem
1019 2498 1164 2553 Filio
1197 2500 1448 2564 hominis,
1471 2501 1710 2554 vestitum
1741 2509 1876 2553 veste
1906 2499 2090 2564 talari,
2128 2508 2173 2551 et
2197 2513 2333 2566 pra:-

759 2594 990 2646 cinctum
1024 2591 1093 2644 ad
1129 2592 1397 2645 mamillas
1424 2609 1557 2645 zona
1589 2608 1751 2647 aurea
1782 2603 1977 2660 :caput
2017 2607 2134 2644 vero
2159 2590 2270 2658 ejus
2284 2598 2332 2642 et

759 2683 940 2750 capilli
991 2683 1112 2734 alba
1149 2692 1298 2736 erant
1327 2684 1463 2735 sicut
1506 2682 1632 2735 lana
1661 2683 1804 2745 alba,
1836 2691 1883 2735 et
1918 2693 2170 2750 tanquam
2201 2682 2332 2733 nis:

758 2774 898 2826 oculi
929 2789 1132 2842 quoque
1194 2775 1358 2842 ipsius
1411 2774 1547 2827 sicut
1604 2774 1822 2842 ﬂamma
1859 2773 1995 2841 ignis
2037 2780 2126 2825 :et
2181 2777 2332 2839 pedes

757 2866 872 2935 ejus
903 2866 1102 2919 similes
1139 2866 1522 2928 rlialcolibano,
1553 2865 1689 2919 velut
1729 2865 1781 2918 in
1824 2864 2031 2916 camino
2056 2861 2322 2917 ardentes.

759 2956 827 3011 Et
877 2972 975 3010 eo:
992 2957 1106 3026 ejus
1139 2965 1390 3025 tauquam
1407 2971 1505 3010 vos:
1530 2973 1786 3026 aquarum
1811 2955 2116 3009 multarunt.
2143 2954 2210 3008 Et
2233 2955 2332 3008 ha-

755 3050 906 3102 bebat
926 3051 978 3102 in
1003 3051 1221 3102 dextera
1237 3065 1335 3101 sua
1366 3057 1560 3117 septem
1583 3049 1765 3102 stellas
1794 3063 1812 3100 :
1829 3057 1878 3102 et
1903 3048 1967 3102 de
1989 3047 2200 3117 oreejus
2217 3047 2331 3118 gla-

2439 1961 2610 2029 πρωῒ)
2650 1960 2712 2012 οὐ
2746 1962 2944 2031 μάτην,
2991 1962 3127 2013 ἀλλὰ
3169 1963 3268 2030 τὴν
3319 1963 3460 2030 ἄγαν
3511 1964 3745 2034 σπουδὴν
3785 1966 3872 2018 διὰ
3923 1967 4016 2018 τοῦ

2437 2050 2632 2119 καιροῦ
2663 2053 2956 2123 παριστὰς,
2983 2045 3027 2120 ᾧ
3049 2053 3112 2123 δὴ
3136 2055 3334 2126 καιρῷ,
3370 2059 3464 2109 καὶ
3498 2057 3554 2109 αἱ
3585 2056 4018 2126 Θεῖαιενέργειαι

2438 2140 2691 2194 εἰώθασιν
2721 2142 3141 2214 ἐμφιλοχωρεῖν.

2506 2231 2615 2287 Kal
2642 2231 2986 2301 ἐπέστρεψα
3011 2232 3274 2298 βλέπειν
3306 2233 3422 2302 τὴν
3449 2235 3662 2303 φωνὴν
3699 2237 3834 2304 ἣτις
3875 2236 4018 2290 ἐλεί-

2435 2329 2530 2380 λει
2556 2324 2678 2394 μετ’
2706 2324 2875 2393 ἐμοῦ.
2903 2324 3012 2379 Kal
3075 2325 3446 2394 ἐπιστρέψας
3491 2326 3656 2379 εἶδον
3707 2329 3857 2382 ἑπτὰ
3903 2333 4018 2382 λυ·

2437 2419 2612 2487 χνίας
2643 2415 2897 2488 χρυσᾶς.
2942 2418 3050 2472 Kal
3089 2420 3158 2472 ἐν
3184 2419 3352 2487 μέσῳ
3403 2419 3520 2472 τῶν
3555 2421 3704 2474 ἑπτὰ
3746 2421 4018 2490 λυχνιῶν

2435 2511 2640 2574 ὅμοιον
2675 2509 2784 2573 Υἱῷ
2832 2510 3146 2578 ἀνθρώπου
3178 2512 3583 2580 ἐνδεδυμένον
3605 2514 3858 2582 ποδήρη,
3913 2515 4013 2568 καὶ

2436 2601 2913 2670 περιεζωσμένον
2938 2605 3088 2670 πρὸς
3111 2603 3232 2670 τοῖς
3262 2605 3518 2674 μαστοῖς
3535 2604 3726 2673 ζώνην
3742 2607 4006 2675 χρυσῆν·

2435 2695 2474 2764 ἠ
2503 2695 2572 2747 δὲ
2623 2694 2858 2763 κεφαλή
2911 2696 3098 2749 αὑτοῦ
3135 2696 3233 2750 καί
3280 2699 3340 2750 al
3387 2699 3587 2766 τρίχες
3642 2700 3876 2763 λευκαὶ,
3933 2701 4013 2766 ὡς

2434 2785 2598 2853 ἔριον
2621 2785 2865 2848 λευκὸν,
2907 2785 2987 2852 ὡς
3013 2785 3162 2853 χιών
3183 2800 3196 2815 °
3231 2787 3326 2840 καὶ
3375 2789 3431 2840 ol
3461 2789 3754 2856 ὀφθαλμοὶ
3798 2790 4008 2853 αὑτοῦ,

2433 2877 2513 2942 ὡς
2541 2876 2700 2944 φλὸξ
2737 2876 2928 2944 πυρός
2952 2892 2965 2906 °
2991 2876 3090 2931 καὶ
3115 2879 3171 2930 οἱ
3200 2877 3382 2944 πόδες
3406 2867 3629 2945 αὑτοῦ,’
3642 2880 3830 2949 ὅμοιοι
3860 2885 4010 2948 χαλ-

2434 2967 2749 3034 κολιϐάνῳ,
2807 2969 2888 3033 ὠς
2942 2968 3012 3020 ἐν
3064 2971 3297 3037 καμίνῳ
3347 2972 3758 3040 πεπυρωμένοι
3784 2990 3798 3005 ο
3829 2975 3926 3027 καὶ
3972 2975 4010 3040 ἡ

2433 3059 2601 3128 φωνὴ
2657 3059 2867 3122 αὑτοῦ,
2935 3059 3016 3125 ὠς
3061 3061 3233 3129 φωνὴ
3278 3061 3515 3116 ὑδάτων
3570 3063 3854 3118 πολλῶνο
3913 3068 4009 3118 καὶ

753 3141 874 3193 dtus
913 3155 977 3194 ea:
1005 3149 1227 3209 utraque
1257 3149 1409 3208 parte
1455 3150 1644 3194 acutus
1680 3140 1879 3206 exibat,
1923 3151 1971 3194 et
2003 3140 2168 3210 facies
2215 3141 2330 3209 ejus
2362 3184 2404 3240 ε
2437 3172 2444 3203 4

2319 3156 2330 3193 ι
2362 3184 2404 3240 c
2437 3151 2592 3218 έχων
2619 3151 2688 3202 ἐν
2709 3148 2782 3217 τῇ
2807 3148 2980 3215 δεξιᾷ
3008 3150 3160 3219 χειρί
3188 3151 3376 3207 αὑτοῦ
3399 3152 3660 3220 ἀστέρας
3689 3153 3843 3207 ἑπτά
3864 3170 3878 3183 ·
3912 3155 4010 3208 καὶ

751 3231 889 3285 sicut
927 3231 1004 3284 sol
1035 3230 1166 3285 lucet
1197 3231 1252 3283 in
1281 3232 1468 3286 uirtute
1497 3247 1616 3286 sua.

822 3495 989 3568 356
1021 3494 1175 3562 Quod
1210 3511 1316 3551 non
1357 3497 1632 3554 sensibilis
1661 3497 1828 3553 luerit
1861 3514 1985 3562 vox,
2012 3499 2104 3554 sed
2137 3501 2327 3570 quales

756 3597 886 3642 sunt
920 3587 1306 3658 pr0pbetarum
1339 3587 1757 3643 inlormationes
1787 3589 2074 3660 principali
2127 3591 2325 3661 spiritu

755 3675 934 3740 facta,
988 3676 1300 3732 manifestat
1327 3678 1536 3745 dicens,
1631 3677 1920 3734 Conversus
1974 3696 2090 3734 sum
2115 3696 2222 3734 non
2269 3691 2322 3734 ut

751 3767 1023 3830 audirem,
1045 3767 1138 3820 sed
1175 3775 1233 3820 ut
1261 3768 1523 3824 viderem.
1555 3769 1699 3824 Idem
1730 3771 1876 3824 enim
1907 3781 1990 3824 est
2023 3771 2323 3840 spiritualis

754 3860 974 3914 auditus
1037 3875 1162 3914 cum
1225 3861 1344 3916 visu
1387 3864 1501 3916 sive
1555 3872 1892 3932 prospectu:
1935 3863 2055 3916 ideo
2107 3877 2324 3932 quoque

752 3950 890 4004 dixit
921 3967 1111 4005 vocem
1145 3953 1211 4006 ad
1242 3968 1300 4006 se
1332 3953 1502 4023 loqui,
1549 3954 1653 4007 hoc
1712 3964 1798 4007 est
1836 3954 2124 4022 disponere
2172 3955 2315 4024 qnod

751 4044 1096 4113 supponitur.
1144 4042 1314 4099 Simul
1340 4057 1521 4099 autem
1554 4045 1621 4098 ad
1656 4045 1771 4098 haec
1803 4045 2206 4100 subaudiendus
2239 4055 2322 4102 est

751 4133 1014 4188 articulus
1033 4136 1096 4188 ad
1121 4137 1403 4191 sementim
1426 4136 1831 4206 perlectionem,
1888 4144 1947 4191 ut
1974 4137 2046 4190 sit
2075 4152 2269 4191 sensus
2304 4155 2316 4192 :

751 4220 951 4278 Vocem
981 4226 1102 4294 ejus
1141 4226 1232 4296 qui
1287 4226 1617 4294 loquebatur
1651 4241 1862 4280 mecum
1895 4243 1907 4280 :
1971 4243 2144 4294 neque
2171 4228 2316 4280 enim

748 4327 850 4366 vos
882 4314 1047 4367 videri
1079 4324 1277 4385 potest,
1307 4315 1400 4368 sed
1434 4315 1479 4367 is
1506 4316 1598 4384 qui
1627 4316 1887 4383 lnquitur.
1924 4314 2036 4369 lloc
2057 4327 2159 4379 est,
2184 4333 2314 4370 con-

749 4416 942 4454 versus
972 4418 1092 4456 sum
1132 4414 1189 4456 nt
1225 4406 1372 4459 hunc
1409 4405 1642 4458 viderem
1677 4404 1830 4472 cnjns
1854 4421 1955 4459 vox
1993 4407 2314 4475 loquebatur

2435 3242 2505 3296 ἐκ
2546 3240 2650 3294 τοῦ
2682 3241 2982 3309 στόματος
3011 3241 3200 3296 αὐτοῦ
3227 3244 3495 3312 ῥομφαία
3519 3243 3808 3314 δίστομος
3844 3246 4011 3310 ὀξεῖα

2435 3333 2876 3400 ἐκπορευομένη
2900 3347 2915 3363 ·
2947 3332 3044 3386 καὶ
3076 3335 3114 3402 ἡ
3157 3334 3299 3404 ὄψις
3342 3334 3530 3390 αὑτοῦ
3564 3335 3645 3402 ὡς
3675 3335 3850 3404 ἥλιος
3875 3339 4009 3409 scal-

2435 3441 2527 3481 νει
2552 3426 2622 3478 ἐν
2647 3425 2720 3493 τῇ
2747 3425 2996 3496 δυνάμει
3026 3427 3236 3483 αὐτοῦ.

2507 3519 2629 3574 Ὅτι
2657 3521 2757 3574 οὐκ
2779 3523 3011 3596 αἰσθητὴ
3044 3524 3076 3593 ἠ
3108 3524 3282 3592 φωνὴ,
3310 3523 3426 3577 ἀλλ’
3468 3521 3579 3581 οἷαι
3637 3528 3696 3580 αι
3729 3526 3839 3580 τῶν
3877 3543 4008 3598 προ-

2434 3609 2623 3679 φητῶν
2645 3609 2724 3680 τῷ
2754 3612 3072 3683 ἡγεμονικῷ
3116 3612 3392 3684 πνεύματι
3426 3615 3811 3683 διατυπώσεις,
3855 3618 4006 3687 δηλοῖ

2433 3699 2638 3768 λέγων·
2683 3702 3080 3772 Ἐπέστρεψα,
3113 3705 3174 3758 οὐ
3198 3705 3292 3758 τοῦ
3317 3705 3572 3774 ἀκοῦσαι,
3599 3708 3734 3762 ἀλλὰ
3763 3711 3859 3762 τοῦ
3897 3710 4006 3778 su.

2431 3792 2550 3860 ψαι.
2597 3792 2809 3846 Ταυτὸν
2859 3795 2968 3864 γάρ
3004 3797 3038 3864 ἡ
3094 3797 3444 3867 πνευματικὴ
3486 3799 3625 3867 ἀκοὴ
3672 3801 3738 3869 τῇ
3794 3799 4002 3868 βλέψει,

2431 3883 2606 3935 εῖτουν
2637 3883 2846 3951 ὁράσει.
2877 3884 2971 3938 Διὸ
2997 3885 3093 3938 καὶ
3121 3885 3218 3954 τὴν
3249 3886 3432 3956 φωνὴν
3463 3886 3646 3939 λαλεῖν
3675 3888 3810 3957 πρὸς
3841 3887 4009 3942 αὐτὸν

2431 3973 2671 4041 εἴρηκεν,
2712 3975 2839 4028 ἀντὶ
2889 3975 2984 4030 τοῦ
3034 3974 3329 4030 διατυποῦν
3369 3976 3749 4046 ὑποκείμενον.
3807 3977 4005 4042 Συνεξ-

2429 4063 2722 4117 ακουστέον
2766 4065 2822 4120 δὲ
2862 4066 3071 4128 τούτοις
3115 4068 3175 4122 τὸ
3211 4069 3413 4139 ἄρθρον
3465 4071 3544 4133 είς
3597 4071 3866 4124 έντέλειαν
3908 4072 4004 4125 τοῦ

2429 4151 2722 4220 νοήματος.
2772 4152 2932 4226 ἳν“ᾖ’
2988 4156 3114 4224 Τὴν
3161 4158 3375 4224 φωνὴν
3413 4159 3520 4213 τοῦ
3564 4161 3739 4224 ὅστις
3795 4162 4005 4214 ἐλάλει

2422 4245 2549 4308 μετ’
2568 4243 2735 4311 ἐμοῦ.
2768 4246 2844 4299 Οὐ
2879 4247 2987 4316 γὰρ
3020 4249 3052 4318 ἡ
3083 4255 3233 4318 φωνὴ
3274 4250 3306 4318 ἡ
3338 4251 3536 4320 ὁρατὴ,
3572 4251 3691 4304 ἀλλ’
3723 4254 3752 4305 ὁ
3797 4253 3997 4306 λαλῶν.

2428 4332 2621 4396 υἱονει,
2660 4325 2735 4386 Οὗ
2783 4336 2818 4404 ὴ
2851 4335 3002 4405 φωνὴ
3048 4335 3225 4388 ἐλάλει
3262 4339 3380 4406 μετ’
3448 4337 3606 4407 ἐμοῦ,
3650 4337 3840 4391 τοῦτον
3903 4342 4002 4392 lit-

2427 4423 2661 4492 ἐστρεψα
2687 4424 2926 4493 βλέπειν.
2961 4428 3116 4481 Οῦτω
3145 4430 3253 4499 γὰρ
3283 4431 3706 4501 συνταττόμενον
3725 4433 3787 4485 τὸ
3812 4432 3997 4502 ῥητὸν,

749 4506 985 4547 mecum.
1020 4494 1096 4548 lta
1138 4511 1372 4566 namque
1400 4498 1648 4551 ordinata
1681 4500 1969 4563 sententia,
2009 4501 2111 4554 erit
2146 4502 2316 4556 mania
2359 4535 2399 4590 η
2429 4530 2440 4563 ε

1620 4513 1648 4551 a
1681 4500 1969 4563 sententia,
2009 4501 2111 4554 erit
2146 4502 2316 4556 inani.
2359 4535 2399 4590 η
2429 4514 2594 4580 σαφὲς
2624 4516 2688 4568 ειν
2719 4517 2812 4569 καὶ
2845 4494 3165 4584 ἀνελλειπὲέ
3192 4494 3299 4591 εξη,

747 4581 943 4636 lestata
975 4595 1027 4638 et
1057 4585 1261 4655 absque
1288 4588 1435 4641 omni
1467 4587 1698 4642 delectu.

825 4675 1036 4744 Septem
1075 4677 1414 4729 candelabra.
1466 4678 1679 4748 Septem
1737 4679 1921 4734 itidem
1971 4681 2318 4746 candelabra,

747 4771 892 4826 sicut
932 4772 984 4822 in
1018 4769 1375 4837 sequentibus
1404 4768 1566 4830 dicet,
1599 4781 1726 4824 sunt
1756 4781 1958 4839 septeni
1992 4773 2233 4826 ecelesize
2254 4776 2320 4827 ad

747 4875 884 4932 quas
905 4861 1066 4913 etiam
1095 4860 1335 4914 scribere
1361 4859 1604 4928 iubetur.
1647 4859 1754 4914 llas
1784 4876 1962 4916 autem
1996 4865 2320 4920 candelabra

748 4948 961 5003 vocavit
994 4963 1100 5000 non
1135 4947 1410 5011 lucernas.
1443 4950 1589 5018 quod
1625 4951 2009 5004 candelabrmn
2042 4953 2316 5022 propriam

747 5056 854 5093 non
881 5039 1077 5092 habeat
1109 5038 1306 5104 lucem,
1335 5040 1428 5094 sed
1481 5041 1791 5095 vehiculum
1845 5043 2106 5098 duntaxat
2124 5046 2194 5098 sit
2236 5046 2318 5098 lu-

745 5149 920 5188 cerna:
949 5147 1068 5201 qua:
1101 5133 1280 5186 lucem
1313 5133 1491 5185 habet.
1518 5132 1641 5186 ldeo
1669 5149 1884 5203 quoque
1915 5150 2067 5188 sacer
2094 5146 2314 5205 aposto-

744 5224 830 5279 lus
863 5221 1067 5276 Paulus
1118 5224 1440 5278 exhortatur
1497 5223 1811 5280 conlurmes
1862 5226 2082 5282 Christo
2116 5243 2313 5299 praece-

747 5325 952 5385 ptores,
979 5323 1036 5366 ut
1077 5312 1185 5366 sint
1219 5314 1382 5369 veluti
1423 5313 1708 5368 luminaria
1761 5315 1815 5369 in
1846 5319 2068 5382 mundo,
2102 5333 2309 5372 sermo-

747 5419 870 5459 nem
922 5403 1044 5457 vila:
1092 5405 1452 5467 continentes,
1499 5404 1604 5459 hoc
1640 5405 1844 5474 estqui
1895 5421 1925 5460 a
1977 5408 2307 5462 seaturientc

743 5493 965 5550 Christo
1001 5495 1181 5550 lumen
1208 5495 1584 5565 incorruptum
1620 5507 1998 5566 susceperunt.
2031 5499 2111 5552 Ad
2148 5513 2310 5568 quem

745 5585 949 5642 dictum
1009 5594 1093 5640 est
1124 5602 1137 5638 :
1171 5605 1189 5638 ι
1229 5586 1506 5642 llluminas
1525 5599 1578 5642 tu
1619 5589 1940 5644 mirabiliter
1971 5607 2002 5646 a
2032 5593 2310 5647 montibus

745 5677 986 5744 aeternis,
1023 5695 1041 5729 ι
1071 5676 1174 5732 hoc
1208 5687 1291 5734 est
1329 5680 1588 5751 angelicis
1620 5686 1851 5741 fortasse
1873 5685 2165 5742 virtutibus
2205 5696 2312 5753 :ct,

813 5824 855 5858 "
889 5823 991 5879 lsa.
1030 5839 1081 5887 ι..
1115 5825 1167 5882 ό.
1245 5827 1286 5860 ¹⁹
1313 5826 1621 5886 Jercm.xx.
1683 5828 1768 5881 lli.

2501 4691 2680 4746 Ἑπτὰ
2730 4696 3011 4764 λυχνίας.
3053 4697 3118 4750 Δί
3181 4697 3322 4751 ἑπτὰ
3357 4697 3569 4767 λυχνίαι
3601 4699 3885 4765 ὡσαύτως,
3922 4703 3998 4768 ὡς

2421 4780 2624 4852 προῖὼν
2661 4783 2797 4854 ἐρεῖ,
2823 4785 2879 4835 αί
2906 4785 3046 4839 ἑπτὰ
3090 4786 3408 4856 Ἐκκλησίαι
3434 4789 3596 4854 εἰσὶν,
3639 4792 3778 4860 πρὸς
3800 4793 3868 4851 ἃς
3906 4795 3999 4846 καὶ

2419 4871 2790 4928 διακελεύεται
2821 4877 3070 4946 γράφειν.
3127 4881 3364 4950 Λυχνίας
3409 4881 3466 4932 δὲ
3500 4882 3670 4946 αὑτάς
3709 4883 3996 4954 ὠνόμασεν

2421 4965 2481 5016 οὐ
2505 4964 2748 5036 λύχνους,
2771 4969 2846 5032 ὡς
2866 4970 2964 5040 τῆς
2996 4970 3222 5042 λυχνίας
3255 4976 3455 5028 οἰκεῖον
3479 4975 3592 5044 φῶς
3619 4978 3721 5030 οὐκ
3741 4978 3995 5049 ἐχούσης,

2420 5056 2536 5109 ἀλλ’
2560 5058 2743 5128 ὄχημα
2775 5060 2933 5129 μόνον
2971 5061 3138 5134 οὔσης
3167 5065 3258 5118 τοῦ
3303 5065 3496 5135 λύχνου
3521 5067 3580 5132 ὃς
3616 5072 3730 5138 ἔχει
3767 5071 3828 5122 τὸ
3856 5072 3993 5138 φῶς.

2417 5151 2507 5203 Διὸ
2557 5152 2647 5204 καὶ
2701 5154 2730 5206 ό
2780 5153 2920 5224 ίερδς
2970 5156 3270 5219 ἀπόστολος
3329 5155 3543 5221 Παῦλος
3584 5163 3846 5231 παραινεί
3881 5165 3994 5225 τοῖς

2416 5243 2761 5312 συμμόρφοις
2785 5245 3021 5316 Χριστοῦ
3062 5247 3426 5314 διδασκάλοις,
3476 5251 3724 5318 γίνεσθαι
3756 5253 3832 5318 ὡς
3876 5272 3994 5322 φωο

2415 5337 2618 5402 στῆρας
2665 5337 2723 5388 ὲν
2758 5337 2968 5407 κόσμῳ,
3012 5337 3171 5406 λόγον
3197 5338 3344 5410 ζωῆς
3377 5342 3694 5414 ἐπέχοντας,
3740 5347 3992 5400 τουτέστι

2415 5421 2739 5492 δεξαμένους
2764 5425 2867 5478 ὑπο
2914 5426 3009 5481 τοῦ
3046 5428 3304 5498 βρύοντος
3337 5432 3576 5504 Χριστοῦ
3598 5435 3682 5502 ξτδ
3707 5435 3991 5507 ἀκήρατον

2421 5513 2556 5579 φῶς.
2592 5515 2734 5585 Πρὸς
2758 5515 2815 5568 ὃν
2847 5519 3062 5588 εἴρηται
3095 5521 3175 5585 τὸ,
3219 5540 3238 5573 ι
3273 5522 3533 5588 Φωτὰζεις
3567 5526 3630 5578 σὺ
3659 5526 3992 5598 θαυμαστῶς

2421 5605 2528 5657 ἀπὸ
2561 5607 2732 5676 ὀρέων
2775 5611 3029 5678 αἰωνίων,
3072 5631 3091 5664 ι
3138 5614 3446 5682 άγγελικῶν
3482 5618 3613 5682 ἴσως
3657 5619 3945 5690 δυνάμεων
3973 5638 3986 5650 ·

2422 5698 2534 5766 καὶ,
2573 5719 2590 5753 ι
2647 5701 3056 5767 Ἐξαπόστειλον
3083 5707 3145 5763 τὸ
3174 5706 3289 5772 φῶς
3335 5727 3430 5766 σου
3471 5711 3566 5765 καὶ
3594 5711 3696 5775 τὴν
3721 5713 3987 5787 ἀλήθειάν
