4282 6440
276 380 376 445 5n
1340 368 1725 431 COMMENT.
1770 369 1853 429 IN
1892 367 2417 432 APOCALYPSIN.
2681 367 2684 369 ’
3418 373 3529 440 518

280 504 393 542 σου·
433 505 453 542 s
491 484 608 549 καὶ,
650 500 669 535 ι
721 481 780 537 Ὀ
808 478 1087 553 φωτισμδς
1118 476 1214 531 τοῦ
1260 478 1555 549 προσώπου
1588 498 1706 544 σου,
1734 478 1847 532 Κύ-
1874 488 1921 545 Α
1954 494 1971 530 ι

1828 511 1847 520 -
1874 488 1921 545 Α
1954 494 1976 530 ι
2016 478 2217 533 Emitte
2246 479 2421 534 lucem
2454 489 2604 535 tuam
2631 488 2690 539 et
2713 479 2999 536 veritatem
3028 488 3180 538 tuam
3210 501 3225 541 :
3256 502 3275 537 ι
3303 495 3358 541 et
3393 507 3411 540 s
3450 490 3519 544 ilo

279 596 385 649 ριε,
415 578 512 631 τοῦ
562 573 887 646 φωτίζοντος
922 573 1047 634 τοὺς
1096 574 1321 638 πιστοὺς
1368 571 1595 641 ναι-ιὼς,
1652 591 1670 624 s
1703 571 1849 626 Μετ-
1954 568 1969 621 l

1833 599 1849 611 -
1954 568 2240 622 luminatio
2258 568 2443 623 vultus
2473 569 2577 634 tui,
2602 570 2995 640 Domine,qu:e
3026 572 3388 643 spiritualiter
3402 590 3524 633 ere-

277 668 436 738 ύχους
456 666 553 719 οὖν
578 666 903 735 γενομένους
924 662 1168 717 τοιούτου
1200 664 1378 733 φωτὸς
1395 701 1411 725 ,
1437 661 1693 732 φωτίζειν
1717 677 1851 732 προ·
1951 674 1968 714 t

1835 689 1851 703 -
1951 659 2143 714 dentes
2167 659 2459 715 illuminat.
2479 662 2529 693 ι’
2559 679 2577 712 s
2610 660 2717 718 Eos
2747 676 2879 733 ergo
2908 663 3001 731 qui
3041 663 3354 735 hujusmodi
3384 667 3526 725 lucis

287 766 538 830 τρέπεται
559 758 758 823 αὐτοὺς
786 756 867 827 τῷ
884 756 984 825 τῆς
1019 755 1353 825 θεογνωσίας
1385 754 1547 824 φωτί.
1951 765 1978 821 ι]

1951 751 2244 822 participes
2264 749 2443 807 effecti
2465 761 2612 819 sunt,
2637 754 2963 810 exhortatur
2984 762 3043 810 ut
3070 756 3203 814 alios
3218 758 3526 816 illuminent

1954 842 2077 897 luce
2099 842 2296 899 divina
2336 843 2692 913 cognitionis.

349 932 616 1001 Χρυσᾶς.
654 933 877 1002 Χρυσᾶς
916 949 1053 1003 φησι
1103 929 1442 1002 χρηματίσαι
1478 930 1575 992 τὰς
1604 931 1849 1001 λυχνίας,

278 1024 367 1077 διὰ
397 1026 456 1076 τό
489 1023 667 1091 τίμιον
701 1024 797 1075 κα)⁵
829 1023 1128 1092 ὑπεραῖρον
1155 1020 1263 1073 τῶν
1304 1021 1651 1088 ἀξιωθέντων
1696 1021 1851 1087 δέξα-

281 1119 406 1171 σθαι
428 1117 492 1170 τὸ
514 1117 656 1169 θεῖον
681 1116 861 1177 σέλας.
890 1114 953 1167 Οἳ
981 1116 1076 1169 καὶ
1112 1114 1402 1184 φωστῆρες
1432 1116 1574 1167 κατὰ
1592 1114 1683 1167 τὸν
1701 1114 1851 1168 Παῦ-

278 1211 370 1262 λον
403 1208 714 1280 ἐκλήθησαν
755 1208 913 1277 λόγον
955 1207 1103 1278 ζωῆς
1148 1208 1384 1279 ἔχοντες,
1427 1206 1619 1278 ὥσπερ
1670 1207 1765 1261 καὶ
1793 1207 1849 1261 αί

277 1300 492 1372 λυχνίαι
526 1302 709 1372 ὄχημα
740 1301 951 1371 λύχνων
976 1297 1158 1366 οὖσαι,
1189 1301 1352 1356 αὐταὶ
1386 1300 1484 1371 μὲν
1531 1299 1590 1367 ιε
1639 1301 1851 1355 ἑαυτῶν

277 1396 380 1446 οὐκ
406 1393 587 1464 ἔχουσι
618 1395 755 1464 φῶς,
781 1394 1032 1448 κοινωνοὶ
1060 1394 1119 1448 δέ
1155 1393 1273 1459 πώς
1303 1396 1411 1448 siet
1440 1394 1547 1448 τῶν
1591 1395 1851 1466 φωτίζειν

2022 934 2217 990 Aurea.
2250 936 2429 991 Aurea
2470 936 2604 991 dicit
2627 938 2922 994 constituta
2953 940 3128 998 fuisse
3163 943 3521 1011 candelabra,

1953 1032 2173 1092 propter
2202 1024 2431 1093 pretium
2468 1034 2522 1079 et
2543 1026 2919 1082 excellentiam
2959 1044 3148 1085 eorum
3178 1033 3272 1103 qui
3313 1049 3528 1089 merue-

1953 1122 2079 1167 runt
2104 1114 2339 1168 divinam
2369 1114 2651 1184 suscipere
2679 1114 2856 1171 lucem
2888 1134 2902 1169 :
2925 1118 3017 1186 qui
3041 1120 3205 1176 etiam
3233 1121 3525 1180 luminaria

1959 1219 1989 1259 a
2019 1203 2181 1260 Paulo
2201 1206 2343 1262 dicta
2370 1216 2518 1275 sunt,
2537 1206 2714 1263 lucem
2739 1209 2867 1264 vita:
2890 1210 3145 1267 habentia
3165 1215 3532 1283 quemadmo-

1952 1296 2079 1353 dum
2105 1308 2157 1353 et
2176 1300 2504 1356 candelabra
2519 1301 2822 1357 vehiculum
2845 1312 2974 1358 sunt
3002 1303 3347 1361 lucernarum
3366 1324 3381 1374 ;
3399 1324 3523 1364 nam

1950 1386 2066 1442 haec
2083 1403 2147 1442 ex
2171 1387 2365 1457 seipsis
2395 1390 2693 1462 lucem‘jnon
2713 1393 2933 1457 habent,
2963 1394 3057 1449 sed
3081 1395 3376 1467 participes
3390 1412 3527 1468 quo-

283 1486 381 1557 ἀφ’
408 1486 617 1541 ἑαυτῶν
647 1485 945 1556 λαχόντων.
1951 1477 1974 1533 ἀ

1951 1477 2242 1534 dammodo
2272 1490 2397 1535 sunt
2424 1496 2615 1538 eorum
2654 1500 2772 1556 quae
2802 1500 2831 1540 a
2872 1485 3069 1557 seipsis
3103 1488 3304 1544 habent
3336 1496 3401 1544 ut
3441 1484 3529 1545 lu-

1951 1581 2129 1623 ccant.

358 1666 465 1721 Kal
494 1666 564 1719 ἐν
589 1665 757 1736 μέσῳ
798 1666 918 1721 τῶν
962 1667 1114 1723 ἑπτὰ
1164 1669 1431 1736 λυχνιῶν
1467 1669 1680 1740 ὅμοιον
1742 1670 1853 1736 Υιῷ
1896 1614 1911 1653 ὶ
2023 1660 2049 1716 Ι

1842 1670 1853 1723 't
1896 1614 1911 1653 χ
2023 1660 2089 1716 Ει
2111 1664 2163 1717 in
2177 1666 2341 1719 medio
2358 1676 2550 1735 septem
2563 1668 2998 1725 candelabrorum
3032 1672 3257 1729 similent
3278 1672 3423 1729 Filio
3436 1672 3533 1731 Iro-

277 1761 617 1829 ἀνθρώπου.
663 1761 752 1813 Ἑν
788 1761 941 1833 μέσῳ
979 1762 1087 1815 τῶν
1118 1763 1258 1815 ἑπτὰ
1281 1764 1510 1835 λυχνιῶν
1531 1765 1717 1834 ὅμοιον
1740 1764 1853 1836 Υἱῷ
1888 1835 1927 1843 _
1953 1768 1968 1805 |

1833 1764 1853 1835 ᾖ
1888 1835 1927 1843 _
1953 1752 2133 1807 asinis.
2180 1752 2461 1843 Tanquam
2482 1757 2730 1813 videlicet
2746 1759 3154 1818 denuntiantem
3173 1764 3322 1836 quod
3348 1765 3401 1820 in
3423 1780 3524 1821 nos

280 1851 593 1923 ἀνθρώπου,
650 1853 726 1917 ὡς
779 1854 1251 1924 ἐπαγγειλάμενον
1299 1856 1503 1928 δηλαδὴ
1550 1835 1854 1929 ἐνοικήσειν
1888 1835 1971 1897 ni

1833 1875 1854 1910 ν
1888 1835 1930 1890 Β
1958 1843 2228 1900 inhabitet
2251 1835 2316 1901 ac
2351 1847 2693 1905 inambulet:
2726 1852 2818 1919 qui
2840 1854 3004 1908 etiam
3031 1835 3271 1925 seipsum
3319 1856 3524 1914 dimisit

282 1942 377 1994 καὶ
409 1944 887 2015 ἐμπεριπατήσειν
941 1948 1001 1999 ἐν
1036 1947 1188 2017 ἡμῖν,
1240 1947 1331 2003 τὸν
1388 1948 1485 2002 καὶ
1539 1949 1733 2003 ἑαυτὸν
1781 1950 1851 2004 δι’

281 2037 429 2105 ἡμᾶς
445 2037 856 2093 ταπεινώσαντα
882 2038 1010 2109 ἄχρι
1034 2040 1130 2110 τῆς
1153 2039 1245 2093 τοῦ
1272 2039 1461 2094 δούλου
1486 2042 1723 2113 μορφῆς,
1758 2043 1854 2097 καὶ

277 2129 573 2200 γενόμενον
637 2132 861 2203 καρπὸν
914 2133 1151 2204 γαστρὸς
1181 2135 1279 2201 τῆς
1332 2136 1711 2208 ἀπειῳγὰμου
1751 2156 1855 2208 μη-

279 2220 428 2289 τρός.
462 2222 695 2293 Ποδήρει
742 2223 800 2277 δὲ
850 2226 1010 2279 αὐτὸν
1046 2226 1431 2297 περιεστάλθαι
1460 2228 1554 2283 καὶ
1582 2228 1853 2301 περιεζὼ-

282 2312 406 2365 σθαι
442 2313 577 2382 πρὸς
636 2315 744 2376 τοῖς
779 2317 1008 2384 μαστοῖς
1055 2316 1131 2380 ὡς
1183 2316 1332 2387 ίερία
1372 2318 1525 2388 φησὶ,
1558 2319 1702 2372 κατὰ
1756 2317 1854 2387 τὴν

279 2403 435 2468 τάξιν
458 2404 818 2475 Μελχισεδὲκ,
868 2408 928 2462 ού
975 2407 1117 2462 κατὰ
1154 2410 1256 2480 τὴν
1284 2409 1437 2475 τάξιν
1476 2410 1703 2479 Ἀαρὼν,
1731 2412 1855 2465 ἐπεὶ

284 2498 360 2566 μὴ
388 2498 527 2551 κατὰ
556 2500 651 2551 τὸν
695 2501 973 2565 Μωῦσέως
1004 2502 1171 2571 νόμον
1218 2504 1251 2574 ὴ
1296 2504 1392 2556 ἀπ’
1420 2503 1585 2557 αὐτοῦ
1616 2506 1855 2577 παραδε-

274 2587 482 2659 δομένη
541 2590 674 2661 ἡμῖν
708 2590 957 2662 λατρεία,
1019 2593 1154 2648 ἀλλὰ
1180 2595 1323 2651 κατὰ
1377 2595 1477 2666 τὴν
1524 2598 1855 2673 Μελχισεδὲκ

278 2680 434 2745 τάξιν
465 2685 686 2755 νεαρὰν,
731 2688 859 2757 περὶ
897 2678 957 2739 οὗ
984 2688 1078 2742 καὶ
1112 2688 1323 2753 Παῦλος
1367 2688 1396 2742 ὁ
1439 2692 1581 2753 θεῖος
1608 2691 1853 2762 εἴρηκεν,

281 2775 546 2845 ἀρχιερέα
617 2776 713 2829 καὶ
788 2777 1084 2832 ἀπόστολον
1143 2779 1386 2834 δεδόσθαι
1438 2781 1567 2851 ἡμῖν
1622 2780 1855 2853 Χριστὸν

285 2864 674 2935 ἱερουργοῦντα
700 2869 917 2935 ἑαυτὸν,
947 2871 1042 2925 καὶ
1072 2872 1426 2942 προσάγοντα
1452 2871 1531 2942 τῷ
1550 2874 1731 2943 Πατρὶ
1758 2872 1856 2926 καὶ

278 2956 361 3028 τῷ
389 2958 664 3029 Πνεύματι
693 2961 791 3033 τὴν
830 2964 1105 3035 ἡμετέραν
1136 2966 1235 3035 τῆς
1278 2966 1515 3031 πίστεως
1541 2966 1855 3036 ὁμολογίαν.

350 3051 462 3105 Καὶ
500 3051 969 3124 περιεζωσμένον
1008 3058 1160 3125 πρὸς
1210 3057 1337 3125 τοῖς
1384 3058 1660 3126 μαστοῖς.
1712 3060 1855 3132 Πρὸς

1954 1951 2125 2007 usque
2152 1938 2217 1992 ad
2238 1937 2471 1995 formam
2496 1942 2667 2005 servi,
2692 1940 2978 2014 factusque
2997 1955 3080 1999 est
3098 1944 3526 2004 fructusveatris
3582 1940 3585 1941 ⁷

1953 2028 2076 2098 ejus
2101 2032 2291 2086 matris
2318 2048 2438 2103 qua:
2470 2034 2728 2105 nuptialis
2771 2037 2990 2091 thalami
3040 2052 3235 2110 expers
3264 2049 3404 2098 erat.
3428 2042 3522 2096 Ait

1951 2135 2166 2203 quoque
2193 2138 2317 2177 eum
2339 2124 2594 2180 vestitum
2642 2126 2811 2183 fuisse
2841 2139 2989 2184 veste
3011 2130 3186 2197 talari,
3208 2139 3262 2186 et
3293 2132 3525 2203 praeim-

1953 2202 2195 2269 ctum'ad
2236 2216 2504 2271 mamillas
2536 2227 2790 2287 tanquam
2814 2221 3145 2275 sacerdotem
3176 2202 3331 2292 juxta
3374 2223 3526 2278 ordi-

1953 2320 2079 2360 nem
2148 2304 2543 2375 Melchisedec,
2606 2325 2716 2364 non
2780 2311 2937 2381 juxta
2981 2316 3230 2370 ordinem
3285 2315 3523 2372 Aaron:

1952 2398 2209 2466 quoniam
2252 2413 2359 2454 non
2395 2412 2479 2455 est
2521 2400 2676 2469 juxta
2727 2401 2860 2457 Mosi
2896 2404 3066 2475 legem
3098 2405 3274 2462 cultus
3317 2408 3411 2477 qui
3458 2407 3529 2462 ab

1954 2488 2070 2559 ipso
2122 2490 2279 2546 nobis
2334 2492 2564 2547 traditus
2617 2501 2722 2558 est,
2774 2494 2939 2567 857
2988 2495 3084 2551 sed
3118 2496 3275 2564 juxta
3326 2510 3526 2552 novum

1952 2581 2200 2636 ordinem
2234 2574 2660 2641 'Mclcbisedeco:
2690 2586 2756 2642 de
2803 2603 2912 2656 quo
2967 2590 3129 2643 etiam
3184 2590 3320 2645 dixit
3368 2591 3528 2647 divus

1951 2676 2151 2732 Paulus
2179 2678 2222 2709 ³¹
2259 2678 2574 2749 pontificem
2596 2688 2650 2735 et
2679 2682 2982 2750 apostolum
3005 2684 3190 2738 datum
3226 2684 3385 2739 nobis
3406 2698 3538 2740 esse

1954 2768 2263 2837 Christum,
2294 2771 2387 2841 qui
2421 2772 2660 2843 seipsum
2689 2773 2741 2826 in
2777 2774 3111 2830 sacriﬁcium
3135 2775 3443 2838 obtulisset.
3473 2785 3529 2832 et

1956 2859 2354 2918 introduxisset
2379 2862 2446 2918 ad
2481 2863 2651 2919 Deum
2690 2863 2904 2920 Patrem
2937 2880 3001 2921 ac
3034 2865 3295 2937 Spiritum
3332 2879 3532 2926 nostra!

1954 2951 2078 3009 fidei
2112 2953 2533 3010 confessionem.

2026 3043 2096 3100 Et
2123 3048 2467 3117 prcciuctum
2494 3049 2564 3103 ad
2587 3048 2876 3109 mamillae.
2905 3049 3265 3109 Pmcinctum
3302 3053 3368 3108 ad
3402 3067 3525 3109 ma-

281 3144 395 3205 τοίς
447 3146 672 3210 μαστοῖς
722 3144 779 3200 δὲ
827 3147 1289 3220 περιεζωσμένον,
1345 3150 1459 3205 ἀλλ’
1503 3151 1565 3207 ού
1602 3150 1737 3224 πρὸς
1787 3154 1855 3226 τῇ
1886 3151 1972 3239 Cl

1838 3154 1855 3225 δ
1886 3176 1932 3239 c
1960 3135 2140 3239 minas
2171 3140 2450 3239 dicit,_non
2471 3150 2667 3239 sutem
2705 3140 2772 3197 ad
2794 3142 3048 3239 lumbos:
3082 3144 3209 3215 quia
3232 3158 3411 3215 neque
3437 3144 3529 3199 hie

282 3235 468 3302 ὀσφύϊ,
518 3239 601 3291 ὅτι
649 3239 784 3309 μηδὲ
832 3237 1089 3306 ιπίδατος
1145 3238 1301 3308 οὗτος
1349 3246 1472 3308 ταῖς
1520 3245 1624 3299 ὑπὸ
1661 3249 1860 3320 γαστρὶ
1892 3231 1973 3285 vi

1836 3249 1860 3301 ι
1892 3231 1930 3239 ⁷
1962 3231 2138 3286 fertur
2166 3234 2592 3303 appetitionibus
2648 3250 2773 3305 quas
2805 3237 2907 3291 sub
2940 3244 3130 3320 ventre
3176 3246 3527 3307 generantur,

284 3326 555 3395 ὀρέξεσιν,
601 3328 670 3393 ἃς
716 3332 1142 3403 περιεσφίγχθαι
1173 3337 1287 3397 τοῖς
1320 3333 1502 3400 ἄλλοις
1551 3337 1859 3409 ἀνθρώποις

287 3419 577 3489 σωτήριον.
629 3423 728 3477 Διὰ
784 3422 943 3479 τοῦτο
993 3424 1113 3479 οὐδὲ
1150 3427 1289 3497 πρὸς
1317 3426 1398 3498 τῷ
1456 3427 1532 3501 μὴ
1578 3429 1861 3500 ἁπροσίτῳ

284 3511 511 3577 ταύταις
543 3516 715 3586 μορίῳ
741 3516 829 3570 διὰ
850 3518 942 3571 τὸν
958 3517 1132 3589 τούτῳ
1158 3522 1694 3591 συμπεφυκότα,κᾶν
1723 3522 1862 3595 ὑπὲρ

286 3602 445 3672 λόγον
488 3603 639 3670 Θεὸν,
690 3606 826 3679 πρὸς
869 3608 948 3679 τῷ
991 3611 1177 3681 στήθει
1212 3612 1268 3667 δι
1331 3613 1427 3667 καὶ
1476 3614 1588 3677 τοῖς
1646 3614 1859 3684 μαζοῖς,

287 3694 439 3759 ὅπως
469 3700 563 3751 καὶ
592 3698 654 3751 τὸ
692 3699 922 3771 ἄσχετον
949 3702 1048 3773 τῆς
1076 3702 1291 3767 δικαίας
1324 3705 1417 3758 καὶ
1446 3704 1596 3769 θείας
1626 3706 1795 3778 ὀργῆς
1826 3708 1859 3778 ἡ

290 3786 672 3858 φιλανθρωπία
715 3792 1030 3863 συνέχηται,
1066 3796 1161 3849 καὶ
1211 3798 1244 3865 ἡ
1276 3798 1376 3860 τὰς
1424 3797 1519 3851 δύο
1551 3799 1858 3868 Διαθήκας,

289 3879 411 3948 ἦτοι
441 3881 563 3942 τοὺς
589 3882 950 3947 Δεσποτικοὺς
983 3884 1189 3956 μαζοὺς
1218 3886 1483 3954 ζωννῦσα,
1518 3888 1700 3961 δειχθῇ
1728 3891 1861 3962 ἁλή-

289 3969 433 4035 θεια,
481 3970 547 4023 δι’
596 3966 671 4027 ὧν
695 3974 789 4027 καὶ
828 3976 875 4028 οί
928 3978 1108 4030 πιστοὶ
1140 3977 1449 4049 τρέφονται.
1502 3982 1638 4052 Περὶ
1673 3976 1735 4037 οὗ
1771 3983 1863 4037 καὶ

290 4062 529 4133 εἴρηταιο
572 4083 591 4117 ι
635 4067 825 4121 Ἔσται
861 4068 1174 4142 δικαιοσύνη
1200 4073 1506 4142 ὲζωσμένος
1542 4074 1643 4146 τὴν
1692 4075 1864 4144 ὀσφὺν

292 4155 481 4220 αὑτοῦ,
531 4159 624 4211 καὶ
673 4160 902 4232 ἀληθείᾳ
951 4161 1280 4233 ὴλειμμένοε
1328 4165 1426 4229 τὰς
1480 4166 1717 4237 πλευρὰς
1760 4169 1863 4223 αύ-

291 4249 405 4301 τοῦ.
445 4269 463 4301 ι
497 4253 822 4325 Δικαιοσύνη
844 4254 900 4308 δὲ
925 4257 1024 4327 τὴν
1051 4258 1245 4325 ὀσφὺν,
1273 4258 1351 4327 τῷ
1384 4259 1458 4331 μὴ
1491 4260 1865 4331 ύπερὸἀθμιον

292 4340 391 4409 τῆς
436 4342 657 4413 λογικῆς
685 4346 943 4415 φέρεσθαι
974 4348 1209 4416 φύσεως.
1249 4351 1501 4422 Ἀληθείᾳ
1524 4352 1581 4405 δὲ
1613 4351 1864 4421 ἡλεῖφθαι

292 4434 391 4494 τᾶς
435 4434 674 4504 πλευρὰς
707 4436 837 4489 ὡσεὶ
894 4439 1057 4509 ἐλαίῳ
1104 4440 1254 4509 θείῳ,
1301 4441 1377 4509 τῷ
1426 4442 1487 4494 τὸ
1538 4442 1733 4509 ἀληθὲς
1765 4443 1864 4513 τῆς

1962 3338 2098 3393 quas
2126 3325 2339 3382 caeteris
2366 3326 2684 3382 hominibus
2717 3327 2957 3382 salutare
2988 3337 3071 3383 est
3092 3317 3361 3384 coercere.
3394 3328 3528 3385 Prc—

1961 3424 2142 3487 pterea
2177 3432 2353 3490 neque
2378 3418 2445 3473 ad
2482 3434 2578 3475 eas
2603 3430 2789 3490 partes
2815 3421 3029 3477 cinctus
3052 3430 3136 3478 est
3174 3424 3241 3477 ad
3270 3438 3410 3493 quas
3439 3423 3527 3480 liis

1960 3516 2146 3577 pateat
2175 3522 2434 3565 accessus
2468 3549 2483 3574 ,
2518 3524 2585 3565 eo
2614 3510 2760 3580 quod
2795 3512 2936 3568 Deus
2960 3512 3045 3568 his
3068 3512 3328 3570 ineﬂ'abili
3359 3515 3523 3571 modo

1961 3598 2033 3654 sit
2054 3599 2334 3669 obseptus,
2360 3602 2455 3657 sed
2482 3601 2551 3656 ad
2582 3613 2772 3672 pectus
2797 3611 2851 3659 ct
2868 3604 3161 3673 m‘amillas,
3196 3614 3255 3660 ut
3277 3605 3527 3677 benigni-

1961 3693 2047 3742 tas
2068 3696 2124 3742 et
2146 3689 2459 3745 humanitas
2483 3691 2687 3760 justam
2711 3708 2775 3747 ac
2791 3693 3031 3747 divinam
3057 3692 3192 3749 iram
3222 3696 3523 3763 contineat,

1962 3795 2085 3851 quas
2111 3782 2331 3837 tolerari
2362 3797 2468 3837 non
2499 3793 2684 3854 posset
2709 3802 2723 3839 :
2752 3794 2807 3840 et
2837 3786 3039 3841 veritas
3061 3785 3385 3841 ostendatur
3409 3802 3528 3859 quae

1962 3872 2071 3927 duo
2094 3872 2261 3942 cingit
2290 3881 2633 3941 testamenta,
2676 3883 2938 3947 tanquam
2967 3877 3180 3932 Domini
3204 3876 3371 3934 ubera
3405 3879 3532 3949 qui-

1962 3964 2067 4021 bus
2097 3966 2281 4021 fideles
2310 3967 2562 4023 aluntur:
2596 3969 2663 4024 de
2679 3984 2789 4042 quo
2814 3971 2975 4025 etiam
3008 3971 3212 4027 dictum
3245 3981 3330 4028 est
3364 3990 3377 4028 :
3408 3990 3427 4025 ι
3468 3974 3543 4045 Ειὶ

1963 4055 2141 4127 cinget
2167 4056 2379 4125 justitia
2404 4058 2621 4113 lumbos
2641 4060 2781 4129 ejus,
2805 4069 2859 4115 et
2889 4061 3086 4117 veritas
3116 4062 3337 4131 inungct
3360 4064 3530 4121 latera

1962 4148 2083 4218 ejus
2115 4148 2160 4180 “
2194 4166 2214 4201 ι
2246 4146 2462 4204 Justitia
2509 4151 2727 4221 quidem
2751 4151 2922 4207 lumbi
2956 4154 3116 4209 cincti
3146 4155 3428 4222 dicuntur,
3463 4173 3533 4212 ne

1964 4241 2211 4297 ferantur
2251 4242 2306 4296 in
2342 4258 2628 4298 excessum
2666 4259 2829 4313 supra
2869 4246 3182 4302 rationalem
3224 4258 3475 4302 naturam
3514 4265 3529 4303 :

1965 4334 2190 4388 veritate
2228 4344 2409 4409 autem
2449 4336 2639 4403 juncta
2670 4336 2834 4390 latera
2870 4344 3128 4406 tanquam
3169 4337 3354 4392 divino
3384 4338 3530 4402 oleo,
3576 4337 3581 4343 ’

1964 4440 2029 4479 eo
2056 4426 2201 4495 quod
2237 4429 2436 4482 veritas
2467 4429 2827 4483 humanitatis
2856 4430 3001 4484 circa
3032 4444 3186 4486 suam
3218 4440 3533 4486 creaturam

294 4526 424 4594 περὶ
467 4526 528 4578 τὸ
578 4528 776 4581 οἰκεῖον
828 4530 1051 4600 πλάσμα
1100 4531 1510 4604 φιλανθρωπίας
1554 4535 1865 4605 παρῤησιὰ-
1896 4518 1985 4575 θλ

994 4548 1051 4583 ια,
1100 4531 1510 4604 φιλανθρωπίας
1554 4535 1865 4605 παρρησιά..
1896 4520 1940 4575 D
1970 4518 2137 4574 libere
2165 4528 2291 4590 agat
2332 4528 2386 4575 et
2415 4520 2685 4591 loquatur.

328 4636 350 4667 Ξ
360 4633 428 4669 ιν.

328 4633 428 4669 ειν.

292 4614 322 4679 ζ
364 4703 575 4771 Ζὼνην
626 4708 883 4777 χρυσῆν.
949 4711 1170 4782 Χρυσῆν
1213 4712 1311 4783 τὴν
1367 4712 1543 4784 ζώνην
1579 4716 1709 4785 ὅρα,
1758 4715 1865 4770 τῶν

294 4797 436 4849 κατὰ
462 4799 551 4849 τὸν
576 4801 737 4868 νόμον
760 4802 1161 4874 ἱερέων-φάρεσι
1192 4805 1628 4874 πεποικιλμένοις
1650 4808 1867 4877 χρωμέ-

2044 4698 2194 4754 Zona
2223 4716 2405 4756 aurea.
2438 4701 2672 4756 Auream
2700 4701 2911 4757 intuere
2940 4717 3154 4768 zonam,
3186 4704 3540 4773 quemadmo-

1971 4791 2099 4846 dum
2121 4792 2318 4862 legales
2347 4791 2656 4848 sacerdotes
2680 4792 2857 4861 palliis
2884 4792 3174 4848 utebantur
3220 4796 3535 4867 vsriegatis.

292 4906 420 4944 νων.
472 4890 617 4944 Ἔδει
670 4892 778 4963 γὰρ
830 4894 890 4946 τὸ
938 4895 1193 4967 διάφορον
1237 4898 1469 4967 φανῆναι
1526 4898 1728 4952 δούλων
1774 4901 1867 4953 καὶ
1972 4886 1983 4934 ⁴

1846 4901 1867 4953 ὶ
1972 4882 2224 4954 Oportuit
2254 4885 2397 4939 enim
2426 4884 2795 4939 diversitatem
2827 4886 3161 4940 manifestari
3186 4886 3328 4942 inter
3348 4902 3537 4945 servos

296 4978 560 5044 σκιώδους
587 4981 751 5052 νόμου
782 4985 874 5037 καὶ
900 4986 1000 5053 τῆς
1029 4986 1305 5057 ἀληθείας.
1972 4993 1987 5032 ε

1972 4977 2086 5032 sive
2115 4978 2283 5046 legem
2333 4976 2679 5031 umbratilem
2709 4985 2764 5031 et
2792 4978 3095 5033 veritatem.

386 5073 453 5125 Ἦ
493 5073 562 5126 δὲ
593 5074 827 5143 κεφαλὴ
867 5076 1055 5132 αὐτοῦ
1097 5078 1193 5133 καί
1224 5080 1285 5131 αι
1306 5080 1504 5147 τρίχες
1529 5081 1765 5136 λευκαί.
1798 5081 1872 5135 Τὸ
2041 5069 2077 5124 C

1843 5081 1872 5135 δ
2041 5069 2211 5139 Caput
2246 5084 2364 5124 vero
2397 5070 2511 5138 ejus
2551 5081 2599 5123 et
2653 5070 2836 5139 capilli
2880 5070 3003 5125 alba
3041 5082 3211 5128 erant.
3256 5071 3533 5142 Siquidem

293 5162 405 5231 γὰρ
436 5160 578 5213 κατὰ
602 5162 835 5232 Χριστὸν
864 5166 1183 5234 μυστήριον,
1216 5167 1504 5237 τιμαλφὲς,
1545 5168 1638 5221 καὶ
1676 5172 1723 5222 εἰ
1754 5170 1871 5224 νέον
1969 5180 1984 5218 1

1843 5190 1871 5224 ν
1969 5162 2285 5235 mysterium
2316 5162 2370 5217 in
2410 5161 2631 5218 Christo
2688 5172 2966 5233 peractum
3018 5163 3363 5232 splendidum
3399 5176 3479 5217 est
3520 5180 3534 5217 :

294 5256 361 5322 τῇ
413 5254 703 5324 ἐπιφανείᾳ
745 5258 843 5309 καὶ
893 5256 961 5309 δι’
1011 5260 1193 5328 ἡμᾶς,
1257 5259 1395 5313 ἀλλὰ
1449 5260 1773 5329 προαιὼνιον
1804 5265 1871 5333 τῇ
1970 5270 1985 5309 ε

1845 5265 1871 5333 ᾖ
1970 5265 2356 5324 etquanquam
2382 5263 2632 5309 recenter
2661 5254 2973 5325 apparuerit
2994 5264 3217 5325 propter
3246 5271 3367 5322 nos,
3396 5266 3536 5310 atta-

296 5344 538 5415 εύδοκία.
572 5345 662 5398 Διὸ
684 5348 775 5398 καὶ
798 5347 1007 5411 Παῦλος
1041 5366 1174 5418 φησι
1204 5351 1329 5421 περὶ
1362 5352 1523 5404 αὐτοῦ
1546 5369 1559 5382 ο
1595 5370 1612 5403 ι
1655 5353 1727 5405 Τὸ
1760 5370 1865 5421 μυ-

298 5439 523 5508 στήριον
551 5438 610 5491 τὸ
638 5440 1127 5513 ἀποκεκρυμμένον
1160 5444 1269 5496 ἀπὸ
1298 5446 1405 5498 τῶν
1428 5442 1660 5509 αιώνων,
1685 5444 1779 5502 νῦν
1809 5447 1865 5499 δὲ

296 5530 614 5599 φανερωθὲν
659 5534 771 5596 τοῖς
828 5533 1003 5602 ἁγίοις
1050 5534 1237 5589 αὑτοῦ.
1282 5555 1300 5587 ι
1359 5536 1527 5591 Τοῦτο
1573 5538 1601 5591 ὃ
1639 5538 1672 5608 ἠ
1706 5538 1864 5592 πολιὰ

296 5620 424 5692 θρὶξ
453 5623 547 5674 καὶ
568 5622 698 5675 ὡσεὶ
725 5624 857 5694 χιὼν
889 5625 1269 5697 ὑποσημαίνει.

370 5824 417 5858 ¹⁶
462 5822 604 5879 Psal.
634 5840 792 5891 Lxxv,
818 5827 903 5893 42,
935 5826 1022 5881 45.

1100 5826 1141 5858 ¹¹
1172 5824 1333 5883 llebr.
1378 5843 1474 5891 nx,
1509 5828 1558 5881 l.
1636 5830 1680 5861 "
1759 5827 1853 5885 lsa.
1888 5843 1962 5892 xi,
1996 5830 2048 5884 εἰ.

1981 5362 2104 5402 men
2144 5344 2345 5400 decreti
2383 5345 2721 5416 beneplacito
2758 5344 2863 5400 fuit
2909 5353 3195 5401 :eternum.
3247 5348 3535 5417 Propterea

1971 5454 2186 5510 quoque
2207 5444 2282 5493 ait
2304 5437 2504 5508 deipso
2532 5438 2818 5508 Apostolus
2840 5455 2884 5492 τι
2912 5439 3220 5510 Mysterium
3245 5439 3389 5511 quod
3416 5441 3539 5496 abs-

1974 5531 2249 5585 conditum
2273 5529 2385 5585 fuit
2406 5544 2434 5585 a
2464 5529 2698 5594 saeculis,
2737 5545 2884 5586 nunc
2913 5540 3094 5586 autem
3131 5531 3536 5591 manifestatum

1976 5632 2064 5678 est
2096 5623 2301 5677 sanctis
2327 5622 2465 5692 ejus.
2494 5624 2570 5675 ³⁸»
2606 5623 2751 5694 quod
2769 5624 3014 5695 designat
3040 5640 3213 5683 unus
3234 5626 3461 5698 capillus
3484 5634 3539 5681 et

1980 5715 2034 5769 in
2063 5716 2279 5770 modum
2304 5714 2466 5771 nivis.

2125 5833 2170 5863 ’³
2198 5830 2406 5886 Coloss.
2440 5848 2479 5892 ι.
2506 5832 2594 5887 ‘26.
