4282 6440
755 395 859 460 519

1582 377 1907 443 ARETII/E
1948 372 2328 438 CIESAREE
2365 365 2848 434 CAPPADOCMZ
2879 363 3214 430 EPISCOI'I

3907 357 4015 421 520

829 505 984 564 Oculi
1020 518 1138 558 vero
1165 496 1328 571 ipsius
1358 508 1606 567 tanquam
1637 495 1856 563 ﬂamma
1898 492 2054 561 ignis.
2078 490 2184 544 Aut
2213 488 2349 544 lucis
2378 494 2426 553 Α
2533 484 2632 550 Ὠς
2676 480 2835 551 φλὸξ
2868 479 2937 533 δὲ
2975 476 3166 545 πυρὸς
3191 491 3214 528 c

2533 484 2632 550 Ὠς
2676 480 2835 551 φλὸξ
2868 479 2937 533 δὲ
2975 476 3166 545 πυρὸς
3191 476 3245 528 οἰ
3292 470 3587 542 ὀφθαλμοί
3619 467 3827 524 αὑτοῦ.
3858 469 3928 520 Ἣ
3961 468 4024 519 τδ

764 599 1004 670 speciem
1039 610 1149 666 prae
1175 609 1233 648 se
1273 592 1507 647 ferentes
1541 588 1594 642 in
1636 585 1860 641 modum
1903 584 2137 639 ilamntae
2167 600 2180 637 :
2215 581 2340 636 Ideo

756 692 920 747 etiam
946 685 1347 744 dieitCht-istus
1383 700 1396 736 :
1430 701 1449 733 ‹
1482 682 1592 752 Ego
1610 694 1732 735 sum
1756 678 1849 734 lux
1880 676 2161 738 mutuli”;
2196 693 2214 726 ι
2246 682 2343 728 aut

775 784 1026 838 ardorem
1056 788 1116 833 et
1145 776 1407 830 ultionem
1437 773 1837 829 comminantes
1870 771 2131 825 adversus
2156 766 2343 822 Eccle-

760 874 871 929 sias
900 870 965 924 ad
987 884 1122 937 quas
1156 868 1315 920 verba
1343 864 1691 920 revelatiouis
1719 862 2188 923 transmittuntur,
2214 868 2335 913 tan-

761 977 926 1034 quam
962 975 1071 1015 non
1105 962 1313 1028 integre
1348 958 1463 1013 suis
1495 956 1705 1027 legibus
1730 957 2136 1024 respondentes.

836 1142 903 1197 Et
946 1144 1101 1212 pedes
1131 1143 1246 1213 eius
1297 1139 1495 1194 similes
1541 1136 1927 1191 rlmlrolibano.
1983 1129 2346 1187 Animadver-

764 1235 985 1291 tendum
1017 1246 1100 1291 est
1131 1236 1313 1289 Jesum
1350 1233 1518 1286 Deum
1551 1240 1603 1283 et
1634 1230 1904 1284 hominem
1934 1226 2095 1297 pedes
2128 1224 2347 1288 habere,

761 1328 920 1396 juxta
976 1328 1218 1380 divinum
1272 1326 1451 1377 virum
1486 1320 1809 1390 Gregorium
1863 1317 1916 1370 in
1972 1312 2342 1373 sermonibus.

768 1421 893 1490 quia
922 1434 1094 1487 neque
1127 1417 1269 1471 unda
1300 1416 1580 1469 divinitate
1611 1417 1675 1465 ait
1711 1425 1810 1465 nos
1835 1409 2097 1463 accedere
2150 1404 2350 1474 potuit,

771 1512 866 1566 sed
904 1526 996 1579 per
1024 1524 1267 1565 carnem.
1297 1506 1466 1579 658
1494 1504 1666 1558 Porro
1699 1502 1882 1556 divina
1929 1511 2119 1555 natura
2154 1496 2353 1565 signil‘to

769 1612 925 1656 catur
987 1615 1081 1671 per
1110 1599 1569 1659 chalcolibauum,
1603 1592 1747 1662 quod
1807 1606 1931 1645 vere
1963 1588 2079 1643 auri
2107 1586 2343 1657 speciem

775 1694 960 1755 habet,
1024 1701 1079 1747 ct
1132 1697 1349 1758 pmpter
1379 1686 1735 1741 seueritatem
1793 1678 2193 1751 prmdieatiouis
2234 1689 2356 1745 qua:

773 1781 1093 1852 suscipitur.
1130 1778 1234 1833 Per
1256 1776 1420 1847 pedes
1442 1784 1627 1830 autem
1658 1772 1884 1833 Christi,
1913 1778 1967 1822 et
1997 1767 2355 1822 fundamenta

2448 575 2737 647 φωτοειδὲς
2791 568 3232 641 παραδηλοῦντες
3276 564 3466 634 ὥσπερ
3493 565 3529 632 ἡ
3578 560 3709 631 φλὸξ
3742 559 3844 628 (διὸ
3875 560 3969 612 καὶ
3996 560 4025 611 6

2449 667 2682 740 Χριστός
2712 682 2878 736 φησιν
2899 681 2912 693 ·
2953 679 2972 713 ι
3031 659 3174 729 Ἐγώ
3206 661 3322 728 εἰμι
3349 656 3412 709 τὸ
3441 654 3557 723 φῶς
3594 651 3689 707 τοῦ
3725 648 4017 721 “apaula

2450 761 2484 832 ἢ
2528 760 2591 814 τὸ
2649 755 2943 811 καυστικόν
2985 771 3044 807 τε
3112 752 3206 805 καὶ
3255 746 3624 820 τιμωρητικὸν
3678 743 4030 804 ἀπειλοῦντες

2452 849 2594 905 κατὰ
2635 846 2747 899 τῶν
2804 842 3165 913 Ἐκκλησιῶν,
3220 836 3307 902 αἷς
3357 840 3425 891 τὰ
3458 836 3554 906 τῆς
3607 833 4031 902 ’Δποκαλύψεως

2451 941 2842 1011 διαπέμπεται,
2897 938 2973 1001 ὼς
3013 937 3075 988 οὐ
3106 935 3287 989 τέλεον
3324 934 3439 994 τοῖς
3476 927 3643 983 αὐτοῦ
3672 928 3858 998 νόμοις
3904 926 4033 978 ἀκο-

2454 1034 2794 1096 λουθούσαις.

2525 1126 2633 1183 Καὶ
2660 1128 2714 1180 οἱ
2745 1123 2929 1189 πόδες
2954 1119 3163 1183 αὐτοῦ,
3190 1118 3378 1187 ὅμοιοι
3399 1112 3833 1186 χαλκολιϐάνῳ.
3861 1109 4036 1173 Πόδας

2458 1221 2650 1292 ἔχοντα
2693 1218 2786 1272 τον
2836 1216 3187 1286 θεάνορωπον
3234 1209 3444 1277 Ἰησοῦν
3468 1207 3766 1263 ἀκουστέον
3806 1202 4037 1258 ἀκολού-

2458 1315 2566 1376 Θως
2602 1312 2681 1381 τῷ
2730 1310 2861 1379 θείῳ
2895 1308 3006 1361 τῶν
3039 1306 3212 1373 λόγων
3252 1302 3405 1371 ἀνδρὶ
3440 1298 3743 1370 Γρηγορίῳ,
3777 1298 3858 1348 ὅτι
3902 1294 4038 1365 μηδὲ

2460 1408 2643 1476 γυμνῇ
2672 1406 2738 1475 τῇ
2775 1401 2990 1469 θεότητι
3038 1400 3170 1469 ἡμῖν
3211 1394 3583 1463 ἐπεδήμησεν,
3628 1389 3764 1443 ἀλλά
3788 1387 3875 1439 διὰ
3904 1403 4042 1456 σαρο

2460 1499 2576 1560 κός.
2606 1496 2706 1550 Διά
2731 1496 2829 1565 μὲν
2854 1494 2948 1547 τοῦ
2968 1490 3169 1561 χαλκοῦ
3189 1486 3535 1561 χρυσοειδοῦς
3568 1486 3737 1547 ὅντως
3766 1482 3863 1551 τῆς
3886 1479 4041 1541 θείας

2463 1589 2679 1659 φύσεως
2730 1585 3088 1658 δηλουμένης,
3144 1586 3240 1635 καὶ
3269 1581 3355 1634 διὰ
3401 1579 3464 1632 τὸ
3492 1578 3773 1649 ὴχητικὸν,
3801 1572 3899 1627 τοῦ
3939 1587 4044 1641 κη-

2466 1680 2749 1754 ρύγματος
2794 1674 3296 1747 έκλαμόανομένου.
3352 1673 3524 1734 Πόδας
3566 1670 3622 1722 δὲ
3672 1666 3768 1721 τοῦ
3804 1662 4044 1737 Χριστοῦ

2466 1776 2562 1831 καὶ
2590 1771 2871 1844 θεμελίους
2900 1771 3000 1840 τῆς
3045 1766 3394 1836 Ἑκκλησίας,
3427 1766 3522 1819 καὶ
3552 1761 3677 1824 τοὺς
3707 1759 3882 1821 θείους
3911 1759 4048 1810 ἁπο-

774 1849 1029 1928 Ecclc‘site
1057 1882 1110 1927 et
1139 1872 1304 1926 divini
1351 1867 1584 1940 apostoli
1619 1863 1921 1934 accipiendi
1968 1870 2114 1926 sunt,
2169 1858 2266 1929 qui
2303 1868 2356 1914 et
2385 1872 2433 1931 Β
2464 1867 2689 1930 στόλως
2744 1862 3063 1933 ὲκληπτέον,
3116 1860 3214 1915 καί]

2431 1867 2689 1930 ,στόλους
2744 1862 3063 1933 ὲκληπτέον,
3116 1859 3390 1929 καθαροὺς
3447 1856 3546 1927 μὲν
3587 1856 3679 1909 καὶ
3728 1852 3925 1911 αὐτοὺς
3968 1849 4048 1919 τῷ

776 1968 877 2035 ipsi
906 1966 1026 2036 puri
1053 1963 1262 2018 osteusi
1292 1971 1419 2017 sunt
1447 1962 1567 2031 igne
1593 1957 2024 2017 tribulationum,
2048 1965 2359 2022 quanquam

777 2074 886 2111 nou
907 2064 1097 2110 exacte
1123 2056 1167 2109 si
1190 2054 1257 2109 ad
1282 2054 1426 2107 hunc
1438 2050 1790 2105 conferantur
1815 2066 1827 2101 :
1859 2047 1953 2100 sed
1973 2054 2155 2099 tanten
2180 2056 2363 2110 quem-

779 2146 1070 2201 admodum
1131 2143 1390 2214 magister
1458 2154 1649 2195 eorum
1721 2137 1974 2192 Christus
2053 2134 2365 2189 Iudaeorum

778 2236 1144 2301 contumacia,
1188 2234 1261 2288 ita
1290 2241 1345 2287 et
1380 2232 1432 2285 hi
1468 2230 1712 2303 gentium
1749 2228 2030 2283 ferocitate
2058 2222 2355 2291 suiesplo-

783 2330 1052 2387 rationem
1083 2338 1342 2397 tauquam
1376 2340 1471 2396 per
1501 2324 1679 2394 ignem
1708 2321 2176 2375 demonstrarunt.
2204 2314 2364 2382 Quod

785 2434 965 2477 autem
994 2430 1047 2475 et
1073 2420 1322 2475 Christus
1353 2420 1423 2473 sit
1458 2416 1869 2470 fundamentum
1894 2414 2051 2467 divus
2078 2408 2370 2481 Apostolus

786 2514 983 2572 asserit
1010 2513 1255 2569 scribens
1285 2509 1352 2565 ad
1390 2508 1727 2569 Corinthios,
1770 2505 1876 2561 title
1897 2505 2096 2574 dignus
2126 2504 2221 2575 qui
2269 2515 2371 2556 suo

789 2623 1042 2665 sermone
1076 2604 1236 2659 fidem
1277 2603 1354 2657 rei
1387 2600 1550 2655 faciat
1581 2618 1624 2654 :t
1671 2597 2131 2660 Fundamentum,
2176 2594 2370 2663 inquit,

790 2698 938 2754 aliud
979 2712 1138 2751 nemo
1176 2702 1348 2765 potest
1371 2706 1569 2761 ponere
1618 2698 1815 2761 praeter
1838 2690 1890 2744 id
1946 2689 2090 2759 quod
2134 2688 2373 2758 positum

790 2800 893 2855 est,
923 2788 1067 2859 quod
1102 2796 1185 2841 est
1215 2783 1567 2840 Christus)“:
1596 2781 2045 2838 Chalcolibanum
2071 2794 2199 2834 vero
2218 2778 2373 2843 dicit,

792 2884 907 2938 sive
938 2882 992 2935 in
1020 2888 1203 2934 monte
1238 2878 1444 2933 Libano
1477 2875 1837 2931 fabrefactum
1876 2891 1889 2927 :
1922 2872 2365 2944 quandoquidem

796 2974 925 3027 huic
954 2971 1293 3025 assimilatur
1335 2970 1384 3026 is
1416 2969 1509 3039 qui
1543 2970 1857 3022 incarnatus
1887 2976 1971 3019 est
1998 2984 2009 3019 :
2063 2964 2178 3019 sive
2209 2962 2374 3018 etiam

795 3064 1175 3136 intelligendus
1191 3072 1276 3117 est
1293 3063 1509 3117 lihanus
1530 3064 1657 3117 atris
1674 3061 1912 3133 speciem
1938 3059 2165 3121 habens,
2205 3070 2374 3126 quem

796 3157 995 3213 medici
1014 3155 1320 3210 masculum
1362 3154 1657 3223 appellant,
1682 3152 1847 3221 quiet
1869 3151 1983 3219 ipse
2011 3150 2119 3221 igni
2147 3147 2376 3202 adsimi-

2466 1958 2603 2028 πυρὶ
2636 1956 2745 2010 τῶν
2782 1953 3110 2025 πειρασμῶν
3140 1949 3535 2020 ἀναφανέντας,
3576 1948 3624 1998 εἰ
3658 1946 3751 1997 καὶ
3784 1943 3888 2013 πρὸ
3918 1940 4047 1994 τοῦ·

2466 2067 2563 2103 του
2592 2048 2849 2118 μετρίως.
2908 2044 3045 2099 Ἀλλ’
3086 2042 3276 2111 ὥσπερ
3308 2043 3336 2093 6
3365 2037 3682 2099 διδασκαλος
3714 2033 3950 2106 Χριστὸς
3979 2034 4048 2103 τῇ

2466 2142 2574 2196 τῶν
2641 2140 2911 2195 Ἰουδαίων
2954 2136 3229 2206 ἀπειθείᾳ,
3272 2134 3415 2186 οὕτω
3467 2133 3560 2186 ml
3611 2130 3763 2185 αὐτοὶ
3818 2129 3889 2197 τῇ
3940 2125 4049 2178 τῶν

2467 2235 2637 2290 ἐθνῶν
2673 2234 2958 2304 ἀγριότητι
3013 2230 3074 2283 τὸ
3116 2229 3359 2298 δοκίμιον
3412 2225 3621 2278 tuus-TN
3647 2223 3723 2286 ὡς
3754 2221 3841 2275 διὰ
3880 2218 4053 2289 πυρὸς

2470 2326 2897 2397 ὲπιδεδειγμένοι
2941 2323 3101 2377 εἰσίν.
3131 2322 3253 2375 ’Ότι
3299 2319 3355 2373 δὲ
3408 2317 3502 2370 καὶ
3540 2319 3568 2368 6
3612 2315 3844 2387 Χριστὸς
3881 2312 4048 2380 θεμέ-

2470 2422 2612 2485 λιος,
2662 2416 2969 2489 Κορινθίοις
3013 2417 3041 2467 6
3085 2413 3228 2476 θεῖος
3269 2410 3495 2480 γράφων
3523 2406 3756 2470 Παῦλος,
3793 2404 4056 2474 ἐχέγγυος

2470 2513 2550 2583 τῷ
2582 2514 2724 2583 λόγῳ
2764 2506 3163 2569 πιστώσασθαι,
3198 2508 3232 2554 ἰ
3272 2502 3558 2571 Θεμέλιον,
3595 2498 3844 2567 φάσκων,
3900 2495 4058 2549 ἄλλον

2472 2606 2649 2667 οὐδεὶς
2697 2603 2920 2656 δύναται
2975 2601 3150 2654 θεῖναι
3198 2597 3348 2666 παρὰ
3395 2594 3487 2648 τὸν
3536 2592 3812 2662 κείμενον,
3846 2590 3905 2651 ὃς
3946 2591 4061 2641 ἐστι

2475 2696 2730 2768 Χριστός.
2793 2714 2812 2746 ι
2853 2690 3256 2747 Χαλκολίὸανον
3286 2687 3367 2752 δὲ,
3401 2688 3511 2740 εἴτε
3542 2685 3633 2738 τὸν
3660 2676 3718 2737 ὲν
3743 2681 3822 2751 τῷ
3842 2679 4063 2747 Λιϐάνῳ

2475 2793 2555 2865 τῷ
2588 2793 2703 2862 ὄρει
2753 2786 3242 2859 μεταλλευόμενον,
3276 2781 3464 2850 ἐπειδὴ
3494 2778 3669 2844 τούτῳ
3701 2772 4062 2844 ἀφωμοίωται

2476 2892 2505 2944 6
2529 2864 2984 2957 νὲνανθρωπίρας,
3039 2880 3230 2950 φησιν,
3262 2878 3371 2930 εἴτε
3412 2874 3508 2928 καὶ
3538 2873 3631 2926 τὶν
3657 2868 3945 2942 χαλκοειδῆ
3982 2864 4065 2917 λί-

2478 2979 2642 3033 ϐανον
2682 2978 2924 3047 νοητέον,
2974 2973 3033 3025 ὃν
3072 2968 3271 3041 ἰατρῶν
3311 2967 3501 3027 παῖδες
3542 2964 3745 3034 ἄρρενα
3780 2954 4063 3018 καλοῦσιν,

2479 3071 2697 3133 εὐώδεις
2738 3070 2831 3121 καὶ
2868 3067 3030 3121 αὐτὸν
3063 3064 3196 3134 πυρὶ
3242 3060 3533 3132 ὁμιλοῦντα
3566 3052 3774 3125 ἀτμοὺς
3809 3048 4067 3118 ἀποπέμο

2482 3182 2673 3219 ποντα.
2723 3162 2832 3216 Kal
2890 3160 2973 3212 ὃτι
3026 3155 3246 3217 εὐώδεις
3286 3153 3381 3206 καὶ
3432 3148 3664 3221 Χριστὸς
3694 3145 3790 3197 καὶ
3820 3145 3869 3196 οἰ
3903 3139 4068 3194 αὑτοῦ

807 3248 1391 3318 lis,suﬂ'umigatioues
1420 3245 1605 3300 suavis
1649 3243 1848 3299 emittit
1877 3242 2086 3297 odoris.
2117 3240 2184 3295 Et
2219 3239 2372 3311 quod
2404 3237 2451 3298 C
2488 3259 2623 3313 θεῖοι
2677 3255 2988 3317 ἀπόστολοι,
3038 3252 3072 3320 ἡ
3125 3250 3183 3301 ἐν

2431 3238 2623 3313 1θεῖοι
2677 3255 2988 3317 ἀπόστολοι,
3038 3252 3072 3320 ἡ
3125 3250 3183 3301 ὲν
3240 3247 3487 3317 ’ᾼσμασι
3531 3239 3739 3310 Νύμφη
3788 3234 4069 3302 ἀξιόλογοκ

797 3344 984 3398 suavis
1008 3357 1227 3411 quoque
1252 3339 1441 3395 odoris
1464 3340 1536 3393 sit
1578 3338 1834 3393 Christus
1874 3336 2154 3406 divinique
2199 3335 2373 3405 ipsius

798 3434 1064 3505 Apostoli,
1107 3446 1306 3503 sponsa
1371 3432 1425 3484 itt
1462 3430 1701 3484 Canticis
1743 3428 1905 3498 digna
1946 3435 2028 3482 est
2063 3441 2185 3497 qua:
2226 3426 2388 3480 [idem

803 3525 964 3577 laeiat
990 3541 1003 3579 :
1035 3541 1051 3572 ε
1080 3520 1250 3586 Odor,
1282 3522 1943 3589 inquit,vesttmentorum
1975 3524 2389 3586 tuorum‘super

800 3615 982 3668 omnia
1014 3626 1256 3668 aromata
1290 3613 1358 3677 ²⁶,
1398 3631 1415 3663 i
1452 3622 1508 3667 et
1558 3612 1673 3681 ipse
1721 3609 1969 3679 Sponsus
2024 3610 2275 3664 Christus
2319 3606 2387 3661 de

802 3705 983 3774 scipso
1030 3704 1270 3773 loquitur
1304 3703 1368 3754 ad
1410 3700 1681 3771 Sponsam
1716 3718 1730 3754 :
1768 3718 1786 3751 t
1829 3700 1940 3772 Ego
1970 3699 2068 3753 ilus
2101 3699 2280 3767 campi
2335 3708 2385 3752 et

803 3795 974 3847 lilium
1002 3795 1329 3847 convallium
1354 3793 1420 3849 ’⁷.
1455 3810 1473 3844 ι
1499 3792 1565 3847 Ει
1592 3792 1665 3847 ita
1686 3792 1907 3862 quidem
1926 3792 2201 3847 Christus.
2219 3792 2388 3846 l’orro

803 3884 1216 3954 suat-isquoque
1240 3881 1547 3953 fragrantia:
1578 3891 1708 3936 sunt
1742 3882 1912 3952 ipsius
1943 3883 2175 3951 apostoli
2212 3899 2226 3935 :
2262 3882 2385 3937 ideo

803 3981 970 4031 etiam
1004 3978 1078 4031 ait
1108 3976 1330 4039 Paulus,
1369 3992 1386 4027 ι
1422 3975 1627 4029 Christi
1659 3977 1797 4029 bona
1864 3973 2161 4046 fragrantia
2198 3992 2389 4031 sumus

809 4071 861 4124 iu
892 4070 978 4126 his
1008 4069 1100 4139 qui
1127 4068 1261 4124 salvi
1281 4068 1416 4123 iiuut
1438 4080 1493 4124 et
1521 4068 1575 4123 in
1593 4069 1676 4123 his
1704 4068 1795 4139 qui
1819 4067 2160 4139 pereunt“.t
2200 4068 2391 4124 Merito

806 4172 988 4218 autem
1026 4176 1214 4216 vocem
1246 4160 1367 4230 ejus
1405 4161 1458 4214 in
1501 4162 1725 4215 modum
1773 4174 2043 4231 aquarum
2090 4160 2385 4215 multarum

810 4256 944 4311 dicit
975 4269 1232 4309 resonare
1260 4271 1276 4321 ;
1309 4253 1576 4324 siquidem
1610 4254 1921 4310 communis
1950 4264 2034 4310 est
2063 4254 2238 4324 ipsius
2275 4270 2379 4308 vox

812 4356 865 4402 et
893 4350 1121 4419 spiritus
1150 4366 1163 4401 :
1200 4363 1265 4401 ex
1297 4347 1456 4415 cujus
1494 4347 1808 4415 operatione
1840 4347 2064 4401 [Iuntina
2099 4347 2168 4402 de
2200 4357 2388 4401 ventre

814 4441 935 4508 ejus
970 4438 1267 4504 fluxerunt,
1302 4437 1459 4506 juxta
1509 4439 1886 4509 propheticum
1918 4455 2251 4505 sermonem,
2290 4460 2307 4491 ι
2339 4453 2393 4495 et

818 4530 941 4586 fons
969 4530 1035 4584 de
1061 4530 1228 4585 domo
1268 4529 1485 4584 Domini
1512 4530 1843 4599 egredietur,
1875 4547 1939 4585 ac
1980 4532 2231 4602 irrigabit
2277 4542 2391 4586 tor-

816 4631 1022 4677 rentem
1052 4623 1375 4693 juneorutn.
1406 4622 1483 4672 ³⁸»
1524 4620 1660 4686 Quis
1701 4631 1883 4676 autem
1907 4624 2145 4692 ambigat
2183 4624 2249 4677 ad
2287 4624 2391 4679 hoc

816 4715 1042 4771 domum
1077 4715 1168 4770 Dei
1190 4730 1285 4771 eos
1303 4714 1611 4785 appellatos
1636 4729 1779 4780 esse,
1814 4717 1906 4785 qui
1937 4731 2057 4771 sese
2076 4718 2236 4788 digne
2256 4734 2393 4789 pra:-

820 4822 1085 4882 pararunt
1107 4810 1173 4864 ad
1201 4810 1430 4881 spiritus
1445 4810 1842 4878 operationem,
1867 4820 1919 4865 ct
1942 4810 2035 4881 qui
2053 4810 2217 4864 etiam
2242 4810 2394 4864 dixe-

820 4911 1083 4955 ruutscse
1105 4915 1225 4956 esse
1245 4901 1443 4971 templa
1464 4900 1553 4954 Dei
1584 4910 1637 4955 et
1673 4902 1914 4956 membra
1947 4902 2013 4956 de
2046 4902 2295 4956 membro
2320 4902 2401 4955 “1’

818 4994 1060 5066 profecm
1117 5008 1224 5046 non
1286 4995 1427 5048 alius
1484 5009 1647 5063 quam
1687 4996 1778 5064 qui
1819 4995 2001 5048 divina
2047 4995 2161 5049 lure
2218 5004 2273 5051 et
2324 5011 2403 5049 ra‘

820 5086 1045 5140 tionalia
1083 5086 1282 5155 templa
1322 5096 1521 5154 sponte
1556 5088 1914 5155 ignoraret-it.
1964 5087 2027 5140 Et
2076 5090 2201 5157 quis
2238 5088 2390 5142 clari-

820 5187 986 5232 tatem
1024 5179 1145 5231 soni
1187 5189 1392 5232 terram
1414 5190 1580 5232 totam
1603 5180 1948 5247 pervagantis
1992 5181 2187 5249 poterit
2211 5197 2403 5251 asper-

821 5274 959 5333 nari,
984 5274 1150 5328 nisiis
1174 5273 1405 5329 fortasse
1423 5276 1515 5344 qui
1545 5274 1599 5327 in
1625 5276 1786 5343 [porci
1836 5291 2044 5329 morem
2090 5276 2402 5345 spirituales

822 5379 886 5418 ac
928 5364 1142 5419 divinas
1168 5366 1566 5421 illustrationes
1596 5367 1927 5422 sensibiliter
1970 5369 2083 5421 fieri
2113 5369 2393 5437 postulat?

894 5453 960 5509 Et
983 5456 1202 5510 habebat
1225 5457 1277 5509 in
1298 5458 1516 5510 dextera
1539 5474 1634 5510 sua
1656 5468 1848 5528 septem
1865 5457 2186 5514 stellas.llas
2197 5469 2400 5529 septem

825 5547 1018 5603 stellas
1062 5548 1149 5603 hic
1182 5550 1296 5620 ipse
1327 5548 1381 5604 iu
1420 5564 1713 5621 progressu
1745 5560 1951 5621 septem
1987 5552 2208 5623 angelos
2236 5552 2406 5607 inter-

2491 3350 2862 3422 παραστῆσαι,
2902 3364 2919 3395 ι
2973 3341 3170 3412 Ὀσμὴ.
3204 3338 3509 3406 φάσκουσα,
3541 3332 3771 3401 ἰματίων
3799 3343 3895 3380 σου
3930 3325 4071 3394 ὑπὲρ

2491 3417 2670 3498 πάντα
2694 3417 2761 3496 τά
2792 3438 3079 3510 ἀρώματα.
3118 3453 3136 3486 ι
3179 3430 3288 3484 Καὶ
3316 3429 3481 3490 αὐτὸς
3511 3428 3540 3479 6
3568 3417 4072 3493 ΝυμφίοςΧριστδς

2493 3536 2627 3608 πρὸς
2653 3532 2753 3605 τὴν
2782 3532 3021 3601 Νύμφην
3047 3526 3173 3595 περὶ
3212 3520 3406 3578 ἑαυτοῦ
3432 3521 3605 3587 λέγων
3623 3533 3637 3547 ο
3680 3536 3699 3567 ι
3746 3512 3891 3580 Ἐγὼ
3914 3510 4073 3572 άνθος

2489 3627 2583 3682 τοῦ
2621 3626 2805 3680 πεδίου
2852 3624 2947 3676 καὶ
2997 3619 3183 3691 κρίνον
3214 3616 3323 3670 τῶν
3378 3612 3665 3667 κοιλάδων.
3710 3628 3728 3660 ι
3774 3609 3886 3662 Καὶ
3932 3603 4076 3657 οῦτω

2494 3721 2592 3791 μὲν
2624 3721 2653 3772 6
2682 3716 2937 3788 Χριστός.
2974 3711 3211 3773 Εὒώδεις
3238 3709 3295 3762 δὲ
3330 3707 3426 3761 καὶ
3464 3705 3514 3759 οἰ
3544 3703 3735 3756 τούτου
3761 3697 4075 3753 ἀπόστολοι.

2491 3789 2584 3866 Διὸ
2627 3811 2720 3863 καὶ
2752 3810 2951 3876 φάσκει
2985 3803 3225 3866 Παῦλος
3261 3820 3279 3853 t
3318 3795 3557 3868 Χριστοῦ
3586 3793 3786 3849 εὐωδία
3816 3789 3986 3861 ἐσμὲν
4020 3790 4078 3841 ἐν

2488 3906 2603 3966 τοῖς
2650 3898 2975 3969 σωζομένοις
3022 3896 3116 3949 καὶ
3173 3889 3590 3960 ἀπολλυμένοις.
3628 3904 3647 3937 ι
3720 3884 3810 3946 Ὦς
3867 3882 4071 3937 ὑδάτωι

2490 3998 2549 4051 δὲ
2605 3994 2816 4048 πολλῶν
2850 3986 3187 4060 ἀπηχεῖσθαι
3238 3985 3339 4057 τὴν
3401 3982 3586 4054 φωνὴν
3634 3979 3862 4040 εἰκότως
3896 3975 4075 4044 φησι.

2492 4088 2662 4158 Κοινὴ
2695 4087 2804 4155 γὰρ
2835 4086 2868 4156 ἡ
2902 4059 3055 4154 φωνὴ
3078 4079 3244 4134 αὐτοῦ
3278 4078 3375 4131 καί
3397 4074 3493 4129 τοῦ
3525 4071 3868 4137 Πνεῦματος,
3900 4068 3993 4135 ἀφ’
4016 4059 4079 4120 οὗ

2493 4183 2591 4248 τῆς
2640 4179 2921 4248 ἐνεργείας
2960 4194 2977 4226 ι
3012 4176 3107 4228 καὶ
3160 4170 3394 4240 ποταμοί
3426 4169 3491 4220 ἐκ
3522 4164 3624 4233 τῆς
3668 4162 3878 4224 κοιλίας
3911 4158 4079 4213 αὐτοῦ

2494 4274 2782 4346 ἔρρευσαν,
2844 4289 2862 4323 ι
2916 4267 3059 4323 κατὰ
3109 4265 3200 4318 τὸν
3249 4258 3587 4333 προφητικὸν
3630 4255 3807 4323 λόγον.
3877 4272 3895 4303 ι
3968 4250 4081 4304 Kal

2494 4366 2645 4437 πηγὴ
2691 4363 2752 4429 ἐξ
2788 4364 2940 4418 οἴκου
2991 4360 3200 4432 Κυρίου
3245 4355 3583 4423 ἐξελεύσεται
3636 4350 3730 4404 καὶ
3766 4348 3945 4403 ποτιεῖ
3990 4351 4085 4398 τόν

2495 4461 2831 4532 χειμάρρουν
2867 4456 2975 4510 τῶν
3025 4453 3274 4525 σχοίνων.
3314 4470 3333 4502 ι
3370 4444 3532 4502 Οἷκον
3577 4445 3635 4498 δὲ
3671 4442 3829 4505 Θεοῦ,
3861 4440 3943 4503 τίς
3977 4440 4085 4509 ἀμ.

2431 4592 2474 4647 D
2505 4552 2721 4622 φιϐάλοι
2772 4548 2846 4620 μὴ
2895 4550 3022 4610 τοὺς
3073 4544 3240 4609 ἀξίως
3284 4542 3385 4611 τῆς
3435 4537 3531 4592 τοῦ
3582 4536 3729 4590 θείου
3764 4534 4087 4602 Πνεῦματος

2503 4644 2784 4716 ἐνεργείας
2843 4642 3070 4701 ἑαυτοὺς
3126 4634 3645 4707 παρεσκευακότας,
3724 4629 3832 4681 ὑπὸ
3886 4627 4085 4679 τούτου

2506 4735 2778 4808 εἰρῆσθαι,
2810 4733 2859 4785 οἳ
2894 4734 2987 4784 καὶ
3018 4730 3303 4799 εἰρήκασιν
3327 4725 3552 4784 ἑαυτοὺς
3592 4717 3731 4775 εἷναι
3756 4722 3917 4781 ναοὺς
3950 4716 4089 4769 Θεοῦ

2507 4830 2603 4884 καὶ
2636 4827 2769 4899 μέλη
2819 4829 2880 4879 ἐκ
2912 4824 3146 4894 μέρουςς
3192 4821 3308 4873 Οὐκ
3337 4818 3495 4880 ἄλλος
3527 4817 3625 4886 μὲν
3650 4813 3764 4876 οῦν,
3794 4814 3825 4882 ἢ
3855 4814 3883 4864 6
3915 4810 4091 4866 ταῦτα

2506 4919 2576 4971 τά
2601 4919 2719 4970 θεῖα
2750 4915 2844 4969 καὶ
2877 4914 2999 4985 ἱερὰ
3024 4913 3193 4981 Λόγια
3226 4909 3498 4980 ἀγνοήσας
3544 4905 3705 4959 ἑκών.
3736 4903 3846 4959 Kal
3878 4904 3940 4955 τὸ
3970 4903 4089 4956 6t:-

2511 5007 2742 5078 πρύσιον
2788 5006 2843 5059 δὲ
2876 5005 2973 5075 τῆς
3022 5004 3101 5066 εἰς
3141 5001 3320 5054 πᾶσαν
3366 4999 3465 5068 τὴν
3501 4996 3605 5067 γῆν
3643 4996 3976 5065 ἀπηχήσεως
4008 4995 4095 5057 τίς

2510 5099 2783 5167 ἁθετήσει,
2812 5098 2859 5148 εί
2895 5094 2969 5164 μή
2998 5109 3100 5145 που
3128 5092 3157 5143 6
3187 5087 3450 5160 χοιρώδης
3481 5089 3579 5141 καὶ
3615 5086 3644 5138 6
3668 5087 3765 5148 τὰς
3792 5102 4087 5153 πνευματι-

2511 5191 2612 5254 κὰς
2653 5189 2749 5242 καὶ
2802 5188 2954 5249 θείας
2998 5182 3296 5254 ἐλλάμψεις
3354 5179 3628 5250 αἰσθητῶς
3654 5178 3904 5232 ἀπαιτῶν
3939 5178 4094 5248 ἐνερ⁴

2510 5283 2723 5351 γείσθαι
2742 5299 2755 5346 ;

2586 5460 2693 5516 Kal
2743 5459 2902 5528 ἔχων
2948 5458 3018 5511 ἐν
3066 5455 3142 5525 τῇ
3187 5450 3356 5524 δεξιᾷ
3407 5450 3557 5521 χειρὶ
3606 5448 3792 5504 αὐτοῦ
3834 5445 4099 5513 ἀστέρας

2512 5553 2685 5610 ἑπτά.
2738 5554 2876 5616 Τοὺς
2920 5551 3060 5605 ἑπτὰ
3106 5549 3326 5613 τούτους
3369 5547 3606 5617 ἀστέρας
3637 5542 3905 5612 ἀγγέλους
3936 5539 4098 5601 αὐτὸς

898 5751 944 5825 ἷ³
970 5747 1131 5825 ξῐυωιο
1199 5763 1322 5825 νιλιχ.
1352 5753 1435 5808 l2.
1516 5755 1559 5785 ’³
1598 5752 1639 5809 ll
1672 5754 1798 5811 Cor.
1836 5772 1914 5823 tu,
1958 5755 2047 5813 il.
2089 5756 2135 5787 "
2174 5755 2334 5813 Cant.
2374 5770 2445 5825 tv,
2479 5756 2533 5812 2.
2566 5758 2607 5790 ³⁷
2636 5755 2795 5814 Cant.
2830 5773 2891 5823 tt,
2932 5754 3019 5811 15.
3098 5758 3143 5790 ¹⁸
3177 5755 3214 5809 ll

2431 5799 2445 5825 ,
2479 5756 2533 5812 2.
2566 5758 2607 5790 ³⁷
2636 5755 2795 5814 Cant.
2830 5773 2891 5823 tt,
2932 5754 3019 5811 15.
3098 5758 3143 5790 ³⁸
3177 5755 3217 5809 ll
3261 5754 3389 5809 Cor.
3424 5768 3485 5820 ιν,
3527 5729 3609 5805 l5:
3683 5741 3979 5819 ῗθιίυιῖισιιι,
4005 5742 4088 5792 '3-

827 5821 873 5853 “
899 5820 916 5875 Ι
946 5822 1071 5875 Cur.
1100 5836 1199 5884 ιιι,
1231 5821 1322 5875 ‘27.
