4282 6440
271 410 378 474 5:29

1333 413 1718 476 COMMENT.
1767 415 1841 473 IN
1886 415 2407 480 APOCALYPSIN.

3419 411 3523 474 530

268 529 367 580 τοῦ
395 526 653 596 πειράσαι
685 524 775 577 καὶ
808 525 934 588 τοῦς
961 524 1429 594 ψευδαποστὸλους
1473 529 1568 580 καὶ
1604 528 1701 596 τὴν
1740 528 1850 582 τῶν
1880 535 1924 589 Α
1956 547 1959 577 ι

1829 549 1850 582 ν
1880 535 1924 589 Α
1956 546 2061 583 una
2104 547 2224 584 cum
2261 547 2326 585 eo
2376 533 2521 602 quod
2556 539 2610 586 ‹·-ι
2671 529 3124 600 pseudnpostolos
3157 528 3442 579 tentavcrit
3472 536 3520 578 ιι

269 619 612 674 Νικολαϊτῶν
655 619 1064 687 αίσχρουργίαν.
1128 618 1441 689 Ἐμέμψατο
1488 619 1543 672 δὲ
1603 621 1696 673 καὶ
1746 621 1848 690 τῆς

270 713 410 782 πρὸς
431 714 557 776 τοὺς
584 712 810 782 πλησίον
838 712 1104 781 χορηγίας
1130 711 1228 779 τὴν
1256 712 1570 781 ὀλιγωρίαν,
1604 714 1670 784 ἢν
1694 713 1847 776 αὖθις

268 805 710 859 ἀνακαλέσασθαι
764 805 1116 873 ἐπισκήπτει,
1174 803 1255 856 Τὰ
1312 803 1540 874 πρῶτα,
1597 806 1846 873 φάσκων,

270 899 410 966 ἔργα
441 897 664 967 ποίησον
695 898 753 948 ἐν
802 894 1141 967 δικαιοσύνῃ.
1174 895 1248 948 Ob
1296 896 1405 968 γάρ
1453 914 1518 966 με
1563 896 1845 962 λανθάνει,

271 992 458 1060 φησὶν,
489 989 612 1044 οῦτε
640 991 708 1043 τὰ
738 988 934 1059 πρῶτά
964 1004 1058 1040 σου
1087 988 1196 1041 τῶν
1223 988 1477 1060 πράξεων
1499 991 1697 1058 ἀγαθὰ,
1721 991 1845 1046 οῦτε

268 1083 354 1135 ὅτι
381 1083 482 1152 τὴν
508 1083 588 1144 εἰς
627 1081 754 1143 τοὺς
789 1079 1079 1149 δεομένους
1130 1080 1351 1150 ἀγάπην
1393 1082 1680 1151 ὲνέκοψας,
1722 1085 1846 1138 Ἐπ.

274 1173 470 1226 ἀνελθε
502 1166 596 1226 οῦν
629 1170 943 1242 διδαχθεῖσα
974 1171 1128 1238 παρὰ
1161 1170 1296 1242 ἐμοῦ
1317 1171 1402 1225 ὅτι
1432 1172 1736 1242 ἐνέλειψας.

347 1265 627 1335 Ἔρχομαί
669 1279 770 1319 σοι
801 1268 974 1333 ταχύ.
1021 1265 1115 1328 Τὸ,
1157 1265 1473 1331 Ἔρχομαι,
1515 1265 1577 1317 οὐ
1610 1265 1847 1333 μεταϐα-

265 1358 432 1428 τικὴν
478 1358 630 1430 δηλοῖ
676 1358 890 1429 κίνησιν
935 1360 1031 1415 τοῦ
1073 1361 1252 1414 πάντα
1301 1359 1638 1430 πληροῦντος
1686 1359 1845 1422 Θεοῦ,

265 1449 409 1503 ἀλλὰ
452 1450 553 1520 τὴν
607 1451 671 1503 ἐκ
720 1450 994 1520 ῥᾳθυμίας
1031 1450 1166 1520 πρὸς
1217 1447 1437 1501 κόλασιν
1484 1449 1845 1516 ἐπιστροφήν.

268 1544 504 1612 Κίνησις
559 1542 615 1597 δὲ
672 1541 1002 1612 Ἐκκλησίας
1049 1543 1084 1611 ἠ
1137 1541 1236 1611 τῆς
1277 1539 1428 1602 θείας
1479 1537 1701 1611 χάριτός
1733 1540 1846 1593 ἐστι

265 1634 572 1705 γύμνωσις,
634 1633 702 1688 δι’
753 1635 820 1704 ἢν
876 1636 933 1688 ὲν
975 1633 1121 1703 σάλῳ
1160 1634 1254 1686 καὶ
1296 1631 1527 1686 κλύδωνι
1582 1632 1688 1685 ὑπὸ
1739 1633 1848 1686 τῶν

268 1725 527 1797 πονηρῶν
566 1726 897 1796 πνευμάτων
930 1725 1025 1779 καὶ
1052 1724 1161 1778 τῶν
1210 1723 1631 1791 ὑπουργούντων
1663 1723 1847 1787 αὐτοῖς

268 1819 484 1889 μιαρῶν
521 1818 824 1888 ἀνθρώπων
866 1818 945 1888 (7)
1003 1817 1213 1886 γίνεται
1240 1829 1256 1846 ’
1290 1815 1431 1870 ὥστε
1478 1819 1605 1880 τοὺς
1641 1815 1846 1885 ταύτην

267 1909 710 1981 συγκροτοῦντας
765 1907 1086 1980 ἀνθρώπους
1129 1909 1309 1976 λέγειν
1337 1909 1420 1970 τὸ,
1468 1926 1487 1959 ι
1538 1909 1846 1980 Ἐταρὰχθη

263 2005 329 2056 ὲν
354 2005 510 2075 θυμῷ
550 2006 579 2058 b
611 2005 886 2076 ὀφθαλμός
935 2019 1073 2074 μου·
1119 2023 1136 2054 ι
1171 2002 1287 2066 καὶ,
1327 2021 1345 2054 ι
1400 2003 1463 2056 Ἡ
1497 2001 1693 2071 καρδία
1744 2017 1847 2070 μου

265 2097 547 2168 ἐταράχθη
577 2100 636 2150 ὲν
665 2098 810 2166 ἐμοί.
847 2116 866 2149 ι

355 2190 537 2243 Ἀλλὰ
570 2189 768 2253 τοῦτο,
820 2190 1007 2260 φησὶν,
1047 2189 1205 2258 ἔχεις
1237 2189 1324 2243 ὅτι
1355 2187 1548 2259 μισεῖς
1593 2186 1667 2240 τὰ
1706 2190 1848 2256 ἔργα

263 2281 389 2335 τῶν
435 2281 820 2348 Νικολαϊτῶν,
875 2282 1080 2354 μεταξὺ
1109 2283 1218 2336 τῶν
1256 2280 1522 2351 λυπηρῶν
1550 2279 1716 2343 τιθεὶς
1757 2281 1848 2333 καὶ

264 2373 340 2425 τὰ
390 2373 526 2444 πρὸς
573 2374 838 2444 εὐθυμίαν
879 2376 1100 2443 ἄγοντα,
1133 2376 1221 2427 ἵνα
1257 2373 1333 2444 μὴ
1384 2377 1451 2445 τῇ
1480 2373 1847 2443 περισσοτέρᾳ

265 2466 418 2537 λύπῃ
464 2469 744 2538 καταποθῇ
789 2469 857 2522 τὰ
905 2470 1003 2539 τῆς
1042 2468 1392 2538 Ἐκκλησίας·
1424 2468 1592 2537 Φησὶν
1618 2462 1735 2531 οὖν,
1765 2468 1847 2520 δτι

268 2559 548 2630 Μετανοίᾳ
592 2576 649 2613 σε
703 2561 1118 2630 εὐεπιχείρητον
1167 2558 1591 2629 καταλαμϐάνω,
1648 2558 1742 2626 ἀφ’
1773 2550 1848 2610 ὧν

270 2651 570 2723 σύνδρομον
621 2653 728 2722 ἔχω
765 2670 823 2706 σε
859 2651 958 2704 τοῦ
1009 2652 1200 2722 μίσους
1253 2670 1355 2722 μου
1400 2651 1496 2704 τοῦ
1550 2652 1677 2721 περὶ
1725 2651 1848 2714 τοὺς

266 2742 618 2805 Νικολαττας.
674 2737 836 2796 Οῦτοι
889 2743 945 2796 δὲ
989 2745 1458 2814 παρονομὼζονται
1517 2744 1624 2797 ἀπὸ
1681 2744 1846 2797 Νικοο

267 2834 403 2888 λάου
449 2835 569 2900 ἑνὸς
625 2836 735 2888 τῶν
790 2836 928 2889 ἑπτὰ
974 2835 1256 2890 διακόνων.
1290 2837 1396 2888 Καὶ
1435 2834 1580 2898 τίνες
1609 2834 1664 2888 δὲ
1708 2829 1850 2905 ἦσαν

267 2926 372 2994 τὴν
412 2927 826 2997 αἰσχρουργίαν,
864 2926 1182 2995 Ἐπιφανίου
1211 2927 1305 2980 τοῦ
1347 2929 1412 2980 ὲκ
1438 2926 1665 2997 Κύπρου
1703 2927 1848 2980 θείου

268 3017 463 3087 ἀνδρὸς
496 3019 529 3088 ἠ
558 3018 669 3071 τῶν
702 3021 1049 3088 Παναρείων
1079 3019 1244 3074 αὑτοῦ
1281 3020 1458 3090 βίϐλος
1496 3017 1745 3085 δηλώσει.
1781 3049 1850 3059 -

272 3113 533 3176 Ἄλλως·
569 3112 798 3183 Κίνησιν
841 3113 1064 3183 λυχνίας
1096 3113 1238 3177 τινὲς
1259 3154 1273 3176 ,
1322 3114 1419 3166 καὶ
1452 3115 1541 3165 τὸν
1576 3112 1850 3183 ἱερατικὸν

1951 619 2338 676 Nicolaitarum
2382 624 2795 679 obscenitatem.
2828 622 3063 676 Accusat
3114 629 3294 672 autem
3361 617 3526 682 negli-

1950 716 2184 786 gentiam
2214 716 2267 771 in
2301 717 2621 771 insumendo
2657 725 2713 770 ut
2741 713 3000 786 proximis
3030 710 3338 766 noecssaria
3399 724 3522 776 snp-

1950 814 2280 882 peditentur,
2315 814 2457 881 quod
2490 829 2708 866 rursum
2740 812 2897 881 jubet
2925 808 3192 864 revocari.
3216 806 3414 866 Prima,
3445 805 3527 855 in-

1951 906 2089 975 quit,
2122 920 2284 974 opera
2335 904 2419 958 fac
2477 905 2528 958 in
2580 905 2813 973 iustitia.
2863 902 3048 972 Neque
3104 899 3248 953 enim
3312 913 3398 951 me
3445 897 3526 948 Ia-

1951 1005 2084 1055 tent.
2114 997 2310 1067 inquit,
2340 1009 2432 1051 aut
2463 997 2637 1066 prima
2671 1007 2885 1050 tuarum
2914 995 3197 1050 actionum
3231 991 3396 1051 bona,
3432 998 3528 1042 aut

1951 1090 2097 1160 Quod
2130 1089 2452 1144 charilatem
2480 1105 2604 1160 erga
2670 1088 2972 1158 indigentes
3017 1084 3379 1142 contraxeris.
3415 1080 3525 1134 Re-

1951 1191 2160 1236 vertere
2190 1181 2374 1250 igitur,
2409 1196 2577 1251 quum
2609 1197 2638 1234 a
2672 1195 2756 1234 mc
2785 1180 3041 1233 didiceris
3061 1189 3112 1233 te
3131 1177 3418 1232 defecisse.

2034 1272 2245 1327 Veniam
2267 1275 2359 1326 tibi
2375 1275 2498 1328 cito.
2519 1273 2674 1339 Quod
2699 1273 2807 1327 ait:
2838 1271 3080 1332 Veniant.
3104 1286 3211 1324 non
3234 1267 3527 1337 progressi-

1948 1381 2077 1418 vum
2110 1366 2378 1433 significat
2405 1378 2610 1419 motum
2652 1363 2747 1417 Dei
2803 1364 2891 1432 qui
2956 1364 3135 1415 omnia
3184 1361 3373 1427 replet,
3431 1358 3525 1411 sed

1951 1458 2364 1511 conversionem
2391 1458 2456 1511 ad
2493 1456 2758 1511 socordize
2799 1455 3084 1508 ultionem.
3125 1452 3303 1506 Motus
3338 1460 3522 1504 autem

1951 1546 2210 1604 Ecclesia:
2253 1561 2335 1604 cst
2385 1566 2416 1605 a
2466 1552 2649 1605 divina
2701 1551 2873 1621 gratia
2933 1548 3247 1607 denudatio,
3306 1555 3527 1614 propter

1950 1657 2114 1712 quam
2139 1643 2190 1696 in
2220 1644 2334 1697 salo
2360 1659 2424 1699 ac
2454 1643 3033 1712 undarumjactatione
3054 1655 3083 1694 a
3107 1637 3391 1709 spiritibus
3411 1652 3525 1689 ma-

1952 1735 2018 1789 lis
2046 1744 2098 1789 et
2135 1735 2416 1789 hominum
2449 1736 2517 1788 iis
2564 1734 2979 1804 obsequentium
3017 1732 3282 1802 pravitate
3321 1727 3524 1782 consti-

1952 1824 2153 1878 tuitur:
2186 1825 2323 1878 adeo
2345 1835 2400 1878 ut
2429 1825 2675 1879 homines
2702 1825 2794 1894 qui
2819 1824 3064 1893 ejusdem
3099 1819 3264 1876 sortis
3279 1835 3402 1873 cum
3423 1817 3526 1871 hac

1953 1924 2074 1968 sunt
2107 1913 2371 1982 Ecclesia,
2399 1915 2583 1969 dicant
2615 1930 2630 1968 :
2659 1914 3058 1968 «Conturbatus
3090 1924 3174 1966 est
3207 1913 3259 1964 in
3295 1911 3371 1964 ira
3394 1924 3526 1962 ocu-

1951 2008 2035 2062 lus
2063 2022 2212 2061 meus
2237 2008 2316 2073 ";
2353 2025 2372 2059 ι
2427 2016 2502 2070 et,
2527 2008 2662 2062 «Cor
2693 2023 2870 2062 meum
2924 2004 3305 2060 conturbatum
3341 2011 3424 2055 cst
3471 1999 3523 2052 in

1856 2137 1860 2140 -
1950 2115 2035 2154 tne
2066 2102 2129 2154 ⁵⁸⁸.
2175 2117 2193 2150 ι

2022 2192 2124 2246 Sed
2153 2194 2248 2248 hoc
2277 2194 2434 2248 habes
2461 2196 2598 2265 quod
2626 2193 2786 2248 odisti
2816 2195 2960 2264 facta
2987 2192 3403 2247 Nicolnitarttm.
3435 2187 3524 2241 ln-

1952 2297 2032 2339 ter
2065 2286 2237 2341 tristia
2267 2289 2421 2358 ponit
2456 2290 2618 2341 etiam
2646 2303 2707 2342 ea
2742 2303 2863 2357 qua:
2892 2286 3322 2341 consolationem
3351 2283 3526 2338 addu-

1948 2387 2100 2439 cunt,
2129 2393 2196 2432 ne
2214 2378 2594 2433 abundantiori
2621 2379 2841 2434 tristitia
2871 2379 3234 2433 absorbeatur
3256 2375 3522 2430 Ecclesia.

1951 2472 2039 2525 Ait
2067 2488 2196 2542 ergo
2229 2491 2242 2527 :
2283 2472 2384 2528 Per
2417 2473 2802 2543 paenitentiam
2842 2488 2940 2542 ego
2972 2471 3130 2526 facile
3159 2481 3210 2526 te
3243 2467 3524 2539 recipiam,

1950 2581 2014 2620 co
2035 2567 2181 2635 quod
2213 2576 2263 2621 te
2285 2567 2412 2620 mihi
2438 2566 2771 2620 conformcm
2828 2567 3054 2620 habeam
3085 2566 3138 2617 in
3166 2564 3293 2619 odio
3323 2563 3522 2617 adver-

1950 2669 2044 2709 sus
2076 2654 2391 2711 Nicolaitas.
2425 2655 2488 2709 lli
2524 2665 2707 2709 autem
2744 2669 3046 2725 cognomen
3081 2654 3357 2725 accipiunt
3383 2671 3413 2709 a
3438 2653 3524 2709 Ni-

1949 2747 2130 2812 colao,
2160 2761 2269 2802 uno
2303 2764 2368 2803 ex
2401 2761 2606 2818 septem
2656 2747 3000 2802 diaconibus.
3059 2745 3294 2813 Quinam
3344 2755 3525 2800 autem

1953 2842 2158 2898 fuerint
2188 2852 2243 2897 et
2278 2856 2466 2897 eorum
2500 2841 2886 2896 obscmuitatcs
2921 2841 3058 2894 liber
3086 2839 3356 2894 Panarion
3405 2841 3529 2909 Epi-

1954 2935 2138 3004 phanii
2173 2935 2342 2990 divini
2379 2949 2441 2987 ea
2473 2934 2652 3004 Cypro
2675 2934 2776 2987 viri
2806 2931 3522 2987 manifestat.—Aliomodo.

1952 3028 2153 3083 Motum
2178 3026 2488 3082 candelabri
2548 3025 2888 3094 interpretati
2942 3039 3162 3094 quoque
3213 3033 3343 3078 sunt
3386 3039 3525 3078 non-

1954 3119 2087 3174 nulli
2116 3119 2505 3174 sacerdotalem
2533 3117 2816 3187 Ephesina:
2849 3115 3104 3170 Ecclesia:
3141 3116 3348 3181 sedem,
3383 3117 3528 3188 quod

265 3201 370 3270 τῆς
417 3203 643 3271 Ἐφέσου
692 3204 882 3276 θρόνον
930 3205 1225 3272 ὑπέλαϐον,
1277 3204 1847 3259 Κωνσταντινουπὸλει
1877 3217 1921 3278 c

1612 3204 1847 3258 ιουπόλει
1877 3217 1921 3278 c
1956 3211 2128 3282 ipsius
2156 3210 2474 3282 dignitatem
2507 3209 2790 3266 traJiderit
2811 3206 3303 3278 Constantinopoli.

269 3294 339 3346 τὰ
376 3293 642 3363 πρεσϐεῖα
672 3294 876 3364 ἑαυτῆς
906 3295 1185 3351 ἐπιδοῦσα.

359 3387 417 3438 Ὀ
449 3386 608 3456 ἔχων
641 3383 750 3453 οὖς
775 3387 1115 3442 ἀκουσάτω.
1167 3389 1438 3458 Σιρκικὸν
1481 3390 1576 3454 οῦς
1611 3392 1716 3454 πᾶς
1760 3391 1854 3446 ἄν·

271 3480 492 3550 θρωπος
551 3479 698 3549 ῑχει,
762 3481 1134 3550 πνευματικὸν
1190 3479 1244 3532 δὲ
1301 3483 1330 3534 b
1397 3481 1850 3552 θεοφορούμενος,

268 3575 409 3643 ὅπερ
451 3571 528 3641 τῷ
585 3572 783 3643 Ἠσαίᾳ.
849 3573 1231 3642 προστέθειται
1281 3571 1376 3624 καὶ
1435 3573 1512 3641 τῷ
1562 3573 1852 3642 θεοπάτορι

273 3663 439 3717 Δαυῒδ
477 3664 706 3734 εὐήκοον
759 3663 1047 3732 γενέσθαι.
1105 3663 1198 3732 ἀφ’
1254 3656 1316 3717 οῦ
1367 3665 1463 3717 καὶ
1516 3664 1853 3735 εὐχαρίστως

271 3757 649 3827 διατιθέμενος
712 3757 957 3825 μελῳδεῖ,
1004 3777 1021 3808 ι
1057 3757 1148 3820 Εἰς
1184 3757 1351 3827 ἀκοὴν
1383 3755 1544 3808 ὠτίου
1576 3757 1852 3827 ὑπήκουσέ

278 3867 405 3919 μου,
446 3867 464 3899 ι
489 3849 650 3901 οἱονεὶ
678 3842 759 3912 οἷς
797 3848 935 3917 ἀκοὴ
979 3849 1038 3900 τὸ
1087 3848 1366 3900 ἐπαινετὸν
1413 3847 1588 3917 φέρει,
1631 3847 1854 3910 τούτους

275 3941 458 4012 κάμοῦ
494 3942 586 3994 τὸν
618 3939 778 3992 πόθον
803 3937 1222 4008 ἀφωμοιὼσατο.
1247 3937 1321 3992 Τὸ
1354 3937 1577 4006 Πνεῦμα
1597 3937 1651 3990 δὲ
1683 3939 1852 3992 ταῦτα

275 4031 460 4098 λέγειν
511 4032 704 4102 φησὶν,
746 4031 778 4100 ἦ
832 4030 912 4083 ὃτι
959 4029 1346 4099 πνευματικῶς
1391 4031 1675 4098 ἐνηργεῖτο
1713 4047 1851 4101 παρ-

278 4125 444 4177 ιστῶν
482 4124 552 4176 τὰ
601 4123 702 4190 τῆς
743 4122 1160 4191 ’Λποκαλύψεως
1185 4139 1200 4153 θ
1242 4122 1274 4192 ἧ
1311 4121 1537 4190 Πνεῦμα
1578 4123 1668 4174 τὸν
1717 4123 1852 4192 Χρι-

277 4216 404 4268 στόν
432 4233 564 4284 φησι
601 4215 736 4268 καθά
766 4217 882 4268 ἐστι
918 4216 1009 4267 καὶ
1040 4218 1243 4267 νοεῖται
1275 4215 1427 4277 Θεὸς,
1452 4214 1639 4284 ὥσπερ
1663 4214 1855 4284 ἀμέλει

276 4310 378 4362 καὶ
399 4310 524 4372 Υἱὸς
549 4309 840 4379 ἀνθρώπου
865 4310 1214 4378 χρηματίζει,
1244 4307 1378 4361 καθό
1399 4309 1548 4361 ἐστιν
1571 4307 1856 4378 ἄνθρωπος

276 4401 373 4453 καὶ
401 4403 622 4452 νοεῖται.
660 4400 770 4452 Καὶ
812 4400 893 4452 ὅτι
925 4399 1150 4467 Πνεῦμα
1183 4399 1405 4467 λέγεται
1438 4398 1468 4449 ὁ
1501 4399 1656 4464 Θεὸς,
1687 4397 1854 4452 αὑτοῦ

255 4486 373 4548 ’τοῦ
414 4493 654 4563 Χριστοῦ
701 4493 835 4561 πρὸς
865 4495 964 4563 τὴν
996 4493 1323 4562 Σαμαρεῖτιν
1353 4491 1658 4560 παριστῶσι
1683 4490 1852 4558 λόγοι,

2028 3387 2132 3454 Qui
2157 3387 2310 3442 habet
2358 3403 2542 3442 aurem
2579 3387 2789 3440 audiat.
2827 3383 3074 3455 Quisque
3130 3385 3295 3440 homo
3341 3398 3529 3439 aurem

1957 3482 2119 3536 habet
2141 3480 2788 3549 carnaleni,spiritualem
2816 3493 2942 3533 vero
2968 3479 3014 3534 is
3043 3477 3136 3548 qui
3168 3477 3354 3534 divino
3379 3477 3530 3532 aflla-

1959 3580 2049 3624 tur
2090 3569 2322 3640 Spiritu.
2356 3585 2478 3640 quae
2507 3569 2660 3624 Isaiae
2704 3568 2938 3622 "addita
2967 3577 3051 3622 est
3085 3567 3287 3637 Deique
3337 3584 3531 3638 proge-

1957 3667 2120 3721 nitori
2176 3664 2458 3731 Daviali",
2519 3676 2579 3720 ut
2630 3665 2888 3719 obediens
2939 3674 3104 3720 esset.
3165 3665 3317 3720 Unde
3367 3665 3531 3718 etiam

1955 3767 2112 3828 grato
2139 3759 2321 3813 animo
2347 3758 2597 3822 affectus,
2640 3759 2871 3812 dulciter
2896 3759 3043 3813 canit
3075 3776 3087 3811 :
3127 3777 3145 3808 ι
3175 3759 3253 3812 Ad
3284 3758 3531 3813 auditum

1958 3848 2109 3902 auris
2136 3849 2428 3902 obsecutus
2450 3857 2534 3903 est
2572 3848 2703 3902 mihi
2731 3847 2777 3880 ⁵³
2806 3865 2818 3901 :
2851 3868 2868 3898 ι
2897 3850 3000 3904 hoc
3054 3856 3138 3902 cst
3171 3849 3224 3902 in
3275 3849 3360 3901 his
3394 3847 3537 3902 unde

1957 3939 2176 3994 auditus
2196 3939 2300 3994 fert
2320 3940 2523 4011 aliquid
2547 3940 2836 4001 laudabile,
2873 3941 2939 3993 ad
2975 3955 3152 3994 meum
3183 3939 3410 3995 accessit
3444 3940 3536 3992 de-

1957 4029 2239 4086 siderium.
2265 4030 2389 4086 llazc
2424 4041 2606 4085 autem
2639 4032 2715 4085 ait
2745 4029 3004 4102 Spiritum
3045 4031 3246 4095 dicere,
3271 4039 3364 4084 aut
3390 4029 3536 4100 quod

1960 4122 2318 4192 spiritualiter
2381 4123 2729 4192 operabatur,
2783 4123 3169 4177 demonstrans
3236 4138 3357 4190 qua:
3411 4134 3541 4175 sum

1960 4213 2124 4284 hujus
2156 4213 2518 4277 rcvelationis,
2555 4213 2717 4286 665
2768 4225 2860 4267 aut
2896 4213 3158 4284 Spiritum
3203 4214 3334 4268 dicit
3375 4212 3538 4268 Chri-

1961 4315 2130 4370 stum,
2163 4315 2435 4375 quatenus
2473 4315 2554 4360 est
2587 4316 2640 4360 et
2667 4307 2986 4375 intelligitur
3053 4307 3215 4373 Deus,
3275 4307 3541 4375 quemad-

1962 4397 2184 4450 modum
2217 4413 2402 4451 revera
2436 4412 2655 4467 quoque
2713 4396 2886 4452 Filius
2910 4397 3146 4451 hominis
3209 4398 3536 4468 appellatur,

1962 4478 2237 4557 quatenus
2283 4497 2367 4542 est
2407 4497 2463 4543 et
2517 4488 2843 4560 intelligitur
2897 4490 3082 4543 homo.
3139 4487 3294 4554 Quod
3355 4499 3536 4541 autem

281 4607 301 4638 ι
340 4556 583 4656 Πνεῦμα,
623 4605 641 4637 ι
680 4556 1324 4654 ἁγνορεύοντοςλίθεὸς,
1349 4556 1448 4636 καῖ
1466 4582 1592 4645 τοὺς
1620 4556 1860 4653 προσ-κυ-
1891 4556 1934 4612 D
1967 4583 1972 4631 ε

1850 4611 1860 4622 -
1891 4556 1934 4612 θ
1967 4556 2204 4650 Spiritus
2233 4579 2446 4634 dicatur
2478 4579 2639 4645 Deus,
2673 4556 2847 4650 ipsius
2885 4579 3086 4634 Christi
3139 4581 3206 4634 ad
3239 4580 3541 4633 Samarita-

277 4677 506 4741 νοῦντας
550 4677 715 4730 αὑτὸν
759 4680 817 4728 ἐν
864 4675 1138 4745 πνεύματι
1166 4677 1258 4728 καὶ
1286 4673 1536 4745 ἀληθεία,
1579 4693 1597 4725 ι
1648 4673 1745 4728 καὶ
1785 4673 1855 4726 τὰ

278 4772 431 4842 ἑξῆς.
461 4771 571 4823 Καὶ
599 4770 650 4823 τί
683 4769 742 4823 τὸ
770 4768 994 4840 Πνεῦμα
1023 4769 1170 4839 λέγει
1194 4787 1208 4836 ;

359 4944 445 5010 Τῷ
488 4943 726 4998 νικῶντι
777 4946 949 5000 δώσω
986 4947 1195 5017 φαγεῖν
1238 4949 1306 5002 ἐκ
1351 4949 1456 5004 τοὺ
1513 4950 1702 5013 ξύλου
1756 4948 1865 5016 τῆς

279 5031 454 5102 ζωῆς.
471 5034 825 5095 -Νικῶντι,
844 5036 936 5089 τὸν
954 5035 1086 5107 πρὸς
1111 5038 1234 5098 τοῦς
1254 5037 1514 5107 δαίμονας
1537 5039 1661 5092 πόλε
1671 5057 1790 5109 μον,
1806 5041 1864 5102 ὃς

278 5125 372 5178 διὰ
391 5124 500 5177 τῶν
523 5125 820 5194 συμφύτων
839 5128 969 5196 ἡμῖν
993 5128 1179 5180 παθῶν
1209 5129 1627 5199 ἀνερεθίζεσθαι
1649 5131 1862 5186 εἴωθεν.

204 5283 208 5288 η
280 5217 452 5271 Ξύλον
483 5217 538 5271 δὲ
567 5217 712 5287 ζωῆς
732 5219 1127 5289 (8)τροπικῶς,
1147 5223 1209 5273 τὸ
1225 5224 1281 5274 ἐν
1309 5222 1459 5293 μέσῳ
1480 5223 1574 5276 τοῦ
1597 5225 1864 5293 ΙΙιρῖδείο

1967 4687 2091 4725 nam
2148 4671 2310 4724 verba
2362 4671 2762 4734 demonstrant,
2816 4671 3087 4727 dicentis:
3123 4690 3141 4723 ι
3185 4670 3419 4742 Spiritus
3456 4682 3542 4725 est

1969 4763 2131 4825 Deus,
2163 4770 2217 4816 et
2243 4777 2337 4816 eos
2373 4762 2469 4833 qui
2497 4764 2729 4817 adorant
2762 4778 2911 4827 eum,
2941 4763 2994 4816 in
3018 4763 3211 4832 spiritu
3235 4769 3289 4816 et
3313 4763 3541 4816 veritate

1966 4861 2180 4921 oportet
2207 4853 2438 4906 adorare
2462 4854 2528 4907 “.
2557 4872 2575 4904 ι
2605 4854 2667 4909 Et
2691 4854 2822 4925 quid
2836 4863 2923 4909 est
2947 4852 3088 4923 quod
3110 4853 3241 4907 dicit
3268 4851 3544 4922 Spiritus?

2053 4944 2285 4999 Vincenti
2334 4946 2472 4999 dabo
2517 4950 2666 5002 edere
2703 4947 2766 5000 de
2800 4946 2939 5016 ligno
2978 4947 3117 5000 vita.
3181 4944 3428 4999 Vincenti
3487 4943 3542 4998 in

1970 5038 2109 5092 bello
2138 5041 2280 5107 quod
2311 5040 2573 5094 adversus
2603 5039 2876 5094 dzemoncs
2907 5040 3132 5106 geritur,
3165 5037 3309 5106 quod
3339 5051 3434 5107 per
3464 5036 3547 5089 in-

1970 5129 2104 5182 sitos
2133 5127 2287 5181 nobis
2313 5124 2534 5177 allectus
2564 5124 2788 5177 excitari
2821 5123 2979 5177 solet.
3014 5121 3241 5190 Lignum
3268 5135 3394 5174 vero
3421 5122 3543 5172 vita:

1968 5222 2112 5291 quod
2141 5231 2225 5275 est
2264 5219 2317 5274 in
2350 5218 2536 5271 medio'
2567 5216 2829 5287 paradisi,
2876 5231 2939 5269 ac
2983 5213 3294 5284 paradisum
3336 5211 3544 5280 tropico

287 5325 409 5370 σου,
443 5309 537 5361 καὶ
576 5309 908 5379 Παρὰδεισον
938 5311 1036 5377 τὴν
1069 5313 1346 5384 μακαρίαν
1376 5317 1466 5367 καὶ
1503 5315 1862 5380 αἰωνίζουσαν
1969 5330 1978 5366 :

1851 5336 1862 5367 ι
1969 5312 2141 5382 accipi
2176 5318 2388 5378 oportet
2417 5309 2632 5363 beatam
2668 5321 2732 5361 ac
2762 5317 3071 5376 perpetuam
3122 5305 3308 5366 vitam,
3351 5303 3404 5355 in
3436 5318 3542 5370 qua

284 5396 589 5466 ὲκληπτὲον
616 5397 780 5468 ζωὴν,
815 5401 870 5451 ἐν
960 5401 1149 5468 σοφίας
1178 5402 1406 5469 ἄφθονος
1433 5404 1610 5473 χύσις.
1637 5407 1765 5474 περὶ
1795 5402 1862 5476 ἧς

291 5487 384 5539 καὶ
402 5486 650 5556 Σολομῶν
670 5505 802 5556 φησι
822 5505 833 5515 ⁸
874 5508 889 5538 ι
914 5489 1081 5542 Ξύλον
1107 5491 1252 5563 ζωῆς
1283 5493 1398 5544 ἐστι
1427 5497 1534 5556 τοῖς
1565 5496 1862 5566 ἀντεχομέο

359 5640 589 5768 "Orsal.
619 5662 747 5711 nx,
791 5646 872 5700 lO.
948 5647 992 5679 "
1028 5647 1171 5702 PSJI.
1211 5664 1315 5713 Liv,
1359 5649 1411 5703 3.

295 5729 371 5777 εν,
400 5729 490 5769 ⁸24.

373 5849 450 5915 (7)
492 5850 640 5922 Vulg.
678 5853 777 5907 .Lrtb
809 5854 913 5908 τῶν
945 5857 1041 5924 τῆς
1080 5857 1340 5925 πονηρῖας
1372 5855 1688 5927 ἀνθρώπων.

1521 5654 1560 5681 ⁵¹
1615 5653 1713 5706 lsa.
1767 5668 1814 5714 L,
1866 5655 2065 5722 iseqq.

1967 5414 2052 5457 est
2083 5403 2364 5456 abundans
2398 5400 2677 5470 sapientiae
2715 5397 2930 5454 diffusio
2965 5415 2977 5449 :
3008 5395 3075 5450 de
3115 5410 3222 5466 qua
3278 5393 3440 5447 etiam
3473 5392 3548 5445 ait

1970 5495 2230 5548 Solomon
2277 5513 2288 5547 :
2329 5512 2345 5543 ι
2381 5493 2613 5562 Lignum
2639 5491 2758 5546 vita:
2796 5500 2881 5544 est
2912 5489 2979 5543 iis
3005 5489 3097 5560 qui
3147 5485 3546 5554 amplectuntur

2145 5653 2187 5683 “
2235 5649 2377 5705 Psal.
2412 5666 2595 5711 xxxix,
2623 5651 2675 5702 4.
2771 5651 2816 5680 ⁵³
2848 5646 2984 5701 l‘sal.
3024 5659 3152 5709 wn,
3199 5642 3277 5698 l5.
3309 5641 3352 5674 ’δ
3382 5640 3542 5698 Joan.

2043 5853 2115 5921 (ὃ)
2148 5852 2342 5908 VOCEm
2379 5852 2517 5923 ζέυῆς
2549 5854 2746 5906 omittit
2787 5853 2932 5922 Vulg.
