  <div class='ocr_page' id='page_1' title='image "/cluster/home/n/w/nwhite01/storage/ocr_20150623/106/nnc1.0046979980/282.png"; bbox 0 0 4256 6440; ppageno 0'>
   <div class='ocr_carea' id='block_1_1' title="bbox 214 390 324 453">
    <p class='ocr_par' dir='ltr' id='par_1_1' title="bbox 214 390 324 453">
     <span class='ocr_line' id='line_1_1' title="bbox 214 390 324 453; baseline 0.009 -1"><span class='ocrx_word' id='word_1_1' title='bbox 214 390 324 453; x_wconf 72' lang='grc'><strong>533</strong></span> 
     </span>
    </p>
   </div>
   <div class='ocr_carea' id='block_1_2' title="bbox 1283 387 2368 450">
    <p class='ocr_par' dir='ltr' id='par_1_2' title="bbox 1283 387 2368 450">
     <span class='ocr_line' id='line_1_2' title="bbox 1283 387 2368 450; baseline 0.005 -5"><span class='ocrx_word' id='word_1_2' title='bbox 1283 388 1671 450; x_wconf 67' lang='grc' dir='ltr'><strong>(31.)ΜΜΕΝΤ.</strong></span> <span class='ocrx_word' id='word_1_3' title='bbox 1717 388 1798 447; x_wconf 88' lang='grc' dir='ltr'><strong>ΙΝ</strong></span> <span class='ocrx_word' id='word_1_4' title='bbox 1840 387 2368 450; x_wconf 78' lang='lat' dir='ltr'><strong>APOCALYPSIN.</strong></span> 
     </span>
    </p>
   </div>
   <div class='ocr_carea' id='block_1_3' title="bbox 3381 391 3482 452">
    <p class='ocr_par' dir='ltr' id='par_1_3' title="bbox 3381 391 3482 452">
     <span class='ocr_line' id='line_1_3' title="bbox 3381 391 3482 452; baseline -0.03 0"><span class='ocrx_word' id='word_1_5' title='bbox 3381 391 3482 452; x_wconf 43' lang='grc' dir='ltr'><strong>δεῖ</strong></span> 
     </span>
    </p>
   </div>
   <div class='ocr_carea' id='block_1_4' title="bbox 290 495 1852 571">
    <p class='ocr_par' dir='ltr' id='par_1_4' title="bbox 290 495 1852 570">
     <span class='ocr_line' id='line_1_4' title="bbox 290 495 1852 570; baseline 0 -17"><span class='ocrx_word' id='word_1_6' title='bbox 290 503 400 558; x_wconf 78' lang='lat' dir='ltr'><strong>Kal</strong></span> <span class='ocrx_word' id='word_1_7' title='bbox 444 500 558 567; x_wconf 83' lang='grc' dir='ltr'><strong>τῖιν</strong></span> <span class='ocrx_word' id='word_1_8' title='bbox 597 501 1027 570; x_wconf 56' lang='grc' dir='ltr'><strong>βλασφημίαν.</strong></span> <span class='ocrx_word' id='word_1_9' title='bbox 1085 501 1244 553; x_wconf 78' lang='grc' dir='ltr'><strong>Κατὰ</strong></span> <span class='ocrx_word' id='word_1_10' title='bbox 1296 499 1477 553; x_wconf 78' lang='grc' dir='ltr'><strong>κοινοῦ</strong></span> <span class='ocrx_word' id='word_1_11' title='bbox 1513 500 1594 564; x_wconf 62' lang='lat' dir='ltr'><strong>th,</strong></span> <span class='ocrx_word' id='word_1_12' title='bbox 1661 495 1852 558; x_wconf 69' lang='grc' dir='ltr'><strong>οῖδάι</strong></span> 
     </span>
    </p>
   </div>
   <div class='ocr_carea' id='block_1_5' title="bbox 1927 495 3483 571">
    <p class='ocr_par' dir='ltr' id='par_1_5' title="bbox 1982 500 3483 571">
     <span class='ocr_line' id='line_1_5' title="bbox 1982 500 3483 571; baseline 0.003 -19"><span class='ocrx_word' id='word_1_13' title='bbox 1982 500 2050 553; x_wconf 83' lang='lat' dir='ltr'><strong>Et</strong></span> <span class='ocrx_word' id='word_1_14' title='bbox 2090 501 2496 569; x_wconf 79' lang='lat' dir='ltr'><strong>blasphemiam.</strong></span> <span class='ocrx_word' id='word_1_15' title='bbox 2530 501 2569 553; x_wconf 77' lang='grc' dir='ltr'><strong>Δ</strong></span> <span class='ocrx_word' id='word_1_16' title='bbox 2603 501 2880 554; x_wconf 72' lang='lat' dir='ltr'><strong>co-munni</strong></span> <span class='ocrx_word' id='word_1_17' title='bbox 2934 515 3098 554; x_wconf 91' lang='lat' dir='ltr'><strong>sensu</strong></span> <span class='ocrx_word' id='word_1_18' title='bbox 3132 506 3483 571; x_wconf 71' lang='lat' dir='ltr'><strong>repetendum:</strong></span> 
     </span>
    </p>
   </div>
   <div class='ocr_carea' id='block_1_6' title="bbox 209 589 1852 664">
    <p class='ocr_par' dir='ltr' id='par_1_6' title="bbox 209 589 1800 664">
     <span class='ocr_line' id='line_1_6' title="bbox 209 589 1800 664; baseline -0.003 -13"><span class='ocrx_word' id='word_1_19' title='bbox 209 613 354 655; x_wconf 85' lang='grc' dir='ltr'><strong>σου.</strong></span> <span class='ocrx_word' id='word_1_20' title='bbox 389 596 475 648; x_wconf 81' lang='grc' dir='ltr'><strong>ἵνα</strong></span> <span class='ocrx_word' id='word_1_21' title='bbox 507 593 834 664; x_wconf 77' lang='grc' dir='ltr'><strong>ἐξακούηται</strong></span> <span class='ocrx_word' id='word_1_22' title='bbox 859 593 1056 656; x_wconf 75' lang='grc' dir='ltr'><strong>οὕτως·</strong></span> <span class='ocrx_word' id='word_1_23' title='bbox 1087 590 1220 647; x_wconf 87' lang='grc' dir='ltr'><strong>Οἷδά</strong></span> <span class='ocrx_word' id='word_1_24' title='bbox 1262 611 1355 646; x_wconf 91' lang='grc' dir='ltr'><strong>σου</strong></span> <span class='ocrx_word' id='word_1_25' title='bbox 1389 595 1458 647; x_wconf 82' lang='grc' dir='ltr'><strong>τὰ</strong></span> <span class='ocrx_word' id='word_1_26' title='bbox 1484 593 1643 663; x_wconf 77' lang='grc' dir='ltr'><strong>ἔργα,</strong></span> <span class='ocrx_word' id='word_1_27' title='bbox 1681 589 1800 646; x_wconf 78' lang='grc' dir='ltr'><strong>οἴδα</strong></span> 
     </span>
    </p>
   </div>
   <div class='ocr_carea' id='block_1_7' title="bbox 1927 589 3480 664">
    <p class='ocr_par' dir='ltr' id='par_1_7' title="bbox 1927 592 3480 663">
     <span class='ocr_line' id='line_1_7' title="bbox 1927 592 3480 663; baseline 0.003 -19"><span class='ocrx_word' id='word_1_28' title='bbox 1927 603 2010 660; x_wconf 63' lang='lat' dir='ltr'><strong>rst,</strong></span> <span class='ocrx_word' id='word_1_29' title='bbox 2046 592 2186 656; x_wconf 86' lang='lat' dir='ltr'><strong>Scio,</strong></span> <span class='ocrx_word' id='word_1_30' title='bbox 2223 604 2281 648; x_wconf 94' lang='lat' dir='ltr'><strong>ut</strong></span> <span class='ocrx_word' id='word_1_31' title='bbox 2317 596 2387 647; x_wconf 78' lang='lat' dir='ltr'><strong>sit</strong></span> <span class='ocrx_word' id='word_1_32' title='bbox 2419 609 2614 649; x_wconf 85' lang='lat' dir='ltr'><strong>sensus</strong></span> <span class='ocrx_word' id='word_1_33' title='bbox 2645 612 2657 647; x_wconf 92' lang='lat'><strong>:</strong></span> <span class='ocrx_word' id='word_1_34' title='bbox 2701 592 2830 648; x_wconf 86' lang='lat' dir='ltr'><strong>Seio</strong></span> <span class='ocrx_word' id='word_1_35' title='bbox 2859 609 3022 663; x_wconf 86' lang='lat' dir='ltr'><strong>opera</strong></span> <span class='ocrx_word' id='word_1_36' title='bbox 3054 603 3167 654; x_wconf 85' lang='lat' dir='ltr'><strong>tua.</strong></span> <span class='ocrx_word' id='word_1_37' title='bbox 3197 595 3312 649; x_wconf 90' lang='lat' dir='ltr'><strong>scio</strong></span> <span class='ocrx_word' id='word_1_38' title='bbox 3337 595 3480 648; x_wconf 84' lang='lat' dir='ltr'><strong>blas-</strong></span> 
     </span>
    </p>
   </div>
   <div class='ocr_carea' id='block_1_8' title="bbox 212 687 1800 759">
    <p class='ocr_par' dir='ltr' id='par_1_8' title="bbox 212 687 1800 759">
     <span class='ocr_line' id='line_1_8' title="bbox 212 687 1800 759; baseline -0.002 -18"><span class='ocrx_word' id='word_1_39' title='bbox 212 691 313 742; x_wconf 77' lang='grc' dir='ltr'><strong>καὶ</strong></span> <span class='ocrx_word' id='word_1_40' title='bbox 340 689 440 759; x_wconf 79' lang='grc' dir='ltr'><strong>τὴν</strong></span> <span class='ocrx_word' id='word_1_41' title='bbox 489 688 846 758; x_wconf 69' lang='grc' dir='ltr'><strong>βλασφημίαν</strong></span> <span class='ocrx_word' id='word_1_42' title='bbox 892 687 1002 740; x_wconf 84' lang='grc' dir='ltr'><strong>τῶν</strong></span> <span class='ocrx_word' id='word_1_43' title='bbox 1053 687 1131 756; x_wconf 83' lang='grc' dir='ltr'><strong>τῷ</strong></span> <span class='ocrx_word' id='word_1_44' title='bbox 1172 687 1314 757; x_wconf 78' lang='grc' dir='ltr'><strong>λόγῳ</strong></span> <span class='ocrx_word' id='word_1_45' title='bbox 1368 689 1466 758; x_wconf 73' lang='grc' dir='ltr'><strong>μὲν</strong></span> <span class='ocrx_word' id='word_1_46' title='bbox 1510 687 1800 751; x_wconf 70' lang='grc' dir='ltr'><strong>Ἰουδαίων,</strong></span> 
     </span>
    </p>
   </div>
   <div class='ocr_carea' id='block_1_9' title="bbox 213 780 1804 852">
    <p class='ocr_par' dir='ltr' id='par_1_9' title="bbox 213 780 1804 852">
     <span class='ocr_line' id='line_1_9' title="bbox 213 780 1804 852; baseline -0.001 -18"><span class='ocrx_word' id='word_1_47' title='bbox 213 783 368 852; x_wconf 74' lang='grc' dir='ltr'><strong>ἔργῳ</strong></span> <span class='ocrx_word' id='word_1_48' title='bbox 415 782 472 834; x_wconf 82' lang='grc' dir='ltr'><strong>δὲ</strong></span> <span class='ocrx_word' id='word_1_49' title='bbox 522 781 852 849; x_wconf 75' lang='grc' dir='ltr'><strong>συναγωγῆς</strong></span> <span class='ocrx_word' id='word_1_50' title='bbox 886 780 980 833; x_wconf 71' lang='grc' dir='ltr'><strong>τοῦ</strong></span> <span class='ocrx_word' id='word_1_51' title='bbox 1027 781 1263 834; x_wconf 78' lang='grc' dir='ltr'><strong>Σατανᾶ,</strong></span> <span class='ocrx_word' id='word_1_52' title='bbox 1301 782 1374 833; x_wconf 76' lang='grc' dir='ltr'><strong>υὺ</strong></span> <span class='ocrx_word' id='word_1_53' title='bbox 1411 782 1519 851; x_wconf 77' lang='grc' dir='ltr'><strong>γὰρ</strong></span> <span class='ocrx_word' id='word_1_54' title='bbox 1553 783 1580 833; x_wconf 88' lang='grc' dir='ltr'>ὁ</span> <span class='ocrx_word' id='word_1_55' title='bbox 1623 782 1680 834; x_wconf 81' lang='grc' dir='ltr'><strong>ὲν</strong></span> <span class='ocrx_word' id='word_1_56' title='bbox 1726 781 1804 850; x_wconf 77' lang='grc' dir='ltr'><strong>τῷ</strong></span> 
     </span>
    </p>
   </div>
   <div class='ocr_carea' id='block_1_10' title="bbox 217 867 1804 944">
    <p class='ocr_par' dir='ltr' id='par_1_10' title="bbox 217 867 1804 944">
     <span class='ocr_line' id='line_1_10' title="bbox 217 867 1804 944; baseline -0.003 -20"><span class='ocrx_word' id='word_1_57' title='bbox 217 872 443 944; x_wconf 80' lang='grc' dir='ltr'><strong>φανερῷ</strong></span> <span class='ocrx_word' id='word_1_58' title='bbox 482 870 764 933; x_wconf 83' lang='grc' dir='ltr'><strong>Ἰουδαῖος,</strong></span> <span class='ocrx_word' id='word_1_59' title='bbox 789 869 906 923; x_wconf 77' lang='grc' dir='ltr'><strong>ἀλλ’</strong></span> <span class='ocrx_word' id='word_1_60' title='bbox 933 871 962 921; x_wconf 84' lang='grc' dir='ltr'><strong>ὁ</strong></span> <span class='ocrx_word' id='word_1_61' title='bbox 1003 870 1061 921; x_wconf 82' lang='grc' dir='ltr'><strong>ἐν</strong></span> <span class='ocrx_word' id='word_1_62' title='bbox 1089 867 1167 938; x_wconf 82' lang='grc' dir='ltr'><strong>τῷ</strong></span> <span class='ocrx_word' id='word_1_63' title='bbox 1195 868 1452 938; x_wconf 84' lang='grc' dir='ltr'><strong>κρυπτῷ,</strong></span> <span class='ocrx_word' id='word_1_64' title='bbox 1488 868 1582 920; x_wconf 77' lang='grc' dir='ltr'><strong>καὶ</strong></span> <span class='ocrx_word' id='word_1_65' title='bbox 1611 870 1676 937; x_wconf 78' lang='grc' dir='ltr'><strong>τῇ</strong></span> <span class='ocrx_word' id='word_1_66' title='bbox 1703 885 1804 919; x_wconf 86' lang='grc' dir='ltr'><strong>πε-</strong></span> 
     </span>
    </p>
   </div>
   <div class='ocr_carea' id='block_1_11' title="bbox 220 961 1806 1034">
    <p class='ocr_par' dir='ltr' id='par_1_11' title="bbox 220 961 1806 1034">
     <span class='ocr_line' id='line_1_11' title="bbox 220 961 1806 1034; baseline -0.004 -18"><span class='ocrx_word' id='word_1_67' title='bbox 220 965 420 1034; x_wconf 82' lang='grc' dir='ltr'><strong>ριτομῇ</strong></span> <span class='ocrx_word' id='word_1_68' title='bbox 447 965 543 1031; x_wconf 83' lang='grc' dir='ltr'><strong>τῆς</strong></span> <span class='ocrx_word' id='word_1_69' title='bbox 574 963 822 1034; x_wconf 75' lang='grc' dir='ltr'><strong>καρδίας,</strong></span> <span class='ocrx_word' id='word_1_70' title='bbox 853 965 881 1016; x_wconf 78' lang='grc' dir='ltr'><strong>ὁ</strong></span> <span class='ocrx_word' id='word_1_71' title='bbox 903 961 992 1016; x_wconf 79' lang='grc' dir='ltr'><strong>διὰ</strong></span> <span class='ocrx_word' id='word_1_72' title='bbox 1035 962 1133 1032; x_wconf 86' lang='grc' dir='ltr'><strong>τῆς</strong></span> <span class='ocrx_word' id='word_1_73' title='bbox 1164 961 1258 1014; x_wconf 79' lang='grc' dir='ltr'><strong>τοῦ</strong></span> <span class='ocrx_word' id='word_1_74' title='bbox 1289 961 1621 1030; x_wconf 80' lang='grc' dir='ltr'><strong>φαινομένου</strong></span> <span class='ocrx_word' id='word_1_75' title='bbox 1652 975 1806 1032; x_wconf 84' lang='grc' dir='ltr'><strong>περι-</strong></span> 
     </span>
    </p>
   </div>
   <div class='ocr_carea' id='block_1_12' title="bbox 218 1053 1807 1125">
    <p class='ocr_par' dir='ltr' id='par_1_12' title="bbox 218 1053 1807 1125">
     <span class='ocr_line' id='line_1_12' title="bbox 218 1053 1807 1125; baseline -0.001 -19"><span class='ocrx_word' id='word_1_76' title='bbox 218 1055 422 1124; x_wconf 79' lang='grc' dir='ltr'><strong>ϐλητοῦ</strong></span> <span class='ocrx_word' id='word_1_77' title='bbox 456 1054 536 1125; x_wconf 83' lang='grc' dir='ltr'><strong>τῷ</strong></span> <span class='ocrx_word' id='word_1_78' title='bbox 567 1054 880 1124; x_wconf 82' lang='grc' dir='ltr'><strong>γεννητικῷ</strong></span> <span class='ocrx_word' id='word_1_79' title='bbox 929 1054 1105 1125; x_wconf 75' lang='grc' dir='ltr'><strong>μορίῳ</strong></span> <span class='ocrx_word' id='word_1_80' title='bbox 1141 1054 1416 1123; x_wconf 81' lang='grc' dir='ltr'><strong>δέρματος</strong></span> <span class='ocrx_word' id='word_1_81' title='bbox 1461 1053 1807 1122; x_wconf 75' lang='grc' dir='ltr'><strong>ἀφαιρέσεως</strong></span> 
     </span>
    </p>
   </div>
   <div class='ocr_carea' id='block_1_13' title="bbox 217 1145 1808 1216">
    <p class='ocr_par' dir='ltr' id='par_1_13' title="bbox 217 1145 1808 1216">
     <span class='ocr_line' id='line_1_13' title="bbox 217 1145 1808 1216; baseline -0.003 -16"><span class='ocrx_word' id='word_1_82' title='bbox 217 1146 317 1200; x_wconf 77' lang='grc' dir='ltr'><strong>τοῦ</strong></span> <span class='ocrx_word' id='word_1_83' title='bbox 350 1146 538 1200; x_wconf 58' lang='lat' dir='ltr'><strong>anno</strong></span> <span class='ocrx_word' id='word_1_84' title='bbox 567 1146 723 1200; x_wconf 80' lang='grc' dir='ltr'><strong>τοῦδε</strong></span> <span class='ocrx_word' id='word_1_85' title='bbox 757 1147 956 1209; x_wconf 84' lang='grc' dir='ltr'><strong>παντὸς</strong></span> <span class='ocrx_word' id='word_1_86' title='bbox 983 1145 1102 1216; x_wconf 83' lang='grc' dir='ltr'><strong>βίου</strong></span> <span class='ocrx_word' id='word_1_87' title='bbox 1129 1145 1582 1216; x_wconf 75' lang='grc' dir='ltr'><strong>ἀλλοτριούμενον</strong></span> <span class='ocrx_word' id='word_1_88' title='bbox 1614 1145 1808 1199; x_wconf 80' lang='grc' dir='ltr'><strong>ἑαυτὸν</strong></span> 
     </span>
    </p>
   </div>
   <div class='ocr_carea' id='block_1_14' title="bbox 219 1237 1806 1310">
    <p class='ocr_par' dir='ltr' id='par_1_14' title="bbox 219 1237 1806 1310">
     <span class='ocr_line' id='line_1_14' title="bbox 219 1237 1806 1310; baseline -0.001 -18"><span class='ocrx_word' id='word_1_89' title='bbox 219 1238 624 1310; x_wconf 81' lang='grc' dir='ltr'><strong>αἰνιττόμενος,</strong></span> <span class='ocrx_word' id='word_1_90' title='bbox 663 1241 758 1293; x_wconf 78' lang='grc' dir='ltr'><strong>καὶ</strong></span> <span class='ocrx_word' id='word_1_91' title='bbox 787 1239 924 1310; x_wconf 78' lang='grc' dir='ltr'><strong>πρὸς</strong></span> <span class='ocrx_word' id='word_1_92' title='bbox 945 1240 1014 1294; x_wconf 78' lang='grc' dir='ltr'><strong>τὰ</strong></span> <span class='ocrx_word' id='word_1_93' title='bbox 1049 1239 1169 1293; x_wconf 77' lang='grc' dir='ltr'><strong>θεῖα</strong></span> <span class='ocrx_word' id='word_1_94' title='bbox 1204 1241 1268 1309; x_wconf 80' lang='grc' dir='ltr'><strong>τῇ</strong></span> <span class='ocrx_word' id='word_1_95' title='bbox 1297 1238 1443 1308; x_wconf 73' lang='grc' dir='ltr'><strong>ψυχῇ</strong></span> <span class='ocrx_word' id='word_1_96' title='bbox 1486 1237 1806 1302; x_wconf 76' lang='grc' dir='ltr'><strong>ἐνσκευαζό-</strong></span> 
     </span>
    </p>
   </div>
   <div class='ocr_carea' id='block_1_15' title="bbox 225 1328 1810 1401">
    <p class='ocr_par' dir='ltr' id='par_1_15' title="bbox 225 1328 1810 1401">
     <span class='ocr_line' id='line_1_15' title="bbox 225 1328 1810 1401; baseline 0 -19"><span class='ocrx_word' id='word_1_97' title='bbox 225 1348 410 1398; x_wconf 87' lang='grc' dir='ltr'><strong>μενον.</strong></span> <span class='ocrx_word' id='word_1_98' title='bbox 442 1331 504 1384; x_wconf 84' lang='grc' dir='ltr'><strong>Εἰ</strong></span> <span class='ocrx_word' id='word_1_99' title='bbox 537 1331 645 1401; x_wconf 84' lang='grc' dir='ltr'><strong>γὰρ</strong></span> <span class='ocrx_word' id='word_1_100' title='bbox 679 1331 878 1392; x_wconf 82' lang='grc' dir='ltr'><strong>Ἰούδας</strong></span> <span class='ocrx_word' id='word_1_101' title='bbox 922 1331 1020 1400; x_wconf 82' lang='grc' dir='ltr'><strong>μὲν</strong></span> <span class='ocrx_word' id='word_1_102' title='bbox 1046 1330 1483 1398; x_wconf 62' lang='grc' dir='ltr'><strong>ἐξομολόγησις</strong></span> <span class='ocrx_word' id='word_1_103' title='bbox 1510 1328 1810 1400; x_wconf 79' lang='grc' dir='ltr'><strong>ἑρμηνεύε·</strong></span> 
     </span>
    </p>
   </div>
   <div class='ocr_carea' id='block_1_16' title="bbox 221 1421 1810 1490">
    <p class='ocr_par' dir='ltr' id='par_1_16' title="bbox 221 1421 1810 1490">
     <span class='ocr_line' id='line_1_16' title="bbox 221 1421 1810 1490; baseline -0.001 -17"><span class='ocrx_word' id='word_1_104' title='bbox 221 1439 340 1482; x_wconf 86' lang='grc' dir='ltr'><strong>ται,</strong></span> <span class='ocrx_word' id='word_1_105' title='bbox 379 1421 595 1490; x_wconf 78' lang='grc' dir='ltr'><strong>Ἰσραὴλ</strong></span> <span class='ocrx_word' id='word_1_106' title='bbox 625 1422 680 1475; x_wconf 83' lang='grc' dir='ltr'><strong>δὲ</strong></span> <span class='ocrx_word' id='word_1_107' title='bbox 706 1422 854 1487; x_wconf 82' lang='grc' dir='ltr'><strong>νοῦς</strong></span> <span class='ocrx_word' id='word_1_108' title='bbox 883 1422 1040 1489; x_wconf 85' lang='grc' dir='ltr'><strong>ὁρῶν</strong></span> <span class='ocrx_word' id='word_1_109' title='bbox 1065 1421 1238 1484; x_wconf 76' lang='grc' dir='ltr'><strong>Θεὸν,</strong></span> <span class='ocrx_word' id='word_1_110' title='bbox 1258 1421 1476 1484; x_wconf 76' lang='grc' dir='ltr'><strong>πάντως</strong></span> <span class='ocrx_word' id='word_1_111' title='bbox 1505 1422 1554 1475; x_wconf 81' lang='grc' dir='ltr'><strong>οἱ</strong></span> <span class='ocrx_word' id='word_1_112' title='bbox 1588 1421 1810 1490; x_wconf 80' lang='grc' dir='ltr'><strong>ἀληθεῖς</strong></span> 
     </span>
    </p>
   </div>
   <div class='ocr_carea' id='block_1_17' title="bbox 236 1507 1811 1585">
    <p class='ocr_par' dir='ltr' id='par_1_17' title="bbox 236 1507 1811 1585">
     <span class='ocr_line' id='line_1_17' title="bbox 236 1507 1811 1585; baseline 0.001 -20"><span class='ocrx_word' id='word_1_113' title='bbox 236 1513 488 1566; x_wconf 85' lang='grc' dir='ltr'><strong>Ἰουδαῖοι</strong></span> <span class='ocrx_word' id='word_1_114' title='bbox 520 1514 617 1566; x_wconf 78' lang='grc' dir='ltr'><strong>καὶ</strong></span> <span class='ocrx_word' id='word_1_115' title='bbox 654 1514 873 1585; x_wconf 79' lang='grc' dir='ltr'><strong>Ἰσραὴλ</strong></span> <span class='ocrx_word' id='word_1_116' title='bbox 899 1507 1047 1566; x_wconf 71' lang='grc' dir='ltr'><strong>οὗτοί</strong></span> <span class='ocrx_word' id='word_1_117' title='bbox 1074 1515 1233 1580; x_wconf 80' lang='grc' dir='ltr'><strong>εἰσιν,</strong></span> <span class='ocrx_word' id='word_1_118' title='bbox 1268 1516 1316 1567; x_wconf 78' lang='grc' dir='ltr'><strong>οἱ</strong></span> <span class='ocrx_word' id='word_1_119' title='bbox 1354 1513 1576 1584; x_wconf 83' lang='grc' dir='ltr'><strong>Χριστῷ</strong></span> <span class='ocrx_word' id='word_1_120' title='bbox 1616 1513 1811 1581; x_wconf 72' lang='grc' dir='ltr'><strong>ἐξομο-</strong></span> 
     </span>
    </p>
   </div>
   <div class='ocr_carea' id='block_1_18' title="bbox 223 1597 1812 1674">
    <p class='ocr_par' dir='ltr' id='par_1_18' title="bbox 223 1597 1812 1674">
     <span class='ocr_line' id='line_1_18' title="bbox 223 1597 1812 1674; baseline 0.003 -21"><span class='ocrx_word' id='word_1_121' title='bbox 223 1602 567 1672; x_wconf 80' lang='grc' dir='ltr'><strong>λογούμενοι,</strong></span> <span class='ocrx_word' id='word_1_122' title='bbox 615 1604 784 1674; x_wconf 74' lang='grc' dir='ltr'><strong>ἤγουν</strong></span> <span class='ocrx_word' id='word_1_123' title='bbox 814 1603 1265 1674; x_wconf 76' lang='grc' dir='ltr'><strong>εὐχαριστοῦντες</strong></span> <span class='ocrx_word' id='word_1_124' title='bbox 1324 1604 1440 1656; x_wconf 79' lang='grc' dir='ltr'><strong>ἀνθ’</strong></span> <span class='ocrx_word' id='word_1_125' title='bbox 1474 1597 1551 1657; x_wconf 79' lang='grc' dir='ltr'><strong>ὧν</strong></span> <span class='ocrx_word' id='word_1_126' title='bbox 1597 1604 1812 1674; x_wconf 80' lang='grc' dir='ltr'><strong>μεγάλα</strong></span> 
     </span>
    </p>
   </div>
   <div class='ocr_carea' id='block_1_19' title="bbox 224 1693 1812 1766">
    <p class='ocr_par' dir='ltr' id='par_1_19' title="bbox 224 1693 1812 1766">
     <span class='ocr_line' id='line_1_19' title="bbox 224 1693 1812 1766; baseline 0.001 -21"><span class='ocrx_word' id='word_1_127' title='bbox 224 1695 601 1766; x_wconf 70' lang='grc' dir='ltr'><strong>εὖεργέθημεν</strong></span> <span class='ocrx_word' id='word_1_128' title='bbox 627 1698 694 1766; x_wconf 79' lang='grc' dir='ltr'><strong>τῇ</strong></span> <span class='ocrx_word' id='word_1_129' title='bbox 731 1695 818 1749; x_wconf 70' lang='grc' dir='ltr'><strong>διὰ</strong></span> <span class='ocrx_word' id='word_1_130' title='bbox 850 1695 1050 1766; x_wconf 76' lang='grc' dir='ltr'><strong>σαρκὸς</strong></span> <span class='ocrx_word' id='word_1_131' title='bbox 1087 1693 1252 1749; x_wconf 81' lang='grc' dir='ltr'><strong>αὑτοῦ</strong></span> <span class='ocrx_word' id='word_1_132' title='bbox 1292 1694 1428 1766; x_wconf 76' lang='grc' dir='ltr'><strong>πρὸς</strong></span> <span class='ocrx_word' id='word_1_133' title='bbox 1455 1695 1603 1766; x_wconf 78' lang='grc' dir='ltr'><strong>ἡμᾶς</strong></span> <span class='ocrx_word' id='word_1_134' title='bbox 1626 1694 1812 1765; x_wconf 79' lang='grc' dir='ltr'><strong>ἐπιδη-</strong></span> 
     </span>
    </p>
   </div>
   <div class='ocr_carea' id='block_1_20' title="bbox 227 1785 1810 1858">
    <p class='ocr_par' dir='ltr' id='par_1_20' title="bbox 227 1785 1810 1858">
     <span class='ocr_line' id='line_1_20' title="bbox 227 1785 1810 1858; baseline 0.001 -19"><span class='ocrx_word' id='word_1_135' title='bbox 227 1789 352 1858; x_wconf 67' lang='grc' dir='ltr'><strong>μία.</strong></span> <span class='ocrx_word' id='word_1_136' title='bbox 394 1788 566 1841; x_wconf 84' lang='grc' dir='ltr'><strong>Τοῦτο</strong></span> <span class='ocrx_word' id='word_1_137' title='bbox 629 1787 741 1858; x_wconf 82' lang='grc' dir='ltr'><strong>γὰρ</strong></span> <span class='ocrx_word' id='word_1_138' title='bbox 769 1789 803 1857; x_wconf 76' lang='grc' dir='ltr'><strong>ἡ</strong></span> <span class='ocrx_word' id='word_1_139' title='bbox 860 1787 1251 1857; x_wconf 72' lang='grc' dir='ltr'><strong>ἐξομολόγησις</strong></span> <span class='ocrx_word' id='word_1_140' title='bbox 1297 1787 1490 1857; x_wconf 80' lang='grc' dir='ltr'><strong>δηλοῦν</strong></span> <span class='ocrx_word' id='word_1_141' title='bbox 1540 1785 1810 1856; x_wconf 76' lang='grc' dir='ltr'><strong>βούλεται.</strong></span> 
     </span>
    </p>
   </div>
   <div class='ocr_carea' id='block_1_21' title="bbox 239 1857 1888 1951">
    <p class='ocr_par' dir='ltr' id='par_1_21' title="bbox 239 1857 1888 1951">
     <span class='ocr_line' id='line_1_21' title="bbox 239 1857 1888 1951; baseline -0.002 -17"><span class='ocrx_word' id='word_1_142' title='bbox 239 1857 457 1951; x_wconf 80' lang='grc' dir='ltr'><strong>Ἰσραὴλ</strong></span> <span class='ocrx_word' id='word_1_143' title='bbox 482 1882 559 1943; x_wconf 78' lang='grc' dir='ltr'><strong>δὲ,</strong></span> <span class='ocrx_word' id='word_1_144' title='bbox 589 1880 647 1943; x_wconf 76' lang='grc' dir='ltr'><strong>ὃς</strong></span> <span class='ocrx_word' id='word_1_145' title='bbox 786 1880 920 1933; x_wconf 80' lang='grc' dir='ltr'><strong>Θεὸν</strong></span> <span class='ocrx_word' id='word_1_146' title='bbox 953 1881 1084 1949; x_wconf 76' lang='grc' dir='ltr'><strong>ὁρᾷν</strong></span> <span class='ocrx_word' id='word_1_147' title='bbox 1114 1881 1443 1948; x_wconf 70' lang='grc' dir='ltr'><strong>ἠξιωμένος,</strong></span> <span class='ocrx_word' id='word_1_148' title='bbox 1486 1880 1673 1950; x_wconf 74' lang='grc' dir='ltr'><strong>μηδενὶ</strong></span> <span class='ocrx_word' id='word_1_149' title='bbox 1702 1878 1813 1934; x_wconf 85' lang='grc' dir='ltr'><strong>τῶν</strong></span> <span class='ocrx_word' id='word_1_150' title='bbox 1844 1857 1888 1915; x_wconf 70' lang='grc' dir='ltr'><strong><em>Β</em></strong></span> 
     </span>
    </p>
   </div>
   <div class='ocr_carea' id='block_1_22' title="bbox 222 1968 1815 2041">
    <p class='ocr_par' dir='ltr' id='par_1_22' title="bbox 222 1968 1815 2041">
     <span class='ocr_line' id='line_1_22' title="bbox 222 1968 1815 2041; baseline 0.001 -20"><span class='ocrx_word' id='word_1_151' title='bbox 222 1973 256 2021; x_wconf 85' lang='grc' dir='ltr'><strong>ἀ</strong></span> <span class='ocrx_word' id='word_1_152' title='bbox 268 1972 479 2039; x_wconf 75' lang='grc' dir='ltr'><strong>σχολεῖν</strong></span> <span class='ocrx_word' id='word_1_153' title='bbox 497 1971 765 2024; x_wconf 73' lang='grc' dir='ltr'><strong>εἰωθότων</strong></span> <span class='ocrx_word' id='word_1_154' title='bbox 785 1969 1122 2041; x_wconf 80' lang='grc' dir='ltr'><strong>ὲπιπροσθού</strong></span> <span class='ocrx_word' id='word_1_155' title='bbox 1131 1987 1311 2040; x_wconf 89' lang='grc' dir='ltr'><strong>μενος.</strong></span> <span class='ocrx_word' id='word_1_156' title='bbox 1334 1970 1543 2024; x_wconf 75' lang='grc' dir='ltr'><strong>Οὐκοῦν</strong></span> <span class='ocrx_word' id='word_1_157' title='bbox 1555 1968 1675 2023; x_wconf 83' lang='grc' dir='ltr'><strong>οὐδὲ</strong></span> <span class='ocrx_word' id='word_1_158' title='bbox 1693 1970 1815 2023; x_wconf 76' lang='grc' dir='ltr'><strong>ἰου-</strong></span> 
     </span>
    </p>
   </div>
   <div class='ocr_carea' id='block_1_23' title="bbox 220 2062 1816 2135">
    <p class='ocr_par' dir='ltr' id='par_1_23' title="bbox 220 2062 1816 2135">
     <span class='ocr_line' id='line_1_23' title="bbox 220 2062 1816 2135; baseline -0.003 -17"><span class='ocrx_word' id='word_1_159' title='bbox 220 2065 364 2118; x_wconf 74' lang='grc' dir='ltr'><strong>διίοι</strong></span> <span class='ocrx_word' id='word_1_160' title='bbox 379 2064 500 2116; x_wconf 76' lang='grc' dir='ltr'><strong>οὔτε</strong></span> <span class='ocrx_word' id='word_1_161' title='bbox 519 2064 734 2135; x_wconf 73' lang='grc' dir='ltr'><strong>Ἰσραὴλ</strong></span> <span class='ocrx_word' id='word_1_162' title='bbox 754 2067 802 2117; x_wconf 77' lang='grc' dir='ltr'><strong>οἱ</strong></span> <span class='ocrx_word' id='word_1_163' title='bbox 820 2067 886 2135; x_wconf 81' lang='grc' dir='ltr'><strong>τῇ</strong></span> <span class='ocrx_word' id='word_1_164' title='bbox 902 2064 1131 2134; x_wconf 69' lang='grc' dir='ltr'><strong>ἀπιστίᾳ</strong></span> <span class='ocrx_word' id='word_1_165' title='bbox 1151 2063 1487 2133; x_wconf 73' lang='grc' dir='ltr'><strong>ἐμμένοντες</strong></span> <span class='ocrx_word' id='word_1_166' title='bbox 1502 2062 1816 2132; x_wconf 69' lang='grc' dir='ltr'><strong>ἁνεπιστρό-</strong></span> 
     </span>
    </p>
   </div>
   <div class='ocr_carea' id='block_1_24' title="bbox 224 2155 1817 2226">
    <p class='ocr_par' dir='ltr' id='par_1_24' title="bbox 224 2155 1817 2226">
     <span class='ocr_line' id='line_1_24' title="bbox 224 2155 1817 2226; baseline -0.002 -17"><span class='ocrx_word' id='word_1_167' title='bbox 224 2174 367 2221; x_wconf 72' lang='grc' dir='ltr'><strong>ᾳως,</strong></span> <span class='ocrx_word' id='word_1_168' title='bbox 386 2157 520 2210; x_wconf 75' lang='grc' dir='ltr'><strong>ἀλλὰ</strong></span> <span class='ocrx_word' id='word_1_169' title='bbox 537 2157 989 2226; x_wconf 69' lang='grc' dir='ltr'><strong>βλασφημοῦντες</strong></span> <span class='ocrx_word' id='word_1_170' title='bbox 1008 2155 1332 2226; x_wconf 79' lang='grc' dir='ltr'><strong>συναγωγὴν</strong></span> <span class='ocrx_word' id='word_1_171' title='bbox 1347 2157 1571 2218; x_wconf 70' lang='grc' dir='ltr'><strong>ἑαυτοὺς</strong></span> <span class='ocrx_word' id='word_1_172' title='bbox 1587 2156 1817 2223; x_wconf 68' lang='grc' dir='ltr'><strong>ἀποφαί.</strong></span> 
     </span>
    </p>
   </div>
   <div class='ocr_carea' id='block_1_25' title="bbox 227 2248 1819 2322">
    <p class='ocr_par' dir='ltr' id='par_1_25' title="bbox 227 2248 1819 2322">
     <span class='ocr_line' id='line_1_25' title="bbox 227 2248 1819 2322; baseline 0.001 -22"><span class='ocrx_word' id='word_1_173' title='bbox 227 2267 387 2302; x_wconf 84' lang='grc' dir='ltr'><strong>νουσι</strong></span> <span class='ocrx_word' id='word_1_174' title='bbox 428 2250 523 2302; x_wconf 84' lang='grc' dir='ltr'><strong>τοῦ</strong></span> <span class='ocrx_word' id='word_1_175' title='bbox 560 2251 778 2304; x_wconf 85' lang='grc' dir='ltr'><strong>Σατανᾶ</strong></span> <span class='ocrx_word' id='word_1_176' title='bbox 817 2249 1239 2322; x_wconf 73' lang='grc' dir='ltr'><strong>ὲζωγρημένους</strong></span> <span class='ocrx_word' id='word_1_177' title='bbox 1288 2249 1380 2303; x_wconf 75' lang='grc' dir='ltr'><strong>ὑπ’</strong></span> <span class='ocrx_word' id='word_1_178' title='bbox 1410 2248 1576 2304; x_wconf 79' lang='grc' dir='ltr'><strong>αὐτοῦ</strong></span> <span class='ocrx_word' id='word_1_179' title='bbox 1633 2250 1712 2312; x_wconf 87' lang='grc' dir='ltr'><strong>εἰς</strong></span> <span class='ocrx_word' id='word_1_180' title='bbox 1757 2249 1819 2301; x_wconf 82' lang='grc' dir='ltr'><strong>τὸ</strong></span> 
     </span>
    </p>
   </div>
   <div class='ocr_carea' id='block_1_26' title="bbox 225 2342 1815 2414">
    <p class='ocr_par' dir='ltr' id='par_1_26' title="bbox 225 2342 1815 2414">
     <span class='ocr_line' id='line_1_26' title="bbox 225 2342 1815 2414; baseline 0.001 -20"><span class='ocrx_word' id='word_1_181' title='bbox 225 2342 442 2396; x_wconf 79' lang='grc' dir='ltr'><strong>ἐκείνου</strong></span> <span class='ocrx_word' id='word_1_182' title='bbox 473 2342 704 2413; x_wconf 75' lang='grc' dir='ltr'><strong>θέλημα,</strong></span> <span class='ocrx_word' id='word_1_183' title='bbox 730 2345 823 2398; x_wconf 70' lang='grc' dir='ltr'><strong>ἀτε</strong></span> <span class='ocrx_word' id='word_1_184' title='bbox 857 2346 950 2397; x_wconf 78' lang='grc' dir='ltr'><strong>καὶ</strong></span> <span class='ocrx_word' id='word_1_185' title='bbox 977 2344 1490 2414; x_wconf 79' lang='grc' dir='ltr'><strong>στρατηγουμένους</strong></span> <span class='ocrx_word' id='word_1_186' title='bbox 1513 2344 1604 2396; x_wconf 80' lang='grc' dir='ltr'><strong>ὑπ’</strong></span> <span class='ocrx_word' id='word_1_187' title='bbox 1627 2342 1815 2397; x_wconf 80' lang='grc' dir='ltr'><strong>αὑτοῦ.</strong></span> 
     </span>
    </p>
   </div>
   <div class='ocr_carea' id='block_1_27' title="bbox 306 2433 1815 2505">
    <p class='ocr_par' dir='ltr' id='par_1_27' title="bbox 306 2433 1815 2505">
     <span class='ocr_line' id='line_1_27' title="bbox 306 2433 1815 2505; baseline -0.001 -16"><span class='ocrx_word' id='word_1_188' title='bbox 306 2438 391 2490; x_wconf 81' lang='grc' dir='ltr'><strong>Οὐ</strong></span> <span class='ocrx_word' id='word_1_189' title='bbox 407 2436 494 2504; x_wconf 73' lang='grc' dir='ltr'><strong>μὴ</strong></span> <span class='ocrx_word' id='word_1_190' title='bbox 533 2433 794 2505; x_wconf 76' lang='grc' dir='ltr'><strong>ἁδὶκηθῇ</strong></span> <span class='ocrx_word' id='word_1_191' title='bbox 835 2438 903 2489; x_wconf 83' lang='grc' dir='ltr'><strong><em>ἐκ</em></strong></span> <span class='ocrx_word' id='word_1_192' title='bbox 945 2437 1054 2491; x_wconf 81' lang='grc' dir='ltr'><strong>τοῦ</strong></span> <span class='ocrx_word' id='word_1_193' title='bbox 1080 2435 1342 2491; x_wconf 81' lang='grc' dir='ltr'><strong>θανάτου</strong></span> <span class='ocrx_word' id='word_1_194' title='bbox 1371 2434 1479 2489; x_wconf 85' lang='grc' dir='ltr'><strong>τοῦ</strong></span> <span class='ocrx_word' id='word_1_195' title='bbox 1511 2434 1815 2502; x_wconf 77' lang='grc' dir='ltr'><strong>δευτέρου.</strong></span> 
     </span>
    </p>
   </div>
   <div class='ocr_carea' id='block_1_28' title="bbox 241 2525 1819 2598">
    <p class='ocr_par' dir='ltr' id='par_1_28' title="bbox 241 2525 1819 2598">
     <span class='ocr_line' id='line_1_28' title="bbox 241 2525 1819 2598; baseline 0 -20"><span class='ocrx_word' id='word_1_196' title='bbox 241 2527 497 2596; x_wconf 76' lang='grc' dir='ltr'><strong>Ἀκριὸὲς</strong></span> <span class='ocrx_word' id='word_1_197' title='bbox 520 2526 582 2580; x_wconf 75' lang='grc' dir='ltr'><strong>τὸ</strong></span> <span class='ocrx_word' id='word_1_198' title='bbox 615 2528 927 2598; x_wconf 73' lang='grc' dir='ltr'><strong>εἰρημένον,</strong></span> <span class='ocrx_word' id='word_1_199' title='bbox 955 2528 1036 2581; x_wconf 85' lang='grc' dir='ltr'><strong>ὅτι</strong></span> <span class='ocrx_word' id='word_1_200' title='bbox 1063 2527 1158 2581; x_wconf 85' lang='grc' dir='ltr'><strong>δύο</strong></span> <span class='ocrx_word' id='word_1_201' title='bbox 1204 2526 1454 2581; x_wconf 75' lang='grc' dir='ltr'><strong>θανάτων</strong></span> <span class='ocrx_word' id='word_1_202' title='bbox 1506 2525 1819 2598; x_wconf 82' lang='grc' dir='ltr'><strong>ἀνθρώποις</strong></span> 
     </span>
    </p>
   </div>
   <div class='ocr_carea' id='block_1_29' title="bbox 224 2618 1818 2690">
    <p class='ocr_par' dir='ltr' id='par_1_29' title="bbox 224 2618 1818 2690">
     <span class='ocr_line' id='line_1_29' title="bbox 224 2618 1818 2690; baseline -0.001 -19"><span class='ocrx_word' id='word_1_203' title='bbox 224 2620 425 2682; x_wconf 76' lang='grc' dir='ltr'><strong>ὄντων,</strong></span> <span class='ocrx_word' id='word_1_204' title='bbox 458 2620 802 2690; x_wconf 29' lang='grc' dir='ltr'><strong>πρώτου-τοῦ</strong></span> <span class='ocrx_word' id='word_1_205' title='bbox 845 2621 1101 2690; x_wconf 80' lang='grc' dir='ltr'><strong>φυσικοῦ,</strong></span> <span class='ocrx_word' id='word_1_206' title='bbox 1139 2621 1198 2684; x_wconf 82' lang='grc' dir='ltr'><strong>ὃς</strong></span> <span class='ocrx_word' id='word_1_207' title='bbox 1240 2623 1355 2674; x_wconf 77' lang='grc' dir='ltr'><strong>ἐστι</strong></span> <span class='ocrx_word' id='word_1_208' title='bbox 1407 2620 1688 2690; x_wconf 83' lang='grc' dir='ltr'><strong>χωρισμὸς</strong></span> <span class='ocrx_word' id='word_1_209' title='bbox 1721 2618 1818 2686; x_wconf 80' lang='grc' dir='ltr'><strong>τῆς</strong></span> 
     </span>
    </p>
   </div>
   <div class='ocr_carea' id='block_1_30' title="bbox 227 2710 1821 2784">
    <p class='ocr_par' dir='ltr' id='par_1_30' title="bbox 227 2710 1821 2784">
     <span class='ocr_line' id='line_1_30' title="bbox 227 2710 1821 2784; baseline -0.003 -19"><span class='ocrx_word' id='word_1_210' title='bbox 227 2711 412 2782; x_wconf 68' lang='grc' dir='ltr'><strong>ψυχῆς</strong></span> <span class='ocrx_word' id='word_1_211' title='bbox 465 2712 572 2764; x_wconf 77' lang='grc' dir='ltr'><strong>ἀπὸ</strong></span> <span class='ocrx_word' id='word_1_212' title='bbox 624 2713 720 2765; x_wconf 75' lang='grc' dir='ltr'><strong>τοῦ</strong></span> <span class='ocrx_word' id='word_1_213' title='bbox 775 2711 1052 2782; x_wconf 82' lang='grc' dir='ltr'><strong>σώματος,</strong></span> <span class='ocrx_word' id='word_1_214' title='bbox 1105 2712 1247 2766; x_wconf 83' lang='grc' dir='ltr'><strong>κατὰ</strong></span> <span class='ocrx_word' id='word_1_215' title='bbox 1301 2712 1400 2784; x_wconf 83' lang='grc' dir='ltr'><strong>τὴν</strong></span> <span class='ocrx_word' id='word_1_216' title='bbox 1456 2712 1674 2765; x_wconf 74' lang='grc' dir='ltr'><strong>δικαίαν</strong></span> <span class='ocrx_word' id='word_1_217' title='bbox 1728 2710 1821 2762; x_wconf 75' lang='grc' dir='ltr'><strong>καὶ</strong></span> 
     </span>
    </p>
   </div>
   <div class='ocr_carea' id='block_1_31' title="bbox 227 2802 1818 2874">
    <p class='ocr_par' dir='ltr' id='par_1_31' title="bbox 227 2802 1818 2874">
     <span class='ocr_line' id='line_1_31' title="bbox 227 2802 1818 2874; baseline -0.002 -17"><span class='ocrx_word' id='word_1_218' title='bbox 227 2804 609 2874; x_wconf 65' lang='grc' dir='ltr'><strong>ἀπαραίτητον</strong></span> <span class='ocrx_word' id='word_1_219' title='bbox 651 2805 959 2873; x_wconf 63' lang='grc' dir='ltr'><strong>ἀπόφανσιν</strong></span> <span class='ocrx_word' id='word_1_220' title='bbox 1010 2802 1101 2857; x_wconf 79' lang='grc' dir='ltr'><strong>τοῦ</strong></span> <span class='ocrx_word' id='word_1_221' title='bbox 1161 2803 1610 2873; x_wconf 78' lang='grc' dir='ltr'><strong>παντοκράτορος</strong></span> <span class='ocrx_word' id='word_1_222' title='bbox 1658 2802 1818 2867; x_wconf 79' lang='grc' dir='ltr'><strong>Θεοῦ,</strong></span> 
     </span>
    </p>
   </div>
   <div class='ocr_carea' id='block_1_32' title="bbox 227 2890 1820 2966">
    <p class='ocr_par' dir='ltr' id='par_1_32' title="bbox 227 2890 1820 2966">
     <span class='ocr_line' id='line_1_32' title="bbox 227 2890 1820 2966; baseline -0.003 -18"><span class='ocrx_word' id='word_1_223' title='bbox 227 2896 355 2965; x_wconf 79' lang='grc' dir='ltr'><strong>τὴν,</strong></span> <span class='ocrx_word' id='word_1_224' title='bbox 385 2898 468 2948; x_wconf 84' lang='grc' dir='ltr'><strong>ὅτι</strong></span> <span class='ocrx_word' id='word_1_225' title='bbox 512 2914 531 2947; x_wconf 74' lang='grc' dir='ltr'><strong>ι</strong></span> <span class='ocrx_word' id='word_1_226' title='bbox 575 2897 652 2964; x_wconf 84' lang='grc' dir='ltr'><strong>Γῆ</strong></span> <span class='ocrx_word' id='word_1_227' title='bbox 681 2890 730 2947; x_wconf 83' lang='grc' dir='ltr'><strong>εἷ</strong></span> <span class='ocrx_word' id='word_1_228' title='bbox 763 2896 858 2948; x_wconf 79' lang='grc' dir='ltr'><strong>καὶ</strong></span> <span class='ocrx_word' id='word_1_229' title='bbox 880 2898 958 2958; x_wconf 81' lang='grc' dir='ltr'><strong>εἰς</strong></span> <span class='ocrx_word' id='word_1_230' title='bbox 985 2895 1088 2963; x_wconf 80' lang='grc' dir='ltr'><strong>γῆν</strong></span> <span class='ocrx_word' id='word_1_231' title='bbox 1109 2893 1412 2966; x_wconf 68' lang='grc' dir='ltr'><strong>ἀπελεύσῃ.</strong></span> <span class='ocrx_word' id='word_1_232' title='bbox 1455 2913 1472 2941; x_wconf 74' lang='grc' dir='ltr'><strong>ι</strong></span> <span class='ocrx_word' id='word_1_233' title='bbox 1501 2891 1705 2946; x_wconf 82' lang='grc' dir='ltr'><strong>Τοῦτον</strong></span> <span class='ocrx_word' id='word_1_234' title='bbox 1728 2893 1820 2944; x_wconf 82' lang='grc' dir='ltr'><strong>τὸν</strong></span> 
     </span>
    </p>
   </div>
   <div class='ocr_carea' id='block_1_33' title="bbox 229 2985 1817 3058">
    <p class='ocr_par' dir='ltr' id='par_1_33' title="bbox 229 2985 1817 3058">
     <span class='ocr_line' id='line_1_33' title="bbox 229 2985 1817 3058; baseline -0.003 -17"><span class='ocrx_word' id='word_1_235' title='bbox 229 2989 473 3042; x_wconf 73' lang='grc' dir='ltr'><strong>θάνατον</strong></span> <span class='ocrx_word' id='word_1_236' title='bbox 494 2988 902 3058; x_wconf 77' lang='grc' dir='ltr'><strong>ἁνυπερθέτως,</strong></span> <span class='ocrx_word' id='word_1_237' title='bbox 936 2989 1138 3050; x_wconf 80' lang='grc' dir='ltr'><strong>πάντες</strong></span> <span class='ocrx_word' id='word_1_238' title='bbox 1167 2986 1449 3056; x_wconf 81' lang='grc' dir='ltr'><strong>ἄνθρωποι</strong></span> <span class='ocrx_word' id='word_1_239' title='bbox 1481 2985 1683 3039; x_wconf 82' lang='grc' dir='ltr'><strong>δίκαιοι</strong></span> <span class='ocrx_word' id='word_1_240' title='bbox 1721 2985 1817 3038; x_wconf 74' lang='grc' dir='ltr'><strong>καὶ</strong></span> 
     </span>
    </p>
   </div>
   <div class='ocr_carea' id='block_1_34' title="bbox 228 3075 1817 3152">
    <p class='ocr_par' dir='ltr' id='par_1_34' title="bbox 228 3075 1817 3152">
     <span class='ocr_line' id='line_1_34' title="bbox 228 3075 1817 3152; baseline -0.006 -15"><span class='ocrx_word' id='word_1_241' title='bbox 228 3081 553 3152; x_wconf 76' lang='grc' dir='ltr'><strong>ἁμαρτωλοὶ</strong></span> <span class='ocrx_word' id='word_1_242' title='bbox 585 3081 834 3152; x_wconf 81' lang='grc' dir='ltr'><strong>μέτιμεν.</strong></span> <span class='ocrx_word' id='word_1_243' title='bbox 871 3080 1136 3147; x_wconf 78' lang='grc' dir='ltr'><strong>Δευτέρου</strong></span> <span class='ocrx_word' id='word_1_244' title='bbox 1162 3076 1220 3131; x_wconf 83' lang='grc' dir='ltr'><strong>δὲ</strong></span> <span class='ocrx_word' id='word_1_245' title='bbox 1255 3079 1418 3130; x_wconf 68' lang='grc' dir='ltr'><strong>πάλιν</strong></span> <span class='ocrx_word' id='word_1_246' title='bbox 1447 3077 1687 3130; x_wconf 69' lang='grc' dir='ltr'><strong>θανάτου</strong></span> <span class='ocrx_word' id='word_1_247' title='bbox 1721 3075 1817 3129; x_wconf 76' lang='grc' dir='ltr'><strong>καὶ</strong></span> 
     </span>
    </p>
   </div>
   <div class='ocr_carea' id='block_1_35' title="bbox 1905 682 3554 754">
    <p class='ocr_par' dir='ltr' id='par_1_35' title="bbox 1905 682 3554 754">
     <span class='ocr_line' id='line_1_35' title="bbox 1905 682 3554 754; baseline -0.001 -17"><span class='ocrx_word' id='word_1_248' title='bbox 1905 685 2178 754; x_wconf 89' lang='lat' dir='ltr'><strong>phemiam</strong></span> <span class='ocrx_word' id='word_1_249' title='bbox 2233 700 2422 739; x_wconf 87' lang='lat' dir='ltr'><strong>corum</strong></span> <span class='ocrx_word' id='word_1_250' title='bbox 2461 686 2552 753; x_wconf 92' lang='lat' dir='ltr'><strong>qui</strong></span> <span class='ocrx_word' id='word_1_251' title='bbox 2607 685 2773 739; x_wconf 87' lang='lat' dir='ltr'><strong>verbo</strong></span> <span class='ocrx_word' id='word_1_252' title='bbox 2811 682 2984 738; x_wconf 72' lang='lat' dir='ltr'><strong>Judaei</strong></span> <span class='ocrx_word' id='word_1_253' title='bbox 3022 695 3171 745; x_wconf 84' lang='lat' dir='ltr'><strong>sunt,</strong></span> <span class='ocrx_word' id='word_1_254' title='bbox 3207 700 3265 738; x_wconf 88' lang='lat' dir='ltr'><strong>re</strong></span> <span class='ocrx_word' id='word_1_255' title='bbox 3297 695 3480 739; x_wconf 82' lang='lat' dir='ltr'><strong>autem</strong></span> <span class='ocrx_word' id='word_1_256' title='bbox 3547 694 3554 701; x_wconf 90' lang='lat'>&#39;</span> 
     </span>
    </p>
   </div>
   <div class='ocr_carea' id='block_1_36' title="bbox 1905 774 3486 848">
    <p class='ocr_par' dir='ltr' id='par_1_36' title="bbox 1905 774 3486 848">
     <span class='ocr_line' id='line_1_36' title="bbox 1905 774 3486 848; baseline -0.001 -18"><span class='ocrx_word' id='word_1_257' title='bbox 1905 779 2022 848; x_wconf 89' lang='lat' dir='ltr'><strong>ipsa</strong></span> <span class='ocrx_word' id='word_1_258' title='bbox 2059 785 2187 833; x_wconf 89' lang='lat' dir='ltr'><strong>sunt</strong></span> <span class='ocrx_word' id='word_1_259' title='bbox 2231 791 2503 848; x_wconf 77' lang='lat' dir='ltr'><strong>synagoga</strong></span> <span class='ocrx_word' id='word_1_260' title='bbox 2561 777 2795 831; x_wconf 71' lang='lat' dir='ltr'><strong>Satanm.</strong></span> <span class='ocrx_word' id='word_1_261' title='bbox 2848 774 3038 846; x_wconf 85' lang='lat' dir='ltr'><strong>Neque</strong></span> <span class='ocrx_word' id='word_1_262' title='bbox 3093 776 3239 830; x_wconf 90' lang='lat' dir='ltr'><strong>enim</strong></span> <span class='ocrx_word' id='word_1_263' title='bbox 3297 777 3391 846; x_wconf 84' lang='lat' dir='ltr'><strong>qui</strong></span> <span class='ocrx_word' id='word_1_264' title='bbox 3434 779 3486 829; x_wconf 92' lang='lat' dir='ltr'><strong>in</strong></span> 
     </span>
    </p>
   </div>
   <div class='ocr_carea' id='block_1_37' title="bbox 1907 863 3489 934">
    <p class='ocr_par' dir='ltr' id='par_1_37' title="bbox 1907 863 3489 934">
     <span class='ocr_line' id='line_1_37' title="bbox 1907 863 3489 934; baseline -0.001 -12"><span class='ocrx_word' id='word_1_265' title='bbox 1907 868 2198 923; x_wconf 78' lang='lat' dir='ltr'><strong>manifesto</strong></span> <span class='ocrx_word' id='word_1_266' title='bbox 2219 866 2440 921; x_wconf 56' lang='lat' dir='ltr'><strong>Iudaeus</strong></span> <span class='ocrx_word' id='word_1_267' title='bbox 2473 865 2656 930; x_wconf 78' lang='lat' dir='ltr'><strong>fuerit,</strong></span> <span class='ocrx_word' id='word_1_268' title='bbox 2682 867 2728 920; x_wconf 90' lang='lat' dir='ltr'>is</span> <span class='ocrx_word' id='word_1_269' title='bbox 2759 882 2883 921; x_wconf 88' lang='lat' dir='ltr'><strong>vere</strong></span> <span class='ocrx_word' id='word_1_270' title='bbox 2910 863 3140 920; x_wconf 72' lang='lat' dir='ltr'><strong>Judmus</strong></span> <span class='ocrx_word' id='word_1_271' title='bbox 3162 865 3365 929; x_wconf 87' lang='lat' dir='ltr'><strong>est,sed</strong></span> <span class='ocrx_word' id='word_1_272' title='bbox 3397 867 3489 934; x_wconf 83' lang='lat' dir='ltr'><strong>qui</strong></span> 
     </span>
    </p>
   </div>
   <div class='ocr_carea' id='block_1_38' title="bbox 1909 958 3490 1029">
    <p class='ocr_par' dir='ltr' id='par_1_38' title="bbox 1909 958 3490 1029">
     <span class='ocr_line' id='line_1_38' title="bbox 1909 958 3490 1029; baseline -0.002 -15"><span class='ocrx_word' id='word_1_273' title='bbox 1909 961 1962 1016; x_wconf 90' lang='lat' dir='ltr'><strong>in</strong></span> <span class='ocrx_word' id='word_1_274' title='bbox 1993 961 2208 1015; x_wconf 87' lang='lat' dir='ltr'><strong>occulto</strong></span> <span class='ocrx_word' id='word_1_275' title='bbox 2239 969 2292 1014; x_wconf 93' lang='lat' dir='ltr'><strong>et</strong></span> <span class='ocrx_word' id='word_1_276' title='bbox 2318 959 2732 1013; x_wconf 85' lang='lat' dir='ltr'><strong>circumcisione</strong></span> <span class='ocrx_word' id='word_1_277' title='bbox 2757 958 2960 1024; x_wconf 87' lang='lat' dir='ltr'><strong>cordis,</strong></span> <span class='ocrx_word' id='word_1_278' title='bbox 2987 959 3080 1029; x_wconf 89' lang='lat' dir='ltr'><strong>qui</strong></span> <span class='ocrx_word' id='word_1_279' title='bbox 3126 974 3222 1028; x_wconf 90' lang='lat' dir='ltr'><strong>per</strong></span> <span class='ocrx_word' id='word_1_280' title='bbox 3251 958 3490 1012; x_wconf 81' lang='lat' dir='ltr'><strong>ablatio-</strong></span> 
     </span>
    </p>
   </div>
   <div class='ocr_carea' id='block_1_39' title="bbox 1911 1053 3486 1124">
    <p class='ocr_par' dir='ltr' id='par_1_39' title="bbox 1911 1053 3486 1124">
     <span class='ocr_line' id='line_1_39' title="bbox 1911 1053 3486 1124; baseline -0.001 -14"><span class='ocrx_word' id='word_1_281' title='bbox 1911 1072 2034 1111; x_wconf 89' lang='lat' dir='ltr'><strong>nem</strong></span> <span class='ocrx_word' id='word_1_282' title='bbox 2070 1055 2365 1110; x_wconf 87' lang='lat' dir='ltr'><strong>materialis</strong></span> <span class='ocrx_word' id='word_1_283' title='bbox 2414 1054 2570 1124; x_wconf 90' lang='lat' dir='ltr'><strong>pellis</strong></span> <span class='ocrx_word' id='word_1_284' title='bbox 2619 1069 2741 1122; x_wconf 80' lang='lat' dir='ltr'><strong>qua:</strong></span> <span class='ocrx_word' id='word_1_285' title='bbox 2771 1053 3120 1108; x_wconf 87' lang='lat' dir='ltr'><strong>circumdare</strong></span> <span class='ocrx_word' id='word_1_286' title='bbox 3145 1055 3486 1124; x_wconf 88' lang='lat' dir='ltr'><strong>conspicitur</strong></span> 
     </span>
    </p>
   </div>
   <div class='ocr_carea' id='block_1_40' title="bbox 1914 1149 3481 1219">
    <p class='ocr_par' dir='ltr' id='par_1_40' title="bbox 1914 1149 3481 1219">
     <span class='ocr_line' id='line_1_40' title="bbox 1914 1149 3481 1219; baseline 0 -15"><span class='ocrx_word' id='word_1_287' title='bbox 1914 1151 2221 1204; x_wconf 79' lang='lat' dir='ltr'><strong>membrum</strong></span> <span class='ocrx_word' id='word_1_288' title='bbox 2272 1151 2528 1219; x_wconf 79' lang='lat' dir='ltr'><strong>genitale,</strong></span> <span class='ocrx_word' id='word_1_289' title='bbox 2559 1149 2802 1218; x_wconf 89' lang='lat' dir='ltr'><strong>seipsum</strong></span> <span class='ocrx_word' id='word_1_290' title='bbox 2869 1158 2980 1203; x_wconf 84' lang='lat' dir='ltr'><strong>tota</strong></span> <span class='ocrx_word' id='word_1_291' title='bbox 3019 1150 3125 1204; x_wconf 87' lang='lat' dir='ltr'><strong>vita</strong></span> <span class='ocrx_word' id='word_1_292' title='bbox 3160 1151 3481 1205; x_wconf 90' lang='lat' dir='ltr'><strong>immutasse</strong></span> 
     </span>
    </p>
   </div>
   <div class='ocr_carea' id='block_1_41' title="bbox 1912 1242 3483 1313">
    <p class='ocr_par' dir='ltr' id='par_1_41' title="bbox 1912 1242 3483 1313">
     <span class='ocr_line' id='line_1_41' title="bbox 1912 1242 3483 1313; baseline 0.002 -16"><span class='ocrx_word' id='word_1_293' title='bbox 1912 1244 2251 1313; x_wconf 81' lang='lat' dir='ltr'><strong>designatur,</strong></span> <span class='ocrx_word' id='word_1_294' title='bbox 2282 1254 2335 1297; x_wconf 89' lang='lat' dir='ltr'><strong>et</strong></span> <span class='ocrx_word' id='word_1_295' title='bbox 2364 1242 2418 1296; x_wconf 91' lang='lat' dir='ltr'><strong>in</strong></span> <span class='ocrx_word' id='word_1_296' title='bbox 2477 1243 2656 1296; x_wconf 84' lang='lat' dir='ltr'><strong>anima</strong></span> <span class='ocrx_word' id='word_1_297' title='bbox 2697 1251 2994 1296; x_wconf 73' lang='lat' dir='ltr'><strong>exornatus</strong></span> <span class='ocrx_word' id='word_1_298' title='bbox 3029 1257 3154 1295; x_wconf 87' lang='lat' dir='ltr'><strong>esse</strong></span> <span class='ocrx_word' id='word_1_299' title='bbox 3183 1244 3251 1296; x_wconf 87' lang='lat' dir='ltr'><strong>ad</strong></span> <span class='ocrx_word' id='word_1_300' title='bbox 3275 1244 3483 1300; x_wconf 85' lang='lat' dir='ltr'><strong>divina.</strong></span> 
     </span>
    </p>
   </div>
   <div class='ocr_carea' id='block_1_42' title="bbox 1920 1334 3495 1402">
    <p class='ocr_par' dir='ltr' id='par_1_42' title="bbox 1920 1334 3495 1402">
     <span class='ocr_line' id='line_1_42' title="bbox 1920 1334 3495 1402; baseline -0.003 -12"><span class='ocrx_word' id='word_1_301' title='bbox 1920 1334 2055 1390; x_wconf 83' lang='lat' dir='ltr'><strong>Nam</strong></span> <span class='ocrx_word' id='word_1_302' title='bbox 2099 1337 2143 1390; x_wconf 91' lang='lat' dir='ltr'><strong>si</strong></span> <span class='ocrx_word' id='word_1_303' title='bbox 2176 1334 2348 1389; x_wconf 84' lang='lat' dir='ltr'><strong>Judas</strong></span> <span class='ocrx_word' id='word_1_304' title='bbox 2382 1336 2777 1402; x_wconf 75' lang='lat' dir='ltr'><strong>interpretatur</strong></span> <span class='ocrx_word' id='word_1_305' title='bbox 2799 1334 3087 1402; x_wconf 75' lang='lat' dir='ltr'><strong>confessio,</strong></span> <span class='ocrx_word' id='word_1_306' title='bbox 3119 1334 3283 1389; x_wconf 87' lang='lat' dir='ltr'><strong>Israel</strong></span> <span class='ocrx_word' id='word_1_307' title='bbox 3315 1344 3495 1388; x_wconf 82' lang='lat' dir='ltr'><strong>autem</strong></span> 
     </span>
    </p>
   </div>
   <div class='ocr_carea' id='block_1_43' title="bbox 1915 1427 3500 1498">
    <p class='ocr_par' dir='ltr' id='par_1_43' title="bbox 1915 1427 3500 1498">
     <span class='ocr_line' id='line_1_43' title="bbox 1915 1427 3500 1498; baseline 0 -16"><span class='ocrx_word' id='word_1_308' title='bbox 1915 1445 2058 1483; x_wconf 79' lang='lat' dir='ltr'><strong>mens</strong></span> <span class='ocrx_word' id='word_1_309' title='bbox 2116 1445 2234 1498; x_wconf 74' lang='lat' dir='ltr'><strong>qua:</strong></span> <span class='ocrx_word' id='word_1_310' title='bbox 2291 1427 2459 1481; x_wconf 89' lang='lat' dir='ltr'><strong>Deum</strong></span> <span class='ocrx_word' id='word_1_311' title='bbox 2522 1429 2808 1482; x_wconf 75' lang='lat' dir='ltr'><strong>intuetur:</strong></span> <span class='ocrx_word' id='word_1_312' title='bbox 2845 1429 2896 1481; x_wconf 93' lang='lat' dir='ltr'><strong>hi</strong></span> <span class='ocrx_word' id='word_1_313' title='bbox 2954 1430 3182 1483; x_wconf 89' lang='lat' dir='ltr'><strong>omnino</strong></span> <span class='ocrx_word' id='word_1_314' title='bbox 3214 1428 3323 1481; x_wconf 81' lang='lat' dir='ltr'><strong>veri</strong></span> <span class='ocrx_word' id='word_1_315' title='bbox 3370 1434 3500 1482; x_wconf 83' lang='lat' dir='ltr'><strong>sunt.</strong></span> 
     </span>
    </p>
   </div>
   <div class='ocr_carea' id='block_1_44' title="bbox 1912 1519 3497 1587">
    <p class='ocr_par' dir='ltr' id='par_1_44' title="bbox 1912 1519 3497 1587">
     <span class='ocr_line' id='line_1_44' title="bbox 1912 1519 3497 1587; baseline -0.001 -11"><span class='ocrx_word' id='word_1_316' title='bbox 1912 1521 2081 1576; x_wconf 68' lang='lat' dir='ltr'><strong>Judati</strong></span> <span class='ocrx_word' id='word_1_317' title='bbox 2163 1529 2215 1574; x_wconf 87' lang='lat' dir='ltr'><strong>et</strong></span> <span class='ocrx_word' id='word_1_318' title='bbox 2248 1520 2433 1582; x_wconf 78' lang='lat' dir='ltr'><strong>Israel,</strong></span> <span class='ocrx_word' id='word_1_319' title='bbox 2493 1521 2584 1587; x_wconf 88' lang='lat' dir='ltr'><strong>qui</strong></span> <span class='ocrx_word' id='word_1_320' title='bbox 2633 1519 2908 1574; x_wconf 83' lang='lat' dir='ltr'><strong>Christum</strong></span> <span class='ocrx_word' id='word_1_321' title='bbox 2972 1520 3318 1584; x_wconf 80' lang='lat' dir='ltr'><strong>conﬁtentur,</strong></span> <span class='ocrx_word' id='word_1_322' title='bbox 3383 1519 3497 1575; x_wconf 90' lang='lat' dir='ltr'><strong>sive</strong></span> 
     </span>
    </p>
   </div>
   <div class='ocr_carea' id='block_1_45' title="bbox 1915 1612 3496 1686">
    <p class='ocr_par' dir='ltr' id='par_1_45' title="bbox 1915 1612 3496 1686">
     <span class='ocr_line' id='line_1_45' title="bbox 1915 1612 3496 1686; baseline -0.002 -17"><span class='ocrx_word' id='word_1_323' title='bbox 1915 1616 2120 1686; x_wconf 74' lang='lat' dir='ltr'><strong>gratias</strong></span> <span class='ocrx_word' id='word_1_324' title='bbox 2159 1621 2322 1684; x_wconf 79' lang='lat' dir='ltr'><strong>agunt</strong></span> <span class='ocrx_word' id='word_1_325' title='bbox 2385 1613 2454 1666; x_wconf 91' lang='lat' dir='ltr'><strong>ob</strong></span> <span class='ocrx_word' id='word_1_326' title='bbox 2494 1628 2686 1683; x_wconf 82' lang='lat' dir='ltr'><strong>magna</strong></span> <span class='ocrx_word' id='word_1_327' title='bbox 2733 1613 3019 1676; x_wconf 74' lang='lat' dir='ltr'><strong>beneﬁcia,</strong></span> <span class='ocrx_word' id='word_1_328' title='bbox 3075 1613 3275 1680; x_wconf 82' lang='lat' dir='ltr'><strong>quibus</strong></span> <span class='ocrx_word' id='word_1_329' title='bbox 3320 1612 3496 1666; x_wconf 72' lang='lat' dir='ltr'><strong>allecti</strong></span> 
     </span>
    </p>
   </div>
   <div class='ocr_carea' id='block_1_46' title="bbox 1918 1703 3491 1776">
    <p class='ocr_par' dir='ltr' id='par_1_46' title="bbox 1918 1703 3491 1776">
     <span class='ocr_line' id='line_1_46' title="bbox 1918 1703 3491 1776; baseline -0.005 -13"><span class='ocrx_word' id='word_1_330' title='bbox 1918 1724 2109 1763; x_wconf 89' lang='lat' dir='ltr'><strong>sumus</strong></span> <span class='ocrx_word' id='word_1_331' title='bbox 2150 1721 2244 1776; x_wconf 91' lang='lat' dir='ltr'><strong>per</strong></span> <span class='ocrx_word' id='word_1_332' title='bbox 2290 1705 2582 1759; x_wconf 79' lang='lat' dir='ltr'><strong>adventum</strong></span> <span class='ocrx_word' id='word_1_333' title='bbox 2619 1704 2741 1775; x_wconf 86' lang='lat' dir='ltr'><strong>ejus</strong></span> <span class='ocrx_word' id='word_1_334' title='bbox 2783 1705 2836 1759; x_wconf 91' lang='lat' dir='ltr'><strong>in</strong></span> <span class='ocrx_word' id='word_1_335' title='bbox 2863 1720 3029 1759; x_wconf 87' lang='lat' dir='ltr'><strong>carne</strong></span> <span class='ocrx_word' id='word_1_336' title='bbox 3060 1703 3126 1758; x_wconf 86' lang='lat' dir='ltr'><strong>ad</strong></span> <span class='ocrx_word' id='word_1_337' title='bbox 3177 1718 3295 1758; x_wconf 92' lang='lat' dir='ltr'><strong>nos.</strong></span> <span class='ocrx_word' id='word_1_338' title='bbox 3327 1703 3491 1775; x_wconf 70' lang='lat'><strong>667</strong></span> 
     </span>
    </p>
   </div>
   <div class='ocr_carea' id='block_1_47' title="bbox 1919 1794 3499 1866">
    <p class='ocr_par' dir='ltr' id='par_1_47' title="bbox 1919 1794 3499 1866">
     <span class='ocr_line' id='line_1_47' title="bbox 1919 1794 3499 1866; baseline -0.008 -9"><span class='ocrx_word' id='word_1_339' title='bbox 1919 1801 2053 1857; x_wconf 83' lang='lat' dir='ltr'><strong>Nam</strong></span> <span class='ocrx_word' id='word_1_340' title='bbox 2118 1801 2223 1854; x_wconf 93' lang='lat' dir='ltr'><strong>hoc</strong></span> <span class='ocrx_word' id='word_1_341' title='bbox 2273 1799 2548 1866; x_wconf 83' lang='lat' dir='ltr'><strong>signiﬁcat</strong></span> <span class='ocrx_word' id='word_1_342' title='bbox 2619 1797 2708 1851; x_wconf 90' lang='lat' dir='ltr'><strong>illa</strong></span> <span class='ocrx_word' id='word_1_343' title='bbox 2781 1795 3079 1857; x_wconf 80' lang='lat' dir='ltr'><strong>confessio;</strong></span> <span class='ocrx_word' id='word_1_344' title='bbox 3125 1794 3290 1850; x_wconf 83' lang='lat' dir='ltr'><strong>Israel</strong></span> <span class='ocrx_word' id='word_1_345' title='bbox 3366 1811 3499 1847; x_wconf 75' lang='lat' dir='ltr'><strong>vero</strong></span> 
     </span>
    </p>
   </div>
   <div class='ocr_carea' id='block_1_48' title="bbox 1919 1887 3501 1968">
    <p class='ocr_par' dir='ltr' id='par_1_48' title="bbox 1919 1887 3501 1968">
     <span class='ocr_line' id='line_1_48' title="bbox 1919 1887 3501 1968; baseline -0.009 -17"><span class='ocrx_word' id='word_1_346' title='bbox 1919 1898 2012 1968; x_wconf 90' lang='lat' dir='ltr'><strong>qui</strong></span> <span class='ocrx_word' id='word_1_347' title='bbox 2066 1906 2356 1951; x_wconf 85' lang='lat' dir='ltr'><strong>assecutus</strong></span> <span class='ocrx_word' id='word_1_348' title='bbox 2413 1902 2498 1947; x_wconf 85' lang='lat' dir='ltr'><strong>est</strong></span> <span class='ocrx_word' id='word_1_349' title='bbox 2551 1899 2612 1946; x_wconf 89' lang='lat' dir='ltr'><strong>ut</strong></span> <span class='ocrx_word' id='word_1_350' title='bbox 2661 1891 2830 1945; x_wconf 88' lang='lat' dir='ltr'><strong>Deum</strong></span> <span class='ocrx_word' id='word_1_351' title='bbox 2899 1899 3082 1942; x_wconf 86' lang='lat' dir='ltr'><strong>mente</strong></span> <span class='ocrx_word' id='word_1_352' title='bbox 3131 1889 3345 1949; x_wconf 87' lang='lat' dir='ltr'><strong>videat,</strong></span> <span class='ocrx_word' id='word_1_353' title='bbox 3406 1887 3501 1954; x_wconf 86' lang='lat' dir='ltr'><strong>qui</strong></span> 
     </span>
    </p>
   </div>
   <div class='ocr_carea' id='block_1_49' title="bbox 1921 1978 3504 2054">
    <p class='ocr_par' dir='ltr' id='par_1_49' title="bbox 1921 1978 3504 2054">
     <span class='ocr_line' id='line_1_49' title="bbox 1921 1978 3504 2054; baseline -0.008 -10"><span class='ocrx_word' id='word_1_354' title='bbox 1921 1991 2064 2044; x_wconf 86' lang='lat' dir='ltr'><strong>nulla</strong></span> <span class='ocrx_word' id='word_1_355' title='bbox 2097 2005 2155 2042; x_wconf 90' lang='lat' dir='ltr'><strong>re</strong></span> <span class='ocrx_word' id='word_1_356' title='bbox 2185 1988 2513 2042; x_wconf 85' lang='lat' dir='ltr'><strong>obscuratur</strong></span> <span class='ocrx_word' id='word_1_357' title='bbox 2545 1998 2650 2054; x_wconf 89' lang='lat' dir='ltr'><strong>qua</strong></span> <span class='ocrx_word' id='word_1_358' title='bbox 2688 1982 2839 2053; x_wconf 89' lang='lat' dir='ltr'><strong>prius</strong></span> <span class='ocrx_word' id='word_1_359' title='bbox 2858 1982 2995 2036; x_wconf 83' lang='lat' dir='ltr'><strong>solet</strong></span> <span class='ocrx_word' id='word_1_360' title='bbox 3016 1981 3296 2049; x_wconf 84' lang='lat' dir='ltr'><strong>occupari.</strong></span> <span class='ocrx_word' id='word_1_361' title='bbox 3319 1978 3504 2047; x_wconf 86' lang='lat' dir='ltr'><strong>Itaque</strong></span> 
     </span>
    </p>
   </div>
   <div class='ocr_carea' id='block_1_50' title="bbox 1922 2071 3500 2152">
    <p class='ocr_par' dir='ltr' id='par_1_50' title="bbox 1922 2071 3500 2152">
     <span class='ocr_line' id='line_1_50' title="bbox 1922 2071 3500 2152; baseline -0.008 -15"><span class='ocrx_word' id='word_1_362' title='bbox 1922 2097 2098 2152; x_wconf 82' lang='lat' dir='ltr'><strong>neque</strong></span> <span class='ocrx_word' id='word_1_363' title='bbox 2121 2080 2291 2136; x_wconf 76' lang='lat' dir='ltr'><strong>Judzei</strong></span> <span class='ocrx_word' id='word_1_364' title='bbox 2324 2088 2454 2134; x_wconf 91' lang='lat' dir='ltr'><strong>sunt</strong></span> <span class='ocrx_word' id='word_1_365' title='bbox 2508 2092 2682 2147; x_wconf 90' lang='lat' dir='ltr'><strong>neque</strong></span> <span class='ocrx_word' id='word_1_366' title='bbox 2733 2074 2922 2136; x_wconf 90' lang='lat' dir='ltr'><strong>Israel,</strong></span> <span class='ocrx_word' id='word_1_367' title='bbox 2957 2075 3048 2141; x_wconf 83' lang='lat' dir='ltr'><strong>qui</strong></span> <span class='ocrx_word' id='word_1_368' title='bbox 3096 2088 3204 2127; x_wconf 90' lang='lat' dir='ltr'><strong>non</strong></span> <span class='ocrx_word' id='word_1_369' title='bbox 3246 2071 3500 2128; x_wconf 89' lang='lat' dir='ltr'><strong>conversi</strong></span> 
     </span>
    </p>
   </div>
   <div class='ocr_carea' id='block_1_51' title="bbox 1921 2164 3504 2246">
    <p class='ocr_par' dir='ltr' id='par_1_51' title="bbox 1921 2164 3504 2246">
     <span class='ocr_line' id='line_1_51' title="bbox 1921 2164 3504 2246; baseline -0.009 -16"><span class='ocrx_word' id='word_1_370' title='bbox 1921 2182 2242 2246; x_wconf 90' lang='lat' dir='ltr'><strong>permanent</strong></span> <span class='ocrx_word' id='word_1_371' title='bbox 2277 2173 2330 2226; x_wconf 91' lang='lat' dir='ltr'><strong>in</strong></span> <span class='ocrx_word' id='word_1_372' title='bbox 2372 2169 2780 2231; x_wconf 84' lang='lat' dir='ltr'><strong>incredulitate,</strong></span> <span class='ocrx_word' id='word_1_373' title='bbox 2825 2168 2918 2221; x_wconf 88' lang='lat' dir='ltr'><strong>sed</strong></span> <span class='ocrx_word' id='word_1_374' title='bbox 2952 2164 3386 2234; x_wconf 84' lang='lat' dir='ltr'><strong>blasphemando</strong></span> <span class='ocrx_word' id='word_1_375' title='bbox 3412 2179 3504 2216; x_wconf 91' lang='lat' dir='ltr'><strong>os-</strong></span> 
     </span>
    </p>
   </div>
   <div class='ocr_carea' id='block_1_52' title="bbox 1924 2253 3506 2335">
    <p class='ocr_par' dir='ltr' id='par_1_52' title="bbox 1924 2253 3506 2335">
     <span class='ocr_line' id='line_1_52' title="bbox 1924 2253 3506 2335; baseline -0.01 -14"><span class='ocrx_word' id='word_1_376' title='bbox 1924 2268 2156 2323; x_wconf 89' lang='lat' dir='ltr'><strong>tendunt</strong></span> <span class='ocrx_word' id='word_1_377' title='bbox 2187 2281 2248 2321; x_wconf 89' lang='lat' dir='ltr'><strong>se</strong></span> <span class='ocrx_word' id='word_1_378' title='bbox 2289 2276 2628 2335; x_wconf 78' lang='lat' dir='ltr'><strong>synagogam</strong></span> <span class='ocrx_word' id='word_1_379' title='bbox 2671 2275 2793 2314; x_wconf 85' lang='lat' dir='ltr'><strong>esse</strong></span> <span class='ocrx_word' id='word_1_380' title='bbox 2829 2258 3071 2318; x_wconf 62' lang='lat' dir='ltr'><strong>Satanae.</strong></span> <span class='ocrx_word' id='word_1_381' title='bbox 3115 2257 3259 2326; x_wconf 83' lang='lat' dir='ltr'><strong>capti</strong></span> <span class='ocrx_word' id='word_1_382' title='bbox 3299 2255 3368 2308; x_wconf 85' lang='lat' dir='ltr'><strong>ab</strong></span> <span class='ocrx_word' id='word_1_383' title='bbox 3413 2253 3506 2306; x_wconf 89' lang='lat' dir='ltr'><strong>illo</strong></span> 
     </span>
    </p>
   </div>
   <div class='ocr_carea' id='block_1_53' title="bbox 1924 2345 3504 2429">
    <p class='ocr_par' dir='ltr' id='par_1_53' title="bbox 1924 2345 3504 2429">
     <span class='ocr_line' id='line_1_53' title="bbox 1924 2345 3504 2429; baseline -0.009 -17"><span class='ocrx_word' id='word_1_384' title='bbox 1924 2363 1990 2414; x_wconf 85' lang='lat' dir='ltr'><strong>ad</strong></span> <span class='ocrx_word' id='word_1_385' title='bbox 2034 2360 2206 2429; x_wconf 88' lang='lat' dir='ltr'><strong>ipsius</strong></span> <span class='ocrx_word' id='word_1_386' title='bbox 2239 2357 2598 2417; x_wconf 83' lang='lat' dir='ltr'><strong>voluntatem,</strong></span> <span class='ocrx_word' id='word_1_387' title='bbox 2631 2362 2892 2422; x_wconf 82' lang='lat' dir='ltr'><strong>tanquam</strong></span> <span class='ocrx_word' id='word_1_388' title='bbox 2920 2351 2989 2407; x_wconf 87' lang='lat' dir='ltr'><strong>ab</strong></span> <span class='ocrx_word' id='word_1_389' title='bbox 3020 2350 3139 2420; x_wconf 87' lang='lat' dir='ltr'><strong>ipso</strong></span> <span class='ocrx_word' id='word_1_390' title='bbox 3188 2345 3504 2416; x_wconf 74' lang='lat' dir='ltr'><strong>expugnati.</strong></span> 
     </span>
    </p>
   </div>
   <div class='ocr_carea' id='block_1_54' title="bbox 1999 2441 3506 2510">
    <p class='ocr_par' dir='ltr' id='par_1_54' title="bbox 1999 2441 3506 2510">
     <span class='ocr_line' id='line_1_54' title="bbox 1999 2441 3506 2510; baseline -0.01 -3"><span class='ocrx_word' id='word_1_391' title='bbox 1999 2453 2120 2507; x_wconf 83' lang='lat' dir='ltr'><strong>Non</strong></span> <span class='ocrx_word' id='word_1_392' title='bbox 2150 2450 2374 2505; x_wconf 74' lang='lat' dir='ltr'><strong>lwdetnr</strong></span> <span class='ocrx_word' id='word_1_393' title='bbox 2407 2465 2439 2503; x_wconf 78' lang='grc' dir='ltr'><strong>α</strong></span> <span class='ocrx_word' id='word_1_394' title='bbox 2467 2457 2636 2501; x_wconf 87' lang='lat' dir='ltr'><strong>morte</strong></span> <span class='ocrx_word' id='word_1_395' title='bbox 2687 2445 2944 2500; x_wconf 73' lang='lat' dir='ltr'><strong>secunda.</strong></span> <span class='ocrx_word' id='word_1_396' title='bbox 2990 2442 3193 2496; x_wconf 68' lang='lat' dir='ltr'><strong>Exacte</strong></span> <span class='ocrx_word' id='word_1_397' title='bbox 3229 2441 3506 2510; x_wconf 86' lang='lat' dir='ltr'><strong>loquendo</strong></span> 
     </span>
    </p>
   </div>
   <div class='ocr_carea' id='block_1_55' title="bbox 1921 2533 3507 2602">
    <p class='ocr_par' dir='ltr' id='par_1_55' title="bbox 1921 2533 3507 2602">
     <span class='ocr_line' id='line_1_55' title="bbox 1921 2533 3507 2602; baseline -0.008 -4"><span class='ocrx_word' id='word_1_398' title='bbox 1921 2546 2026 2598; x_wconf 86' lang='lat' dir='ltr'><strong>hoc</strong></span> <span class='ocrx_word' id='word_1_399' title='bbox 2055 2543 2258 2598; x_wconf 92' lang='lat' dir='ltr'><strong>dictum</strong></span> <span class='ocrx_word' id='word_1_400' title='bbox 2282 2549 2384 2597; x_wconf 87' lang='lat' dir='ltr'><strong>est.</strong></span> <span class='ocrx_word' id='word_1_401' title='bbox 2420 2539 2558 2596; x_wconf 86' lang='lat' dir='ltr'><strong>Cum</strong></span> <span class='ocrx_word' id='word_1_402' title='bbox 2600 2538 2747 2593; x_wconf 81' lang='lat' dir='ltr'><strong>enim</strong></span> <span class='ocrx_word' id='word_1_403' title='bbox 2775 2535 2898 2590; x_wconf 70' lang='lat' dir='ltr'><strong>dua:</strong></span> <span class='ocrx_word' id='word_1_404' title='bbox 2927 2536 3038 2589; x_wconf 87' lang='lat' dir='ltr'><strong>sint</strong></span> <span class='ocrx_word' id='word_1_405' title='bbox 3068 2543 3294 2595; x_wconf 86' lang='lat' dir='ltr'><strong>mortes,</strong></span> <span class='ocrx_word' id='word_1_406' title='bbox 3328 2533 3507 2602; x_wconf 84' lang='lat' dir='ltr'><strong>prima</strong></span> 
     </span>
    </p>
   </div>
   <div class='ocr_carea' id='block_1_56' title="bbox 1923 2627 3507 2702">
    <p class='ocr_par' dir='ltr' id='par_1_56' title="bbox 1923 2627 3507 2702">
     <span class='ocr_line' id='line_1_56' title="bbox 1923 2627 3507 2702; baseline -0.009 -11"><span class='ocrx_word' id='word_1_407' title='bbox 1923 2635 2189 2691; x_wconf 88' lang='lat' dir='ltr'><strong>naturalis</strong></span> <span class='ocrx_word' id='word_1_408' title='bbox 2215 2643 2318 2698; x_wconf 89' lang='lat' dir='ltr'><strong>est,</strong></span> <span class='ocrx_word' id='word_1_409' title='bbox 2347 2646 2540 2702; x_wconf 81' lang='lat' dir='ltr'><strong>nempe</strong></span> <span class='ocrx_word' id='word_1_410' title='bbox 2597 2631 2793 2685; x_wconf 71' lang='lat' dir='ltr'><strong>anima:</strong></span> <span class='ocrx_word' id='word_1_411' title='bbox 2852 2627 3127 2699; x_wconf 81' lang='lat' dir='ltr'><strong>separatio</strong></span> <span class='ocrx_word' id='word_1_412' title='bbox 3164 2642 3195 2681; x_wconf 89' lang='lat' dir='ltr'><strong>a</strong></span> <span class='ocrx_word' id='word_1_413' title='bbox 3252 2638 3507 2694; x_wconf 89' lang='lat' dir='ltr'><strong>corpore,</strong></span> 
     </span>
    </p>
   </div>
   <div class='ocr_carea' id='block_1_57' title="bbox 1923 2713 3508 2796">
    <p class='ocr_par' dir='ltr' id='par_1_57' title="bbox 1923 2713 3508 2796">
     <span class='ocr_line' id='line_1_57' title="bbox 1923 2713 3508 2796; baseline -0.009 -13"><span class='ocrx_word' id='word_1_414' title='bbox 1923 2729 2226 2783; x_wconf 80' lang='lat' dir='ltr'><strong>secundum</strong></span> <span class='ocrx_word' id='word_1_415' title='bbox 2260 2725 2469 2796; x_wconf 88' lang='lat' dir='ltr'><strong>justam</strong></span> <span class='ocrx_word' id='word_1_416' title='bbox 2494 2735 2548 2779; x_wconf 87' lang='lat' dir='ltr'><strong>et</strong></span> <span class='ocrx_word' id='word_1_417' title='bbox 2574 2721 2939 2776; x_wconf 83' lang='lat' dir='ltr'><strong>inevitabilem</strong></span> <span class='ocrx_word' id='word_1_418' title='bbox 2970 2717 3364 2788; x_wconf 81' lang='lat' dir='ltr'><strong>omnipotentis</strong></span> <span class='ocrx_word' id='word_1_419' title='bbox 3413 2713 3508 2768; x_wconf 88' lang='lat' dir='ltr'><strong>Dei</strong></span> 
     </span>
    </p>
   </div>
   <div class='ocr_carea' id='block_1_58' title="bbox 1923 2812 3511 2887">
    <p class='ocr_par' dir='ltr' id='par_1_58' title="bbox 1923 2812 3511 2887">
     <span class='ocr_line' id='line_1_58' title="bbox 1923 2812 3511 2887; baseline -0.009 -11"><span class='ocrx_word' id='word_1_420' title='bbox 1923 2821 2276 2882; x_wconf 89' lang='lat' dir='ltr'><strong>sententiam,</strong></span> <span class='ocrx_word' id='word_1_421' title='bbox 2316 2827 2443 2887; x_wconf 87' lang='lat' dir='ltr'><strong>puta</strong></span> <span class='ocrx_word' id='word_1_422' title='bbox 2482 2835 2494 2870; x_wconf 91' lang='lat'><strong>:</strong></span> <span class='ocrx_word' id='word_1_423' title='bbox 2534 2813 2732 2869; x_wconf 68' lang='lat' dir='ltr'><strong>«Terra</strong></span> <span class='ocrx_word' id='word_1_424' title='bbox 2755 2828 2817 2869; x_wconf 89' lang='lat' dir='ltr'><strong>es</strong></span> <span class='ocrx_word' id='word_1_425' title='bbox 2847 2821 2903 2867; x_wconf 88' lang='lat' dir='ltr'><strong>et</strong></span> <span class='ocrx_word' id='word_1_426' title='bbox 2933 2812 2987 2866; x_wconf 92' lang='lat' dir='ltr'><strong>in</strong></span> <span class='ocrx_word' id='word_1_427' title='bbox 3033 2820 3103 2866; x_wconf 80' lang='lat' dir='ltr'><strong>tet</strong></span> <span class='ocrx_word' id='word_1_428' title='bbox 3118 2824 3234 2865; x_wconf 82' lang='lat' dir='ltr'><strong>ram</strong></span> <span class='ocrx_word' id='word_1_429' title='bbox 3265 2815 3511 2864; x_wconf 82' lang='lat' dir='ltr'><strong>reverte-</strong></span> 
     </span>
    </p>
   </div>
   <div class='ocr_carea' id='block_1_59' title="bbox 1924 2898 3498 2969">
    <p class='ocr_par' dir='ltr' id='par_1_59' title="bbox 1924 2898 3498 2969">
     <span class='ocr_line' id='line_1_59' title="bbox 1924 2898 3498 2969; baseline -0.011 -1"><span class='ocrx_word' id='word_1_430' title='bbox 1924 2915 2001 2968; x_wconf 92' lang='lat' dir='ltr'><strong>ris</strong></span> <span class='ocrx_word' id='word_1_431' title='bbox 2032 2913 2101 2967; x_wconf 77' lang='lat'><strong>&quot;.</strong></span> <span class='ocrx_word' id='word_1_432' title='bbox 2134 2931 2152 2963; x_wconf 80' lang='grc' dir='ltr'><strong>ι</strong></span> <span class='ocrx_word' id='word_1_433' title='bbox 2187 2910 2337 2964; x_wconf 77' lang='lat' dir='ltr'><strong>lianc</strong></span> <span class='ocrx_word' id='word_1_434' title='bbox 2373 2917 2607 2962; x_wconf 89' lang='lat' dir='ltr'><strong>mortem</strong></span> <span class='ocrx_word' id='word_1_435' title='bbox 2640 2920 2833 2960; x_wconf 88' lang='lat' dir='ltr'><strong>omnes</strong></span> <span class='ocrx_word' id='word_1_436' title='bbox 2864 2902 3116 2958; x_wconf 88' lang='lat' dir='ltr'><strong>homines</strong></span> <span class='ocrx_word' id='word_1_437' title='bbox 3147 2901 3355 2969; x_wconf 85' lang='lat' dir='ltr'><strong>absque</strong></span> <span class='ocrx_word' id='word_1_438' title='bbox 3384 2898 3498 2952; x_wconf 82' lang='lat' dir='ltr'><strong>ulla</strong></span> 
     </span>
    </p>
   </div>
   <div class='ocr_carea' id='block_1_60' title="bbox 1922 2985 3511 3069">
    <p class='ocr_par' dir='ltr' id='par_1_60' title="bbox 1922 2985 3511 3069">
     <span class='ocr_line' id='line_1_60' title="bbox 1922 2985 3511 3069; baseline -0.011 -15"><span class='ocrx_word' id='word_1_439' title='bbox 1922 2997 2242 3069; x_wconf 79' lang='lat' dir='ltr'><strong>exceptione</strong></span> <span class='ocrx_word' id='word_1_440' title='bbox 2289 2995 2422 3066; x_wconf 90' lang='lat' dir='ltr'><strong>justi</strong></span> <span class='ocrx_word' id='word_1_441' title='bbox 2453 3009 2518 3048; x_wconf 92' lang='lat' dir='ltr'><strong>ac</strong></span> <span class='ocrx_word' id='word_1_442' title='bbox 2573 3001 2887 3063; x_wconf 82' lang='lat' dir='ltr'><strong>peccatores</strong></span> <span class='ocrx_word' id='word_1_443' title='bbox 2936 2988 3206 3044; x_wconf 88' lang='lat' dir='ltr'><strong>subimus.</strong></span> <span class='ocrx_word' id='word_1_444' title='bbox 3269 2985 3511 3039; x_wconf 82' lang='lat' dir='ltr'><strong>llursnm</strong></span> 
     </span>
    </p>
   </div>
   <div class='ocr_carea' id='block_1_61' title="bbox 1924 3078 3515 3152">
    <p class='ocr_par' dir='ltr' id='par_1_61' title="bbox 1924 3078 3515 3152">
     <span class='ocr_line' id='line_1_61' title="bbox 1924 3078 3515 3152; baseline -0.008 -10"><span class='ocrx_word' id='word_1_445' title='bbox 1924 3103 2056 3142; x_wconf 88' lang='lat' dir='ltr'><strong>vero</strong></span> <span class='ocrx_word' id='word_1_446' title='bbox 2085 3085 2324 3142; x_wconf 78' lang='lat' dir='ltr'><strong>secunda</strong></span> <span class='ocrx_word' id='word_1_447' title='bbox 2379 3099 2550 3147; x_wconf 90' lang='lat' dir='ltr'><strong>mors,</strong></span> <span class='ocrx_word' id='word_1_448' title='bbox 2591 3082 2851 3152; x_wconf 83' lang='lat' dir='ltr'><strong>majorem</strong></span> <span class='ocrx_word' id='word_1_449' title='bbox 2875 3079 3109 3135; x_wconf 65' lang='lat' dir='ltr'><strong>atterens</strong></span> <span class='ocrx_word' id='word_1_450' title='bbox 3134 3078 3368 3140; x_wconf 83' lang='lat' dir='ltr'><strong>cladem,</strong></span> <span class='ocrx_word' id='word_1_451' title='bbox 3413 3091 3515 3146; x_wconf 72' lang='lat' dir='ltr'><strong>per</strong></span> 
     </span>
    </p>
   </div>
   <div class='ocr_carea' id='block_1_62' title="bbox 229 3169 1852 3264">
    <p class='ocr_par' dir='ltr' id='par_1_62' title="bbox 229 3169 1852 3254">
     <span class='ocr_line' id='line_1_62' title="bbox 229 3169 1852 3254; baseline -0.005 -26"><span class='ocrx_word' id='word_1_452' title='bbox 229 3176 651 3245; x_wconf 79' lang='grc' dir='ltr'><strong>δλεθριωτέρου,</strong></span> <span class='ocrx_word' id='word_1_453' title='bbox 680 3173 774 3226; x_wconf 81' lang='grc' dir='ltr'><strong>τοῦ</strong></span> <span class='ocrx_word' id='word_1_454' title='bbox 798 3173 866 3226; x_wconf 82' lang='grc' dir='ltr'><strong>δι’</strong></span> <span class='ocrx_word' id='word_1_455' title='bbox 893 3173 1172 3242; x_wconf 82' lang='grc' dir='ltr'><strong>ἁμαρτίας</strong></span> <span class='ocrx_word' id='word_1_456' title='bbox 1196 3173 1369 3234; x_wconf 71' lang='grc' dir='ltr'><strong>ὄντος,</strong></span> <span class='ocrx_word' id='word_1_457' title='bbox 1399 3171 1458 3223; x_wconf 86' lang='grc' dir='ltr'><strong>ὃν</strong></span> <span class='ocrx_word' id='word_1_458' title='bbox 1481 3169 1542 3222; x_wconf 80' lang='grc' dir='ltr'><strong>τὸ</strong></span> <span class='ocrx_word' id='word_1_459' title='bbox 1564 3169 1664 3238; x_wconf 81' lang='grc' dir='ltr'><strong>τῆς</strong></span> <span class='ocrx_word' id='word_1_460' title='bbox 1685 3171 1816 3222; x_wconf 83' lang='grc' dir='ltr'><strong>ἀκο-</strong></span> <span class='ocrx_word' id='word_1_461' title='bbox 1845 3213 1852 3254; x_wconf 43' lang='grc' dir='ltr'><strong>ι</strong></span> 
     </span>
    </p>
   </div>
   <div class='ocr_carea' id='block_1_63' title="bbox 1927 3169 3499 3264">
    <p class='ocr_par' dir='ltr' id='par_1_63' title="bbox 1927 3169 3499 3254">
     <span class='ocr_line' id='line_1_63' title="bbox 1927 3169 3499 3254; baseline -0.012 -15"><span class='ocrx_word' id='word_1_462' title='bbox 1927 3192 2209 3254; x_wconf 87' lang='lat' dir='ltr'><strong>peccatum</strong></span> <span class='ocrx_word' id='word_1_463' title='bbox 2239 3179 2459 3233; x_wconf 87' lang='lat' dir='ltr'><strong>inducta</strong></span> <span class='ocrx_word' id='word_1_464' title='bbox 2492 3186 2596 3240; x_wconf 90' lang='lat' dir='ltr'><strong>est,</strong></span> <span class='ocrx_word' id='word_1_465' title='bbox 2622 3188 2786 3243; x_wconf 85' lang='lat' dir='ltr'><strong>quam</strong></span> <span class='ocrx_word' id='word_1_466' title='bbox 2817 3171 3084 3227; x_wconf 75' lang='lat' dir='ltr'><strong>illecebra:</strong></span> <span class='ocrx_word' id='word_1_467' title='bbox 3110 3169 3234 3223; x_wconf 53' lang='lat' dir='ltr'><strong>vita!</strong></span> <span class='ocrx_word' id='word_1_468' title='bbox 3256 3169 3499 3230; x_wconf 70' lang='lat' dir='ltr'><strong>lascivae,</strong></span> 
     </span>
    </p>
   </div>
   <div class='ocr_carea' id='block_1_64' title="bbox 233 3259 1852 3340">
    <p class='ocr_par' dir='ltr' id='par_1_64' title="bbox 233 3259 1815 3336">
     <span class='ocr_line' id='line_1_64' title="bbox 233 3259 1815 3336; baseline -0.004 -17"><span class='ocrx_word' id='word_1_469' title='bbox 233 3269 433 3320; x_wconf 71' lang='grc' dir='ltr'><strong>λάστου</strong></span> <span class='ocrx_word' id='word_1_470' title='bbox 487 3270 578 3320; x_wconf 78' lang='grc' dir='ltr'><strong>καὶ</strong></span> <span class='ocrx_word' id='word_1_471' title='bbox 616 3265 891 3336; x_wconf 81' lang='grc' dir='ltr'><strong>σαρκικῆς</strong></span> <span class='ocrx_word' id='word_1_472' title='bbox 945 3263 1039 3316; x_wconf 73' lang='grc' dir='ltr'><strong>καὶ</strong></span> <span class='ocrx_word' id='word_1_473' title='bbox 1068 3261 1378 3332; x_wconf 73' lang='grc' dir='ltr'><strong>ἡδυπαθοῦς</strong></span> <span class='ocrx_word' id='word_1_474' title='bbox 1425 3260 1572 3328; x_wconf 77' lang='grc' dir='ltr'><strong>ζωῆς</strong></span> <span class='ocrx_word' id='word_1_475' title='bbox 1622 3259 1815 3328; x_wconf 83' lang='grc' dir='ltr'><strong>δέλεαρ</strong></span> 
     </span>
    </p>
   </div>
   <div class='ocr_carea' id='block_1_65' title="bbox 1927 3259 3514 3340">
    <p class='ocr_par' dir='ltr' id='par_1_65' title="bbox 1927 3262 3514 3340">
     <span class='ocr_line' id='line_1_65' title="bbox 1927 3262 3514 3340; baseline -0.01 -11"><span class='ocrx_word' id='word_1_476' title='bbox 1927 3272 2161 3329; x_wconf 78' lang='lat' dir='ltr'><strong>carnalis</strong></span> <span class='ocrx_word' id='word_1_477' title='bbox 2193 3287 2256 3327; x_wconf 89' lang='lat' dir='ltr'><strong>ac</strong></span> <span class='ocrx_word' id='word_1_478' title='bbox 2297 3270 2635 3340; x_wconf 73' lang='lat' dir='ltr'><strong>voluptuosa:</strong></span> <span class='ocrx_word' id='word_1_479' title='bbox 2667 3265 2984 3320; x_wconf 86' lang='lat' dir='ltr'><strong>hominibus</strong></span> <span class='ocrx_word' id='word_1_480' title='bbox 3017 3262 3366 3333; x_wconf 85' lang='lat' dir='ltr'><strong>suppeditare</strong></span> <span class='ocrx_word' id='word_1_481' title='bbox 3416 3275 3514 3315; x_wconf 86' lang='lat' dir='ltr'><strong>so-</strong></span> 
     </span>
    </p>
   </div>
   <div class='ocr_carea' id='block_1_66' title="bbox 233 3353 1817 3429">
    <p class='ocr_par' dir='ltr' id='par_1_66' title="bbox 233 3353 1817 3429">
     <span class='ocr_line' id='line_1_66' title="bbox 233 3353 1817 3429; baseline -0.004 -18"><span class='ocrx_word' id='word_1_482' title='bbox 233 3362 352 3422; x_wconf 80' lang='grc' dir='ltr'><strong>τοίς</strong></span> <span class='ocrx_word' id='word_1_483' title='bbox 384 3358 696 3429; x_wconf 83' lang='grc' dir='ltr'><strong>ἀνθρώποις</strong></span> <span class='ocrx_word' id='word_1_484' title='bbox 720 3355 826 3410; x_wconf 82' lang='grc' dir='ltr'><strong>οἶδε</strong></span> <span class='ocrx_word' id='word_1_485' title='bbox 861 3356 1130 3426; x_wconf 76' lang='grc' dir='ltr'><strong>πορίζειν.</strong></span> <span class='ocrx_word' id='word_1_486' title='bbox 1160 3356 1249 3408; x_wconf 72' lang='grc' dir='ltr'><strong>Διὸ</strong></span> <span class='ocrx_word' id='word_1_487' title='bbox 1276 3355 1368 3408; x_wconf 77' lang='grc' dir='ltr'><strong>καὶ</strong></span> <span class='ocrx_word' id='word_1_488' title='bbox 1395 3356 1422 3405; x_wconf 87' lang='grc' dir='ltr'>ὁ</span> <span class='ocrx_word' id='word_1_489' title='bbox 1460 3353 1665 3423; x_wconf 69' lang='grc' dir='ltr'><strong>Κύριος</strong></span> <span class='ocrx_word' id='word_1_490' title='bbox 1691 3353 1817 3416; x_wconf 76' lang='grc' dir='ltr'><strong>τοὺς</strong></span> 
     </span>
    </p>
   </div>
   <div class='ocr_carea' id='block_1_67' title="bbox 231 3444 1811 3520">
    <p class='ocr_par' dir='ltr' id='par_1_67' title="bbox 231 3444 1811 3520">
     <span class='ocr_line' id='line_1_67' title="bbox 231 3444 1811 3520; baseline -0.006 -16"><span class='ocrx_word' id='word_1_491' title='bbox 231 3450 445 3520; x_wconf 86' lang='grc' dir='ltr'><strong>ταύτην</strong></span> <span class='ocrx_word' id='word_1_492' title='bbox 486 3448 922 3520; x_wconf 82' lang='grc' dir='ltr'><strong>μεταδιώκοντας</strong></span> <span class='ocrx_word' id='word_1_493' title='bbox 964 3448 1196 3517; x_wconf 73' lang='grc' dir='ltr'><strong>νεκροὺς</strong></span> <span class='ocrx_word' id='word_1_494' title='bbox 1238 3444 1520 3516; x_wconf 68' lang='grc' dir='ltr'><strong>ὀνομάζει,</strong></span> <span class='ocrx_word' id='word_1_495' title='bbox 1549 3445 1681 3498; x_wconf 83' lang='grc' dir='ltr'><strong>ὅταν</strong></span> <span class='ocrx_word' id='word_1_496' title='bbox 1707 3446 1811 3515; x_wconf 79' lang='grc' dir='ltr'><strong>φῇ·</strong></span> 
     </span>
    </p>
   </div>
   <div class='ocr_carea' id='block_1_68' title="bbox 239 3537 1816 3611">
    <p class='ocr_par' dir='ltr' id='par_1_68' title="bbox 239 3537 1816 3611">
     <span class='ocr_line' id='line_1_68' title="bbox 239 3537 1816 3611; baseline -0.003 -18"><span class='ocrx_word' id='word_1_497' title='bbox 239 3563 259 3593; x_wconf 75' lang='grc' dir='ltr'><strong>ι</strong></span> <span class='ocrx_word' id='word_1_498' title='bbox 304 3545 504 3611; x_wconf 76' lang='grc' dir='ltr'><strong>’Ἅφετε</strong></span> <span class='ocrx_word' id='word_1_499' title='bbox 523 3545 647 3603; x_wconf 78' lang='grc' dir='ltr'><strong>τοὺς</strong></span> <span class='ocrx_word' id='word_1_500' title='bbox 676 3543 908 3608; x_wconf 71' lang='grc' dir='ltr'><strong>νεκροὺς</strong></span> <span class='ocrx_word' id='word_1_501' title='bbox 937 3541 1107 3609; x_wconf 75' lang='grc' dir='ltr'><strong>θάψαι</strong></span> <span class='ocrx_word' id='word_1_502' title='bbox 1127 3541 1252 3600; x_wconf 80' lang='grc' dir='ltr'><strong>τοὺς</strong></span> <span class='ocrx_word' id='word_1_503' title='bbox 1282 3539 1493 3590; x_wconf 78' lang='grc' dir='ltr'><strong>ἑαυτῶν</strong></span> <span class='ocrx_word' id='word_1_504' title='bbox 1516 3537 1764 3608; x_wconf 74' lang='grc' dir='ltr'><strong>νεκρούς.</strong></span> <span class='ocrx_word' id='word_1_505' title='bbox 1797 3555 1816 3588; x_wconf 75' lang='grc' dir='ltr'><strong>ι</strong></span> 
     </span>
    </p>
   </div>
   <div class='ocr_carea' id='block_1_69' title="bbox 237 3629 1820 3706">
    <p class='ocr_par' dir='ltr' id='par_1_69' title="bbox 237 3629 1820 3706">
     <span class='ocr_line' id='line_1_69' title="bbox 237 3629 1820 3706; baseline -0.003 -17"><span class='ocrx_word' id='word_1_506' title='bbox 237 3638 446 3690; x_wconf 76' lang='grc' dir='ltr'><strong>Τοῦτον</strong></span> <span class='ocrx_word' id='word_1_507' title='bbox 496 3638 590 3688; x_wconf 70' lang='grc' dir='ltr'><strong>τὸν</strong></span> <span class='ocrx_word' id='word_1_508' title='bbox 624 3636 854 3689; x_wconf 75' lang='grc' dir='ltr'><strong>θάνατον</strong></span> <span class='ocrx_word' id='word_1_509' title='bbox 885 3634 1004 3706; x_wconf 81' lang='grc' dir='ltr'><strong>(τὴν</strong></span> <span class='ocrx_word' id='word_1_510' title='bbox 1034 3632 1263 3704; x_wconf 79' lang='grc' dir='ltr'><strong>ἐμπαθῆ</strong></span> <span class='ocrx_word' id='word_1_511' title='bbox 1302 3632 1446 3700; x_wconf 80' lang='grc' dir='ltr'><strong>λέγω</strong></span> <span class='ocrx_word' id='word_1_512' title='bbox 1478 3629 1646 3701; x_wconf 76' lang='grc' dir='ltr'><strong>ζωὴν)</strong></span> <span class='ocrx_word' id='word_1_513' title='bbox 1678 3633 1707 3684; x_wconf 86' lang='grc' dir='ltr'><strong>ὁ</strong></span> <span class='ocrx_word' id='word_1_514' title='bbox 1739 3647 1820 3684; x_wconf 73' lang='grc' dir='ltr'><strong>νισ</strong></span> 
     </span>
    </p>
   </div>
   <div class='ocr_carea' id='block_1_70' title="bbox 239 3725 1824 3798">
    <p class='ocr_par' dir='ltr' id='par_1_70' title="bbox 239 3725 1824 3798">
     <span class='ocr_line' id='line_1_70' title="bbox 239 3725 1824 3798; baseline -0.003 -18"><span class='ocrx_word' id='word_1_515' title='bbox 239 3729 353 3780; x_wconf 64' lang='grc' dir='ltr'><strong>κῶν</strong></span> <span class='ocrx_word' id='word_1_516' title='bbox 391 3727 454 3780; x_wconf 84' lang='grc' dir='ltr'><strong>οὐ</strong></span> <span class='ocrx_word' id='word_1_517' title='bbox 479 3728 554 3798; x_wconf 77' lang='grc' dir='ltr'><strong>μὴ</strong></span> <span class='ocrx_word' id='word_1_518' title='bbox 586 3726 821 3797; x_wconf 76' lang='grc' dir='ltr'><strong>ἀδικηθῇ</strong></span> <span class='ocrx_word' id='word_1_519' title='bbox 846 3729 910 3781; x_wconf 79' lang='grc' dir='ltr'><strong>ἐκ</strong></span> <span class='ocrx_word' id='word_1_520' title='bbox 940 3728 1036 3780; x_wconf 74' lang='grc' dir='ltr'><strong>τοῦ</strong></span> <span class='ocrx_word' id='word_1_521' title='bbox 1061 3727 1156 3797; x_wconf 82' lang='grc' dir='ltr'><strong>τῆς</strong></span> <span class='ocrx_word' id='word_1_522' title='bbox 1189 3726 1414 3797; x_wconf 82' lang='grc' dir='ltr'><strong>γεέννης</strong></span> <span class='ocrx_word' id='word_1_523' title='bbox 1457 3726 1540 3788; x_wconf 77' lang='grc' dir='ltr'><strong>εἰς</strong></span> <span class='ocrx_word' id='word_1_524' title='bbox 1592 3725 1824 3780; x_wconf 78' lang='grc' dir='ltr'><strong>ἀδιάλει-</strong></span> 
     </span>
    </p>
   </div>
   <div class='ocr_carea' id='block_1_71' title="bbox 239 3819 668 3874">
    <p class='ocr_par' dir='ltr' id='par_1_71' title="bbox 239 3819 668 3874">
     <span class='ocr_line' id='line_1_71' title="bbox 239 3819 668 3874; baseline -0.005 0"><span class='ocrx_word' id='word_1_525' title='bbox 239 3835 378 3874; x_wconf 71' lang='grc' dir='ltr'><strong>πτον</strong></span> <span class='ocrx_word' id='word_1_526' title='bbox 413 3819 668 3874; x_wconf 83' lang='grc' dir='ltr'><strong>θάνατον.</strong></span> 
     </span>
    </p>
   </div>
   <div class='ocr_carea' id='block_1_72' title="bbox 833 3909 1228 3965">
    <p class='ocr_par' dir='ltr' id='par_1_72' title="bbox 833 3909 1228 3965">
     <span class='ocr_line' id='line_1_72' title="bbox 833 3909 1228 3965; baseline 0.003 -1"><span class='ocrx_word' id='word_1_527' title='bbox 833 3911 1086 3965; x_wconf 71' lang='grc' dir='ltr'><strong>ΚΕΦΔΛ.</strong></span> <span class='ocrx_word' id='word_1_528' title='bbox 1153 3909 1228 3965; x_wconf 84' lang='lat' dir='ltr'><strong>E&#39;.</strong></span> 
     </span>
    </p>
   </div>
   <div class='ocr_carea' id='block_1_73' title="bbox 245 4023 1825 4095">
    <p class='ocr_par' dir='ltr' id='par_1_73' title="bbox 245 4023 1825 4095">
     <span class='ocr_line' id='line_1_73' title="bbox 245 4023 1825 4095; baseline -0.001 -14"><span class='ocrx_word' id='word_1_529' title='bbox 245 4025 324 4081; x_wconf 81' lang='grc' dir='ltr'><em>Τὰ</em></span> <span class='ocrx_word' id='word_1_530' title='bbox 365 4025 752 4095; x_wconf 66' lang='grc' dir='ltr'><strong>(νημαι-θέντα</strong></span> <span class='ocrx_word' id='word_1_531' title='bbox 818 4026 898 4090; x_wconf 81' lang='grc' dir='ltr'><strong>τῷ</strong></span> <span class='ocrx_word' id='word_1_532' title='bbox 951 4026 1064 4093; x_wconf 82' lang='grc' dir='ltr'><strong>τῆς</strong></span> <span class='ocrx_word' id='word_1_533' title='bbox 1119 4023 1524 4095; x_wconf 78' lang='grc' dir='ltr'><strong>Περγαμηνῶν</strong></span> <span class='ocrx_word' id='word_1_534' title='bbox 1570 4027 1825 4094; x_wconf 71' lang='grc' dir='ltr'><strong>Ἐκκλη-</strong></span> 
     </span>
    </p>
   </div>
   <div class='ocr_carea' id='block_1_74' title="bbox 824 4098 1248 4167">
    <p class='ocr_par' dir='ltr' id='par_1_74' title="bbox 824 4098 1248 4167">
     <span class='ocr_line' id='line_1_74' title="bbox 824 4098 1248 4167; baseline 0.002 -17"><span class='ocrx_word' id='word_1_535' title='bbox 824 4099 966 4164; x_wconf 85' lang='grc' dir='ltr'><strong>σίας</strong></span> <span class='ocrx_word' id='word_1_536' title='bbox 995 4098 1248 4167; x_wconf 66' lang='grc' dir='ltr'><strong>ἀγγέλῳ.</strong></span> 
     </span>
    </p>
   </div>
   <div class='ocr_carea' id='block_1_75' title="bbox 319 4210 1829 4282">
    <p class='ocr_par' dir='ltr' id='par_1_75' title="bbox 319 4210 1829 4282">
     <span class='ocr_line' id='line_1_75' title="bbox 319 4210 1829 4282; baseline -0.003 -16"><span class='ocrx_word' id='word_1_537' title='bbox 319 4213 426 4266; x_wconf 74' lang='lat' dir='ltr'><strong>Kal</strong></span> <span class='ocrx_word' id='word_1_538' title='bbox 458 4213 536 4278; x_wconf 80' lang='grc' dir='ltr'><strong>τῷ</strong></span> <span class='ocrx_word' id='word_1_539' title='bbox 577 4214 814 4282; x_wconf 75' lang='grc' dir='ltr'><strong>ἀγγέλῳ</strong></span> <span class='ocrx_word' id='word_1_540' title='bbox 865 4211 976 4280; x_wconf 78' lang='grc' dir='ltr'><strong>τῆς</strong></span> <span class='ocrx_word' id='word_1_541' title='bbox 1015 4213 1085 4264; x_wconf 87' lang='grc' dir='ltr'><strong>ἐν</strong></span> <span class='ocrx_word' id='word_1_542' title='bbox 1128 4210 1414 4280; x_wconf 80' lang='grc' dir='ltr'><strong>Περγάμῳ</strong></span> <span class='ocrx_word' id='word_1_543' title='bbox 1453 4211 1829 4278; x_wconf 67' lang='grc' dir='ltr'><strong>Ἑκκλησιάς</strong></span> 
     </span>
    </p>
   </div>
   <div class='ocr_carea' id='block_1_76' title="bbox 1922 3353 3519 3433">
    <p class='ocr_par' dir='ltr' id='par_1_76' title="bbox 1922 3353 3519 3433">
     <span class='ocr_line' id='line_1_76' title="bbox 1922 3353 3519 3433; baseline -0.01 -13"><span class='ocrx_word' id='word_1_544' title='bbox 1922 3371 2032 3420; x_wconf 86' lang='lat' dir='ltr'><strong>lent</strong></span> <span class='ocrx_word' id='word_1_545' title='bbox 2067 3385 2080 3421; x_wconf 93' lang='lat'><strong>:</strong></span> <span class='ocrx_word' id='word_1_546' title='bbox 2119 3365 2242 3418; x_wconf 87' lang='lat' dir='ltr'><strong>ideo</strong></span> <span class='ocrx_word' id='word_1_547' title='bbox 2276 3376 2494 3433; x_wconf 84' lang='lat' dir='ltr'><strong>quoque</strong></span> <span class='ocrx_word' id='word_1_548' title='bbox 2517 3359 2780 3413; x_wconf 90' lang='lat' dir='ltr'><strong>Dominus</strong></span> <span class='ocrx_word' id='word_1_549' title='bbox 2811 3371 2906 3412; x_wconf 86' lang='lat' dir='ltr'><strong>eos</strong></span> <span class='ocrx_word' id='word_1_550' title='bbox 2932 3356 3024 3425; x_wconf 89' lang='lat' dir='ltr'><strong>qui</strong></span> <span class='ocrx_word' id='word_1_551' title='bbox 3045 3357 3185 3410; x_wconf 85' lang='lat' dir='ltr'><strong>hanc</strong></span> <span class='ocrx_word' id='word_1_552' title='bbox 3220 3353 3519 3423; x_wconf 74' lang='lat' dir='ltr'><strong>insequun~</strong></span> 
     </span>
    </p>
   </div>
   <div class='ocr_carea' id='block_1_77' title="bbox 1923 3443 3510 3522">
    <p class='ocr_par' dir='ltr' id='par_1_77' title="bbox 1923 3443 3510 3522">
     <span class='ocr_line' id='line_1_77' title="bbox 1923 3443 3510 3522; baseline -0.01 -8"><span class='ocrx_word' id='word_1_553' title='bbox 1923 3468 2013 3517; x_wconf 87' lang='lat' dir='ltr'><strong>tur</strong></span> <span class='ocrx_word' id='word_1_554' title='bbox 2036 3465 2285 3510; x_wconf 89' lang='lat' dir='ltr'><strong>mortuos</strong></span> <span class='ocrx_word' id='word_1_555' title='bbox 2335 3452 2591 3522; x_wconf 87' lang='lat' dir='ltr'><strong>appellat.</strong></span> <span class='ocrx_word' id='word_1_556' title='bbox 2631 3466 2755 3505; x_wconf 92' lang='lat' dir='ltr'><strong>cum</strong></span> <span class='ocrx_word' id='word_1_557' title='bbox 2795 3450 2905 3504; x_wconf 86' lang='lat' dir='ltr'><strong>ait:</strong></span> <span class='ocrx_word' id='word_1_558' title='bbox 2935 3468 2953 3500; x_wconf 85' lang='grc' dir='ltr'><strong>ι</strong></span> <span class='ocrx_word' id='word_1_559' title='bbox 2990 3447 3168 3504; x_wconf 89' lang='lat' dir='ltr'><strong>Sinite</strong></span> <span class='ocrx_word' id='word_1_560' title='bbox 3202 3455 3260 3501; x_wconf 92' lang='lat' dir='ltr'><strong>ut</strong></span> <span class='ocrx_word' id='word_1_561' title='bbox 3304 3443 3510 3500; x_wconf 88' lang='lat' dir='ltr'><strong>mortui</strong></span> 
     </span>
    </p>
   </div>
   <div class='ocr_carea' id='block_1_78' title="bbox 1926 3537 3518 3621">
    <p class='ocr_par' dir='ltr' id='par_1_78' title="bbox 1926 3537 3518 3621">
     <span class='ocr_line' id='line_1_78' title="bbox 1926 3537 3518 3621; baseline -0.012 -15"><span class='ocrx_word' id='word_1_562' title='bbox 1926 3551 2192 3621; x_wconf 85' lang='lat' dir='ltr'><strong>sepeliant</strong></span> <span class='ocrx_word' id='word_1_563' title='bbox 2213 3556 2463 3603; x_wconf 89' lang='lat' dir='ltr'><strong>mortuos</strong></span> <span class='ocrx_word' id='word_1_564' title='bbox 2479 3561 2612 3599; x_wconf 90' lang='lat' dir='ltr'><strong>suos</strong></span> <span class='ocrx_word' id='word_1_565' title='bbox 2628 3542 2694 3596; x_wconf 80' lang='lat'><strong>“.</strong></span> <span class='ocrx_word' id='word_1_566' title='bbox 2720 3563 2739 3595; x_wconf 75' lang='grc' dir='ltr'><strong>ι</strong></span> <span class='ocrx_word' id='word_1_567' title='bbox 2763 3541 2914 3598; x_wconf 84' lang='lat' dir='ltr'><strong>llanc</strong></span> <span class='ocrx_word' id='word_1_568' title='bbox 2938 3549 3191 3605; x_wconf 87' lang='lat' dir='ltr'><strong>mortem,</strong></span> <span class='ocrx_word' id='word_1_569' title='bbox 3217 3552 3414 3607; x_wconf 89' lang='lat' dir='ltr'><strong>nempe</strong></span> <span class='ocrx_word' id='word_1_570' title='bbox 3440 3537 3488 3588; x_wconf 91' lang='lat' dir='ltr'><strong>vi</strong></span> <span class='ocrx_word' id='word_1_571' title='bbox 3505 3567 3518 3575; x_wconf 88' lang='lat'><strong>-</strong></span> 
     </span>
    </p>
   </div>
   <div class='ocr_carea' id='block_1_79' title="bbox 1929 3627 3519 3705">
    <p class='ocr_par' dir='ltr' id='par_1_79' title="bbox 1929 3627 3519 3705">
     <span class='ocr_line' id='line_1_79' title="bbox 1929 3627 3519 3705; baseline -0.012 -7"><span class='ocrx_word' id='word_1_572' title='bbox 1929 3653 2038 3698; x_wconf 87' lang='lat' dir='ltr'><strong>tam</strong></span> <span class='ocrx_word' id='word_1_573' title='bbox 2065 3639 2348 3696; x_wconf 77' lang='lat' dir='ltr'><strong>aﬂectibus</strong></span> <span class='ocrx_word' id='word_1_574' title='bbox 2407 3637 2672 3699; x_wconf 88' lang='lat' dir='ltr'><strong>deditam,</strong></span> <span class='ocrx_word' id='word_1_575' title='bbox 2737 3634 2832 3705; x_wconf 88' lang='lat' dir='ltr'><strong>qui</strong></span> <span class='ocrx_word' id='word_1_576' title='bbox 2871 3633 3084 3696; x_wconf 89' lang='lat' dir='ltr'><strong>vicerit,</strong></span> <span class='ocrx_word' id='word_1_577' title='bbox 3134 3644 3244 3685; x_wconf 88' lang='lat' dir='ltr'><strong>non</strong></span> <span class='ocrx_word' id='word_1_578' title='bbox 3289 3627 3519 3698; x_wconf 88' lang='lat' dir='ltr'><strong>recipiet</strong></span> 
     </span>
    </p>
   </div>
   <div class='ocr_carea' id='block_1_80' title="bbox 1927 3724 3506 3799">
    <p class='ocr_par' dir='ltr' id='par_1_80' title="bbox 1927 3724 3506 3799">
     <span class='ocr_line' id='line_1_80' title="bbox 1927 3724 3506 3799; baseline -0.009 -11"><span class='ocrx_word' id='word_1_579' title='bbox 1927 3735 2188 3789; x_wconf 89' lang='lat' dir='ltr'><strong>damnum</strong></span> <span class='ocrx_word' id='word_1_580' title='bbox 2221 3748 2251 3786; x_wconf 91' lang='lat' dir='ltr'><strong>a</strong></span> <span class='ocrx_word' id='word_1_581' title='bbox 2282 3739 2459 3785; x_wconf 87' lang='lat' dir='ltr'><strong>morte</strong></span> <span class='ocrx_word' id='word_1_582' title='bbox 2484 3728 2767 3799; x_wconf 62' lang='lat' dir='ltr'><strong>gehennae,</strong></span> <span class='ocrx_word' id='word_1_583' title='bbox 2798 3725 3133 3781; x_wconf 87' lang='lat' dir='ltr'><strong>transeundo</strong></span> <span class='ocrx_word' id='word_1_584' title='bbox 3155 3724 3221 3777; x_wconf 88' lang='lat' dir='ltr'><strong>ad</strong></span> <span class='ocrx_word' id='word_1_585' title='bbox 3275 3733 3506 3776; x_wconf 89' lang='lat' dir='ltr'><strong>mortem</strong></span> 
     </span>
    </p>
   </div>
   <div class='ocr_carea' id='block_1_81' title="bbox 1930 3828 2416 3885">
    <p class='ocr_par' dir='ltr' id='par_1_81' title="bbox 1930 3828 2416 3885">
     <span class='ocr_line' id='line_1_81' title="bbox 1930 3828 2416 3885; baseline -0.004 -1"><span class='ocrx_word' id='word_1_586' title='bbox 1930 3828 2391 3885; x_wconf 86' lang='lat' dir='ltr'><strong>interminabilcm</strong></span> <span class='ocrx_word' id='word_1_587' title='bbox 2403 3869 2416 3882; x_wconf 94' lang='lat'><strong>.</strong></span> 
     </span>
    </p>
   </div>
   <div class='ocr_carea' id='block_1_82' title="bbox 2597 3913 2921 3972">
    <p class='ocr_par' dir='ltr' id='par_1_82' title="bbox 2597 3913 2921 3972">
     <span class='ocr_line' id='line_1_82' title="bbox 2597 3913 2921 3972; baseline -0.019 0"><span class='ocrx_word' id='word_1_588' title='bbox 2597 3913 2828 3972; x_wconf 72' lang='lat' dir='ltr'><strong>CAPUT</strong></span> <span class='ocrx_word' id='word_1_589' title='bbox 2859 3913 2921 3967; x_wconf 73' lang='grc' dir='ltr'><strong>ιτ.</strong></span> 
     </span>
    </p>
   </div>
   <div class='ocr_carea' id='block_1_83' title="bbox 1933 4021 3521 4107">
    <p class='ocr_par' dir='ltr' id='par_1_83' title="bbox 1933 4021 3521 4107">
     <span class='ocr_line' id='line_1_83' title="bbox 1933 4021 3521 4107; baseline -0.011 -14"><span class='ocrx_word' id='word_1_590' title='bbox 1933 4040 2064 4106; x_wconf 71' lang='lat' dir='ltr'><strong>Qua:</strong></span> <span class='ocrx_word' id='word_1_591' title='bbox 2097 4038 2374 4107; x_wconf 77' lang='lat' dir='ltr'><strong>designata</strong></span> <span class='ocrx_word' id='word_1_592' title='bbox 2431 4043 2549 4087; x_wconf 75' lang='lat' dir='ltr'><strong>sunt</strong></span> <span class='ocrx_word' id='word_1_593' title='bbox 2591 4031 2778 4102; x_wconf 84' lang='lat' dir='ltr'><strong>angelo</strong></span> <span class='ocrx_word' id='word_1_594' title='bbox 2829 4025 3085 4082; x_wconf 71' lang='lat' dir='ltr'><strong>Ecclesia!</strong></span> <span class='ocrx_word' id='word_1_595' title='bbox 3116 4021 3521 4093; x_wconf 79' lang='lat' dir='ltr'><strong>Pergamorum.</strong></span> 
     </span>
    </p>
   </div>
   <div class='ocr_carea' id='block_1_84' title="bbox 2006 4203 3525 4284">
    <p class='ocr_par' dir='ltr' id='par_1_84' title="bbox 2006 4203 3525 4284">
     <span class='ocr_line' id='line_1_84' title="bbox 2006 4203 3525 4284; baseline -0.013 -11"><span class='ocrx_word' id='word_1_596' title='bbox 2006 4216 2267 4278; x_wconf 61' lang='lat' dir='ltr'><strong>HAS-lii.</strong></span> <span class='ocrx_word' id='word_1_597' title='bbox 2299 4215 2364 4269; x_wconf 85' lang='lat' dir='ltr'><strong>Et</strong></span> <span class='ocrx_word' id='word_1_598' title='bbox 2399 4214 2586 4284; x_wconf 84' lang='lat' dir='ltr'><strong>angelo</strong></span> <span class='ocrx_word' id='word_1_599' title='bbox 2618 4211 2870 4265; x_wconf 78' lang='lat' dir='ltr'><strong>Ecclesia‘</strong></span> <span class='ocrx_word' id='word_1_600' title='bbox 2899 4207 3276 4276; x_wconf 78' lang='lat' dir='ltr'><strong>Pergamorum</strong></span> <span class='ocrx_word' id='word_1_601' title='bbox 3304 4203 3472 4256; x_wconf 77' lang='lat' dir='ltr'><strong>scribe</strong></span> <span class='ocrx_word' id='word_1_602' title='bbox 3509 4217 3525 4253; x_wconf 92' lang='lat'><strong><em>:</em></strong></span> 
     </span>
    </p>
   </div>
   <div class='ocr_carea' id='block_1_85' title="bbox 242 4304 1852 4379">
    <p class='ocr_par' dir='ltr' id='par_1_85' title="bbox 242 4305 1832 4377">
     <span class='ocr_line' id='line_1_85' title="bbox 242 4305 1832 4377; baseline -0.003 -17"><span class='ocrx_word' id='word_1_603' title='bbox 242 4307 483 4377; x_wconf 67' lang='grc' dir='ltr'><strong>γράψον</strong></span> <span class='ocrx_word' id='word_1_604' title='bbox 512 4323 525 4336; x_wconf 93' lang='grc'><strong>·</strong></span> <span class='ocrx_word' id='word_1_605' title='bbox 566 4307 708 4364; x_wconf 82' lang='grc' dir='ltr'><strong>Τάδε</strong></span> <span class='ocrx_word' id='word_1_606' title='bbox 755 4307 918 4376; x_wconf 73' lang='grc' dir='ltr'><strong>λέγει</strong></span> <span class='ocrx_word' id='word_1_607' title='bbox 948 4310 980 4360; x_wconf 76' lang='grc' dir='ltr'><em>ὀ</em></span> <span class='ocrx_word' id='word_1_608' title='bbox 1031 4307 1188 4375; x_wconf 84' lang='grc' dir='ltr'><strong>ἔχων</strong></span> <span class='ocrx_word' id='word_1_609' title='bbox 1218 4307 1334 4374; x_wconf 76' lang='grc' dir='ltr'><strong>τὴν</strong></span> <span class='ocrx_word' id='word_1_610' title='bbox 1363 4305 1668 4376; x_wconf 69' lang='grc' dir='ltr'><strong>ῥομφαίαν</strong></span> <span class='ocrx_word' id='word_1_611' title='bbox 1717 4305 1832 4370; x_wconf 78' lang='grc' dir='ltr'><strong>τὴν</strong></span> 
     </span>
    </p>
   </div>
   <div class='ocr_carea' id='block_1_86' title="bbox 1927 4304 3527 4379">
    <p class='ocr_par' dir='ltr' id='par_1_86' title="bbox 1927 4304 3527 4379">
     <span class='ocr_line' id='line_1_86' title="bbox 1927 4304 3527 4379; baseline -0.017 -10"><span class='ocrx_word' id='word_1_612' title='bbox 1927 4316 2054 4369; x_wconf 81' lang='lat' dir='ltr'><strong>Ha&#39;c</strong></span> <span class='ocrx_word' id='word_1_613' title='bbox 2082 4311 2214 4364; x_wconf 85' lang='lat' dir='ltr'><strong>dirit</strong></span> <span class='ocrx_word' id='word_1_614' title='bbox 2241 4310 2332 4379; x_wconf 82' lang='lat' dir='ltr'><strong>qui</strong></span> <span class='ocrx_word' id='word_1_615' title='bbox 2358 4307 2510 4360; x_wconf 85' lang='lat' dir='ltr'><strong>habet</strong></span> <span class='ocrx_word' id='word_1_616' title='bbox 2542 4305 2779 4375; x_wconf 77' lang='lat' dir='ltr'><strong>gladium</strong></span> <span class='ocrx_word' id='word_1_617' title='bbox 2813 4311 3038 4370; x_wconf 86' lang='lat' dir='ltr'><strong>utraque</strong></span> <span class='ocrx_word' id='word_1_618' title='bbox 3083 4306 3235 4368; x_wconf 85' lang='lat' dir='ltr'><strong>parte</strong></span> <span class='ocrx_word' id='word_1_619' title='bbox 3265 4304 3480 4348; x_wconf 83' lang='lat' dir='ltr'><strong>acutum</strong></span> <span class='ocrx_word' id='word_1_620' title='bbox 3509 4307 3527 4343; x_wconf 91' lang='lat'><em>:</em></span> 
     </span>
    </p>
   </div>
   <div class='ocr_carea' id='block_1_87' title="bbox 240 4396 1832 4467">
    <p class='ocr_par' dir='ltr' id='par_1_87' title="bbox 240 4396 1832 4467">
     <span class='ocr_line' id='line_1_87' title="bbox 240 4396 1832 4467; baseline 0 -17"><span class='ocrx_word' id='word_1_621' title='bbox 240 4401 538 4467; x_wconf 75' lang='grc' dir='ltr'><strong>δίστομον</strong></span> <span class='ocrx_word' id='word_1_622' title='bbox 559 4398 674 4464; x_wconf 81' lang='grc' dir='ltr'><strong>τὴν</strong></span> <span class='ocrx_word' id='word_1_623' title='bbox 702 4398 911 4461; x_wconf 79' lang='grc' dir='ltr'><strong>ὀξεῖαν</strong></span> <span class='ocrx_word' id='word_1_624' title='bbox 938 4417 949 4428; x_wconf 74' lang='grc' dir='ltr'><strong>ο</strong></span> <span class='ocrx_word' id='word_1_625' title='bbox 983 4396 1130 4451; x_wconf 79' lang='grc' dir='ltr'><strong>Οἶδα</strong></span> <span class='ocrx_word' id='word_1_626' title='bbox 1160 4398 1231 4452; x_wconf 85' lang='grc' dir='ltr'><strong>τὰ</strong></span> <span class='ocrx_word' id='word_1_627' title='bbox 1262 4399 1406 4467; x_wconf 76' lang='grc' dir='ltr'><strong>ἔργα</strong></span> <span class='ocrx_word' id='word_1_628' title='bbox 1435 4416 1553 4452; x_wconf 88' lang='grc' dir='ltr'><strong>σου</strong></span> <span class='ocrx_word' id='word_1_629' title='bbox 1589 4398 1684 4452; x_wconf 74' lang='grc' dir='ltr'><strong>καὶ</strong></span> <span class='ocrx_word' id='word_1_630' title='bbox 1711 4396 1832 4450; x_wconf 79' lang='grc' dir='ltr'><strong>ποῦ</strong></span> 
     </span>
    </p>
   </div>
   <div class='ocr_carea' id='block_1_88' title="bbox 243 4489 1833 4559">
    <p class='ocr_par' dir='ltr' id='par_1_88' title="bbox 243 4489 1833 4559">
     <span class='ocr_line' id='line_1_88' title="bbox 243 4489 1833 4559; baseline -0.001 -17"><span class='ocrx_word' id='word_1_631' title='bbox 243 4490 563 4556; x_wconf 78' lang='grc' dir='ltr'><strong>κατοικεῖς,</strong></span> <span class='ocrx_word' id='word_1_632' title='bbox 595 4491 748 4544; x_wconf 79' lang='grc' dir='ltr'><strong>ὅπου</strong></span> <span class='ocrx_word' id='word_1_633' title='bbox 783 4494 816 4544; x_wconf 84' lang='grc' dir='ltr'><em>ὀ</em></span> <span class='ocrx_word' id='word_1_634' title='bbox 854 4493 1067 4559; x_wconf 82' lang='grc' dir='ltr'><strong>θρόνος</strong></span> <span class='ocrx_word' id='word_1_635' title='bbox 1107 4492 1212 4546; x_wconf 87' lang='grc' dir='ltr'><strong>τοῦ</strong></span> <span class='ocrx_word' id='word_1_636' title='bbox 1247 4489 1501 4545; x_wconf 83' lang='grc' dir='ltr'><strong>Σατανᾶ.</strong></span> <span class='ocrx_word' id='word_1_637' title='bbox 1534 4491 1641 4545; x_wconf 75' lang='grc' dir='ltr'><strong>Καὶ</strong></span> <span class='ocrx_word' id='word_1_638' title='bbox 1689 4507 1833 4559; x_wconf 81' lang='grc' dir='ltr'><strong>κρα-</strong></span> 
     </span>
    </p>
   </div>
   <div class='ocr_carea' id='block_1_89' title="bbox 244 4583 1834 4655">
    <p class='ocr_par' dir='ltr' id='par_1_89' title="bbox 244 4583 1834 4655">
     <span class='ocr_line' id='line_1_89' title="bbox 244 4583 1834 4655; baseline -0.001 -17"><span class='ocrx_word' id='word_1_639' title='bbox 244 4585 368 4651; x_wconf 83' lang='grc' dir='ltr'><strong>τεῖς</strong></span> <span class='ocrx_word' id='word_1_640' title='bbox 399 4586 464 4637; x_wconf 83' lang='grc' dir='ltr'><strong>τὸ</strong></span> <span class='ocrx_word' id='word_1_641' title='bbox 505 4585 695 4655; x_wconf 82' lang='grc' dir='ltr'><strong>ὄνομὰ</strong></span> <span class='ocrx_word' id='word_1_642' title='bbox 745 4604 885 4654; x_wconf 81' lang='grc' dir='ltr'><strong>μου,</strong></span> <span class='ocrx_word' id='word_1_643' title='bbox 922 4585 1017 4638; x_wconf 80' lang='grc' dir='ltr'><strong>καὶ</strong></span> <span class='ocrx_word' id='word_1_644' title='bbox 1045 4587 1155 4638; x_wconf 81' lang='grc' dir='ltr'><strong>οὐκ</strong></span> <span class='ocrx_word' id='word_1_645' title='bbox 1182 4584 1431 4651; x_wconf 70' lang='grc' dir='ltr'><strong>ἠρνήσω</strong></span> <span class='ocrx_word' id='word_1_646' title='bbox 1459 4583 1573 4651; x_wconf 78' lang='grc' dir='ltr'><strong>τὴν</strong></span> <span class='ocrx_word' id='word_1_647' title='bbox 1624 4585 1834 4636; x_wconf 69' lang='grc' dir='ltr'><strong>πίστιν</strong></span> 
     </span>
    </p>
   </div>
   <div class='ocr_carea' id='block_1_90' title="bbox 244 4673 1834 4747">
    <p class='ocr_par' dir='ltr' id='par_1_90' title="bbox 244 4673 1834 4747">
     <span class='ocr_line' id='line_1_90' title="bbox 244 4673 1834 4747; baseline -0.001 -17"><span class='ocrx_word' id='word_1_648' title='bbox 244 4698 362 4747; x_wconf 84' lang='grc' dir='ltr'><strong>μου</strong></span> <span class='ocrx_word' id='word_1_649' title='bbox 396 4679 466 4730; x_wconf 86' lang='grc' dir='ltr'><strong>ἐν</strong></span> <span class='ocrx_word' id='word_1_650' title='bbox 504 4679 630 4740; x_wconf 81' lang='grc' dir='ltr'><strong>ταῖς</strong></span> <span class='ocrx_word' id='word_1_651' title='bbox 687 4677 954 4747; x_wconf 73' lang='grc' dir='ltr'><strong>ἡμέραις,</strong></span> <span class='ocrx_word' id='word_1_652' title='bbox 987 4680 1056 4731; x_wconf 84' lang='grc' dir='ltr'><strong>ἐν</strong></span> <span class='ocrx_word' id='word_1_653' title='bbox 1092 4673 1188 4743; x_wconf 78' lang='grc' dir='ltr'><strong>αἷς</strong></span> <span class='ocrx_word' id='word_1_654' title='bbox 1231 4679 1501 4741; x_wconf 80' lang='grc' dir='ltr'><strong>Ἀντίπας</strong></span> <span class='ocrx_word' id='word_1_655' title='bbox 1527 4681 1560 4730; x_wconf 87' lang='grc' dir='ltr'><strong><em>ό</em></strong></span> <span class='ocrx_word' id='word_1_656' title='bbox 1600 4678 1834 4743; x_wconf 81' lang='grc' dir='ltr'><strong>μάρτυς</strong></span> 
     </span>
    </p>
   </div>
   <div class='ocr_carea' id='block_1_91' title="bbox 245 4767 1834 4839">
    <p class='ocr_par' dir='ltr' id='par_1_91' title="bbox 245 4767 1834 4839">
     <span class='ocr_line' id='line_1_91' title="bbox 245 4767 1834 4839; baseline -0.003 -15"><span class='ocrx_word' id='word_1_657' title='bbox 245 4789 364 4839; x_wconf 83' lang='grc' dir='ltr'><strong>μου</strong></span> <span class='ocrx_word' id='word_1_658' title='bbox 388 4774 419 4824; x_wconf 81' lang='grc' dir='ltr'><em>ό</em></span> <span class='ocrx_word' id='word_1_659' title='bbox 450 4770 665 4837; x_wconf 76' lang='grc' dir='ltr'><strong>πιστὸς</strong></span> <span class='ocrx_word' id='word_1_660' title='bbox 718 4771 787 4835; x_wconf 78' lang='grc' dir='ltr'><strong>ὃς</strong></span> <span class='ocrx_word' id='word_1_661' title='bbox 830 4771 1173 4838; x_wconf 78' lang='grc' dir='ltr'><strong>ἀπεκτάνθη</strong></span> <span class='ocrx_word' id='word_1_662' title='bbox 1201 4772 1363 4837; x_wconf 61' lang='grc' dir='ltr'><strong>παρ’</strong></span> <span class='ocrx_word' id='word_1_663' title='bbox 1394 4768 1554 4838; x_wconf 65' lang='grc' dir='ltr'><strong>ὑμῖν,</strong></span> <span class='ocrx_word' id='word_1_664' title='bbox 1607 4767 1760 4820; x_wconf 80' lang='grc' dir='ltr'><strong>ὅπου</strong></span> <span class='ocrx_word' id='word_1_665' title='bbox 1802 4769 1834 4820; x_wconf 83' lang='grc' dir='ltr'><strong><em>ό</em></strong></span> 
     </span>
    </p>
   </div>
   <div class='ocr_carea' id='block_1_92' title="bbox 248 4861 1833 4932">
    <p class='ocr_par' dir='ltr' id='par_1_92' title="bbox 248 4861 1833 4932">
     <span class='ocr_line' id='line_1_92' title="bbox 248 4861 1833 4932; baseline -0.004 -16"><span class='ocrx_word' id='word_1_666' title='bbox 248 4861 523 4927; x_wconf 81' lang='grc' dir='ltr'><strong>Σατανᾶς</strong></span> <span class='ocrx_word' id='word_1_667' title='bbox 559 4863 838 4916; x_wconf 77' lang='grc' dir='ltr'><strong>κατοικεῖ.</strong></span> <span class='ocrx_word' id='word_1_668' title='bbox 897 4865 1084 4917; x_wconf 69' lang='grc' dir='ltr'><em>Ἀλλὰ</em></span> <span class='ocrx_word' id='word_1_669' title='bbox 1127 4865 1245 4932; x_wconf 80' lang='grc' dir='ltr'><strong>ἔχω</strong></span> <span class='ocrx_word' id='word_1_670' title='bbox 1275 4864 1424 4915; x_wconf 81' lang='grc' dir='ltr'><strong>κατὰ</strong></span> <span class='ocrx_word' id='word_1_671' title='bbox 1471 4861 1588 4915; x_wconf 84' lang='grc' dir='ltr'><strong>σοῦ</strong></span> <span class='ocrx_word' id='word_1_672' title='bbox 1637 4861 1833 4927; x_wconf 73' lang='grc' dir='ltr'><strong>ὀλίγα,</strong></span> 
     </span>
    </p>
   </div>
   <div class='ocr_carea' id='block_1_93' title="bbox 248 4952 1829 5024">
    <p class='ocr_par' dir='ltr' id='par_1_93' title="bbox 248 4952 1829 5024">
     <span class='ocr_line' id='line_1_93' title="bbox 248 4952 1829 5024; baseline -0.003 -16"><span class='ocrx_word' id='word_1_673' title='bbox 248 4955 342 5008; x_wconf 79' lang='grc' dir='ltr'><strong>ὅτι</strong></span> <span class='ocrx_word' id='word_1_674' title='bbox 369 4957 528 5021; x_wconf 82' lang='grc' dir='ltr'><strong>ἔχεις</strong></span> <span class='ocrx_word' id='word_1_675' title='bbox 557 4955 683 5007; x_wconf 79' lang='grc' dir='ltr'><strong>ἐκεῖ</strong></span> <span class='ocrx_word' id='word_1_676' title='bbox 713 4955 1081 5022; x_wconf 82' lang='grc' dir='ltr'><strong>κρατοῦντας</strong></span> <span class='ocrx_word' id='word_1_677' title='bbox 1111 4954 1225 5022; x_wconf 79' lang='grc' dir='ltr'><strong>τὴν</strong></span> <span class='ocrx_word' id='word_1_678' title='bbox 1255 4955 1518 5024; x_wconf 73' lang='grc' dir='ltr'><strong>διδαχὴν</strong></span> <span class='ocrx_word' id='word_1_679' title='bbox 1558 4952 1829 5018; x_wconf 65' lang='grc' dir='ltr'><strong>Βαλαὰμ,</strong></span> 
     </span>
    </p>
   </div>
   <div class='ocr_carea' id='block_1_94' title="bbox 251 5045 1835 5112">
    <p class='ocr_par' dir='ltr' id='par_1_94' title="bbox 251 5045 1835 5112">
     <span class='ocr_line' id='line_1_94' title="bbox 251 5045 1835 5112; baseline 0.003 -14"><span class='ocrx_word' id='word_1_680' title='bbox 251 5048 320 5108; x_wconf 70' lang='grc' dir='ltr'><strong>ὃς</strong></span> <span class='ocrx_word' id='word_1_681' title='bbox 353 5045 591 5100; x_wconf 68' lang='grc' dir='ltr'><strong>ἐδίδααεε</strong></span> <span class='ocrx_word' id='word_1_682' title='bbox 647 5049 750 5101; x_wconf 79' lang='grc' dir='ltr'><strong>τὸν</strong></span> <span class='ocrx_word' id='word_1_683' title='bbox 807 5050 1036 5110; x_wconf 69' lang='grc' dir='ltr'><strong>Βαλὰκ,</strong></span> <span class='ocrx_word' id='word_1_684' title='bbox 1074 5048 1289 5112; x_wconf 76' lang='grc' dir='ltr'><strong>βαλεῖν</strong></span> <span class='ocrx_word' id='word_1_685' title='bbox 1347 5049 1703 5102; x_wconf 63' lang='grc' dir='ltr'><strong>σκάνδαλον</strong></span> <span class='ocrx_word' id='word_1_686' title='bbox 1741 5048 1835 5102; x_wconf 63' lang='grc' dir='ltr'><strong>ἐν·</strong></span> 
     </span>
    </p>
   </div>
   <div class='ocr_carea' id='block_1_95' title="bbox 250 5136 1837 5205">
    <p class='ocr_par' dir='ltr' id='par_1_95' title="bbox 250 5136 1837 5205">
     <span class='ocr_line' id='line_1_95' title="bbox 250 5136 1837 5205; baseline 0.001 -17"><span class='ocrx_word' id='word_1_687' title='bbox 250 5137 444 5190; x_wconf 71' lang='grc' dir='ltr'><strong>ὡπιον</strong></span> <span class='ocrx_word' id='word_1_688' title='bbox 471 5136 588 5189; x_wconf 88' lang='grc' dir='ltr'><strong>τῶν</strong></span> <span class='ocrx_word' id='word_1_689' title='bbox 613 5137 757 5190; x_wconf 82' lang='grc' dir='ltr'><strong>υἱῶν</strong></span> <span class='ocrx_word' id='word_1_690' title='bbox 796 5137 1064 5205; x_wconf 70' lang='grc' dir='ltr'><strong>Ἰσραὴλ,</strong></span> <span class='ocrx_word' id='word_1_691' title='bbox 1108 5140 1201 5190; x_wconf 72' lang='grc' dir='ltr'><strong>καὶ</strong></span> <span class='ocrx_word' id='word_1_692' title='bbox 1231 5137 1445 5205; x_wconf 62' lang='grc' dir='ltr'><strong>φαγεῖν</strong></span> <span class='ocrx_word' id='word_1_693' title='bbox 1476 5138 1837 5191; x_wconf 70' lang='grc' dir='ltr'><strong>εἱδω..ιύοιντίι</strong></span> 
     </span>
    </p>
   </div>
   <div class='ocr_carea' id='block_1_96' title="bbox 257 5230 1841 5299">
    <p class='ocr_par' dir='ltr' id='par_1_96' title="bbox 257 5230 1841 5299">
     <span class='ocr_line' id='line_1_96' title="bbox 257 5230 1841 5299; baseline 0.002 -17"><span class='ocrx_word' id='word_1_694' title='bbox 257 5231 353 5282; x_wconf 67' lang='grc' dir='ltr'><strong>καὶ</strong></span> <span class='ocrx_word' id='word_1_695' title='bbox 387 5231 738 5298; x_wconf 75' lang='grc' dir='ltr'><strong>πορνεῦσαι.</strong></span> <span class='ocrx_word' id='word_1_696' title='bbox 767 5231 965 5294; x_wconf 79' lang='grc' dir='ltr'><strong>Οὕτως</strong></span> <span class='ocrx_word' id='word_1_697' title='bbox 999 5231 1157 5298; x_wconf 80' lang='grc' dir='ltr'><strong>ἔχεις</strong></span> <span class='ocrx_word' id='word_1_698' title='bbox 1208 5230 1304 5284; x_wconf 75' lang='grc' dir='ltr'><strong>καὶ</strong></span> <span class='ocrx_word' id='word_1_699' title='bbox 1337 5231 1418 5283; x_wconf 83' lang='grc' dir='ltr'><em>σὺ</em></span> <span class='ocrx_word' id='word_1_700' title='bbox 1471 5233 1841 5299; x_wconf 71' lang='grc' dir='ltr'><strong>κρατοῦντας</strong></span> 
     </span>
    </p>
   </div>
   <div class='ocr_carea' id='block_1_97' title="bbox 257 5326 1488 5395">
    <p class='ocr_par' dir='ltr' id='par_1_97' title="bbox 257 5326 1488 5395">
     <span class='ocr_line' id='line_1_97' title="bbox 257 5326 1488 5395; baseline 0.002 -16"><span class='ocrx_word' id='word_1_701' title='bbox 257 5327 375 5392; x_wconf 77' lang='grc' dir='ltr'><strong>τὴν</strong></span> <span class='ocrx_word' id='word_1_702' title='bbox 406 5327 668 5394; x_wconf 78' lang='grc' dir='ltr'><strong>διδαχὴν</strong></span> <span class='ocrx_word' id='word_1_703' title='bbox 695 5327 812 5380; x_wconf 85' lang='grc' dir='ltr'><strong>τῶν</strong></span> <span class='ocrx_word' id='word_1_704' title='bbox 841 5326 1210 5380; x_wconf 66' lang='grc' dir='ltr'><strong>Νικολαϊτῶν</strong></span> <span class='ocrx_word' id='word_1_705' title='bbox 1253 5330 1488 5395; x_wconf 83' lang='grc' dir='ltr'><strong>ὁμοίως.</strong></span> 
     </span>
    </p>
   </div>
   <div class='ocr_carea' id='block_1_98' title="bbox 336 5419 1845 5490">
    <p class='ocr_par' dir='ltr' id='par_1_98' title="bbox 336 5419 1845 5490">
     <span class='ocr_line' id='line_1_98' title="bbox 336 5419 1845 5490; baseline 0.001 -18"><span class='ocrx_word' id='word_1_706' title='bbox 336 5419 600 5488; x_wconf 79' lang='grc' dir='ltr'><strong>Δίστομον</strong></span> <span class='ocrx_word' id='word_1_707' title='bbox 634 5421 910 5490; x_wconf 76' lang='grc' dir='ltr'><strong>ῥομφαίαν</strong></span> <span class='ocrx_word' id='word_1_708' title='bbox 944 5419 1133 5489; x_wconf 61' lang='grc' dir='ltr'><strong>φησιν,</strong></span> <span class='ocrx_word' id='word_1_709' title='bbox 1175 5419 1208 5488; x_wconf 79' lang='grc' dir='ltr'>ἦ</span> <span class='ocrx_word' id='word_1_710' title='bbox 1244 5419 1340 5489; x_wconf 74' lang='grc' dir='ltr'><strong>τὴν</strong></span> <span class='ocrx_word' id='word_1_711' title='bbox 1375 5419 1515 5473; x_wconf 84' lang='grc' dir='ltr'><strong>κατὰ</strong></span> <span class='ocrx_word' id='word_1_712' title='bbox 1548 5421 1639 5472; x_wconf 75' lang='grc' dir='ltr'><strong>τὸν</strong></span> <span class='ocrx_word' id='word_1_713' title='bbox 1677 5420 1845 5486; x_wconf 73' lang='grc' dir='ltr'><strong>εὐαγ-</strong></span> 
     </span>
    </p>
   </div>
   <div class='ocr_carea' id='block_1_99' title="bbox 265 5512 1844 5584">
    <p class='ocr_par' dir='ltr' id='par_1_99' title="bbox 265 5512 1844 5584">
     <span class='ocr_line' id='line_1_99' title="bbox 265 5512 1844 5584; baseline 0 -20"><span class='ocrx_word' id='word_1_714' title='bbox 265 5512 490 5579; x_wconf 71' lang='grc' dir='ltr'><strong>γελικδν</strong></span> <span class='ocrx_word' id='word_1_715' title='bbox 521 5513 678 5580; x_wconf 75' lang='grc' dir='ltr'><strong>λόγον</strong></span> <span class='ocrx_word' id='word_1_716' title='bbox 715 5515 776 5566; x_wconf 81' lang='grc' dir='ltr'><strong>τὸ</strong></span> <span class='ocrx_word' id='word_1_717' title='bbox 803 5517 908 5568; x_wconf 83' lang='grc' dir='ltr'><strong>πᾶν</strong></span> <span class='ocrx_word' id='word_1_718' title='bbox 942 5514 1335 5584; x_wconf 83' lang='grc' dir='ltr'><strong>περιαιροῦσαν</strong></span> <span class='ocrx_word' id='word_1_719' title='bbox 1365 5513 1424 5563; x_wconf 83' lang='grc' dir='ltr'><strong>τὸ</strong></span> <span class='ocrx_word' id='word_1_720' title='bbox 1466 5513 1720 5584; x_wconf 80' lang='grc' dir='ltr'><strong>περιττὸν</strong></span> <span class='ocrx_word' id='word_1_721' title='bbox 1750 5512 1844 5564; x_wconf 80' lang='grc' dir='ltr'><strong>τοῦ</strong></span> 
     </span>
    </p>
   </div>
   <div class='ocr_carea' id='block_1_100' title="bbox 270 5604 1846 5674">
    <p class='ocr_par' dir='ltr' id='par_1_100' title="bbox 270 5604 1846 5674">
     <span class='ocr_line' id='line_1_100' title="bbox 270 5604 1846 5674; baseline 0.001 -20"><span class='ocrx_word' id='word_1_722' title='bbox 270 5604 542 5673; x_wconf 61' lang='grc' dir='ltr'><strong>παρόντος</strong></span> <span class='ocrx_word' id='word_1_723' title='bbox 577 5604 693 5674; x_wconf 74' lang='grc' dir='ltr'><strong>βίου</strong></span> <span class='ocrx_word' id='word_1_724' title='bbox 726 5606 818 5658; x_wconf 73' lang='grc' dir='ltr'><strong>καὶ</strong></span> <span class='ocrx_word' id='word_1_725' title='bbox 843 5608 903 5660; x_wconf 86' lang='grc' dir='ltr'><strong>τὸ</strong></span> <span class='ocrx_word' id='word_1_726' title='bbox 921 5609 1030 5661; x_wconf 80' lang='grc' dir='ltr'><strong>ἀπὸ</strong></span> <span class='ocrx_word' id='word_1_727' title='bbox 1065 5606 1330 5673; x_wconf 79' lang='grc' dir='ltr'><strong>γενέσεως</strong></span> <span class='ocrx_word' id='word_1_728' title='bbox 1351 5607 1484 5674; x_wconf 83' lang='grc' dir='ltr'><strong>ἡμῖν</strong></span> <span class='ocrx_word' id='word_1_729' title='bbox 1517 5604 1846 5658; x_wconf 73' lang='grc' dir='ltr'><strong>ἐπισκοτοῦν</strong></span> 
     </span>
    </p>
   </div>
   <div class='ocr_carea' id='block_1_101' title="bbox 347 5722 1517 5791">
    <p class='ocr_par' dir='ltr' id='par_1_101' title="bbox 347 5722 1517 5791">
     <span class='ocr_line' id='line_1_101' title="bbox 347 5722 1517 5791; baseline -0.003 -15"><span class='ocrx_word' id='word_1_730' title='bbox 347 5724 395 5756; x_wconf 75' lang='grc'><strong><em>⁸⁸</em></strong></span> <span class='ocrx_word' id='word_1_731' title='bbox 419 5723 618 5777; x_wconf 63' lang='lat' dir='ltr'><strong>(leues.</strong></span> <span class='ocrx_word' id='word_1_732' title='bbox 651 5740 730 5791; x_wconf 88' lang='lat' dir='ltr'><strong>In,</strong></span> <span class='ocrx_word' id='word_1_733' title='bbox 772 5724 856 5779; x_wconf 62' lang='grc' dir='ltr'><strong>ιιι.</strong></span> <span class='ocrx_word' id='word_1_734' title='bbox 959 5724 1004 5755; x_wconf 85' lang='grc'>⁶⁶</span> <span class='ocrx_word' id='word_1_735' title='bbox 1025 5723 1214 5778; x_wconf 75' lang='lat' dir='ltr'><strong>Matth.</strong></span> <span class='ocrx_word' id='word_1_736' title='bbox 1285 5739 1400 5783; x_wconf 83' lang='lat' dir='ltr'><strong>vm,</strong></span> <span class='ocrx_word' id='word_1_737' title='bbox 1427 5722 1517 5776; x_wconf 66' lang='lat'><strong>9:2.</strong></span> 
     </span>
    </p>
   </div>
   <div class='ocr_carea' id='block_1_102' title="bbox 1859 4447 1977 4514">
    <p class='ocr_par' dir='ltr' id='par_1_102' title="bbox 1859 4447 1977 4514">
     <span class='ocr_line' id='line_1_102' title="bbox 1859 4447 1977 4514; baseline 0 0"><span class='ocrx_word' id='word_1_738' title='bbox 1859 4447 1977 4514; x_wconf 52' lang='lat' dir='ltr'><strong>DZ.‘</strong></span> 
     </span>
    </p>
   </div>
   <div class='ocr_carea' id='block_1_103' title="bbox 1943 4389 3531 4473">
    <p class='ocr_par' dir='ltr' id='par_1_103' title="bbox 1943 4389 3531 4473">
     <span class='ocr_line' id='line_1_103' title="bbox 1943 4389 3531 4473; baseline -0.013 -14"><span class='ocrx_word' id='word_1_739' title='bbox 1943 4404 2076 4459; x_wconf 80' lang='lat' dir='ltr'><strong>Neri</strong></span> <span class='ocrx_word' id='word_1_740' title='bbox 2108 4420 2264 4473; x_wconf 83' lang='lat' dir='ltr'><strong>opera</strong></span> <span class='ocrx_word' id='word_1_741' title='bbox 2287 4414 2400 4463; x_wconf 89' lang='lat' dir='ltr'><strong>tua,</strong></span> <span class='ocrx_word' id='word_1_742' title='bbox 2430 4410 2477 4452; x_wconf 82' lang='lat' dir='ltr'><strong>et</strong></span> <span class='ocrx_word' id='word_1_743' title='bbox 2504 4400 2590 4453; x_wconf 85' lang='lat' dir='ltr'><strong>ubi</strong></span> <span class='ocrx_word' id='word_1_744' title='bbox 2620 4398 2847 4457; x_wconf 73' lang='lat' dir='ltr'><strong>habites,</strong></span> <span class='ocrx_word' id='word_1_745' title='bbox 2873 4409 3052 4462; x_wconf 85' lang='lat' dir='ltr'><strong>nempe</strong></span> <span class='ocrx_word' id='word_1_746' title='bbox 3079 4391 3168 4443; x_wconf 83' lang='lat' dir='ltr'><strong>ubi</strong></span> <span class='ocrx_word' id='word_1_747' title='bbox 3204 4389 3420 4440; x_wconf 82' lang='lat' dir='ltr'><strong>thronus</strong></span> <span class='ocrx_word' id='word_1_748' title='bbox 3451 4393 3531 4440; x_wconf 69' lang='lat' dir='ltr'><strong>est</strong></span> 
     </span>
    </p>
   </div>
   <div class='ocr_carea' id='block_1_104' title="bbox 1941 4479 3532 4553">
    <p class='ocr_par' dir='ltr' id='par_1_104' title="bbox 1941 4479 3532 4553">
     <span class='ocr_line' id='line_1_104' title="bbox 1941 4479 3532 4553; baseline -0.015 0"><span class='ocrx_word' id='word_1_749' title='bbox 1941 4500 2158 4553; x_wconf 79' lang='lat' dir='ltr'><strong>Satanw</strong></span> <span class='ocrx_word' id='word_1_750' title='bbox 2188 4512 2204 4548; x_wconf 92' lang='lat'><strong><em>:</em></strong></span> <span class='ocrx_word' id='word_1_751' title='bbox 2233 4506 2281 4548; x_wconf 87' lang='lat' dir='ltr'><strong>et</strong></span> <span class='ocrx_word' id='word_1_752' title='bbox 2315 4505 2454 4547; x_wconf 84' lang='lat' dir='ltr'><strong>tenes</strong></span> <span class='ocrx_word' id='word_1_753' title='bbox 2479 4507 2663 4544; x_wconf 84' lang='lat' dir='ltr'><strong>nomen</strong></span> <span class='ocrx_word' id='word_1_754' title='bbox 2694 4503 2890 4549; x_wconf 88' lang='lat' dir='ltr'><strong>meum,</strong></span> <span class='ocrx_word' id='word_1_755' title='bbox 2920 4497 2968 4539; x_wconf 83' lang='lat' dir='ltr'><strong>et</strong></span> <span class='ocrx_word' id='word_1_756' title='bbox 3003 4499 3106 4536; x_wconf 90' lang='lat' dir='ltr'><strong>non</strong></span> <span class='ocrx_word' id='word_1_757' title='bbox 3140 4479 3340 4550; x_wconf 79' lang='lat' dir='ltr'><strong>negasti</strong></span> <span class='ocrx_word' id='word_1_758' title='bbox 3374 4479 3532 4546; x_wconf 83' lang='lat' dir='ltr'><strong>[idem</strong></span> 
     </span>
    </p>
   </div>
   <div class='ocr_carea' id='block_1_105' title="bbox 1941 4574 3532 4655">
    <p class='ocr_par' dir='ltr' id='par_1_105' title="bbox 1941 4574 3532 4655">
     <span class='ocr_line' id='line_1_105' title="bbox 1941 4574 3532 4655; baseline -0.014 -9"><span class='ocrx_word' id='word_1_759' title='bbox 1941 4608 2132 4653; x_wconf 86' lang='lat' dir='ltr'><strong>meam,</strong></span> <span class='ocrx_word' id='word_1_760' title='bbox 2167 4591 2219 4642; x_wconf 66' lang='lat' dir='ltr'><strong>is:</strong></span> <span class='ocrx_word' id='word_1_761' title='bbox 2249 4588 2433 4640; x_wconf 82' lang='lat' dir='ltr'><strong>diebus</strong></span> <span class='ocrx_word' id='word_1_762' title='bbox 2463 4585 2654 4655; x_wconf 82' lang='lat' dir='ltr'><strong>quibus</strong></span> <span class='ocrx_word' id='word_1_763' title='bbox 2683 4582 2905 4650; x_wconf 74' lang='lat' dir='ltr'><strong>Antipas</strong></span> <span class='ocrx_word' id='word_1_764' title='bbox 2956 4578 3102 4633; x_wconf 62' lang='lat' dir='ltr'><strong>textis</strong></span> <span class='ocrx_word' id='word_1_765' title='bbox 3167 4593 3309 4631; x_wconf 78' lang='lat' dir='ltr'><strong>meus</strong></span> <span class='ocrx_word' id='word_1_766' title='bbox 3356 4574 3532 4646; x_wconf 76' lang='lat' dir='ltr'><strong>ﬁdelis</strong></span> 
     </span>
    </p>
   </div>
   <div class='ocr_carea' id='block_1_106' title="bbox 1943 4667 3532 4754">
    <p class='ocr_par' dir='ltr' id='par_1_106' title="bbox 1943 4667 3532 4754">
     <span class='ocr_line' id='line_1_106' title="bbox 1943 4667 3532 4754; baseline -0.011 -18"><span class='ocrx_word' id='word_1_767' title='bbox 1943 4685 2084 4754; x_wconf 88' lang='lat' dir='ltr'><strong>apud</strong></span> <span class='ocrx_word' id='word_1_768' title='bbox 2121 4699 2205 4735; x_wconf 75' lang='lat' dir='ltr'><strong>t&#39;os</strong></span> <span class='ocrx_word' id='word_1_769' title='bbox 2232 4681 2433 4733; x_wconf 79' lang='lat' dir='ltr'><strong>occisus</strong></span> <span class='ocrx_word' id='word_1_770' title='bbox 2473 4687 2571 4741; x_wconf 86' lang='lat' dir='ltr'><strong>est,</strong></span> <span class='ocrx_word' id='word_1_771' title='bbox 2606 4677 2697 4728; x_wconf 85' lang='lat' dir='ltr'><strong>ubi</strong></span> <span class='ocrx_word' id='word_1_772' title='bbox 2730 4674 2965 4727; x_wconf 72' lang='lat' dir='ltr'><strong>Satanas</strong></span> <span class='ocrx_word' id='word_1_773' title='bbox 2990 4673 3214 4725; x_wconf 83' lang='lat' dir='ltr'><strong>habitat.</strong></span> <span class='ocrx_word' id='word_1_774' title='bbox 3239 4670 3342 4724; x_wconf 87' lang='lat' dir='ltr'><strong>Sed</strong></span> <span class='ocrx_word' id='word_1_775' title='bbox 3367 4667 3532 4720; x_wconf 77' lang='lat' dir='ltr'><strong>habeo</strong></span> 
     </span>
    </p>
   </div>
   <div class='ocr_carea' id='block_1_107' title="bbox 1941 4761 3537 4840">
    <p class='ocr_par' dir='ltr' id='par_1_107' title="bbox 1941 4761 3537 4840">
     <span class='ocr_line' id='line_1_107' title="bbox 1941 4761 3537 4840; baseline -0.012 -11"><span class='ocrx_word' id='word_1_776' title='bbox 1941 4778 2215 4829; x_wconf 76' lang='lat' dir='ltr'><strong>adversum</strong></span> <span class='ocrx_word' id='word_1_777' title='bbox 2243 4783 2290 4826; x_wconf 91' lang='lat' dir='ltr'><strong>te</strong></span> <span class='ocrx_word' id='word_1_778' title='bbox 2321 4788 2513 4840; x_wconf 83' lang='lat' dir='ltr'><strong>pauca,</strong></span> <span class='ocrx_word' id='word_1_779' title='bbox 2571 4769 2708 4837; x_wconf 85' lang='lat' dir='ltr'><strong>quod</strong></span> <span class='ocrx_word' id='word_1_780' title='bbox 2765 4767 2958 4820; x_wconf 83' lang='lat' dir='ltr'><strong>habeas</strong></span> <span class='ocrx_word' id='word_1_781' title='bbox 3013 4765 3088 4817; x_wconf 85' lang='lat' dir='ltr'><strong>ibi</strong></span> <span class='ocrx_word' id='word_1_782' title='bbox 3130 4773 3361 4817; x_wconf 79' lang='lat' dir='ltr'><strong>tenentes</strong></span> <span class='ocrx_word' id='word_1_783' title='bbox 3411 4761 3537 4813; x_wconf 76' lang='lat' dir='ltr'><strong>doc-</strong></span> 
     </span>
    </p>
   </div>
   <div class='ocr_carea' id='block_1_108' title="bbox 1946 4855 3537 4932">
    <p class='ocr_par' dir='ltr' id='par_1_108' title="bbox 1946 4855 3537 4932">
     <span class='ocr_line' id='line_1_108' title="bbox 1946 4855 3537 4932; baseline -0.011 -11"><span class='ocrx_word' id='word_1_784' title='bbox 1946 4873 2138 4922; x_wconf 81' lang='lat' dir='ltr'><strong>trinam</strong></span> <span class='ocrx_word' id='word_1_785' title='bbox 2178 4866 2429 4928; x_wconf 87' lang='lat' dir='ltr'><strong>Balaam,</strong></span> <span class='ocrx_word' id='word_1_786' title='bbox 2461 4865 2549 4932; x_wconf 88' lang='lat' dir='ltr'><strong>qui</strong></span> <span class='ocrx_word' id='word_1_787' title='bbox 2582 4864 2757 4914; x_wconf 81' lang='lat' dir='ltr'><strong>docuit</strong></span> <span class='ocrx_word' id='word_1_788' title='bbox 2797 4859 2983 4918; x_wconf 79' lang='lat' dir='ltr'><strong>Bolae.</strong></span> <span class='ocrx_word' id='word_1_789' title='bbox 3016 4868 3070 4910; x_wconf 87' lang='lat' dir='ltr'><strong>nt</strong></span> <span class='ocrx_word' id='word_1_790' title='bbox 3103 4864 3315 4926; x_wconf 84' lang='lat' dir='ltr'><strong>poneret</strong></span> <span class='ocrx_word' id='word_1_791' title='bbox 3369 4855 3537 4922; x_wconf 72' lang='lat' dir='ltr'><strong>oﬁ&#39;en-</strong></span> 
     </span>
    </p>
   </div>
   <div class='ocr_carea' id='block_1_109' title="bbox 1941 4947 3537 5025">
    <p class='ocr_par' dir='ltr' id='par_1_109' title="bbox 1941 4947 3537 5025">
     <span class='ocr_line' id='line_1_109' title="bbox 1941 4947 3537 5025; baseline -0.012 -9"><span class='ocrx_word' id='word_1_792' title='bbox 1941 4965 2172 5016; x_wconf 86' lang='lat' dir='ltr'><strong>diculmn</strong></span> <span class='ocrx_word' id='word_1_793' title='bbox 2201 4975 2379 5012; x_wconf 88' lang='lat' dir='ltr'><strong>coram</strong></span> <span class='ocrx_word' id='word_1_794' title='bbox 2405 4958 2534 5025; x_wconf 76' lang='lat' dir='ltr'><strong>[iliis</strong></span> <span class='ocrx_word' id='word_1_795' title='bbox 2585 4955 2780 5015; x_wconf 80' lang='lat' dir='ltr'><strong>Israel,</strong></span> <span class='ocrx_word' id='word_1_796' title='bbox 2831 4970 2932 5022; x_wconf 81' lang='lat' dir='ltr'><strong>quo</strong></span> <span class='ocrx_word' id='word_1_797' title='bbox 2989 4953 3198 5004; x_wconf 85' lang='lat' dir='ltr'><strong>ederent</strong></span> <span class='ocrx_word' id='word_1_798' title='bbox 3244 4947 3400 5002; x_wconf 73' lang='lat' dir='ltr'><strong>idolis</strong></span> <span class='ocrx_word' id='word_1_799' title='bbox 3434 4948 3537 5000; x_wconf 88' lang='lat' dir='ltr'><strong>im-</strong></span> 
     </span>
    </p>
   </div>
   <div class='ocr_carea' id='block_1_110' title="bbox 1947 5039 3537 5109">
    <p class='ocr_par' dir='ltr' id='par_1_110' title="bbox 1947 5039 3537 5109">
     <span class='ocr_line' id='line_1_110' title="bbox 1947 5039 3537 5109; baseline -0.012 -1"><span class='ocrx_word' id='word_1_800' title='bbox 1947 5056 2140 5109; x_wconf 82' lang='lat' dir='ltr'><strong>molata</strong></span> <span class='ocrx_word' id='word_1_801' title='bbox 2163 5063 2208 5106; x_wconf 89' lang='lat' dir='ltr'><strong>et</strong></span> <span class='ocrx_word' id='word_1_802' title='bbox 2228 5059 2625 5104; x_wconf 74' lang='lat' dir='ltr'><strong>scortarentnr:</strong></span> <span class='ocrx_word' id='word_1_803' title='bbox 2651 5050 2725 5098; x_wconf 84' lang='lat' dir='ltr'><strong>ita</strong></span> <span class='ocrx_word' id='word_1_804' title='bbox 2746 5049 2902 5098; x_wconf 83' lang='lat' dir='ltr'><strong>habes</strong></span> <span class='ocrx_word' id='word_1_805' title='bbox 2921 5056 2966 5097; x_wconf 85' lang='lat' dir='ltr'><strong>et</strong></span> <span class='ocrx_word' id='word_1_806' title='bbox 2993 5055 3047 5096; x_wconf 85' lang='lat' dir='ltr'><strong>tu</strong></span> <span class='ocrx_word' id='word_1_807' title='bbox 3074 5051 3308 5096; x_wconf 82' lang='lat' dir='ltr'><strong>tenentes</strong></span> <span class='ocrx_word' id='word_1_808' title='bbox 3333 5039 3537 5092; x_wconf 81' lang='lat' dir='ltr'><strong>doctri-</strong></span> 
     </span>
    </p>
   </div>
   <div class='ocr_carea' id='block_1_111' title="bbox 1950 5142 2790 5202">
    <p class='ocr_par' dir='ltr' id='par_1_111' title="bbox 1950 5142 2790 5202">
     <span class='ocr_line' id='line_1_111' title="bbox 1950 5142 2790 5202; baseline -0.015 -1"><span class='ocrx_word' id='word_1_809' title='bbox 1950 5165 2068 5202; x_wconf 85' lang='lat' dir='ltr'><strong>nam</strong></span> <span class='ocrx_word' id='word_1_810' title='bbox 2111 5145 2500 5200; x_wconf 71' lang='lat' dir='ltr'><strong>Nieolaitamm</strong></span> <span class='ocrx_word' id='word_1_811' title='bbox 2527 5142 2790 5194; x_wconf 84' lang='lat' dir='ltr'><strong>similiter.</strong></span> 
     </span>
    </p>
   </div>
   <div class='ocr_carea' id='block_1_112' title="bbox 2029 5398 3546 5488">
    <p class='ocr_par' dir='ltr' id='par_1_112' title="bbox 2029 5398 3546 5488">
     <span class='ocr_line' id='line_1_112' title="bbox 2029 5398 3546 5488; baseline -0.015 -19"><span class='ocrx_word' id='word_1_812' title='bbox 2029 5417 2198 5488; x_wconf 76' lang='lat'><strong>668</strong></span> <span class='ocrx_word' id='word_1_813' title='bbox 2258 5412 2510 5465; x_wconf 79' lang='lat' dir='ltr'><strong>Gladium</strong></span> <span class='ocrx_word' id='word_1_814' title='bbox 2577 5410 2830 5476; x_wconf 85' lang='lat' dir='ltr'><strong>utrinque</strong></span> <span class='ocrx_word' id='word_1_815' title='bbox 2892 5404 3214 5456; x_wconf 84' lang='lat' dir='ltr'><strong>inridentem</strong></span> <span class='ocrx_word' id='word_1_816' title='bbox 3268 5398 3398 5451; x_wconf 79' lang='lat' dir='ltr'><strong>dicit</strong></span> <span class='ocrx_word' id='word_1_817' title='bbox 3454 5406 3546 5447; x_wconf 85' lang='lat' dir='ltr'><strong>aut</strong></span> 
     </span>
    </p>
   </div>
   <div class='ocr_carea' id='block_1_113' title="bbox 1956 5489 3546 5576">
    <p class='ocr_par' dir='ltr' id='par_1_113' title="bbox 1956 5489 3546 5576">
     <span class='ocr_line' id='line_1_113' title="bbox 1956 5489 3546 5576; baseline -0.016 -12"><span class='ocrx_word' id='word_1_818' title='bbox 1956 5527 2080 5565; x_wconf 91' lang='lat' dir='ltr'><strong>enm</strong></span> <span class='ocrx_word' id='word_1_819' title='bbox 2127 5508 2242 5576; x_wconf 89' lang='lat' dir='ltr'><strong>qui,</strong></span> <span class='ocrx_word' id='word_1_820' title='bbox 2272 5505 2570 5559; x_wconf 73' lang='lat' dir='ltr'><strong>scentulum</strong></span> <span class='ocrx_word' id='word_1_821' title='bbox 2603 5515 2911 5557; x_wconf 90' lang='lat' dir='ltr'><strong>sermonem</strong></span> <span class='ocrx_word' id='word_1_822' title='bbox 2943 5494 3338 5562; x_wconf 80' lang='lat' dir='ltr'><strong>evangelicum,</strong></span> <span class='ocrx_word' id='word_1_823' title='bbox 3368 5489 3546 5541; x_wconf 84' lang='lat' dir='ltr'><strong>avellit</strong></span> 
     </span>
    </p>
   </div>
   <div class='ocr_carea' id='block_1_114' title="bbox 1959 5586 3551 5673">
    <p class='ocr_par' dir='ltr' id='par_1_114' title="bbox 1959 5586 3551 5673">
     <span class='ocr_line' id='line_1_114' title="bbox 1959 5586 3551 5673; baseline -0.014 -19"><span class='ocrx_word' id='word_1_824' title='bbox 1959 5602 2104 5673; x_wconf 78' lang='lat' dir='ltr'><strong>quod</strong></span> <span class='ocrx_word' id='word_1_825' title='bbox 2167 5599 2498 5667; x_wconf 82' lang='lat' dir='ltr'><strong>superﬂuunt</strong></span> <span class='ocrx_word' id='word_1_826' title='bbox 2545 5607 2627 5651; x_wconf 84' lang='lat' dir='ltr'><strong>est</strong></span> <span class='ocrx_word' id='word_1_827' title='bbox 2679 5595 2791 5665; x_wconf 78' lang='grc' dir='ltr'><strong>(ιιι)</strong></span> <span class='ocrx_word' id='word_1_828' title='bbox 2851 5593 2903 5645; x_wconf 81' lang='grc' dir='ltr'><strong>ιιι</strong></span> <span class='ocrx_word' id='word_1_829' title='bbox 2965 5586 3221 5660; x_wconf 75' lang='lat' dir='ltr'><strong>pratsmiti</strong></span> <span class='ocrx_word' id='word_1_830' title='bbox 3285 5586 3432 5645; x_wconf 71' lang='lat' dir='ltr'><strong>vita,</strong></span> <span class='ocrx_word' id='word_1_831' title='bbox 3496 5589 3551 5633; x_wconf 87' lang='lat' dir='ltr'><strong>et</strong></span> 
     </span>
    </p>
   </div>
   <div class='ocr_carea' id='block_1_115' title="bbox 338 5823 3328 5917">
    <p class='ocr_par' dir='ltr' id='par_1_115' title="bbox 338 5823 3328 5917">
     <span class='ocr_line' id='line_1_115' title="bbox 338 5823 3328 5917; baseline -0.008 -17"><span class='ocrx_word' id='word_1_832' title='bbox 338 5848 446 5916; x_wconf 80' lang='lat' dir='ltr'><strong>(l0)</strong></span> <span class='ocrx_word' id='word_1_833' title='bbox 483 5846 615 5902; x_wconf 70' lang='lat' dir='ltr'><strong>Male</strong></span> <span class='ocrx_word' id='word_1_834' title='bbox 642 5847 911 5916; x_wconf 85' lang='lat' dir='ltr'><strong>interpres</strong></span> <span class='ocrx_word' id='word_1_835' title='bbox 949 5847 1271 5917; x_wconf 84' lang='lat' dir='ltr'><strong>scripserat,</strong></span> <span class='ocrx_word' id='word_1_836' title='bbox 1298 5844 1465 5909; x_wconf 82' lang='lat' dir='ltr'><strong>dicit,</strong></span> <span class='ocrx_word' id='word_1_837' title='bbox 1506 5851 1595 5894; x_wconf 85' lang='lat' dir='ltr'><strong>aut</strong></span> <span class='ocrx_word' id='word_1_838' title='bbox 1623 5853 1910 5895; x_wconf 83' lang='lat' dir='ltr'><strong>sermonem</strong></span> <span class='ocrx_word' id='word_1_839' title='bbox 1945 5839 2294 5904; x_wconf 70' lang='lat' dir='ltr'><strong>Ctnttgt&#39;ltt‘tlln</strong></span> <span class='ocrx_word' id='word_1_840' title='bbox 2332 5831 2634 5884; x_wconf 74' lang='lat' dir='ltr'><strong>ate/ltttlettl</strong></span> <span class='ocrx_word' id='word_1_841' title='bbox 2671 5824 2807 5892; x_wconf 63' lang='lat' dir='ltr'><strong>quod</strong></span> <span class='ocrx_word' id='word_1_842' title='bbox 2840 5823 3184 5894; x_wconf 74' lang='lat' dir='ltr'><strong>superﬂuum.</strong></span> <span class='ocrx_word' id='word_1_843' title='bbox 3228 5828 3328 5872; x_wconf 66' lang='grc' dir='ltr'><strong>εἰσ.</strong></span> 
     </span>
    </p>
   </div>
  </div>
