4256 6440
256 363 359 425 541

256 660 359 710 καὶ
393 660 564 712 δώσω
595 663 734 731 ὑμῖν
757 666 995 733 ἑκάστῳ
1030 673 1180 724 κατὰ
1216 676 1281 726 τὰ
1310 678 1451 745 ἔργα
1477 679 1658 747 ὑμῶν.

334 752 392 803 Εἰ
429 753 516 806 διὰ
544 754 642 824 τὴν
671 757 875 821 πίστιν,
902 763 1058 829 φησὶ,
1089 765 1181 815 καὶ
1209 768 1305 834 τὴν
1342 772 1468 839 περὶ
1499 771 1625 833 τοῦς
1647 773 1836 844 δεομέ-

257 858 387 904 νους
434 847 719 913 χορηγίαν,
754 849 813 902 τὸ
853 850 1079 915 εὐλαϐὲς
1111 854 1265 922 ὑμῶν
1311 862 1403 911 καὶ
1433 862 1836 932 ὑπομονητικὸν

255 935 621 1006 ἀποδέχομαι,
680 942 794 993 ἀλλ’
826 939 921 996 οὖν
966 947 1193 1011 δικαίως
1237 952 1367 1021 ὑμῖν
1418 956 1833 1028 ἐπιμέμφομαι,

255 1029 345 1081 ὅτι
378 1031 475 1099 τὴν
510 1033 624 1085 τῶν
671 1035 1008 1089 Νικολαϊτῶν
1062 1043 1275 1111 αἵρεσιν
1299 1047 1424 1100 ἐᾶτε
1469 1051 1744 1118 ἀκμάζειν
1776 1056 1835 1107 ἐν

259 1121 417 1190 μέσῳ
451 1124 621 1191 ὑμῶν.
661 1130 821 1196 ,λέγει
854 1132 908 1183 δὲ
944 1135 1222 1200 τροπικῶς
1253 1139 1456 1208 ταύτην
1494 1142 1584 1194 διὰ
1610 1144 1705 1197 τοῦ
1735 1148 1833 1217 τῆς

270 1214 511 1310 Ἰεζάϐελ
562 1219 821 1288 ὀνόματος
876 1223 977 1293 τῆς
1023 1226 1102 1295 τῷ
1160 1228 1363 1298 ’Λχαὰϐ
1406 1239 1833 1310 συνοικησάσης,

257 1306 433 1379 ταύτῃ
462 1312 828 1378 παραϐάλλων
874 1318 964 1368 καὶ
999 1319 1125 1381 τοὺς
1171 1320 1278 1373 ἀπὸ
1303 1323 1572 1379 Νικολάου
1614 1327 1702 1381 διὰ
1734 1306 1835 1399 τὴν

256 1398 552 1467 ἀσέλγειαν
602 1409 693 1460 καὶ
746 1411 1023 1467 ἀσέϐειαν.
1082 1417 1485 1489 Ἐπιμεμφεται
1536 1420 1629 1477 οὖν
1664 1398 1831 1480 ὅτιού

254 1489 546 1546 διώκουσιν
577 1496 765 1570 αὐτὴν,
792 1504 1090 1569 τουτέστιν,
1124 1509 1222 1563 οὐκ
1253 1513 1601 1569 ἀπωθοῦνται
1637 1519 1830 1587 αὐτὴν,

255 1578 494 1642 ἀναιδῶς
539 1582 974 1657 βλασρημοῦσαν
1029 1601 1522 1668 καταισχύνοντας,
1574 1608 1689 1659 ἀλλ’
1737 1578 1831 1661 ένο

255 1674 474 1770 ἐχονται
506 1684 786 1770 κοινωνεῖν
806 1686 989 1749 αὐτοῖς
1021 1690 1115 1742 τοῦ
1140 1691 1403 1761 ὀνόματος
1429 1696 1538 1749 τῶν
1569 1700 1832 1768 Χριστιει⁴

252 1761 384 1823 νῦν,
447 1766 540 1834 ὑφ’
595 1761 656 1821 οἶ)
698 1770 1068 1841 λανθανόντως
1113 1784 1224 1845 τοῖς
1286 1785 1678 1858 ἁπλουστέροις
1722 1792 1832 1843 τῶν

1331 384 1710 447 COMMENT.
1758 391 1836 450 IN
1876 394 2406 461 APOCALYPSIN.

2003 786 2166 857 672
2186 786 2240 840 Si
2263 797 2478 854 prepter
2497 788 2673 851 ﬁdem,
2702 788 2895 857 inquit,
2918 803 2981 842 ac
3000 788 3303 843 subsidium
3320 791 3371 842 in
3388 805 3511 857 ege-

1943 893 2043 931 nos
2076 890 2306 934 vestram
2332 879 2570 947 suscipio
2598 881 2848 948 pietatem
2885 896 2949 934 ac
2977 881 3345 941 tolerantiam.
3363 880 3513 949 juste

1941 978 2117 1024 tamen
2135 970 2290 1024 vobis
2323 970 2593 1039 indignor,
2621 972 2765 1039 quod
2822 970 3210 1025 Nicolaitarum
3263 972 3508 1027 haeresim

1940 1062 2120 1130 vigere
2136 1061 2326 1116 sinatis
2351 1060 2405 1113 in
2448 1061 2627 1113 medio
2657 1063 2843 1115 vestri.
2880 1062 3030 1118 Hane
3065 1072 3249 1118 autem
3303 1063 3512 1134 tropice

1940 1154 2212 1221 significat
2247 1171 2343 1225 per
2363 1170 2558 1209 nomen
2589 1153 2804 1208 Jezabcl
2825 1172 2944 1223 qum
2970 1159 3078 1226 regi
3105 1158 3294 1213 Achab
3316 1174 3513 1227 nupse-

1941 1256 2059 1300 rat:
2090 1247 2216 1300 huic
2258 1246 2421 1301 etiam
2453 1262 2779 1315 comparans
2813 1244 3017 1301 Nicolai
3068 1264 3329 1317 sequaces
3385 1265 3511 1319 pro-

1939 1352 2058 1407 pter
2076 1339 2352 1393 libidinem
2376 1354 2439 1393 ac
2459 1340 2810 1409 impietatem.
2828 1321 3144 1409 Indignatur
3168 1343 3347 1412 itaque
3362 1346 3509 1411 quod

1940 1449 2046 1487 non
2111 1443 2508 1502 persequantur
2562 1434 2758 1502 ipsam,
2794 1436 2895 1486 hoc
2949 1444 3031 1488 est
3068 1451 3173 1488 non
3211 1438 3503 1503 expellant,

1935 1525 2332 1580 confundentes
2392 1527 2563 1595 ipsam
2635 1527 2982 1596 impudenter
3018 1528 3507 1597 blasphemantem,

1934 1616 2027 1669 sed
2066 1615 2372 1669 sustineant
2426 1627 2482 1670 ut
2540 1618 2574 1670 ii
2633 1619 2726 1687 qui
2777 1616 2896 1672 solo
2944 1620 3166 1673 nomine
3207 1619 3508 1673 Christiani

1936 1717 2067 1762 sunt
2096 1724 2282 1764 secum
2312 1711 2637 1779 participent
2664 1728 2678 1764 :
2705 1710 2848 1764 unde
2872 1711 3296 1780 simplicioribus
3332 1712 3509 1766 servis

1936 1801 2093 1865 meis,
2117 1801 2312 1872 inquit,
2336 1801 2539 1872 praebet
2574 1800 2956 1856 olfendiculum
3011 1820 3116 1857 non
3171 1804 3335 1857 modo
3356 1820 3507 1859 seor-

251 1870 460 1960 οουιων
514 1877 639 1929 μου,
677 1868 830 1934 φησὶ.
891 1870 1120 1941 παρέχει
1178 1875 1494 1944 σκάνδαλον,
1535 1881 1631 1951 οὐχ
1679 1883 1826 1949 ὅπως
1860 1876 1932 1936 Βτ

1821 1903 1826 1943 ῖ
1860 1876 1901 1931 Β
1930 1894 2176 1957 talionis,
2220 1895 2314 1949 sed
2360 1894 2473 1964 jam
2514 1895 2790 1949 scelerata:
2836 1911 3056 1965 quoque
3105 1898 3502 1952 comestionis:

256 1948 534 2045 πορνείας,
562 1953 675 2006 ἀλλ’
700 1956 801 2027 ἤδη
829 1960 922 2011 καὶ
952 1968 1322 2033 μιαροφαγίας
1343 1982 1357 1997 ⁶
1388 1973 1643 2041 πορνείαν
1672 1976 1703 2043 ἦ
1728 1976 1826 2045 τὴν

250 2039 519 2113 αἰσθητὴν
552 2044 744 2114 λέγων,
770 2050 801 2119 ἢ
844 2051 940 2121 τὴν
974 2055 1081 2109 ἀπὸ
1105 2058 1241 2112 Θεοῦ
1268 2061 1533 2128 ἔκκλισιν,
1563 2068 1699 2119 καθὸ
1734 2069 1829 2122 καὶ

248 2134 470 2202 εἴρηται
528 2137 606 2198 τὸ.
652 2160 668 2191 ι
748 2144 1116 2214 Ἐπόρνευσαν
1163 2152 1220 2203 ἐν
1253 2157 1363 2217 τοῖς
1398 2157 1827 2227 ἐπιτηδεύμασιν

250 2225 471 2277 αὐτων’
519 2248 536 2280 ι
576 2234 776 2298 καὶτὸ,
828 2256 845 2288 ι
891 2239 1220 2311 Ἐμοιχὼντο
1265 2249 1324 2300 ὲν
1359 2249 1434 2317 τῷ
1467 2250 1628 2320 ξύλῳ.
1672 2272 1687 2301 ι
1731 2253 1827 2306 Διὰ

247 2318 307 2369 δὲ
341 2321 440 2389 τῆς
469 2323 577 2374 τῶν
612 2326 978 2385 εἰδωλοθύτων
1009 2335 1207 2405 ἐδωδῆς
1238 2338 1382 2393 ἔοικε
1412 2345 1507 2394 καὶ
1528 2344 1627 2405 τὰς
1660 2344 1826 2409 ἄλλας

246 2413 545 2484 διαιρέσεις
588 2423 927 2491 συντάττειν,
962 2428 1017 2481 αἳ
1051 2432 1143 2481 καὶ
1179 2433 1342 2486 αὑταὶ
1370 2438 1483 2499 τοῖς
1508 2438 1826 2492 εὐσεϐοῦσιν

247 2508 595 2603 επιφύονται,
651 2514 709 2565 ὃν
748 2516 809 2584 δή
853 2535 972 2572 τινα
1002 2523 1200 2591 τρόπον
1231 2525 1382 2595 ἐνῆν.
1413 2528 1476 2581 Ol
1522 2531 1630 2599 γὰρ
1658 2532 1824 2585 Νικο-

250 2600 431 2650 λαῐται
496 2600 821 2659 εἰδωλόθυτα
878 2610 977 2677 μὲν
1035 2612 1237 2667 ἐσθῗειν
1288 2617 1348 2669 οῦ
1404 2620 1823 2689 προύϐάλλοντο,

244 2687 415 2757 ἕτερα
449 2691 503 2742 δὲ
556 2693 726 2760 ὅμως,
776 2698 810 2751 ἆ
841 2703 932 2751 καὶ
968 2702 1321 2774 διανοηθῆναι
1357 2711 1452 2779 τῆς
1487 2714 1828 2783 τελεωτάτης

248 2781 595 2850 ακαθαρσίας
628 2790 719 2839 καὶ
743 2793 969 2859 μιαρίας
1004 2797 1137 2849 ὲστί.
1169 2800 1301 2852 Τίνα
1331 2801 1385 2854 δὲ
1411 2804 1606 2867 ταῦτα,
1638 2808 1827 2861 πολλὰ·

249 2890 337 2934 κις
370 2877 499 2945 ἡμῖν
525 2881 738 2949 εἴρηται
762 2884 856 2953 τὴν
878 2886 987 2937 τῶν
1014 2890 1300 2960 ΙΙαναρίων
1321 2894 1502 2963 βίϐλον
1532 2902 1820 2969 παριστᾷν.

249 2967 359 3017 Καὶ
390 2969 449 3019 ού
477 2970 634 3023 τοῦτο
667 2974 827 3041 μόνον
859 2976 917 3028 τὸ
961 2979 1217 3050 βδελυρὸν
1249 2987 1312 3054 τῇ
1347 2985 1455 3038 τῶν
1489 2967 1826 3043 Νικολαῖτιῖιν

246 3061 459 3127 αἱρέσει
495 3071 861 3136 παρομαρτεῖ.
893 3070 1027 3124 ἁλλὰ
1058 3075 1150 3125 καὶ
1196 3078 1470 3148 προφῆτις
1523 3076 1661 3134 εἶναι
1692 3083 1824 3134 ὑπο-

247 3153 517 3217 κρίνεται,
579 3160 798 3228 πονηρῷ
844 3162 1118 3232 πνεύματι
1183 3169 1573 3243 ἐνεργουμένη,
1622 3176 1714 3226 καὶ
1764 3176 1825 3227 τὸ

247 3247 390 3296 θεῖον
427 3248 598 3317 δῶρον
632 3252 711 3313 εἰς
750 3256 1087 3326 ματαιότητα
1127 3263 1573 3329 παραϐάλλουσα,
1604 3267 1689 3318 ἵνα
1726 3268 1819 3319 καὶ

246 3339 522 3401 Μωῦσὲως
554 3342 845 3407 ἀφειδοῦσα
873 3347 1019 3417 ἁλῷ,
1070 3370 1087 3400 ι
1132 3353 1205 3403 Ού
1250 3353 1421 3426 λήψῃ,
1460 3378 1477 3407 s
1517 3358 1819 3429 διαρρήδην

248 3431 498 3496 βοῶντος,
543 3452 561 3484 ι
596 3436 655 3487 τὸ
684 3437 855 3508 ὄνομα
903 3443 1107 3511 Κυρίου
1159 3446 1252 3497 τοῦ
1281 3448 1417 3500 Θεοῦ
1461 3467 1555 3502 σου
1583 3454 1675 3504 ἐπὶ
1713 3472 1817 3521 μαι

243 3527 401 3594 ταίῳ,
446 3545 464 3578 ι
492 3530 585 3580 καὶ
612 3530 705 3581 τοῦ
757 3535 1109 3602 μακαρισμοῦ
1162 3538 1254 3590 τοῦ
1286 3538 1629 3613 Θεοπάτορος
1658 3545 1817 3598 ἀλλο-

241 3618 535 3687 τριουμένη
569 3621 791 3692 εὑρεθῇ,
819 3624 919 3692 τῆς
960 3626 1059 3694 μὲν
1103 3628 1317 3692 ἐλπίδος
1361 3632 1453 3684 τοῦ
1481 3634 1619 3686 θεοῦ
1655 3638 1818 3688 ἀστο-

242 3706 437 3775 χοῦσα,
497 3711 590 3764 in“.
654 3716 1026 3783 ματαιότητας
1084 3719 1139 3770 δὲ
1191 3721 1286 3771 καὶ
1353 3726 1548 3791 μανίας
1604 3726 1819 3793 ψευδεῖς

241 3802 719 3872 ἐμφιλοχωροῦσα,

315 3893 424 3947 Καὶ
450 3896 695 3962 πλανᾷν
720 3898 860 3966 τοὺς
879 3901 1060 3969 ἐμοὺς
1094 3904 1372 3974 δούλους.
1400 3911 1536 3973 Τοὺς
1556 3911 1817 3982 ἁπλότητι

239 3988 446 4053 τρόπον
485 3986 836 4055 βεϐιωκότας,
896 3994 1070 4066 πλάνῃ
1124 3999 1388 4053 ἕλκουσαν
1440 4004 1515 4064 εἰς
1562 4005 1817 4074 πορνείαν

241 4080 336 4129 καὶ
368 4078 574 4148 βρῶσιν
606 4083 1099 4155 ἀπηγορευμένων.

314 4168 421 4222 Καὶ
455 4170 649 4224 ἔδωκα
703 4173 876 4240 αὐτῇ.
921 4174 1084 4243 Ἐγὼ,
1137 4182 1320 4249 φησὶν,
1358 4185 1385 4234 ὁ
1420 4184 1493 4253 μὴ
1527 4185 1695 4240 Θέλων
1726 4188 1815 4240 τὸν

240 4264 475 4316 θανατον
506 4265 597 4317 τοῦ
633 4266 980 4337 ἁμαρτωλοῦ,
1022 4271 1156 4324 ἀλλὰ
1204 4274 1301 4344 τὴν
1348 4279 1686 4350 ἐπιστροφὴν
1721 4280 1817 4351 ζη-

237 4358 374 4419 τῶν,
412 4357 619 4411 δέδωκα
648 4362 784 4430 αὐτῇ
824 4365 1114 4431 μετανοίας
1142 4369 1353 4437 καιρὸν,
1386 4372 1486 4440 τὴν
1541 4376 1817 4443 τιμωρίαν

239 4448 383 4511 τέως
416 4448 859 4520 ὑπερτιθέμενος.
932 4456 993 4507 Ἡ
1034 4457 1087 4510 δὲ
1118 4460 1181 4528 τῇ
1237 4462 1402 4530 ἀνοχῇ
1442 4467 1817 4534 κατεχρήσατο

1934 1990 2317 2043 scortationem
2344 1987 2533 2042 dicens
2581 1994 2675 2041 aut
2721 1989 3035 2043 sensibilem
3086 2005 3150 2043 ac
3207 1991 3504 2052 carnalem,

1932 2091 2027 2136 aut
2053 2081 2469 2135 declinationem
2494 2097 2523 2134 a
2558 2079 2687 2142 Deo,
2717 2083 2871 2148 juxta
2893 2082 2943 2135 id
2974 2082 3120 2151 quod
3178 2082 3342 2136 etiam
3390 2083 3505 2136 dic-

1931 2188 2044 2230 tum
2071 2186 2154 2230 est
2184 2194 2196 2229 :
2240 2193 2258 2226 ι
2324 2174 2594 2228 Foruicati
2650 2182 2779 2228 sunt
2820 2175 2873 2231 in
2909 2174 3106 2228 studiis
3154 2174 3268 2227 suis
3299 2174 3365 2237 ⁷⁸,
3399 2192 3417 2225 ι
3452 2182 3507 2227 et

1930 2270 2060 2324 illud
2098 2287 2111 2322 :
2150 2289 2168 2320 ι
2196 2269 2533 2322 Adulterium
2572 2266 2956 2335 perpetrabant
2990 2266 3041 2319 in
3103 2266 3271 2335 ligno.
3323 2285 3341 2317 ι
3404 2265 3505 2320 Per

1928 2380 2083 2417 esum
2109 2379 2236 2417 vero
2264 2378 2452 2415 eorum
2487 2375 2607 2429 qua:
2641 2360 2796 2413 idolis
2820 2359 3033 2413 fuerant
3063 2358 3368 2423 immolata,
3419 2358 3503 2411 vi-

1928 2460 2087 2512 detttr
2112 2468 2164 2511 et
2201 2456 2336 2509 alias
2369 2469 2587 2523 quoque
2609 2452 2911 2506 divisiones
2965 2464 3295 2506 connectere
3330 2470 3343 2505 :
3380 2467 3504 2521 qua:

1927 2561 1980 2603 et
2020 2550 2150 2619 ipsae
2180 2548 2294 2618 pios
2329 2547 2677 2607 invadebant,
2702 2544 2794 2614 qui
2822 2559 2954 2598 sane
2972 2552 3163 2612 tropus
3190 2544 3332 2597 solet
3353 2544 3497 2598 acci-

1926 2647 2074 2699 dere.
2111 2643 2388 2713 Siquidem
2421 2642 2694 2696 Nicolaita:
2734 2657 2841 2694 non
2874 2640 3246 2709 proponebant
3293 2638 3500 2692 edenda

1929 2738 2249 2808 idolothyta,
2293 2737 2383 2791 Sl'll
2406 2736 2509 2789 alia
2531 2745 2708 2789 tamen
2730 2734 3002 2788 habebant
3022 2748 3143 2802 quae
3162 2733 3241 2785 vel
3258 2732 3501 2800 cogitare

1926 2828 2495 2887 cstrcnue'fieditatis
2543 2836 2627 2882 est
2677 2842 2740 2880 ac
2772 2826 3086 2895 impietatis.
3113 2822 3374 2890 Quaenam
3399 2839 3501 2876 au-

1927 2935 2034 2979 tem
2069 2924 2156 2977 illa
2186 2924 2296 2977 sint
2320 2922 2632 2992 frequenter
2656 2936 2683 2973 a
2715 2920 2871 2974 nobis
2905 2920 3111 2974 dictum
3139 2929 3222 2972 est
3271 2918 3326 2972 in
3363 2917 3505 2972 libro

1926 3015 2197 3072 Panarion
2232 3011 2620 3068 demonstrari.
2680 3010 2789 3065 Nec
2850 3008 2903 3062 id
2936 3018 3142 3063 tantum
3182 3008 3504 3062 abominan-

1927 3112 2055 3164 dum
2086 3123 2208 3163 esse
2234 3115 2467 3162 testatur
2515 3106 2567 3158 in
2602 3103 2792 3159 hzeresi
2850 3101 3266 3165 Nicolaitarum,
3322 3100 3415 3155 sed
3448 3111 3505 3154 ct

1852 3232 1895 3291 ε
1930 3203 2152 3273 fingitur
2182 3215 2301 3254 esse
2337 3199 2678 3269 prophetissa
2708 3211 2828 3266 quae
2873 3209 3043 3264 pravo
3095 3194 3336 3263 agitatur
3391 3194 3507 3261 spi-

1931 3294 2055 3354 ritu,
2086 3292 2442 3359 divirumquc
2493 3290 2696 3342 donum
2744 3288 2962 3341 vanitati
3008 3286 3409 3347 accommodat,
3446 3294 3505 3339 tIt

1923 3383 2089 3435 etiam
2120 3380 2253 3434 leosi
2284 3396 2390 3433 non
2444 3394 2635 3446 parere
2687 3375 3127 3445 deprehendatur
3186 3373 3279 3444 qui
3320 3382 3504 3442 aperte

1922 3475 2122 3528 clamat
2149 3492 2161 3527 :
2194 3492 2211 3523 ι
2241 3472 2359 3525 Non
2381 3486 2630 3523 assumes
2649 3484 2847 3523 nomen
2872 3469 3051 3523 Dcitui
3074 3469 3126 3521 in
3143 3483 3341 3522 vanum
3362 3469 3407 3498 "
3433 3485 3446 3533 ;
3479 3487 3497 3519 ι

1922 3579 1975 3619 et
2006 3582 2035 3619 a
2087 3565 2421 3619 beatitudine
2469 3562 2559 3615 Dei
2598 3562 2767 3630 patris
2794 3560 2971 3615 aliena
2999 3560 3328 3622 inveniatur,
3351 3575 3379 3611 a
3408 3574 3503 3625 spe

1924 3657 2017 3711 Dei
2046 3657 2331 3717 aberraus,
2382 3668 2434 3707 et
2469 3653 2520 3705 in
2567 3653 2901 3705 vanitatibus
2950 3665 3013 3705 ac
3062 3649 3292 3704 insaniis
3350 3648 3504 3705 falsis

1923 3759 2037 3804 toto
2074 3746 2258 3801 animo
2289 3759 2642 3798 conversaris.

1996 3922 2060 3976 Et
2093 3923 2335 3975 seducere
2359 3934 2534 3973 servos
2567 3932 2727 3971 meos:
2766 3931 2864 3970 eos
2894 3915 2986 3984 qui
3018 3915 3073 3967 in
3106 3928 3321 3969 morum
3372 3915 3504 3969 sim-

1920 4015 2161 4083 plicitate
2190 4012 2392 4081 degunt
2423 4012 2689 4063 trahendo
2731 4025 2826 4079 per
2850 4023 3091 4062 errorem
3116 4008 3181 4061 ad
3210 4010 3503 4062 scortatio—

1920 4122 2068 4169 nem,
2098 4114 2151 4157 et
2183 4103 2573 4157 comestiouem
2607 4116 2797 4155 eorum
2826 4116 2951 4169 quae
2980 4102 3145 4153 vetEta
3174 4110 3321 4155 sunt.

1993 4196 2225 4263 Dedique
2243 4194 2291 4247 ei
2323 4203 2544 4261 tempus.
2573 4192 2703 4260 Ego,
2740 4192 2936 4261 inquit,
2966 4192 3058 4261 qui
3094 4192 3220 4244 nolo
3272 4204 3500 4246 tnortem

1923 4289 2245 4360 peccatoris,
2274 4286 2365 4340 sed
2390 4285 2803 4340 conversionem
2832 4300 3040 4353 quaero,
3072 4284 3195 4337 dedi
3251 4285 3300 4337 ei
3358 4293 3498 4337 tem-

1922 4397 2022 4450 pus
2059 4377 2410 4450 paenitentiae,
2449 4376 2711 4430 ultionem
2760 4374 2977 4428 interim
3029 4373 3332 4428 dill‘erendo
3365 4391 3378 4427 :
3409 4376 3499 4427 illa

1922 4489 2049 4527 vero
2083 4472 2370 4526 tolerantia
2406 4486 2525 4522 mea
2574 4468 2742 4522 abusa
2792 4478 2873 4522 est
2900 4469 2967 4521 ad
3010 4469 3496 4536 impmnitentiam.

239 4542 324 4602 είς
356 4541 627 4609 ἀμέλειαν
655 4546 1048 4616 ὲνευκαιροῦσα
1080 4548 1157 4619 τῷ
1195 4550 1424 4622 ὀλεθρίῳ
1474 4557 1663 4624 αὐτῆς,
1700 4559 1813 4610 ἀλλ’
1848 4579 1892 4638 ο

1848 4579 1892 4638 ο
1922 4564 1974 4617 in
2018 4564 2103 4618 sui
2153 4561 2459 4633 perditione
2498 4570 2786 4627 occupata,
2834 4575 2934 4614 nee
2991 4560 3222 4613 firmiter
3286 4559 3499 4614 haerens

237 4632 303 4685 οὐ
336 4633 435 4703 τῆς
459 4637 735 4704 σωτηρίας
772 4640 1110 4710 ἐπιστροφῆς
1146 4644 1313 4711 ἀπρὶξ
1344 4647 1600 4714 ἐχομένη.

315 4727 422 4779 Καὶ
456 4730 526 4780 οὺ
567 4730 723 4781 θέλει
751 4732 1144 4799 μετανοῆσαι.
1200 4735 1371 4789 Τοῦτο
1412 4739 1517 4807 γὰρ
1554 4740 1648 4792 ἆτε
1684 4741 1816 4806 Θεδς

242 4821 567 4887 ἐπίσταμαι,
608 4821 686 4872 διὸ
724 4824 816 4873 καὶ
863 4823 1095 4892 εἴρηται,
1136 4846 1153 4876 ι
1203 4828 1442 4893 Ἐτάζων
1469 4833 1695 4901 καρδίας
1724 4839 1816 4887 καὶ

243 4914 501 4980 νεφροὺς,
536 4915 563 4964 ὁ
588 4914 738 4975 Θεός.
778 4933 794 4965 ι
817 4916 967 4967 Ἐπεὶ
997 4915 1088 4970 οῦν
1123 4923 1189 4989 τῇ
1217 4921 1477 4994 δεδομένῃ
1505 4926 1638 4993 αῦτῇ
1678 4926 1815 4994 πρὸς

246 5005 538 5072 μετάνοιαν
556 5006 737 5058 ἀνέσει
753 5009 851 5057 οὐκ
878 5010 1169 5077 ἐχρήσατο.
1204 5012 1358 5066 Ἰδοὺ
1384 5015 1597 5078 ,βάλλω
1618 5019 1813 5085 αὐτὴν

237 5099 316 5161 εἰς
349 5097 588 5164 κλίνην·
615 5100 732 5150 ἀντὶ
768 5100 881 5162 τοῦ,
915 5103 993 5162 είς
1036 5102 1367 5172 ἀρρωστίαν.
1422 5103 1545 5161 Οἵδε
1578 5111 1687 5180 γὰρ
1711 5113 1812 5180 τὴν

240 5192 491 5259 κλίνηνή
525 5190 713 5259 Γραφή
760 5191 868 5243 ἀπὸ
896 5192 993 5260 τῆς
1034 5195 1345 5264 ἀρρωστίας
1379 5199 1697 5268 λαμϐάνειν,
1734 5203 1812 5266 ὼς

239 5286 371 5334 ὅταν
414 5282 543 5350 λέγῃ
582 5299 593 5311 ⁸
641 5301 658 5333 ι
700 5283 868 5350 Ὅλην
896 5284 992 5354 τὴν
1026 5286 1212 5355 κλίνην
1242 5289 1411 5341 αὑτοῦ
1453 5292 1720 5362 ἑστρεῲας
1751 5298 1808 5348 ἐν

237 5376 304 5443 τῇ
338 5374 619 5443 ἀρρωστίᾳ
652 5374 837 5438 αὑτοῦ,
884 5394 899 5424 ι
960 5377 1150 5445 κλίνην
1193 5380 1293 5447 τὴν
1346 5382 1500 5435 νόσον
1559 5386 1808 5451 φάσκων,

243 5463 679 5533 μεταϐεϐλῆσθαι
721 5468 812 5517 ἐπὶ
866 5468 926 5519 τὸ
971 5468 1201 5536 βέλτιον,
1236 5472 1401 5540 ἤγουν
1453 5476 1533 5536 είς
1570 5478 1803 5542 ὑγίειαν.

239 5556 423 5623 Λῦτὴν
454 5556 551 5623 μὲν
586 5551 677 5608 οῦν
706 5548 848 5610 οὕτω
895 5559 1152 5615 κακώσω.
1186 5562 1326 5625 Τοὺς
1361 5564 1415 5616 δὲ
1450 5568 1806 5636 μοιχεύοντας

242 5649 363 5717 μετ’
392 5649 581 5719 αὐτῆς,
614 5652 736 5714 τοὺς
763 5656 1053 5722 συνεργοὺς
1088 5659 1178 5707 καὶ
1208 5660 1637 5728 συγκροτοῦντας
1666 5666 1801 5733 αύτῆ

309 5805 355 5837 ⁷⁸
384 5804 524 5860 Psal.
564 5830 647 5872 iV,
676 5814 760 5865 ΒΩ.
848 5814 876 5841 ¹¹
923 5827 1121 5869 Jeiem.
1165 5836 1234 5879 Ill,
1265 5822 1313 5870 υ.

1425 5824 1460 5850 τ’
1499 5822 1781 5877 l':\0d.1\.
1817 5829 1861 5877 7.

1917 4654 2341 4709 considerationi
2382 4668 2497 4707 sua:
2532 4654 2748 4707 salutis.

1992 4748 2058 4800 Et
2080 4764 2181 4802 non
2209 4746 2317 4799 vult
2350 4747 2674 4815 resipiscere.
2711 4744 2845 4798 Nam
2880 4745 2981 4799 hoc
3043 4752 3299 4813 tauquam
3354 4744 3496 4801 Deus

1916 4853 2186 4907 cngnosco
2212 4857 2225 4892 :
2260 4838 2465 4892 ideirco
2491 4839 2654 4891 etiam
2690 4837 2896 4890 dictum
2928 4847 3031 4901 est,
3062 4857 3077 4887 ι
3120 4836 3385 4891 Serutans
3409 4855 3495 4890 re-

1919 4948 2014 4985 nes
2040 4942 2091 4984 ct
2110 4930 2275 4983 corda
2310 4930 2455 4983 Deus
2486 4931 2549 4983 ⁷³.
2592 4948 2610 4981 ι
2653 4930 2815 4999 673
2860 4929 3129 4995 Quoniam
3175 4929 3337 4998 igitur
3367 4931 3497 4982 dato

1917 5024 2016 5092 ipsi
2050 5022 2224 5091 spatio
2251 5023 2316 5073 ad
2336 5022 2713 5091 paenitentiam
2749 5037 2854 5073 non
2878 5030 2960 5074 est
2993 5036 3111 5084 usa,
3165 5020 3299 5072 Ecce
3333 5023 3491 5075 mitto

1917 5135 2033 5171 eam
2066 5118 2117 5169 in
2146 5116 2357 5177 lectum,
2392 5118 2492 5168 hoc
2524 5125 2625 5179 est,
2659 5118 2710 5167 in
2736 5114 3134 5182 :egritudinem.
3169 5115 3318 5168 Solet
3348 5117 3491 5168 enim

1921 5208 2197 5270 Scriptura
2229 5206 2425 5260 lectum
2453 5208 2522 5259 ab
2552 5206 2924 5262 imbecillitate
2953 5208 3216 5274 accipere,
3263 5218 3321 5260 ut
3368 5224 3493 5263 cum

1915 5299 2134 5361 dixerit,
2180 5316 2198 5349 ι
2242 5296 2563 5351 Universum
2599 5298 2791 5351 lectum
2833 5298 2953 5364 ejus
2989 5296 3195 5349 vertisti
3237 5297 3289 5350 in
3344 5298 3494 5351 infir-

1917 5392 2100 5443 mitate
2130 5391 2247 5458 ejus
2270 5391 2338 5452 τι,
2380 5408 2398 5439 ι
2439 5390 2639 5443 lectum
2668 5390 2856 5443 dicens
2888 5389 3162 5451 morbum,
3182 5398 3235 5442 et
3276 5405 3490 5443 versum

1912 5499 2031 5537 esse
2063 5484 2114 5537 in
2149 5484 2337 5537 melius
2361 5483 2477 5537 sive
2504 5484 2568 5537 ad
2610 5484 2920 5535 sanitatem.
2959 5481 3134 5549 ipsam
3164 5483 3345 5549 itaque
3374 5499 3493 5535 ma—

1912 5575 1977 5627 lis
2018 5575 2260 5628 alliciam.
2313 5575 2417 5628 Eos
2462 5590 2588 5628 vero
2635 5573 2884 5642 quicum
2940 5588 3000 5626 ea
3036 5572 3486 5635 eomtuiscentur,

1911 5668 1961 5721 id
1998 5678 2102 5729 est,
2148 5668 2239 5735 qui
2276 5679 2643 5737 Coeperantur
2666 5675 2718 5721 et
2742 5665 2946 5720 auxilio
2987 5674 3114 5720 sunt
3155 5666 3222 5720 ad
3283 5666 3491 5721 abomi-

1947 5827 1985 5857 ιδ
2027 5830 2163 5880 ποδηι,
2194 5843 2285 5884 ιιι,
2320 5829 2397 5881 ιι),
2480 5832 2521 5859 7‘
2559 5828 2695 5882 l’snl.
2734 5846 2814 5887 Μ..
2844 5828 2890 5879 ι.
