4256 6440
204 513 229 547 ε
247 495 418 563 ὗσεϐῆ
476 493 575 560 τῆς
643 491 876 552 πίστεως

201 586 589 653 διαψυλάττειν
625 584 752 653 ἄχρι
789 583 886 650 τῆς
925 581 1090 634 αὐτοῦ
1123 579 1448 648 παρουσίας.
1483 579 1791 647 ιΙαροδσίαν

201 681 259 732 δὲ
315 676 528 747 λέγειῆ
584 677 680 744 τὴν
711 673 1027 728 τελευταίαν
1076 676 1162 725 ὅτε
1216 673 1312 740 τὴν
1352 673 1570 724 πάντων
1613 671 1793 736 κρίσιν

203 774 351 825 κατὰ
377 771 474 842 τὴν
502 771 764 839 δευτέραν
807 768 972 820 αὑτοῦ
1003 765 1304 836 παρουσίαν
1339 766 1580 833 ποιήσει,
1615 764 1645 831 ῆ
1695 765 1793 833 τὴν

206 867 441 917 ἑκάστου
470 864 772 917 ἀποϐίωσιν
794 905 807 926 ,
853 861 941 914 ὅτε
989 861 1123 929 πρὸς
1154 860 1316 912 αὑτὸν
1346 858 1602 910 ἀπιοῦσιν
1627 860 1791 927 ἡμῖν,

207 955 306 1006 ἅτε
346 955 442 1024 τὴν
484 953 850 1022 πολυάσχολον
882 953 1090 1020 ταύτην
1138 951 1494 1004 ἀπολείπουσι
1547 947 1692 1019 ζωὴν
1738 951 1794 1002 ἐν

209 1047 446 1112 ἀσφαλεί
472 1045 706 1113 ἐσόμεθα
731 1044 1088 1102 καταστάσει,
1117 1043 1216 1111 τὴν
1247 1040 1435 1094 ἐλπίδα
1461 1040 1570 1092 τῶν
1603 1039 1795 1107 βεϐιωο

213 1139 395 1204 μένων
442 1137 880 1206 σπαραλόγιστον
917 1135 1150 1205 ἔχοντες.
1205 1137 1269 1185 ὐ
1307 1135 1397 1185 καὶ
1426 1131 1627 1201 μᾶλλον
1658 1150 1795 1186 στοι-

209 1229 328 1294 χείν
355 1229 455 1280 οὐκ
485 1226 759 1296 ἀδόκιμον.
1063 1227 1069 1234 ’

283 1319 391 1371 Καὶ
420 1322 451 1371 ό
483 1317 666 1370 νικῶν
697 1318 796 1372 καὶ
829 1322 860 1371 ό
889 1318 1100 1384 τηρῶν.
1137 1319 1258 1371 Τῶν
1292 1320 1390 1388 μὲν
1419 1320 1486 1372 δι’
1518 1321 1794 1389 ἁπλότητα

211 1409 518 1480 ἀπομάχων
576 1413 609 1480 ή
672 1412 902 1480 τήρησις
954 1410 1059 1462 τῶν
1109 1412 1339 1464 ἐντολῶν
1380 1412 1608 1481 ἀρκέσει
1661 1413 1796 1482 προς

209 1500 574 1570 εὐαρέστησιν
623 1502 777 1570 ἐμοί’
842 1501 924 1570 τῷ
972 1502 1024 1553 δὲ
1058 1502 1120 1553 ἐκ
1170 1503 1347 1572 μάχης
1391 1505 1482 1555 καὶ
1521 1503 1697 1572 πάλης
1738 1503 1796 1554 τὸ

209 1592 484 1660 ἀριστεῖον
514 1592 916 1662 ἐπιφερομένῳ,
973 1594 1108 1662 πρὸς
1154 1593 1423 1663 θρίαμϐον
1465 1595 1563 1664 τῆς
1603 1595 1791 1662 νίκης,

210 1679 393 1742 δώσω,
425 1685 610 1751 φησιν,
648 1683 898 1747 ἐξουσίαν
940 1686 1031 1736 ἐπὶ
1075 1684 1182 1737 τῶν
1213 1684 1404 1748 ἐθνῶν,
1438 1687 1576 1755 ἤτοι,
1615 1685 1795 1749 καθὼς

211 1772 271 1823 ὲν
317 1772 671 1840 Εὑαγγελίοις
715 1775 741 1825 o'
787 1775 989 1844 Κύριος
1022 1777 1100 1844 τῷ
1147 1775 1326 1839 καλῶς
1375 1777 1792 1847 οἰκονομήσαντι

209 1865 314 1925 τὰς
347 1867 482 1933 μνᾶς
513 1867 606 1918 καὶ
644 1866 712 1918 τὰ
740 1869 992 1930 τάλαντα,
1024 1869 1174 1929 "lico,
1204 1869 1392 1938 φησὶν,
1421 1870 1513 1922 ἐπὶ
1536 1868 1665 1922 δέκα
1697 1871 1792 1923 πόο
1829 1843 1866 1898 Β

212 1955 348 2019 λεις,
387 1958 482 2011 καὶ
526 1958 728 2028 ἑτέρῳ,
765 1960 856 2014 ἐπὶ
887 1960 1044 2012 πέντε
1081 1961 1281 2023 πόλεις’
1319 1961 1496 2032 ἀρχὴν
1523 1963 1630 2032 γάρ
1670 1979 1792 2014 τινα

211 2048 312 2098 καὶ
359 2048 606 2113 ἐξουσίαν
648 2049 818 2102 ταῦτα
871 2052 1022 2121 δηλοί
1060 2052 1428 2124 δοθησομένην
1464 2057 1574 2119 τοῖς
1618 2055 1794 2123 ἁγίοις

215 2137 360 2188 κατὰ
408 2138 814 2210 ὑποδεεστέρων
867 2140 962 2193 καὶ
996 2139 1090 2193 τοῦ
1132 2140 1509 2194 διευθύνασθαι
1560 2142 1791 2211 χρηζὸδ-

214 2246 344 2281 των.
391 2231 479 2282 Διὸ
506 2233 600 2284 καὶ
632 2232 711 2294 τὸ,
749 2251 766 2283 t
818 2233 1042 2296 Ῥαϐδος
1070 2234 1364 2304 εὐθύτητος
1408 2237 1440 2302 ἡ
1473 2234 1667 2305 ῥάϐδος
1699 2234 1796 2303 τῆς

213 2319 496 2390 βασιλείας
529 2340 643 2386 σου,
684 2343 701 2375 ι
737 2325 968 2395 ἁρμόσει
1004 2326 1098 2378 ἐπὶ
1132 2327 1303 2398 ταύτῃ
1341 2331 1408 2398 τῇ
1436 2327 1632 2397 πράξει
1661 2327 1793 2396 (l5).

210 2416 554 2471 Αἰνίττεσθαι
600 2418 709 2485 γὰρ
757 2420 902 2472 ἔοικε
956 2420 1044 2474 δια
1075 2423 1172 2490 τῆς
1199 2421 1398 2491 ῥάϐδου
1429 2423 1526 2490 τῆς
1569 2419 1795 2490 εὐθύτη-

210 2527 304 2574 τος
332 2510 390 2561 τὸ
415 2512 599 2580 ῥητὸν,
627 2509 700 2572 ὼς
723 2511 782 2563 οὐ
812 2512 1139 2583 κολαστικὴν
1190 2515 1496 2582 εἰσηγεῖται
1524 2514 1791 2578 παιδείαν,

210 2601 329 2657 ἀλλ’
371 2605 834 2672 ὲπανορθωτικήν.
868 2605 980 2674 Τὴν
1024 2605 1081 2657 δὲ
1125 2606 1349 2677 σιδηρᾶν
1389 2607 1584 2676 ῥάϐδον
1618 2607 1794 2672 οἰδεὶς

210 2695 280 2747 δι’
312 2693 440 2748 ἄλλο
469 2713 520 2748 τι
541 2696 776 2749 δίδοσθαί
810 2713 996 2766 φησιν,
1023 2700 1070 2750 εἰ
1102 2699 1176 2768 μὴ
1199 2699 1300 2768 τῆς
1332 2697 1473 2752 κατὰ
1500 2700 1794 2772 συντριϐὴν

211 2789 484 2858 τιμωρίας
540 2789 648 2841 τῶν
698 2792 765 2859 τῇ
824 2790 1078 2862 ἀπειθείᾳ
1132 2793 1645 2862 ἐνεσκευασμένων,
1701 2795 1797 2846 καὶ

213 2883 350 2950 πρὶς
403 2884 677 2949 κεραμικὰ
724 2881 893 2952 σκεύη
932 2883 1413 2954 ἀφωμοιωμένων,
1465 2885 1656 2956 ὥσπερ
1700 2885 1796 2938 καὶ

212 2975 246 3041 ἠ
282 2974 380 3041 τῆς
412 2975 693 3040 δυνάμεως
731 2974 924 3044 ῥάϐδος
957 2977 1058 3028 οὐκ
1087 2974 1250 3028 ἄλλου
1287 2976 1430 3037 τινὸς
1470 2976 1795 3041 ὲξαποστελυ

212 3064 417 3134 λομένη
442 3069 504 3118 ὲκ
545 3068 704 3130 Σιὼν,
734 3071 782 3120 εί
815 3067 891 3138 μὴ
920 3067 1020 3137 τῆς
1048 3068 1157 3120 τῶν
1184 3069 1397 3139 ἐχθρῶν
1429 3071 1794 3140 κατακυριεύ-

1274 368 1662 431 COMMENT.
1703 370 1782 429 ΙΝ
1826 369 2362 431 AI‘OCALYPSIN.

946 485 1423 557 παρακαταθήκην
1490 485 1799 553 ἀλύμαντον
1829 491 1869 546 Α
1902 500 1920 536 \

1835 491 1869 546 Α
1902 485 2065 537 vitam
2100 503 2113 537 :
2146 486 2275 539 nihil
2306 486 2455 540 aliud
2489 485 2559 539 ab
2593 485 2726 555 ipsis
2756 495 3017 555 expetens
3050 501 3214 555 quam
3253 497 3309 541 ut
3337 488 3486 557 pium

3380 371 3485 436 546

1900 579 2023 630 lidci
2053 578 2360 646 depositum
2386 589 2604 634 servent
2625 579 3004 648 incorruptum
3033 595 3206 647 usque
3231 581 3296 635 ad
3325 595 3488 635 suum

1899 671 2213 723 adventum.
2263 669 2570 723 Adventum
2613 680 2795 722 autem
2833 669 2964 722 dicit
3000 678 3096 721 aut
3126 681 3486 736 postremum,

1899 763 2120 832 quando
2163 779 2356 818 omnes
2387 763 2628 816 secundo
2659 777 2758 816 suo
2792 762 3027 816 adventu
3055 760 3361 830 judicahit;
3396 772 3492 816 aut

1899 855 2166 924 cujusque
2201 856 2480 909 interitum
2505 893 2520 918 ,
2554 853 2773 923 quando
2811 869 2909 907 nos
2954 854 3018 906 ad
3063 868 3189 908 eum
3232 854 3446 906 ahimus
3472 893 3486 915 ,

1899 951 2119 1018 quando
2151 949 2335 1004 relicta
2374 947 2476 1002 hac
2523 947 2832 1001 turbulenta
2877 947 2985 1000 vita
3022 948 3076 1001 in
3109 961 3366 1002 securum
3401 962 3490 1000 re-

1901 1056 2168 1110 poncmur
2224 1049 2461 1100 statum,
2513 1036 2853 1091 inlallibilem
2906 1038 3170 1092 habentes
3221 1053 3374 1106 spem
3422 1039 3491 1089 de

1903 1137 1986 1191 his
2020 1154 2142 1206 qua:
2168 1139 2221 1192 in
2258 1139 2363 1190 vita
2400 1137 2732 1206 peregimus,
2761 1134 2908 1203 quod
2941 1135 3107 1190 etiam
3144 1135 3320 1204 magis
3356 1150 3489 1188 con-

1901 1246 2096 1300 gruere
2129 1246 2235 1283 non
2268 1238 2352 1284 est
2385 1226 2770 1298 improbabile.

1973 1321 2038 1374 Et
2064 1322 2153 1390 qui
2182 1320 2362 1374 vicerit
2403 1331 2450 1373 et
2511 1319 2839 1372 custodierit.
2880 1315 2976 1370 His
3001 1317 3095 1384 qui
3128 1318 3198 1371 ob
3226 1316 3489 1385 simplici-

1901 1424 2063 1468 tatem
2115 1423 2243 1467 sunt
2294 1423 2543 1482 expertes
2587 1427 2813 1479 pugnaz,
2849 1412 2983 1464 satis
3035 1410 3136 1464 erit
3182 1410 3490 1464 observatio

1900 1517 2322 1575 praecepturum,
2355 1513 2415 1557 ut
2445 1502 2577 1555 mihi
2617 1503 2865 1570 placeant
2891 1519 2902 1553 :
2935 1501 2982 1553 ci
3013 1515 3142 1554 vero
3167 1499 3261 1569 qni
3294 1514 3358 1554 ex
3386 1514 3490 1569 pu-

1899 1614 2002 1670 gna
2024 1607 2075 1651 et
2101 1597 2246 1651 lucta
2274 1596 2557 1667 pramium
2593 1594 2860 1654 retulerit.
2886 1593 3028 1647 dabo
3053 1594 3117 1646 ad
3146 1591 3484 1660 triumphum

1899 1690 2143 1743 victoriae
2165 1696 2483 1758 potestatem
2506 1701 2669 1756 super
2691 1697 2880 1755 gentes
2915 1702 2928 1738 :
2961 1685 3100 1748 sive,
3127 1683 3486 1752 quemadmo-

1898 1783 2027 1836 dum
2069 1783 2144 1836 ait
2186 1780 2451 1835 Dominus
2490 1781 2542 1832 in
2583 1779 2925 1848 Evangeliis,
2964 1778 3037 1830 illi
3092 1778 3185 1842 qui
3224 1775 3400 1828 minas
3436 1783 3490 1827 et

1899 1877 2100 1932 talenta
2136 1883 2283 1928 recte
2311 1872 2724 1942 dispensaverat
2760 1891 2772 1924 :
2811 1869 3008 1923 Przesis
3033 1870 3220 1922 decem
3254 1867 3490 1922 civitati-

1899 1970 2024 2030 bus,
2057 1977 2111 2020 et
2142 1966 2257 2028 alii,
2285 1965 2528 2035 quinque
2557 1963 2874 2018 civitatibus
2897 1963 2976 2027 ἐς
3012 1961 3305 2031 quemdam
3340 1959 3487 2013 enint

1903 2060 2269 2132 principatum
2318 2074 2380 2113 ac
2413 2067 2736 2127 potestatem
2779 2057 2892 2110 haec
2928 2055 3240 2124 signiﬁcant
3283 2054 3490 2108 sanctis

1901 2156 2082 2207 datam
2118 2167 2281 2222 super
2319 2149 2648 2204 infirmiores
2691 2157 2745 2202 et
2792 2162 2886 2202 eos
2918 2147 3119 2214 quibus
3149 2145 3307 2216 dirigi
3355 2160 3490 2214 opus

1899 2255 2002 2300 est.
2043 2245 2166 2299 Ideo
2200 2245 2333 2298 illud
2369 2243 2411 2274 ⁷⁷
2449 2260 2462 2297 :
2500 2261 2518 2293 ι
2562 2239 2724 2310 Virga
2756 2233 3105 2304 directionis,
3138 2238 3289 2307 virga
3339 2235 3491 2305 regni

1899 2336 2004 2402 tui,
2048 2354 2067 2387 ι
2123 2349 2248 2388 cum
2303 2333 2520 2387 actione
2577 2331 2892 2402 qnadrabit.
2952 2329 3102 2384 Solet
3152 2331 3299 2383 enim
3347 2327 3490 2398 quod

1896 2432 2099 2486 dictum
2137 2438 2220 2484 est
2248 2443 2343 2498 per
2377 2428 2584 2498 virgam
2620 2424 2936 2480 directionis
2965 2423 3242 2496 designari
3273 2439 3288 2476 :
3322 2422 3489 2477 veluti

1898 2521 2194 2578 indicando
2219 2519 2366 2588 quod
2403 2519 2704 2589 punitivam
2747 2518 3144 2572 correctionem
3180 2530 3288 2569 non
3326 2514 3490 2569 indu-

1898 2624 2005 2678 cat,
2035 2613 2129 2668 sed
2159 2627 2282 2684 quae
2311 2612 2584 2666 emendet.
2617 2609 2782 2682 675
2826 2609 3082 2665 Ferream
3123 2623 3254 2663 vero
3280 2609 3488 2676 virgam

1899 2719 2063 2760 nemo
2089 2705 2160 2758 ob
2185 2703 2331 2758 aliud
2367 2703 2668 2774 quidquam
2713 2703 2896 2758 datam
2943 2717 3067 2759 esse
3096 2702 3249 2766 dicit,
3283 2699 3390 2757 nisi
3420 2700 3489 2754 ad

1897 2797 2307 2860 contritionem.
2345 2810 2440 2865 per
2464 2794 2789 2864 supplicium
2816 2807 3010 2847 eorum
3043 2793 3139 2862 qui
3175 2791 3491 2846 inohedien-

1899 2893 1972 2948 tia
2007 2891 2186 2947 vestiti
2218 2899 2367 2955 sunt,
2386 2905 2452 2944 ac
2479 2889 2628 2944 vasis
2659 2888 2925 2942 lictilibns
2943 2885 3254 2941 assimilati.
3284 2884 3493 2951 Quem-

1900 2984 2194 3038 admodum
2243 2983 2405 3037 etiam
2453 2983 2604 3052 virga
2675 2979 2930 3049 potentiae
2999 2993 3107 3032 nou
3152 2977 3377 3032 alterius
3415 2974 3490 3028 rei

1901 3079 2071 3148 gratia
2098 3093 2163 3133 ex
2200 3078 2330 3132 Sion
2368 3077 2534 3132 missa
2564 3083 2682 3138 est,
2716 3074 2820 3128 nisi
2857 3073 2927 3128 ad
2967 3073 3390 3128 dominandum.
3429 3072 3493 3124 Et

215 3173 374 3218 σεως.
403 3158 509 3210 Καὶ
542 3160 726 3230 ἐπειδὴ
758 3160 918 3213 παντὶ
942 3160 1019 3230 τῷ
1053 3161 1273 3213 νικῶντι
1307 3164 1340 3232 ἡ
1368 3163 1566 3233 σιδηρᾶ
1600 3163 1793 3232 ῥάϐδος
1823 3183 1870 3247 c
1902 3187 1920 3224 ί

1835 3183 1870 3247 ε
1902 3172 2029 3241 quia
2054 3170 2202 3225 omni
2240 3169 2480 3224 vincenti
2522 3168 2700 3222 danda
2727 3166 3065 3238 promittitur
3104 3167 3253 3236 virga
3286 3163 3490 3229 ferrea,

215 3251 614 3318 ἐπαγγέλλεται
666 3253 918 3321 δοθῆναι,
960 3251 1099 3323 ἦσαν
1142 3254 1198 3308 δὲ
1251 3249 1395 3309 οὗτοι
1435 3259 1484 3308 οί
1533 3257 1640 3310 ἀπὸ
1684 3258 1793 3308 τῶν

215 3344 391 3396 ἐθνῶν
440 3347 904 3416 προσπορίσαντες
947 3349 1172 3411 ἑαυτοὺς
1219 3346 1284 3399 δι’
1313 3348 1627 3411 εὐπειθείας
1661 3349 1797 3418 Χριο

218 3437 368 3506 στῶ,
402 3432 546 3492 οὗτοι
589 3440 682 3491 καὶ
721 3439 907 3509 κριταὶ
936 3439 1148 3493 ἔσονται
1184 3439 1292 3493 τῶν
1331 3440 1599 3494 ἀπίστων.
1650 3441 1800 3493 Ἐπεὶ

216 3534 314 3582 καὶ
361 3532 487 3593 τοὺς
543 3531 832 3596 Νινευῖτας
879 3533 957 3593 είς
999 3531 1214 3600 κρίσιν,
1261 3533 1428 3602 ἦγουν
1473 3533 1798 3604 κατάκρισιν

213 3622 316 3689 τῆς
377 3623 618 3691 πονηρᾶς
663 3637 829 3690 φησιν
883 3623 908 3673 ὁ
956 3621 1158 3690 Κύριος
1208 3621 1529 3674 ἀνίστασθαι
1582 3622 1795 3688 γενεᾶς.

216 3716 296 3767 Τὸ
329 3715 385 3767 δὲ
439 3715 719 3784 εἰληφέναι
769 3716 863 3767 καὶ
908 3716 1070 3768 αὑτὸν
1104 3715 1256 3786 παρὰ
1296 3715 1388 3768 τοῦ
1441 3715 1651 3786 Πατρὸς
1701 3714 1798 3782 τὴν

221 3809 441 3880 ῥάϐδον,
537 3809 682 3872 δόσις
707 3810 802 3861 καὶ
839 3808 1000 3878 λῆψις
1025 3809 1114 3861 διὰ
1145 3810 1242 3879 τὴν
1272 3810 1370 3878 τῆς
1394 3810 1592 3878 σαρκὸς
1631 3809 1796 3878 προσ-

218 3902 384 3972 ληψιν
446 3903 786 3973 περιεισέδυ,
836 3902 972 3956 ἀλλὰ
1006 3903 1098 3956 καὶ
1141 3903 1229 3957 δια
1274 3903 1654 3964 ταπεινώσεως
1696 3903 1797 3969 ἓμυ

219 4012 407 4065 φασιν.
447 3994 510 4048 El.
553 3995 608 4048 δὲ
660 3996 756 4049 καὶ
806 3997 897 4048 ἐπὶ
935 3996 1032 4065 τῆς
1084 3994 1233 4058 θείας
1269 3995 1484 4064 φύσεως
1514 3993 1671 4048 τοῦτο
1718 4010 1798 4055 τις

221 4089 370 4141 θέλει
412 4089 762 4157 λογίσασθαι,
797 4087 948 4140 οὐδὲν
980 4090 1236 4159 πρᾶγμα,
1278 4092 1343 4158 τῇ
1378 4089 1522 4141 δόσει
1564 4089 1660 4140 καὶ
1701 4089 1797 4156 λη-

217 4181 313 4248 ψει
367 4182 426 4233 τὸ
478 4182 586 4234 τῶν
645 4181 999 4235 ὑποστάσεων
1055 4181 1222 4234 ίδικὸν
1267 4181 1477 4250 [Ιατρος
1528 4184 1621 4233 καὶ
1675 4180 1800 4233 Υἱοῦ

217 4270 643 4341 ἐμφανίζεσθαι.

298 4365 468 4432 Ἀχρι
499 4364 738 4430 τέλους.
775 4365 935 4434 Ἀχρι
979 4366 1161 4428 τέλους
1190 4366 1283 4433 τῆς
1313 4364 1506 4418 ἑαυτοῦ
1535 4365 1678 4434 ζωῆς
1705 4380 1716 4392 ο
1744 4365 1800 4429 ἐξ

217 4452 282 4510 οὗ
328 4460 422 4510 καί
452 4457 612 4525 δῆλον
656 4459 793 4527 ῶςή
838 4461 1110 4527 παρουσία
1141 4458 1305 4510 αὑτοῦ
1352 4459 1513 4527 οὑχὴ
1558 4461 1796 4526 ἐσχάτη,

217 4551 338 4605 ἀλλ’
373 4553 406 4619 ἡ
447 4551 679 4604 ἑκάστου
712 4550 868 4620 ἡμῶν
902 4554 1036 4622 πρὸς
1068 4552 1252 4616 αὑτὸν,
1282 4550 1416 4613 τέως
1452 4553 1617 4604 ἐστίν.

307 4733 400 4798 Ὠς
431 4734 504 4787 τὰ
539 4735 732 4800 σκεύη
767 4736 837 4787 τὰ
877 4733 1164 4804 κεραμικὰ
1201 4734 1685 4802 συντριϐήσεται.
1730 4737 1804 4786 Ub

220 4844 297 4879 πα
309 4826 543 4896 ⁸σαϐολῆς
573 4826 806 4880 ἐνταῦθα
829 4827 862 4897 ἢ
889 4827 1200 4897 ὁμοιώσεως
1224 4829 1384 4898 χάριν
1408 4828 1562 4879 εἴωθε
1595 4828 1676 4890 τὸ,
1703 4828 1802 4892 ὡς,

222 4920 623 4990 παρειλῆφθαι,
675 4921 791 4974 ἀλλ’
838 4920 1180 4984 αἰτιατικῶς,
1235 4923 1356 4974 ἀντὶ
1389 4919 1505 4986 τοῦ,
1555 4921 1672 4974 ira.
1710 4923 1806 4974 Δια

223 5016 406 5079 τοῦτο,
433 5015 586 5085 ςησὶ,
615 5016 807 5084 ῥάϐδος
830 5015 1029 5069 δίδοται
1062 5017 1278 5086 σιδηρᾶ,
1318 5016 1403 5070 ἵνα
1429 5017 1497 5068 τὰ
1529 5017 1808 5086 κεραμικᾶ

225 5109 654 5178 συντριϐήσεται
690 5109 879 5179 σκεύη.
914 5109 975 5162 Εἰ
1005 5109 1061 5160 δὲ
1089 5112 1181 5163 καὶ
1213 5109 1588 5180 ἀνελλήνιστος
1622 5115 1653 5182 ἡ
1687 5115 1809 5163 συν-

219 5203 376 5267 ταξις
433 5201 574 5269 (οὐδέ
633 5218 762 5254 ποτε
797 5205 904 5273 γὰρ
951 5205 1224 5272 ὸριστικδν
1270 5204 1420 5274 ῥῆμα
1465 5207 1802 5272 ὑποτακτικῇ

220 5295 368 5358 λέξει
437 5295 864 5364 συντέτακται),
936 5296 1086 5349 οὐδὲν
1151 5295 1375 5366 μελήσει
1430 5299 1540 5360 τοῖς
1598 5298 1806 5368 διανοίᾳ.

223 5388 386 5459 μόνῃ,
427 5387 541 5440 ἀλλ’
588 5388 710 5458 οὐχ).
744 5388 940 5453 λέξεως
973 5389 1230 5460 ἀκριϐείᾳ
1270 5391 1368 5460 τὴν
1402 5392 1678 5462 σωτηρίαν
1711 5409 1806 5444 που

224 5480 490 5550 ριζουσιν.

329 5663 373 5694 τί
407 5663 538 5717 Luc.
584 5682 696 5728 xu.
737 5666 818 5722 l7.
931 5670 972 5700 ⁷⁷
1019 5669 1160 5724 Psal.
1200 5687 1344 5735 .\l.l\',
1383 5673 1436 5726 7.

1900 3274 2058 3318 erant
2084 3275 2262 3317 autem
2295 3261 2347 3315 hi
2380 3262 2469 3331 qui
2503 3277 2601 3332 per
2635 3269 2941 3330 promptam
2978 3259 3343 3314 obedientiam
3379 3258 3492 3312 Dco

1901 3354 2159 3425 acquisiti
2217 3363 2411 3418 erant,
2473 3353 2527 3407 hi
2587 3354 2752 3407 etiam
2818 3351 3226 3407 incredulornm
3278 3353 3493 3420 judices

1902 3457 2063 3502 erunt
2099 3464 2112 3500 :
2147 3448 2407 3516 quoniam
2443 3452 2497 3499 et
2526 3443 2794 3498 Ninivitas
2834 3445 3155 3500 excitandos
3197 3446 3275 3497 ait
3307 3441 3493 3498 Domi-

1905 3555 2006 3593 nus
2037 3538 2104 3591 ad
2135 3538 2401 3606 judicium
2433 3536 2549 3590 sive
2577 3537 3090 3590 condemnationem
3125 3550 3303 3605 pravae
3334 3552 3494 3605 gcnc-

1904 3628 2157 3684 rationis.
2197 3628 2352 3692 Quod
2387 3638 2566 3680 autem
2605 3638 2658 3680 et
2695 3629 2807 3697 ipse
2841 3643 2868 3680 a
2903 3625 3063 3680 Patre
3099 3630 3306 3697 virgam
3339 3641 3495 3680 acce-

1903 3721 2050 3790 pisse
2077 3719 2297 3780 dicitur,
2330 3719 2570 3772 dationis
2605 3729 2658 3771 ct
2700 3719 3038 3788 acceptionis
3080 3733 3244 3772 voces
3277 3728 3495 3789 propter

1902 3812 2084 3868 carnis
2141 3813 2576 3881 assumptionem
2631 3813 3117 3872 subintroicrunt,
3170 3812 3281 3865 imo
3329 3814 3493 3865 etiam

1903 3913 2126 3972 propter
2157 3918 2270 3958 sua:
2313 3903 2668 3957 demissionis
2702 3913 2755 3956 et
2790 3903 3118 3958 humilitatis
3162 3902 3492 3971 emphasim.

1903 3996 2056 4062 Quod
2083 3997 2129 4050 si
2159 3996 2210 4048 in
2241 3995 2424 4048 divina
2454 4012 2673 4065 quoque
2707 4007 2901 4049 natura
2930 3996 3203 4065 quispiam
3231 3997 3335 4050 hoc
3365 4013 3498 4049 con-

1905 4089 2147 4142 siderare
2186 4088 2402 4153 nititur,
2446 4089 2581 4141 nihil
2613 4089 2717 4142 erit
2757 4089 2998 4158 negotii,
3031 4089 3099 4142 ad
3141 4087 3500 4142 manifestan-

1903 4180 2032 4233 dmn
2059 4195 2154 4249 per
2176 4181 2448 4233 dationem
2474 4189 2528 4233 et
2555 4181 2928 4249 acceptionem
2956 4182 3007 4235 id
3036 4182 3195 4251 quod.
3212 4180 3496 4252 proprium

1905 4282 1986 4327 est
2027 4287 2383 4340 personarum
2412 4270 2591 4326 Patris
2614 4287 2678 4326 ac
2710 4272 2853 4326 Filii.

1980 4364 2149 4435 Usque
2176 4367 2225 4418 in
2256 4365 2436 4432 linem.
2469 4363 2653 4434 Usque
2684 4365 2751 4418 ad
2775 4366 2937 4418 linem
2967 4363 3093 4418 vitae
3115 4378 3230 4418 suae
3255 4382 3268 4418 :
3297 4380 3361 4420 ex
3388 4382 3500 4436 quo

1905 4462 2067 4512 etiam
2108 4457 2457 4512 manifestum
2504 4467 2587 4511 est
2624 4467 2768 4527 quod
2802 4458 3069 4511 adventus
3096 4457 3216 4526 ejus
3251 4474 3358 4510 non
3401 4474 3498 4511 no-

1835 4538 1878 4593 ι)
1910 4549 2166 4603 vissimus
2188 4549 2494 4614 dicebatur,
2519 4548 2612 4604 sed
2650 4547 2918 4618 cujusque
2945 4557 3191 4602 nostrum
3220 4551 3287 4602 ad
3319 4551 3494 4618 ipsum

1915 4657 2187 4695 accessus.

1991 4755 2056 4808 l't
2107 4773 2230 4810 rasa
2264 4757 2452 4823 ﬁctilia
2491 4766 2843 4810 conterentur.
2884 4755 3057 4810 Dictio
3117 4754 3190 4818 ὡς
3235 4756 3337 4810 hoc
3380 4757 3499 4812 loco

1914 4849 2086 4914 accipi
2132 4849 2265 4901 solet
2317 4864 2423 4902 non
2479 4850 2907 4919 comparationis
2963 4857 3059 4902 aut
3124 4848 3499 4904 similitudinis

1923 4941 2117 5007 gratia,
2147 4941 2241 4993 sed
2265 4941 2557 4995 causaliter
2584 4958 2680 5010 pro
2712 4943 2819 5003 ἵνα,
2851 4943 2900 4993 id
2933 4953 3038 5004 est,
3073 4951 3150 4994 ut.
3184 4939 3498 5010 Propterea,

1921 5033 2119 5101 inquit,
2150 5033 2298 5101 virga
2339 5034 2496 5087 datur
2531 5033 2706 5088 ferrea
2742 5046 2800 5088 ut
2835 5034 3017 5087 lictilia
3052 5049 3180 5088 vasa
3211 5043 3501 5088 conteran-

1920 5133 2030 5179 tur.
2069 5124 2223 5190 Quod
2264 5125 2308 5178 εἰ
2360 5141 2468 5178 non
2519 5127 2588 5180 sit
2627 5135 2751 5197 apta
2790 5126 3116 5196 compositio
3167 5143 3181 5179 :
3219 5142 3498 5196 nunquam

1915 5215 2060 5270 enim
2097 5217 2320 5293 verbum
2367 5217 2723 5272 indicativum
2763 5218 2944 5285 (sicut
2977 5219 3028 5270 in
3060 5218 3339 5286 proposito
3370 5235 3497 5270 συν-

1914 5309 2255 5378 τριϐήσεται,
2281 5308 2332 5361 id
2365 5317 2447 5362 est
2479 5310 2854 5378 conterentur)
2883 5309 3242 5380 suhjunctiva:
3269 5309 3499 5363 dictioni

1914 5404 2307 5473 conjungitur:
2367 5403 2504 5456 nihil
2548 5419 2696 5458 cura:
2743 5403 2847 5456 erit
2892 5403 2976 5454 his
3009 5400 3106 5471 qui
3138 5401 3254 5454 sola
3298 5401 3498 5456 intelli-

1913 5496 2117 5564 gentia,
2149 5505 2201 5552 et
2240 5511 2346 5548 non
2379 5506 2568 5551 exacta
2601 5497 2902 5551 dictionum
2938 5493 3375 5550 consideratione
3408 5511 3495 5547 sa-

1914 5588 2086 5663 Iutent
2112 5588 2464 5659 conquirunt.

295 5790 409 5851 (15)
456 5790 625 5843 Verba
673 5792 806 5860 ἁρμ.
857 5792 948 5844 ἐπὶ
1008 5790 1180 5864 ταύτῃ
1223 5799 1287 5863 τῆ
1344 5795 1534 5865 πράξει
1597 5797 1801 5851 omittit
1835 5800 1975 5864 vulg.
