4256 6440
792 380 895 441 555

1601 370 1929 433 ARETH/E
1966 372 2343 432 CESAREI‘E
2381 374 2867 437 CAPPADOCIIE
2907 376 3249 442 EPISCOPI

3951 381 4060 443 556

790 494 895 545 alia
926 496 1166 560 potestas
1200 486 1438 543 hominis
1477 501 1505 540 a
1549 485 1642 539 Dei
1677 495 1967 555 potestate.
1999 485 2125 541 Ideo
2153 502 2373 556 quoque
2405 501 2445 552 Α
2477 505 2569 551 τος
2622 490 2912 560 ἀνθρώπου
2946 492 3082 561 πρὸς
3117 494 3249 546 Θεὸν

2477 505 2569 551 τος
2622 490 2912 560 ἀνθρώπου
2946 492 3082 561 πρὸς
3117 494 3273 546 Θεόν.
3314 491 3408 545 Διὸ
3463 493 3559 545 καὶ
3624 491 3868 562 Γαϐριὴλ
3922 496 4060 563 πρὸς

786 581 1006 636 Gabriel
1027 581 1165 634 divit
1195 580 1262 634 ad
1289 577 1594 648 Virginem,
1623 578 1882 631 thronum
1909 578 2074 631 David
2107 589 2363 648 tanquam
2472 580 2572 649 τὴν
2610 583 2889 651 Παρθένον
2916 579 3059 647 εἷπε,
3094 584 3188 637 τὸν
3228 585 3249 637 θ

2472 580 2572 649 τὴν
2610 583 2889 651 Παρθένον
2916 579 3059 647 εἷπε,
3094 584 3188 637 τὸν
3228 584 3419 655 θρόνον
3447 582 3610 636 Δαυῖδ
3654 586 3805 654 παρὰ
3851 587 4060 655 πατρὸς

787 672 1103 743 temperat-ii
1150 671 1389 725 dandum
1448 684 1571 723 esse
1629 668 1769 722 Filio
1822 685 1851 722 a
1906 678 2061 738 patre
2103 686 2117 723 :
2152 679 2208 723 at
2242 670 2365 739 ipsi,

789 776 1044 834 tanquam
1076 772 1281 815 aeterno
1314 768 1369 814 et
1422 760 1589 813 linem
1638 774 1748 812 non
1777 758 2035 813 habituro
2067 774 2081 811 :
2124 767 2179 812 et
2218 761 2370 812 simi-

789 858 911 910 liter
940 870 1164 924 regnum
1213 868 1277 905 ac
1329 859 1675 920 potestatem.
1718 850 1992 917 Quoniam
2028 850 2187 920 igitur
2214 848 2369 904 simi-

791 946 1075 1002 litudinem
1121 944 1271 1013 regni
1302 942 1471 997 David
1500 944 1707 997 ferebat
1744 943 2019 1007 Christus,
2057 943 2250 998 merito
2290 944 2372 997 di-

787 1041 861 1091 rit
908 1057 921 1093 :
972 1038 1077 1102 Qui
1125 1035 1280 1090 habet
1331 1035 1531 1088 clavem
1585 1033 1754 1087 David
1812 1034 1878 1087 ad
1921 1032 2280 1103 aperiendum
2317 1043 2373 1089 et

788 1130 1152 1184 claudendum
1192 1146 1206 1182 :
1251 1128 1465 1197 aperire
1510 1125 1731 1194 quidem
1772 1140 1977 1180 vocans
2032 1125 2370 1193 justilicare,

786 1222 1041 1278 claudere
1096 1234 1230 1275 vero
1274 1233 1477 1274 vocans
1524 1216 1913 1274 condemnare.
1970 1217 2082 1273 Sua
2140 1232 2373 1287 namque

788 1326 951 1371 utens
980 1314 1219 1384 potentia
1252 1322 1309 1367 et
1335 1309 1605 1381 justilicat
1635 1318 1691 1363 et
1714 1310 2067 1364 condemnat.

864 1408 998 1461 Ecce
1054 1406 1174 1459 dedi
1230 1419 1409 1457 corum
1470 1413 1517 1454 te
1576 1401 1773 1454 ostium
1840 1411 2099 1471 apertum.
2156 1399 2369 1453 Ostium

791 1503 1059 1557 honorum
1101 1499 1263 1552 datur
1312 1504 1561 1566 apertum
1614 1503 1875 1566 tanquam
1924 1494 2370 1566 paratissimum,

790 1608 851 1652 ut
883 1612 977 1667 per
1009 1596 1187 1665 ipsum
1213 1605 1435 1663 quoque
1464 1591 1727 1646 auxilium
1759 1588 1827 1643 ad
1861 1589 2108 1653 meliora,
2140 1588 2375 1659 prtcbcat

791 1689 1075 1744 introitum
1117 1686 1183 1741 ad
1225 1684 1563 1740 lruitionem.
1594 1683 1757 1755 681
1812 1681 1938 1735 Ideo
1963 1681 2129 1735 etiam
2182 1680 2371 1734 Domi-

790 1798 898 1837 nus
929 1796 1053 1836 cutu
1108 1778 1232 1832 ait:
1287 1794 1307 1827 ι
1356 1773 1603 1843 Regnum
1653 1772 1747 1827 Dei
1793 1771 1935 1826 intra
1968 1784 2066 1824 vos
2106 1776 2192 1825 est
2234 1770 2305 1834 ",
2349 1788 2366 1820 ι

791 1890 986 1943 nempe
1026 1869 1306 1941 proposito
1338 1865 1574 1921 volentis
1601 1863 1715 1936 jam
1750 1862 2011 1917 traditum
2032 1900 2048 1926 ,
2084 1860 2377 1916 ostendere

793 1967 1007 2019 videtur
1032 1963 1341 2031 ingressum
1385 1972 1415 2011 a
1450 1956 1602 2010 nullo
1628 1954 1878 2025 impediri
1910 1967 2094 2024 posse.
2118 1950 2186 2006 Et
2211 1951 2376 2021 hujus

791 2073 935 2111 nunc
970 2052 1287 2125 promissio,
1312 2049 1459 2120 quod
1487 2062 1583 2104 eos
1612 2047 1708 2118 qui
1739 2046 2167 2101 introducuntur
2189 2044 2378 2099 avidos

790 2149 969 2206 reddit
1009 2147 1074 2200 ad
1120 2143 1575 2217 aggrediendum,
1606 2139 1877 2195 rationein
1911 2137 2118 2194 habens
2147 2136 2376 2193 dilIieul-

790 2244 917 2297 tatis
950 2241 1224 2303 laborum,
1250 2246 1306 2292 ct
1330 2247 1787 2291 commensurans
1823 2230 1908 2284 his
1942 2230 2037 2302 qui
2066 2243 2236 2300 parva
2264 2231 2376 2285 vir—

791 2346 906 2393 tute
940 2333 1150 2403 ingredi
1186 2338 1458 2392 statuunt,
1494 2328 1584 2382 ubi
1617 2342 1711 2397 per
1738 2335 1987 2393 apertum
2019 2321 2223 2378 ostium
2262 2336 2378 2375 ma-

792 2427 1074 2486 nifestavit
1118 2428 1455 2481 cumulatam
1513 2422 1785 2475 honorum
1840 2416 2243 2471 multitudinem
2295 2415 2379 2470 his

792 2526 885 2595 qui
918 2521 1323 2592 ingrediuntur,
1358 2530 1467 2570 non
1493 2514 1607 2585 jam
1650 2512 1873 2567 anxium
1902 2526 2026 2567 esse
2059 2511 2192 2565 sinit
2232 2508 2378 2565 solli-

792 2612 1039 2666 citudine
1094 2605 1598 2662 contrahendorutn
1658 2603 1949 2668 laborum,
1995 2601 2091 2670 qui
2152 2600 2261 2670 jam
2309 2600 2380 2653 oh

794 2705 1034 2759 divinant
1089 2699 1405 2754 l'ruitioncm
1458 2695 1881 2766 despiciuntur,
1939 2691 2071 2757 sed,
2111 2709 2179 2746 tte
2235 2700 2380 2746 retro

796 2797 1016 2866 quidem
1083 2792 1433 2863 aspicicudo.
1497 2790 1747 2843 hortatur
1804 2785 2057 2856 amplecti
2112 2785 2376 2849 labores,

794 2885 1099 2958 reputando
1133 2884 1444 2939 suaviorem
1476 2895 1602 2936 esse
1644 2888 1959 2948 susceptum
2013 2887 2233 2947 propter
2276 2876 2378 2931 ista

2471 672 2550 742 τῷ
2604 674 2718 746 Υίῷ
2754 675 2831 739 ῶς
2876 676 3244 746 προσκαίρου,
3269 677 3474 748 καίπερ
3518 677 3727 747 αίωνίῳ
3762 675 3916 747 αὐτῷ
3967 680 4064 729 καὶ

2472 763 2823 836 ἀτελευτήτῳ
2878 767 3124 837 δοθῆναι,
3181 767 3450 829 ὡσαύτως
3500 768 3557 821 δὲ
3624 769 3717 819 καὶ
3778 767 4067 836 βασιλείαν

2472 854 2565 906 καὶ
2625 855 2897 919 ἐξουσίαν.
2970 859 3123 913 Ἐπεὶ
3172 854 3268 913 οὖν
3316 860 3570 930 ὁμοίωμα
3622 859 3724 929 τῆς
3781 859 4066 930 βασιλείας

2472 946 2636 998 Δαυῖδ
2660 946 2856 1019 ἔφερεν
2888 951 2916 1002 ὁ
2937 950 3198 1021 Χριστὸς,
3230 952 3459 1014 εἰκότως
3486 952 3655 1019 λέγει·
3675 952 3737 1004 '0
3758 952 3918 1018 ἔχων
3948 951 4067 1017 τὴν

2474 1036 2643 1090 κλεῖν
2685 1040 2793 1093 τοῦ
2852 1041 3058 1105 Δαυῒδ,
3096 1043 3237 1115 πρὸς
3273 1043 3335 1096 τὸ
3381 1044 3593 1110 ἀνοῖξαι
3649 1045 3745 1097 καὶ⁵
3800 1043 4023 1097 κλεῖσαι
4048 1059 4064 1073 ·

2473 1130 2682 1196 ἀνοῖξαι
2719 1132 2819 1201 μὲν
2846 1133 2907 1187 τι
2939 1132 3234 1190 δικαιῶσαι
3265 1133 3461 1203 λέγων,
3497 1135 3596 1188 καὶ
3623 1135 3837 1189 κλεῖσαι
3867 1134 3931 1189 τὸ
3961 1152 4066 1188 κα-

2472 1225 2749 1294 τακρῖνσι.
2778 1225 2856 1295 Τῇ
2894 1227 3003 1295 γὰρ
3064 1224 3187 1296 θείᾳ
3230 1226 3397 1281 αὑτοῦ
3438 1228 3535 1281 καὶ
3565 1226 3724 1297 ἀϊδίῳ
3763 1227 4052 1297 χρώμενος

2473 1312 2714 1382 ἐξουσίᾳ,
2745 1315 2839 1366 καὶ
2866 1314 3065 1368 δικαιοῖ
3119 1320 3215 1368 καὶ
3256 1315 3599 1387 κατακρίνει.

2558 1404 2713 1459 Ἰδοὺ
2741 1403 2972 1458 δέδωκα
2994 1405 3254 1461 ἐνώπιόν
3269 1421 3406 1461 σου.
3431 1407 3555 1462 Τῶν
3588 1407 3810 1477 ἀγαθῶν
3835 1408 3870 1479 ἡ
3919 1407 4065 1476 θύρα

2473 1496 2795 1567 ἀνεῳγμένη
2833 1493 3058 1560 δίδοται,
3108 1497 3185 1561 ῶς
3236 1498 3564 1569 ἑτοιμοτάτη
3599 1498 3696 1551 καὶ
3745 1499 3844 1553 ἀπ’
3894 1499 4067 1569 αὐτῆς

2426 1624 2431 1631 .
2472 1587 2571 1656 τῆς
2617 1585 2756 1656 πρὸς
2788 1586 2859 1639 τὰ
2906 1586 3152 1661 κρείττω
3182 1589 3383 1658 ῥοπῆς,
3422 1590 3691 1659 παρέχειν
3730 1589 3829 1660 τὴν
3860 1589 4069 1643 εἴσοδον

2475 1678 2611 1749 πρὸς
2639 1678 2958 1735 ἀπόλαυσιν.
2985 1679 3079 1733 Διὸ
3099 1683 3192 1734 καὶ
3223 1683 3253 1735 ὁ
3284 1682 3488 1753 Κύριος
3520 1684 3769 1749 φάσκων,
3799 1684 3882 1736 ὅτι
3920 1702 3941 1735 ι
3997 1683 4063 1735 Ἦ

2478 1769 2727 1841 βασιλεία
2757 1769 2867 1823 τῶν
2891 1771 3140 1843 οὐρανῶν
3179 1772 3331 1835 ἐντὸς
3363 1772 3518 1843 ὑμῶν
3539 1775 3711 1840 ἐστιν,
3746 1792 3765 1826 ι
3810 1772 3977 1826 οἱονεὶ
3998 1776 4064 1843 τῇ

2478 1861 2736 1934 προθέσει
2786 1866 3137 1935 παρεχομένη
3181 1863 3279 1917 τοῦ
3330 1865 3683 1935 βουλομένου,
3726 1866 3819 1918 ὑπ’
3852 1864 4066 1927 οὐδενὸς

2479 1956 2903 2026 ὲμποδοστατεῖν
2946 1957 3119 2010 οίεται
3158 1957 3261 2027 τὴν
3305 1956 3536 2012 εἴσοδον.
3578 1957 3690 2012 Καὶ
3742 1955 3935 2010 τούτου
3974 1955 4068 2008 νῦν

2478 2048 2513 2119 ἠ
2565 2048 2872 2118 ἐπαγγελία
2919 2048 3259 2119 λιχνεύοντος
3302 2050 3429 2112 τοὺς
3484 2048 3899 2119 είσαγομᾶνους,
3930 2047 4066 2119 πρὸς

2480 2136 2578 2210 τὴν
2606 2139 2961 2209 ἐγχείρησιν,
2992 2138 3101 2192 τῶν
3134 2139 3317 2194 πόνων
3367 2139 3807 2211 ὑπολογιζομίνη
3832 2139 3905 2194 τὸ
3941 2140 4067 2193 δυσ-

2480 2231 2663 2303 χερὲς,
2703 2234 2796 2286 καὶ
2834 2230 2936 2303 τὴν
2971 2233 3178 2287 εἴσοδον
3231 2234 3700 2305 συμμετρουμένη
3738 2235 3853 2295 τοῖς
3894 2234 4068 2302 μικρᾷ

2480 2324 2709 2395 δυνάμει
2763 2326 2825 2378 τὸ
2882 2326 3106 2379 εἰσιέναι
3172 2328 3655 2399 προαιρουμένοις,
3706 2326 3931 2381 ἐπειδὰν
3976 2325 4068 2379 τὸν

2481 2417 2938 2489 ἀποσωρευθέντα
2981 2419 3094 2481 τοῖς
3133 2418 3362 2473 εἰσιοῦσι
3396 2419 3507 2473 τῶν
3531 2418 3758 2487 ἀγαθῶν
3795 2418 3969 2489 ἑσμὸν
4001 2420 4067 2489 τῇ

2481 2511 2804 2583 ἀνεῳγμένη
2841 2511 2982 2581 θύρᾳ
3011 2512 3314 2585 ὲμφανίσῃ,
3343 2515 3542 2583 μηκέτι
3588 2514 3656 2585 τῇ
3693 2512 3941 2584 φροντίδι
3976 2511 4069 2564 λυ-

2483 2606 2698 2657 πεῖσθαι
2733 2605 2798 2675 ἐᾷ
2825 2604 2920 2657 τοῦ
2948 2605 3054 2657 ὑπὸ
3086 2606 3196 2659 τῶν
3230 2606 3539 2661 ἀπόλαυσιν
3563 2606 4069 2677 καταϐαλλομένων

2482 2696 2771 2751 ἑλκύεσθαι
2805 2698 3005 2764 πόνων,
3041 2698 3458 2770 ἀμεταστρεπτὶ
3488 2699 3546 2752 δὲ
3576 2698 3688 2753 τῶν
3721 2698 3901 2752 πόνων
3943 2698 4071 2752 ἀντ·

2482 2788 2705 2858 ἔχεσθαι
2752 2791 3016 2858 παραινεῖ
3059 2788 3242 2859 πάσης
3273 2786 3515 2852 ἀνέσεως
3545 2787 3661 2857 (l7)
3687 2787 3822 2857 ἡδίω
3853 2786 3948 2840 τὸν
3981 2784 4071 2839 διά

2482 2877 2657 2932 ταῦτα
2678 2878 2925 2949 κάματον
2948 2878 3345 2951 λογιζομένοις.
3375 2881 3485 2934 Καὶ
3524 2881 3607 2933 ὅτι
3633 2880 3871 2948 εγκοπος
3896 2882 3931 2952 η
3961 2881 4070 2935 τῶν

796 2982 1037 3036 lahorem
1064 2978 1258 3048 quavis
1283 2974 1641 3028 relaxatione.
1670 2972 1839 3025 Porro
1865 2968 2011 3041 quod
2042 2984 2137 3039 per
2165 2966 2380 3022 labores
2486 2969 2726 3026 αίωνίων
2794 2970 3016 3040 ἀγαθῶν
3067 2974 3249 3042 κληροτ

2486 2969 2726 3026 αίωνίων
2794 2970 3016 3040 ἀγαθῶν
3067 2971 3427 3043 κληρονομία,
3482 2971 3544 3025 τὸ
3599 2973 3660 3025 ἑν
3719 2972 4070 3040 Εὐαγγελίοις

797 3072 1018 3143 assequi
1083 3077 1336 3140 operteat
1383 3077 1717 3119 aeternorum
1765 3063 2035 3118 bonorum
2098 3060 2381 3115 haeredita-

797 3176 927 3229 tem,
962 3164 1096 3218 satis
1145 3159 1388 3215 ostendit
1438 3157 1490 3210 in
1544 3154 1857 3227 Evangeliis
1889 3153 2137 3208 divinum
2184 3166 2383 3207 oracu-

798 3263 935 3323 lum,
967 3271 1079 3329 quo
1122 3256 1324 3311 dicitur
1352 3252 1459 3304 vim
1493 3250 1603 3321 pati
1645 3264 1873 3319 regnum
1911 3246 2200 3302 (αξιοι-ειη.
2240 3245 2384 3300 Itur-

800 3368 921 3405 sutn
954 3350 1121 3403 etiam
1156 3344 1301 3415 quod
1339 3343 1387 3397 is
1433 3343 1527 3411 qui
1576 3339 1767 3409 incipit
1798 3338 2092 3408 degustare
2136 3335 2384 3391 dulcedi-

2486 3064 2671 3120 ἱκανὸν
2698 3064 2844 3118 θεῖον
2874 3065 3058 3134 λόγιον
3108 3064 3485 3135 παραστῆσαι,
3521 3082 3539 3116 ι
3578 3063 3803 3133 Bias-ri},
3838 3064 4069 3132 φάσκον,

2486 3157 2636 3212 ἐστὶν
2666 3158 2701 3228 ἡ
2734 3155 2982 3227 βασιλεία
3012 3156 3124 3211 τῶν
3147 3156 3414 3228 οὐρανῶν.
3456 3175 3474 3209 ι
3524 3157 3650 3210 Ὀτι
3693 3156 3752 3210 δὲ
3778 3160 3875 3210 καὶ
3910 3158 3940 3210 6
3982 3156 4073 3210 διὰ

2486 3248 2583 3303 τοῦ
2615 3247 2993 3319 κατάρξασθαι
3018 3248 3397 3318 ἑγγλυκαίνων
3425 3248 3524 3318 τὴν
3550 3248 3808 3319 αἴσθησιν
3834 3248 4073 3316 ἀφειδεῖν

2487 3341 2600 3395 οἶδε
2648 3342 2756 3395 τῶν
2800 3343 3001 3408 πόνων,
3036 3343 3100 3397 τδ
3139 3342 3305 3397 Δαυῖδ
3347 3343 3493 3396 θεῖον
3524 3342 3751 3413 Πνεῦμα
3806 3341 4071 3408 διδάσκει,

800 3459 923 3495 uctu
977 3437 1189 3493 noverit
1238 3441 1594 3491 contemnere
1641 3429 1891 3494 labores,
1938 3427 2162 3488 divinus
2212 3426 2387 3495 ipsius
2495 3453 2513 3485 ε
2542 3434 3171 3503 Γεύσασθε,λέγων,και
3199 3434 3246 3489 ῖδ

2495 3453 2513 3485 ι
2542 3434 3057 3503 Γεύσασθε,λέγων,
3075 3436 3171 3489 καὶ
3199 3434 3337 3490 ἴδετε
3358 3436 3441 3489 ὅτι
3470 3434 3705 3506 χρηστὸς
3735 3436 3765 3488 δ
3792 3434 4016 3505 Κύριος.
4045 3453 4067 3487 s

802 3533 968 3589 David
1004 3530 1243 3600 Spiritus
1283 3526 1446 3581 docet
1476 3539 1601 3578 cum
1639 3521 1761 3576 ait:
1803 3539 1821 3572 ι
1859 3518 2086 3575 GuSIate
2114 3527 2169 3573 et
2211 3517 2388 3572 videte

802 3627 945 3696 quod
982 3622 1167 3679 suavis
1207 3622 1280 3674 sit
1322 3617 1589 3671 Dominus
1616 3615 1681 3668 ".
1734 3633 1751 3665 ι
1790 3613 1897 3668 Aut
1927 3612 2092 3667 etiam
2138 3619 2386 3680 apertum

801 3720 1005 3775 ostium
1048 3712 1369 3782 intelligitur
1412 3711 1694 3780 ingressus
1732 3706 1983 3761 docentis
2031 3719 2136 3761 nos
2195 3704 2389 3775 praedi-

801 3813 1070 3877 cationis,
1127 3809 1221 3878 qui
1260 3804 1430 3861 semel
1479 3812 1725 3873 apertus,
1780 3800 1945 3855 nullis
1986 3798 2165 3853 claudi
2210 3807 2391 3868 potest

801 3902 1212 3963 alﬂictionihus,
1244 3898 1489 3951 vincente
1515 3894 1682 3948 animi
1712 3892 1931 3947 illorum
1960 3890 2389 3960 promptitudine

801 3998 895 4069 qui
954 3992 1162 4063 ingredi
1203 3990 1511 4058 elegerunt,
1565 3985 1638 4038 oh
1684 3981 2146 4054 pulchritudinem
2196 3994 2386 4035 eorum

802 4102 923 4157 qua:
977 4084 1215 4155 reposita
1266 4089 1418 4141 sunt,
1453 4092 1577 4147 qua:
1622 4076 1864 4129 laborem
1902 4088 1967 4127 ac
2015 4070 2386 4126 diﬂicultatem

802 4178 1161 4234 alllictionuin
1205 4170 1517 4227 denudet-nt
1558 4177 1615 4221 et
1657 4165 2063 4237 quodammodo
2110 4163 2389 4219 fraudant.

804 4272 860 4326 In
912 4270 1019 4333 his,
1054 4266 1252 4338 inquit,
1290 4263 1415 4317 licet
1466 4259 1563 4313 tihi
1622 4260 1834 4313 modica
1865 4257 1937 4312 sit
1984 4255 2180 4315 virtus,
2214 4253 2312 4309 sed
2357 4268 2387 4307 ι

806 4379 894 4417 me
927 4362 1089 4416 datur
1117 4367 1364 4429 apertum
1386 4354 1480 4408 tihi
1506 4353 1706 4407 ostium
1733 4368 1748 4415 ;
1775 4360 1831 4404 ιιι
1872 4363 2004 4403 vero
2028 4347 2193 4401 etiam
2222 4362 2389 4418 supra

2491 3526 2561 3579 Ἦ
2594 3528 2689 3579 καὶ
2723 3524 2862 3596 θύρα
2894 3527 3217 3599 ἀνεῳγμένη
3245 3529 3447 3581 νοεῖται
3501 3532 3535 3595 ἡ
3561 3526 3658 3581 τοῦ
3688 3525 4071 3581 διδασκαλικοῦ

2490 3618 2846 3689 κηρύγματος
2899 3619 3126 3685 είσοδος,
3166 3620 3289 3689 ἥτις
3339 3619 3648 3691 ἀνοιχθεῖσα
3731 3620 3794 3673 οὐ
3849 3619 4074 3674 δύναται

2489 3710 2578 3763 διά
2610 3712 2937 3780 πειρασμῶν
2982 3711 3326 3782 κλεισθῆναι,
3352 3711 3595 3783 νικώσης
3625 3713 3723 3782 τῆς
3766 3711 4075 3782 προθυμίας

2489 3803 2599 3856 τῶν
2632 3804 2858 3856 εἰσιέναι
2879 3804 3173 3873 ἑλομένων,
3193 3804 3272 3875 τῷ
3293 3804 3484 3857 κάλλει
3507 3804 3619 3856 τῶν
3639 3802 3756 3875 (l8)
3788 3804 4075 3856 δναποκει-

2494 3894 2675 3963 μένων
2706 3893 3072 3963 θελχθέντων,
3098 3894 3161 3948 τὸ
3193 3895 3303 3948 τῶν
3327 3895 3650 3967 πειρασμῶν
3672 3894 3952 3948 ἐπίπονον.
3987 3893 4078 3947 Ἐν

2490 3979 2571 4047 οἷς
2598 3986 2645 4037 εἰ
2678 3986 2771 4038 καὶ
2806 3986 2874 4055 τῇ
2898 3983 3130 4053 δυνάμει
3171 4000 3267 4038 σου
3294 3984 3633 4055 σύμμετρος,
3657 3984 3775 4037 ἀλλ’
3812 3979 3910 4036 οὖν
3942 3981 4077 4053 παρ’

2492 4075 2649 4146 ἐμοῦ,
2693 4076 2879 4147 φησὶν,
2910 4077 2946 4147 ἡ
2986 4076 3311 4147 ἀνεῳγμένη
3340 4076 3548 4129 δίδοταί
3581 4092 3664 4129 σοι
3717 4073 3881 4145 θύρα.
3905 4072 4079 4135 Αὐτὸς

2492 4166 2549 4220 δὲ
2574 4167 2669 4221 καὶ
2690 4168 2833 4240 ὑπὲρ
2861 4167 3091 4238 δύναμιν
3122 4168 3239 4237 τὴν
3270 4166 3516 4221 ύποῦσάν
3545 4183 3628 4220 σοι
3672 4166 4077 4235 ἐκαρτέρησας,

2497 4257 2573 4329 μὴ
2598 4259 2976 4330 ἀρνησάμενος
2997 4258 3058 4312 τὺ
3078 4258 3252 4331 δνομά
3274 4275 3377 4329 μου
3404 4257 3541 4330 (l9).
3572 4257 3785 4311 Οῦκουν
3806 4260 3873 4328 τῇ
3904 4256 4084 4349 μικρᾷ

2494 4352 2723 4422 δυνάμει
2754 4370 2850 4406 σου
2907 4352 3322 4423 παραμετρήσω
3360 4355 3463 4421 τὴν
3506 4350 3764 4422 ἀμοιϐὴν,
3798 4349 3937 4403 ἀλλά
3990 4364 4083 4417 μευ

805 4458 1060 4509 virtutem
1091 4466 1213 4521 qua:
1245 4450 1298 4501 in
1333 4459 1385 4502 te
1415 4454 1500 4500 est
1534 4442 1799 4506 tolerasti,
1833 4455 2035 4496 nomen
2067 4452 2247 4491 meum
2281 4453 2388 4492 non
2496 4442 2922 4513 γαλοδωρίᾳ,ὼς
2943 4442 3064 4506 ἔθος
3089 4442 3239 4513 ἐμοὶ,

2496 4442 2830 4513 γαλοδωρίᾳ,
2847 4443 2922 4507 ὼς
2943 4442 3064 4506 ἔθος
3089 4442 3239 4513 ἐμοὶ,
3257 4441 3651 4514 μετελεύσομαι
3667 4443 3766 4511 τὴν
3784 4441 4080 4495 ἀντίδοσιν.

805 4550 1113 4615 ahnegaus.
1163 4540 1279 4595 Non
1342 4554 1473 4608 ergo
1509 4536 1574 4589 ad
1621 4533 1891 4588 modicam
1935 4540 2083 4584 tuam
2138 4528 2395 4583 virtutem
2436 4535 2900 4588 commensuraho
2940 4533 3356 4590 retributionem
3390 4551 3404 4587 :
3437 4535 3531 4589 sed
3570 4550 3635 4588 ex
3683 4533 4085 4602 muniﬁcentia,

809 4647 868 4694 ut
899 4636 1032 4692 mihi
1068 4632 1239 4687 moris
1266 4639 1371 4694 cst,
1404 4626 1688 4699 praemium
1721 4620 2035 4692 rependam.

882 4730 971 4794 Ill,
1004 4726 1160 4783 9—13.
1186 4722 1320 4777 Ecce
1344 4720 1413 4775 do
1443 4719 1508 4773 de
1534 4731 1806 4787 synagoga
1839 4712 2056 4767 Satana:
2085 4711 2175 4780 qui
2206 4709 2393 4762 dicunt
2427 4713 2472 4767 D

809 4842 862 4879 se
893 4821 1110 4876 Iudaeos
1154 4830 1266 4870 esse
1307 4823 1357 4867 et
1394 4828 1497 4866 non
1549 4819 1694 4871 sunt,
1745 4807 1834 4861 sed
1871 4804 2214 4858 mentiuntur.
2260 4799 2395 4854 Ecce

809 4917 1025 4985 adigant
1055 4911 1175 4964 illos
1229 4915 1287 4960 ut
1332 4905 1541 4958 veniant
1581 4912 1630 4954 et
1668 4900 1887 4952 adorent
1922 4906 2044 4948 ante
2068 4894 2224 4963 pedes
2255 4901 2391 4985 tuos,

808 5019 859 5063 et
903 4981 1220 5074 cognoscant
1270 4996 1410 5067 quod
1458 4993 1734 5048 dilexerit»
1785 4998 1832 5043 te
1881 4987 2134 5057 quoniam
2172 4981 2395 5038 servasti

810 5111 1099 5155 sermonem
1128 5090 1402 5161 patientia:
1442 5102 1590 5140 mete.
1629 5082 1693 5136 Et
1727 5097 1820 5152 ego
1856 5080 2068 5135 servabo
2093 5088 2142 5133 te
2173 5079 2236 5132 ab
2265 5078 2397 5131 hora

813 5189 1135 5261 aﬂlictionis,
1179 5199 1298 5254 qua!
1328 5190 1549 5235 ventura
1581 5188 1655 5231 est
1699 5178 1753 5229 in
1784 5174 2089 5227 universum
2120 5172 2297 5225 orbem
2338 5180 2397 5224 ut

813 5283 1012 5354 (inligat
1054 5277 1355 5331 habitantes
1393 5273 1452 5327 in
1496 5281 1658 5325 terra.
1718 5266 1879 5321 Venio
1929 5265 2069 5327 cita,
2117 5272 2231 5317 tene
2260 5263 2398 5331 quod

816 5375 973 5430 habes
1014 5381 1071 5427 ut
1125 5386 1275 5424 nemo
1307 5365 1537 5435 accipiat
1567 5376 1817 5416 coronam
1846 5367 2016 5414 tuam.
2048 5355 2155 5422 Qui
2194 5356 2400 5421 vicerit,

816 5469 1015 5538 faciant
1048 5464 1202 5518 illum
1249 5460 1554 5515 columnam
1594 5455 1649 5508 in
1680 5450 1873 5521 tentplo
1910 5449 2004 5503 Dei
2035 5449 2159 5515 mei,
2203 5455 2254 5502 et
2281 5462 2402 5500 am-

888 5627 936 5660 "
971 5624 1103 5678 Luc.
1144 5638 1275 5687 xvu,
1308 5621 1399 5676 2i.
1476 5618 1523 5648 “
1554 5617 1693 5671 Psal.
1728 5626 1924 5675 xxxttt,
1965 5612 2020 5665 9.

894 5783 1006 5853 (Π)
1040 5780 1314 5853 Αίρέσεως
1340 5776 1488 5853 vulg.
1532 5846 1543 5853 _
1844 5839 1868 5851 _

894 5837 1006 5923 (18)
1047 5837 1233 5920 Ἐλομ.
1277 5837 1364 5901 διὰ
1389 5837 1463 5899 τὶῖ
1482 5846 1770 5901 κάλλιστον
1802 5839 1909 5894 τῶν
1939 5837 2088 5907 vulg.

2584 4708 2741 4762 Ἰδοὺ
2768 4708 2974 4778 δίδωμι
2998 4708 3068 4762 ἐκ
3097 4705 3211 4777 τῆς
3248 4706 3609 4778 συναγωγῆς
3663 4707 3772 4762 τοῦ
3818 4711 4085 4775 Σατανᾶ,

2500 4802 2618 4857 τῶν
2650 4804 2953 4872 λεγόντων
2982 4802 3238 4868 ἑαυτοὺς
3280 4802 3603 4868 Ἰουδαίους
3629 4797 3807 4864 εἶναι.
3837 4802 3939 4857 καὶ
3968 4806 4087 4859 οὐκ

2499 4895 2677 4955 εἰσιν.
2742 4895 2905 4949 ἀλλὰ
2963 4893 3315 4963 ψεύδονται.
3376 4892 3532 4949 Ἰδοὺ
3579 4893 3817 4962 ποιήσω
3855 4896 4090 4963 αὐτοὺς

2502 4987 2605 5039 ἵνα
2634 4985 2823 5053 ἢξωσι
2854 4986 2952 5039 καὶ
2990 4984 3513 5056 προσκυνήσωσιν
3535 4985 3797 5040 ἐνώπιον
3814 4984 3937 5039 τῶν
3981 5004 4091 5042 στο-

2503 5077 2627 5131 ὃῶν
2684 5095 2822 5142 σου,
2886 5079 2984 5132 καί
3030 5075 3278 5147 γνῶσιν,
3353 5077 3445 5131 ὅτι
3497 5077 3789 5145 ἠγάπησὰ
3846 5092 3945 5144 σε,
3994 5078 4091 5133 ὅτι

2500 5170 2805 5239 ἐτήρησας
2846 5170 2954 5225 τὸν
3001 5174 3191 5240 λόγον
3224 5170 3335 5238 τῆς
3382 5170 3700 5237 ὑπομονῆς
3742 5189 3886 5241 μου.
3914 5172 4094 5242 Κάγώ

2503 5278 2579 5317 σε
2625 5260 2873 5330 τηρήσω
2934 5263 3003 5316 ἐκ
3041 5260 3151 5329 τῆς
3195 5261 3353 5330 ὥρας
3411 5262 3519 5316 τοῦ
3567 5262 3905 5331 πειρασμοῦ
3976 5264 4095 5331 τῆς

2497 5354 2848 5424 μελλούσης
2884 5354 3295 5424 ἐρχεσθαηὲπὶ
3364 5352 3475 5421 τῆς
3526 5353 3889 5422 υίκουμένης
3938 5353 4096 5421 ὅλης

2505 5445 2787 5515 πειρᾶσαι
2835 5444 2980 5510 τοὺς
3035 5444 3467 5511 κατοικοῦντας
3495 5445 3595 5498 ἐπὶ
3642 5443 3753 5513 τῆς
3774 5443 3912 5515 τῆς.
3951 5446 4095 5515 ἐρ-

2582 5763 2696 5833 (l9)
2730 5763 2829 5818 Διὰ
2857 5764 2919 5819 τὸ
2946 5762 3119 5835 ὄνομά
3153 5780 3256 5832 μου
3293 5764 3438 5835 vulg.
