4256 6440
190 386 294 449 557

1260 376 1650 440 COMMENT.
1693 376 1773 436 IN
1816 379 1857 432 A
1871 374 2146 432 l‘OCALY
2157 373 2342 430 PSIN.

3347 368 3451 432 558

189 516 372 568 χομιιι
425 496 598 563 ταχύ.
638 492 847 561 Κράτει
889 492 919 546 ὓ
962 491 1146 562 ἔχεις,
1195 494 1297 545 ἵνα
1337 491 1550 559 μηδεὶς
1613 487 1769 554 λάϐῃ
1803 497 1844 546 Α

1803 497 1844 546 Α
1877 486 2014 555 ptius
2052 501 2153 537 non
2201 486 2496 552 egredietur
2531 484 2679 553 foras
2716 497 2734 535 .'
2765 482 2930 554 682
2964 491 3011 534 et
3040 482 3270 534 scribam
3301 498 3455 548 super

191 593 304 644 τὸν
343 588 648 657 στέφανόν
698 601 838 639 σου.
911 585 972 636 '0
1040 583 1246 648 νικῶν,
1307 582 1540 646 ποιήσω
1590 578 1777 633 αὑτὸν

190 682 430 734 στύλον
485 681 554 730 ἐν·
614 675 694 742 τῷ
765 675 890 740 ναῷ
945 675 1052 730 τοῦ
1117 675 1267 729 Θεοῦ
1296 693 1455 743 μου,
1507 673 1604 726 καί
1662 672 1776 733 ἔξω

192 774 268 825 οὐ
318 771 405 840 μὴ
439 769 658 836 ἐξέλθῃ
712 768 799 822 ἔτι
828 783 843 799 ο
896 767 995 820 καί
1049 765 1259 835 γράψω
1320 766 1413 818 ἐπ’
1463 763 1652 817 αὐτὸν
1713 764 1777 815 τὸ

196 865 388 932 ὄνομα
425 862 532 915 τοῦ
568 861 718 915 Θεοῦ
742 877 884 929 μου,
910 860 1006 912 καί
1054 860 1120 911 τὸ
1163 859 1352 925 ὄνομα
1401 855 1514 922 τῆς
1547 855 1774 918 πόλεως

1880 594 1998 632 eum
2026 593 2210 630 nomen
2238 575 2332 628 Dei
2359 577 2474 639 mei,
2511 585 2558 628 et
2589 591 2773 628 nomen
2808 575 3036 628 civitatis
3071 573 3163 626 Dei
3192 574 3290 625 mei
3315 588 3460 626 nocte

1882 670 2217 734 Jerusalem,
2254 684 2373 737 qua:
2419 670 2681 722 descendit
2718 669 2782 721 de
2823 669 2949 721 aeto
2989 685 3020 720 a
3067 667 3171 719 Deo
3209 683 3322 719 meo
3356 681 3373 719 :
3414 675 3461 717 et

1885 777 2074 814 nomen
2112 776 2282 813 meum
2327 775 2536 812 navum.
2586 759 2689 824 Qui
2723 761 2876 814 liabet
2907 775 3087 813 aurem
3120 757 3305 810 audiat
3339 758 3464 826 quid

1887 851 2123 918 Spiritus
2147 850 2289 903 dicat
2320 848 2599 903 Ecclesiis.

193 955 308 1009 τοῦ
337 955 485 1009 Θεοῦ
502 971 623 1021 μου
655 951 766 1021 τῆς
797 949 1012 1018 καινῆς
1053 951 1473 1018 Ἰερουσαλὴμ,
1506 947 1544 1016 ἢ
1621 945 1961 999 καταϐαίνει
2004 943 2122 996 ἀπὸ
2193 942 2300 996 τοῦ
2348 943 2610 1008 οὐρανοῦ
2670 944 2786 996 ἀπὸ
2807 945 2914 997 τοῦ
2941 943 3090 996 Θεοῦ
3115 960 3252 1011 μου,
3279 941 3376 995 καί
3400 940 3468 993 τὸ

198 1052 392 1118 ὄνομα
443 1050 510 1102 τὸ
567 1046 798 1099 καινόν.
851 1045 914 1096 '0
942 1045 1098 1112 ἔχων
1128 1038 1258 1108 οὖς,
1286 1039 1604 1096 ἀκουσάτω
1640 1042 1696 1091 τί
1734 1040 1798 1090 τὸ
1842 1035 2080 1103 Πνεῦμα
2101 1035 2260 1104 λέγει
2287 1034 2416 1098 ταῖς
2448 1034 2853 1099 Ἐκκλησιάις.

275 1143 388 1211 Τῆς
411 1140 727 1209 ὁμολογίας.
756 1139 912 1210 φησι.
937 1137 1036 1207 τῆς
1083 1137 1208 1205 περὶ
1236 1137 1331 1188 τοῦ
1361 1134 1497 1204 ἐμοῦ
1520 1135 1785 1201 ονοματος

198 1237 514 1296 ἀντέκτισις
567 1234 723 1285 ἔσται
777 1234 808 1301 ή
864 1230 978 1283 τῶν
1026 1231 1299 1282 Ἰουδαίων
1356 1227 1662 1296 ἐπιστροφὴ
1693 1228 1788 1278 καὶ

203 1331 487 1397 μετάνοια.
524 1326 587 1378 Οἳ
631 1327 733 1391 τῆς
763 1324 902 1394 πρὸς
938 1324 1037 1392 ἐμὲ
1093 1322 1273 1376 αὐτῶν
1304 1321 1669 1389 προσαγωγῆς
1697 1319 1790 1370 τὸν

202 1422 264 1489 ἐξ
307 1421 440 1491 ἐμοῦ
466 1420 749 1489 φωτισμὸν
772 1415 1194 1480 ἀπαλλάξονται
1221 1417 1328 1467 των
1363 1419 1419 1467 ἐν
1455 1415 1532 1484 τῷ
1563 1413 1790 1484 κρυπτῷ

199 1515 305 1583 τῆς
330 1512 559 1583 καρδίας
609 1510 900 1574 Ἰουδαίων,
935 1509 1049 1562 ἀλλ’
1080 1509 1142 1562 ού
1182 1508 1299 1563 ,τῶν
1339 1510 1398 1561 ὲν
1440 1507 1518 1578 τῷ
1549 1504 1789 1576 φανερῷ,

203 1607 284 1670 ὡς
315 1605 410 1658 καὶ
449 1602 652 1674 Παύλῳ
683 1603 850 1664 δοκεῖ,
872 1603 1100 1664 ἑαυτοὺς
1129 1601 1572 1654 ἐπιδεικνύντων.
1591 1599 1792 1670 Θρόνον

202 1698 262 1752 δὲ
283 1697 383 1750 τοῦ
422 1698 636 1750 Σατανᾶ
657 1696 755 1765 τὴν
783 1694 892 1748 τῶν
932 1694 1207 1747 Ἰουδαίων
1244 1694 1394 1762 λέγει
1437 1692 1788 1762 Συναγωγὴν,

203 1790 280 1852 ὡς
312 1789 392 1861 τῷ
420 1789 606 1858 ψεύδει
640 1787 1145 1858 συγκροτουμένην,
1174 1789 1296 1840 ἐπεὶ
1323 1786 1416 1839 καὶ
1439 1785 1533 1838 τοῦ
1563 1785 1793 1854 ψεύδους

1967 1129 2308 1196 Responsio,
2365 1130 2578 1197 inquit,
2635 1129 3002 1184 confessionis
3069 1131 3308 1185 nominis
3361 1130 3467 1184 mei

1891 1222 1994 1274 erit
2021 1220 2336 1275 Jutlaaorum
2381 1227 2672 1275 conversio
2701 1231 2756 1275 et
2786 1223 3104 1291 pamitentia
3127 1261 3142 1285 ,
3167 1225 3258 1292 qui
3294 1238 3472 1276 meam

1895 1317 2350 1369 tlluminationem
2383 1332 2489 1385 qua
2527 1318 2626 1385 ipsi
2661 1316 2728 1368 ad
2766 1333 2853 1371 me
2892 1317 3112 1370 adducti
3145 1327 3293 1380 sunt,
3324 1333 3475 1369 com-

1897 1409 2184 1461 mntabunt
2242 1409 2292 1461 in
2345 1424 2441 1462 eos
2487 1410 2577 1476 qui
2645 1409 2696 1461 in
2752 1409 3078 1462 abscondito
3126 1408 3308 1461 cordis
3355 1424 3478 1460 su-se

1895 1499 2114 1554 Judzeos
2169 1515 2291 1554 esse
2340 1502 2758 1565 demonstrant,
2805 1511 2862 1554 et
2910 1517 3016 1555 non
3055 1503 3109 1554 in
3152 1501 3479 1569 propatulo,

1900 1593 2064 1646 veluti
2112 1589 2283 1645 Paulo
2340 1607 2558 1662 quoque
2589 1593 2821 1646 videtur.
2870 1593 3065 1647 Sedem
3108 1610 3237 1646 vero
3265 1592 3482 1646 Satanae

1898 1685 2030 1738 dicit
2080 1683 2424 1754 Synagogam
2452 1683 2788 1750 Judaeorum,
2824 1693 3086 1755 tanquam
3129 1693 3480 1755 praestantem

1900 1781 2166 1834 auxilium
2194 1781 2480 1832 tuendacio
2505 1797 2518 1833 :
2546 1779 2993 1850 quandoquidem
3019 1781 3184 1834 etiam
3214 1779 3302 1833 ille
3329 1793 3484 1832 men-

206 1883 399 1950 πατὴρ
427 1879 536 1933 ἀπὸ
562 1878 876 1946 καταϐολῆς
910 1878 1126 1948 κόσμου
1159 1877 1397 1947 ἐδείχθη.
1450 1876 1672 1940 Τούτοις
1704 1871 1796 1928 οὗν
1832 1873 1872 1927 Β

1832 1873 1872 1927 D
1900 1871 2040 1926 dacii
2082 1882 2235 1941 pater
2279 1888 2308 1926 a
2359 1872 2584 1925 condito
2634 1873 2834 1927 sarcqu
2861 1873 3134 1942 apparuit.
3170 1871 3282 1926 Hos
3319 1872 3488 1942 igitur

209 1971 686 2042 προσδραμεῖσθαι
716 1971 778 2024 ού
806 1971 950 2024 κατὰ
976 1970 1037 2023 τὸ
1067 1971 1251 2039 τυχὸν,
1287 1969 1425 2022 ἀλλὰ
1480 1968 1620 2037 μετὰ
1666 1967 1798 2019 πολ-

207 2065 313 2135 λῆς
331 2068 431 2135 τῆς
453 2063 788 2135 θερμότητος
818 2064 913 2117 καὶ
956 2062 1252 2134 συντριὸἧς
1276 2080 1428 2131 φησι.
1476 2063 1519 2114 Τ
1522 2062 1648 2114 οῦτο
1693 2061 1802 2131 γὰρ

209 2153 513 2208 αἰνίττεται
542 2155 604 2208 τὸ
650 2155 787 2227 πρὸς
831 2155 958 2218 τοὺς
1011 2156 1176 2220 πόδας
1219 2155 1598 2225 προσκυνῆσαι
1623 2155 1718 2207 καὶ
1745 2155 1804 2206 ἐν

211 2248 469 2317 ἐσχάτοις
497 2247 715 2302 ἑλέσθαι
736 2248 994 2319 τετάχθαι
1022 2249 1123 2320 τῆς
1168 2248 1519 2318 Ἐκκλησίας.

295 2341 408 2393 Τὸν
446 2341 637 2409 λόγον
687 2339 795 2410 τῆς
843 2343 1156 2413 ὑπομονῆς
1196 2361 1336 2412 μου.
1363 2342 1474 2412 Ούχ
1519 2342 1600 2394 ὅτι
1642 2343 1804 2406 αὐτὸς

213 2426 245 2480 6
274 2429 632 2500 χρηματίζων
676 2432 939 2501 ὑπέμεινέ
981 2451 1053 2496 τι,
1109 2433 1245 2486 ἀλλὰ
1295 2432 1570 2503 ὑπομονὴν
1610 2431 1806 2485 ἑαυτοῦ

215 2523 319 2592 τὴν
348 2523 415 2575 δι’
446 2522 614 2578 αὑτὸν
647 2525 741 2576 καὶ
775 2527 873 2593 τὴν
903 2525 1039 2596 πρὸς
1071 2525 1234 2579 αὐτὸν
1257 2526 1554 2595 καρτερίαν
1595 2526 1693 2594 τῆς
1718 2526 1806 2577 πί-

219 2617 394 2679 στεώς
425 2633 590 2687 φησιν
608 2634 623 2647 ·
651 2617 841 2689 ὥσπερ
869 2620 962 2670 καὶ
979 2619 1061 2672 ὅτι
1093 2619 1158 2672 ἂν
1186 2619 1348 2671 Δαυῖδ
1366 2621 1506 2671 αἰτεῖ
1527 2621 1617 2671 τὸν
1642 2621 1775 2670 Θεόν
1793 2634 1807 2648 ·

225 2726 250 2761 ε
295 2709 392 2762 Ἐκ
413 2709 711 2780 προσώπου
741 2728 836 2763 σου
866 2712 927 2766 τὸ
987 2712 1163 2782 κρίμὰ
1205 2729 1310 2781 μου
1356 2712 1587 2777 ἐξέλθοι,
1632 2735 1650 2765 ο
1692 2713 1812 2765 ἀντὶ

219 2799 344 2865 τοῦ,
380 2801 443 2857 'ﬂ
464 2801 529 2854 δι’
559 2802 662 2872 ἐμέ
698 2818 792 2856 σου
823 2803 1164 2872 δικαιοσύνη.

299 2891 471 2961 Κάγώ
495 2908 570 2945 σε
600 2892 846 2960 τηρήσω
864 2894 932 2946 ἐκ
965 2892 1076 2960 τῆς
1107 2892 1266 2960 ὥρας
1309 2895 1413 2948 τοῦ
1452 2893 1810 2965 πειρασμοῦ.

225 2983 404 3054 Ὥραν
449 2984 842 3055 πειρασμοῦ,ἧ
888 2987 979 3038 τὸν
1037 2987 1130 3039 ἐπὶ
1189 2986 1522 3055 Δομετιανοῦ
1573 2987 1816 3056 διωγμὸν

224 3078 402 3144 λέγει,
464 3077 720 3149 δεύτερον
760 3077 890 3132 ὄντα
941 3080 1080 3149 μετὰ
1125 3079 1375 3149 Νέρωνα,
1431 3078 1508 3142 ὡς
1557 3079 1817 3140 Εύσέσιος

229 3172 439 3241 ἱστορεί
463 3173 490 3224 6
525 3171 812 3240 Παμφίλου
839 3189 854 3203 ο
890 3173 978 3224 ὅτε
1033 3174 1126 3225 καὶ
1157 3173 1318 3236 αὐτὸς
1343 3173 1370 3225 6
1423 3171 1817 3242 εύαγγελιστὴς

221 3263 310 3324 είς
347 3262 448 3332 τὴν
467 3262 686 3333 Hirtam
717 3264 807 3315 ὑπ’
837 3263 1003 3317 αὑτοῦ
1023 3263 1114 3318 τοῦ
1134 3264 1464 3334 Δομετιανοῦ
1483 3263 1811 3332 κατεκρίθη·

230 3347 268 3419 ἦ
297 3351 398 3418 τὴν
450 3351 544 3401 ἐπὶ
583 3351 864 3422 συντελείᾳ
888 3351 980 3404 τοῦ
1037 3353 1232 3415 αἰῶνος
1288 3354 1394 3405 ὑπὸ
1422 3353 1516 3406 τοῦ
1552 3355 1819 3423 Ἀντιχρί-

235 3457 368 3493 στου
410 3443 551 3494 κατά
583 3443 927 3514 Χριστιανων
954 3447 1229 3514 ἐσομένην
1262 3447 1630 3517 παγκόσμιον,
1665 3448 1818 3499 ἀναι-

239 3532 462 3599 ροῦντος
495 3534 621 3594 τοὺς
677 3535 1063 3605 Χριστιανούς.
1103 3537 1320 3589 Τούτων
1370 3534 1463 3590 οῦν
1491 3539 1821 3606 ἀμφοτέρων

237 3623 564 3694 ἐλευθεροῦν
628 3629 755 3689 τοὺς
801 3629 1047 3697 ζηλωτὰς
1093 3628 1256 3680 αὑτοῦ
1291 3630 1632 3700 ὑπισχνεῖται
1688 3647 1822 3701 προ-

234 3718 728 3788 αναρπαζομένους
757 3722 844 3774 διὰ
859 3721 957 3791 τῆς
979 3723 1043 3774 ὲκ
1070 3720 1181 3774 τῶν
1210 3721 1460 3775 ἐντεῦθεν
1487 3722 1820 3784 ἀναλύσεως,

237 3806 331 3858 ἵνα
364 3807 438 3877 μὴ
463 3809 603 3878 ὑπὲρ
636 3811 735 3879 τὴν
756 3809 988 3881 δύναμιν
1013 3810 1374 3881 πειρασθῶσι.
1404 3812 1495 3864 Διό
1520 3828 1653 3880 φησι
1681 3814 1774 3864 καὶ
1797 3813 1824 3863 ὁ

242 3897 449 3966 Κύριος
469 3913 485 3928 '
518 3899 795 3968 Ἔρχομαι
818 3902 970 3969 ταχύ
999 3916 1013 3930 °
1050 3903 1190 3970 μετὰ
1205 3903 1313 3973 γὰρ
1338 3901 1437 3972 τὴν
1474 3899 1652 3970 θλίψιν
1681 3902 1825 3953 ὲκεί-

239 4003 365 4058 νην·
393 3991 682 4059 Ἔρχομαι
709 3992 886 4060 ταχὺ,
923 3994 1045 4046 ἀντὶ
1072 3993 1189 4060 τοῦ,
1217 3994 1623 4063 ἁνυπερθέτως.
1654 3993 1826 4047 Τοῦτο

239 4084 356 4155 γὰρ
376 4083 437 4136 τὸ
459 4084 610 4153 ταχύ
632 4084 908 4154 σημαίνει,
931 4086 1112 4149 οἱονεὶ,
1137 4087 1465 4151 Καταπόδας
1496 4087 1607 4140 τῶν
1631 4104 1827 4160 πειρα-

250 4173 413 4243 σμῶν
457 4175 866 4245 ἐνεργουμένων
897 4177 1214 4246 ἐλεύσομαι.
1265 4178 1357 4230 Διὸ
1401 4179 1500 4231 καὶ
1530 4180 1832 4250 παρεγγυῶ

244 4266 531 4336 κρατῆσαι
551 4267 645 4320 τὸν
667 4267 943 4338 θησαυρὸν
967 4269 1065 4337 τῆς
1092 4269 1329 4332 πίστεως
1352 4269 1572 4337 ἄσυλον,
1589 4271 1676 4324 ἵνα
1707 4271 1783 4342 μὴ
1801 4273 1830 4325 6

241 4360 345 4428 τῆς
362 4359 640 4428 ὑπομονῆς
677 4360 831 4430 ὑμῶν
861 4361 1130 4429 ἀπόληται
1160 4362 1447 4431 στέφανος.

336 4542 441 4594 Ἐν
488 4539 570 4606 τῷ
613 4541 741 4606 ναῷ
772 4542 878 4596 τοῦ
913 4544 1065 4598 Θεοῦ
1092 4562 1235 4614 μου.
1268 4547 1594 4618 Προείρηται
1635 4550 1718 4603 ὅτι
1749 4550 1830 4615 τὸ,

248 4635 404 4687 Θεοῦ
451 4651 609 4703 μου,
668 4634 766 4704 οὐχ
806 4635 950 4687 οὕτω
1008 4636 1104 4705 τῆς
1151 4639 1210 4690 εν
1265 4638 1348 4709 τῷ
1397 4640 1621 4710 Χριστῷ
1681 4641 1833 4704 θείας

249 4726 470 4794 (φύσεως
516 4727 956 4797 ὲνθεωρουμένης
1006 4730 1374 4799 ἀναιρετικὸν,
1404 4733 1528 4786 ὅσον
1556 4735 1658 4805 τῆς
1704 4751 1833 4788 συν-

249 4819 564 4882 ουσιώσεως
585 4824 1016 4891 παραστατικόν.
1041 4825 1114 4875 Τὸ
1141 4825 1248 4895 γὰρ
1269 4827 1636 4882 ἀδιάσπαστον
1670 4825 1835 4894 εἶναι,

249 4918 352 4986 τὴν
396 4916 508 4968 τῶν
559 4916 654 4970 δύο
705 4917 921 4985 φύσεων
965 4919 1179 4986 ἕνωσιν,
1212 4921 1484 4992 θεότητος,
1525 4924 1690 4994 φημὶ,
1742 4928 1838 4977 καὶ

252 5008 696 5079 ἁνθρωπότητος,
731 5012 789 5062 ἐν
816 5014 884 5081 τῇ
919 5013 1061 5065 κατὰ
1097 5013 1188 5064 τὸν
1216 5015 1420 5085 Κύριον
1470 5015 1676 5084 Ἰησοῦν
1703 5015 1836 5068 ὐπο-

257 5103 471 5164 στὰσει,
501 5103 603 5157 κᾶν
632 5104 827 5174 μέχρις
851 5107 1059 5169 ἐννοίας
1077 5107 1261 5175 ψιλῆς,
1293 5110 1343 5160 εί
1370 5109 1464 5162 καὶ
1494 5111 1836 5179 ἀσυγχύτως,

256 5197 519 5266 παριστᾷ.
558 5197 909 5250 Ἀντιδιδόασι
940 5200 1050 5270 γὰρ
1081 5198 1330 5270 ἀλλήλοις
1366 5201 1508 5273 ὑπὲρ
1536 5203 1839 5272 κατάληψιν

255 5289 613 5359 ἀνθρωπίνην
637 5291 994 5354 οἰκειωτικῶς
1018 5292 1086 5344 τὰ
1123 5293 1245 5347 θεῖα
1287 5295 1401 5356 τοῖς
1446 5293 1836 5364 ἀνθρωπίνοις,

260 5381 356 5434 καὶ
381 5380 452 5433 τὰ
483 5379 804 5450 ἀνθρώπινα
831 5385 943 5445 τοῖς
976 5382 1141 5448 θείοις
1161 5383 1438 5455 ίδιώμασι.
1469 5385 1670 5449 Στύλος
1697 5385 1754 5439 δὲ
1784 5388 1842 5438 ὲν

259 5471 341 5540 τῷ
398 5472 514 5542 ναῷ
571 5473 666 5527 τοῦ
713 5474 847 5527 Θεοῦ
912 5469 1068 5540 οὗτος
1119 5477 1444 5532 καθίσταται
1474 5518 1489 5544 ,
1544 5477 1846 5549 ὑπερείδων

261 5566 330 5633 τῇ
365 5565 498 5632 ἰπερὶ⁸
529 5564 691 5617 αὑτὸν
725 5566 811 5619 τοῦ
848 5567 983 5620 Θεοῦ
1017 5568 1387 5641 ἁγαθοόωρίᾳ,
1424 5570 1517 5622 καὶ
1547 5571 1672 5633 τοὺς
1712 5570 1848 5642 προς

265 5655 579 5708 συντέλειαν
609 5657 704 5726 τῆς
734 5659 853 5710 καθ’
889 5661 1035 5729 ἡμεῖς
1072 5659 1165 5713 τοῦ
1207 5661 1444 5732 Χριστοῦ
1496 5662 1729 5726 πίστεως
1789 5664 1850 5715 ἁ-

331 5844 376 5878 "
411 5843 553 5899 l‘sal.
581 5863 690 5911 xw,
713 5844 768 5899 2.

1904 1980 2190 2021 accurrere
2216 1966 2370 2029 dicit,
2410 1982 2516 2018 non
2546 1967 2754 2036 vulgari
2786 1966 2968 2028 modo,
2997 1965 3092 2020 sed
3129 1981 3254 2019 cum
3291 1981 3489 2036 magno

1904 2058 2118 2114 fervore
2163 2068 2218 2113 et
2276 2059 2612 2114 contritione
2649 2078 2661 2113 :
2715 2060 2816 2114 hoc
2849 2060 2995 2114 enim
3040 2060 3291 2130 designat
3341 2061 3488 2127 quod

1905 2151 2157 2215 adorent,
2183 2162 2234 2207 et
2259 2151 2400 2207 inter
2425 2163 2704 2207 extremos
2729 2153 2824 2222 qui
2852 2153 2906 2207 in
2939 2151 3180 2207 Ecclesia
3208 2162 3336 2208 sunt
3362 2156 3486 2222 poni

1904 2244 2188 2314 elegerint.

1980 2332 2280 2388 Sermonem
2324 2336 2596 2404 patientia:
2649 2351 2797 2391 mete.
2852 2335 2970 2391 Non
3005 2337 3150 2407 quod
3191 2338 3236 2392 is
3267 2336 3358 2405 qui
3399 2337 3493 2390 dat

1908 2432 2217 2493 oraculum,
2246 2431 2450 2501 aliquid
2497 2447 2694 2502 passus
2726 2434 2817 2497 sit,
2847 2435 2941 2487 sed
2983 2448 3140 2488 suam
3168 2434 3489 2503 patientiam

1909 2522 2043 2576 dicit
2098 2523 2219 2578 ﬁdei
2274 2526 2622 2579 tolerantiam
2651 2542 2774 2596 quae
2821 2539 3043 2596 propter
3085 2529 3263 2596 ipsum
3317 2538 3398 2581 est
3440 2537 3495 2581 et

1911 2631 2038 2676 erga
2073 2617 2250 2684 ipsum
2289 2634 2303 2669 :
2335 2620 2798 2684 quemadmodum
2830 2621 2995 2673 etiam
3029 2619 3121 2672 tibi
3162 2619 3327 2673 David
3363 2621 3498 2688 petit

1915 2721 1945 2758 a
1980 2705 2109 2770 Deo,
2145 2723 2164 2758 ι
2200 2705 2274 2760 De
2309 2708 2459 2761 vultu
2491 2719 2584 2761 tuo
2600 2709 2870 2778 judicium
2899 2727 3075 2764 meum
3105 2713 3434 2781 prodeat":
3471 2731 3490 2764 ι

1918 2799 2018 2853 boc
2050 2808 2132 2853 est
2154 2841 2169 2864 ,
2200 2800 2413 2866 justitia
2442 2811 2532 2856 tua
2563 2817 2684 2871 quae
2726 2804 2786 2857 lit
2821 2813 3040 2874 propter
3077 2820 3180 2857 me.

1987 2889 2218 2944 Servabo
2244 2901 2294 2945 te
2331 2891 2396 2944 ab
2433 2895 2566 2947 Itora
2609 2894 2932 2963 aﬂlictionis.
2969 2893 3167 2949 Horam
3195 2895 3500 2953 alﬂictionis

1918 2994 2013 3036 aut
2037 2993 2194 3038 vocat
2219 2985 2655 3054 persecutionem
2707 2988 2812 3041 sub
2855 2985 3162 3042 Domitiano
3182 2990 3499 3049 excitatam.

1919 3090 2041 3144 qure
2091 3076 2192 3130 fuit
2239 3081 2480 3132 secunda
2532 3087 2655 3148 post
2696 3077 3002 3144 Neronem,
3038 3081 3500 3150 quemadmodum

1848 3225 1890 3278 ϐ
1924 3168 2112 3220 scribit
2159 3167 2428 3223 Eusebius
2473 3170 2768 3237 Pamphili,
2830 3172 3051 3240 quando
3088 3182 3144 3226 et
3188 3174 3305 3242 ipse
3334 3189 3502 3227 evan-

1923 3265 2115 3333 gelista
2146 3264 2199 3318 in
2229 3264 2481 3319 Palmum
2509 3267 2576 3320 ab
2595 3267 2713 3336 ipso
2745 3265 3056 3321 Domitiano
3080 3268 3350 3338 relegatus
3374 3277 3460 3321 est
3489 3287 3501 3322 :

1922 3368 2015 3411 aut
2065 3374 2185 3411 eam
2254 3373 2375 3428 quae
2437 3358 2541 3412 sub
2589 3360 2779 3412 mundi
2839 3360 3371 3414 consummationem
3437 3361 3508 3413 ab

1922 3449 2261 3503 Antichristo
2311 3450 2576 3504 adversus
2625 3449 2974 3505 Christianos
3027 3451 3357 3504 excitabitur
3412 3464 3509 3518 per

1926 3541 2242 3594 universum
2297 3541 2483 3593 orbem
2509 3580 2522 3601 ,
2560 3542 2650 3608 qui
2688 3540 3034 3595 (lbristianos
3083 3542 3380 3598 interiunct.
3425 3540 3512 3593 Ab

1927 3643 2158 3700 utraque
2187 3631 2350 3701 igitur
2380 3631 2571 3684 barum
2604 3646 2662 3685 se
2695 3632 2962 3701 promittit
2991 3632 3350 3686 liberaturum
3377 3646 3512 3687 suos

1926 3734 2227 3779 sectatores
2253 3735 2307 3778 et
2338 3735 2635 3790 amatores,
2673 3723 3040 3793 praeripiendo
3070 3724 3193 3780 illos
3223 3741 3319 3795 per
3354 3739 3509 3780 mor-

1928 3825 2036 3871 tem
2073 3817 2141 3870 ab
2174 3817 2259 3870 bis
2299 3832 2423 3885 quae
2449 3827 2580 3871 tunc
2616 3817 2956 3886 contingent,
2989 3833 3055 3872 ne
3091 3818 3230 3872 ultra
3264 3819 3314 3872 id
3362 3819 3514 3888 quod

1931 3910 2072 3964 ferre
2093 3918 2325 3980 possunt
2353 3909 2687 3980 amigantur.
2713 3909 2841 3963 Ideo
2868 3924 3089 3980 quoque
3119 3912 3195 3964 ait
3214 3909 3512 3966 Dominus:

1946 4002 2103 4056 Venio
2146 4003 2288 4066 cito,
2337 4003 2608 4071 siquidem
2643 4011 2766 4072 post
2821 4002 2968 4056 illam
3014 4002 3366 4058 alllictionem
3404 4005 3516 4058 cllo

1932 4096 2180 4161 veniam,
2214 4097 2320 4151 hoc
2372 4105 2458 4150 est
2494 4096 2702 4166 absque
2735 4095 2843 4150 ulla
2882 4095 3146 4148 dilatione
3193 4111 3209 4148 :
3247 4110 3371 4149 nam
3415 4095 3518 4150 hoc

1935 4189 2207 4260 signiﬁcat
2241 4188 2367 4252 cito,
2397 4196 2664 4257 tanquam
2699 4186 2951 4241 diceret:
2994 4185 3270 4255 Evesligio
3296 4187 3515 4239 veniam

1935 4297 2058 4337 cum
2095 4282 2180 4336 liis
2207 4295 2327 4349 qua:
2379 4280 2509 4334 [ient
2547 4279 2931 4334 amictionibus
2977 4297 2992 4334 :
3037 4288 3319 4347 propterea
3352 4279 3518 4334 etiam

1935 4375 2200 4432 denuntio
2223 4383 2293 4430 :ut
2334 4385 2512 4429 tutum
2540 4373 2878 4428 conscrvetis
2923 4372 3047 4427 ndei
3078 4371 3423 4436 thesaurum,
3455 4387 3522 4426 ne

1938 4479 2127 4539 pereat
2156 4483 2361 4523 corona
2390 4468 2694 4521 tolerantiae
2720 4475 2940 4522 vestrae.

2014 4561 2084 4616 In
2130 4561 2323 4628 templo
2372 4560 2468 4614 Dei
2509 4560 2629 4613 mei.
2670 4557 2834 4612 Prius
2879 4559 3083 4611 dictum
3121 4569 3204 4613 est
3247 4558 3390 4628 quod
3428 4557 3525 4613 Dei

1942 4657 2041 4710 mei
2069 4669 2177 4710 non
2210 4655 2362 4708 tollat
2397 4654 2634 4709 divinam
2689 4666 2813 4721 qua:
2849 4651 2900 4704 in
2929 4651 3148 4706 Clu-isto
3188 4651 3525 4719 conspicitur

1945 4755 2221 4809 naturam,
2257 4747 2352 4798 sed
2398 4743 2844 4799 coexsisteutiam
2879 4752 2934 4794 et
2976 4743 3234 4796 unionem
3260 4743 3522 4797 ostendit.

1943 4833 2107 4903 683
2136 4834 2481 4886 Demonstrat
2505 4833 2651 4886 enim
2685 4832 3118 4887 indissolubilem
3143 4847 3263 4887 esse
3289 4833 3525 4887 duarum

1945 4938 2262 4982 naturarum
2295 4928 2573 4990 unionem,
2606 4925 2928 4991 divinitatis,
2969 4927 3212 4992 inquam,
3252 4936 3306 4980 et
3336 4927 3530 4980 buma-

1945 5021 2134 5076 nitatis
2158 5022 2212 5074 in
2249 5035 2482 5090 persona
2506 5020 2718 5074 Domini
2754 5020 2906 5081 Iesu,
2941 5021 3042 5074 nisi
3072 5020 3190 5074 solo
3221 5019 3523 5082 intellectu,

1949 5126 2263 5180 quanquam
2328 5109 2633 5163 inconfuse.
2704 5109 3069 5164 Familiariter
3127 5124 3363 5176 namque
3421 5109 3526 5162 sibi

1952 5211 2143 5256 mutuo
2170 5201 2344 5255 reddit
2376 5201 2447 5255 ob
2478 5200 2836 5254 humanitatis
2859 5201 3312 5270 assumptionem,
3341 5199 3528 5254 divina

1953 5295 2232 5356 humanis,
2266 5304 2320 5348 et
2357 5294 2596 5347 humana
2635 5292 2840 5348 divinis
2883 5293 3181 5346 idiomatis.
3220 5292 3394 5346 Porro
3441 5293 3531 5347 hic

1955 5387 2158 5455 templo
2193 5383 2285 5438 Dei
2323 5386 2579 5440 columna
2616 5386 2991 5448 constituitur,
3028 5394 3088 5439 ut
3128 5385 3323 5440 fulciat
3348 5393 3404 5440 et
3439 5387 3531 5440 Dei

1954 5478 2102 5530 circa
2152 5491 2210 5531 se
2257 5477 2710 5543 muniﬁcentiam,
2737 5487 2792 5532 et
2836 5492 2930 5532 eos
2958 5478 3052 5546 qui
3083 5477 3314 5532 debilius
3355 5476 3532 5530 aﬂecti

1960 5579 2108 5633 sunt,
2139 5569 2203 5623 ad
2238 5567 2624 5640 perfectionem
2675 5568 2797 5623 ﬁdei
2847 5568 3078 5634 Christi,
3120 5583 3240 5637 quae
3281 5568 3334 5620 in
3377 5566 3536 5621 nobis

1962 5674 2066 5728 est,
2107 5665 2401 5718 exhortans
2435 5663 2575 5730 illos,
2613 5671 2672 5718 ut
2699 5672 2751 5717 et
2792 5662 2896 5732 ipsi
2937 5661 3084 5717 dono
3123 5660 3352 5717 docendi
3381 5657 3537 5715 simi-
