4256 6440
240 389 342 453 561

1303 387 1694 446 COMMENT.
1739 383 1822 442 IN
1863 381 2392 441 APOCALYPSIN.

3395 382 3502 449 562

238 515 310 549 πε
321 498 368 567 ρί
392 493 555 550 αὑτοῦ
575 494 909 564 λεγομένοις,
936 495 1055 564 ἦτοι
1081 493 1309 564 ἀλήθεια
1334 495 1426 546 καὶ
1449 494 1600 546 οὐδὲν
1627 491 1822 560 ψεῦδος

1871 487 1903 544 Χ
1929 487 1981 540 in
2042 488 2295 541 omnibus
2343 502 2463 556 quae
2493 488 2560 542 de
2594 489 2712 558 ipso
2734 489 2878 544 dicta
2923 499 3070 554 sunt,
3111 489 3226 544 sive
3264 493 3464 546 veritas
3488 532 3506 558 ,

237 605 302 641 εν
331 605 536 649 αυτοις.

329 681 396 734 Ἠ
439 678 595 749 ἀρχὴ
642 677 751 745 τῆς
807 678 1050 745 κτίσεως
1109 679 1216 732 τοῦ
1277 679 1448 743 Θεοῦ,
1477 679 1598 732 ἀντὶ
1640 677 1822 747 τοῦ,ὴ

239 771 492 842 βασιλεία
537 772 631 823 καὶ
663 771 696 838 ἡ
723 770 865 840 ἁρχὴ
909 771 1128 822 πάντων
1157 769 1233 832 ὼς
1262 770 1577 839 κτισμάτων
1631 767 1828 820 δεσπό-

238 866 432 930 ζουσα.
475 861 646 931 Ἀρχὴ
698 862 804 932 γὰρ
851 862 945 930 τῆς
982 863 1232 924 κτίσεως,
1278 863 1311 931 ἡ
1367 862 1825 930 προκαταρκτικὴ

237 959 390 1009 αἰτία
417 959 512 1026 τῆς
531 955 784 1018 κτίσεως.
830 954 1134 1024 Ἐπηρέασε
1155 954 1200 1006 δ’
1234 955 1300 1007 ἂν
1327 956 1459 1018 ἴσως
1492 952 1570 1023 τῷ
1595 953 1744 1023 ῥητῷ
1767 955 1827 1006 τὸ

238 1049 510 1118 θεομάχον
538 1049 648 1100 τῶν
688 1046 979 1118 Ἀρειανῶν
1002 1048 1387 1116 ἐργαστήριον,
1405 1049 1481 1109 ὡς
1501 1046 1596 1100 τοῦ
1621 1048 1825 1118 Κυρίου

252 1135 430 1205 Ἰησοῦ
458 1136 759 1204 κτίσματος
789 1135 879 1189 διὰ
901 1135 1108 1188 τούτων
1137 1136 1567 1206 γνωριζομένου.
1600 1136 1675 1190 Οὐ
1717 1136 1824 1208 χρὴ

235 1226 296 1280 δὲ
319 1228 436 1290 ταῖς
462 1227 665 1279 τούτων
696 1227 1044 1298 παράγεσθαι
1075 1228 1459 1299 κακουργίαις,
1489 1229 1824 1293 σκοποῦντας

235 1319 343 1372 εἴτι
367 1319 580 1373 τοιοῦτο
611 1323 704 1376 καὶ
728 1322 784 1374 ὲν
813 1323 974 1392 ἑτέρα
1002 1325 1179 1376 κεῖται
1213 1324 1412 1392 Γραφῇ
1455 1326 1580 1392 περὶ
1605 1324 1825 1389 τούτου,

239 1411 310 1464 ἵν’
337 1411 436 1485 ἔχῃ
466 1429 547 1474 τις
581 1413 644 1466 ὲκ
674 1413 782 1466 τῶν
827 1414 1029 1483 ὁμοίων
1063 1415 1365 1478 κανονίζειν
1398 1416 1465 1467 τὰ
1491 1415 1684 1483 ὅμοια.
1716 1417 1823 1484 ψη-

239 1506 329 1557 σὶν
361 1501 454 1558 οὖν
486 1505 697 1569 Παῦλος
729 1506 1101 1560 Κολοσσαεῦσι
1129 1506 1357 1577 γράφων
1398 1511 1527 1579 περὶ
1568 1510 1662 1562 τοῦ
1690 1511 1828 1582 Χρι-

237 1598 372 1650 στοῦ
403 1615 416 1628 ·
445 1618 464 1650 ‹
503 1600 603 1661 Ὃς
632 1601 782 1652 ἐστιν
827 1600 1048 1672 ἀπαρχὴ
1098 1602 1442 1670 πρωτότοκος
1491 1604 1672 1672 πάσης
1709 1605 1825 1656 κτί-

238 1707 400 1752 σεως.
437 1709 455 1740 ι
499 1691 746 1754 κτίσεως
777 1691 1147 1763 πρωτότοκος,
1171 1695 1232 1747 οὺ
1263 1694 1369 1765 μὴν
1397 1696 1824 1763 πρωτόκτιστος.

235 1780 354 1832 Καὶ
381 1780 548 1834 Δαυϊδ
574 1798 587 1811 ·
624 1801 642 1832 ι
698 1783 790 1835 Ἐκ
838 1784 1076 1854 γαστρὸς
1101 1785 1207 1854 πρὸ
1236 1787 1514 1855 ἐωσφόρου
1561 1789 1826 1861 ἐγέννησα

239 1892 324 1939 σε,
369 1897 387 1928 ι
418 1877 532 1930 ἀλλ’
563 1878 662 1930 οὐκ
682 1894 696 1908 ·
733 1878 965 1933 Ἔκτισά
995 1896 1074 1933 σε.
1107 1880 1217 1933 Καὶ
1242 1880 1494 1950 Σολομὼν
1519 1899 1532 1914 ·
1572 1902 1589 1934 I
1626 1885 1739 1954 Πρὸ
1768 1885 1826 1938 δὲ

237 1969 463 2023 πάντων
495 1969 701 2038 βουνῶν
731 1973 894 2042 γεννᾷ
935 1988 1024 2041 με.
1072 1991 1090 2023 ι
1128 1972 1200 2025 Τὸ
1227 1974 1304 2025 δέ·
1355 1993 1372 2025 ι
1407 1975 1608 2044 Κύριος
1641 1976 1824 2030 ἔκτισέ

237 2078 308 2129 με
337 2061 508 2132 ἀρχὴν
533 2062 667 2114 ὁδῶν
690 2063 874 2128 αὑτοῦ,
904 2083 922 2116 υ
955 2064 1033 2129 τὸ,
1058 2082 1075 2114 ‹
1107 2063 1336 2130 ἔκτισεν,
1365 2087 1382 2117 ι
1405 2069 1525 2120 ἀντὶ
1555 2069 1670 2134 τοῦ,
1695 2086 1827 2124 κατ-

237 2152 454 2217 έταξεν,
507 2153 786 2223 εἴληπται,
823 2154 897 2218 ὡς
955 2157 1050 2208 καὶ
1093 2157 1186 2208 ἐπὶ
1228 2157 1344 2220 τοῦ,
1385 2179 1402 2209 ‹
1490 2159 1607 2212 Ἵνα
1666 2163 1826 2234 κτίσῃ

234 2246 365 2308 τοὺς
394 2245 486 2298 δύο
510 2247 587 2310 είς
617 2246 715 2300 ἕνα
749 2248 934 2300 καινὸν
960 2247 1269 2319 ἄνθρωπον·
1300 2269 1318 2302 ι
1354 2253 1447 2306 καὶ
1477 2253 1594 2306 τοῦ·
1627 2273 1644 2305 ι
1675 2256 1827 2326 Καρ-

233 2335 359 2388 δίαν
407 2336 654 2408 καθαρὰν
705 2339 890 2392 κτίσον
939 2341 996 2392 ὲν
1052 2341 1195 2410 ἐμοὶ,
1225 2344 1252 2394 ὁ
1292 2343 1446 2407 Θεός.
1483 2363 1500 2396 ι
1552 2345 1609 2398 ’0
1650 2347 1706 2400 δέ
1764 2366 1825 2416 γε

236 2431 384 2494 θεῖος
417 2432 527 2484 τῶν
566 2433 742 2502 λόγων
791 2434 830 2486 Γ
834 2435 1091 2505 ρηγόριος
1138 2436 1196 2488 ὲν
1249 2436 1328 2505 τῷ
1377 2438 1512 2507 Περὶ
1546 2434 1640 2490 τοῦ
1694 2440 1824 2493 Υίοῦ

235 2523 406 2592 λόγῳ,
435 2524 494 2577 τὸ
531 2525 648 2594 μὲν,
682 2525 945 2588 ἔκτισεν,
978 2528 1070 2579 ἐπὶ
1109 2527 1204 2579 τοῦ
1238 2528 1442 2598 νοερῶς
1489 2530 1826 2601 ὲμψυχωμέ-

237 2627 332 2662 νου
364 2611 459 2664 τοῦ
513 2613 792 2683 Κυριακοῦ
839 2617 1092 2683 σώματος
1115 2617 1303 2668 ἀκούει
1332 2634 1346 2649 ο
1411 2618 1462 2671 τὸ
1483 2619 1565 2680 δὲ,
1618 2621 1822 2690 γεννᾷ,

237 2703 335 2755 ἐπὶ
387 2707 484 2772 τῆς
529 2707 802 2777 θεότητος.
846 2708 1134 2772 Τοσούτοις
1186 2708 1280 2763 οὖν
1335 2714 1680 2783 μαρτυρίοις,
1728 2716 1824 2786 τῆς

238 2795 474 2860 κτίσεως
523 2800 1001 2872 συγκροτουμένης
1040 2842 1054 2867 ,
1103 2804 1135 2873 ἡ
1202 2803 1347 2874 ἁρχὴ
1401 2808 1499 2876 τῆς
1543 2808 1773 2873 κτίσεως
1807 2850 1822 2871 ,

237 2891 318 2951 ὡς
376 2889 620 2960 ἔφοημεν
672 2895 956 2965 εἰρηκότες
991 2937 1007 2960 ,
1068 2896 1170 2948 οὐκ
1213 2895 1384 2960 ἄλλο,
1432 2898 1464 2967 ἢ
1516 2901 1577 2952 τὸ
1654 2903 1823 2973 ἄρχον

237 2981 344 3048 τῆς
395 2983 623 3048 κτίσεως
655 2985 752 3038 τοῦ
797 2985 934 3039 Θεοῦ
968 2986 1166 3057 δηλοῦν
1196 2989 1472 3058 βούλεται,
1498 2993 1686 3046 καθότι
1731 2997 1826 3048 ml.

247 3089 267 3120 ι
292 3072 476 3125 Πάντα
501 3074 570 3126 δι’
595 3074 763 3129 αὑτοῦ
791 3077 1026 3145 ἐγένετο.
1044 3079 1257 3150 »Τούτῳ
1281 3083 1369 3133 καὶ
1396 3083 1584 3152 ἄρχειν
1604 3084 1711 3138 τῶν
1734 3087 1825 3140 ὑπ’

1931 579 2252 649 nullumque
2285 581 2336 631 in
2367 581 2500 648 ipsis
2530 591 2613 635 est
2653 583 3024 636 mendacium.

1999 671 2330 742 Principium
2351 683 2610 727 creatum
2644 674 2756 729 Dei.
2786 674 2901 728 Hoc
2922 683 3007 728 est
3031 687 3256 741 regnum
3283 681 3339 727 et
3363 672 3512 742 prin-

1930 767 2142 834 cipatus
2184 766 2455 826 omnium,
2488 775 2745 833 tauquam
2793 765 3096 820 dominium
3129 765 3337 819 habens
3362 765 3416 817 in
3447 779 3512 818 ea

1930 873 2053 926 quae
2083 868 2264 912 creata
2299 866 2448 911 sunt.
2479 856 2811 925 Principium
2843 861 2985 913 enim
3020 869 3286 913 creaturae
3313 858 3512 912 dicitur

1929 949 2155 1003 evidens
2184 965 2346 1004 causa
2379 959 2664 1003 creaturae.
2713 947 2986 1008 Fortassis
3016 960 3197 1005 autem
3234 951 3336 1005 hoc
3365 950 3512 1005 dicto

1930 1041 2262 1095 calumniam
2296 1053 2529 1096 strueret
2555 1042 2666 1096 Deo
2697 1042 2918 1097 inimica
2946 1045 3273 1098 Arianorum
3303 1043 3513 1098 machi-

1933 1133 2102 1197 natio,
2145 1141 2404 1202 tanquam
2459 1132 2724 1188 Dominus
2750 1133 2912 1188 Jesus
2956 1151 3048 1202 per
3082 1134 3197 1188 haec
3231 1134 3511 1205 significa-

1934 1237 2082 1283 I‘clur
2110 1243 2231 1282 esse
2279 1236 2552 1284 creatura.
2601 1227 2721 1284 Non
2767 1238 2985 1299 oportet
3018 1242 3199 1283 autem
3255 1230 3511 1300 malignis

1931 1322 2125 1375 borum
2169 1320 2366 1374 abduci
2423 1321 2747 1384 conatibus,
2807 1320 3223 1376 considerantes
3264 1321 3510 1388 nunquid

1932 1414 2038 1466 tale
2080 1414 2131 1467 in
2175 1413 2280 1466 alia
2324 1413 2610 1481 Scriptura
2645 1414 2712 1467 de
2751 1414 2853 1466 hoc
2904 1415 3192 1474 habeatur,
3227 1421 3286 1465 ut
3343 1413 3512 1481 possit

1929 1507 2053 1574 quis
2094 1520 2160 1559 ex
2224 1505 2498 1560 similibus
2555 1503 2622 1558 ad
2678 1506 2917 1574 regulam
2975 1506 3174 1560 similia
3227 1505 3508 1561 reducere.

1934 1600 2072 1654 Dicit
2132 1600 2312 1669 itaque
2369 1599 2570 1654 Paulus
2628 1600 2694 1652 ad
2748 1600 3104 1652 Colossenses
3151 1600 3396 1653 scribens
3447 1601 3513 1652 de

1930 1693 2152 1750 Christo
2189 1712 2202 1748 :
2241 1712 2258 1744 ι
2313 1694 2417 1757 Qui
2467 1704 2549 1746 est
2598 1693 2855 1762 primitiae
2889 1693 3288 1762 primogenitus
3333 1692 3513 1746 Omnis

1931 1797 2196 1844 creatura!
2223 1789 2288 1819 ⁸³⁸⁸
2327 1805 2339 1840 :
2391 1807 2408 1839 ι
2445 1787 2841 1856 primogenitus
2870 1797 3156 1848 creaturae,
3193 1803 3298 1840 non
3336 1787 3512 1854 primo

1934 1892 2172 1938 creatus.
2228 1883 2295 1936 Et
2344 1881 2512 1934 David
2558 1899 2572 1934 :
2625 1898 2644 1931 ι
2697 1878 2776 1932 Ex
2831 1892 2989 1933 utero
3035 1889 3162 1935 ante
3224 1878 3511 1934 luciferqu

1934 1974 2097 2044 genui
2144 1985 2194 2030 te
2223 1976 2291 2040 θ’,
2351 1993 2368 2026 ι
2404 1982 2459 2028 at
2507 1987 2613 2028 non
2651 1990 2664 2026 :
2697 1973 2891 2028 Creavi
2941 1982 3012 2028 te.
3065 1971 3129 2027 Et
3184 1972 3442 2028 Solomon
3495 1989 3510 2026 :

1939 2087 1958 2119 ι
2002 2067 2139 2121 Ante
2189 2081 2379 2120 omnes
2423 2066 2589 2121 colles
2626 2075 2850 2136 generat
2897 2080 2981 2119 Ine
3009 2065 3050 2117 '.
3091 2083 3109 2115 ι
3160 2063 3333 2118 Porro
3363 2064 3511 2134 quod

1935 2162 2009 2213 ait
2047 2177 2059 2212 :
2100 2177 2117 2209 ι
2169 2159 2434 2212 Dominus
2473 2157 2679 2212 creavit
2728 2173 2811 2211 me
2861 2157 3076 2210 initium
3120 2157 3334 2211 viarum
3384 2173 3514 2211 sua-

1934 2267 2055 2307 rum
2091 2251 2132 2316 ¹,
2177 2269 2196 2303 ι
2244 2249 2466 2305 verbum
2517 2267 2536 2300 I
2580 2248 2784 2304 creavit
2841 2267 2858 2300 ι
2899 2258 3182 2317 acceptum
3260 2258 3347 2303 est
3395 2264 3512 2318 pro,

1935 2343 2222 2398 constituit
2251 2360 2264 2396 :
2296 2341 2758 2412 quemadmodum
2789 2340 2952 2394 etiam
2984 2339 3073 2394 ubi
3100 2339 3301 2395 dicitur
3332 2357 3346 2393 :
3385 2359 3403 2390 ι
3445 2337 3516 2394 Ut

1933 2449 2147 2494 crearet
2201 2437 2340 2490 duos
2385 2437 2438 2490 iu
2500 2451 2668 2489 unum
2731 2449 2932 2488 novum
2985 2433 3341 2496 lIominem';
3403 2450 3421 2482 ι
3461 2438 3516 2483 et

1933 2532 2063 2587 illud
2096 2550 2107 2584 :
2147 2551 2164 2581 ι
2212 2529 2318 2584 Cor
2350 2528 2614 2581 mundum
2645 2542 2791 2580 ‘crea
2831 2525 2883 2579 in
2918 2541 3024 2590 me,
3052 2525 3194 2579 Deus
3215 2525 3256 2578 ⁵.
3295 2542 3315 2576 ι
3347 2522 3515 2594 685

1938 2624 2163 2678 Divinos
2210 2630 2391 2675 autem
2443 2620 2494 2672 in
2527 2618 2875 2674 sermonibus
2912 2618 3208 2687 Gregorius
3260 2630 3517 2671 sermone

1937 2717 2012 2771 De
2039 2715 2173 2776 filio,
2196 2714 2389 2767 creavit
2412 2712 2652 2780 quidem,
2678 2711 2743 2763 de
2771 2709 3056 2762 Dominico
3081 2723 3306 2777 corpore
3333 2707 3516 2759 anima

1935 2806 2186 2861 rationali
2236 2805 2479 2858 animato
2513 2801 2787 2870 intelligit,
2838 2808 3054 2869 generat
3093 2813 3223 2852 vero
3272 2796 3339 2850 de
3373 2795 3514 2849 divi-

1934 2900 2120 2953 nitate.
2158 2897 2294 2952 Cum
2347 2895 2512 2966 igitur
2549 2904 2656 2947 tam
2715 2892 2903 2946 multis
2952 2890 3278 2945 testimoniis
3308 2887 3516 2957 princi-

1934 2992 2082 3062 pium
2137 2998 2425 3051 creaturae,
2477 2985 2620 3040 sicut
2651 2985 2814 3038 etiam
2864 2983 3126 3046 diximus,
3186 2981 3320 3035 nihil
3369 2979 3516 3034 aliud

1933 3085 2244 3155 signiﬁcare
2276 3081 2442 3146 velit,
2469 3093 2630 3148 quam
2660 3079 2807 3147 quod
2839 3087 3030 3130 auctor
3060 3084 3143 3130 est
3175 3083 3230 3128 et
3261 3074 3516 3128 conditor

240 3162 410 3215 αἱ.τοῦ
437 3165 636 3219 δίδοται
659 3170 1000 3239 κτισμάτων,
1037 3172 1225 3242 ἤγουν,
1270 3174 1532 3244 κατέστη,
1560 3176 1654 3229 τοῦ
1684 3179 1828 3250 εἰλη-

1871 3203 1897 3260 3
1933 3189 2197 3233 creatura:
2250 3175 2378 3235 Dei,
2417 3173 2574 3244 juxta
2626 3172 2759 3226 illud
2814 3184 3055 3240 quoque,
3089 3158 3138 3218 ἰ
3176 3165 3374 3222 Omnia
3422 3181 3517 3235 per

243 3253 408 3322 φέναι
435 3257 529 3309 καὶ
578 3257 673 3310 τοῦ
705 3261 1044 3330 καταστῆναι
1098 3264 1188 3315 nix
1234 3263 1531 3318 ἐλάττωσιν
1583 3270 1826 3338 εἰσηγου-

245 3346 427 3414 μένων
460 3349 651 3413 οὐσίας
676 3352 770 3404 καὶ
813 3351 992 3423 δόξης.

321 3607 449 3658 Ὀτι
500 3610 639 3663 οὔτε
685 3611 923 3680 ψυχρὸς
959 3615 1032 3674 εἶ,
1081 3615 1217 3670 οὔτε
1266 3617 1491 3686 ζεστός.
1543 3624 1762 3695 Ψυχρὺς
1801 3627 1829 3678 ὁ

240 3701 612 3770 ἐστερημένος
661 3705 762 3772 τῆς
811 3704 906 3758 τοῦ
964 3709 1121 3774 ἁγίου
1177 3711 1492 3780 Πνεύματος
1549 3717 1829 3786 ἐνεργείας

243 3793 345 3844 καὶ
377 3796 793 3864 ὲπιιροιτήσεως.
823 3800 1020 3863 Ζεστδς
1052 3801 1107 3853 δὲ
1156 3805 1183 3855 ό
1215 3801 1352 3867 ζέων
1403 3807 1480 3876 τῷ
1528 3801 1828 3880 Πνέύματι,

241 3885 322 3946 ὡς
369 3889 462 3938 καὶ
519 3889 727 3952 Παῦλος
777 3908 932 3960 φησι.
993 3895 1225 3966 Χλιαρὸς
1281 3899 1355 3963 δὲ,
1421 3902 1448 3952 ὁ
1518 3904 1576 3954 ἐν
1629 3905 1829 3974 ἀμφοῖν

241 3979 500 4043 ἀϐέϐαιος
530 3985 620 4034 καὶ
647 3986 1121 4057 ἐπαμφοτερίζων,
1149 3990 1205 4052 ὃς
1233 3995 1518 4060 μετουσίας
1545 3997 1642 4066 μὲν
1673 3998 1831 4053 ἔλαϐε

243 4071 565 4141 Πνεύματος
602 4076 759 4142 ἁγίου
786 4078 873 4131 διὰ
908 4079 1003 4132 τοῦ
1036 4080 1436 4150 βαπτίσματος,
1473 4087 1661 4142 ἔσϐεσε
1688 4093 1744 4145 δὲ
1774 4095 1834 4147 τὸ

240 4167 494 4234 χάρισμα
519 4167 625 4219 τῶν
654 4168 1062 4230 ζωοποιούντων
1092 4174 1188 4243 τὴν
1218 4177 1415 4247 ψυχὴν,
1450 4183 1514 4250 τῇ
1547 4183 1654 4236 τῶν
1687 4202 1830 4255 παρ-

239 4259 416 4349 όντων
443 4261 682 4328 φροντίδι
740 4265 1418 4341 καταρῤᾳθυμήσας(18⁶).
1448 4274 1538 4327 Διὸ
1577 4279 1668 4329 καὶ
1705 4281 1833 4349 περὶ

240 4348 341 4400 τοῦ
376 4349 522 4402 θείου
549 4353 863 4422 Πνεύματος
906 4359 1114 4423 [Ιαῦλός
1149 4379 1302 4431 φησι’
1334 4382 1351 4414 I
1394 4365 1466 4418 Τὸ
1497 4368 1718 4438 Πνεῦμα
1759 4348 1834 4440 μὴ

244 4441 525 4494 σϐέννυτε.
566 4462 583 4494 ι
635 4443 786 4498 Ἐπεὶ
823 4443 918 4501 οὗν
951 4451 1014 4502 σὺ
1053 4451 1328 4517 τοιοῦτος,
1392 4459 1485 4509 καὶ
1537 4459 1702 4524 ζέσας
1758 4463 1833 4532 τῷ

242 4533 529 4601 ῐῐνεύματι
578 4536 666 4589 διὰ
710 4538 1123 4610 βαπτίσματος,
1161 4545 1482 4618 arma;on
1529 4552 1615 4604 διὰ
1664 4556 1834 4624 ῥαθυ-

245 4623 401 4692 μίας,
436 4627 533 4688 τὰς
565 4630 644 4689 είς
675 4629 899 4698 ὕστερον
929 4634 1026 4700 τῆς
1058 4638 1329 4707 σωτηρίας
1353 4639 1570 4704 ἐλπίδας
1601 4646 1829 4699 σεαυτοῦ

241 4717 534 4787 ὲξέκοψας,
562 4726 862 4791 καταγνοὺς
883 4729 979 4796 τῆς
1004 4729 1310 4803 αίρεθείσης
1341 4750 1419 4786 σοι
1448 4736 1702 4800 πίστεως.
1743 4738 1832 4792 Ἐν

241 4809 431 4877 ἔργοις
474 4811 573 4878 μὲν
621 4812 726 4882 γὰρ
769 4815 868 4867 οὐκ
909 4817 1264 4886 ἀπογνωστέα
1302 4825 1331 4894 ἡ
1381 4826 1645 4897 μεσότης,
1693 4830 1768 4892 ὡς
1808 4833 1836 4884 ὁ

242 4901 480 4970 νόμιμος
522 4903 733 4973 γάμος,
790 4909 952 4976 μέσος
982 4909 1058 4961 ὢν
1090 4913 1390 4983 παρθενίας
1438 4919 1531 4970 καὶ
1577 4922 1834 4989 πορνείας

240 4992 348 5042 οὐκ
375 4992 700 5065 ἀπόϐλητος.
739 4997 825 5049 Ἑν
852 4999 908 5052 δὲ
936 5004 1002 5072 τῇ
1035 5002 1239 5069 πίστει,
1272 5006 1331 5059 τὸ
1363 5009 1525 5078 μέσον
1556 5013 1650 5064 καὶ
1680 5013 1832 5081 χλια-

246 5084 345 5176 ρὸν
375 5083 636 5154 ἀδόκιμον
668 5091 759 5142 καὶ
787 5092 1108 5149 ἀσύστατον.
1141 5099 1219 5150 Δι’
1249 5100 1386 5172 ὅπερ
1411 5103 1601 5169 ὄφελον
1629 5104 1835 5176 ψυχρὸς

241 5173 338 5246 ἦς,
369 5180 668 5247 τουτέστιν,
705 5185 974 5256 ἀμέτοχος
1010 5192 1264 5259 καθάπαξ
1300 5195 1443 5248 θείου
1466 5199 1837 5268 βαπτίσματος

245 5269 472 5338 χάριτος
501 5274 593 5325 καὶ
624 5275 977 5343 ἀϐάπτιστος,
1008 5283 1103 5334 καὶ
1135 5284 1210 5356 μὴ
1234 5287 1474 5358 χλιαρός.
1509 5290 1566 5343 't)
1600 5292 1699 5360 μὲν
1727 5292 1835 5363 γὰρ

248 5364 421 5432 μήπω
445 5365 735 5437 δεξάμενος
762 5372 860 5443 τὴν
886 5373 978 5425 τοῦ
1007 5377 1321 5446 Πνεύματος
1344 5381 1430 5434 διὰ
1459 5383 1836 5452 βαπτίσματος

243 5454 434 5526 χάριν,
464 5458 522 5509 ὲν
557 5459 765 5515 ἐλπίσιν
797 5464 1150 5536 ἐνστρέφεται
1180 5469 1274 5521 τοῦ
1313 5489 1442 5525 ποτε
1479 5473 1734 5539 δέξασθαι
1768 5479 1835 5528 τὰ

322 5609 625 5669 "‘Coloss.
665 5632 701 5676 I,
738 5617 825 5670 l3.

903 5621 946 5651 θ’
977 5621 1116 5676 l’sal.
1150 5640 1259 5687 CIX,
1295 5627 1347 5677 5.

246 5681 336 5735 12.
417 5684 439 5715 ⁸
472 5681 631 5738 Joau.
674 5702 711 5752 I,
764 5688 818 5742 3.

896 5691 915 5720 ⁸
950 5691 1102 5747 Iiom.
1143 5712 1294 5763 xvm,
1331 5701 1410 5752 ll.

328 5819 889 5897 (18⁸)καταρυτμίσας
915 5833 1057 5901 vulg.

1461 5631 1472 5659 '
1508 5629 1668 5684 Prov.
1705 5649 1856 5698 XVIII,
1883 5637 1972 5688 25.

1488 5703 1506 5732 ⁷
1543 5702 1771 5758 ΙΤΙιυδδ.
1812 5723 1862 5770 \',
1903 5708 1985 5760 19.

1933 3269 2110 3339 ipsum
2145 3266 2289 3322 facta
2338 3273 2467 3319 sunt
2511 3264 2532 3294 ⁸
2568 3280 2582 3316 :
2626 3280 2644 3313 ι
2682 3276 2778 3332 per
2805 3260 2911 3316 boc
2938 3260 3102 3316 etiam
3131 3259 3292 3312 datur
3320 3267 3379 3310 ut
3411 3257 3515 3310 do-

1934 3363 2174 3417 minetur
2212 3356 2482 3414 creaturis
2518 3370 2638 3423 qua:
2670 3353 2775 3407 sub
2809 3352 2927 3422 ipso
2950 3361 3082 3406 sunt
3129 3368 3142 3404 :
3173 3349 3288 3404 sive
3315 3347 3516 3402 confir-

1934 3467 2114 3508 matur
2144 3450 2290 3522 quod
2325 3445 2702 3517 apprehendat
2733 3460 2798 3499 ac
2829 3444 3140 3499 moderetur
3171 3461 3185 3497 :
3218 3458 3325 3496 non
3367 3439 3512 3508 quod

1936 3549 2050 3600 lucc
2095 3542 2514 3598 diminutionem
2559 3538 2816 3591 inducant
2858 3536 3178 3590 substantia:
3216 3549 3279 3588 ac
3311 3533 3513 3603 gloria}.

2007 3637 2158 3704 Quod
2191 3652 2351 3706 neque
2395 3634 2621 3704 frigidus
2660 3633 2734 3685 sis
2777 3645 2936 3698 neque
2962 3627 3215 3696 fervidus.
3259 3623 3513 3694 Frigidus

1932 3731 2135 3800 estqui
2183 3740 2332 3783 caret
2383 3728 2700 3794 operatione
2754 3740 2818 3778 ac
2863 3720 3284 3791 superventione
3336 3717 3512 3772 sancti

1936 3825 2172 3891 Spiritus
2203 3840 2215 3875 :
2250 3821 2490 3876 fervidus
2515 3830 2696 3873 autem
2727 3818 2818 3887 qui
2855 3815 3060 3885 Spiritu
3097 3813 3288 3874 fervet,
3319 3826 3513 3879 quem-

1933 3917 2224 3971 admodum
2278 3914 2442 3969 ctiam
2494 3911 2698 3965 Paulus
2758 3909 2889 3964 dicit
2947 3909 2969 3939 ⁶
3021 3924 3034 3960 :
3103 3903 3320 3974 tepidus
3385 3914 3513 3955 vero

1935 4013 2028 4080 qui
2070 4008 2339 4064 instabilis
2387 4016 2470 4060 est
2498 4016 2552 4059 et
2580 4004 2631 4058 in
2678 4012 2910 4070 utroque
2940 3993 3242 4085 ambigq‘ps,
3265 3995 3356 4063 qui
3389 4007 3514 4061 par-

1937 4107 2110 4174 ticeps
2156 4101 2376 4173 quidem
2421 4096 2661 4168 Spiritus
2715 4094 2890 4149 sancti
2938 4091 3112 4146 factus
3159 4099 3273 4143 est.
3293 4103 3385 4156 per
3417 4087 3515 4138 ba-

1935 4197 2150 4266 ptisma,
2181 4191 2440 4247 exstinxit
2478 4199 2654 4243 tamen
2708 4188 2912 4240 donum
2958 4183 3104 4253 quod
3159 4181 3398 4235 animam
3431 4178 3514 4230 vi-

1936 4286 2236 4349 vificabat,
2292 4283 2423 4336 illud
2461 4278 2831 4335 sollicitudine
2891 4274 3245 4345 praesentium
3302 4270 3513 4324 exstin-

1938 4394 2132 4449 gucns.
2159 4376 2285 4431 Ideo
2322 4389 2540 4444 quoque
2576 4373 2642 4426 de
2683 4371 2870 4425 divino
2901 4368 3110 4438 Spiritu
3173 4366 3250 4418 ait
3279 4363 3513 4416 Paulus:

1946 4489 1964 4520 ι
2007 4469 2274 4538 Spiritum
2294 4465 2460 4520 nolite
2507 4463 2856 4532 exstinguere
2886 4462 2928 4513 ⁷.
2971 4479 2989 4510 ι
3038 4457 3304 4524 Quoniam
3355 4455 3517 4524 igitur

1871 4561 1913 4617 D
1943 4574 1998 4616 tu
2038 4561 2162 4615 talis
2193 4575 2253 4614 es
2285 4559 2377 4628 qui
2409 4573 2533 4611 cum
2567 4555 2770 4624 Spiritu
2805 4552 3043 4606 fervidus
3079 4549 3248 4603 fueris
3287 4563 3380 4616 per
3422 4545 3519 4600 ba.

1934 4655 2213 4725 ptismum,
2239 4659 2524 4704 emortuus
2547 4663 2604 4701 es
2630 4662 2723 4716 per
2745 4645 3050 4715 segnitiem,
3083 4643 3276 4697 salutis
3322 4642 3374 4694 iu
3419 4657 3517 4710 po-

1936 4756 2144 4801 sterum
2176 4758 2327 4811 spem
2351 4757 2381 4796 a
2417 4742 2590 4809 teipso
2615 4737 2935 4808 amputasti,
2965 4735 3326 4789 condemnata
3353 4747 3518 4802 quam

1940 4836 2176 4906 primum
2205 4833 2449 4901 elegeras
2485 4832 2606 4884 ﬁde.
2648 4830 2707 4884 lu
2742 4827 3001 4898 operibus
3047 4826 3230 4894 itaque
3281 4840 3386 4877 non
3437 4831 3517 4877 est

1939 4926 2415 4982 condemnandum
2464 4925 2609 4994 quod
2641 4924 2880 4978 medium
2912 4933 3016 4984 est,
3055 4916 3516 4989 quemadmodum

1942 5020 2193 5090 legitima:
2224 5017 2425 5086 nuptize
2455 5033 2580 5070 cum
2613 5017 2803 5070 mediae
2835 5016 2944 5070 sint
2973 5014 3115 5066 inter
3149 5011 3515 5078 virginitatem

1941 5121 1996 5165 et
2021 5111 2431 5172 scortatioucm,
2467 5125 2572 5162 non
2625 5118 2753 5163 sunt
2785 5105 3120 5176 rejiciendte.
3153 5101 3208 5154 In
3248 5101 3349 5154 ﬁde
3390 5113 3518 5150 vero

1941 5203 2086 5271 quod
2124 5202 2359 5254 medium
2396 5211 2480 5254 est
2519 5215 2583 5253 ac
2638 5209 2792 5269 tepor
2845 5196 3192 5266 reprobatur,
3219 5207 3318 5246 nec
3379 5189 3515 5240 valet

1939 5311 2128 5348 secum
2160 5296 2480 5347 consistere.
2517 5291 2807 5361 Propterea
2856 5291 3086 5347 utinam.
3121 5284 3322 5354 inquit,
3362 5279 3517 5349 frigi-

1941 5388 2043 5438 dus
2094 5401 2290 5439 esses:
2339 5384 2440 5439 hoc
2487 5393 2589 5447 est,
2638 5399 2705 5436 ue
2752 5379 2915 5436 simul
2979 5377 3199 5446 quidem
3249 5372 3519 5441 partior-ps

1942 5479 2141 5533 fuisses
2175 5477 2358 5548 gratia:
2382 5475 2555 5530 divini
2580 5472 2941 5543 baptismatis,
2962 5470 3055 5525 sed
3084 5468 3381 5523 mansisses
3409 5476 3516 5515 non

2054 5638 2071 5664 ’
2104 5635 2260 5690 Prov.
2330 5651 2449 5700 \‘Ill,
2484 5633 2575 5688 9.2.
2688 5631 2706 5662 ³
2739 5609 2938 5700 Eplrcs.
2974 5644 3033 5691 II,
3077 5625 3156 5678 15.
3231 5621 3252 5652 ⁸
3280 5619 3425 5676 Psal.
3462 5633 3514 5682 ι,
