4256 6440
819 372 923 434 563

1634 374 1962 436 ΑΗΕΤΗᾹΞ
2002 376 2383 446 (ΖΕὸΑΗΕΕ
2416 383 2902 447 CAPPADOCLB
2942 380 3285 446 EPISCOPI

4001 380 4111 443 i165

818 485 1128 553 baptizatus
1184 493 1236 537 et
1268 501 1375 538 non
1411 484 1645 553 tepidus.
1686 485 1968 557 Siquidem
2023 490 2070 546 is
2108 492 2204 562 qui
2258 510 2399 549 non-
2428 523 2477 579 Α
2506 500 2753 570 σωτήρια
2783 501 2984 572 ἐαυτῷ.
3024 499 3087 555 '0
3114 501 3171 553 δὲ
3197 500 3285 569 χλι

2506 500 2753 570 σωτήρια
2783 501 2984 572 ἐαυτῷ.
3024 499 3087 555 '0
3114 501 3171 553 δὲ
3197 500 3442 569 χλιαρὸς,
3467 499 3543 561 ὡς
3574 500 3675 571 ἤδη
3709 516 3782 552 πα
3796 496 4108 567 ρεθέμεθα.

816 580 948 630 dum
987 577 1229 647 Spiritus
1280 577 1514 645 gratiam
1557 580 1770 648 acoepit
1810 596 1905 649 per
1954 583 2307 651 baptismum,
2342 587 2396 641 in

814 684 912 736 spe
936 678 1183 724 versatur
1210 669 1357 738 quod
1384 670 1683 739 aliquando
1712 687 1775 726 ea
1826 690 1950 743 quae
2000 676 2103 730 sibi
2132 677 2395 734 salutaria

2506 589 2705 659 μικρὸν
2766 592 2905 662 πρὸς
2951 594 3019 663 τῇ
3069 590 3222 654 ζέσει
3282 592 3376 644 καὶ
3424 591 3486 644 τό
3534 609 3665 644 ποτε
3726 590 4111 661 βαπτισθῆναι

2501 681 2805 754 ἀφῄρηται.

812 774 946 819 sunt
973 764 1239 835 accipiet:
1285 767 1599 835 attepidus,
1634 769 1802 823 veluti
1834 771 1948 840 jam
1972 773 2393 841 declaravimus,
2436 793 2628 848 parum
2668 779 2835 836 habet
2900 781 2967 835 ad
2998 778 3295 842 fervorem,
3324 789 3379 833 et
3442 794 3509 834 eo
3552 779 3697 834 bono
3734 780 3990 846 privatus
4024 784 4110 831 est

812 860 959 929 quod
983 859 1315 929 quandoque
1353 861 1715 930 baptizandus
1746 864 1838 917 sit.

887 953 1152 1023 Incipiam
1204 966 1253 1010 te
1298 973 1551 1012 evomere.
1596 956 1911 1027 Metaphura
1967 961 2129 1027 tepidi
2182 962 2397 1018 decenti

812 1050 977 1101 modo
1007 1065 1140 1103 usus
1163 1057 1267 1111 est,
1304 1050 1449 1118 quod
1477 1050 1669 1103 medici
1700 1050 1763 1102 ad
1790 1051 2051 1103 vomitum
2095 1068 2397 1121 procuran-

808 1144 938 1194 dmu
971 1153 1283 1197 assumunt.
1314 1142 1466 1196 Unde
1498 1158 1621 1196 cum
1642 1142 1810 1211 aliqui
1841 1142 2126 1197 ditliculter
2146 1156 2392 1210 vomunt,

811 1234 1009 1304 tepidae
1060 1250 1215 1306 aqua:
1241 1236 1463 1304 potione
1515 1235 1781 1288 vomitum
1840 1250 2062 1290 sursum
2119 1237 2388 1292 educunt.

811 1325 929 1380 Hoc
962 1344 1180 1398 quoque
1203 1328 1335 1383 dicit
1368 1347 1380 1380 :
1412 1327 1672 1398 Incipiam
1698 1336 1750 1381 te
1780 1327 1929 1382 velut
1961 1329 2387 1385 abominandum

809 1422 993 1474 cibum
1030 1436 1306 1485 evomere,
1364 1421 1467 1473 huc
1518 1430 1623 1485 est,
1657 1435 1754 1490 per
1788 1434 2098 1475 sermonem
2134 1422 2249 1477 oris
2286 1425 2389 1477 mei

809 1514 1068 1578 rejectum
1103 1529 1133 1566 a
1188 1528 1307 1567 mea
1368 1513 1741 1567 familiaritate
1802 1514 2114 1569 ostendere.
2158 1514 2226 1568 Et
2268 1530 2392 1584 qua:

808 1605 1007 1658 horum
1040 1605 1505 1670 estcausaiQuia
1542 1605 1594 1657 in
1630 1604 1853 1659 incertis
1884 1604 2091 1659 divitiis
2118 1620 2269 1674 spem
2294 1623 2393 1677 po-

804 1699 992 1758 suisti.
1024 1708 1079 1752 ct
1106 1700 1316 1754 semine
1356 1697 1506 1753 verbi
1545 1697 1635 1752 Dei
1694 1696 1835 1752 inter
1875 1697 2063 1767 spinas
2099 1700 2387 1766 suﬂ'ocato,

800 1785 974 1857 686
1010 1788 1112 1841 hoc
1142 1798 1225 1842 est
1262 1788 1405 1842 inter
1453 1787 1785 1842 tentationes
1823 1788 1988 1857 hujus
2026 1788 2150 1845 vita;
2183 1806 2248 1846 ac
2290 1807 2388 1848 sa:-

804 1878 1076 1931 culat'ium
1129 1879 1465 1940 divitiarum.
1504 1879 1843 1948 spiritualem
1910 1886 2060 1934 tuam
2104 1893 2159 1937 et
2200 1898 2390 1953 perpe-

804 1981 955 2025 tuam
992 1981 1365 2041 paupertatem
1422 1974 1684 2042 ignorasti
1722 1972 1797 2027 ⁷⁸.

875 2086 1139 2152 Quoniam
1169 2087 1301 2141 dicis
1335 2104 1353 2141 :
1385 2087 1539 2144 Dives
1569 2107 1707 2144 sum.
1756 2090 1984 2148 Divitias
2020 2104 2176 2150 vocat
2217 2106 2387 2151 terre-

801 2196 903 2235 nas
933 2180 1174 2235 divitias.
1219 2180 1438 2251 Ignoras
1470 2183 1617 2252 quod
1667 2193 1723 2239 tu
1760 2195 1811 2239 te
1866 2188 2129 2242 miserunt
2190 2189 2388 2245 reddas

800 2268 945 2324 inter
965 2286 1061 2324 eos
1081 2273 1174 2339 qui
1210 2281 1439 2340 pereunt
1469 2290 1481 2324 :
1511 2273 1635 2325 ideo
1660 2290 1879 2345 quoque
1904 2279 2389 2336 commiseratione

799 2364 1001 2433 dignus
1032 2381 1111 2425 es.
1150 2374 1206 2418 ut
1241 2364 1388 2435 quia
1426 2366 1765 2422 sublimitate
1796 2369 2058 2425 virtutum
2090 2372 2384 2439 excideris,

798 2458 1260 2512 obtcnebratioue
1295 2474 1359 2513 ac
1390 2460 1640 2514 caecitate
1673 2470 1871 2531 captus
1907 2462 1961 2517 in
2009 2464 2095 2519 his
2119 2482 2242 2536 quae
2273 2482 2386 2521 meo

798 2551 936 2605 liora
963 2562 1093 2605 sunt
1136 2552 1428 2621 eligendis,
1457 2564 1511 2610 et
1549 2554 1859 2611 denudatus
1891 2573 1954 2612 ea
1992 2574 2116 2629 qua:
2141 2569 2192 2614 te
2222 2561 2386 2630 paulo

797 2658 927 2699 ante
968 2646 1237 2700 vestiebat
1271 2647 1455 2701 divina
1486 2648 1683 2718 gloria.

873 2737 961 2799 ΙΙΙ,
992 2738 1171 2792 lii-22.
1197 2738 1405 2794 Suadeo
1441 2741 1535 2794 tibi
1554 2751 1610 2795 ut
1647 2759 1678 2793 a
1705 2757 1784 2794 me
1806 2759 1950 2795 emas
1985 2761 2175 2798 aurum
2191 2748 2386 2813 proba—

799 2844 913 2885 tum
938 2846 1002 2884 er
1021 2832 1129 2899 igni
1162 2841 1216 2885 ut
1242 2833 1493 2891 ditescas.
1524 2843 1572 2886 et
1603 2837 1910 2888 vestiuwma
1939 2838 2064 2889 alba
2104 2848 2164 2890 ut
2190 2839 2385 2892 indua-

798 2923 896 2981 ris.
932 2934 980 2975 ct
1018 2940 1122 2976 non
1154 2935 1407 2990 appareat
1440 2925 1662 2978 dederas
1706 2928 1966 2981 mutilatis
2023 2942 2148 2993 tum,
2184 2944 2231 2984 st
2274 2931 2385 2984 col-

800 3018 993 3087 lyrium
1021 3034 1123 3086 quo
1150 3018 1377 3087 inungas
1415 3018 1593 3073 oculos
1622 3031 1739 3074 tuos
1770 3031 1824 3073 ut
1852 3020 2049 3075 videas.
2087 3021 2198 3091 Ego
2224 3039 2386 3092 quos-

796 3122 998 3175 cunque
1034 3124 1175 3167 nmo,
1202 3123 1366 3175 arguo
1393 3118 1442 3160 et
1480 3109 1687 3162 erudio.
1723 3108 2005 3163 Ᾰῖοιιιίανε
2047 3129 2170 3181 ergo
2199 3129 2262 3165 ac
2306 3130 2387 3167 re-

2568 961 2785 1017 Μέλλω
2838 978 2915 1017 σε
2959 962 3191 1031 ἐμέσαι.
3246 962 3326 1031 Τῇ
3378 963 3661 1032 μεταφορᾷ
3711 960 3807 1015 τοῦ
3863 961 4105 1033 χλιαροῦ

2493 1055 2724 1116 δεόντως
2761 1055 3035 1124 ίχρήσατο
3058 1092 3073 1116 ,
3113 1053 3142 1105 ὃ
3175 1054 3271 1106 καὶ
3305 1053 3509 1122 ίατρῶν
3552 1051 3743 1114 παῖδες
3774 1052 3856 1115 εἰς
3896 1051 4106 1119 ἔμετον

2494 1148 2762 1219 ἐρεθίζειν
2796 1146 3344 1217 παραλαμϐάνουσιν.
3381 1146 3545 1199 Ὅθεν
3583 1144 3681 1197 καὶ
3712 1145 3826 1207 τοῖς
3854 1145 4101 1213 δυσεμε-

2492 1239 2699 1302 τοῦσιν,
2732 1238 2925 1301 ὓδατος
2954 1238 3178 1309 χλιαροῦ
3208 1239 3575 1309 ἀποροιρήσει,
3606 1236 3701 1290 τὸν
3727 1236 3925 1305 ἔμετον
3962 1238 4102 1289 dva-

2497 1329 2740 1382 σοόοὖσι.
2771 1328 2943 1383 Τοῦτο
2969 1332 3064 1382 καὶ
3097 1328 3194 1383 νῦν
3221 1346 3411 1399 φησιν,
3441 1328 3525 1381 ὅτι
3554 1328 3750 1381 Μέλλω
3777 1345 3838 1380 σε
3863 1328 3943 1391 ὡς
3973 1328 4100 1397 βδε-

2496 1421 2695 1476 λυκτὸν
2726 1423 2923 1493 βρῶμα
2954 1422 3182 1493 ἐμέσαι,
3211 1423 3486 1487 τουτέστι,
3516 1421 3606 1474 διὰ
3626 1420 3788 1489 λόγου
3821 1419 4098 1489 στόματός

2499 1533 2602 1587 μου
2650 1515 2963 1585 ἀπόϐλητον
3009 1518 3111 1585 τῆς
3156 1512 3299 1583 ἐμῆς
3333 1514 3667 1584 οἰκειότητος
3719 1512 4095 1580 καταστῆσαι.

2498 1608 2609 1660 Καὶ
2643 1607 2722 1669 τίς
2754 1609 2786 1675 ἡ
2826 1606 3017 1660 τούτου
3065 1606 3243 1670 αἰτίας
3301 1606 3424 1658 ’Ότι
3477 1606 3569 1659 ἐπὶ
3612 1603 3843 1657 πλούτου
3892 1604 4096 1673 ἀδηλία

2497 1700 2724 1762 ἐλπίσας
2745 1740 2759 1764 ,
2792 1701 2887 1753 καλ⁵
2916 1700 3008 1751 τὸν
3037 1700 3237 1771 σπόρον
3274 1699 3370 1752 τοῦ
3398 1698 3545 1751 θείου
3574 1698 3735 1766 λόγου
3779 1695 4093 1761 ἀποπνίξας

2496 1794 2616 1854 ταῖς
2648 1793 2947 1857 ἀκάνθαις,
2982 1791 3151 1844 οἱονεὶ
3181 1795 3292 1855 τοῖς
3324 1793 3654 1861 πειρασμοῖς
3686 1789 3780 1843 τοῦ
3817 1789 4093 1859 προσκαί-

2501 1903 2595 1954 ρου
2624 1886 2813 1939 τούτου
2845 1886 3078 1939 πλούτου
3110 1886 3205 1939 καὶ
3236 1885 3376 1954 βίου,
3417 1886 3513 1955 τὴν
3544 1884 3926 1953 πνευματικὴν
3959 1884 4093 1951 (19⁸)

2498 1979 2694 2032 ἑαυτοῦ
2728 1981 2823 2033 καὶ
2852 1978 3269 2045 διαιωνίζουσαν
3301 1980 3577 2049 ἠγνόησας
3610 1979 3909 2049 πτωχείαν.

2570 2094 2697 2146 ’Ὅτι
2739 2093 3035 2158 πλούσιός
3081 2093 3198 2162 ειμι
3242 2092 3339 2145 καί
3386 2090 3801 2157 πεπλούτηκα.
3848 2088 4094 2143 Πλοῦτόν

2497 2207 2632 2260 φησι
2648 2190 2740 2242 τὸν
2757 2190 2945 2259 γήϊνον
2966 2186 3215 2251 πλοῦτον.
3252 2188 3493 2255 Ἀγνοεῖς
3513 2186 3594 2239 ὃτι
3621 2184 3684 2238 σὺ
3702 2180 3753 2235 εἴ
3767 2185 3795 2236 ὁ
3810 2182 4093 2237 ταλαιπω-

2500 2281 2608 2352 ρῶν
2643 2283 2701 2332 ἐν
2732 2283 2846 2344 τοῖς
2877 2280 3296 2349 ἀπολλυμένοις.
3339 2277 3430 2331 Διὸ
3470 2280 3565 2330 καὶ
3594 2276 3777 2338 ἐλέους
3820 2274 3969 2339 ἄξιος
4017 2269 4086 2334 εἴ,

2495 2376 2570 2437 ὡς
2602 2373 2660 2438 ἐξ
2696 2373 2863 2444 ὕψους
2895 2374 3003 2426 τῶν
3038 2372 3253 2442 ἀρετῶν
3290 2369 3541 2425 ἐκπεσὼν
3561 2410 3576 2433 ,
3609 2367 3913 2438 σκοτοδινίᾳ
3956 2367 4090 2436 περὶ

2494 2469 2594 2539 τὴν
2633 2469 2864 2540 ἐκλογὴν
2896 2466 3006 2520 τῶν
3052 2468 3380 2537 κρειττόνων
3410 2463 3595 2526 ἁλοὺς,
3642 2464 3737 2517 καὶ
3772 2460 4086 2531 γυμνωθεὶς

2494 2562 2593 2630 τῆς
2622 2563 2758 2623 τείως
2785 2560 3246 2633 περιστελλούσης
3274 2560 3426 2623 θείας
3454 2557 3635 2628 δόξης.

2564 2744 3012 2813 Συμσουλεύσω
3026 2760 3127 2797 σοι
3156 2741 3450 2812 ἀγοράσαι
3480 2739 3741 2808 χρυσίον
3767 2735 3903 2805 παρ’
3932 2731 4085 2805 ἐμοῦ

2496 2836 2929 2905 πεπιῬωμένον
2988 2837 3058 2889 ἐκ
3114 2836 3325 2906 πυρὸς.
3384 2835 3485 2888 ἵνα
3539 2828 3921 2897 πλουτήσῃς,
3983 2825 4083 2879 και

2493 2929 2695 2998 ἱμάτια
2720 2929 2910 2983 λευκὰ
2939 2930 3041 2982 ἵνα
3065 2927 3417 2996 περιστέλλῃ,
3450 2926 3548 2979 καί
3578 2923 3666 2994 μὴ
3695 2916 4013 2992 φανερωθῇ
4044 2918 4082 2985 ἡ

2494 3023 2759 3091 αἰσχύνη
2811 3020 2922 3091 τῆς
2973 3023 3346 3092 γυμνότητός
3376 3035 3530 3085 σου,
3562 3017 3663 3073 καί
3721 3015 4078 3081 κολλύριον,

2496 3116 2597 3168 ἵνα
2625 3115 2882 3182 ἐγχρίσῃ
2918 3114 3060 3179 τοὺς
3104 3114 3454 3183 ὀφθαλμούς
3496 3127 3615 3165 σου
3636 3153 3649 3175 ,
3677 3111 3781 3162 Ira
3816 3106 4076 3173 βλέπῃς·

797 3198 1007 3265 εἰρὶιτε.
1052 3197 1184 3251 Ecce
1214 3209 1295 3252 sto
1318 3199 1389 3253 ad
1427 3202 1621 3253 ostium
1645 3211 1693 3255 et
1726 3202 1897 3269 pulso.
1927 3201 1985 3258 Si
2012 3206 2128 3273 quis
2157 3205 2388 3260 audierit
2415 3220 2458 3278 ο
2495 3207 2601 3262 Καὶ
2642 3207 2831 3270 ὅσους
2860 3206 2972 3261 ἐὰν
3002 3207 3179 3277 φιλῶ,
3226 3208 3285 3261 ὲλ

2495 3207 2601 3262 Καὶ
2642 3207 2831 3270 ὅσους
2860 3206 2972 3261 ἐὰν
3002 3207 3179 3277 φιλῶ,
3226 3206 3458 3276 ἐλέγχω
3500 3204 3597 3258 καί
3629 3201 3910 3256 παιδεύω.
3963 3196 4078 3264 Ζή-

797 3302 1249 3355 uarcmmram,et
1273 3294 1543 3359 aperuerit
1564 3292 1816 3356 januam,
1852 3295 2063 3350 intrabo
2105 3297 2175 3349 ad
2210 3298 2383 3366 ipsum
2483 3302 2627 3354 ,ιε-νε
2653 3296 2769 3355 οὖν
2806 3300 2903 3355 καί
2931 3302 3285 3370 μιιτανόησο⁴

2489 3302 2627 3354 ,ιε-νε
2653 3296 2769 3355 οὖν
2806 3300 2903 3355 καί
2931 3302 3339 3370 μετανόησον.
3383 3298 3543 3354 Ἰδοὺ
3582 3298 3812 3362 ἕστηκα
3840 3294 3939 3347 ἐπὶ
3968 3290 4079 3358 τὴν

794 3392 845 3436 ct
886 3383 1098 3436 rmnabo
1130 3401 1246 3436 runt
1274 3399 1334 3438 eo
1365 3394 1413 3437 et
1454 3385 1565 3453 ipse
1593 3401 1815 3439 meum.
1875 3388 1981 3451 Qui
2016 3389 2197 3443 vicerit
2245 3390 2385 3443 dabo
2486 3395 2678 3461 θύραν
2718 3392 2818 3447 καί
2852 3395 3067 3462 κρούω.
3130 3394 3275 3448 Ἐἁν

2489 3395 2678 3461 θύραν
2718 3392 2818 3447 καί
2852 3395 3067 3462 κρούω.
3130 3394 3275 3448 Ἐἁν
3313 3410 3403 3456 τις
3436 3392 3675 3458 ἀκούσῃ
3716 3386 3827 3456 τῆς
3873 3382 4077 3455 φωνῆς

794 3476 844 3530 ei
880 3489 933 3530 ut
962 3478 1139 3531 sedeat
1187 3494 1388 3531 mecum
1420 3478 1473 3531 in
1508 3478 1698 3532 throno
1740 3496 1872 3542 meo,
1902 3482 2039 3534 sicut
2058 3496 2108 3535 et
2135 3499 2229 3551 ego
2258 3483 2383 3549 rici,

794 3576 847 3620 et
877 3567 990 3619 sedi
1023 3584 1138 3619 rum
1176 3566 1339 3621 Patre
1370 3585 1482 3621 meo
1514 3570 1570 3622 in
1628 3570 1817 3622 throno
1853 3572 2038 3639 ipsius.
2094 3572 2201 3638 Qui
2235 3574 2388 3628 habet

796 3674 980 3721 aurem
1012 3660 1197 3711 audin!
1228 3660 1352 3729 quid
1385 3658 1620 3728 Spiritus
1652 3662 1793 3714 dicat
1824 3660 2102 3719 Ecclesiis.
2141 3651 2146 3655 ’

2480 3504 2601 3555 μου
2622 3526 2636 3549 .
2670 3487 2771 3541 καί
2799 3488 3020 3555 ἀνοίξῃ
3067 3486 3184 3553 τὴν
3220 3487 3440 3554 θύραν,
3472 3482 3897 3550 είσελεύσομαι
3929 3476 4075 3545 πρὸς

2487 3580 2695 3645 αὑτὸν,
2729 3581 2827 3633 καί
2862 3580 3173 3646 δειπνήσω
3198 3580 3326 3649 μετ’
3354 3578 3543 3633 αὐτοῦ
3563 3618 3576 3639 ,
3612 3576 3708 3629 καὶ
3741 3573 3930 3638 αὐτὸς
3951 3569 4075 3640 μετ’

2490 3671 2638 3740 ἐμοῦ
2666 3673 2737 3727 ἐν
2779 3670 2861 3739 τῷ
2893 3675 3085 3740 θρόνῳ
3115 3690 3234 3743 μου
3257 3712 3273 3736 .
3328 3673 3409 3739 ὠς
3452 3670 3614 3741 κάγὼ
3658 3669 3949 3734 ἐνίκησα,
3982 3663 4071 3717 καί

795 3747 1052 3802 ἐκάθισα
1091 3753 1240 3817 μετὰ
1270 3747 1378 3804 τοῦ
1408 3753 1643 3820 Πατρός
1666 3769 1787 3820 μου
1838 3753 1909 3807 ἐν
1954 3751 2035 3819 τῷ
2106 3755 2300 3824 θρόνῳ
2339 3760 2548 3817 αὐτοῦ.
2600 3763 2662 3817 '0
2688 3764 2849 3834 ἔχων
2887 3760 3022 3832 οὖς,
3062 3764 3382 3820 ἀκουσάτω
3410 3764 3468 3818 τί
3504 3762 3573 3818 τὸ
3636 3760 3882 3829 Πνεῦμα
3918 3756 4074 3827 λέγει

796 3848 925 3911 ταῖς
964 3846 1375 3914 Ἐκκλησίαις.

871 3938 927 3993 Si
961 3940 1067 4004 vis,
1099 3940 1296 4011 inquit,
1322 3943 1564 4011 locuples
1621 3941 1759 4006 fleri,
1800 3958 1959 3997 veras
1984 3943 2081 3999 tibi
2122 3960 2381 4017 compara

793 4029 1015 4088 divitias
1046 4046 1075 4084 a
1107 4047 1194 4086 me
1237 4032 1329 4102 qui
1373 4048 1595 4102 possunt
1630 4036 1985 4092 manentibus
2027 4037 2242 4094 divitiis
2301 4040 2384 4094 lo-

793 4126 1096 4194 cupletare.
1136 4123 1405 4193 Compara
1436 4135 1620 4180 autem
1648 4127 1861 4181 ardenti
1890 4129 2172 4185 desiderio
2194 4144 2381 4188 saneta

792 4215 891 4270 Dei
942 4216 1165 4272 oracula
1218 4218 1643 4287 septempliciter
1681 4218 1805 4287 igne
1834 4220 2083 4290 probata.
2115 4221 2379 4288 Quaenam

790 4320 975 4365 autem
1015 4318 1145 4367 sunt
1180 4309 1311 4365 illa?
1338 4310 1667 4367 Doctrinalis
1706 4327 1771 4366 ac
1811 4314 2032 4369 divinus
2060 4331 2245 4371 sermo
2287 4318 2380 4388 qui

791 4420 903 4460 non
932 4404 1137 4460 frustra
1168 4420 1343 4475 neque
1366 4405 1603 4459 inaniter
1626 4408 1874 4475 procedit
1911 4408 1977 4461 ad
2008 4423 2104 4463 eos
2135 4409 2231 4479 qui
2282 4411 2383 4465 do-

790 4506 1011 4563 centur,
1039 4498 1132 4552 sed
1162 4512 1229 4551 ex
1282 4512 1348 4551 eo
1380 4497 1524 4567 quod
1564 4509 1724 4552 antea
1765 4500 1810 4553 is
1841 4500 1933 4568 qui
1974 4501 2133 4555 docet
2161 4503 2376 4557 ardenti

790 4590 979 4645 studio
1013 4591 1221 4644 ditatus
1273 4591 1369 4644 sit.
1434 4590 1870 4645 Demonstratam
1924 4608 2161 4663 namque
2219 4594 2379 4649 [idem

789 4684 1082 4738 annuntiat
1133 4682 1361 4753 justus:
1398 4692 1453 4737 et
1507 4682 1682 4738 bonus
1731 4685 2036 4752 negotiator
2094 4686 2161 4740 de
2234 4686 2383 4742 bono

792 4774 1059 4831 thesauro
1080 4775 1264 4830 cordis
1292 4773 1499 4845 profert
1528 4787 1709 4830 vaera
1734 4785 1785 4830 et
1821 4792 1960 4830 nova
1991 4777 2013 4807 '
2040 4792 2071 4832 a
2107 4779 2386 4834 veteribus

791 4869 1014 4938 quidem
1045 4868 1179 4923 viris
1202 4870 1411 4938 majora
1442 4868 1623 4924 ferens
1679 4870 1928 4939 exempla
1955 4870 2226 4925 bonorum
2256 4887 2386 4939 ope-

790 4978 937 5027 rum,
970 4977 1000 5014 a
1033 4961 1433 5017 recentioribus
1460 4971 1640 5017 autem
1695 4971 1750 5018 et
1778 4963 1873 5031 qui
1906 4962 2137 5018 ferventi
2179 4964 2378 5019 ardore

789 5055 1137 5120 laborarunt,
1178 5055 1395 5125 egregia
1430 5054 1693 5110 facinora.
1739 5052 1846 5109 Sed
1875 5057 2140 5125 quoniam
2175 5056 2376 5112 talibus

788 5148 1063 5202 ditescere
1097 5162 1205 5201 non
1246 5148 1518 5215 contingit
1550 5148 1715 5203 alicui
1758 5149 1970 5218 absque
1998 5148 2188 5205 divino
2215 5150 2374 5204 auxi-

790 5240 887 5303 lio,
918 5240 1041 5295 ideo
1093 5238 1228 5294 dicit
1266 5240 1311 5294 is
1353 5239 1449 5309 qui
1517 5241 1681 5297 tradit
1728 5240 1975 5306 oracula,
2014 5258 2045 5294 a
2084 5258 2185 5295 me.
2230 5240 2376 5297 Divi-

788 5332 881 5387 tia'.
940 5347 1069 5387 vero
1108 5338 1237 5387 sunt
1284 5333 1737 5387 vestimentorum
1779 5334 2035 5397 amictus,
2078 5336 2169 5403 qui
2204 5333 2377 5404 posSit

786 5425 1134 5483 indecentem
1162 5426 1426 5479 virtutum
1454 5425 1755 5479 nuditatem
1790 5433 1992 5495 tegere,
2021 5433 2077 5481 et
2106 5441 2214 5480 non
2252 5428 2373 5481 vul-

786 5521 903 5592 gari
945 5519 1113 5574 modo
1139 5519 1387 5582 amicire,
1416 5518 1510 5573 sed
1544 5534 1667 5571 cum
1702 5518 1944 5589 pompali
1974 5519 2149 5589 gloria
2177 5520 2372 5575 trium-

857 5701 896 5727 τ.
928 5694 946 5746 ι
981 5696 1122 5751 τίη..
1155 5712 1229 5761 ut,
1266 5695 1353 5749 17,
1416 5694 1439 5725 ⁸
1476 5693 1812 5763 Matthatu,
1846 5695 1913 5750 52

858 5858 969 5929 (l9)
994 5852 1267 5926 πατρικὴν
1297 5853 1439 5925 vulg.

2570 3950 2630 4002 Ei
2666 3948 2968 4018 πλουτῆσαι
2997 3986 3012 4006 .
3056 3948 3211 4017 φησι,
3267 3945 3485 4016 βούλει,
3518 3945 3609 3998 τὸν
3650 3945 3818 4010 ὅντως
3851 3947 4074 4002 πλοῦτον

2494 4043 2694 4113 κτῆσαι
2720 4040 2852 4111 παρ’
2877 4038 3013 4109 ἐμοῦ
3037 4038 3130 4092 τοῦ
3161 4037 3469 4103 πλουτίζειν
3498 4037 3697 4100 εἰδότος
3721 4036 3792 4091 τὰ
3821 4038 4069 4107 μένοντα.

2492 4135 2689 4205 κτήσῃ
2737 4133 2794 4186 δὲ
2837 4131 3087 4203 διαπύρῳ
3131 4130 3390 4201 προθέσει
3438 4129 3509 4183 τὰ
3553 4128 3709 4196 λόγια
3760 4129 3968 4201 Κυρίου
4008 4133 4071 4183 τὰ

2492 4226 2653 4292 ἀγνά,
2682 4224 2751 4277 τὰ
2778 4223 3153 4295 πεπυρωμένα
3181 4220 3587 4285 ἑπταπλασίως.
3622 4221 3756 4275 Τίνα
3785 4222 3838 4275 δὲ
3869 4223 4068 4289 ταῦτας

2501 4315 2561 4367 '0
2594 4313 2977 4377 διδασκαλικὸς
3015 4316 3109 4367 καὶ
3145 4313 3285 4377 θεῖος
3329 4314 3507 4382 λόγος,
3543 4313 3601 4375 ὃς
3632 4314 3693 4364 οὐ
3742 4312 3923 4382 μάτην
3956 4313 4069 4365 οὐδὲ

2489 4406 2752 4468 διακένως
2795 4406 3041 4477 πρόεισιν
3078 4405 3159 4468 είς
3204 4406 3331 4468 τοὺς
3379 4404 3819 4473 διδασκομένους,
3855 4403 3973 4458 ἀλλ’
4010 4406 4069 4457 ὲκ

2413 4480 2457 4535 D
2484 4498 2580 4552 τοῦ
2615 4498 2883 4569 πρότερον
2908 4496 3158 4567 διαπύρῳ
3192 4495 3397 4567 σπουδῇ
3433 4496 3527 4549 τὸν
3554 4494 3880 4549 διδάσκοντα
3910 4496 4066 4549 εὐπο-

2489 4596 2694 4664 ρῆσαιο
2736 4590 3194 4660 ἐπιδεικνυμένην
3246 4588 3358 4661 γὰρ
3400 4588 3587 4641 πίστιν
3638 4588 3950 4655 ἀπαγγελεῖ
3994 4588 4067 4641 δίο

2486 4701 2661 4747 καιος.
2696 4684 2806 4737 Καὶ
2838 4684 2867 4735 ὁ
2898 4682 3102 4750 ἀγαθὸς
3130 4682 3371 4752 ἔμπορος
3404 4681 3470 4732 ἔκ
3505 4679 3600 4733 τοῦ
3630 4679 3841 4747 ἀγαθοῦ
3874 4679 4066 4750 θησαυο

2485 4775 2583 4849 ροῦ
2613 4776 2711 4844 τῆς
2739 4774 2968 4846 καρδίας
2992 4773 3218 4844 ἐκφέρει
3245 4771 3455 4827 παλαιά
3488 4773 3584 4825 καὶ
3612 4771 3729 4838 νέα,
3754 4773 3817 4824 ἐκ
3850 4771 3950 4841 μὲν
3968 4772 4068 4825 τῶν

2485 4870 2737 4925 παλαιῶν
2789 4869 3001 4938 ἀνδρῶν
3052 4868 3161 4921 τῶν
3212 4866 3659 4938 κατορθωμάτων
3715 4863 3961 4934 κομίξων
4006 4865 4067 4917 τὰ

2491 4962 2713 5033 μείζονα
2757 4960 3135 5030 ὑποδείγματα
3157 5000 3173 5024 ,
3206 4961 3271 5013 ἐκ
3296 4958 3352 5013 δὲ
3385 4959 3497 5013 τῶν
3524 4957 3661 5012 νέων
3696 4958 3790 5011 καὶ
3827 4957 3940 5010 τῶν
3972 4957 4065 5011 αὐ-

2485 5054 2565 5125 τῷ
2605 5054 2999 5125 πεπονημένων
3027 5052 3278 5123 διαπύρῳ
3316 5052 3485 5117 ζέσει,
3533 5050 3603 5103 τὰ
3648 5049 4061 5119 κατορθώματα.

2498 5148 2640 5201 Ἀλλ’
2691 5147 2878 5219 ἐπειδὴ
2931 5146 3002 5199 τὰ
3058 5146 3285 5200 τοιαῦτα
3338 5146 3588 5198 πλουτεῖν
3644 5145 3745 5196 οὐκ
3794 5143 3926 5197 ἄνευ
3974 5144 4064 5213 τῆς

2486 5240 2694 5295 ἄνωθέν
2742 5258 2849 5293 τινι
2883 5240 3221 5310 περιγίνεται
3272 5239 3474 5310 ῥοπῆς,
3516 5236 3606 5289 δια
3636 5235 3799 5320 τοῦτό
3818 5245 3996 5306 ’φησιν
4038 5238 4063 5288 ό

2486 5333 2878 5405 χρηματίζων,
2927 5333 3260 5403 παρ’ἐμοῦ.
3327 5332 3385 5386 Ὀ
3431 5330 3663 5394 πλοῦτος
3712 5331 3795 5393 δὲ,
3841 5332 4061 5401 ἱματίω-ι

2487 5427 2752 5499 περιϐολὴ
2806 5426 3180 5499 περιστέλλειν
3228 5426 3426 5497 ἔχουσα
3474 5426 3575 5497 τὴν
3628 5427 3919 5496 ἀσχήμονα
3962 5426 4059 5478 τῶν

2485 5518 2697 5590 ἀρετῶν
2746 5517 3027 5589 γύμνωσιν
3050 5559 3064 5584 ,
3107 5517 3200 5573 καὶ
3233 5519 3331 5589 οὐχ
3367 5517 3553 5581 ἁπλῶς
3601 5518 4053 5589 περιστέλλουσα.
