4256 6440
229 412 336 475 565
1292 407 1677 469 COMMENT.
1715 408 1799 468 IN
1839 405 2368 468 APOCALYPSIN.
3393 394 3496 456 566

229 525 372 580 ἀλλὰ
399 525 537 596 μετὰ
564 525 720 595 δόξης
750 520 1034 594 πομῆἱκῆς
1067 523 1156 575 τὸν
1186 524 1279 574 ἐπὶ
1307 526 1372 593 τῇ
1405 523 1532 593 νίκῃ
1578 525 1644 594 τῇ
1677 524 1819 577 κατά
1846 532 1888 586 Α

1814 544 1819 577 ι
1846 532 1888 586 Α
1921 523 2091 592 phum
2131 520 2388 584 eﬂiciens,
2418 517 2489 572 ob
2524 514 2814 572 victoriam
2835 512 2903 569 de
2933 510 3267 568 adversariis
3288 509 3495 563 daemo-

230 618 344 671 τῶν
373 617 684 670 ἀντιπάλων
713 617 984 685 δαιμόνων
1015 615 1283 686 θρίαμϐον
1317 617 1640 680 ὲξανύουσα.

785 617 984 685 ιμόνων
1015 615 1283 686 θρίαμϐον
1317 617 1640 680 ὲξανύουσα.
1924 614 2085 667 nibus
2109 621 2462 680 reportatam.

307 709 414 763 Kal
445 711 791 777 κολλύριον.
844 706 985 778 Πρὸς
1035 707 1102 761 τὰ
1131 707 1556 779 ἀμϐλυώττοντα
1595 708 1725 778 περὶ
1762 709 1823 760 τὸ

1820 735 1823 754 ι
1998 705 2064 759 Et
2113 704 2417 774 collyrium.
2469 705 2803 772 Praeceptum
2845 707 2931 754 est
2965 697 3014 752 ei
3061 694 3155 764 qui
3190 691 3408 746 ezecutit
3435 687 3501 743 ad

234 799 332 851 τοῦ
367 799 572 867 Κυρίου
607 798 795 868 νοητὸν
828 798 942 867 φῶς
961 797 1089 861 τοὺς
1122 797 1492 868 καταλλήλους
1512 797 1824 868 ὀφθαλμοὺς

1927 798 2210 868 spirituale
2248 794 2460 849 Domini
2521 795 2684 866 687
2747 794 2955 854 lumen,
2990 798 3050 843 ut
3099 795 3256 855 aptos
3313 782 3506 837 oculos

240 892 565 960 περιχρίσαι
615 889 678 940 τὸ
729 890 1085 959 πρόσταγμα.
1143 889 1298 941 Ἔστι
1336 887 1394 942 δὲ
1447 886 1606 940 τοῦτο
1657 888 1692 953 ἡ
1738 887 1827 940 διά

1930 891 2390 960 circuminnngat.
2427 887 2528 942 Per
2559 888 2661 940 hoc
2683 895 2862 941 autem
2892 882 3154 940 suadetur
3186 890 3508 949 progressus

240 983 535 1051 μετανοίας
561 982 784 1053 πρόοδος
823 981 1323 1052 συμϐουλευομένη.
1357 982 1426 1033 Ἦ
1455 981 1518 1033 τὺ
1547 979 1829 1049 κολλύριον

1930 986 1996 1039 ad
2057 984 2456 1053 pomitentiam.
2490 982 2602 1034 Aut
2655 979 2937 1049 collyrium
2989 977 3333 1029 demonstrat
3392 969 3511 1022 ino-

240 1073 342 1140 τὴν
377 1072 761 1141 ἀκτημοσύνην
794 1071 1144 1139 παρίστησιν.
1177 1070 1240 1122 El
1271 1069 1377 1141 γάρ
1398 1071 1467 1122 τὰ
1496 1069 1645 1140 δῶρα
1677 1070 1831 1121 ὲκτυ-

242 1167 371 1233 φλοί
401 1167 715 1236 ὀφθαλμοὺς
751 1166 1081 1233 βλεπόντων,
1119 1165 1340 1228 τούτους
1378 1166 1592 1228 πάντως
1633 1163 1834 1228 ἀνοίξει

241 1259 306 1311 τὸ
337 1258 763 1328 ἀδωροδόκητον.

318 1351 429 1404 Καί
466 1351 652 1416 ὅσους
684 1351 793 1404 ἐὰν
823 1351 998 1420 φιλῶ,
1029 1351 1256 1422 ἐλέγχω
1287 1350 1384 1402 καί
1414 1349 1692 1403 παιδεύω.
1729 1349 1836 1401 Καὶ

247 1445 498 1508 είκότως.
551 1443 608 1496 Ὀ
636 1445 744 1514 γάρ
782 1446 1048 1511 ἀγαπῶν,
1086 1444 1360 1513 ἐπιμελῶς
1391 1442 1657 1506 παιδεύει,
1686 1441 1714 1494 ὃ
1745 1441 1838 1495 καὶ

247 1537 350 1605 τῆς
396 1536 847 1606 ὑπερϐαλλούσης
909 1538 1276 1608 χρηστότητος
1316 1535 1410 1588 τοῦ
1457 1535 1664 1605 Κυρίου
1712 1538 1840 1604 περὶ

249 1628 378 1688 τοὺς
401 1627 646 1690 ἀπειθεῖς
669 1633 988 1698 τεκμήριον.
1019 1628 1258 1682 Πλούτου
1280 1629 1334 1680 δὲ
1359 1627 1562 1695 ταύτης
1587 1626 1841 1696 ἐνέχυρον

252 1723 288 1788 η
333 1719 524 1789 ἀγάπη
567 1721 661 1772 τοῦ
698 1722 978 1790 μετιόντος
1013 1723 1138 1784 τοὺς
1178 1722 1449 1790 τιμωρίας
1487 1718 1688 1784 ἀξίους.
1735 1717 1844 1768 Καὶ

253 1813 338 1874 τίς
371 1813 404 1882 ἡ
449 1813 700 1876 παιδεία;
733 1814 940 1882 Ζηλοῦν
984 1814 1051 1866 τά
1084 1815 1372 1884 κρείττονα
1414 1810 1525 1863 τῶν
1557 1809 1844 1879 ἐπιτηδευ-

1932 1079 2099 1147 piam.
2128 1077 2183 1128 Si
2231 1075 2378 1129 enim
2427 1076 2570 1127 dona
2627 1079 2904 1124 ext-meant
2947 1067 3137 1122 oculos
3187 1060 3512 1124 videntium,

1936 1174 2035 1227 hos
2073 1171 2261 1239 utique
2293 1168 2501 1238 aperiet
2519 1168 2791 1221 donorum
2827 1162 3095 1218 carentia.

2011 1373 2121 1445 Ego
2140 1389 2474 1445 quoscunque
2504 1388 2644 1433 omo,
2676 1385 2842 1440 arguo
2864 1376 2915 1422 et
2938 1365 3149 1420 erndio.
3187 1363 3254 1418 Et
3298 1357 3516 1413 merito.

1941 1467 2076 1522 Nam
2109 1468 2200 1535 qui
2235 1476 2402 1531 amat,
2438 1465 2682 1519 studiose
2705 1461 2890 1516 erudit
2925 1476 2938 1513 :
2989 1455 3132 1528 quod
3162 1452 3326 1507 etiam
3359 1463 3522 1516 argu-

1944 1569 2186 1613 mentum
2213 1567 2296 1612 est
2322 1558 2606 1610 immensa:
2649 1551 3001 1621 benignitatis
3021 1545 3234 1603 Domini
3258 1557 3385 1611 erga
3420 1541 3522 1594 im-

1948 1652 2269 1718 morigcros.
2315 1651 2519 1702 Harum
2573 1654 2754 1699 autem
2815 1641 3132 1696 divitiarum
3185 1634 3385 1691 arrabo
3444 1639 3526 1685 est

1947 1743 2165 1796 dilectio
2196 1757 2304 1809 qua
2354 1740 2480 1794 illos
2508 1737 2856 1807 prosequitur
2883 1733 2974 1800 qui
3010 1729 3160 1800 digni
3212 1734 3343 1783 sunt
3395 1738 3526 1792 sup-

1951 1834 2134 1902 plicio.
2166 1831 2232 1886 Et
2257 1848 2379 1902 quat
2407 1841 2491 1884 est
2528 1831 2614 1884 illa
2647 1826 2928 1884 eruditio?
2961 1824 3030 1880 Ut
3056 1819 3383 1876 aemulentur
3433 1828 3532 1883 po-

261 1905 471 1972 μάτων,
494 1908 588 1959 καὶ
620 1909 881 1977 μετανοίᾳ
906 1907 1002 1959 καὶ
1030 1905 1371 1975 μεταγνώσει
1399 1902 1510 1956 τῶν
1538 1898 1848 1973 ἔμπροσθεν
1883 1894 1922 1947 Β

1847 1922 1848 1935 “
1883 1894 1922 1947 Β
1952 1930 2092 1984 liora
2123 1894 2302 1984 Studia
2326 1935 2379 1980 et
2413 1940 2509 1995 per
2541 1920 2924 1992 paenitentiam
2955 1931 3022 1972 ac
3070 1908 3528 1982 resipiscentiam,

256 1997 424 2048 οίονεί
473 1998 759 2067 μεταθέσει
801 1999 1220 2068 ἁμαρτημάτων
1252 1996 1346 2048 τὸν
1388 1994 1551 2065 ζῆλον
1581 1994 1702 2062 ἦτοι
1746 1991 1846 2059 τὴν

263 2089 493 2158 μίμησιν
537 2089 1092 2160 ὲπαναλαμϐάνεσθαι
1128 2091 1254 2153 τοὺς
1304 2089 1441 2159 πρὸς
1490 2086 1746 2140 παιδείαν
1787 2086 1847 2151 ἐξ

257 2182 504 2248 ἀμαθίας
533 2183 956 2244 ἀποκλίναντας.
1014 2182 1124 2234 Καὶ
1153 2181 1236 2242 τίς
1279 2184 1311 2251 ὴ
1347 2182 1411 2232 ὲκ
1439 2177 1848 2248 φιλανθρωπίας

260 2273 568 2339 ἀντίδοσις;
608 2275 672 2327 Ἡ
716 2275 808 2327 ἐπὶ
842 2274 942 2343 τὴν
987 2273 1159 2344 θύραν
1184 2272 1646 2342 ἀπραγμάτευτος
1677 2285 1846 2340 προσ-

260 2366 467 2435 εδρῖία.
519 2367 701 2436 Θύραν
764 2366 820 2419 δὲ
866 2365 1067 2436 ἐφεξῆς
1117 2365 1218 2435 τὴν
1265 2364 1492 2434 καρδίαν
1541 2363 1692 2429 λέγει
1737 2362 1847 2415 τῶν

265 2458 406 2528 πρὸς
454 2458 744 2526 μετάνοιαν
786 2457 1309 2529 προσκαλουμένων.
1356 2450 1451 2518 Οἷς
1494 2454 1737 2518 ἀνοίξασι
1775 2452 1854 2520 τῷ

269 2551 554 2621 σωτηρίως
615 2552 784 2623 αὐτὴν
839 2551 1116 2620 κρούοντι,
1174 2551 1270 2605 καὶ.
1319 2550 1388 2604 τά
1440 2550 1704 2619 ἑπόμενα,
1758 2545 1852 2600 τοῦ

266 2646 450 2714 πράου
483 2645 576 2698 καὶ
601 2645 807 2714 ἀγαθοῦ
841 2646 1160 2714 δαιτυμόνος
1193 2644 1403 2712 εἰσόδῳ,
1436 2639 1853 2710 ἐπιδαψιλευθη-

271 2751 449 2786 σεται.

355 2824 512 2878 Ἰδοὺ
569 2825 797 2892 ἕστηκα
878 2824 976 2878 ἐπὶ
1041 2824 1158 2891 τὴν
1227 2825 1416 2890 θύραν
1482 2821 1579 2875 καὶ
1642 2821 1856 2888 κρούω.

287 2916 594 2981 ’Δδίαστος,
629 2919 814 2987 φησὶν,
870 2920 904 2985 ἡ
939 2917 1045 2988 ὲμὴ
1089 2917 1384 2986 παρουσία.
1419 2915 1529 2984 Τὴν
1558 2912 1730 2983 θύραν
1759 2917 1854 2981 τῆς

272 3006 504 3075 καρδίας
548 3006 750 3077 κρούω,
785 3008 879 3058 καὶ
912 3010 1024 3070 τοῖς
1059 3006 1368 3073 ἀνοίγουσιν
1408 3007 1501 3059 ἐπὶ
1549 3007 1615 3073 τῇ
1651 3002 1860 3056 ἑαυτῶν

275 3097 525 3168 σωτηρίᾳ
563 3100 1044 3168 συνευφραίνομαι.
1084 3099 1309 3168 Τρυφήν
1342 3100 1450 3165 γάρ
1509 3096 1602 3148 καὶ
1647 3095 1860 3147 δεῖπνον

275 3191 379 3258 τὴν
411 3191 685 3259 σωτηρίαν
711 3190 822 3244 τῶν
854 3189 1160 3260 ἀνθρώπων
1203 3191 1421 3259 ἥγημαι
1452 3191 1540 3255 ἐφ’
1582 3184 1663 3249 οἷς
1706 3186 1861 3239 αὐτοὶ

277 3281 592 3348 τρέφονται,
626 3281 718 3333 καὶ
745 3281 836 3333 τὸν
866 3280 1024 3348 λιμὸν
1053 3279 1146 3333 τοῦ
1178 3278 1409 3332 ἀκοῦσαι
1439 3278 1598 3346 λόγον
1632 3277 1860 3347 Κυρίου,

281 3374 381 3427 καὶ
413 3373 505 3426 τὸν
541 3373 730 3426 σκότον
759 3373 856 3439 τῆς
891 3373 1096 3441 πλάνης
1128 3373 1552 3440 ἀποφεύγουσιν.

389 3466 453 3518 '0
475 3464 678 3528 νικῶν,
704 3465 877 3518 δώσω
901 3462 1082 3529 αὐτῷ.
1113 3464 1338 3534 Εἴρηται
1364 3464 1468 3534 ήδη
1492 3465 1574 3517 δτι
1602 3465 1635 3532 ἡ
1682 3461 1862 3530 Ἐλλη-

284 3559 410 3629 νική
437 3559 673 3623 παιδεία,
691 3560 790 3629 τὴν
807 3558 1061 3627 τοιαύτην
1083 3557 1336 3622 σύνταξιν
1358 3556 1453 3610 τοῦ
1477 3557 1638 3624 λόγου
1658 3555 1753 3608 καὶ
1779 3555 1870 3608 τὸν

285 3650 528 3702 τοιοῦτον
556 3649 747 3720 εἱρμὸν
785 3648 885 3718 τῆς
919 3648 1168 3718 φράσεως
1210 3649 1558 3718 σολοικισμὸν
1602 3647 1778 3712 καλεῖ,
1806 3638 1870 3700 οὗ

288 3744 378 3793 ἐπ’
407 3741 628 3795 ἔλαττον
654 3744 719 3813 τῇ
753 3743 1052 3813 Ἐκκλησία
1080 3741 1322 3812 φροντίς.

908 3877 1157 3930 ΚΕΦΛΛ.
1193 3872 1248 3929 ι’.

292 4015 437 4083 Περὶ
479 4013 591 4081 τῆς
631 4013 944 4080 ὁραθείσης
977 4010 1138 4083 αὐτῷ
1177 4012 1359 4083 θύρας
1400 4006 1872 4083 ἐντῷ-οὐρανῷ,

367 4079 466 4138 καί
496 4079 604 4138 τοῦ
630 4079 878 4152 θρόνου,
904 4079 1005 4136 καὶ
1037 4081 1156 4136 τῶν
1188 4081 1274 4134 κδ’
1307 4079 1743 4150 πρεσϐυτέρων,
1779 4079 1876 4131 καὶ

365 4156 488 4209 τῶν
507 4153 654 4222 ὲεῆς
672 4153 1050 4221 δειχθέντων.

367 4291 529 4348 Μετὰ
557 4291 742 4345 ταῦτα
767 4287 949 4353 εἶδον,
984 4289 1080 4342 καί
1104 4287 1233 4343 ίδοὺ
1267 4289 1416 4356 οὐρα
1444 4285 1787 4356 ἀνεῳγμένη
1811 4285 1880 4336 ἐν

295 4385 380 4452 τῷ
397 4385 656 4454 οὐρανῷ,
691 4384 794 4437 καὶ
826 4385 864 4450 ἠ
898 4381 1068 4453 φωνὴ
1099 4383 1138 4450 ἠ
1173 4380 1371 4448 πρώτη
1402 4379 1481 4446 ἣν
1509 4378 1769 4446 ἤκουσα,
1802 4377 1882 4441 ώς

295 4479 638 4546 σάλπιγγος
655 4477 972 4541 ,λα-λούσης
993 4474 1121 4542 μετ’
1146 4473 1314 4542 ἐμοῦ,
1338 4472 1627 4540 ,λέγουσαο
1665 4471 1882 4525 Ἀνάϐα

1949 2035 2143 2086 nempe
2168 2019 2410 2089 priorum
2431 2017 2751 2071 delictorum
2790 2011 3176 2072 mutationem,
3211 2004 3388 2059 zelum
3417 2002 3534 2056 sive

1952 2111 2314 2165 imitationem
2347 2114 2634 2162 assumant
2661 2105 2714 2158 hi
2756 2105 2848 2174 qui
2883 2118 2951 2156 ex
2975 2099 3217 2155 ruditate
3250 2095 3333 2150 vel
3387 2094 3534 2148 insoo

1956 2204 2120 2258 lentia
2147 2202 2217 2256 ad
2247 2200 2590 2270 disciplinam
2618 2195 2983 2251 declinarunt.
3013 2190 3080 2246 Et
3104 2204 3227 2260 qua:
3249 2185 3536 2242 retributio

1957 2295 2344 2364 benignitatem
2399 2289 2807 2359 consequitur?
2855 2283 3162 2341 Assiduitas
3207 2279 3276 2336 ad
3334 2278 3535 2334 ostium

1957 2405 2063 2444 non
2096 2389 2347 2442 molesta.
2379 2385 2551 2440 Porro
2588 2382 2788 2438 ostium
2828 2380 2880 2433 in
2916 2373 3274 2447 sequentibus
3290 2370 3423 2425 dicit
3443 2383 3539 2423 cor

1955 2497 2146 2537 eorum
2187 2482 2278 2551 qui
2323 2489 2587 2534 vocantur
2615 2476 2683 2531 ad
2715 2470 3152 2542 resipiscentiam
3187 2485 3200 2520 :
3242 2464 3388 2535 quod
3446 2461 3539 2515 ubi

1959 2573 2272 2642 aperuerint
2302 2569 2791 2638 salubriteripsum
2817 2561 3082 2634 pulsanti,
3119 2568 3428 2625 eteteraque
3459 2551 3538 2605 fe-

1958 2664 2135 2717 cerint
2161 2675 2284 2730 qua:
2331 2665 2661 2727 sequuntur,
2685 2652 2958 2709 mansueti
3011 2649 3253 2716 bonique
3285 2643 3535 2701 conviva:

1961 2753 2209 2820 ingressu
2248 2748 2533 2816 magniﬁce
2558 2762 2622 2800 ac
2646 2743 2945 2799 liberaliter
2969 2739 3306 2794 reﬁcientur.

2039 2841 2171 2893 Ecce
2200 2851 2281 2893 uo
2307 2842 2375 2892 ad
2407 2840 2603 2892 ostium
2637 2845 2686 2890 et
2719 2835 2893 2906 pulso.
2941 2832 3298 2892 Violentiam,
3343 2825 3543 2895 inquit,

1966 2947 2074 2984 non
2111 2931 2272 2985 habet
2313 2944 2469 2982 meus
2521 2927 2836 2980 adventus:
2882 2922 3084 2977 ostium
3132 2916 3312 2972 cordis
3367 2914 3545 2983 pulso.

1964 3035 2018 3076 et
2043 3039 2147 3076 una
2187 3038 2313 3076 cum
2345 3021 2432 3076 his
2452 3020 2545 3090 qui
2575 3019 2849 3088 aperiunt,
2881 3029 3047 3085 super
3080 3014 3324 3082 ipsorum
3372 3007 3549 3062 salute

1968 3114 2134 3167 Ιωιυτ.
2172 3111 2401 3166 Delicias
2446 3112 2591 3166 enim
2627 3124 2690 3162 ac
2734 3122 2947 3162 comam
2988 3106 3132 3159 duco
3160 3101 3394 3156 salutem
3449 3100 3550 3150 ho-

1890 3233 1935 3291 c
1970 3208 2175 3260 minmn
2233 3218 2340 3274 qua
2402 3202 2505 3272 ipsi
2557 3208 2883 3271 pascuntur,
2923 3199 3235 3264 famemque
3293 3190 3551 3245 audiendi

1973 3299 2195 3352 verbum
2232 3297 2320 3350 Dei
2353 3313 2417 3351 ac
2450 3295 2705 3350 tenebras
2739 3292 2945 3348 erroris
2974 3289 3264 3360 cﬂugiunt.

2045 3477 2150 3542 Qui
2181 3477 2382 3539 vicerit,
2414 3475 2550 3528 dabo
2577 3475 2645 3527 ei.
2675 3471 2794 3527 Jam
2826 3471 3035 3526 dictum
3083 3474 3169 3522 cst
3198 3465 3344 3536 quod
3401 3463 3555 3517 Grae-

1973 3570 2162 3624 canica
2202 3567 2490 3636 disciplina
2525 3563 2845 3634 huiusmodi
2882 3559 3159 3616 sermonis
3204 3555 3556 3626 compositio-

1976 3677 2098 3716 nem
2129 3659 2404 3729 talemque
2434 3659 2653 3726 phrasis
2712 3653 2912 3708 seriem
2950 3650 3326 3706 solmcismtttn
3376 3652 3555 3704 vocet.

1975 3755 2042 3807 dc
2068 3769 2178 3822 quo
2209 3751 2435 3804 minima
2460 3759 2540 3803 est
2565 3746 2818 3803 Ecclesia:
2849 3759 3006 3799 cura.

2601 3879 2831 3936 CAPUT
2860 3878 2927 3934 Χ.

1980 4017 2054 4073 De
2071 4020 2179 4073 viso
2210 4018 2277 4072 ab
2307 4020 2418 4086 ipso
2449 4019 2584 4071 ostio
2610 4018 2662 4068 in
2697 4015 2848 4074 cazlo.
2867 4025 2912 4067 ct
2941 4013 3129 4066 throno
3143 4010 3404 4078 acviginti
3430 4026 3566 4079 qna-

2054 4099 2173 4141 tnor
2225 4090 2539 4150 senioribus,
2568 4098 2615 4140 et
2648 4088 2728 4140 his
2764 4101 2882 4154 qnto
2938 4094 3311 4152 consequenter
3351 4092 3564 4134 ostensa

2053 4170 2197 4213 sunt.

2057 4293 2144 4358 IV,
2179 4293 2302 4353 ιρι.
2335 4292 2461 4346 Post
2491 4292 2599 4347 [nec
2622 4291 2752 4356 ridi,
2784 4300 2833 4344 et
2866 4305 2981 4343 ecce
3012 4289 3208 4343 ostium
3233 4297 3473 4356 apertum
3513 4287 3567 4338 in

1985 4386 2135 4438 cmlo.
2165 4384 2230 4438 Et
2256 4387 2537 4453 roxprima
2553 4382 2896 4453 quorum
2916 4382 3097 4434 audiri
3149 4391 3403 4448 tanquam
3426 4378 3569 4432 tnbw

1986 4477 2244 4547 loquentia
2273 4491 2472 4529 mecum
2505 4476 2720 4527 dicens:
2753 4474 2989 4527 Arcende
3044 4475 3143 4525 huc
3187 4481 3237 4526 et
3288 4471 3565 4524 ostendam

296 4564 445 4631 ὦδε,
480 4570 578 4622 καὶ
626 4568 801 4631 δείξω
836 4582 933 4619 σοι
965 4565 1003 4618 ἆ
1030 4564 1121 4617 δεῖ
1165 4564 1440 4631 γενέσθαι
1477 4562 1628 4632 μετὰ
1674 4562 1880 4616 ταῦτα.
1920 4579 1961 4632 ι)

1920 4579 1961 4632 ι)
1987 4570 2081 4621 tibi
2135 4585 2252 4638 qua:
2282 4575 2501 4636 oportet
2525 4566 2640 4634 ﬁeri
2685 4575 2799 4633 post
2834 4571 2964 4618 lucc.
3005 4563 3305 4632 Statimque
3375 4561 3466 4630 frti»
3510 4562 3563 4612 in

300 4663 408 4716 Kal
438 4659 655 4726 εὐθέως
687 4659 980 4728 ἐγενόμην
1009 4657 1078 4709 ἐν
1109 4657 1422 4723 ιινεύματι.

377 4753 493 4806 υύκ
523 4752 712 4821 ἐπειδὴ
760 4751 1024 4819 αἰσθητὴν
1058 4749 1228 4818 θύραν
1269 4747 1515 4816 ἑώρακεν
1563 4747 1619 4797 ὲν
1671 4746 1884 4814 ούρανῳ

304 4841 663 4909 ἀνεῳγμένην
723 4840 862 4892 κατά
929 4839 1121 4909 καιρὸν
1184 4841 1278 4891 καὶ
1339 4838 1658 4906 κλειομένην
1713 4837 1885 4890 ταῦτα

304 4937 532 5002 ἔξεισιν,
589 4935 705 4988 ἀλλ’
739 4934 910 4994 οὕτως
957 4934 1126 5002 ὤφθη
1156 4933 1234 5000 τῷ
1279 4931 1659 5000 εὐαγγελιττῇν
1707 4930 1781 4992 ὡς
1822 4931 1887 4983 ἂν

302 5029 396 5081 διὶ
443 5027 612 5095 θύρας
666 5025 1020 5095 ἀνεῳγμένης
1069 5024 1136 5076 τά
1183 5023 1331 5076 ἔνδον
1387 5024 1697 5088 ἐπάναγκες
1750 5021 1886 5073 καθ-

303 5119 562 5189 ορᾶσθαι.
583 5120 691 5171 Καὶ
709 5118 911 5188 φωνην,
931 5120 1116 5185 φησὶν,
1141 5117 1368 5185 ηκουσα,
1397 5117 1516 5184 ἥτις
1548 5115 1621 5174 ώς
1653 5114 1889 5180 σάλπιγξ

305 5216 597 5282 ἡχήσασα,
659 5211 907 5273 Ἀνάϐα,
960 5209 1145 5279 φησὶν,
1196 5202 1349 5268 ὦδε,
1411 5209 1472 5260 οὐ
1532 5207 1678 5275 τόπῳ
1734 5206 1892 5259 τοῦτο

310 5305 600 5372 φάσκουσα
639 5303 701 5354 τὸ
744 5300 1020 5365 ἀνελθεῖν,
1073 5298 1209 5352 ἀλλὰ
1259 5299 1498 5352 διάνοιαν
1562 5297 1893 5367 μετεωρίσαι

307 5395 423 5449 ἀπὸ
483 5394 591 5446 τῶν
655 5393 992 5461 περιπεζίων
1053 5392 1146 5444 καὶ
1201 5389 1576 5460 ἀνθρωπίνων.
1642 5387 1780 5440 Ἀλλ’
1839 5391 1890 5441 οἱ

313 5489 554 5558 μάλιστα
583 5487 644 5540 τὸ
675 5486 998 5556 ἡγεμονικὸν
1043 5482 1374 5550 τυπούμενοι
1412 5483 1500 5533 διὰ
1544 5480 1893 5550 καθαρότητα

312 5579 427 5631 τῶν
449 5578 558 5630 ἀπὸ
579 5577 669 5630 τοῦ
694 5577 882 5630 ἐνύλου
916 5577 1029 5644 βίου
1061 5572 1310 5644 κηλίδων,
1347 5572 1453 5624 τῶν
1478 5571 1740 5634 ἀξιοθέων
1769 5569 1894 5622 τού-

317 5690 428 5725 των
462 5673 554 5723 καὶ
584 5671 692 5722 τῶν
724 5671 980 5723 τοιούτων
1013 5669 1339 5738 τυγχάνουσι
1375 5665 1681 5735 θεαμάτων.

391 5762 501 5816 Καὶ
543 5763 580 5830 ἡ
619 5764 787 5831 φωνὴ
834 5765 871 5829 ἡ
912 5763 1108 5830 πρώτη
1157 5761 1234 5829 ἣν
1282 5760 1539 5828 ἤκουσα.
1590 5758 1698 5809 Καὶ
1742 5755 1898 5809 τοῦτο

320 5856 473 5925 παρὰ
501 5855 597 5924 τὴν
619 5856 711 5909 τοῦ
737 5855 896 5924 λόγου
933 5855 1202 5922 σύνταξιν,
1232 5855 1323 5908 καὶ
1347 5852 1506 5917 διατί,
1535 5850 1746 5920 εἴρηται
1774 5848 1895 5919 ἤδη.

1989 4661 2215 4728 Spiritu.

2063 4751 2176 4805 Non
2201 4753 2343 4819 quod
2363 4751 2624 4805 sensibile
2645 4751 2848 4804 ostium
2887 4748 2940 4801 in
2983 4747 3124 4801 uelo
3174 4745 3374 4798 viderit.
3426 4753 3562 4797 tem»

1990 4861 2121 4916 pore
2179 4845 2416 4913 qundam
2448 4845 2696 4898 clausum
2741 4852 2796 4895 et
2836 4844 2943 4894 alto
2974 4849 3248 4909 apertum,
3284 4838 3399 4891 hmo
3453 4837 3567 4891 dis-

1992 4938 2146 4998 serit,
2181 4936 2274 4992 sed
2310 4938 2382 4990 ita
2413 4937 2667 5004 apparuit
2687 4935 3056 5004 evangelistte,
3094 4941 3152 4985 ut
3191 4947 3286 5000 per
3319 4940 3569 4999 apertum

1993 5031 2194 5084 Ostium
2239 5031 2499 5083 interiora
2560 5044 2784 5083 necesse
2828 5036 2975 5081 esset
3019 5025 3211 5078 videri.
3263 5024 3324 5076 Et
3358 5038 3574 5076 vocem.

1995 5124 2193 5192 inquit,
2243 5123 2421 5175 audiri
2451 5135 2572 5190 qua:
2606 5129 2865 5188 tanquam
2895 5118 3022 5172 tuba
3060 5117 3305 5170 insonuit
3332 5116 3520 5169 dicens
3558 5132 3571 5164 .-

1996 5217 2230 5270 Ascemlc
2275 5215 2413 5267 huc:
2453 5230 2559 5266 non
2595 5212 2785 5267 dicens
2812 5220 2872 5266 ut
2930 5213 3017 5266 hic
3068 5212 3189 5264 loco
3230 5210 3574 5263 ascenderet.

1997 5309 2090 5362 sed
2120 5315 2354 5360 tuentem
2400 5322 2428 5356 ιι
2462 5305 2806 5374 pedestribus
2821 5305 3056 5373 erigeret
3087 5312 3143 5356 et
3171 5300 3446 5354 humanis.
3466 5297 3574 5352 Ve-

2001 5415 2119 5451 rum
2158 5399 2208 5451 hi
2243 5398 2586 5466 potissimum
2620 5397 2716 5466 qui
2775 5403 3012 5451 mentem
3050 5394 3344 5463 purilicaut
3391 5407 3419 5444 a
3461 5406 3575 5443 ma-

1998 5491 2138 5545 culis
2177 5507 2297 5559 qnze
2338 5491 2388 5542 in
2428 5490 2528 5542 hac
2560 5488 2825 5543 materiali
2877 5489 2982 5541 vita
3015 5485 3439 5543 contrahuntur,
3477 5483 3578 5535 has

2000 5597 2052 5638 et
2076 5583 2387 5652 hujusmodi
2429 5584 2625 5653 dignas
2651 5584 2719 5638 de
2753 5582 2863 5636 Deo
2906 5581 3150 5636 visiones
3181 5560 3576 5643 aSSt't|tttIltlttt'.

2079 5759 2140 5812 lit
2186 5777 2274 5812 tum
2305 5761 2476 5828 prima
2509 5777 2666 5829 quant
2694 5759 2871 5812 audiri
2900 5761 3096 5811 dicens.
3145 5754 3210 5808 Et
3238 5754 3339 5806 huc
3389 5759 3582 5819 prmter

2005 5852 2273 5907 seintonis
2294 5853 2731 5918 dispositionem,
2769 5866 2823 5907 et
2876 5865 3039 5920 quam
3069 5848 3140 5904 ob
3188 5859 3416 5902 causam
3476 5842 3583 5902 iam
