4256 6440
783 407 889 471 567
1604 408 1933 472 ARETH/E
1971 409 2349 473 C/ESARE/E
2387 408 2873 472 CAPPADOCM!
2915 408 3259 472 EPISCOPI
3944 411 4055 474 568

784 526 995 580 dictum
1027 534 1129 583 est.
1168 525 1423 597 Oportuit
1456 524 1603 580 enim
1640 527 1715 582 ita
1758 528 1941 583 dicere
1969 544 1983 581 :
2017 526 2082 582 Et
2112 543 2213 582 vox
2243 528 2364 592 ejus
2394 536 2439 589 Α

2394 536 2439 589 Α
2481 529 2680 599 Ἐχρῆν
2702 530 2811 601 γὰρ
2836 531 2978 585 οὕτω
3013 532 3214 599 λέγειν·
3251 531 3362 586 Καὶ
3391 534 3424 603 ὴ
3455 530 3606 603 φωνὴ
3637 527 3734 583 τοῦ
3765 528 4056 597 λαλοῦντος

783 620 876 687 qui
908 621 1232 691 loquebatur
1277 634 1490 675 mecum
1524 620 1704 676 dixit:
1738 623 1988 678 Ascende
2042 623 2150 677 huc
2189 641 2201 675 :
2236 637 2361 677 nam

2470 622 2587 692 μετ’
2617 623 2753 693 ἐμοῦ
2774 638 2789 653 ο
2838 624 3040 678 Ἀνάσα
3070 618 3171 679 ὧδε
3192 665 3205 689 ,
3236 624 3443 694 ἔλεγεν.
3475 622 3635 677 Οὕτω
3663 622 3772 693 γὰρ
3800 624 4052 695 προήχθη

782 712 857 765 ita
888 723 1013 781 apto
1042 712 1203 766 modo
1237 712 1619 777 processisset.

1156 712 1203 765 Io
1237 712 1619 777 processisset.
2466 715 2536 785 ἀρ
2544 714 2837 783 μοζόντως.

855 803 943 860 ιν.
982 804 1100 857 2-5.
1134 802 1203 857 Et
1223 820 1340 858 ecce
1383 806 1603 857 thronus
1654 806 1948 874 ponebatur
1996 808 2049 859 in
2109 806 2236 859 caelo
2269 818 2362 859 εει

2535 806 2641 859 Καί
2679 805 2808 860 ιδοὺ
2840 807 3052 875 θρόνος
3090 809 3283 861 ἔκειτο
3314 808 3385 860 ἐν
3409 804 3491 872 τῷ
3518 805 3773 872 οὐρανῷ.
3811 806 3919 861 Kal
3953 805 4052 859 ἐπὶ

783 909 938 959 super
956 900 1201 947 thronum
1226 896 1408 949 sedens
1429 907 1647 965 aspectu
1668 898 1863 950 similis
1889 898 2056 966 lapidi
2084 898 2287 967 juspidi
2312 907 2360 951 et
2462 921 2464 928 ι

2462 899 2569 951 τὸν
2593 899 2811 965 θρόνον
2833 898 3172 967 καθήμενος
3192 899 3394 967 ὅμοιος
3416 898 3623 966 όράσει
3645 900 3794 964 λίθῳ
3818 898 4053 953 ἰάσπιδι

780 982 962 1034 sartlio
995 996 1013 1035 :
1042 993 1090 1035 et
1143 985 1238 1036 iris
1266 986 1321 1038 iu
1360 987 1587 1038 circuitu
1643 988 1817 1039 throni
1856 987 2103 1041 similiter
2146 1001 2359 1056 aspectu

2463 992 2559 1043 καί
2592 991 2839 1059 σαρδίῳ·
2865 992 2963 1045 καὶ
2986 988 3101 1059 ἶρις
3120 992 3423 1045 κυκλόθεν
3440 990 3549 1044 τοῦ
3577 994 3818 1059 θρόνου.
3835 992 4052 1059 ὁμοίως

780 1075 1120 1144 smaragdino
1154 1093 1172 1128 :
1205 1088 1253 1131 et
1284 1080 1341 1130 in
1375 1079 1601 1131 circuitu
1640 1080 1820 1131 throni
1882 1079 2070 1149 viginti
2131 1090 2361 1149 quatuor

2463 1083 2669 1150 ὁράσει
2713 1082 3100 1152 σμαραγδίνῳ
3130 1099 3144 1113 °
3186 1082 3283 1137 καὶ
3316 1084 3619 1137 κυκλόθεν
3664 1083 3772 1137 τοῦ
3805 1083 4046 1150 θρόνου.

778 1167 925 1219 sedes
958 1182 978 1219 :
1008 1178 1057 1220 et
1115 1184 1272 1237 super
1323 1170 1508 1239 viginti
1548 1178 1776 1231 quatuor
1813 1169 1959 1224 sedes
2008 1171 2116 1223 vidi
2175 1171 2361 1239 uiginti

2462 1176 2662 1243 θρόνοι
2684 1177 3195 1244 είκοσιτέσσαρες.
3222 1175 3330 1228 Καὶ
3349 1175 3445 1228 ἐπὶ
3470 1175 3609 1241 τοὺς
3633 1175 3888 1242 θρόνους
3905 1173 4050 1240 τοὺς

776 1269 1008 1326 quatuor
1041 1265 1270 1315 seniores
1296 1267 1529 1316 sedentes
1560 1265 1987 1318 circumamictos
2017 1267 2242 1318 restibus
2274 1266 2359 1317 al-

2460 1267 2981 1335 εἰκοσιτέσσαρας,
3012 1266 3457 1335 πρεσϐυτέρους
3475 1265 3855 1335 καθημένους
3882 1278 4044 1332 περι-

779 1350 879 1413 bis,
912 1361 961 1403 ct
984 1368 1141 1420 super
1170 1355 1348 1421 capita
1390 1356 1625 1422 ipsorum
1674 1370 1897 1409 coronas
1926 1372 2135 1409 aureas.
2176 1355 2244 1407 Et
2295 1357 2359 1409 de

2461 1357 2863 1427 ὄεόλημένους
2874 1358 2944 1410 ἐν
2955 1359 3207 1427 ἱματίοις
3225 1356 3488 1421 λευκοῖς,
3512 1356 3610 1409 καὶ
3631 1356 3725 1408 ἐπὶ
3744 1356 3852 1421 τὰς
3863 1371 4048 1424 κεφα-

779 1443 965 1495 throno
1017 1446 1358 1513 egrediuntur
1385 1444 1603 1513 fulgura
1656 1457 1706 1499 et
1725 1462 1872 1500 voces
1915 1463 1978 1499 ac
2005 1448 2263 1503 tonitrua.
2288 1445 2356 1499 Et
2458 1491 2460 1500 ι

2458 1450 2572 1516 λὰς
2600 1449 2801 1503 αὐτῶν
2816 1450 3157 1517 στεφάνους
3176 1448 3468 1518 χρυσοῦς.
3489 1448 3598 1502 Καὶ
3613 1449 3681 1501 ἐκ
3703 1446 3810 1501 τοῦ
3826 1448 4047 1514 θρόνου

778 1546 967 1599 septem
1016 1534 1296 1604 luntpades
1355 1538 1492 1606 ignis
1525 1554 1758 1592 accensa:
1785 1540 1839 1592 in
1869 1550 2150 1607 conspectu
2183 1540 2356 1593 throni
2457 1578 2459 1587 ι

2457 1540 2889 1608 ἐκπορεύονται
2922 1539 3247 1607 ἀστραπαὶ,
3267 1538 3365 1591 καὶ
3392 1538 3605 1607 φωναί,
3631 1536 3730 1590 καὶ
3766 1536 4042 1604 βρονταί.

776 1626 965 1691 ipsius,
995 1642 1114 1695 qua!
1147 1639 1267 1682 sunt
1296 1639 1491 1696 septem
1520 1630 1742 1696 spiritus
1766 1629 1886 1684 Dei.

2460 1632 2563 1684 Καί
2585 1631 2735 1685 ἑπτὰ
2761 1631 3076 1699 λαμπάδες
3102 1629 3294 1698 πυρὸς
3323 1631 3632 1698 καιόμεναι
3653 1628 3917 1681 ἐνώπιον
3936 1629 4044 1680 τοῦ

2458 1724 2677 1790 θρόνου
2699 1723 2908 1784 αὐτοῦ,
2940 1723 3002 1777 αῖ
3032 1724 3191 1775 εἰσιν
3218 1722 3369 1775 ἑπτὰ
3397 1722 3707 1789 πνεύματα
3732 1720 3842 1774 τοῦ
3870 1720 4039 1775 Θεοῦ.

846 1804 1074 1872 Spiritu,
1134 1805 1330 1873 inquit,
1391 1806 1715 1861 immutatus
1780 1807 1889 1862 vidi
1933 1808 2211 1872 thronum,
2258 1825 2427 1883 per_

2384 1872 2427 1883 _
2530 1814 2621 1883 Τῷ
2652 1813 2953 1882 Πνεύματι,
2989 1814 3145 1882 φησὶ,
3175 1814 3467 1877 τυπωθεὶς,
3488 1811 3681 1881 θρόνον
3703 1810 4040 1881 ὶθεασάμην,

772 1911 934 1963 quem
965 1872 1306 1966 signiﬁcatur
1346 1898 1437 1953 Dei
1471 1901 1688 1968 requies
1711 1916 1883 1970 quam
1918 1902 2084 1958 habet
2114 1903 2167 1956 in
2216 1872 2347 1958 ετξ..-
2384 1872 2430 1931 Β

2384 1872 2430 1931 Β
2457 1905 2524 1957 δι’
2549 1872 2610 1958 oi;
2632 1872 2887 1975 δηλοῦται
2973 1872 3033 1956 ὲν
3051 1872 3174 1967 ’τοίς
3206 1903 3386 1971 ἁγίοις
3416 1872 3727 1965 ἀνάπαυσις
3756 1899 3851 1954 τοῦ
3882 1872 4037 1952 Ostiis.

772 1988 914 2042 etis:
960 1990 1014 2042 iu
1050 1984 1186 2058 ipsis
1223 1991 1368 2045 enim
1405 1990 1710 2046 collocatur
1759 2003 2022 2063 tanquam
2051 1995 2347 2065 capacibus

2457 1998 2649 2061 Δύτοῖς
2704 1998 2813 2067 γὰρ
2859 1995 3223 2066 ὲνθρονίζεται
3273 1996 3350 2058 ὠς
3392 1995 3722 2066 χωρητικοῖς
3770 1989 3890 2047 οὖσι
3933 1991 4042 2047 τῶν

770 2083 1083 2137 divinarum
1121 2084 1452 2154 specierum.

1397 2099 1452 2139 n.
2456 2089 2618 2142 θείων
2640 2090 2953 2157 ἐμφάσεων.
3060 2126 3078 2138 ί

840 2179 1067 2246 Aspectu
1132 2178 1322 2231 similis
1374 2178 1545 2245 lapidi
1597 2179 1826 2248 jaspidi.
1856 2175 2126 2246 Quoniam
2171 2181 2349 2237 visum

2528 2183 2771 2251 Ὀμοιος
2848 2180 3056 2249 ὁράσει
3112 2180 3264 2245 λίθῳ
3329 2177 3561 2233 ἰάσπιδι
3624 2176 3725 2231 καί
3789 2174 4037 2244 σαρδίῳ.

770 2270 859 2324 hic
906 2270 1251 2324 demonstrat
1300 2270 1543 2335 Patrem,
1579 2273 1916 2341 corporalem
1976 2272 2078 2343 ipsi
2121 2276 2349 2345 iiguram

2466 2272 2685 2343 Ἐπειδὴ
2708 2273 2799 2324 τὸν
2822 2272 3041 2340 Πατέρα
3062 2272 3152 2325 τὸν
3172 2270 3438 2341 ὁραθέντα
3464 2268 3696 2322 ἐνταῦθα
3718 2268 4038 2338 παρίστησι,

770 2378 881 2418 non
922 2364 1186 2434 assignat,
1218 2364 1679 2430 quemadmodum
1717 2366 1853 2421 Filio
1900 2366 1954 2420 in
2013 2367 2191 2437 prima
2249 2383 2349 2423 sua

2455 2365 2769 2437 σωματικὸν
2794 2364 2946 2435 αὑτῷ
2974 2364 3301 2436 χαρακτῆρα
3334 2365 3397 2417 οὐ
3428 2361 3775 2434 περιτίθησιν
3795 2401 3811 2426 ,
3849 2362 4039 2430 ὥσπερ

769 2455 990 2510 visione
1032 2454 1168 2509 :scd
1203 2455 1461 2524 pretiosis
1519 2456 1791 2526 lapidibus
1815 2459 1997 2529 ipsum
2034 2460 2346 2515 assimilat:

2451 2456 2531 2528 τῷ
2563 2455 2674 2526 Υίῷ
2697 2457 2755 2507 ἐν
2783 2458 2850 2526 τῇ
2884 2456 3128 2526 προτέρᾳ
3165 2454 3330 2508 αὐτοῦ
3369 2454 3627 2525 ὀπτασίᾳ,
3657 2453 3793 2506 ἀλλά
3836 2453 4039 2522 τιμίοις

761 2546 979 2617 iaspide
1024 2548 1245 2615 quidem
1322 2556 1508 2616 utpote
1556 2548 1768 2614 viridi,
1816 2551 2137 2617 designaute
2205 2554 2347 2621 quod

2451 2547 2616 2600 αὐτὸν
2640 2547 2811 2610 λίθοις
2837 2546 3151 2611 ἀπεικάζει,
3179 2547 3279 2617 τῆς
3309 2546 3411 2615 μὲν
3440 2546 3685 2608 ίάσπιδος
3712 2544 3787 2606 ὡς
3810 2544 4040 2615 χλοερᾶς

767 2655 987 2710 semper
1008 2639 1224 2705 ﬂoreat,
1250 2640 1533 2710 vitamque
1562 2641 1888 2699 mortalibus
1913 2643 2109 2700 ail‘erat
2128 2684 2145 2710 ,
2190 2645 2346 2713 juxta

2453 2640 2827 2712 σημαινούσης
2857 2642 2918 2695 τδ
2946 2640 3198 2704 ἀειθαλὲς
3239 2639 3375 2709 ὁμοῦ
3408 2640 3503 2692 καὶ
3534 2637 3824 2707 φερέσϐιον
3847 2675 3862 2699 ,
3904 2634 4040 2689 καθὸ

766 2732 820 2786 id
872 2732 1019 2801 quod
1059 2730 1267 2787 dictum
1316 2743 1420 2798 est,
1456 2752 1475 2784 ι
1509 2742 1565 2788 et
1614 2734 1837 2789 herbam
1871 2736 2123 2790 servituti
2172 2738 2349 2792 homi-

2452 2736 2688 2805 είρηται,
2726 2752 2745 2785 ι
2799 2734 2894 2787 καὶ
2925 2734 3092 2805 χλόην
3130 2736 3196 2803 τῇ
3240 2732 3454 2802 δουλείᾳ
3490 2732 3599 2784 τῶν
3643 2729 3968 2801 ἀνθρώπιον.
4012 2746 4034 2781 s

767 2839 900 2877 num
937 2825 981 2877 θ.
1020 2841 1038 2875 ι
1079 2820 1257 2878 Herba
1282 2837 1525 2892 namque
1547 2838 1711 2878 omne
1733 2840 1921 2880 semen
1951 2826 2107 2882 aiiert
2130 2830 2274 2898 quod
2316 2845 2346 2883 a

2451 2826 2568 2879 Πᾶν
2591 2826 2700 2895 γάρ
2741 2825 2965 2896 σπέρμα
2997 2825 3292 2895 χλοηφορεί
3324 2824 3460 2895 πρὸς
3487 2824 3692 2894 τροφὴν
3720 2825 3832 2886 τοῖς
3874 2822 4039 2885 ζῶσιν

766 2917 878 2970 Deo
899 2916 1214 2970 ordinatum
1246 2925 1329 2969 est
1352 2914 1417 2969 ad
1436 2917 1755 2992 alimentum
1790 2919 2115 2974 mortalibus
2147 2921 2351 2992 :689

2452 2918 2560 2971 ὑπὸ
2588 2916 2725 2970 Θεοῦ
2752 2918 3105 2987 τεταγμένον.
3142 2917 3362 2976 Ἴασπις
3389 2914 3445 2968 δὲ
3467 2914 3712 2968 καλεῖται
3741 2914 3824 2966 ὅτι
3854 2911 4038 2983 ὁμοία,

760 3006 935 3077 iaspis
956 3015 1137 3062 autem
1165 3008 1468 3077 appellatur
1488 3022 1555 3062 eo
1579 2991 1725 3077 quod
1748 3008 2160 3081 assimileturlq)
2188 2991 2241 3066 id
2264 2991 2350 3067 est

2451 3010 2545 3065 καὶ
2589 3009 2652 3080 ίῴ
2688 3009 2916 3072 ἀσπίδος
2957 3009 3189 3062 ἐοικυῖα.
3228 3006 3441 3077 Σαρδίῳ
3479 3005 3561 3071 δὲ,
3591 3004 3680 3061 διὰ
3711 3006 3773 3059 τὸ
3804 3003 4041 3074 φοϐερὸν

763 3115 975 3153 veneno
998 3099 1204 3169 aspidis
1240 3100 1465 3156 :sardio
1496 3115 1628 3154 vero
1666 3110 1887 3170 propter
1914 3112 2175 3159 terrorem
2216 3105 2345 3162 Dei:

2451 3101 2549 3155 τοῦ
2574 3101 2733 3154 Θεοῦ.
2758 3100 3050 3171 Πυροειδὲς
3076 3100 3186 3170 γὰρ
3211 3099 3273 3153 τὺ
3307 3100 3545 3169 σάρδιον.
3588 3097 3807 3169 Ἐπειδὴ
3836 3097 3950 3169 γὰρ
3979 3096 4041 3149 τὸ

767 3192 931 3246 habet
953 3206 1191 3261 namque
1208 3190 1435 3247 Sardius
1461 3192 1603 3262 ignis
1626 3194 1887 3262 speciem.
1914 3194 2184 3262 Quoniam
2203 3201 2349 3259 enim
2381 3211 2426 3272 ο

2381 3211 2426 3272 C
2458 3196 2578 3248 κατ’
2643 3194 2823 3263 ἄκρας
2894 3192 3131 3263 χρῆσθαι
3192 3193 3259 3264 τῇ
3316 3190 3689 3263 δικαιοκρισίᾳ
3734 3191 3920 3255 θεὸν,
3978 3188 4040 3241 οὗ

769 3284 905 3339 i'erri
946 3300 1055 3338 non
1108 3294 1292 3350 posset
1321 3284 1486 3349 Deus,
1513 3286 1559 3341 si
1591 3287 1657 3339 ad
1683 3295 1988 3342 extremum
2038 3304 2213 3360 usque
2260 3295 2353 3364 ju-

2461 3286 2719 3359 φορητὸν,
2744 3287 2970 3350 είκότως
2990 3285 3085 3340 τοῦ
3111 3284 3437 3350 ἀνεξικάκου
3466 3287 3559 3340 καὶ
3586 3282 3794 3353 ἀγαθοῦ
3817 3283 3878 3336 τὸ
3906 3282 4040 3352 σάρ-

761 3377 929 3431 ειὶιὶεθ
973 3385 1219 3431 uteretur
1267 3376 1498 3446 judicio,
1535 3379 1735 3432 merito
1779 3378 2066 3436 clementis
2113 3398 2178 3438 ac
2222 3386 2351 3442 boni

2458 3380 2573 3433 διον
2602 3380 2801 3449 δεῖγμα
2828 3379 3082 3449 παρέχει,
3116 3378 3193 3442 ὡς
3220 3376 3315 3431 τοῦ
3338 3374 3580 3450 φοϐεροῦ
3609 3375 3706 3431 καὶ
3730 3374 3829 3429 τοῦ
3864 3390 4040 3445 πυρο-

762 3468 967 3536 prtebet
1021 3476 1403 3539 argumentum
1462 3470 1701 3535 sardius,
1729 3479 1915 3540 utpote
1973 3482 2187 3531 terrens
2224 3480 2352 3550 qui-

2456 3470 2654 3539 ειδοῧς,
2682 3470 2761 3535 ὣς
2793 3487 2945 3541 φασι,
2978 3469 3149 3524 λίθου.
3193 3471 3291 3524 ὀν
3330 3471 3393 3525 οὐ
3423 3470 3586 3540 μόνον
3617 3467 3851 3539 φοϐερόν
3880 3482 4042 3536 φασιν

762 3562 910 3626 dem,
939 3569 994 3615 et
1024 3561 1166 3631 ignis
1217 3562 1458 3632 speciem
1514 3561 1696 3617 ferens
1760 3562 1918 3632 lapis,
1949 3574 2007 3619 ut
2037 3568 2215 3635 aiunt,
2252 3565 2349 3627 sed

2457 3560 2595 3619 εἶναι
2625 3563 2838 3635 θηρίοις
2866 3562 2962 3617 καὶ
2993 3562 3276 3633 φάσμασιν
3300 3601 3315 3627 ,
3349 3559 3485 3615 ἀλλὰ
3517 3558 3613 3613 καὶ
3639 3556 4043 3629 θεραπευτιιὴν

764 3669 930 3721 quem
959 3670 1069 3710 non
1091 3655 1271 3710 solum
1335 3655 1534 3711 teneri
1558 3655 1889 3713 dicuntesse
1910 3658 2045 3715 ieris
2078 3674 2144 3717 ac
2192 3676 2348 3718 nion-

2453 3654 2567 3710 τῶν
2599 3655 2982 3725 ὶπιφυομένιον
3024 3653 3102 3723 τῷ
3147 3651 3363 3724 σώματι
3395 3649 3556 3724 ἡμῶν
3592 3647 3861 3719 ἀλγεινῶν
3897 3649 4043 3719 ιιειν

766 3748 919 3813 stris,
947 3762 1136 3804 verum
1158 3748 1327 3806 etiam
1354 3747 1610 3806 virtutem
1642 3748 1848 3805 habere
1875 3753 2109 3809 curandi
2127 3754 2347 3817 dolores

2452 3748 2707 3818 δύναμιν.
2734 3746 2894 3815 Λέγει
2920 3746 3029 3816 γὰρ
3051 3746 3082 3799 6
3103 3747 3278 3817 μέγα-ς
3306 3743 3623 3815 Ἐπιφάνιος
3649 3739 3921 3812 ἰατρεύειν
3948 3741 4044 3794 ais-

764 3855 829 3897 ac
865 3840 1146 3899 molestias
1179 3856 1301 3913 qua
1330 3843 1539 3899 nostris
1580 3843 1943 3900 innascuntur
1996 3848 2343 3918 corporibus.

2451 3837 2553 3910 τὴν
2587 3837 2856 3909 οἰδήματα
2892 3852 2950 3890 τε
2985 3838 3080 3890 καὶ
3118 3836 3231 3891 ἀπὸ
3265 3836 3485 3907 σιδήρου
3539 3834 3756 3905 πληγὰς
3788 3835 4038 3903 iniusto-

760 3932 1018 3993 Munius
1049 3949 1281 4007 magnus
1312 3935 1678 4007 Epiphanius,
1714 3937 1919 4005 ipsum.
1951 3938 1997 3993 si
2049 3938 2345 4013 inungatur

2456 3932 2645 4002 μένην.
2704 3932 3137 4002 ἐπισημαντεον
3171 3930 3227 3983 δὶ
3268 3928 3344 3992 ὡς
3380 3930 3413 3999 ἡ
3456 3928 3569 3983 τῶν
3595 3925 3763 3981 λίθων
3801 3925 4039 3979 ενταῦθα

760 4042 961 4089 curare
1005 4037 1253 4089 tumores
1294 4038 1352 4085 et
1380 4029 1620 4100 plaga“
1657 4030 1807 4088 [erro
1836 4029 2036 4091 illatas.
2081 4033 2345 4089 Animad-

2455 4024 2803 4096 παράληψις,
2845 4024 2905 4078 οὐ
2956 4023 3051 4077 τοῦ
3093 4024 3277 4095 τιμίου
3325 4022 3507 4093 χάριν,
3536 4019 3675 4075 ἀ).λά
3722 4019 3785 4073 τὸ
3832 4019 3901 4073 εκ
3937 4016 4037 4088 τῆς

761 4122 1084 4177 vertendum
1109 4132 1191 4178 est
1222 4132 1406 4178 autem
1435 4134 1747 4194 assumptus
1769 4138 1893 4182 esse
1925 4125 2029 4181 hoc
2065 4127 2185 4181 loco
2208 4126 2345 4197 iapi-

1578 4134 1747 4194 mptos
1769 4138 1893 4182 esse
1925 4125 2029 4181 hoc
2065 4127 2185 4181 loco
2208 4126 2345 4197 iapi-
2451 4110 2614 4188 χρόαὲ
2646 4115 3049 4186 σημαινόμενον
3082 4112 3259 4184 ἔσχεν.

758 4214 857 4268 des
901 4230 1008 4267 uou
1063 4213 1225 4284 pretii
1259 4216 1458 4286 gratia,
1488 4215 1585 4271 sed
1620 4217 1691 4270 ob
1728 4231 1848 4272 eam
1882 4216 2340 4288 signiﬁcationem

760 4318 925 4371 quam
952 4319 1017 4358 ex
1059 4304 1242 4359 colore
1272 4304 1566 4360 habebant.

835 4394 903 4449 Et
960 4397 1057 4449 iris
1111 4399 1165 4449 in
1242 4398 1470 4451 circuitu
1522 4398 1717 4450 throni.
1774 4398 1876 4451 Iris
1945 4398 2165 4469 quidem
2223 4416 2346 4471 qua}
2450 4470 2457 4471 ί

2520 4383 2625 4437 Καὶ
2661 4380 2777 4449 ἶρις
2815 4378 3119 4435 κυκλόθεν
3158 4377 3267 4432 τοῦ
3289 4377 3529 4444 θρόνου.
3570 4375 3638 4429 Ἦ
3668 4374 3772 4445 μὶν
3801 4372 4035 4446 αἰσθητὴ

762 4502 927 4541 sensu
956 4487 1275 4556 percipitur,
1313 4502 1475 4555 quam
1528 4487 1708 4541 divina
1744 4465 2030 4557 Scriptura
2059 4499 2219 4544 vocat
2245 4465 2345 4545 ar-

2447 4470 2580 4545 ἷρις,
2612 4475 2681 4544 ἠν
2697 4475 2732 4543 ἡ
2759 4471 2880 4525 θεία
2909 4471 3105 4542 Γραφὴ
3129 4469 3284 4534 τόξον
3311 4470 3468 4522 καλεῖ
3491 4468 3654 4530 ἡνίκα
3675 4465 3900 4536 φάσκεν
3920 4484 3940 4518 ι
3962 4466 4034 4517 Τδ

762 4594 911 4643 eum,
965 4580 1057 4635 ubi
1091 4579 1223 4634 dicit
1257 4598 1271 4634 :
1305 4597 1324 4630 ι
1379 4582 1583 4633 Arcum
1622 4595 1799 4634 meum
1846 4595 2044 4650 ponam
2086 4581 2142 4636 in
2187 4583 2348 4639 uubi-
2380 4572 2427 4628 D

2380 4572 2427 4628 Ι)
2452 4572 2604 4635 τόξον
2634 4588 2736 4640 μου
2761 4570 2954 4639 τίθημι
2983 4569 3041 4621 ὲν
3071 4570 3137 4638 τῇ
3167 4566 3385 4636 νεφέλῃ,
3424 4584 3442 4617 ι
3477 4568 3541 4618 ὲκ
3567 4564 3670 4632 τῆς
3692 4562 4034 4617 ἀντανακλάο

766 4676 869 4728 bus
900 4674 965 4738 ¹⁰,
1000 4692 1017 4724 ι
1051 4689 1117 4726 ex
1139 4673 1271 4729 solis
1300 4674 1718 4742 rcpereussioue
1749 4675 2018 4739 exoritur,
2050 4678 2270 4743 quando
2292 4677 2344 4731 in

2450 4682 2584 4728 σεως
2611 4663 2706 4717 τοῦ
2737 4662 2888 4732 ἡλίου
2921 4661 3255 4724 συνίσταται,
3285 4660 3414 4712 ὅταν
3442 4658 3500 4711 ἐν
3529 4658 3804 4727 παχύτητι
3834 4656 4031 4724 νέφους

764 4763 927 4818 nubis
974 4778 1197 4831 aquosae
1242 4763 1512 4818 densitate
1563 4764 1864 4820 conclusus
1909 4766 2103 4836 objicit
2166 4768 2343 4837 ipsam

2448 4756 2750 4819 ὑδατώδους
2797 4752 3246 4824 ἀποληφθέντος,
3294 4751 3731 4821 ἀντιφράσσηται
3771 4748 3872 4819 μὲν
3909 4748 4037 4801 αὐτὸ

761 4857 963 4921 lucem,
1001 4856 1121 4924 eius
1180 4870 1275 4925 per
1328 4856 1525 4910 nubem
1572 4857 1892 4923 emissione,
1924 4869 1977 4913 et
2021 4859 2227 4914 variam
2281 4876 2347 4916 ac

2446 4840 2507 4905 τδ
2538 4850 2655 4919 φῶς
2699 4848 2800 4919 τὴν
2833 4845 3027 4900 ἑαυτοῦ
3063 4845 3355 4915 ὲκπομπὴν
3394 4844 3481 4896 διὰ
3514 4841 3608 4895 τοῦ
3647 4844 3849 4910 νέφους
3873 4880 3889 4901 ,
3922 4857 4037 4893 ποι-

760 4950 1116 5019 omuigenam
1167 4949 1412 5002 colorqu
1464 4950 1839 5017 apparentiam
1874 4951 2121 5005 assumit.
2148 4950 2214 5006 Et
2252 4952 2345 5007 illa

2455 4945 2613 5016 κίλην
2643 4943 2700 4996 δὲ
2730 4943 2824 4996 καὶ
2852 4940 3143 5011 παντοειδῆ
3174 4940 3479 5010 φαντασίαν
3511 4939 3715 5009 χροιῶν
3742 4937 4041 4991 ὑποῦἀλλε-

758 5043 980 5111 quidem
1007 5042 1105 5097 iris
1130 5041 1256 5096 talis
1284 5051 1388 5097 est.
1432 5040 1603 5097 Porro
1632 5058 1757 5112 qua:
1808 5043 2066 5097 thronum
2097 5045 2342 5099 circum-

2457 5055 2571 5091 ται.
2604 5036 2848 5105 Κάκείνη
2886 5033 2985 5103 μὲν
3022 5032 3249 5101 τοιαύτη
3279 5034 3312 5100 ἡ
3346 5025 3478 5101 ἶρις.
3527 5030 3594 5082 Ἦ
3620 5029 3676 5082 δέ
3702 5046 3766 5096 γε
3796 5029 3889 5080 τὸν
3915 5028 4040 5097 θρό·

758 5137 1021 5201 ambibat,
1066 5136 1237 5191 solius
1291 5135 1567 5207 smaragdi
1613 5136 1849 5206 speciem
1909 5153 2021 5206 prae
2090 5153 2149 5192 se
2206 5138 2343 5193 fere-

2458 5146 2549 5181 νον
2580 5124 2987 5198 περικυκλοῦσα
3008 5167 3023 5191 ,
3074 5122 3351 5195 μονοειδὴς
3385 5120 3853 5192 σμαραγδίζουσα.
3899 5113 4041 5189 Ἶριν

758 5229 873 5283 hat.
926 5226 1121 5281 lridem
1167 5241 1297 5281 vero
1337 5226 1512 5295 ipsam
1557 5228 1774 5280 vocavit
1802 5227 1871 5282 ab
1921 5228 2058 5282 iride
2095 5229 2345 5283 diverso-

2456 5222 2512 5275 δὲ
2540 5221 2808 5291 κέκληκεν
2839 5220 3010 5288 αὐτὴν
3029 5259 3042 5282 ,
3069 5217 3179 5271 ἀπὸ
3208 5219 3308 5287 τῆς
3341 5215 3472 5285 παρ’
3499 5215 3630 5284 ἡμῖν
3660 5213 3826 5281 ἴριδος
3858 5228 4041 5265 ποικι-

760 5336 883 5375 rum
914 5321 1163 5375 colorum
1196 5336 1319 5390 qua:
1351 5320 1494 5390 apud
1528 5335 1630 5376 nos
1662 5330 1771 5383 est,
1803 5329 1863 5375 ut
1892 5321 2208 5377 varietatem
2254 5323 2340 5377 in-

2455 5315 2817 5387 λοχρωμάτου
2841 5352 2858 5377 ,
2889 5313 2965 5376 ὡς
2995 5312 3061 5366 ἂν
3089 5313 3152 5364 τὸ
3180 5312 3438 5381 διάφορον
3465 5306 3577 5361 τῶν
3606 5305 3769 5359 θείων
3790 5303 4040 5390 ἀγγέλων

760 5414 1072 5484 tclligamus
1139 5413 1373 5469 studiosi
1415 5412 1728 5467 divinorum
1804 5413 2121 5484 angelorum
2183 5415 2345 5471 mini-

2452 5407 2551 5478 τῆς
2598 5402 2973 5475 ἀγαθοεργοῦς
3024 5404 3368 5472 ἐννοήσωμεν
3417 5397 3804 5468 λειτουργίας,
3853 5387 3931 5448 ὧν
3980 5395 4040 5446 τὸ

757 5504 911 5558 stcrii
968 5522 980 5557 :
1042 5518 1277 5572 quorum
1326 5502 1695 5557 diversitatem
1762 5504 1814 5556 iu
1869 5519 2037 5558 unum
2087 5506 2344 5561 terminat

2454 5499 2712 5570 διάφορον
2750 5502 2829 5564 είς
2878 5498 3007 5570 μίαν
3038 5494 3395 5567 ἑνεργητικὴν
3439 5491 3776 5561 ἀποτελευτᾷ
3820 5487 4036 5561 χρείαν,

758 5597 946 5652 vilica!
1023 5596 1445 5661 ministerium,
1504 5596 1571 5649 ad
1644 5595 2009 5651 imitationem
2071 5597 2333 5664 Domini,

2455 5594 2595 5646 κατά
2629 5594 2863 5665 μίμησιν
2908 5588 3005 5645 τοῦ
3043 5590 3338 5643 Δεσπότου.
3398 5585 3551 5640 Ἐπεὶ
3590 5584 3687 5638 καὶ
3737 5583 3931 5637 τούτου
3978 5580 4039 5634 τὸ

761 5689 1208 5760 quandoquidem
1244 5697 1299 5743 et
1334 5688 1497 5759 hujus
1540 5687 1952 5744 beneﬁcrutiam
1988 5706 2096 5760 qua
2148 5703 2341 5747 cuncta

2456 5687 2764 5758 πάντροφον
2790 5685 2884 5740 καὶ
2913 5680 3280 5755 εὐεργετικὸν,
3314 5681 3348 5752 ἡ
3382 5677 3686 5749 χλοάζουσα
3711 5672 3815 5746 τῆς
3848 5672 4033 5727 ῑάσπιο

831 5867 1017 5923 Ῥεδί.
1061 5882 1235 5921 (λινε.
1300 5867 1350 5922 8.
1438 5867 1478 5899 ‘°
1525 5868 1658 5925 Gen.
1704 5885 1777 5932 ix,
1839 5868 1919 5921 l5.
