4256 6440
237 403 346 467 569

1310 411 1701 475 COMMENT.
1745 411 1828 471 ΙΝ
1866 411 2393 477 APOCALYPSIN.

3410 427 3516 488 570

236 522 327 582 δος
363 519 510 574 λίθου
555 522 715 591 χροιά
769 523 1117 592 παραδηλοῦν
1161 525 1454 591 ἐϐούλετο,
1505 529 1583 598 τῷ
1618 529 1836 598 πρασίῳ
1868 533 1912 587 Α

1828 548 1836 579 ι
1868 533 1912 587 Α
1946 531 2136 596 nutrit,
2175 533 2415 588 indicare
2442 536 2611 589 voluit
2638 536 2821 590 virens
2850 536 3047 604 lapidis
3081 536 3310 607 iaspidis
3335 542 3509 606 color,

237 614 368 668 εῖδει
402 618 500 684 τῆς
529 617 845 686 σμαράγδου
871 618 1022 671 λίθου
1051 621 1408 690 ὁμοιουμένη.

311 714 521 779 Θρόνοι
551 712 1066 782 εἰκοσιτέσσαρες.
1098 717 1300 786 Θρόνον
1323 760 1336 780 ,
1369 718 1468 770 ούκ
1503 718 1630 771 ἄλλο
1661 736 1712 770 τι
1748 719 1833 769 ὲν-

234 803 414 857 ταῦθα
435 805 540 874 χρὴ
569 808 729 868 νοεῖν,
759 807 806 858 εἰ
841 807 915 876 μὴ
949 807 1009 858 τὸ
1036 809 1173 878 πρὸς
1196 811 1262 864 τὰ
1288 809 1406 862 θεῖα
1435 813 1835 878 προστάγματα

239 895 525 964 φιλότιμον
579 898 716 966 πρὸς
779 898 1063 967 ἐργασίαν.
1129 902 1323 963 Μόνως
1373 902 1484 972 γὰρ
1539 903 1607 955 ἂν
1661 903 1834 964 οὕτως

238 992 761 1058 παρασκευασθήσα
806 993 991 1064 ψυχὴ,
1039 994 1223 1064 ὄχημα
1259 995 1402 1048 θεῖον
1451 995 1677 1066 ἆμιλλόν
1716 1000 1834 1050 ἐστι

241 1080 352 1132 τῶν
375 1081 678 1151 Χερουϐίμ.

310 1175 762 1242 Πρεσϐυτέρους
789 1175 1180 1243 καθημένους.
1222 1179 1354 1246 Περὶ
1389 1179 1484 1230 τοῦ
1513 1179 1746 1248 ἀριθμοῦ
1777 1179 1834 1232 δὲ

239 1263 349 1313 τῶν
374 1266 834 1335 εἰκοσιτεσσάρων
872 1267 1263 1336 πρεσϐυτέριον
1292 1263 1383 1322 ὧδ’
1414 1270 1483 1323 ἂν
1509 1271 1769 1339 θεωροῖτο
1799 1272 1832 1341 ἡ

239 1356 575 1425 ὑπεράρχιος
598 1358 693 1409 καὶ
718 1360 748 1428 ἠ
775 1359 1039 1427 ὐπέρθεος
1071 1361 1317 1428 παναγὶα
1345 1361 1537 1429 Τριὰς,
1563 1364 1653 1414 τὸν
1684 1364 1833 1414 ἐϐδο-

242 1449 477 1513 ματικὸν
507 1449 760 1518 ἀριθμὸν,
794 1449 853 1502 ὃν
891 1453 982 1503 καὶ
1012 1453 1295 1518 σύστοιχον
1332 1452 1408 1520 τῷ
1451 1453 1633 1523 ὀρατῷ
1660 1455 1832 1522 αὐτῆς

245 1539 559 1608 συστήματι
611 1540 786 1611 τούτῳ
834 1541 1010 1605 ἔθετο,
1055 1544 1338 1614 καταρχὰς
1396 1547 1536 1598 κατὰ
1580 1547 1642 1596 τὸ
1679 1546 1832 1610 ἀνεξ-

240 1631 539 1701 ερεύνητον
566 1632 666 1702 τῆς
691 1635 892 1703 ἑαυτῆς
929 1638 1125 1704 σοφίας
1155 1636 1318 1704 βάθος
1336 1637 1641 1707 ἰσαρίθμως
1663 1639 1829 1710 ἑαυτῇ

237 1723 574 1788 ἁνελίξασα,
637 1726 729 1779 τὸν
786 1729 1207 1799 εἰκοσιτέσσαρα
1272 1729 1506 1798 ἀριθμὸν
1561 1730 1827 1800 ὑπέφηνε.

238 1816 472 1884 Τριάκις
512 1820 622 1890 γὰρ
666 1820 843 1884 ἑπτὰ,
898 1820 1071 1874 εἴκοσι
1124 1823 1220 1875 καὶ
1256 1822 1314 1874 ἒν
1342 1823 1685 1892 ἀποσωρεύει
1735 1821 1830 1874 τοῦ

238 1910 673 1979 ἀπολειπομένου
691 1912 860 1966 ποσοῦ
879 1914 970 1967 τοῦ
997 1915 1171 1967 εἴκοσι
1194 1917 1286 1967 καὶ
1302 1916 1542 1984 τέσσαρα
1567 1914 1823 1984 ἀριθμοῦ,

235 2001 296 2063 ὃς
322 2003 469 2054 ἐστιν
498 2003 525 2054 ό
549 2004 675 2073 τρία
696 2008 760 2074 τῇ
792 2006 1119 2076 παντουργῷ
1149 2008 1270 2078 θείᾳ.
1300 2008 1490 2077 Τριάδι
1524 2007 1824 2068 ἀνατεθεὶς.

238 2092 332 2146 Διδ
353 2095 446 2148 καὶ
468 2096 496 2146 ὁ
515 2095 740 2167 ἕϐδομος
766 2098 998 2168 ἀριθμὸς
1023 2099 1316 2170 τριαδικῶς
1341 2100 1666 2167 ἀνελιχθεὶς,
1689 2101 1826 2169 μετὰ

234 2186 331 2239 τοῦ
375 2189 761 2258 ἀνελιχθῆναι,
808 2192 900 2244 τὸν
928 2194 1344 2264 εἰκοσιτέσσαρα
1377 2193 1691 2247 ἀπετέλεσε.
1736 2193 1826 2262 Τῷ

238 2278 455 2348 ἑϐδόμῳ
479 2279 557 2342 δὲ,
586 2281 646 2333 οὐ
679 2283 774 2335 καὶ
803 2283 891 2336 διὰ
949 2283 1149 2348 παντὸς
1188 2286 1282 2338 τοῦ
1314 2285 1572 2354 αἰσθητοῦ
1617 2285 1824 2354 κόσμου

236 2371 431 2424 τούτου
479 2376 667 2442 χωρεῖ,
701 2376 796 2428 καὶ
837 2376 978 2429 κατά
1009 2393 1132 2429 τινα
1162 2378 1357 2430 ἑαυτοῦ
1398 2379 1626 2448 δύναμιν
1657 2378 1823 2448 θνητῇ

238 2463 400 2532 φύσει
434 2466 695 2520 ἀδύνατον
732 2469 810 2529 εἰς
841 2469 958 2521 τόδε
993 2469 1226 2534 εἰδέναι;
1281 2470 1578 2540 Ἰσάριθμοι
1619 2471 1674 2523 δὲ
1714 2471 1825 2531 τοῖς

237 2557 452 2626 θρόνοις
482 2559 531 2610 οἱ
555 2558 872 2628 καθήμενοι,
907 2561 999 2613 καὶ
1031 2559 1417 2630 πρεσϐύτεροι,
1447 2561 1508 2613 ού
1543 2561 1822 2631 νεώτεροι,

237 2650 363 2702 ἐπεὶ
391 2651 484 2702 καὶ
527 2653 558 2720 ἡ
589 2653 895 2720 ἐπαγγελία
926 2654 1025 2721 τῆς
1049 2653 1416 2722 κληρονομίας
1448 2655 1822 2723 πρεσϐυτάτη,

233 2736 314 2800 ὡς
361 2738 466 2810 πρὸ
513 2741 819 2810 καταϐολῆς
871 2742 1078 2810 κόσμου
1128 2745 1650 2813 προητοιμασμὲνης
1694 2746 1827 2813 ήμῖν

239 2830 539 2898 βασιλείας.
575 2833 801 2897 Πάντως
823 2835 878 2886 δὲ
905 2838 1017 2898 τοῖς
1043 2834 1150 2904 πρὸ
1181 2835 1491 2904 καταϐολῆς
1525 2836 1730 2905 κόσμου
1765 2838 1827 2888 τὸ

235 2923 476 2977 ἔπαθλον
510 2925 727 2994 ἔχουσιν
755 2927 1099 2995 ἐτοιμασθὲν,
1139 2927 1238 2998 οὐχ
1268 2926 1344 2990 ὡς
1373 2928 1680 2998 νεωτέροις,
1708 2927 1826 2981 ἀλλ’

234 3017 315 3080 ὡς
366 3020 708 3088 ἐγγηράσασι
751 3022 865 3083 τοῖς
909 3019 1075 3082 θείοις
1119 3021 1506 3091 προστάγμασι
1544 3020 1745 3074 δίδοται
1793 3022 1826 3091 ή

235 3111 456 3172 αἰώνιος
487 3112 756 3182 βασιλεία.
796 3112 1048 3184 Χρυσοῦς
1088 3113 1145 3166 δέ
1177 3133 1309 3185 φησι
1344 3116 1472 3178 τοὺς
1503 3116 1824 3184 στεφάνους.

233 3201 375 3254 Οὐδὲ
415 3201 523 3272 γὰρ
551 3198 668 3272 εἶχέ
705 3221 759 3255 τι
798 3203 1000 3275 χρυσοῦ
1044 3204 1480 3274 τιμαλφέστερον
1510 3207 1623 3268 τοῖς
1652 3206 1710 3257 ἐν
1748 3203 1826 3272 τῷ
1854 3241 1898 3298 c

236 3294 471 3363 παρόντι
494 3292 595 3368 βίῳ
615 3297 1066 3366 ἐπιστρεφομένοις
1089 3296 1444 3351 ὑποτίθεσθαι
1466 3298 1602 3368 πρὸς
1619 3298 1712 3350 ἕνα
1723 3298 1826 3368 ργῆ

234 3403 462 3453 γνωσιν.

310 3656 420 3712 Kal
449 3655 602 3710 ἑκτὰ
628 3655 944 3724 λαμπάδες
971 3656 1167 3725 πυρὸς
1189 3659 1523 3728 καιόμεναι.
1553 3661 1664 3724 Τὰς
1692 3662 1832 3717 ἑπτά

235 3750 554 3822 λαμπάδας,
577 3750 736 3813 αὐτὸς
766 3751 1118 3821 ήρμήνευσιν
1144 3751 1286 3805 ἑπτὰ
1316 3751 1624 3824 πνεύματα,
1650 3755 1827 3820 ἅτινα,

237 3845 358 3912 ἢτοι
387 3843 464 3906 ὡς
508 3841 756 3904 Ἡσαΐας,
788 3843 854 3895 τὰ
880 3842 998 3895 θεῖα
1029 3842 1122 3896 τοῦ
1155 3844 1470 3913 Πνεύματος
1493 3847 1829 3916 χαρίσματα,

238 3937 456 4004 σοφίας,
486 3936 691 4006 ἰσχύος,
727 3935 944 4004 βουλῆς,
972 3937 1150 3989 καὶτὰ
1177 3937 1386 3999 τούτοις
1413 3938 1540 4008 ἑξῆς
1566 3940 1646 3992 δεῖ
1667 3943 1830 4004 νοεῖν,

234 4032 292 4096 ἢ,
328 4030 404 4090 ὼς
436 4029 723 4098 Εἰρηναῖος
757 4030 849 4080 καὶ
885 4030 1120 4100 Κλήμης
1149 4032 1177 4082 ό
1209 4031 1596 4101 Στρωματεὺς,
1631 4034 1699 4085 τὰ
1725 4033 1834 4086 λιι-

231 4121 502 4192 τουργικὰ
536 4123 631 4174 καὶ
659 4122 766 4174 τῶν
802 4121 978 4175 ἄλλων
1003 4121 1260 4193 ἑξέχοντα
1296 4125 1617 4193 ταγμάτων.
1663 4127 1835 4181 Ἐπτὰ

235 4216 360 4284 μὲν,
409 4214 498 4266 διὰ
547 4214 645 4284 τὴν
701 4215 960 4283 ἐφορείαν
1016 4214 1167 4269 τοῦδε
1216 4217 1312 4269 τοῦ
1366 4219 1574 4286 κόσμου
1624 4220 1720 4274 τοῦ
1759 4220 1835 4292 τῷ

233 4309 452 4379 ἑϐδόμῳ
480 4310 765 4379 συστοίχου
795 4310 1044 4380 ἀριθμῷ,
1087 4312 1143 4381 ἦ,
1194 4312 1270 4376 ὡς
1313 4314 1412 4383 ήδη
1457 4316 1832 4386 παρεθέμεθα.

235 4400 542 4468 Καιόμεναι
561 4399 638 4461 δὲ,
668 4400 757 4452 διὰ
781 4401 842 4452 τὸ
866 4401 1154 4454 ἀνένδυτον
1186 4406 1276 4455 καὶ
1303 4405 1550 4472 διηνεκὲς
1582 4409 1682 4476 τῆς
1710 4411 1835 4480 περὶ

232 4491 296 4540 τὸ
333 4489 478 4541 Θεῖον
507 4490 816 4555 ἀγιαστίας.
852 4491 1110 4544 Τοιοῦτον
1146 4493 1254 4564 γὰρ
1300 4496 1394 4546 καὶ
1429 4496 1541 4565 πῦρ
1583 4497 1743 4550 τοῦτο
1773 4501 1833 4551 τὸ

1941 624 2279 676 assimilatus
2306 626 2357 676 in
2389 628 2624 695 speciem
2649 627 2867 681 viridati
2904 626 3097 695 lapidis
3123 630 3416 696 smaragdi.

2022 713 2218 783 Viginti
2243 727 2473 785 quatuor
2497 719 2662 772 sedes.
2691 718 2885 772 Sedem
2912 735 3016 773 non
3043 719 3189 773 aliud
3239 720 3516 790 quippiam

1939 817 2150 873 oportet
2182 810 2283 860 hoc
2321 809 2442 860 loco
2475 809 2771 878 intelligere
2805 826 2969 879 quam
3007 809 3312 864 studiosum
3349 825 3519 874 cona-

1941 908 2055 952 tum
2114 902 2180 954 ad
2231 904 2606 971 operationem
2664 905 2972 958 divinorum
3028 905 3334 974 jussorum.
3387 903 3517 958 Solo

1938 993 2083 1045 enim
2121 993 2223 1047 hoc
2256 995 2418 1047 modo
2452 1004 2753 1063 prmparata
2791 997 2974 1049 anima
3011 995 3258 1048 divinum
3290 1004 3373 1049 est
3421 1008 3516 1048 ve-

1941 1085 2203 1148 hiculum,
2229 1087 2686 1156 quemadmodum
2714 1097 2767 1142 et
2789 1088 2900 1156 ipsa
2931 1087 3232 1142 Cherubin.

2026 1174 2269 1229 Seniores
2299 1177 2553 1229 sedentes.
2588 1175 2662 1228 De
2687 1190 2918 1229 numero
2945 1175 3136 1242 viginti
3162 1184 3401 1243 quatuor
3429 1187 3516 1227 se-

1938 1268 2154 1322 niorum
2190 1270 2292 1321 hoc
2358 1268 2478 1322 loco
2535 1267 2997 1321 considerandum
3045 1268 3168 1319 erit.
3202 1266 3516 1335 Superemi-

1938 1376 2073 1413 nens
2125 1369 2179 1413 et
2231 1359 2576 1414 divinissima
2621 1359 3081 1427 sanctissimaque
3119 1357 3360 1410 Trinitas
3412 1374 3518 1410 nu-

1938 1467 2149 1504 merum
2196 1453 2590 1521 septenarium,
2639 1467 2803 1521 quem
2853 1453 3016 1506 ctiam
3065 1451 3279 1505 allinem
3338 1449 3519 1520 posuit

1937 1547 2064 1598 huic
2085 1560 2199 1599 suae
2223 1544 2581 1604 multitudini,
2609 1545 2767 1598 initio
2795 1546 2950 1613 juxta
2971 1544 3381 1599 iuserutahilem
3403 1557 3518 1597 sua:

1937 1638 2222 1707 sapientiae
2263 1636 2692 1706 profunditatem
2747 1638 2942 1707 aequali
3000 1653 3229 1690 numero
3256 1635 3358 1689 sibi
3412 1634 3516 1702 ipsi

1936 1732 2286 1793 convolvens,
2312 1745 2599 1784 numerum
2637 1729 2832 1798 viginti
2862 1739 3102 1798 quatuor
3137 1726 3399 1782 ostendit.
3425 1723 3516 1779 Si-

1936 1821 2156 1892 quidem
2187 1830 2269 1876 ter
2297 1831 2504 1890 septem
2548 1821 2741 1889 viginti
2775 1829 2827 1874 et
2866 1835 3037 1874 unum
3070 1818 3332 1882 elliciunt,
3354 1815 3522 1888 690

1935 1914 2026 1983 qui
2054 1922 2140 1968 est
2165 1927 2431 1966 numerus
2465 1912 2726 1967 deﬁciens
2765 1928 2794 1966 a
2830 1911 3023 1980 viginti
3056 1919 3298 1980 quatuor
3339 1922 3520 1963 terna-

1935 2008 2041 2071 rio,
2071 2007 2168 2076 qui
2199 2007 2471 2062 ternarius
2527 2005 2725 2060 divinae
2774 2004 3027 2059 Trinitati
3082 2004 3327 2058 omnium
3366 2017 3520 2057 crea-

1935 2100 2058 2154 trici
2108 2108 2460 2155 consecratus
2516 2107 2602 2153 cst
2656 2116 2670 2155 :
2732 2098 2856 2153 ideo
2907 2113 3129 2167 quoque
3174 2096 3516 2164 septenarius

1936 2192 2384 2254 numerustertio
2416 2190 2854 2243 circumvolutus
2896 2204 3006 2243 una
3026 2203 3152 2241 cum
3185 2184 3514 2241 circumvol-

1936 2293 2098 2338 vente
2155 2281 2396 2336 ternario
2445 2297 2734 2336 numerum
2779 2282 2970 2350 viginti
3003 2290 3240 2350 quatuor
3269 2279 3510 2351 perfecit.

1936 2373 2242 2444 Septenarii
2291 2384 2473 2427 autem
2525 2374 2739 2427 numeri
2787 2389 2916 2427 num
2953 2382 3101 2428 totus
3139 2374 3228 2426 hic
3277 2373 3515 2428 mundus

1934 2467 2213 2523 sensibilis
2245 2481 2415 2536 capax
2446 2476 2529 2520 est
2549 2466 2850 2521 secundum
2869 2481 3024 2520 suam
3064 2467 3319 2520 virtutem
3352 2482 3516 2520 mor-

1935 2561 2029 2616 tali
2068 2572 2279 2615 natura:
2356 2559 2578 2631 cngniltt
2641 2559 3080 2630 impossibilem?
3147 2556 3368 2629 Equali
3419 2573 3514 2612 au-

1936 2665 2042 2709 tem
2069 2668 2298 2708 numero
2323 2669 2447 2708 cum
2478 2653 2706 2708 sedibus
2737 2661 2867 2707 sunt
2901 2651 2953 2705 hi
2991 2651 3084 2721 qui
3111 2652 3322 2715 sedent,
3354 2658 3408 2705 et
3431 2665 3516 2704 sc-

1935 2751 2119 2804 niores
2140 2759 2293 2813 sunt,
2325 2746 2704 2817 nonjuniores
2727 2762 2742 2798 :
2769 2745 3029 2816 quoniam
3061 2744 3352 2814 promissio
3374 2758 3514 2813 quo--

1933 2857 2043 2912 que
2066 2840 2356 2896 haereditas
2386 2835 2769 2892 vetustissima
2797 2843 2901 2898 est,
2926 2843 3115 2904 utpote
3139 2843 3328 2904 parato
3355 2832 3514 2887 nobis

1938 2948 2106 3004 regno
2128 2942 2256 2987 ante
2299 2930 2492 2987 mundi
2552 2927 3047 2984 constitutionem:
3091 2941 3257 2995 porro
3291 2925 3379 2980 his
3419 2925 3514 2994 qui

1937 3033 2298 3096 praeparatum
2322 3023 2526 3078 habent
2546 3029 2672 3076 ante
2695 3020 2882 3075 mundi
2910 3019 3360 3073 constitutionem
3377 3030 3513 3085 prae-

1937 3119 2129 3180 mium.
2157 3131 2266 3170 non
2322 3123 2584 3182 tanquam
2641 3109 3061 3172 recentioribus,
3094 3110 3189 3164 sed
3248 3118 3513 3176 tanquam

1935 3208 2252 3265 inveteratis
2281 3206 2334 3261 in
2374 3206 2576 3262 divinis
2605 3204 2889 3275 praeceptis
2915 3203 3077 3256 datur
3104 3216 3329 3272 regnum
3352 3207 3515 3254 arter-

1934 3317 2086 3357 num.
2133 3300 2361 3354 Demum
2395 3313 2592 3353 aureas
2641 3297 2776 3351 dicit
2830 3309 2954 3350 esse
3002 3308 3235 3350 coronas
3272 3305 3292 3345 :
3333 3306 3513 3362 neque

1933 3393 2110 3463 potuit
2156 3392 2454 3462 quidquam
2518 3405 2655 3444 auro
2712 3388 3011 3459 pretiosius
3060 3399 3368 3458 proponere
3428 3384 3516 3439 his

1932 3484 2028 3554 qui
2061 3485 2113 3537 in
2156 3484 2259 3538 hac
2290 3483 2399 3538 vita
2434 3492 2723 3537 versantur
2746 3482 2812 3536 ad
2845 3480 3120 3536 ellicacem
3145 3487 3199 3534 et
3224 3490 3514 3549 operosam

1933 3574 2326 3645 cognitionem.

2011 3667 2080 3722 Et
2107 3678 2304 3738 septem
2356 3667 2631 3736 lampades
2658 3667 2792 3736 ignis
2829 3679 3088 3720 accensae.
3121 3663 3339 3735 Septem
3378 3664 3518 3718 lam-

1935 3764 2102 3832 pades
2130 3762 2248 3832 ipse
2278 3761 2670 3831 interpretatus
2691 3768 2775 3814 est
2818 3769 3024 3828 septem
3071 3758 3298 3829 spiritus
3341 3777 3355 3814 :
3394 3773 3520 3827 qum

1934 3865 2050 3920 aut,
2077 3853 2226 3911 sicut
2250 3855 2414 3910 habet
2436 3853 2629 3915 Isaias,
2658 3851 2844 3907 divina
2873 3851 3112 3920 Spiritus
3134 3851 3274 3905 dona
3306 3859 3518 3921 oportet

1934 3946 2257 4015 intelligere,
2306 3959 2503 4015 nempe
2541 3942 2848 4013 sapientiae,
2882 3941 3244 4005 fortitudinis,
3274 3939 3516 4007 consilii,

1932 4050 1986 4094 et
2009 4055 2130 4109 quae
2159 4046 2286 4110 post
2317 4039 2436 4092 hac
2463 4045 2773 4107 sequuntur
2805 4051 2821 4088 :
2857 4041 2975 4100 aut,
3007 4033 3155 4087 sicut
3178 4031 3418 4086 [renatus
3463 4038 3523 4085 et

1933 4130 2188 4186 Clemens
2227 4129 2322 4198 qui
2368 4127 2521 4183 varia
2581 4126 3011 4189 consarcinavit,
3044 4124 3419 4179 ministrantes
3463 4133 3522 4179 et

1935 4223 2246 4278 eminentes
2270 4235 2442 4292 supra
2465 4229 2695 4276 caeteros
2745 4217 2992 4274 ordines.
3028 4214 3249 4286 Septem
3274 4214 3519 4284 quidem,

1935 4328 2003 4368 eo
2024 4313 2171 4383 quod
2195 4313 2326 4367 huic
2367 4311 2577 4368 mundo
2613 4309 2962 4380 pmsidesnt,
2993 4308 3089 4376 qui
3135 4322 3260 4361 cum
3291 4319 3529 4360 numero

1939 4405 2250 4477 septenario
2279 4406 2465 4460 nescio
2492 4403 2627 4474 quid
2660 4408 2952 4475 cognatum
2995 4399 3157 4454 habet
3187 4415 3203 4452 :
3237 4407 3332 4452 aut
3354 4397 3524 4451 sicuti

1939 4500 2051 4568 iam
2115 4498 2505 4570 proposuimus
2548 4512 2561 4547 :
2601 4510 2852 4550 accensae
2896 4507 3044 4556 vero,
3072 4499 3292 4562 propter
3343 4488 3523 4544 conti-

233 4579 423 4630 ἓνυλον
459 4579 823 4643 ἀδιαλείπτως
858 4581 1093 4648 φωτίζον
1123 4586 1216 4635 καὶ
1263 4585 1480 4652 φλέγον.
1531 4589 1620 4640 Διὸ
1654 4589 1748 4642 καὶ
1792 4593 1820 4642 ὁ
1854 4585 1896 4639 D

1854 4585 1896 4639 D
1929 4606 2094 4644 unum
2115 4599 2359 4644 tenorem
2396 4604 2462 4642 ac
2503 4586 2917 4658 perpetuitatem
2968 4582 3346 4640 sanctimonia:
3375 4580 3521 4633 circa

234 4672 531 4741 προφήτης
562 4673 764 4740 φησίν
807 4692 826 4724 ι
888 4673 948 4726 '0
980 4675 1151 4728 ποιῶν
1181 4676 1306 4738 τοὺς
1348 4677 1618 4744 ἀγγέλους
1663 4680 1831 4734 αὐτοῦ

236 4778 549 4831 πνεύματα.
587 4782 605 4814 ι

308 5027 418 5080 Kal
465 5026 724 5082 ἐνώπιον
763 5029 870 5084 τοῦ
909 5031 1129 5098 θρόνου
1161 5033 1241 5096 ὡς
1279 5035 1564 5090 θάλασσα
1606 5040 1829 5110 ὑαλίνη

231 5120 416 5189 ὁμοία
453 5121 837 5188 κρυστάλλῳ.
873 5127 982 5178 Kal
1013 5126 1082 5179 ἐν
1110 5127 1280 5196 μέσῳ
1310 5129 1416 5181 τοῦ
1449 5133 1697 5198 θρόνου,
1731 5137 1830 5189 καί

233 5216 448 5278 κύκλῳ
480 5215 587 5268 τοῦ
611 5217 831 5282 θρόνου
873 5218 1144 5285 τέσσαρα
1173 5217 1285 5279 ζῶα
1316 5221 1574 5288 γέμοντα
1605 5225 1830 5291 ὀφθαλ-

227 5305 368 5376 μῶν
398 5307 742 5375 ἔμπροσθεν
770 5309 870 5362 και
901 5311 1171 5365 ὄπισθεν’
1198 5312 1296 5364 καί
1325 5313 1392 5365 τὸ
1418 5313 1564 5372 (tier
1586 5318 1648 5369 τὸ
1674 5318 1827 5385 πρῶ-

231 5418 345 5455 τον·
382 5399 592 5468 ὅμοιον
621 5403 824 5456 .uom
843 5418 858 5432 °
898 5404 997 5457 καὶ
1027 5403 1093 5456 τὸ
1119 5403 1402 5473 δεύτερον
1432 5407 1598 5471 ζῶον,
1626 5410 1831 5478 ὅμοιον

227 5493 473 5562 μόσχφσ
503 5492 603 5545 καὶ
633 5492 700 5546 τὸ
729 5493 931 5561 τριτον
959 5492 1104 5553 ζῶον
1123 5535 1137 5557 ,
1176 5496 1322 5564 ἕχον
1359 5500 1689 5563 πρόσωπον
1716 5501 1826 5554 ἀν-

230 5583 501 5652 υρώπου·
526 5583 626 5637 καὶ
656 5586 724 5637 τὸ
750 5585 1035 5652 τέταρτον
1059 5586 1267 5655 ὅμοιον
1317 5586 1470 5653 ἀετῷ
1499 5591 1824 5659 πετομένῳ.

307 5677 572 5749 Θαλάσσῃ
604 5676 898 5743 ἀπεικάζει
924 5679 985 5734 τὸ
1025 5679 1363 5734 κατενώπιον
1393 5680 1486 5734 τοῦ
1519 5681 1732 5753 θρόνου,
1768 5685 1830 5738 τὸ

309 5859 350 5892 ¹¹
391 5858 670 5925 Psal.cnt,
693 5859 743 5914 ι.

1939 4682 2150 4736 divina.
2180 4680 2333 4736 Talis
2366 4689 2450 4733 est
2481 4693 2716 4748 namque
2745 4687 2800 4730 et
2823 4674 2964 4744 ignis
3000 4674 3088 4728 hic
3119 4669 3417 4726 materialis
3439 4669 3522 4724 in.

1930 4785 2211 4848 cessanter
2265 4773 2584 4828 illutninans
2613 4786 2678 4824 ac
2730 4768 3113 4825 inﬂammans:
3147 4764 3269 4818 ideo
3300 4774 3520 4832 quoque

1927 4872 2006 4924 ait
2042 4869 2311 4938 Propheta
2365 4886 2379 4922 :
2417 4887 2435 4919 ι
2471 4867 2576 4933 Qui
2601 4864 2732 4920 facit
2767 4863 2989 4931 angelos
3019 4873 3151 4914 suos
3199 4856 3426 4927 spiritus
3464 4863 3520 4911 et

1938 4964 2226 5017 ministros
2255 4976 2385 5015 suos
2415 4959 2593 5026 ignem
2626 4965 2872 5011 urentem
2898 4953 2962 5004 ¹¹.
2999 4970 3018 5004 ι

2007 5052 2094 5119 IV,
2124 5051 2252 5118 6,7.
2279 5050 2346 5104 Et
2377 5051 2431 5102 in
2455 5057 2734 5115 conspectu
2768 5044 2944 5098 throni
2968 5049 3223 5108 tanquam
3261 5051 3409 5089 mare
3439 5034 3490 5087 ιιι

1935 5155 2109 5198 treum
2145 5142 2322 5198 simile
2371 5139 2649 5210 crystallo.
2681 5136 2747 5190 Et
2779 5136 2835 5189 in
2877 5133 3104 5188 circuitu
3157 5129 3331 5183 throni
3389 5143 3507 5196 qua.

1934 5248 2054 5291 mor
2091 5235 2344 5288 animalia
2374 5235 2529 5301 plena
2554 5230 2724 5284 oculis
2755 5240 2874 5282 ante
2907 5235 2956 5279 et
2985 5233 3160 5278 retro:
3187 5231 3237 5274 et
3288 5218 3520 5288 primum

1929 5325 2321 5379 animalsimite
2350 5323 2583 5386 leoni,“
2642 5318 2936 5374 secundum
2987 5309 3192 5367 animal
3233 5307 3410 5363 simile
3443 5307 3517 5359 nio

1931 5417 2064 5480 talo,
2097 5425 2147 5467 et
2187 5414 2402 5468 tertium
2454 5411 2659 5465 animal
2693 5406 2887 5462 habens
2928 5405 3119 5475 faciem
3169 5400 3419 5463 hominis,
3468 5403 3518 5452 et

1927 5514 2175 5574 quartum
2211 5504 2413 5557 animal
2455 5501 2636 5557 simile
2677 5499 2874 5570 aquila
2902 5494 3126 5552 volanti.

2004 5686 2136 5743 Mari
2166 5686 2436 5744 assimilat
2467 5685 2520 5741 id
2576 5683 2722 5755 quod
2763 5690 2849 5739 est
2884 5680 2937 5736 in
2971 5683 3267 5750 conspectu
3303 5669 3511 5738 throni.
