4256 6440
776 410 837 440 [ﬁ

773 441 830 469 dt

1587 402 1909 464 ARETHE
1946 402 2253 462 C.ES.\RE
2281 399 2324 457 ῐΞ
2360 398 2848 463 CAPPADOCl/E
2888 403 3229 466 EPISCOPI

3929 406 4034 468 57?.

776 525 1066 576 maximam
1108 531 1162 574 et
1201 517 1685 587 incomparabilem
1732 516 2052 585 signiﬁcans
2101 515 2344 567 multitn-
2383 518 2457 570 At

2383 514 2683 584 Αᾶπειων
2745 519 2837 570 καὶ
2888 519 3208 570 ἀνείκαστον
3267 519 3469 588 πλῆθος
3529 520 3638 570 τῶν
3693 522 4037 575 κυκὶούντιινν

771 616 955 669 dinem
1008 615 1320 666 divinarum
1357 611 1616 662 virtutum
1643 623 1764 676 quae
1807 609 1860 659 in
1890 608 2120 660 circuitu
2165 607 2345 659 throni

774 706 866 758 Dei
897 713 1048 767 sunt,
1087 701 1231 772 quod
1263 711 1317 754 et
1341 698 1528 752 Daniel
1564 697 1874 766 signiﬁcare
1900 698 2010 750 vult
2041 712 2135 764 per
2170 695 2347 748 mille-

773 793 988 846 narium
1017 801 1071 845 et
1124 789 1482 858 myriadieum
1523 803 1834 841 numerum.
1866 787 2106 840 Vitreum
2164 794 2346 838 autem

773 899 923 938 mare
946 892 999 937 et
1025 869 1398 950 cr'ystallinam
1428 880 1591 952 691
1630 881 1836 934 habens
1868 879 2128 947 speciem,
2164 878 2348 946 splen-

771 979 958 1031 dorem
993 977 1239 1047 designat
1269 977 1714 1046 incorporearum
1745 985 2064 1028 naturarum
2091 983 2145 1029 et
2175 975 2348 1043 ipsius

773 1071 978 1132 throni.
1012 1071 1127 1125 sive.
1182 1071 1439 1139 angelica:
1473 1071 1600 1121 vitae
1640 1069 2114 1138 tranquillitatem,
2144 1078 2203 1120 ut
2230 1083 2352 1136 quae

774 1162 1124 1216 immobiliter
1152 1162 1523 1230 conglutinata
1577 1162 1649 1215 sit
1679 1162 1824 1215 sicut
1867 1162 2065 1214 vitrum
2122 1168 2178 1213 et
2236 1176 2354 1230 cry-

773 1251 991 1315 stallus,
1015 1252 1096 1305 sic
1127 1260 1183 1305 ut
1214 1253 1359 1306 nulla
1384 1254 1544 1305 sorde
1569 1253 1920 1307 obtenebrata
1953 1251 2018 1305 ad
2049 1251 2356 1307 insensatas

773 1342 1110 1397 turbationea
1141 1343 1626 1397 circumﬂectatur.

849 1433 915 1485 Et
943 1435 996 1486 in
1029 1435 1253 1487 circuitu
1299 1437 1472 1487 throni
1514 1447 1744 1503 quatuor
1777 1437 2057 1490 animalia.
2103 1437 2357 1504 Quatuor

776 1524 890 1576 lucc
913 1523 1167 1576 animalia
1209 1525 1458 1578 nonnulli
1481 1535 1535 1579 et
1565 1534 1800 1595 quatuor
1822 1527 2113 1596 Evangelia
2141 1539 2194 1582 et
2222 1543 2359 1596 qua-

775 1623 896 1666 tuor
923 1615 1204 1680 generales
1224 1627 1556 1686 acceperunt
1586 1620 1812 1672 virtutes
1847 1637 1860 1672 :
1897 1630 1954 1672 ut
2007 1621 2093 1675 leo
2135 1623 2355 1690 qu‘rJem

773 1708 1046 1776 signiticet
1095 1708 1490 1771 fortitudinem,
1534 1721 1586 1763 et
1634 1709 1988 1779 Evangeliuin
2055 1715 2356 1766 secundum

772 1801 1065 1865 Joannem,
1094 1803 1237 1870 quod
1268 1803 1432 1855 etiam
1466 1803 1944 1858 sanetuslrenzeus
1979 1804 2360 1873 Lugdunensis

775 1894 911 1946 dicit
938 1894 1126 1947 aeterni
1171 1895 1322 1962 regni
1372 1895 1792 1963 signiticativum
1848 1912 1990 1960 esse,
2053 1913 2146 1965 per
2176 1896 2358 1950 illud:

781 2001 801 2032 ‹
845 1983 900 2037 In
934 1985 1203 2054 principio
1237 1994 1356 2039 erat
1413 1985 1646 2040 Verbum
1685 2006 1696 2039 :
1741 2007 1759 2038 ι
1807 2004 1901 2056 per
1925 1990 2152 2042 vitulum
2181 1999 2360 2044 autem

773 2073 1043 2144 justitiam
1101 2087 1360 2144 tauquam
1419 2075 1658 2145 propriis
1704 2086 2012 2130 contentam
2064 2079 2362 2144 laboribus,

777 2176 829 2219 et
858 2164 1211 2235 Evangelium
1243 2167 1398 2235 juxta
1451 2166 1678 2233 Lucam,
1725 2177 1984 2236 tanquam
2039 2170 2280 2237 legitime
2309 2180 2363 2225 et

779 2259 1101 2315 sacerdotali
1139 2261 1299 2312 modo
1331 2259 1534 2312 Christi
1569 2261 1943 2330 genealogiam
1984 2263 2302 2318 describens
2345 2282 2360 2318 :

782 2366 878 2419 per
911 2353 1151 2419 aquilam
1186 2367 1314 2404 vero
1351 2354 1792 2421 temperantiam,
1826 2369 1948 2405 nam
1983 2354 2048 2406 de
2080 2355 2182 2409 hac
2209 2358 2365 2410 testi-

781 2444 1025 2496 monium
1055 2445 1217 2497 datur
1251 2445 1380 2499 huic
1403 2445 1650 2505 animali,
1690 2455 1746 2498 et
1801 2444 2154 2514 Evangelium
2203 2448 2362 2516 juxta

783 2533 1048 2595 Marcum,
1109 2544 1294 2602 utpote
1343 2536 1794 2604 compendiosum
1845 2548 1898 2591 ct
1952 2554 1981 2591 a
2042 2539 2364 2608 prophetico

783 2621 993 2694 Spiritu
1032 2626 1323 2695 incipiens.
1351 2626 1524 2682 Porro
1562 2644 1657 2697 per
1682 2629 1956 2683 hominem
1995 2632 2362 2699 prudentiam,

781 2730 835 2772 et
867 2717 1218 2787 Evangelium
1247 2721 1400 2787 juxta
1432 2721 1769 2788 Mattlueuni,
1799 2734 1858 2776 ut
1900 2725 1992 2792 qui
2040 2726 2364 2780 naturaliter

781 2819 972 2864 etnon
1011 2812 1128 2880 lege
1155 2812 1531 2880 praedicaverit
1577 2814 1780 2867 Christi
1815 2816 2180 2869 nativitatem.
2231 2814 2364 2868 For-

785 2903 948 2957 tassis
983 2912 1165 2959 autem
1199 2915 1248 2957 et
1279 2921 1374 2973 per
1397 2908 1510 2960 luce
1548 2907 1884 2977 signiticatur
1907 2907 2110 2963 Christi
2139 2909 2364 2978 dispen-

781 2998 924 3048 sat’o
964 3017 974 3050 :
1009 3011 1104 3064 per
1143 2996 1382 3059 leonem.
1429 3005 1691 3068 tanquam
1751 3016 1841 3052 rex
1881 3001 2192 3056 ostenditur
2223 3020 2236 3055 :
2268 3017 2365 3070 per

784 3087 1037 3153 vitulum,
1059 3098 1118 3142 ut
1139 3089 1416 3152 sacerdos,
1445 3091 1552 3143 imo
1583 3093 1754 3160 magis
1780 3101 1837 3145 ut
1871 3093 2233 3161 sacriﬁcium;
2268 3110 2364 3163 per

785 3178 1084 3243 hominem,
1146 3181 1289 3249 quod
1335 3191 1555 3250 propter
1610 3199 1708 3236 nos
1743 3184 1824 3235 vir
1871 3183 1941 3236 sit
1966 3183 2190 3237 eﬂectus
2225 3206 2236 3240 :
2269 3201 2363 3254 per

781 3270 1044 3338 aquilam.
1079 3280 1338 3340 tanquam
1363 3275 1522 3325 dator
1555 3274 1750 3327 vivitici
1788 3273 2028 3342 Spiritus
2087 3291 2150 3330 ac
2197 3292 2362 3346 super

783 3377 976 3414 omnes
1001 3362 1328 3416 devolantis.
1357 3364 1463 3417 Aut
1493 3365 1637 3433 quod
1679 3381 1777 3434 per
1809 3375 2047 3434 quatuor
2071 3367 2187 3420 haec
2234 3370 2360 3421 ani-

785 3455 948 3508 malia
1004 3453 1099 3508 Dei
1134 3465 1415 3523 aSpectnm
1449 3469 1774 3526 asseqnatur
1818 3471 2067 3514 creatura
2124 3476 2188 3514 ex
2229 3477 2366 3531 qna-

787 3555 910 3598 tuor
933 3547 1218 3600 elementis
1243 3549 1531 3602 commista
1561 3567 1574 3603 :
1604 3566 1794 3615 nempe
1830 3551 1974 3618 igne,
2007 3567 2171 3616 aqua,
2198 3563 2364 3616 terra,

784 3653 930 3700 aere,
966 3649 1221 3708 tanquam
1254 3640 1366 3692 ha-c
1385 3643 1642 3694 animalia
1674 3643 1790 3696 visa
1835 3645 1901 3696 ad
1933 3644 2364 3714 designationem

786 3731 1187 3783 nntndanorum
1233 3734 1626 3787 elementorum
1687 3736 1996 3789 referantur
2050 3756 2063 3790 :
2108 3736 2192 3790 leo
2239 3739 2365 3806 qui—

785 3823 933 3886 dem,
959 3833 1175 3890 propter
1206 3825 1611 3879 animositatem
1661 3835 1714 3880 et
1762 3827 2046 3881 audaciam
2089 3830 2156 3882 ad
2185 3830 2364 3897 ignem

786 3912 1222 3980 designandum;
1260 3914 1462 3969 vitulus
1493 3925 1701 3983 autem,
1749 3928 1970 3987 propter
2021 3921 2367 3987 operationes

787 4005 932 4057 circa
978 4016 1202 4062 terram.
1245 4007 1418 4075 ipsam
1463 4019 1664 4062 terram
1708 4025 1871 4078 quam
1909 4025 2152 4076 exercet;
2205 4013 2368 4066 homo

788 4111 919 4149 vero
953 4111 1154 4160 acrem,
1191 4097 1458 4166 siquidem
1496 4100 1658 4152 homo
1709 4101 1946 4154 cwlestis
1997 4117 2060 4154 ac
2117 4102 2368 4157 sublimis

788 4198 1042 4240 creatura
1106 4196 1191 4240 est
1249 4200 1470 4258 pr0ptcr
1530 4192 1730 4244 mentis
1781 4193 2162 4246 subtilitatem.
2198 4193 2368 4246 Porro

789 4279 966 4346 aquila
1027 4280 1093 4332 ad
1145 4293 1344 4348 aquam
1398 4281 1827 4349 designandum;
1884 4301 1951 4338 ex
2017 4288 2176 4355 aquis
2222 4287 2366 4342 enim

789 4379 964 4422 nacta-
987 4380 1117 4423 sunt
1148 4373 1399 4425 volucres
1436 4375 1870 4440 generationem.

863 4459 951 4526 IV,
985 4465 1074 4515 8-1
1094 4463 1141 4515 ι.
1183 4462 1246 4514 Et
1275 4475 1502 4531 quatuor
1527 4467 1845 4518 animalium
1867 4469 2078 4537 singula
2107 4471 2364 4526 habebant

2394 3227 2437 3284 C

3975 620 4039 667 ὐ

2455 701 2549 754 καὶ
2581 704 2776 772 Δανιὴλ
2798 705 2886 755 διὰ
2916 705 3008 756 τοῦ
3042 706 3291 773 χιλιακοῦ
3318 709 3411 758 καὶ
3445 707 3768 777 μυριαδικοῦ
3801 709 4038 777 ἀριθμου

2455 797 2729 864 παριστᾷ-ι
2755 794 3024 864 βούλεται.
3069 797 3133 848 'H
3159 797 3215 849 δὲ
3250 796 3440 865 ὑαλίνη
3466 798 3560 849 καὶ
3585 799 4041 866 κρυσταλλοειδῆ

2455 885 2700 940 θάλασσα
2771 888 2868 955 τὴν
2925 887 3208 953 διαύγειαν
3268 889 3377 940 τῶν
3458 890 3770 958 ἀσωμάτων
3822 889 4040 957 φύσεων

2458 976 2814 1045 σημαίνοντος
2863 979 3029 1035 ἐστιν,
3064 978 3158 1030 καὶ
3188 977 3282 1028 τοῦ
3322 979 3448 1045 περὶ
3475 977 3568 1029 τὸν
3605 977 3795 1046 Θρόνον
3818 1018 3832 1037 .
3870 979 4040 1046 ἤγουν

2457 1068 2553 1137 τῆς
2583 1069 2880 1138 ἀγγελικῆς
2909 1069 3054 1136 ζωῆς
3084 1070 3144 1120 το
3172 1069 3472 1138 ἀτάραχον,
3506 1071 3602 1124 au
3637 1073 3913 1136 ἀκινήτως
3963 1070 4039 1132 ὡς

2461 1160 2622 1222 ὕαλος
2643 1165 2924 1230 πεπηγυῖα
2953 1162 3044 1214 καὶ
3070 1161 3430 1228 κρύσταλλος,
3463 1163 3541 1231 τῷ
3571 1163 3701 1232 μηδὲ
3737 1165 3837 1232 μιᾷ
3865 1163 4040 1230 una

2464 1254 2801 1322 σκοτουμένη
2843 1255 2978 1324 πρὸς
3021 1255 3281 1325 ἀνοήτους
3318 1255 3688 1325 περισπᾶσθαι
3734 1255 4038 1325 κλονήσεις.

2455 607 2615 658 θεέων
2660 609 2945 677 δυνάμεων
2974 611 3052 679 τῷ
3096 611 3271 680 θρόνῳ
3318 611 3598 681 σημαίνων
3626 613 3719 664 τοῦ
3763 613 3920 667 Θεοῦ.

2541 1429 2809 1494 Τέσσαρα
2842 1428 2954 1489 ζῶα
2978 1430 3257 1498 γέμοντα.
3309 1429 3497 1482 Ταῦτα
3527 1429 3594 1482 τὰ
3637 1429 3882 1498 τέσσαρα
3923 1431 4040 1492 ζῶά

2464 1537 2628 1582 τινες,
2660 1521 2756 1572 καὶ
2784 1521 2852 1572 τὰ
2899 1522 3142 1591 τέσσαρα
3165 1522 3475 1588 Εὐαγγέλια
3502 1523 3594 1573 καὶ
3624 1522 3722 1582 τὰς
3769 1523 4040 1590 τέσσαρας

2464 1614 2686 1679 γενικὰς
2717 1613 2917 1681 ἀρετὰς
2948 1613 3223 1678 ἐξέλαϐον,
3249 1614 3342 1666 τοῦ
3371 1613 3469 1682 μὲν
3497 1613 3710 1675 λέοντος
3753 1613 4039 1684 δηλοῦντος

2464 1706 2564 1775 τὴν
2600 1706 2852 1776 ἀνδρείαν
2912 1708 3007 1758 καὶ
3029 1707 3090 1758 τὸ
3135 1707 3278 1759 κατά
3321 1709 3576 1776 Ἰωάννην
3623 1709 3976 1774 Εὑαγγὲλιον,
4010 1708 4039 1758 ὃ

2467 1799 2562 1847 καὶ
2590 1795 2874 1863 Εἰρηναῖος
2903 1797 2931 1847 ὁ
2961 1797 3296 1864 Λουγδούνου
3322 1799 3475 1864 ἀγιός
3506 1817 3637 1868 φησι
3662 1800 3761 1868 τῆς
3795 1817 4039 1869 προαιω-

2467 1888 2582 1939 νίου
2633 1887 2907 1954 βασιλείας
2959 1885 3097 1941 εἶναι
3139 1890 3471 1960 δηλωτικὸν,
3524 1893 3614 1942 διὰ
3669 1892 3801 1944 τοῦ·
3865 1911 3882 1942 ι
3955 1894 4042 1943 Ἢν

2466 1979 2608 2048 ἀρχῇ
2643 1975 2710 2048 ἦν
2752 1980 2779 2030 ὁ
2815 1981 2987 2047 Λόγος
3011 1997 3025 2011 ο
3070 2001 3088 2032 s
3135 1981 3230 2033 τοῦ
3266 1982 3323 2034 δὲ
3371 1985 3592 2052 μόσχου,
3623 1986 3724 2052 τὴν
3764 1984 4043 2037 δικαιοσύ-

2465 2086 2586 2138 νην,
2625 2070 2720 2122 ἆτε
2759 2075 2870 2135 τοῖς
2912 2073 3137 2134 οἰκείοις
3188 2075 3531 2142 ἀρκουμένου
3581 2075 3790 2140 πόνοις,
3844 2078 3936 2129 καὶ
3981 2077 4041 2128 τὸ

2467 2164 2606 2214 κατᾶ
2634 2165 2848 2215 Λουκᾶν
2875 2165 3226 2231 Εὑαγγέλιον,
3259 2165 3333 2227 ὡς
3363 2166 3601 2234 νομικῶς
3626 2168 3721 2219 καὶ
3753 2168 4040 2237 ἱερατικῶς

2464 2256 2556 2308 τὸν
2602 2257 2836 2326 Χριστὸν
2891 2258 3397 2326 γενεαλογήσαντασ
3452 2258 3546 2310 τοῦ
3613 2259 3669 2311 δὲ
3732 2259 3891 2311 ἀετοῦ
3944 2261 4042 2329 τὴν

2472 2352 2854 2418 σωφροσύνηνο
2897 2350 3090 2419 (ταύτῃ
3131 2351 3240 2420 γὰρ
3269 2353 3629 2421 μαρτυρεῖται
3674 2353 3733 2403 τὸ
3759 2352 3919 2418 ζιῖον)
3950 2361 4042 2404 καὶ

2464 2441 2526 2492 τὸ
2557 2442 2700 2492 κατά
2736 2443 2961 2510 Μάρκον
2998 2441 3328 2508 Εὐαγγέλιον
3366 2442 3632 2510 σύντομον
3668 2442 3748 2505 ὃν,
3787 2443 3882 2496 καὶ
3931 2443 4041 2495 ἀπὸ

2466 2532 2559 2585 τοῦ
2589 2533 2930 2602 προφητικοῧ
2967 2533 3278 2601 ιινεύματος
3321 2532 3664 2606 ἀρξάμενονο
3709 2532 3804 2587 τοῦ
3849 2535 3905 2586 δὲ
3947 2535 4042 2586 ἀν·

2467 2626 2686 2695 ὑρὼπου
2709 2627 2806 2694 τὴν
2845 2627 3128 2696 φρόνησιν,
3157 2629 3251 2680 καὶ
3282 2627 3344 2679 τὸ
3374 2629 3515 2681 κατά
3554 2627 3831 2680 Ματθαῖον
3865 2627 4044 2694 Εὐαγ-

2466 2720 2666 2785 γέλιον,
2697 2719 2772 2781 ὡς
2804 2720 3049 2787 φυσικῶς
3082 2720 3176 2770 καὶ
3228 2720 3289 2771 οὐ
3323 2719 3474 2788 νόμῳ
3500 2719 3746 2790 κηρύξας
3770 2720 3870 2788 τὴν
3911 2720 4044 2789 Χρι-

2468 2807 2594 2860 στοῦ
2625 2809 2904 2876 γέννησιν.
2941 2806 3098 2872 Ἰσως
3136 2809 3192 2861 δὲ
3221 2808 3317 2860 καὶ
3339 2809 3426 2862 διὰ
3462 2809 3675 2862 τούτων
3695 2812 3727 2878 ὴ
3757 2809 4046 2878 οἰκονομία

2467 2901 2705 2970 Χριστοῦ
2743 2900 3012 2970 δηλοῦται.
3064 2903 3164 2954 Διά
3214 2901 3308 2954 τοῦ
3342 2902 3593 2964 λέοντος,
3642 2903 3718 2964 ὡς
3763 2902 4042 2972 βασιλεύς.

2468 2993 2566 3044 Διά
2599 2993 2692 3045 τοῦ
2740 2993 2964 3062 μόσχου,
3001 2993 3077 3054 ὡς
3118 2993 3322 3062 ἱερεὺς,
3361 2994 3562 3063 μᾶλλον
3584 2996 3643 3048 δὲ
3689 2997 3780 3048 καὶ
3823 2997 4043 3064 ἱερεῖον.

2467 3086 2568 3138 Διὰ
2598 3085 2692 3136 τοῦ
2721 3083 3014 3154 ἀνθρώπου
3047 3086 3122 3147 ὡς
3167 3085 3234 3136 δι’
3283 3088 3428 3156 ἡμᾶς
3459 3087 3771 3157 ἀνδρωθείς.
3819 3090 3921 3140 Διά
3948 3089 4044 3141 τοῦ

2469 3179 2654 3240 ἀετοῦ,
2706 3178 2782 3241 ὡς
2827 3180 3063 3248 χορηγὸς
3115 3179 3208 3230 τοῦ
3263 3178 3529 3242 ζωοποιοῦ
3579 3179 3892 3248 Πνεύματος
3952 3182 4047 3233 καὶ

2473 3274 2567 3324 ἐπὶ
2600 3275 2810 3335 πάντας
2842 3272 3242 3335 καταπτάντος.
3279 3274 3346 3325 Ἦ
3371 3275 3454 3325 ὅτι
3487 3274 3573 3326 διὰ
3607 3275 3717 3326 τῶν
3762 3275 4048 3344 τεσσάρων

2473 3363 2680 3415 τούτων
2715 3360 2891 3427 ζώων,
2923 3363 3045 3432 ἢὲκ
3076 3362 3186 3416 τῶν
3217 3364 3500 3432 τεσσάρων
3530 3365 3832 3434 στοιχείων,
3848 3365 4045 3434 πυρὸς.

2475 3453 2681 3516 ὓδατος,
2709 3454 2832 3522 γῆς,
2860 3455 3041 3522 ἀέρος,
3059 3455 3362 3525 conpare;
3383 3456 3557 3519 κτίσις
3579 3457 3676 3525 τῆς
3701 3458 3931 3526 ὲποψίας
3953 3458 4049 3510 τοῦ

2474 3546 2608 3598 Θεοῦ
2642 3547 2955 3614 τυγχάνειν,
2988 3545 3063 3609 ὡς
3098 3546 3162 3598 ὲκ
3189 3546 3397 3599 τούτοιν
3438 3548 3746 3615 ὁραθέντων
3783 3549 3938 3612 ζώων
3967 3553 4049 3612 εις

2475 3637 2824 3689 ὑποτύπωσιν
2845 3638 3268 3707 ἀναφερομένων
3296 3639 3404 3690 τῶν
3435 3641 3720 3708 κοσμικῶν
3743 3642 4047 3711 στοιχείων,

2473 3729 2684 3791 λέοντος
2722 3730 2842 3797 μὲν.
2863 3729 2954 3782 διά
2983 3729 3043 3782 τὸ
3071 3729 3304 3799 Θυμικδν
3334 3731 3428 3783 καὶ
3455 3730 3680 3800 Θερμὸν,
3711 3735 3790 3796 εἰς
3821 3734 3881 3786 τὺ
3911 3733 4045 3804 πῦρ.

2473 3819 2692 3887 Μόσχου
2729 3818 2806 3878 δὲ,
2833 3819 2922 3872 διὰ
2949 3819 3017 3872 τὰ
3050 3820 3180 3889 περὶ
3209 3819 3307 3890 τὴν
3351 3821 3456 3888 γῆν
3483 3821 3622 3892 ἔργα
3659 3824 3738 3884 εις
3778 3824 3878 3893 τὴν
3918 3823 4048 3892 γῆν.

2487 3911 2805 3980 Ἀνθρώπου
2828 3911 2906 3972 δὲ,
2937 3911 3018 3974 εἰς
3046 3910 3138 3962 τὸν
3166 3911 3323 3979 ἀέρα.
3356 3913 3621 3982 Οὐράνιον
3650 3913 3760 3983 γὰρ
3785 3915 3880 3967 καὶ
3915 3933 4047 3985 μετ-

2477 4003 2670 4074 ἀρσιον
2703 4003 2873 4071 φυτὸν
2901 4002 3192 4072 ἄνθρωπος
3218 4002 3306 4055 διά
3337 4004 3438 4072 τὴν
3466 4003 3563 4056 τοῦ
3594 4005 3685 4058 νοῦ
3721 4007 4047 4076 λεπτότητα.

2488 4093 2674 4145 Ἀετοῦ
2705 4094 2762 4144 δὲ
2794 4094 2872 4156 εἰς
2911 4093 2972 4145 τὺ
3011 4093 3173 4162 ὕδωρ.
3219 4093 3307 4158 Ἐξ
3353 4094 3566 4150 ὑδάτων
3593 4095 3704 4166 γὰρ
3730 4098 3762 4168 ἡ
3793 4097 4051 4166 γέννησις

2473 4187 2584 4250 τοῖς
2613 4189 2852 4256 πτηνιῖς.

2548 4453 2656 4506 Καὶ
2699 4452 2968 4519 τέσσαρα
2991 4451 3104 4512 ζῶα
3138 4451 3210 4506 ἓν
3233 4453 3363 4508 καθ’
3390 4452 3481 4516 ἓν,
3503 4450 3676 4522 εἶχον
3699 4455 3820 4510 ἀνὰ
3841 4456 4055 4524 πτέρυ-

788 4554 906 4604 alus
940 4568 1090 4604 senas
1116 4553 1171 4604 in
1203 4553 1450 4612 circuitu.
1479 4563 1526 4605 et
1555 4553 1697 4608 intus
1725 4556 1878 4621 plena
1905 4567 2054 4610 erunt
2083 4559 2272 4612 oculis.
2301 4557 2366 4610 Et
2404 4579 2446 4635 υ

2404 4579 2446 4635 D
2479 4562 2584 4612 γης
2629 4543 2697 4605 ἓξ
2747 4543 3068 4596 κυκλόθεν.
3119 4541 3228 4594 Καὶ
3266 4542 3496 4595 ἔσωθεν
3531 4543 3786 4613 γέμοντα
3829 4545 4052 4612 ὀφθαλ-

788 4645 1017 4710 rrquiem
1051 4661 1149 4695 non
1175 4645 1365 4696 habent
1394 4645 1478 4696 die
1513 4662 1573 4696 ac
1609 4656 1758 4700 nocte
1784 4648 2016 4701 dicentia
2046 4661 2064 4699 .'
2113 4648 2366 4712 Sanctus,

786 4745 1026 4798 sanctus,
1045 4746 1286 4801 sanctus,
1313 4735 1572 4804 Dominus
1593 4737 1728 4791 Deus
1749 4741 2103 4808 omnipotens,
2122 4743 2212 4809 qui
2232 4753 2366 4808 erat,

785 4843 837 4880 et
861 4830 948 4896 qui
973 4838 1074 4891 est,
1098 4838 1146 4880 et
1177 4830 1265 4897 qui
1293 4830 1446 4882 venit.
1482 4829 1548 4882 Et
1565 4831 1980 4902 quandocunque
2002 4835 2237 4887 dederint
2273 4835 2371 4888 illa

790 4920 1050 4972 animalia
1115 4921 1340 4988 gloriam
1383 4931 1431 4973 et
1480 4922 1726 4975 honorem
1763 4924 1927 4993 692
1977 4935 2026 4978 et
2070 4927 2370 4995 gratiarum

789 5014 1048 5066 actionem
1083 5013 1282 5066 sedenti
1311 5015 1364 5065 in
1391 5014 1578 5066 throno
1607 5016 1698 5083 qui
1720 5017 1844 5068 virit
1889 5019 1942 5069 in
1977 5019 2174 5072 :wcula
2203 5037 2372 5074 sa'cu-

792 5106 988 5168 lorum,
1015 5105 1281 5171 procident
1306 5107 1488 5173 viginti
1509 5121 1735 5174 quatuor
1757 5108 1988 5161 seniores
2025 5123 2148 5164 ante
2187 5113 2370 5165 seden-

792 5208 894 5249 tem
921 5198 972 5250 in
1005 5198 1210 5259 throno,
1243 5209 1291 5252 et
1320 5201 1616 5251 adorabunt
1644 5202 1890 5253 viventem
1914 5204 1967 5255 in
1987 5205 2181 5258 srecula
2203 5222 2371 5259 stetu-

794 5287 989 5341 lorum.
1029 5286 1094 5339 Et
1126 5289 1371 5356 objicient
1404 5307 1625 5343 coronas
1673 5308 1795 5344 suas
1834 5305 1955 5345 ante
1991 5297 2256 5359 thronum,
2290 5299 2372 5349 rli-

793 5390 967 5432 centes
999 5397 1015 5432 :
1041 5380 1240 5449 Dignus
1277 5399 1350 5444 es,
1401 5382 1621 5436 Domine
1663 5395 1709 5438 et
1763 5383 1898 5438 Deus
1940 5401 2114 5441 noster
2166 5401 2366 5451 sancte,

795 5473 1030 5537 accipere
1071 5473 1294 5541 gloriam
1325 5485 1374 5527 et
1412 5476 1656 5529 honorent
1681 5494 1744 5530 ac
1777 5481 2086 5545 potentiam,
2124 5483 2373 5549 quoniam

801 5574 860 5613 tu
889 5564 1079 5616 creasti
1117 5567 1314 5629 omnia,
1359 5576 1407 5621 et
1445 5581 1654 5636 propter
1687 5569 2010 5622 voluntatem
2055 5583 2196 5624 luant
2225 5586 2373 5628 erant

801 5665 852 5707 ct
879 5667 1053 5710 creata
1094 5667 1238 5712 sunt.

2470 4633 2620 4702 μῶν,
2664 4633 2759 4686 καὶ
2818 4633 3170 4686 ἀνάπαυσιν
3203 4635 3315 4686 οὐκ
3373 4635 3631 4702 ἔχουσιν
3673 4635 3901 4703 ἡμέρας
3956 4639 4052 4690 καὶ

2474 4726 2695 4790 νυκτὸς
2734 4726 3017 4795 ,λέγοντες
3053 4741 3064 4752 ·
3099 4727 3311 4794 Ἀγιος,
3334 4726 3520 4795 ἅγιος,
3566 4728 3753 4797 ἅγιος,
3776 4731 3995 4797 Κύριος
4025 4734 4055 4782 ὁ

2477 4821 2620 4884 Θεὸς
2659 4823 2690 4872 ὀ
2714 4819 3153 4886 παντοκράτωρ,
3187 4822 3219 4871 ό
3250 4815 3347 4888 ἦν,
3373 4819 3470 4871 καὶ
3494 4821 3525 4873 ὁ
3555 4821 3662 4884 ὢν,
3697 4821 3795 4873 καὶ
3819 4825 3851 4874 ό
3883 4821 4053 4888 ἐρχόο

2469 4928 2673 4980 μενος.
2702 4911 2804 4963 Καὶ
2838 4909 2921 4962 ὅτ’
2957 4909 3033 4962 ἂν
3069 4909 3218 4963 δῶσι
3250 4911 3322 4964 τὰ
3354 4909 3464 4970 ζῶα
3484 4911 3691 4977 δόξαν,
3721 4912 3816 4965 καὶ
3848 4913 4051 4980 τιμὴν,

2475 5005 2570 5056 καὶ
2613 5004 3004 5070 εὐχαριστίαν
3043 5002 3122 5066 τῷ
3161 5004 3476 5072 καθημένῳ
3531 5005 3629 5057 ἐπὶ
3674 5005 3780 5057 τοῦ
3810 5008 4048 5072 θρόνου,

2477 5096 2553 5161 τῷ
2592 5095 2756 5155 ζῶντι
2793 5099 2880 5160 εἰς
2913 5095 3054 5159 τοὺς
3081 5094 3298 5160 αἰῶνας
3333 5096 3449 5148 τῶν
3488 5093 3738 5159 αἰώνων,
3790 5096 4052 5149 πεσοῦν-

2475 5207 2564 5242 ται
2596 5192 2650 5242 ol
2695 5187 3180 5254 εἰκοσιτέσσαρες
3215 5189 3599 5254 πρεσϐύτεροι
3638 5187 3896 5239 ἐνώπιον
3948 5189 4050 5241 τοῦ

2474 5282 2813 5349 καθημένου
2846 5281 2942 5333 ἐπὶ
2983 5281 3088 5333 τοῦ
3135 5281 3376 5346 θρόνου,
3409 5281 3505 5332 καὶ
3546 5281 4046 5346 προσκυνήσουσι

2478 5378 2554 5440 τῷ
2580 5375 2744 5434 (lira
2772 5377 2858 5438 εἰς
2889 5375 3030 5439 τοὺς
3059 5372 3280 5439 αἰῶνας
3335 5371 3453 5425 τῶν
3495 5374 3744 5426 αἰώνων.
3781 5377 3889 5427 Καὶ
3939 5375 4049 5437 βα·

2475 5469 2654 5522 λοῦσι
2693 5467 2836 5532 τοὺς
2875 5467 3217 5534 στεφάνους
3251 5464 3450 5518 αὐτῶν
3485 5465 3741 5518 ἐνώπιον
3770 5465 3876 5518 τοῦ
3921 5467 4039 5530 θρό-

2478 5577 2610 5618 νου,
2644 5557 2957 5626 λέγοντεςο
2999 5557 3199 5620 Ἀξιος
3233 5552 3306 5618 εἶ,
3366 5559 3398 5608 ό
3439 5556 3654 5622 Κύριος
3684 5556 3782 5608 καὶ
3825 5559 3858 5609 ό
3908 5556 4045 5619 Θεὸς

2480 5650 2649 5718 ἡμῶν
2704 5652 2736 5702 ό
2764 5649 2950 5715 ᾶγιος,
2982 5646 3188 5700 λαϐεῖν
3216 5645 3332 5712 τὴν
3363 5646 3542 5708 δόξαν
3587 5645 3685 5698 καὶ
3718 5645 3830 5710 τὴν
3876 5645 4048 5711 τιμὴν

2481 5743 2579 5794 καὶ
2626 5740 2739 5807 τὴν
2785 5740 3066 5806 δύναμιν.
3097 5739 3224 5789 Ὀτι
3271 5736 3353 5788 σὺ
3393 5736 3641 5799 ἔκτισας
3685 5736 3905 5800 πάντα,
3958 5740 4039 5788 καὶ

2482 5833 2579 5887 διὰ
2606 5832 2669 5886 τὸ
2697 5829 2930 5899 θέλημὰ
2953 5846 3070 5882 σου
3101 5824 3260 5899 ἦσαν
3289 5826 3385 5880 καὶ
3412 5827 3806 5895 ἐκτίσθησαν.
