4256 6440
256 397 362 458 573

1321 395 1712 457 COMMENT.
1752 394 1834 456 IN
1876 396 2404 459 APOCALYPSIN.

3410 410 3514 472 5⁸14

330 505 514 559 Εἰπὼν
552 505 622 560 τὰ
650 505 894 577 τέσσαρα
927 506 1043 570 ζῶα
1067 506 1136 560 τὰ
1162 509 1253 561 τὸν
1286 509 1476 577 θρόνον
1505 509 1830 573 κυκλοῦντα,
1863 508 1910 566 Α

1829 508 1910 566 ηᾹ
2011 510 2307 580 Postquam
2371 512 2506 565 dixit
2570 520 2808 581 quatuor
2853 514 3111 569 animalia
3169 515 3221 570 in
3282 519 3510 574 circuitu

253 600 352 650 καὶ
393 599 453 650 τὸ
485 594 623 662 εἶδος
648 600 882 652 ἑκάστου
927 598 1232 664 διεξελθὼν,
1267 602 1294 652 ὃ
1326 603 1421 653 καὶ
1449 602 1608 668 ἡμεῖς
1636 600 1712 663 ὡς
1739 603 1834 668 ἐφ-

255 689 407 740 ικτὸν
431 689 564 757 ἡμῖν
583 690 726 743 κατὰ
753 691 814 742 τὸ
831 691 953 743 κατ’
975 692 1134 756 ἀξίαν
1154 691 1304 744 δοθὲν
1326 691 1572 760 χάρισμα
1597 692 1835 762 παρεθέ-

256 781 420 848 μεθα,
449 781 532 832 ὅτι
564 781 625 833 τὸ
656 783 1013 852 προνοητικὸν
1042 784 1171 854 περὶ
1221 787 1402 837 πᾶσαν
1425 784 1524 848 τὴν
1556 784 1834 853 περίγειον

253 871 422 924 αὑτοῦ
447 873 624 927 κτίσιν
656 874 1032 945 παριστῶντός
1055 877 1172 929 ἐστι
1189 872 1282 929 τοῦ
1312 876 1469 941 Θεοῦ,
1493 875 1575 930 διδ
1591 879 1684 929 καὶ
1705 876 1833 930 τέσ-

254 980 402 1031 σαρα
439 964 554 1026 ζῶα
616 965 882 1037 ἰσάριθμα
916 969 983 1036 τῇ
1034 968 1330 1034 τετρακτύῐ
1366 967 1474 1019 τῶν
1510 968 1829 1037 ποιοτήτων,

251 1049 321 1102 δι’
348 1044 422 1102 ῶν
450 1052 518 1105 τὰ
549 1054 864 1123 στοιχειώδη
903 1055 1129 1123 σώματα
1173 1055 1377 1126 ὑπέστη
1415 1056 1566 1108 τοῦδε
1593 1055 1687 1109 τοῦ
1720 1055 1832 1109 ύλι-

252 1142 351 1194 κού
373 1142 601 1212 κόσμου,
626 1144 721 1196 νῦν
739 1146 832 1198 καὶ
849 1147 907 1199 τὺ
925 1147 1022 1216 τῆς
1037 1150 1382 1218 λειτουργίας
1393 1149 1694 1220 ὀξύρροπον
1718 1149 1832 1219 (20)

252 1235 434 1288 αὐτῶν
470 1236 822 1306 παρίστησιν,
871 1239 898 1291 ὃ
926 1241 1020 1292 καὶ
1049 1240 1212 1293 Δαυῖδ
1257 1238 1556 1310 παρίστησι
1599 1241 1688 1296 διὰ
1716 1241 1831 1305 τοῦ,

260 1342 280 1376 ι
317 1329 547 1380 Δυνατοὶ
604 1329 747 1399 ίσχύῖ
793 1331 1077 1394 ποιοῦντες
1127 1333 1219 1384 τὸν
1275 1333 1433 1399 λόγον
1486 1333 1674 1395 αὑτοῦ,
1737 1332 1833 1385 τοῦ

252 1418 485 1472 ἀκούσαι
515 1421 613 1489 τῆς
647 1423 831 1492 φωνῆς
882 1425 990 1478 τῶν
1039 1426 1214 1494 λόγων
1268 1426 1455 1490 αὐτοῦ,
1490 1446 1507 1478 ›
1541 1426 1705 1479 οἱονεὶ
1734 1428 1834 1480 οὐκ

253 1509 394 1580 ἔφθη
447 1511 509 1563 τὸ
545 1515 877 1583 πρόσταγμα
915 1517 1013 1587 τὴν
1064 1517 1375 1570 συντέλειαν
1422 1516 1517 1570 τοῦ
1575 1535 1834 1587 προτετα-

251 1604 480 1670 γμένου,
514 1605 624 1657 ἀλλ’
661 1606 720 1670 ἐξ
762 1608 930 1678 αὐτῆς
955 1611 1053 1679 τῆς
1105 1609 1323 1679 ἐντολῆς
1355 1610 1561 1681 ἠνύσθη
1604 1611 1662 1662 τὸ
1708 1611 1833 1680 βού-

251 1693 424 1763 λημα.
461 1697 532 1747 Τὸ
563 1698 724 1767 τάχος
749 1699 806 1751 δὲ
836 1701 922 1753 διὰ
965 1702 1074 1754 τῶν
1125 1701 1416 1773 πτερύγων
1450 1701 1508 1768 ἒξ
1570 1702 1836 1756 κατανύε-

255 1785 381 1838 σθαί
418 1803 583 1856 φησιν
617 1789 853 1860 ἑκάστῳ.
886 1791 1057 1846 Τοῦτο
1081 1795 1188 1862 γὰρ
1225 1795 1307 1855 τὸ,
1329 1792 1400 1846 ἒν
1434 1795 1561 1846 καθ’
1587 1793 1657 1847 ἒν
1691 1795 1829 1864 (21),

1944 601 2144 663 throni,
2178 609 2232 653 et
2269 600 2537 669 cujusque
2587 605 2813 670 tiguram
2853 603 3058 668 retulit,
3111 606 3255 674 quod
3307 616 3362 662 et
3391 626 3514 665 nos.

1941 705 2203 759 quantum
2244 693 2503 762 possibile
2535 693 2636 748 fuit
2663 695 2821 764 juxta
2850 695 3041 750 datum
3094 697 3253 752 nobis
3285 698 3511 767 donum,

1940 785 2124 839 debito
2151 786 2313 839 modo
2340 785 2738 851 enarravimus,
2783 803 2978 857 nempe
3011 788 3156 856 quod
3207 789 3520 859 signiﬁcent

1940 876 2035 930 Dei
2081 877 2478 946 providentiam
2529 891 2692 945 quam
2745 880 2967 936 exhibet
3016 880 3163 936 circa
3207 883 3517 940 universam

1941 985 2094 1023 suam
2133 977 2404 1022 terrenam
2429 979 2735 1023 creaturam
2773 988 2786 1024 :
2838 983 3002 1042 atque
3045 973 3254 1029 idcirco
3280 989 3520 1045 quatuor

1942 1061 2200 1115 animalia
2232 1062 2426 1130 mquali
2461 1062 2756 1116 constituta
2796 1073 2923 1120 sunt
2961 1081 3191 1122 numero
3218 1083 3343 1122 cum
3370 1085 3519 1137 qua-

1941 1151 2188 1206 ternione
2240 1151 2588 1220 qualitatum,
2641 1154 2844 1222 quibus
2904 1155 3228 1212 elementata
3287 1176 3517 1230 corpora

1942 1242 2023 1305 (ut
2050 1242 2119 1294 ita
2154 1242 2465 1314 loquamur)
2488 1244 2651 1314 hujus
2671 1245 2969 1302 nmterialis
3008 1250 3194 1304 mundi
3217 1254 3517 1307 constituta

1941 1345 2065 1387 sunt
2102 1352 2115 1388 :
2158 1349 2301 1388 nunc
2328 1349 2519 1388 eorum
2569 1351 2790 1405 quoque
2831 1339 3172 1394 demonstrat
3243 1344 3310 1396 ad
3356 1345 3518 1400 obse-

1940 1428 2065 1494 quia
2095 1426 2456 1488 alacritatem,
2487 1430 2628 1495 quod
2685 1440 2739 1483 et
2772 1427 2939 1484 David
2991 1433 3231 1487 ostendit
3279 1435 3469 1490 dicens
3501 1455 3517 1491 :

1947 1536 1964 1568 ι
2004 1517 2256 1570 Potentes
2289 1518 2487 1572 virtute
2511 1518 2772 1574 iacientes
2791 1523 3015 1577 verbum
3041 1525 3182 1580 illius
3206 1526 3272 1580 ad
3294 1528 3524 1583 audien-

1939 1610 2060 1662 dam
2086 1625 2270 1663 vocem
2295 1625 2610 1664 sermonum
2641 1610 2763 1678 ejus
2787 1613 2829 1642 ”
2861 1629 2873 1665 :
2921 1631 2939 1662 ι
2979 1613 3081 1668 hoc
3105 1626 3210 1680 est,
3239 1633 3346 1670 non
3385 1635 3523 1687 prae-

1941 1704 2087 1755 venit
2115 1711 2442 1770 praeceptum
2468 1703 2888 1769 completiouem
2920 1704 3041 1774 ejus
3068 1709 3215 1775 quod
3243 1711 3511 1777 praeordi-

1944 1806 2128 1848 natqu
2151 1802 2256 1857 est,
2290 1795 2381 1847 sed
2415 1794 2577 1847 simul
2623 1804 2680 1846 ut
2712 1796 2978 1864 przecipit.
3021 1796 3323 1867 perfectum
3359 1801 3520 1853 estid

252 1877 624 1946 ὲνυποςραίνει,
671 1881 760 1934 ἵνα
805 1884 879 1952 μή
912 1902 994 1947 τις
1019 1887 1116 1949 τὰς
1151 1886 1211 1949 ἒξ
1257 1886 1534 1956 πτέρυγας
1572 1887 1829 1950 ἀκούσας.
1871 1873 1911 1928 Β

1871 1873 1911 1928 Β
1941 1885 2086 1953 ψιυά
2132 1884 2268 1938 vult.
2305 1885 2476 1938 Porro
2508 1885 2849 1939 velocitatem
2887 1902 2981 1955 per
3021 1903 3184 1942 senas
3218 1890 3335 1944 alas
3392 1892 3523 1944 dicit

253 1973 409 2040 κοινῇ
443 1972 644 2037 ταύτας
682 1977 929 2045 προεῖναι
961 1977 1176 2048 νομίσῃ.
1219 1978 1294 2031 Τὸ
1333 1978 1390 2031 δὲ
1419 1981 1720 2032 κυκλόθεν
1772 1981 1832 2031 ού

251 2063 362 2114 τῶν
400 2064 708 2136 πτερύγων,
739 2068 875 2122 ἀλλὰ
907 2069 1014 2121 τῶν
1040 2069 1322 2140 τεσσάρων
1365 2071 1464 2141 τὴν
1498 2071 1690 2125 στάσιν
1737 2072 1835 2140 ὲμ-

252 2157 456 2221 φαίνει,
487 2158 567 2210 ὃτι
595 2157 671 2228 μὴ
695 2160 994 2229 στοιχηδὸν,
1026 2160 1164 2215 ἀλλὰ
1195 2161 1291 2216 καὶ
1315 2162 1571 2225 κυκλικὸς
1602 2159 1690 2232 ἦν.
1713 2164 1833 2217 Τῶν

251 2245 309 2300 δὲ
340 2251 626 2318 πτερύγων
650 2252 677 2304 ὁ
698 2250 933 2322 ἀριθμὸς
979 2254 1039 2306 τὸ
1075 2253 1230 2318 τέλος
1253 2254 1552 2309 αἰνίττεται
1597 2257 1695 2326 τῆς
1724 2256 1836 2309 λει-

249 2338 534 2405 τουργίας,
570 2340 743 2393 καὶτὸ
774 2341 910 2411 πρὸς
931 2341 960 2395 ὃ
985 2343 1018 2413 ἠ
1045 2342 1356 2413 λειτουργία
1379 2343 1554 2396 πέλει.
1585 2345 1692 2398 Καὶ
1725 2348 1833 2416 γὰρ

249 2428 280 2478 ὸ
312 2427 374 2492 ἒξ
392 2429 623 2499 ἀριθμὸς
675 2431 826 2499 παρὰ
848 2434 958 2495 τοῖς
981 2433 1047 2485 τὰ
1074 2432 1300 2488 τοιαῦτα
1322 2434 1553 2503 κομψοῖς
1574 2435 1832 2505 ἀνυμνεῖ-

250 2535 350 2573 ται
374 2535 389 2549 ·
423 2518 578 2572 οὐδὲν
617 2519 674 2574 δὲ
708 2522 859 2591 παρά
883 2524 996 2586 τοῖς
1024 2522 1123 2591 τὴν
1147 2521 1404 2593 αῖσθησιν
1436 2524 1834 2589 ἀναόεὸηκόσιν

250 2619 462 2683 ἀτελὲς,
489 2621 613 2675 οὐδὲ
640 2621 736 2693 τὴν
769 2625 832 2675 ὲκ
867 2619 1225 2691 μεταμελείας
1268 2619 1660 2690 συμπλήρωσιν
1681 2618 1835 2671 ἐκδε-

251 2715 505 2784 χόμενον.
541 2716 636 2780 Ἐξ
663 2717 719 2768 δὲ
755 2717 1012 2786 πτέρυξιν
1041 2717 1070 2768 ὁ
1101 2714 1246 2777 θεῖος
1270 2712 1546 2775 Διονύσιος
1570 2713 1641 2765 τὰ
1668 2712 1835 2784 νοερὰ

252 2805 371 2871 ζῶα
403 2806 731 2877 διηρτῆσθαί
755 2825 909 2878 φησι,
928 2809 1049 2861 δυσὶ
1072 2807 1140 2860 τὰ
1161 2807 1436 2878 πρόσωπα.
1465 2805 1830 2869 καλύπτοντα,

249 2903 371 2962 ταῖς
403 2900 458 2952 δὲ
494 2899 615 2952 δυσὶ
665 2901 790 2964 τοὺς
831 2900 1018 2964 πόδας,
1051 2901 1171 2961 ταῖς
1207 2898 1403 2968 μέσαις
1437 2898 1494 2950 δὲ
1536 2897 1830 2962 πετᾶσθαι,

252 2995 343 3044 ἵνα
382 2995 508 3062 περὶ
550 2995 615 3046 τὰ
666 2992 974 3064 ὑψηλότερα
1028 2995 1121 3044 καὶ
1178 2993 1451 3062 βαθύτερα
1492 2994 1593 3061 τῆς
1626 2991 1833 3055 οἰκείας

252 3082 612 3151 καταλήψεως
641 3088 783 3153 φανῇ
818 3084 997 3136 αὐτῶν
1027 3086 1057 3151 ὴ
1089 3085 1363 3143 εύλάῦεια,
1405 3084 1470 3136 δι’
1503 3084 1568 3154 ἢν
1589 3087 1699 3147 τοῖς
1737 3083 1834 3153 μέ-

255 3192 372 3238 σοις
405 3177 840 3246 προστάσσεσθαι
874 3178 971 3237 τὰς
993 3179 1227 3246 ἀρχικὰς
1251 3179 1425 3246 αὐγάς
1456 3177 1623 3239 θείοις
1650 3176 1832 3246 ζυγοῖς

1943 1979 2139 2048 cuique
2163 1978 2481 2046 contingere
2507 1996 2518 2030 :
2545 1978 2646 2031 hoc
2667 1976 2813 2030 enitn
2833 1978 3141 2032 subindical
3164 1995 3267 2032 vox
3286 1979 3519 2049 singula,

1944 2088 2009 2125 ne
2055 2072 2179 2140 quis
2227 2072 2457 2123 audiens
2509 2085 2672 2122 senas
2741 2069 2878 2134 alas,
2934 2070 3145 2140 vulgari
3209 2070 3373 2124 modo
3425 2073 3524 2126 has

1941 2168 2133 2219 adesse
2168 2165 2465 2218 existimet.
2507 2161 2662 2228 Quod
2695 2173 2878 2216 autem
2926 2163 3022 2228 ait,
3052 2163 3103 2216 iu
3131 2164 3380 2226 circuitu,
3415 2182 3521 2218 non

1942 2265 2176 2323 alarum,
2212 2260 2304 2314 sed
2337 2267 2576 2328 quatuor
2633 2257 2957 2312 animalium
2993 2267 3195 2312 statum
3249 2258 3522 2327 designat,

1942 2357 2087 2421 quod
2118 2370 2225 2406 non
2261 2360 2418 2405 erant
2452 2365 2605 2404 more
2626 2351 3045 2413 elementorum,
3075 2349 3168 2404 sed
3212 2351 3264 2403 in
3304 2351 3523 2405 modum

1943 2444 2158 2503 circuli.
2213 2441 2486 2498 Numerus
2545 2457 2674 2496 vero
2727 2442 2938 2495 alarum
2987 2439 3382 2510 perfectionem
3425 2441 3525 2495 de-

1942 2541 2125 2609 signat
2145 2535 2458 2600 ministerii,
2489 2543 2543 2588 et
2566 2533 2618 2589 id
2649 2532 2794 2588 circa
2821 2533 2966 2603 quod
2996 2543 3243 2588 versatur
3277 2533 3528 2586 ministe-

1940 2632 2121 2687 rium:
2157 2627 2425 2699 siquidem
2458 2642 2724 2681 numerus
2755 2626 3005 2680 senarius
3034 2623 3179 2694 apud
3219 2641 3312 2680 eos
3347 2626 3438 2693 qui
3470 2626 3524 2679 in

1941 2721 2256 2792 huiusmodi
2281 2720 2446 2773 rebus
2474 2718 2662 2772 diserti
2691 2729 2841 2780 sunt,
2875 2732 2981 2770 non
3012 2718 3263 2771 laudatur
3289 2758 3305 2782 ,
3336 2733 3524 2770 verum

1940 2817 2083 2884 apud
2105 2829 2202 2869 eos
2232 2812 2326 2883 qui
2377 2827 2600 2867 sensum
2637 2809 3156 2880 supergrediuntnr,
3203 2809 3338 2862 nihil
3367 2809 3530 2863 habet

1943 2903 2157 2964 inutile,
2191 2917 2258 2957 ne
2291 2900 2342 2954 id
2373 2899 2592 2970 quidem
2615 2899 2759 2968 quod
2786 2898 3228 2968 supplementum
3265 2898 3530 2968 suscipiat

1941 3011 2004 3051 ex
2046 2993 2367 3065 pmuitentia
2399 2992 2748 3061 provenieus.
2794 2989 2968 3045 Porro
3026 2991 3174 3046 senis
3237 2992 3341 3045 alis
3378 3007 3530 3044 rom-

1942 3087 2118 3155 posita
2163 3085 2334 3139 fuisse
2374 3082 2680 3152 spiritualia
2711 3081 2970 3135 animalia
3027 3081 3160 3135 dicit
3201 3081 3360 3135 divus
3399 3079 3526 3133 Dio—

1945 3179 2156 3249 nysius,
2190 3191 2420 3244 quarunt
2464 3174 2677 3227 duabus
2730 3172 2898 3226 facies
2955 3173 3253 3243 operirent,
3312 3172 3528 3227 duabus

249 3267 573 3323 ἀνατείνειν.
607 3272 678 3323 Τὸ
719 3272 774 3323 δὲ
812 3273 1128 3330 κυκλόθεν.
1179 3272 1265 3324 διὰ
1302 3272 1362 3324 τὸ
1399 3274 1837 3324 παντεπίσκοπον
1866 3241 1908 3298 C

1866 3241 1908 3298 θ
1946 3285 2073 3321 \cro
2120 3268 2306 3337 pedes,
2337 3276 2394 3318 et
2426 3264 2641 3318 duabus
2671 3277 2793 3331 qua:
2822 3261 3012 3316 media:
3042 3271 3198 3316 erant
3231 3261 3478 3315 volarent
3509 3276 3523 3313 :

251 3361 647 3431 παρείληπται.
683 3363 756 3415 Τὸ
800 3364 854 3414 δὲ
881 3365 1131 3425 ἔσωθεν,
1163 3364 1244 3415 ὅτι
1277 3363 1428 3416 ούὸὲν
1455 3364 1523 3417 τὰ
1554 3364 1670 3416 θεῖα
1707 3363 1836 3415 λαν-

251 3452 440 3506 θάνειν
476 3454 720 3515 δύναται,
757 3455 878 3507 οὐδὲ
904 3455 1012 3507 τῶν
1047 3456 1106 3507 ἐν
1136 3456 1475 3526 παραϐύστῳ
1508 3458 1619 3510 τισὶ
1651 3457 1832 3508 τελουσ

255 3544 455 3613 μένων.
476 3546 548 3598 Τὸ
566 3547 643 3599 δέ·
663 3566 678 3596 ι
705 3547 1038 3599 Ἀνάπαυσιν
1056 3547 1155 3600 οὐκ
1172 3549 1406 3617 ἔχουσιν,
1421 3567 1439 3600 ι
1460 3549 1559 3618 οὐχ
1579 3549 1659 3602 ὅτι
1682 3549 1842 3616 ἕγκο⁹

250 3636 353 3688 πὸν
383 3654 436 3689 τι
465 3637 805 3704 ὑφίστανται,
839 3643 904 3709 τῇ
937 3639 1200 3708 ἁνενδότῳ
1237 3639 1664 3711 λειτουργοῦντα
1702 3642 1840 3709 ὑμν-

248 3733 408 3802 ῳδίᾳ.
437 3733 573 3802 Περὶ
598 3733 695 3803 τὴν
733 3734 996 3808 αἱσθητῂν
1024 3736 1132 3805 γὰρ
1159 3735 1336 3788 κτίσιν
1382 3737 1409 3788 ὁ
1458 3735 1626 3799 κόπος
1646 3753 1658 3765 ⁸
1704 3736 1839 3791 ἀκά-

253 3843 402 3894 ματα
421 3826 479 3877 δὲ
500 3826 676 3879 πάντα
710 3826 811 3879 ὅσα
844 3827 983 3896 ὑπὲρ
1006 3828 1107 3896 τὴν
1133 3827 1288 3896 ὓλην.
1317 3846 1335 3879 ι
1371 3828 1517 3880 Ἐκεῖ
1541 3829 1622 3890 δὲ,
1649 3845 1666 3880 ι
1695 3829 1837 3882 κατὰ

250 3919 346 3968 τὸν
374 3917 620 3983 εἰπόντα,
649 3937 666 3968 ι
695 3919 906 3988 ἀπέδρα
930 3919 1112 3990 (eam,
1149 3920 1314 3988 λύπη,
1344 3919 1441 3973 καὶ
1469 3919 1826 3989 στεναγμός.»

248 4009 328 4060 ()ύ
356 4010 418 4062 τὸ
455 4009 689 4077 ἔγκοπον
720 4007 811 4062 οὖν
846 4013 928 4064 τόο
960 4031 978 4063 ι
1033 4014 1367 4066 Ἀνάπαυσιν
1409 4013 1514 4064 οὐκ
1564 4011 1767 4082 ἔχουσι,
1812 4031 1830 4063 ι

249 4103 516 4170 παριστᾷ,
552 4102 686 4154 ἀλλὰ
735 4103 796 4155 τὸ
830 4103 959 4173 περὶ
991 4105 1089 4172 τὴν
1122 4104 1270 4157 θείαν
1294 4104 1571 4172 ὑμνῳδίαν
1618 4103 1834 4160 ἀνένδοέ

247 4209 364 4250 τον,
408 4192 649 4262 ὡσπερεὶ
678 4195 1174 4264 κατεντρυφὼντων
1200 4197 1335 4266 πρὸς
1362 4196 1521 4263 δόξαν
1551 4198 1645 4250 καὶ
1679 4193 1832 4251 αἶνον

246 4283 346 4335 τοῦ
379 4283 522 4336 θείου
559 4285 652 4338 καὶ
688 4286 1146 4354 συντελουμένων.
1189 4287 1261 4340 Τὸ
1309 4288 1366 4341 δὲ
1401 4289 1833 4357 τρισυπόστατον

249 4376 330 4445 τῷ
370 4379 792 4449 τριπλασιασμῷ
822 4381 919 4449 τῆς
942 4380 1100 4449 δόξης
1133 4381 1230 4433 καὶ
1268 4381 1363 4433 τοῦ
1399 4381 1676 4451 ἁγιασμοῦ
1713 4383 1833 4453 Exo-

253 4485 357 4533 μεν
400 4485 558 4521 νοειν.

1949 3371 2004 3414 ιιι
2028 3359 2167 3412 ρίίοιι
2197 3357 2519 3410 sublimiora
2549 3369 2612 3408 ac
2659 3351 3017 3424 profundiora
3059 3367 3174 3406 suae
3225 3350 3530 3420 apprehen-

1943 3453 2117 3508 sionis
2151 3450 2401 3503 videatur
2431 3451 2672 3519 ipsorum
2699 3462 2821 3502 esse
2847 3448 3049 3510 cultus,
3109 3455 3329 3515 prepter
3359 3460 3525 3514 quem

1945 3546 2138 3599 mediis
2172 3545 2558 3613 praeciperetur
2583 3541 2814 3596 eximios
2849 3540 3174 3610 splendores
3207 3538 3409 3594 divinis
3436 3553 3526 3591 sc—

1942 3638 2101 3690 dibus
2137 3637 2436 3690 coucitare.
2488 3633 2644 3698 Quod
2691 3643 2873 3687 autem
2925 3633 3152 3686 additur
3186 3632 3239 3685 in
3279 3631 3527 3695 circuitu,

1945 3741 2164 3800 propter
2199 3730 2580 3783 universorum
2630 3726 3028 3796 iuspcetionem
3091 3726 3349 3781 traditum
3383 3733 3467 3780 est
3512 3740 3527 3778 :

1940 3825 2082 3877 imus
2103 3833 2309 3885 autem,
2342 3822 2468 3890 quia
2505 3821 2639 3874 nihil
2666 3819 2835 3874 latere
2863 3828 3038 3890 potest
3069 3835 3130 3873 ca
3166 3833 3290 3887 qua:
3342 3817 3528 3871 divina

1941 3926 2092 3975 sunt.
2118 3903 2196 3968 ne
2235 3930 2297 3968 ea
2334 3915 2558 3982 quidem
2591 3928 2713 3981 quae
2750 3927 2780 3966 a
2805 3913 3082 3966 nonnullis
3110 3911 3272 3982 693
3309 3909 3446 3963 ﬁunt
3473 3909 3527 3962 in

1940 4008 2179 4064 occulto.
2208 4007 2477 4061 Caeterum
2513 4006 2752 4074 requiem
2785 4020 2894 4058 non
2932 4005 3136 4057 habent
3182 4021 3196 4056 :
3237 4018 3345 4055 non
3379 4001 3528 4067 quod

1941 4097 2280 4155 laboriosum
2313 4094 2518 4165 aliquid
2555 4094 2791 4148 subeant
2834 4097 3101 4146 continuo
3149 4100 3314 4145 cantu
3361 4089 3528 4142 mini-

1939 4194 2185 4251 strando.
2219 4191 2375 4247 Circa
2413 4191 2727 4246 scnsibilem
2774 4190 2919 4241 enim
2966 4199 3277 4241 creaturam
3332 4195 3416 4240 est
3443 4186 3527 4239 la-

1937 4287 2058 4348 bor.
2100 4282 2453 4348 infatigabilia
2485 4295 2664 4334 autem
2702 4290 2831 4334 sunt
2887 4293 3236 4348 qun-cunque
3270 4277 3529 4332 dicuntur

1943 4376 2327 4434 immaterinlia
2364 4393 2376 4428 :
2411 4393 2429 4424 ι
2465 4373 2530 4426 Et
2562 4373 2656 4436 ibi,
2701 4392 2719 4424 ι
2760 4384 2821 4426 ιιι
2867 4373 2945 4425 ait
2974 4372 3086 4435 ille,
3122 4389 3140 4422 ι
3181 4371 3322 4441 I'ugit
3350 4370 3527 4432 dolor,

1939 4471 2119 4526 luctus
2154 4484 2218 4521 ac
2245 4465 2479 4538 gemitus
2505 4464 2570 4520 ⁸³.
2604 4483 2620 4516 ι
2673 4461 2792 4516 Non
2834 4463 3000 4533 igitur
3043 4463 3380 4516 laboriosum
3428 4459 3528 4512 ali-

246 4562 380 4628 quid
409 4562 748 4630 signiticatur
785 4579 878 4629 per
908 4564 1009 4617 hoc
1033 4566 1178 4634 quod
1210 4565 1432 4624 dicitur.
1469 4564 1713 4635 Requiem
1736 4582 1837 4620 non
1874 4563 2088 4626 habent,
2150 4559 2245 4614 sed
2306 4558 2601 4612 continuus
2641 4565 2796 4608 tenor
2826 4555 2971 4608 circa
3000 4553 3241 4607 divinam
3293 4551 3530 4614 Iaudem.

249 4666 312 4709 ut
337 4659 481 4724 quod
510 4657 772 4711 deliciose
803 4669 1092 4714 versentur
1118 4676 1182 4714 ac
1205 4660 1441 4729 perfecta
1475 4659 1586 4714 sint
1621 4663 1687 4715 ad
1722 4661 1951 4729 gloriam
1979 4666 2033 4711 et
2106 4655 2321 4709 laudem
2352 4651 2468 4706 Dei.
2512 4650 2736 4704 Dcmum
2795 4647 3162 4718 triplicatione
3229 4646 3418 4716 gloria:
3469 4661 3533 4699 ac

246 4749 566 4804 sanctitatis
588 4749 888 4817 intelligere
913 4766 1211 4820 possumus
1246 4769 1604 4822 pcrsoiutrum
1653 4753 1980 4807 trinitatem.

323 4842 658 4894 Πεσοῦνται
692 4845 743 4895 oi
769 4843 1258 4909 εἰκοσιτέσσαρες
1284 4847 1693 4914 πρεσϐύτεροι.
1735 4844 1834 4897 Διὰ
1869 4848 1911 4901 D

1869 4848 1911 4901 D
2014 4838 2294 4894 Procident
2317 4837 2501 4904 viginti
2529 4844 2758 4904 quatuor
2779 4834 3030 4886 seniores.
3067 4831 3172 4885 Per
3216 4830 3330 4885 h:ec
3369 4831 3532 4885 uobi‘3

240 4935 456 4988 τούτων
484 4934 744 5004 δηλοῦται
778 4935 873 4987 καὶ
923 4937 1049 4997 τοὺς
1079 4937 1370 5006 νοηθέντας
1425 4941 1552 5006 ἡμῖν
1588 4936 1831 5006 πρεσϐυ-

241 5028 440 5096 τέρους
468 5028 762 5088 κοινωνοὺς
793 5023 936 5080 εἶναι
963 5027 1064 5094 τῆς
1092 5029 1366 5097 ύμνῳδίας
1411 5029 1521 5081 τῶν
1563 5029 1831 5098 οὐρανίων

241 5119 554 5188 δυνάμεων,
608 5119 1010 5187 ὁμολογοῦντας
1066 5123 1129 5172 ὲκ
1174 5121 1309 5172 Θεοῦ
1367 5121 1696 5189 κεκομίσθαι
1733 5121 1831 5188 τῆς

240 5212 356 5264 τῶν
397 5210 607 5281 νοητῶν
640 5211 852 5281 ἐχθρῶν
880 5212 1038 5279 νίκης
1068 5213 1166 5280 τὴν
1195 5213 1447 5282 δύναμιν.
1493 5216 1820 5282 Ἐπισκοπη-

244 5303 372 5356 τέον
406 5303 462 5354 δὲ
504 5305 603 5372 τὴν
636 5303 746 5355 τῶν
778 5304 1052 5374 χρονικῶν
1092 5305 1480 5374 διαστημάτων
1517 5310 1574 5358 ὲν
1615 5311 1683 5378 τῇ
1724 5308 1832 5373 ἀφ’

241 5396 448 5464 ηγήσει
467 5397 773 5463 ἀκρίσειαν.
802 5395 933 5448 Ἀπὸ
946 5396 1054 5465 γὰρ
1077 5399 1174 5466 τῆς
1195 5398 1305 5450 τῶν
1323 5399 1634 5451 ἐνεστώτων
1655 5401 1828 5462 ἑπαγ-

244 5485 462 5555 γελίας,
498 5488 589 5539 ἐπὶ
620 5489 688 5540 τὰ
718 5487 985 5557 μέλλοντα
1014 5491 1204 5558 χωρεῖ,
1237 5491 1336 5542 οὐκ
1386 5489 1648 5559 ἀσυνεσίᾳ
1675 5488 1833 5542 τοῦτο

325 5666 372 5700 ³³
397 5664 542 5720 l'sal.
575 5682 673 5732 cn,
703 5668 794 5724 20.
873 5669 915 5699 ’³
949 5673 1051 5727 Isa.
1089 5688 1251 5734 xxxv,
1292 5671 1373 5724 l‘d.

316 5825 432 5889 ίξυ)
470 5821 663 5877 γυιὶιιιῐι
697 5823 996 5893 ὀξύρροπον
1033 5843 1134 5879 non
1165 5826 1318 5877 habet
1360 5824 1504 5886 tul...
1547 5827 1645 5873 ,εἱιι

1940 4929 2281 5000 signiﬁcatur
2311 4925 2459 4993 ipsos
2485 4939 2707 4994 quoque
2751 4924 3001 4977 seniores
3049 4937 3189 4992 quos
3211 4923 3530 4975 considera-

1941 5025 2120 5076 vimus
2157 5019 2450 5090 participes
2481 5033 2605 5071 esse
2639 5027 2834 5071 cantus
2889 5031 2953 5070 ac
2984 5015 3165 5069 laudis
3222 5015 3530 5070 caelestium

1942 5120 2226 5172 virtutum.
2261 5128 2386 5167 cum
2421 5110 2532 5165 Deo
2569 5110 2812 5163 referunt
2843 5118 3124 5176 acceptam
3147 5109 3445 5177 potentiam
3467 5122 3533 5161 ac

1941 5213 2248 5270 victoriam,
2283 5205 2541 5276 quamde
2595 5204 2975 5270 spiritualibus
3020 5201 3271 5254 hostibus
3325 5199 3529 5253 retule-

1941 5311 2089 5357 runt.
2118 5297 2527 5355 Consideranda
2557 5306 2640 5349 est
2673 5304 2854 5347 autem
2913 5293 3194 5361 diligentia
3232 5292 3286 5344 in
3333 5306 3530 5343 narra-

1942 5397 2087 5448 tione
2113 5392 2524 5447 distinctionum
2558 5397 2897 5456 temporum:
2924 5385 3202 5453 siquidem
3235 5399 3262 5436 a
3297 5380 3529 5451 promis-

1943 5488 2096 5542 sione
2127 5482 2472 5554 prazsentium
2534 5480 2776 5551 procedit
2833 5477 2898 5531 ad
2956 5475 3141 5530 futura
3202 5487 3357 5528 :noa
3410 5471 3531 5528 sine

2022 5819 2135 5877 illi
2165 5814 2355 5870 Eidem
2388 5815 2588 5869 desunt
2616 5829 2800 5879 voces,
2835 5813 2909 5871 τι),
2947 5810 3013 5862 ἐν
3039 5809 3166 5862 καθ’
3199 5825 3285 5862 ιν.
