4256 6440
787 346 893 414 575

1586 349 1917 410 ARE'I‘H/E
1953 350 2335 411 C/ESARE/E
2373 350 2863 415 CAPPADOCI/E
2897 354 3247 417 EPISCOPI

3954 357 4065 421 576

786 458 1075 531 prmlcntia
1113 460 1217 514 hoc
1278 459 1507 523 faciens,
1559 462 1653 517 sed
1685 463 1983 518 ostendens
2016 466 2164 535 quod
2208 464 2372 519 etiam
2400 462 2451 521 A

2436 486 2451 521 ι
2480 466 2673 531 ποιῶν,
2712 467 3125 536 ἐνδεικνύμενος
3155 467 3213 520 δὲ
3241 466 3318 530 ὡς
3350 467 3447 519 καὶ
3484 466 3586 537 τῆς
3617 466 3722 537 πρὸ
3758 468 3856 537 τῆς
3879 467 4064 519 τελευ-

785 562 914 608 ante
943 555 1301 609 novissimum
1337 554 1673 622 praeconium
1693 569 1886 609 eorum
1924 557 2017 626 qui
2062 564 2209 612 recte
2238 573 2371 627 ope-

786 657 999 709 t-autur.
1043 646 1115 701 sit
1140 645 1323 715 aliqua
1356 645 1657 715 gratiarum
1713 647 1858 701 actio
1916 648 2000 703 his
2029 648 2123 718 qui
2170 649 2370 704 defun-

785 749 989 810 guntur
1014 739 1267 809 praesenti
1303 739 1577 796 laborioso
1607 741 1809 805 stadio,
1840 743 2203 797 concedentes
2233 760 2370 814 prae-

786 838 895 889 ﬁxo
935 835 1187 899 termino,
1221 848 1346 888 cum
1379 834 1677 905 unicuique
1704 834 1986 891 deﬁnitum
2030 836 2101 891 sit
2141 837 2191 893 id
2222 840 2366 908 quod

784 924 914 977 utile
935 933 1021 979 est
1051 941 1066 976 :
1104 935 1290 994 utpote
1327 926 1639 995 recipiendo
1675 926 1841 980 etiam
1886 940 2366 987 commensuratas

779 1017 847 1069 ad
875 1015 1119 1071 futurum
1141 1026 1195 1071 et
1226 1018 1602 1074 indissolubile
1635 1019 1896 1074 saeculum
1931 1022 2315 1078 retributiones
2349 1041 2363 1078 :

780 1111 894 1165 sive
939 1110 1013 1165 sit
1063 1112 1453 1166 miraculorum
1508 1127 1790 1176 accessus.
1843 1114 1959 1169 sive
1999 1115 2106 1169 alia
2160 1116 2366 1185 quaevis

781 1202 1066 1258 beneﬁcia.
1097 1203 1212 1257 Non
1236 1205 1406 1274 igitur
1430 1206 1799 1277 conﬁguratio
1829 1223 1959 1279 erga
1982 1206 2171 1264 Jesum
2198 1210 2362 1266 Chri-

778 1306 922 1349 stum
958 1295 1048 1350 Dei
1083 1296 1283 1351 Filium
1312 1297 1685 1362 incarnatum,
1708 1314 1738 1351 a
1773 1300 2215 1357 ministrantibus
2239 1318 2366 1373 pro—

775 1387 976 1442 cedens
1012 1388 1325 1457 spiritibus,
1361 1391 1680 1462 pariterque
1706 1409 1832 1448 cum
1869 1395 1978 1451 Illis
1998 1405 2052 1451 et
2084 1396 2155 1451 ab
2194 1398 2365 1454 homi-

775 1477 939 1530 nibus
969 1480 1063 1545 qui
1099 1494 1222 1534 sese
1264 1482 1639 1550 prarstiteruut
1701 1484 1934 1540 eximios
1981 1488 2260 1556 operibus,
2308 1500 2362 1544 et

774 1570 1082 1625 benedictio
1111 1587 1175 1626 ac
1199 1573 1465 1638 laudatio,
1495 1576 1689 1629 ultimo
1710 1578 1978 1632 duntaxat
2004 1580 2093 1635 die
2120 1582 2358 1649 reposita

771 1671 877 1728 cst,
909 1663 1001 1718 sed
1029 1664 1194 1718 etiam
1237 1666 1291 1719 in
1325 1668 1582 1735 praesenti
1626 1686 1640 1721 :
1670 1670 2141 1737 quemadmodum
2174 1672 2221 1728 is
2262 1675 2357 1740 qui

771 1754 1110 1823 conspicitur
1160 1757 1429 1811 transitus
1461 1758 1880 1813 distinctionum
1919 1769 2226 1831 temporum
2264 1765 2356 1818 dc-

771 1845 1097 1898 monstravit
1123 1846 1207 1901 his
1236 1847 1329 1916 qui
1364 1857 1525 1903 acute
1544 1860 1778 1918 possunt
1816 1851 2147 1919 perspicere.

839 1934 910 1988 Et
931 1935 1180 2005 objicient
1208 1954 1433 1991 coronas
1462 1957 1609 1993 suas.
1652 1940 1898 1996 Coronas
1929 1952 2057 1997 aute
2100 1943 2355 1999 thronum

768 2028 1007 2097 abjicerc
1038 2026 1325 2083 victoriam
1354 2030 1650 2099 signiﬁcat,
1684 2032 1845 2085 veluti
1882 2048 2028 2088 nunc
2059 2049 2277 2104 quoque
2302 2036 2355 2090 iu

767 2121 853 2174 his
879 2120 1061 2175 videre
1084 2131 1168 2176 est
1193 2122 1287 2191 qui
1315 2123 1543 2178 vincunt
1568 2124 1620 2177 in
1646 2126 2058 2181 certaminibus.
2099 2124 2356 2184 Thronus

764 2228 895 2267 vero
920 2214 1350 2269 dominationem
1381 2230 1447 2270 ac
1480 2218 1777 2285 potentiam
1809 2219 2079 2288 designat.
2110 2218 2203 2275 Est
2250 2236 2353 2274 au-

766 2316 872 2360 tem
907 2323 1108 2362 corona
1158 2308 1307 2378 regni
1340 2308 1572 2379 insigne.
1608 2308 1715 2376 Qui
1770 2312 1933 2379 igitur
1964 2327 2199 2370 coronas
2229 2324 2355 2369 ante

761 2400 1021 2454 thronum
1051 2400 1337 2470 ahjiciunt,
1368 2402 1500 2472 quid
1531 2402 1678 2456 aliud
1713 2418 1878 2473 quam
1904 2414 2112 2458 certum
2146 2420 2211 2460 ac
2258 2420 2353 2461 ve-

768 2507 885 2544 rum
928 2508 1154 2560 regnum
1182 2505 1232 2547 et
1264 2494 1549 2549 victoriam
1582 2495 1849 2550 adversus
1871 2511 2084 2561 omnes,
2116 2488 2225 2550 Deo
2258 2512 2351 2566 per

760 2584 941 2637 munia
974 2585 1252 2639 referunt?
1278 2587 1521 2642 dicentes
1547 2606 1560 2641 :
1586 2586 1737 2653 Tibi,
1786 2587 2037 2652 Domine,
2072 2591 2142 2644 ab
2168 2590 2349 2644 θιιιιιί-

764 2678 863 2729 hus
888 2675 1119 2730 debetur
1133 2677 1305 2746 gloria
1330 2688 1589 2749 tauquam
1613 2681 1886 2735 conditori
1919 2700 1982 2736 ac
2004 2683 2346 2751 plasmaturi,

758 2779 811 2821 ιιι
839 2768 954 2838 qui,
985 2785 1110 2824 cum
1137 2787 1244 2824 non
1275 2780 1485 2838 essent,
1530 2774 1839 2843 produxisti
1875 2785 1932 2830 ut
1974 2785 2178 2841 essent,
2211 2791 2346 2831 con-

758 2877 944 2917 servas
977 2879 1041 2919 ac
1069 2866 1339 2923 contines.

1267 3070 1433 3143 69!.
1463 3071 1692 3127 CAPUT
1727 3073 1819 3128 x1.

2473 559 2631 620 ταίας
2656 557 2767 610 τῶν
2800 558 3218 630 κατορθούντων
3253 561 3632 632 ἀναρρήσεως,
3664 560 3784 615 ἐστι
3834 579 3919 625 τις
3944 566 4059 624 τοῖς

2471 649 2835 703 ἀπεκδύνουσι
2860 651 2920 704 τὸ
2947 651 3125 723 παρὸν
3163 652 3459 720 ἐναγώνιον
3483 653 3718 718 στάδιον,
3764 654 3844 724 τῷ
3876 653 4057 707 τεθει-

2474 739 2621 809 μένῳ
2678 740 2996 795 ὑπείκουσιν
3054 744 3186 814 ὅρῳ,
3236 743 3330 797 τοῦ
3390 746 3767 816 ’συμφέροντος
3838 746 4057 816 ἑκάστῳ

2468 828 2893 903 ὠροθετηκότος.
2931 835 3271 906 εὐχαριστίᾳ,
3307 835 3403 888 ἆτε
3430 836 3526 890 καὶ
3576 836 4056 907 ἀντιλαμϐάνουσι

2471 924 2820 994 συμμέτρους
2897 927 3034 996 πρὸς
3090 927 3183 982 τὸν
3249 926 3514 999 μέλλοντα
3574 931 3670 983 καὶ
3716 930 4056 985 ἀκατάλυτον

2468 1012 2640 1066 αἰῶνα
2666 1014 2764 1078 τὰς
2795 1014 3117 1083 ἀντιδόσεις,
3147 1018 3267 1088 ἤτοι
3319 1016 3618 1087 θαυμάτων
3646 1019 3990 1089 περιουσίαν,
4018 1019 4053 1089 ἦ

2467 1103 2563 1157 καί
2593 1122 2747 1169 τινας
2788 1106 2980 1176 ἐτέρας
3014 1108 3357 1178 εὐεργεσίας.
3394 1111 3509 1163 Οὐκ
3539 1106 3632 1164 οὖν
3690 1110 3785 1163 ἐπὶ
3811 1111 3910 1177 τῆς
3962 1127 4053 1162 τε-

2467 1194 2726 1258 λευταίας
2761 1192 2926 1268 μόνον
2976 1196 3409 1270 τεθησαύρισται
3446 1199 3685 1269 ἡμέρας,
3716 1201 3749 1270 ἡ
3802 1199 3912 1253 ἀπὸ
3942 1198 4055 1251 τῶν

2466 1289 2855 1359 λειωυργικῶν
2876 1290 3207 1359 πνευμάτων
3233 1293 3461 1345 καὶτῶν
3481 1293 3714 1355 ἐκείνοις
3741 1293 4053 1362 ἐναμίλλων

2466 1380 2767 1451 ἀνθρώπων
2794 1379 3091 1452 ἐξαιρέτως
3135 1381 3215 1451 τῷ
3254 1381 3403 1454 ἔργῳ
3431 1384 3753 1453 δειχθέντων
3784 1384 3923 1451 πρὸς
3958 1384 4051 1437 τὸν

2466 1470 2821 1542 σαρκωθέντα
2857 1471 3067 1543 Ἰησοῦν
3102 1473 3339 1543 Χριστὸν
3360 1474 3452 1528 τὸν
3485 1476 3611 1529 Υἱὸν
3634 1475 3731 1529 τοῦ
3762 1476 3898 1529 Θεοῦ
3923 1477 4051 1529 ὐποο

2462 1562 2705 1626 τύπωσις
2736 1564 2829 1616 καὶ
2874 1563 3121 1633 εὐφημία
3169 1565 3262 1617 καὶ
3315 1559 3485 1630 αἶνος,
3517 1566 3633 1621 ἀλλ’
3669 1567 3771 1637 ήδη
3815 1567 3910 1620 καὶ
3956 1568 4052 1619 ἐπὶ

2460 1651 2555 1705 τοῦ
2585 1652 2905 1715 ἐνεστῶτος,
2936 1652 3012 1716 ὡς
3047 1655 3078 1724 η
3108 1654 3344 1709 δοκοῦσα
3378 1656 3486 1708 τῶν
3520 1659 3793 1726 χρονικῶν
3817 1658 4051 1727 διαστη-

2466 1740 2652 1810 μάτων
2696 1741 3011 1812 παράὸασις
3068 1745 3183 1807 τοῖς
3249 1743 3521 1810 ὀξυωπείν
3579 1748 3901 1818 δυναμένοις
3943 1749 4049 1801 ὑπ-

2461 1833 2709 1904 ἐστησεν.

2530 1928 2640 1982 Καὶ
2663 1929 2939 1993 βαλοῦσι
2968 1930 3111 1998 τοὺς
3145 1931 3490 2002 στεφάνους
3516 1932 3737 1989 αὐτῶν.
3762 1936 3837 1988 Τὸ
3865 1934 4051 2005 βαλεῖν

2460 2018 2588 2083 τοὺς
2635 2022 2935 2092 στεφάνους
2968 2021 3205 2076 ἐνώπιον
3249 2023 3344 2077 τοῦ
3382 2024 3599 2094 θρόνου,
3634 2026 3734 2096 τὴν
3765 2028 3924 2097 νίκην
3951 2028 4050 2098 δη-

2459 2117 2561 2178 λοῖ,
2601 2116 2677 2182 ὡς
2715 2118 2809 2173 καὶ
2835 2116 2931 2171 νῦν
2987 2120 3081 2172 ἐπὶ
3130 2120 3240 2173 τῶν
3290 2120 3567 2177 νικώντων
3627 2121 3849 2189 ἀγῶνας
3896 2121 4049 2175 εστιν

2461 2210 2626 2263 ίδεῖνο
2676 2212 2705 2264 ό
2764 2211 2954 2282 θρόνος
3013 2212 3072 2265 δὲ
3117 2210 3217 2284 τὴν
3268 2214 3570 2284 κυριότητα
3630 2216 3724 2267 καὶ
3768 2214 4044 2280 ἐξουσίαν.

2462 2305 2615 2358 Ἐστι
2645 2306 2739 2359 καὶ
2769 2305 3047 2376 βασιλείας
3068 2307 3098 2360 ὁ
3125 2307 3390 2376 στέφανος
3430 2307 3721 2378 σύμϐολον.
3750 2309 4048 2371 Βὰλλοντες

2455 2395 2550 2450 οῦν
2579 2397 2810 2451 ἐνώπιον
2843 2398 2970 2461 τοὺς
3004 2400 3305 2469 στεφάνους
3328 2400 3423 2454 τοῦ
3453 2399 3667 2471 θρόνου,
3700 2401 3755 2453 τί
3786 2402 3853 2455 ἂν
3886 2402 4042 2466 ἄλλο,

2455 2488 2816 2561 ἢτὴνῦντως
2867 2492 2961 2545 καὶ
3014 2491 3192 2562 ἀληθῆ
3242 2493 3539 2562 βασιλείαν,
3602 2494 3699 2547 καὶ⁵
3753 2494 3856 2564 τὴν
3900 2496 4046 2548 κατά

2455 2583 2675 2636 πάντων
2745 2584 2923 2654 νίκην,
2964 2584 3044 2654 τῷ
3093 2585 3189 2639 ἐπὶ
3232 2587 3453 2639 πάντων
3516 2586 3834 2640 ἀνατιθέασι
3881 2586 4045 2657 Θεῴς

2454 2674 2727 2742 λέγοντες’
2778 2676 2891 2736 Σοὶ,
2939 2678 3207 2741 Δέσποτα,
3240 2677 3396 2750 παρά
3427 2678 3659 2732 πάντων
3688 2679 4043 2747 ἐποφείλεται

2454 2764 2603 2832 δόξα.
2637 2765 2714 2828 ὡς
2741 2766 2936 2837 κτίστῃ
2958 2767 3053 2821 καὶ
3072 2768 3412 2840 δημιουργῷ,
3451 2768 3550 2824 καλ¹
3580 2770 3644 2822 ἐκ
3665 2768 3760 2822 τοῦ
3792 2769 3866 2839 μὴ
3888 2769 4046 2834 ὄντος

2457 2859 2537 2919 είς
2567 2856 2630 2910 τὸ
2657 2853 2798 2911 εἶναι
2829 2862 3182 2930 προσαγωγεῖ
3220 2863 3317 2915 καὶ
3344 2864 3660 2933 συντηρητῇ
3716 2876 3764 2913 τε
3796 2862 3890 2915 καὶ
3917 2878 4047 2915 συνο

2454 2951 2593 3021 οχεῖ.

3048 3068 3304 3125 ΚΕΦΑΛ.
3346 3068 3449 3125 ΙΑ’.

757 3178 834 3234 De
863 3180 1000 3260 libro
1023 3184 1232 3250 signalo
1261 3187 1453 3260 sigillis
1478 3198 1672 3254 septem
1695 3190 1787 3257 qui
1816 3199 1931 3241 erat
1965 3190 2018 3243 in
2043 3207 2200 3244 manu
2226 3192 2334 3248 Do-
2365 3192 2411 3249 C
2447 3182 2461 3233 λ

2447 3176 2583 3260 Περὶ
2614 3177 2723 3260 τῇς
2752 3179 3138 3260 βίϐλουεῆς
3168 3181 3663 3260 εσφραχισμένης
3695 3184 4045 3260 σφραγῖσίν

860 3254 1010 3321 mini,
1042 3270 1194 3323 quem
1222 3258 1371 3311 nulla
1392 3273 1572 3310 creata
1596 3254 1788 3311 natura
1811 3266 1981 3329 potuit
2010 3265 2233 3331 aperire.

823 3429 884 3493 V,
916 3433 1031 3487 1-5.
1070 3432 1135 3486 Et
1169 3435 1276 3488 vidi
1321 3436 1375 3488 in
1415 3435 1636 3490 dextera
1681 3438 1908 3491 sedentis
1948 3440 2003 3493 in
2045 3442 2233 3495 throno
2273 3442 2340 3495 li-

751 3528 901 3577 brum
921 3528 1174 3594 scripmm
1207 3529 1351 3583 intus
1367 3540 1414 3582 et
1439 3530 1593 3598 foris,
1615 3532 1882 3601 signatum
1908 3534 2099 3603 sigillis
2122 3546 2334 3604 septem.

753 3614 820 3668 Et
855 3618 957 3669 vidi
999 3618 1246 3687 angelum
1291 3620 1482 3688 fortem
1514 3624 1890 3689 prwdicamem
1925 3641 2045 3678 voce
2093 3641 2288 3696 magna
2318 3643 2336 3681 :

747 3710 877 3771 Quis
903 3719 980 3763 est
1013 3712 1203 3780 dignus
1240 3715 1443 3779 aperire
1495 3714 1693 3767 librum
1735 3728 1783 3767 et
1814 3716 2011 3770 solvere
2058 3718 2337 3786 signacula

744 3802 858 3864 eius
881 3802 907 3855 .7
937 3802 1005 3855 Et
1038 3820 1189 3857 nemo
1212 3815 1418 3873 poterat
1448 3822 1609 3876 neque
1641 3808 1695 3859 in
1742 3807 1869 3860 uelo
1902 3824 2063 3878 neque
2106 3812 2159 3862 in
2194 3822 2336 3863 terra

745 3912 905 3966 neque
929 3898 1108 3949 subter
1134 3907 1327 3951 (errant
1356 3901 1560 3965 aperire
1591 3900 1781 3952 librant
1817 3919 1980 3970 neque
2005 3905 2238 3971 aspicere
2267 3904 2306 3957 il
2317 3930 2337 3945 -

744 3991 874 4041 lum.
915 3989 983 4043 Et
1005 4006 1097 4059 ego
1117 3990 1307 4059 ﬂebam
1333 3991 1577 4056 multum,
1610 3994 1751 4062 quod
1794 4011 1942 4048 nemo
1983 3996 2173 4065 dignus
2200 4009 2333 4050 esset

742 4084 981 4134 inventus
1005 4085 1214 4150 aperire
1233 4084 1425 4137 librum
1455 4103 1619 4156 neque
1641 4089 1875 4156 aspicere
1900 4089 2074 4143 illum.
2105 4088 2171 4142 Et
2198 4107 2333 4143 ianus

740 4178 804 4227 de
837 4175 1132 4230 senioribus
1155 4178 1286 4231 dicit
1306 4179 1435 4233 mihi
1453 4196 1470 4233 :
1499 4178 1579 4232 Ne
1609 4181 1836 4249 ﬂeveris.

810 4440 943 4507 Quae
1000 4442 1067 4495 ad
1121 4442 1404 4496 dexteram
1445 4442 1537 4497 Dei
1601 4453 1732 4498 sunt
1780 4445 2077 4513 designant
2134 4447 2331 4503 anima:

2526 3249 2675 3321 ἑπτα
2708 3249 2819 3321 τῆς
2848 3250 2921 3303 ἐν
2944 3249 3016 3321 τῇ
3034 3251 3187 3318 χειρὶ
3212 3252 3321 3321 τοῦ
3346 3254 3517 3315 Θεοῦ.
3543 3249 3625 3321 ἢν
3643 3249 3845 3321 οὐδεὶς
3873 3249 4043 3311 ἀνοῖ-

2523 3320 2623 3384 ξαι
2647 3318 2896 3373 δύναται
2926 3320 3036 3388 τῆς
3067 3320 3321 3391 κτιστῆς
3347 3318 3610 3393 φύσεως.

2519 3430 2631 3485 Καὶ
2668 3428 2835 3487 εἶδον
2857 3432 2957 3485 ἐπὶ
2984 3432 3100 3501 τὴν
3141 3433 3351 3500 δεξιὰν
3396 3435 3504 3492 τοῦ
3553 3436 3897 3507 καθημένου
3938 3438 4042 3494 ἐπὶ

2450 3522 2558 3577 τοῦ
2629 3526 2850 3592 θρόνου
2900 3525 3149 3590 βιϐλίον
3196 3528 3612 3598 τετραμμένον
3664 3531 3899 3586 ἔσωθεν
3942 3533 4042 3588 καί

2447 3616 2692 3681 ἔξωθεν,
2717 3620 3327 3689 κατεσφραγισμένον
3356 3625 3695 3692 σφραγῖσιν
3722 3624 3895 3679 ἑπτά.
3927 3626 4039 3680 Καὶ

2445 3704 2609 3762 εἶδον
2662 3709 2926 3779 ἄγγελον
2974 3712 3237 3781 ἰσχυρὸν
3292 3716 3690 3783 κηρύσσοντα
3740 3717 3814 3769 ἐν
3865 3715 4039 3785 φωνῇ

2445 3800 2680 3870 μεγάλῃ
2702 3815 2716 3830 '
2764 3804 2861 3867 Τίς
2893 3803 3065 3869 ἄξιός
3096 3805 3272 3859 ἐστιν
3301 3806 3535 3870 ἀνοῖξαι
3566 3808 3633 3859 τὸ
3667 3808 3917 3872 βιϐλίον
3941 3810 4039 3862 καὶ

2443 3892 2632 3947 λῦσαι
2661 3893 2769 3959 τὰς
2798 3894 3139 3965 σφραγῖδας
3159 3896 3349 3950 αὐτοῦ
3374 3912 3394 3960 ;
3419 3896 3526 3952 Καὶ
3551 3896 3753 3964 οὐδεὶς
3778 3898 4038 3954 ἐδύνατο

2442 3985 2513 4039 ἐν
2546 3985 2628 4051 τῷ
2666 3987 2902 4056 οὐρανῷ
2943 3988 3085 4041 οὔτε
3129 3987 3229 4041 ἐπὶ
3258 3987 3370 4057 τῆς
3399 3987 3534 4060 τῆς,
3565 3989 3706 4043 οὔτε
3754 3990 4037 4045 ὑποκάτω

2442 4080 2554 4149 τῆς
2584 4080 2695 4151 γῆς
2736 4082 2975 4146 ἀνοῖξαι
3007 4082 3074 4135 τὸ
3099 4082 3367 4146 βιϐλίον,
3396 4083 3537 4135 οὔτε
3557 4081 3828 4146 βλέπειν
3864 4086 4034 4138 αὑτό.

2441 4175 2551 4230 Καὶ
2571 4175 2687 4245 ἐγὼ
2724 4176 2975 4229 ἔκλαιον
3018 4175 3202 4239 πολὺ,
3233 4175 3322 4229 ὅτι
3380 4176 3582 4242 οὐδεὶς
3619 4174 3789 4242 ἄξιος
3822 4178 4034 4245 εὑρέθη

2440 4266 2676 4332 ἀνοῖξαι
2709 4267 2777 4321 τὸ
2804 4269 3072 4333 βιϐλίον,
3102 4266 3245 4321 οὐδέ
3287 4266 3554 4332 βλέπειν
3594 4268 3765 4322 αὐτό.
3800 4271 3911 4322 Καὶ
3949 4265 4037 4335 εἷς

2439 4360 2509 4413 ἐκ
2534 4358 2653 4414 τῶν
2677 4362 3101 4429 πρεσϐυτέρων
3118 4359 3281 4428 λέγει
3301 4376 3405 4429 μοι
3430 4375 3444 4389 ·
3483 4363 3541 4412 Μ
3548 4360 3584 4426 ἡ
3621 4360 3818 4414 κλαῖε.

2513 4451 2592 4503 Τά
2631 4452 2693 4502 ἐκ
2721 4450 2912 4514 δεξιῶν
2944 4448 3039 4502 τοῦ
3071 4449 3230 4512 Θεοῦ,
3260 4450 3328 4502 τὰ
3360 4449 3500 4502 κατὰ
3526 4450 3708 4519 ψυχὴν
3729 4450 4034 4504 αἰνίττεται

739 4534 905 4599 bona,
940 4551 1061 4605 qua:
1083 4536 1250 4589 etiam
1280 4538 1664 4605 parocmiastcs
1697 4538 1959 4593 Solomon
1988 4539 2234 4594 ostendit
2276 4542 2327 4594 in
2367 4558 2408 4611 ι)
2436 4542 2461 4594 ἀ

2436 4540 2637 4609 ἀγαθὰ,
2680 4540 2826 4610 ἆπερ
2868 4540 2962 4593 καὶ
3022 4541 3051 4592 ὁ
3096 4540 3506 4610 παροιμιαστὴς
3549 4540 3804 4609 Σολομὼν
3858 4544 3917 4593 ἐν
3962 4544 4031 4611 τῇ

735 4632 958 4683 dextera
988 4630 1274 4697 sapientia:
1300 4631 1513 4698 reponi,
1546 4647 1641 4700 per
1682 4634 1849 4684 vitam
1892 4648 1955 4685 ca
2009 4632 2326 4701 signiﬁcans
2430 4635 2457 4688 δ

2436 4635 2579 4705 δεξιᾷ
2606 4632 2932 4686 ἀποκεῖσθαι
2967 4632 3122 4695 δηλοῖ
3170 4635 3272 4701 τῆς
3306 4631 3522 4699 σοφίας,
3570 4631 3606 4683 ἃ
3635 4630 3724 4685 διὰ
3757 4632 3855 4702 τῆς
3889 4634 4035 4700 ζωῆς

734 4722 969 4775 dicendo
1002 4738 1017 4776 :
1057 4742 1074 4773 ι
1117 4721 1176 4776 In
1209 4723 1436 4776 dextera
1472 4723 1647 4789 ipsius
1684 4723 1792 4776 vita
1829 4723 1893 4774 “.
1927 4742 1945 4776 ι
1982 4725 2114 4789 Quae
2137 4740 2265 4779 vero
2295 4740 2325 4779 a

735 4816 1002 4876 sinistris,
1037 4815 1179 4868 bona
1213 4816 1461 4884 corporis
1489 4825 1541 4869 ct
1579 4816 1864 4869 mortalem
1917 4816 2057 4870 hanc
2104 4815 2266 4869 vitam
2309 4832 2323 4869 :

732 4926 855 4977 qua:
890 4924 986 4978 per
1014 4908 1243 4978 gloriam
1279 4924 1343 4963 ac
1371 4910 1591 4962 divitias
1618 4908 1797 4961 innuit
1820 4908 2010 4962 dicens
2050 4925 2062 4960 :
2109 4924 2128 4957 ι
2161 4904 2219 4961 ln
2249 4908 2328 4960 si-

734 5004 909 5057 nistra
937 5002 1111 5071 ipsius
1134 5001 1340 5056 divitia:
1376 5012 1429 5055 et
1452 5002 1652 5071 gloria.
1695 5020 1712 5052 ι
1757 5000 1829 5055 De
1856 5001 2056 5054 throno
2085 5016 2216 5055 vero
2242 5000 2330 5055 di-

731 5107 880 5149 ctum
906 5095 1158 5164 estquod
1185 5102 1513 5164 potesmtem
1548 5110 1612 5149 ac
1653 5093 2008 5147 eminentium
2058 5092 2330 5163 signiﬁcet

731 5190 853 5259 ejus
877 5189 969 5260 qui
1003 5204 1165 5258 super
1208 5190 1387 5258 ipsum
1446 5189 1619 5242 sedet.
1679 5186 1823 5252 Quid
1852 5196 1935 5241 est
1968 5198 2151 5242 autem
2192 5187 2331 5241 liber

736 5282 842 5337 nisi
868 5280 1281 5350 sapientissima
1311 5292 1358 5335 et
1393 5280 1975 5350 incomprehensibilis
2001 5278 2095 5333 Dei
2121 5294 2329 5334 memo-

735 5376 855 5431 ria?
882 5391 1045 5445 quam
1068 5384 1121 5428 et
1140 5374 1402 5444 propheta
1428 5373 1597 5428 David
1620 5382 1675 5427 et
1694 5373 1872 5427 Moses
1891 5373 2288 5443 pra'siguarunt
2314 5391 2327 5428 :

736 5472 825 5525 ille
877 5470 1099 5538 quidem
1131 5485 1257 5523 cum
1300 5468 1553 5522 diceret:
1604 5486 1623 5518 ι
1675 5466 1733 5522 lu
1796 5467 1939 5520 libro
1995 5476 2089 5520 tuo
2140 5481 2330 5521 omnes

736 5562 1104 5617 scribentur”
1142 5578 1154 5615 :
1192 5581 1208 5611 ι
1241 5562 1327 5615 hic
1359 5570 1541 5614 autem
1577 5576 1701 5614 cum
1726 5560 1799 5613 ait
1829 5577 1842 5612 :
1882 5577 1899 5609 ι
1934 5559 2039 5614 Aut
2075 5559 2197 5614 delc
2247 5574 2333 5613 me

735 5657 805 5710 de
832 5655 973 5710 libro
1000 5669 1165 5724 quem
1202 5654 1473 5725 scripsisti
1505 5655 1566 5708 ‘°.
1615 5672 1633 5704 ο
1695 5652 1869 5707 Porro
1909 5652 2055 5708 intus
2088 5664 2142 5708 et
2197 5651 2334 5708 foris

813 5818 854 5850 “
912 5817 1073 5873 Prov.
1124 5831 1208 5879 ιιι,
1269 5816 1350 5873 ιο.

2432 4727 2711 4797 ὑπέφηνεν
2744 4724 2940 4778 εἰπών’
2966 4744 2984 4777 ι
3008 4725 3099 4779 Ἐν
3129 4727 3198 4795 τῇ
3225 4723 3378 4795 δεξιᾷ
3409 4725 3582 4795 αὐτῆς
3607 4724 3744 4794 ζωή·
3766 4744 3786 4775 ι
3813 4724 3883 4776 τὰ
3903 4726 3961 4779 δέ
3979 4726 4037 4791 ἐξ

2434 4816 2765 4890 ἀριστερῶν,
2824 4816 2893 4870 τὰ
2925 4817 3070 4870 κατά
3098 4817 3259 4885 σῶμα
3290 4816 3387 4868 καὶ
3435 4815 3537 4885 τὴν
3585 4814 3791 4886 θνητὴν
3826 4815 4037 4885 ταύτην

2436 4911 2605 4980 ζωὴν,
2642 4911 2785 4981 ἅπερ
2816 4909 2904 4964 διὰ
2936 4910 3036 4981 τῆς
3089 4908 3245 4979 δόξης
3292 4910 3385 4961 καὶ
3419 4908 3514 4961 τοῦ
3544 4907 3782 4961 πλούτου
3814 4908 4037 4978 ᾐνίξατο

2435 5005 2615 5073 φήσας
2635 5019 2649 5033 ·
2681 5022 2700 5054 ι
2741 5003 2831 5055 Ἐν
2853 5005 2919 5073 τῇ
2949 5002 3217 5072 ἀριστερᾷ
3252 5001 3483 5064 πλοῦτος
3516 5002 3611 5053 καὶ
3635 5000 3784 5063 δόξα.
3824 5022 3842 5052 ι
3890 5001 3954 5056 Ὀ
3981 5002 4038 5054 δὲ

2440 5094 2654 5163 θρόνος,
2697 5096 2780 5147 ὅτι
2810 5093 2910 5163 τὴν
2950 5092 3198 5157 ἐξουσίαν
3225 5095 3323 5145 καὶ
3352 5091 3412 5146 τὸ
3441 5093 3547 5145 ῦπε
3559 5091 3790 5161 ρὸάλλον
3821 5091 3919 5143 τοῦ
3948 5091 4037 5144 ἐπ’

2436 5184 2601 5236 αὑτὸν
2623 5182 2824 5254 ὲπόχου
2867 5184 3149 5253 σημαίνει,
3184 5181 3426 5253 εἴρηται.
3478 5180 3545 5233 Τί
3579 5181 3636 5235 δὲ
3690 5180 4034 5250 τδ.βι6λίον;

2454 5278 2518 5331 Ἦ
2544 5278 2821 5348 πάνσοφος
2851 5278 2947 5331 τοῦ
2982 5277 3116 5331 Θεοῦ
3146 5277 3240 5331 καὶ
3266 5275 3641 5346 ἀνεπίληπτος
3676 5276 3894 5345 μνήμη.
3931 5277 4035 5328 Ἦν

2440 5375 2535 5427 καὶ
2579 5374 2608 5425 ό
2660 5373 2951 5442 προφήτης
2980 5370 3145 5425 Δαυῒδ
3198 5370 3295 5424 καὶ
3345 5369 3588 5439 Μωῦσῆς
3643 5368 4035 5439 παρεδήλου,ό

2441 5468 2540 5537 μὲν
2583 5467 2671 5519 διὰ
2691 5465 2805 5518 τοῦ*
2839 5482 2857 5516 ι
2896 5465 3021 5519 Ἐπὶ
3045 5464 3105 5517 τὸ
3130 5463 3335 5534 βιϐλίον
3362 5480 3457 5516 σου
3487 5462 3691 5524 πάντες
3716 5463 4035 5533 γραφήσον·

2436 5575 2547 5613 ται·
2582 5578 2601 5611 ι
2630 5560 2659 5611 ὁ
2689 5558 2745 5611 δὲ
2798 5557 2888 5611 διὰ
2910 5555 3027 5610 τοῦ*
3064 5574 3083 5607 ι
3124 5557 3284 5628 Κάμὲ
3314 5554 3601 5625 ἐξάλειψον
3636 5557 3700 5609 ἐκ
3722 5555 3821 5623 τῆς
3851 5554 4036 5623 βίϐλου

2436 5646 2505 5723 ἧς
2538 5649 2811 5722 ἔγραψας.
2857 5666 2875 5701 ι
2906 5648 2979 5702 Τὸ
3005 5647 3062 5701 δὲ
3099 5646 3305 5701 ἔσωθεν
3334 5645 3646 5718 γεγράφθαι
3678 5646 3775 5699 καὶ
3806 5644 4031 5710 ἔξωθεν,

1437 5818 1477 5850 ³⁵
1512 5817 1655 5872 ιἐιιι.
1692 5833 1960 5884 cxxxvm,
1998 5816 2082 5871 i6.
2166 5818 2207 5850 "
2240 5814 2415 5871 Exod.
2453 5830 2627 5880 xxxii,
2671 5812 2763 5868 39..
