4256 6440
801 370 907 432 5'19

1294 480 1463 552 s96
1505 478 1732 533 CAPUT
1777 479 1893 534 xu.

796 574 877 632 De
926 591 1064 647 agno
1122 573 1344 628 habente
1372 588 1572 625 cornua
1626 582 1845 653 septem,
1876 571 2142 642 quomodo
2186 570 2382 623 librum

1435 653 1725 694 aperuerit.

1435 658 1725 711 aperuerit.

876 735 939 800 V,
967 736 1086 788 5-7.
1112 732 1246 787 Ecce
1269 733 1390 786 vicit
1418 734 1495 786 leo
1519 733 1585 787 de
1608 732 1750 785 tribu
1772 729 1943 798 Iuda,
1988 731 2150 784 radix
2185 729 2381 794 Dnrid,

798 831 887 898 qui
925 827 1092 896 aperit
1124 826 1319 879 librum
1358 836 1407 877 et
1436 835 1632 894 septem
1670 823 1950 895 signacula
1994 822 2129 891 ejus.
2162 819 2231 874 Et
2278 822 2388 875 vidi

800 921 1052 973 mmedio
1102 918 1277 971 throni
1299 929 1348 971 et
1390 931 1622 988 quatuor
1672 917 1991 971 animalium
2036 924 2085 968 et
2124 916 2179 969 in
2217 915 2387 969 medio

801 1015 1065 1065 seniorum
1081 1027 1277 1078 agnum
1300 1021 1525 1064 stantem
1552 1020 1803 1079 tanquam
1826 1009 2081 1071 occisum,
2112 1006 2387 1060 habentem

800 1122 1000 1158 cornua
1042 1115 1237 1173 septem
1282 1113 1331 1155 et
1375 1104 1555 1156 oculos
1579 1114 1796 1172 septem.
1866 1117 1985 1172 quae
2032 1112 2155 1154 sunt
2192 1112 2389 1169 septem

801 1201 1022 1271 spiritus
1056 1199 1152 1252 Dei
1184 1200 1334 1251 missi
1373 1200 1424 1250 in
1454 1198 1755 1250 universam
1795 1209 2014 1251 terram.
2066 1196 2137 1250 Et
2180 1197 2316 1250 venit
2340 1207 2390 1250 et

801 1294 1000 1363 accepit
1024 1295 1087 1346 de
1116 1295 1303 1344 dextra
1332 1291 1562 1344 sedentis
1585 1292 1636 1345 in
1665 1292 1854 1345 throno
1877 1291 2095 1345 librum.

872 1556 1017 1613 Vicit
1048 1572 1173 1610 cum
1227 1555 1318 1625 qui
1373 1568 1475 1608 nos
1517 1552 1730 1607 vicerat
1780 1550 2083 1606 diabolum.
2130 1546 2267 1615 Quis
2309 1555 2393 1602 est

798 1660 981 1704 autem
1012 1651 1104 1718 qui
1152 1649 1312 1702 vicit?
1355 1647 1402 1702 Is
1446 1646 1540 1717 qui
1582 1655 1843 1714 tanquam
1884 1642 2027 1697 Deus
2051 1641 2271 1710 quidem
2306 1648 2393 1695 est

800 1743 905 1804 leo,
932 1740 1000 1794 de
1032 1755 1143 1810 quo
1192 1737 1503 1809 patriarcha
1555 1749 1776 1805 quoque
1822 1732 1997 1787 Jacob
2049 1732 2391 1785 decumbens

1624 364 1950 427 ΛΒΕΤΗιΕ
1991 361 2373 425 ΕΛΕΞΛΒΕᾸΒ
2409 360 2896 423 ΟΛΡΡΑΒΟΟΙΛΞ
2936 359 3290 424 ΕΡῘΞΕΟΡΓ

3972 367 4093 430 580

3094 477 3343 529 ΚΕΦΛΛ.
3378 477 3475 529 111⁸.

2560 564 2701 633 Περὶ
2732 565 2841 619 τοῦ
2864 566 3093 636 ἀρνίου
3115 566 3223 619 τοῦ
3262 568 3336 619 τὰ
3362 566 3513 619 ἑπτὰ
3556 566 3773 634 κέρατα
3802 568 4089 636 ἔχοντος,

2842 636 3003 701 ὅπως
3039 635 3154 703 τὴν
3182 637 3407 700 βίϐλον
3435 637 3722 701 ἀνέῳξεν.

2572 727 2730 785 ἰδοὺ
2759 728 3047 797 ἐνίκησεν
3077 732 3111 783 ὀ
3141 728 3300 782 λέων
3324 733 3357 784 ό
3376 731 3446 784 ἐκ
3472 728 3585 799 τῆς
3607 731 3817 798 φυλῆς
3854 731 4090 791 Ἰούδα.

2491 823 2531 887 ἡ
2554 819 2689 889 ῥίζα
2714 819 2919 881 Δαυῒδ,
2954 824 2987 874 ὁ
3014 821 3275 889 ἀνοίγων
3294 820 3361 874 τὸ
3380 822 3632 886 ,βιϐλίον
3665 823 3767 876 καὶ
3785 826 3895 889 τὰς
3926 824 4088 877 ἑπτὰ

2492 912 2831 983 σφραγῖδας
2855 912 3065 967 αὐτοῦ.
3106 912 3216 967 Kal
3242 909 3408 968 εἶδον
3435 912 3507 968 ἐν
3532 914 3702 983 μέσῳ
3721 915 3829 970 τοῦ
3859 917 4090 984 θρόνου

2493 1004 2594 1057 καὶ
2649 1004 2769 1058 τῶν
2816 1004 3136 1072 τεσσάρων
3160 1004 3340 1072 ᾄδων,
3380 1007 3480 1060 καί
3500 1007 3570 1061 ἐν
3596 1008 3766 1077 μέσῳ
3787 1009 3908 1062 τῶν
3937 1027 4086 1078 ,πρε-

2493 1097 2801 1162 σϐυτέρων
2826 1096 3059 1164 ἀρνίον,
3084 1097 3333 1165 ἑστηκὸς
3378 1098 3460 1164 ὠς
3488 1099 3894 1169 ἐσφαγμένον,
3936 1102 4092 1168 ἔχον

2496 1186 2715 1254 κέρατα
2766 1187 2940 1251 ἑπτὰ,
2988 1189 3087 1242 καί
3128 1190 3481 1260 ὀφθαλμοὺς
3533 1191 3706 1253 ἑπτὰ.
3753 1192 3792 1247 ᾶ
3840 1196 3958 1246 εἰσι
4009 1194 4089 1244 τὰ

2496 1277 2645 1331 ἑπτὰ
2700 1280 3015 1347 πνεύματα
3067 1280 3173 1333 τοῦ
3229 1280 3381 1334 Θεοῦ
3435 1282 3945 1351 ἀποστελλόμενα
3990 1285 4082 1346 είς

2495 1368 2704 1422 πᾶσαν
2740 1369 2855 1438 τὴν
2882 1370 3020 1440 γῆν.
3069 1372 3179 1427 Kal
3224 1369 3374 1441 ἦλθε
3406 1374 3507 1427 καὶ
3554 1376 3809 1443 εἴληφεν
3864 1377 3931 1429 ἐκ
3967 1374 4084 1443 τῆς

2494 1458 2700 1528 δεξιᾶς
2727 1462 2830 1515 τοῦ
2850 1465 3191 1532 καθημένου
3220 1466 3324 1519 ἐπὶ
3346 1467 3453 1521 τοῦ
3477 1469 3694 1535 θρόνου
3723 1470 3787 1522 τὸ
3809 1470 4079 1534 βιϐλίον.

2581 1554 2832 1626 Ἐνίκησε
2870 1556 2962 1609 τὸν
2991 1557 3263 1627 ἡμέτερον
3295 1559 3523 1629 νικητὴν
3549 1561 3645 1612 τὸν
3666 1560 3937 1618 διάϐολον.
3976 1563 4085 1626 Τίς

2493 1646 2552 1701 δὲ
2586 1647 2617 1699 ὁ
2643 1650 2914 1717 νικήσαςς
2965 1648 3024 1703 '0
3051 1649 3127 1712 ὼς
3155 1649 3288 1713 Θεὸς
3320 1652 3419 1718 μὲν
3457 1652 3617 1714 λέων.
3660 1654 3788 1724 περὶ
3818 1647 3880 1707 οὗ
3920 1656 4017 1709 καὶ
4048 1656 4085 1707 ὁ

2496 1737 2846 1810 πατριάρχης
2900 1740 3096 1794 Ἰακὼϐ
3124 1742 3153 1794 ὁ
3181 1742 3533 1806 κατακλιθεὶς
3572 1745 4083 1816 ἐχρησμοδότησεν·

798 1834 1130 1887 vaticinatus
1182 1840 1267 1886 est
1299 1848 1312 1885 :
1357 1850 1375 1882 ι
1428 1828 1499 1884 Ut
1532 1829 1616 1884 leo
1647 1828 1717 1883 de
1748 1826 1891 1881 tribu
1931 1823 2068 1879 Juda
2096 1825 2165 1881 ".
2197 1842 2216 1876 ι
2248 1822 2396 1878 Tan-
2426 1833 2468 1889 Β
2505 1848 2523 1881 ι
2573 1830 2696 1893 Ὦς]

2505 1848 2523 1881 ι
2573 1830 2661 1893 Ὦς
2681 1832 2819 1886 λέων
2846 1832 2875 1884 ὁ
2908 1832 2973 1885 ὲκ
2995 1835 3095 1903 τῆς
3123 1833 3297 1902 φυλῆς
3339 1833 3531 1888 Ἰούδα.
3572 1852 3591 1886 s
3636 1835 3726 1896 Ὠς
3755 1835 3880 1905 ῥίζα
3902 1836 3961 1889 δὲ
3982 1836 4087 1890 τοῦ

798 1942 967 1995 quam
997 1925 1153 1979 ralis
1189 1939 1320 1980 vero
1369 1924 1543 1994 ipsius
1576 1920 1770 1989 David,
1819 1921 1966 1976 sicut
2005 1927 2223 1974 creator
2259 1932 2390 1989 pro-

800 2031 920 2093 pter
954 2022 1299 2076 divinitatem
1339 2038 1353 2075 :
1410 2036 1478 2074 ex
1532 2020 1716 2074 radice
1769 2028 1951 2071 autem
1998 2015 2168 2069 David
2211 2014 2393 2069 dictus

800 2123 969 2170 esteo
1000 2113 1146 2182 quod
1182 2113 1390 2167 dictum
1426 2111 1594 2166 fuerit
1630 2111 1699 2165 de
1727 2110 1911 2163 radice
1962 2107 2131 2162 David
2180 2110 2390 2176 virgam

800 2204 1128 2276 produxisse
1160 2203 1348 2260 ﬂorem
1385 2213 1608 2274 propter
1647 2202 2069 2258 humanitatem.

874 2297 1077 2367 Agunm
1106 2306 1332 2351 stantem
1353 2306 1606 2366 tanquam
1641 2296 1897 2349 occisum.
1922 2295 2113 2364 Agnus
2136 2298 2220 2347 est
2242 2289 2394 2346 Chri-

811 2399 931 2445 stus
964 2392 1059 2459 qui
1088 2391 1255 2444 etiam
1287 2388 1742 2460 praefigurabatur
1763 2402 1860 2458 per
1883 2400 2085 2458 agnum
2117 2386 2211 2457 qui
2239 2383 2395 2454 juxta

806 2486 977 2555 legale
1008 2484 1215 2554 pascha
1246 2481 1658 2547 immolabatur,
1688 2489 1744 2535 et
1774 2494 1872 2551 per
1910 2479 2107 2533 Isaiam
2135 2488 2395 2547 tanquam

801 2591 867 2631 cx
904 2592 1137 2647 persona
1172 2572 1378 2628 Christi
1405 2571 1541 2626 dicit
1574 2589 1588 2626 :
1619 2588 1638 2622 ι
1678 2568 1792 2639 Ego
1826 2579 2010 2623 autem
2045 2568 2188 2623 sicut
2210 2582 2391 2638 agnus

804 2669 1073 2724 innocens
1089 2667 1180 2737 qui
1199 2664 1417 2719 ducitur
1434 2675 1494 2720 ut
1516 2662 1855 2729 immoletur,
1881 2677 1987 2716 non
2007 2661 2237 2732 cognovi
2259 2661 2343 2727 “;
2371 2677 2391 2711 ο

802 2769 857 2814 et
893 2759 1070 2815 illud:
1122 2778 1140 2810 ι
1203 2756 1359 2814 Sicut
1415 2770 1588 2826 agnus
1641 2770 1828 2810 coram
1893 2754 2152 2809 tondente
2184 2768 2243 2809 se
2281 2753 2400 2808 sine

806 2866 938 2906 voce
972 2851 1059 2916 ";
1106 2870 1123 2901 ι
1171 2858 1227 2905 et
1254 2850 1300 2905 si
1349 2848 1480 2920 quid
1516 2847 1643 2902 huic
1677 2846 1961 2903 sententia:
2003 2846 2288 2900 conforme
2316 2854 2401 2900 est

803 2943 949 3014 quod
978 2941 1217 2998 hominis
1245 2940 1339 2996 Dei
1376 2940 1688 3011 passionem
1738 2939 1901 2994 nobis
1951 2935 2399 2993 manifestissime

807 3035 1083 3107 figuravit.
1145 3034 1304 3100 Quod
1352 3041 1538 3087 autem
1596 3031 1815 3086 occisus
1860 3045 1970 3084 non
2029 3029 2266 3093 dicatur,
2300 3029 2397 3084 sed

808 3137 1068 3196 tanquam
1131 3125 1373 3186 occisus,
1418 3122 1783 3192 significantis
1822 3130 1908 3175 est
1939 3122 2087 3193 quod
2122 3122 2174 3174 in
2222 3129 2400 3175 morte

2494 1919 2678 1985 Δαυῖδ,
2709 1921 2787 1986 ὠς
2841 1921 3068 1991 κτίστης
3124 1921 3213 1975 διὰ
3254 1921 3355 1990 τὴν
3397 1921 3648 1992 θεότητα.
3696 1924 3791 1978 Ἐκ
3836 1923 3997 1995 ῥίζης
4025 1926 4088 1979 δε

2494 2010 2659 2066 Δαυῒδ
2689 2012 2906 2083 εἴρηται
2927 2013 3015 2068 διὰ
3040 2013 3103 2067 τὸ
3127 2015 3383 2085 εἰρῆσθαι
3415 2016 3480 2069 ἐκ
3502 2015 3659 2087 ῥίζης
3694 2016 3858 2070 Δαυῒδ
3888 2017 4090 2072 ὁάδδον

2496 2104 2655 2170 ἄνθος
2681 2104 2979 2177 ϐλαστῆσαι
3006 2107 3097 2162 διὰ
3122 2106 3220 2179 τὴν
3249 2106 3668 2179 ἀνθρωπότητα.

2582 2282 2840 2352 Ἀρνίον,
2896 2282 3160 2353 ἑστηκὸς
3216 2286 3299 2352 ὡς
3346 2285 3753 2357 ἐσφαγμένον.
3814 2291 4029 2362 Ἀρνίον
4056 2292 4090 2345 ὁ

2498 2376 2753 2447 Χριστὸς,
2784 2377 2814 2430 ὃ
2850 2378 2946 2432 καὶ
2992 2378 3082 2434 διὰ
3142 2379 3237 2433 τοῦ
3283 2382 3429 2435 κατὰ
3472 2382 3567 2436 τού
3611 2384 3840 2455 νομικοῦ
3892 2387 4086 2459 Πάσχα

2500 2468 2764 2538 θυομένου
2806 2470 3183 2541 προετυποῦτο
3236 2471 3433 2544 ἀμνοῦ.
3462 2474 3572 2529 Κα’ίΙ
3620 2475 3710 2530 διὰ
3760 2476 3985 2531 Ἡσαΐου
4009 2480 4089 2541 ὡς

2502 2564 2567 2616 ἐκ
2621 2561 2917 2633 προσώπου
2969 2564 3107 2633 φησὶ
3170 2564 3268 2618 τοῦ
3306 2564 3589 2637 Χριστοῦ·
3641 2586 3661 2620 s
3735 2567 3879 2636 Ἐγὼ
3918 2570 3977 2623 δὲ
4011 2572 4090 2633 ὡς

2500 2654 2687 2723 ἀρνίον
2742 2655 2950 2710 ἄκακον
2972 2657 3243 2728 ἀγόμενον
3277 2657 3374 2710 τοῦ
3409 2657 3657 2725 θύεσθαι,
3689 2662 3790 2715 οὐκ
3818 2662 3993 2730 ἔγνων
4016 2678 4034 2693 ·
4066 2686 4087 2715 ι

2501 2747 2597 2800 καὶ
2628 2747 2690 2801 τό
2722 2764 2736 2778 ο
2774 2767 2792 2799 ι
2842 2747 2931 2811 Ὠς
2976 2749 3151 2819 ἀμνὸς
3177 2750 3422 2804 ἐναντίον
3449 2750 3547 2804 τοῦ
3602 2751 3885 2822 κείραντος
3923 2753 4091 2807 αὑτὸν

2501 2840 2737 2911 ἄφωνος,
2784 2860 2804 2893 s
2846 2843 2942 2895 ua“.
2977 2842 3082 2895 είτι
3123 2842 3301 2914 τούτῳ
3332 2842 3461 2914 ἑξῆς
3497 2842 3573 2914 τῷ
3624 2842 3796 2915 ῥητῷ,
3826 2845 3891 2900 τὸ
3916 2845 4093 2909 πάθος

2503 2934 2636 3003 ἡμῖν
2668 2932 2765 2987 τοῦ
2794 2933 3160 3005 Θεανθρώπου
3194 2935 3306 3005 (2‘2)
3338 2936 3715 3007 ἱναργέστατα
3757 2936 4087 2991 διατυποῦν.

2504 3023 2581 3077 To
2625 3023 2683 3077 δὲ
2738 3024 2816 3096 μὴ
2850 3025 3194 3096 ἐσφαγμένον
3227 3026 3501 3097 εἰρῆσθαι,
3555 3027 3671 3080 ἀλλ’
3704 3027 3781 3091 ὡς
3809 3031 4094 3101 ἐσφαγμέ-

2505 3133 2617 3183 νον,
2643 3115 2706 3169 τὸ
2740 3117 2816 3188 μὴ
2851 3119 3207 3188 ὲναπομείναι
3242 3118 3529 3188 δηλούντός
3569 3121 3687 3174 ἐστι
3737 3120 3817 3193 τῷ
3850 3123 4093 3195 θανάτῳ.

807 3186 1311 3285 nou-permanserit
1359 3232 1374 3270 :
1423 3186 1620 3268 revixit
1644 3214 1788 3268 enim
1809 3186 2062 3267 Christus
2087 3231 2103 3268 :
2131 3227 2256 3266 nam
2290 3212 2393 3267 hoc
2423 3186 2469 3247 ο
2514 3209 2696 3263 Ἀνεΰίι

2514 3186 2873 3282 Ἀνεϐίωγγαρ
2910 3213 2939 3265 ὀ
2968 3186 3227 3281 Χριστός.
3265 3186 3437 3267 Τοῦτο
3468 3214 3579 3285 γὰρ
3604 3214 3686 3281 τδ,
3721 3186 3799 3287 μῆ
3818 3218 3913 3270 τὸν
3943 3186 4096 3271 ὅσιον

806 3318 892 3364 est
922 3309 1068 3379 quod
1099 3308 1305 3362 dicitur
1335 3323 1443 3361 non
1473 3308 1593 3361 dari
1642 3316 1892 3361 sanctum
1930 3316 1989 3361 ut
2018 3306 2249 3374 videret,
2278 3320 2391 3361 non
2500 3302 2633 3357 ἰδεῖν
2685 3322 2696 3356 1

2500 3302 2633 3357 ἰδεῖν
2685 3305 2812 3375 οὐχὶ
2851 3304 3095 3375 φθορὰν.
3149 3306 3285 3359 ἀλλὰ
3342 3307 3669 3378 διαφθορὰν,
3722 3308 3799 3372 ὡς
3846 3310 3949 3380 τῆς
3992 3312 4095 3381 μὲν

809 3402 1112 3467 interitum,
1143 3402 1235 3455 sed
1288 3402 1699 3470 corruptionem
1765 3419 1779 3455 :
1830 3410 2092 3470 tanquam
2140 3398 2393 3454 interitus
2498 3396 2696 3466 φθορᾶς

2498 3396 2707 3466 φθορᾶς
2761 3396 2859 3467 τὴν
2890 3396 3165 3462 διάζευξιν
3214 3399 3313 3465 τῆς
3358 3398 3535 3471 ψυχῆς
3585 3400 3684 3472 τὴν
3716 3401 3826 3454 ἀπὸ
3858 3400 3956 3455 τοῦ
3986 3401 4093 3454 σώ-

809 3492 1028 3561 quidem
1095 3493 1495 3561 separationem
1527 3491 1727 3546 anima:
1776 3507 1806 3545 a
1841 3505 2076 3562 corpore
2105 3491 2391 3561 designet:
2502 3505 2671 3558 ματος

2502 3505 2671 3558 ματος
2710 3490 3004 3559 δηλούσης,
3039 3490 3067 3544 ὃ
3123 3493 3214 3543 κιὶ
3264 3492 3592 3546 πεπονθέναι
3644 3494 3883 3563 Χριστὸν
3912 3494 4096 3557 οὐδεὶς

811 3586 958 3655 quod
999 3585 1164 3639 etiam
1201 3599 1328 3639 vere
1357 3583 1580 3639 Christo
1627 3583 1895 3637 accidisse
1947 3582 2131 3637 nullus
2179 3584 2393 3653 piorum
2496 3579 2696 3632 τῶνεὺς

2496 3579 2605 3629 τῶν
2622 3580 2993 3633 εὐσεϐούντων
3011 3582 3153 3636 κατα
3170 3583 3430 3652 ἀλήθειαν
3449 3587 3542 3637 καὶ
3560 3585 3864 3654 ὑποστῆναι
3882 3586 4096 3668 ἀθετεῖ⁹

812 3680 1084 3732 cultorum
1142 3686 1361 3731 recusat
1409 3676 1724 3745 suscipere,
1804 3674 2210 3742 corruptionem
2268 3688 2397 3725 vero
2498 3671 2690 3739 διιφοο

2498 3671 2796 3741 διαφθορὰν
2829 3674 2907 3739 δὲ,
2945 3672 3031 3727 οὔ.
3063 3674 3138 3727 Ub
3182 3674 3291 3745 γὰρ
3339 3679 3409 3747 τῇ
3462 3676 3648 3748 τελείᾳ
3693 3676 3938 3731 διαλύσει
3980 3680 4096 3732 τῶν

814 3784 947 3823 non.
997 3766 1182 3837 Neque
1230 3764 1378 3820 enim
1413 3765 1670 3836 perfectio
1702 3765 2066 3818 humanorum
2122 3764 2397 3817 metnlno-

815 3874 938 3912 rum
976 3857 1333 3913 dissolutioui
1390 3856 1670 3927 subjectus
1708 3856 1832 3920 fuit,
1857 3856 1951 3910 sed
1999 3871 2110 3925 quo
2154 3867 2401 3924 tempore

816 3948 1222 4019 Corruptionem
1266 3949 1585 4019 subiugi-edi
1611 3947 1970 4018 oportuisset,
1997 3947 2162 4018 697
2202 3960 2269 3999 co
2309 3960 2404 3998 su~

819 4045 1142 4111 perveniens
1194 4043 1525 4097 resurrectio
1585 4042 1958 4110 corruptionis
2017 4042 2126 4094 vim
2178 4037 2400 4094 retudit.

821 4133 946 4187 Ideo
975 4148 1193 4203 quoque
1234 4133 1487 4188 triduana
1543 4132 1644 4187 fuit
1673 4132 1879 4186 Christi
1908 4133 1960 4184 in
2000 4138 2175 4186 morte
2220 4144 2405 4184 remo-

821 4226 981 4279 ratin.
1013 4225 1295 4295 Siquidem
1331 4225 1597 4296 probatus
1641 4235 1726 4280 est
1765 4225 1812 4277 is
1856 4223 1951 4293 qui
1982 4222 2205 4292 scripsit
2241 4230 2405 4275 natu-

821 4320 989 4373 ralem
1021 4320 1333 4383 historiam,
1386 4320 1575 4374 dicens
1615 4334 1847 4388 corpora
1890 4317 2240 4372 morientium
2287 4332 2408 4388 qua:

821 4415 892 4466 ab
922 4412 1046 4482 igne
1089 4424 1416 4482 consumpta
1461 4428 1568 4465 non
1596 4421 1746 4478 sunt,
1790 4420 1903 4465 tres
1946 4411 2066 4467 dies
2112 4410 2406 4475 sustinere,

2502 3761 2861 3831 ἀνθρωπίνων
2914 3762 3099 3834 μερῶν
3130 3764 3437 3837 ὖπεδλήθη,
3466 3766 3603 3821 ἀλλὰ
3630 3766 3753 3821 καθ’
3799 3767 3861 3820 ὃν
3886 3773 4092 3839 καιρὸν

2502 3852 2600 3922 τὴν
2660 3852 2964 3924 διαφθορὰν
3028 3854 3336 3911 ύπεισιέναι
3390 3858 3581 3930 ἐχρῆν,
3641 3858 3781 3912 κατὰ
3836 3857 4030 3911 τοῦτον
4064 3862 4097 3928 ἡ

2502 3944 2801 4008 ἀνάστασις
2853 3946 3237 4019 ὲνεργηθεῖσα,
3293 3952 3394 4019 τὴν
3459 3950 3761 4021 διαφθορὰν
3819 3950 4092 4022 ἧμὸλυνε.

2505 4039 2598 4092 Διὸ
2635 4045 2729 4093 καὶ
2752 4042 3050 4112 τριήμερος
3076 4042 3109 4111 ὴ
3134 4042 3191 4093 ὲν
3221 4041 3300 4112 τῷ
3334 4044 3555 4113 θανάτῳ
3595 4042 3690 4096 τοῦ
3723 4044 3933 4111 Κυρίου
3965 4043 4092 4096 δια-

2507 4133 2695 4206 τριϐὴ,
2728 4134 2843 4203 εἴγε
2868 4134 3168 4197 ἁπόδεκτος
3213 4136 3243 4187 ὁ
3264 4135 3363 4203 τὴν
3394 4135 3633 4203 φυσικὴν
3658 4134 3904 4202 ἱστορίαν
3955 4136 4093 4205 τρά.

2508 4226 2639 4297 ψας,
2668 4226 2740 4281 τὰ
2770 4225 3002 4297 σώματα
3031 4226 3143 4279 τῶν
3174 4226 3521 4297 θνησκόντων
3548 4226 3626 4297 μὴ
3665 4227 3771 4280 ὑπὸ
3792 4229 3969 4297 πυρξς
4000 4231 4097 4282 ἀν-

2510 4320 2854 4388 αλωθέντων,
2885 4322 3035 4391 τρεῖς
3080 4320 3296 4392 ἡμέρας
3348 4320 3732 4391 διακαρτερεῖν
3781 4322 3849 4390 τῇ
3883 4324 4094 4391 φυσικῇ

2512 4412 2627 4487 ζωῇ
2651 4411 3040 4485 ἐνεργούμενα,
3072 4412 3168 4466 καὶ
3192 4411 3255 4465 τὸ
3299 4411 3408 4464 ἀπὸ
3430 4408 3583 4463 τοῦδε
3610 4412 3677 4480 τῇ
3717 4410 3920 4482 φθορᾷ,
3954 4409 4091 4480 μᾶλ-

822 4505 1056 4559 naturali
1106 4505 1211 4559 vita
1277 4505 1332 4559 in
1369 4505 1451 4559 cis
1489 4513 1707 4571 agente,
1776 4519 1842 4558 ac
1891 4503 2091 4559 deinde
2136 4501 2403 4564 interitui.
2440 4507 2604 4592 D‘mv
2623 4506 2681 4559 δὲ

2514 4507 2604 4559 λον
2623 4506 2681 4559 δὲ
2709 4509 2777 4578 τῇ
2806 4505 3072 4576 διαφθορᾷ
3095 4502 3506 4573 παραδίδοσθαι.

824 4597 935 4651 imo
961 4600 1142 4667 potius
1170 4596 1511 4666 corruptioni
1545 4595 1707 4650 tradi.

900 4690 1189 4744 [labentem
1214 4706 1416 4743 cornua
1445 4697 1660 4758 septem.
1689 4687 1908 4743 Cornua
1941 4686 2236 4757 potentiam
2263 4684 2410 4738 desi-

824 4792 996 4851 gnant
1026 4794 1081 4836 et
1122 4782 1375 4851 gloriam,
1403 4780 1867 4851 quemadmodum
1898 4780 1987 4833 ubi
2031 4778 2100 4833 de
2138 4785 2409 4849 potestate

825 4875 1027 4929 dicitur
1054 4891 1068 4927 :
1102 4892 1120 4925 ι
1151 4874 1342 4929 Omnia
1365 4888 1572 4929 cornua
1596 4881 1945 4943 peccatorum
1967 4871 2307 4938 confringant
2335 4886 2349 4922 :
2381 4888 2402 4921 ι

827 4970 895 5026 de
930 4970 1101 5040 gloria
1143 4983 1277 5023 vero
1308 4984 1322 5023 :
1368 4985 1386 5020 ι
1434 4966 1500 5022 Et
1532 4967 1864 5022 exaltabitur
1893 4981 2062 5019 cornu
2102 4964 2236 5034 justi
2272 4964 2339 5018 “.
2384 4983 2402 5015 ι

887 5154 1017 5219 Qua:
1040 5162 1161 5206 sunt
1191 5161 1383 5222 septem
1408 5151 1628 5219 spiritus
1651 5149 1764 5204 Dei.
1788 5149 2004 5218 Septem
2024 5147 2251 5217 spiritus
2282 5153 2410 5200 sunt

829 5258 1036 5317 Septem
1064 5247 1412 5316 operationes
1443 5244 1712 5313 Spiritus,
1747 5256 1939 5310 nempe
1963 5239 2249 5309 sapientia:
2272 5278 2286 5300 ,
2321 5239 2407 5290 iu-

832 5355 851 5394 ι
888 5342 1099 5399 Ilectus,
1134 5339 1395 5406 scientize,
1428 5337 1668 5400 consilii,
1703 5333 2066 5394 fortitudinis,
2104 5330 2320 5401 pietatis
2352 5338 2408 5384 et

832 5433 1045 5485 tutioris
1083 5430 1298 5484 Domini
1344 5448 1357 5484 ε
1404 5445 1525 5499 quin
1572 5428 1923 5498 operationes
1968 5425 2263 5481 efﬁcaciam
2306 5424 2402 5478 ha-

834 5529 1068 5582 buerunt
1102 5526 1153 5579 in
1189 5527 1396 5579 sanctis
1426 5524 1516 5593 qui
1546 5533 1675 5578 sunt
1711 5523 1764 5576 in
1795 5522 2049 5576 universa
2085 5531 2250 5575 terra.
2354 5520 2357 5521 ⁷

903 5711 943 5741 ¹¹
981 5711 1116 5763 Gen.
1172 5723 1321 5769 xm,
1354 5706 1409 5759 0.
1488 5706 1533 5737 ²²
1574 5703 1776 5760 Jerrm.
1829 5721 1903 5771 xu,
1944 5703 2030 5757 l9.

901 5822 1015 5894 ‘22)
1059 5819 1373 5895 Ἀνθρώπου
1406 5825 1546 5890 vulg.

2136 5704 2180 5735 ”
2213 5703 2319 5757 lsa.
2359 5719 2514 5772 um,
2542 5704 2598 5759 7.

2590 4690 2773 4757 Ἔχον
2814 4686 3031 4755 κέρατα
3070 4684 3239 4740 ἑπτά.
3287 4685 3511 4755 Κέρατα
3578 4682 3679 4754 τὴν
3722 4683 3959 4753 δύναμιν
4002 4702 4090 4757 cn;-

2518 4783 2701 4852 μαίνει
2737 4780 2831 4833 καὶ¹
2864 4780 2963 4850 τὴν
3006 4778 3186 4842 δόξαν,
3224 4777 3299 4840 ὡς
3335 4778 3464 4830 ὅταν
3505 4776 3639 4846 περὶ
3670 4775 3771 4845 τῆς
3811 4777 4097 4848 δυνάμεως

2514 4874 2681 4947 λέγει’
2733 4891 2752 4925 ι
2806 4872 2990 4927 Πάντα
3036 4872 3106 4924 τὰ
3156 4871 3362 4940 κέρατα
3406 4868 3517 4922 τῶν
3566 4868 3912 4939 ἁμαρτωλῶν
3971 4886 4095 4923 συν-

2515 4967 2715 5021 θλάσω·
2761 4986 2780 5019 ι
2824 4966 2953 5036 περὶ
2991 4965 3048 5019 δὲ
3089 4963 3191 5033 τῆς
3223 4962 3380 5032 δόξης
3405 4979 3417 4994 ⁸
3461 4980 3479 5013 ι
3513 4963 3622 5016 Καὶ
3654 4960 4009 5032 ὑψωθήσεται
4042 4963 4098 5015 τὸ

2513 5061 2683 5130 κέρας
2707 5058 2801 5111 τοῦ
2832 5056 3065 5111 δικαίου.
3103 5076 3120 5107 ι

2581 5152 2643 5205 ’Ἀ
2684 5153 2804 5204 εισι
2840 5152 2913 5204 τὰ
2951 5150 3099 5202 ἑπτὰ
3132 5149 3444 5218 πνεύματα
3475 5145 3580 5199 τοῦ
3625 5143 3796 5199 Θεοῦ.
3839 5146 3924 5198 Τὰ
3958 5147 4097 5199 ἑπτὰ

2510 5244 2821 5313 πνεύματα,
2856 5243 2913 5296 αἱ
2947 5242 3042 5294 τοῦ
3077 5242 3395 5311 Πνεύματος
3428 5241 3724 5309 ἐνέργειαι,
3750 5238 3853 5305 τῆς
3882 5238 4095 5303 σοφίας.

2509 5335 2608 5404 τῆς
2637 5334 2926 5398 συνέσεως,
2944 5332 3045 5402 τῆς
3073 5333 3347 5402 γνώσεως,
3391 5332 3491 5401 τῆς
3532 5330 3747 5401 βουλῆς,
3767 5329 3868 5397 τῆς
3894 5328 4095 5397 ἰσχύος,

2510 5427 2610 5495 τῆς
2632 5423 2936 5487 εὐσεϐείας,
2970 5423 3185 5478 καὶτοῦ
3218 5423 3383 5493 φόὸου
3412 5422 3506 5477 τοῦ
3540 5421 3697 5475 Θεοῦ.
3732 5422 3913 5490 Ais-:39
3946 5422 4093 5489 ἐνέρ·

2514 5534 2663 5587 γειαι
2723 5518 2818 5570 ἐπὶ
2873 5516 3001 5580 τοὺς
3059 5517 3140 5580 εις
3196 5518 3378 5570 πᾶσαν
3419 5516 3516 5587 τὴν
3562 5518 3667 5587 γῆν
3699 5515 3862 5577 ὄντας
3909 5513 4091 5581 ἀξίους

2514 5610 2608 5680 ὲνή
2619 5627 2722 5680 ργη
2731 5625 2850 5662 σαν.

2783 5704 2826 5735 ⁸⁵
2854 5702 2998 5760 Psal.
3033 5718 3218 5768 Lutv,
3249 5702 3334 5756 ll.
