4256 6440
212 429 312 496 581

1288 416 1675 481 COMMENT.
1725 416 1807 476 IN
1850 414 2384 480 APOCALYPSIN.

3379 419 3485 482 582

286 545 389 598 Kal
423 544 675 611 εἴληφεν
698 541 765 594 ἐκ
797 539 908 607 τῆς
943 536 1146 603 δεξιᾶς
1187 537 1292 590 τοῦ
1320 506 1663 602 καθημένου
1698 532 1794 583 ἐπὶ
1827 536 1876 591 Α

1827 536 1876 591 Α
1979 528 2045 582 Et
2096 532 2296 594 accepit
2337 531 2401 583 de
2443 532 2630 586 dextra
2678 530 2905 584 sedentis
2942 531 2997 582 in
3036 529 3223 582 throno
3270 529 3482 585 librum.

212 634 322 688 τοῦ
361 635 578 700 θρόνου
622 631 687 685 τὸ
732 631 998 695 βιϐλίον.
1050 630 1125 681 Tb
1178 627 1463 697 εἰληφέναι
1511 625 1572 676 τὺ
1611 623 1801 692 ἀρνίον

213 728 280 778 ἐκ
307 727 403 795 τῆς
431 724 612 788 δεξιᾶς
639 724 735 776 τοῦ
780 723 1096 791 καθημένου
1139 721 1233 773 ἐπὶ
1257 718 1353 772 τοῦ
1397 717 1588 787 θρόνου
1618 717 1681 769 τὸ
1717 715 1800 784 βι-

215 817 396 879 ϐλίον,
462 816 604 868 κατὰ
649 815 712 868 τὸ
773 813 1118 884 ἀνθρώπινον
1184 812 1437 880 νοητέον,
1483 809 1676 878 ὥσπερ
1739 808 1799 860 τὸ

214 908 513 978 ἐσφάχθαι.
556 909 714 960 Κατὰ
751 907 860 974 γὰρ
894 907 954 959 τὸ
997 908 1160 970 θεῖον,
1199 904 1351 956 οὐδὲν
1399 901 1802 970 ἐξιδιαζόμενον

213 1003 336 1062 ταῖς
373 1001 550 1068 τρισὶν
600 998 930 1050 ὑποστάσεσι
971 997 1079 1048 τῶν
1136 993 1477 1064 θεοπρεπῶν,
1519 992 1659 1063 πλὴν
1699 992 1799 1060 τῆς

213 1091 312 1143 τοῦ
339 1092 542 1160 τρόπου
571 1091 903 1159 προαγωγῆς
933 1091 1027 1142 τοῦ
1050 1091 1122 1156 ’ἀγ
1134 1091 1359 1158 εννήτου
1387 1088 1482 1139 καὶ
1512 1086 1798 1156 γεννητοῦ,

218 1183 314 1234 καὶ
349 1181 704 1250 ἐκπορευτοῦ.
1703 1235 1707 1240 .

293 1276 402 1327 Καὶ
454 1276 552 1327 ὅτε
605 1275 783 1329 ἔλαϐε
833 1275 900 1329 τὸ
932 1276 1214 1340 βιϐλίον,
1251 1277 1323 1329 τὰ
1374 1276 1642 1343 τέσσαρα
1689 1274 1801 1335 ζῶα

217 1369 317 1420 καί
359 1371 411 1420 οι
450 1368 859 1431 εἰκοσιτέσσαί
877 1386 942 1433 ες
991 1371 1383 1436 πρεσϐύτεροι
1441 1369 1668 1422 ἔπεσον
1701 1369 1797 1421 er-

215 1460 406 1512 ώπιον
431 1460 536 1512 τοῦ
567 1461 809 1526 ἀρνίου,
836 1461 1082 1528 ἔχοντες
1110 1461 1371 1526 ἕκαστος
1410 1461 1661 1528 κιθάραν
1699 1463 1797 1516 καὶ

215 1551 444 1619 φιάλας
473 1551 709 1620 χρυσᾶς
751 1555 1053 1621 γεμούσας
1095 1553 1501 1622 θυμιαμάτων,
1536 1555 1600 1606 αἵ
1641 1557 1800 1608 είσιν

213 1648 275 1697 αὶ
310 1645 644 1714 προσευχαί
675 1644 794 1698 τῶν
818 1646 1023 1715 ἁγίων.
1060 1647 1158 1698 καὶ
1191 1647 1449 1713 ᾄδουσιν
1477 1647 1641 1714 ᾠδὴν
1675 1666 1800 1702 και-

213 1736 338 1801 νὴν
363 1737 646 1803 λέγοντες
668 1752 682 1765 ο
718 1737 912 1803 Ἄξιος
939 1733 996 1791 εἷ
1023 1737 1235 1792 λαϐεῖν
1267 1738 1335 1792 τὸ
1368 1739 1615 1803 βιϐλίον
1635 1780 1648 1804 ,
1698 1740 1796 1792 καὶ

213 1828 453 1890 ἀνοῖξαι
491 1829 597 1894 τὰς
630 1829 965 1897 σφραγῖδας
1002 1831 1209 1895 αὐτοῦ,
1251 1832 1340 1883 ὄτι
1384 1830 1660 1899 ἐσφάγης
1701 1829 1798 1883 καί

213 1918 522 1984 ὴγιζρασας
572 1917 651 1983 τῷ
702 1919 822 1982 Θεῷ
858 1919 1015 1987 ἡμᾶς
1043 1920 1111 1974 ἐν
1158 1920 1238 1985 τῷ
1279 1921 1483 1988 αἵματί
1528 1937 1665 1974 σου.
1727 1920 1796 1972 ἐκ

216 2010 424 2075 πάσης
473 2011 677 2080 φυλῆς
711 2013 808 2064 καὶ
844 2014 1171 2080 γλώσσης,
1223 2014 1321 2065 καὶ
1361 2013 1516 2066 λαοῦ
1561 2012 1660 2065 καί
1705 2013 1798 2066 ἕθ-

213 2120 384 2168 νους,
421 2103 519 2158 καί
548 2106 842 2171 ἐποίησας
872 2104 1030 2174 ἡμᾶς
1060 2106 1140 2169 τῷ
1171 2105 1291 2170 Θεῷ
1322 2105 1492 2174 ἡμῶν
1516 2107 1798 2172 ,Βασιλεῖς

213 2197 310 2247 καὶ
339 2197 513 2263 ἱερεῖς
537 2214 550 2228 ·
593 2197 690 2251 καὶ
713 2199 1173 2266 ,βασιλεύσομεν
1203 2200 1300 2251 ἐπὶ
1335 2198 1439 2266 τῆς
1471 2199 1603 2269 γῆς.

286 2289 352 2339 Ol
387 2288 488 2358 μὲν
526 2289 862 2361 ὑπεροχικάς
890 2290 1041 2354 θείας
1072 2291 1412 2362 ἐξηγήσαντο
1448 2291 1706 2359 δυνάμεις
1737 2293 1798 2345 τὸ

213 2383 720 2452 παντοκρατορικὺν
770 2382 865 2436 τοῦ
903 2382 1039 2435 Θεοῦ
1088 2386 1216 2455 περὶ
1264 2385 1354 2436 τὸν
1402 2386 1465 2436 ἐκ
1517 2386 1797 2454 τεσσάρων

215 2474 501 2541 στοιχείων
558 2475 1036 2546 δημιουργηθέντα
1088 2478 1296 2547 κόσμον
1343 2478 1630 2548 ἐμφαίνειν
1679 2481 1798 2542 οἵας

211 2580 274 2616 τε
327 2565 528 2628 οῦσαςο
567 2569 617 2620 οἱ
650 2569 704 2622 δὲ
752 2571 1013 2635 δυνάμεις
1058 2573 1190 2643 μὲν,
1225 2575 1454 2644 ἐφόρους
1497 2576 1553 2628 δὲ
1592 2577 1701 2629 τῶν
1741 2577 1798 2641 ἐξ

211 2649 292 2706 ὧν
320 2657 438 2708 τόδε
472 2658 532 2710 τὸ
564 2663 670 2714 πᾶν
711 2661 923 2734 ὑπέστη
958 2665 1259 2735 στοιχείων,
1287 2667 1346 2719 τὸ
1376 2667 1598 2737 διαρκὲς
1631 2667 1797 2720 αὐτοῦ

215 2747 488 2818 συντηρού
497 2766 613 2812 σας.

294 2922 564 2976 Ἔπεσον
574 2924 828 2979 ἐνώπιον
846 2929 949 2983 τοῦ
966 2929 1198 2997 ἀρνίου.
1215 2933 1466 2986 Λαδόντα
1477 2935 1570 2986 τὸν
1589 2934 1797 3006 Κύριον

215 3013 280 3065 το
319 3013 521 3081 βιδλίον
576 3019 990 3090 προσεκύνησαν
1045 3025 1247 3088 πάντες
1287 3029 1698 3096 προεγνωκότες
1731 3031 1798 3101 ἢν

220 3103 407 3172 μέλλει
439 3109 714 3178 σωτηρίαν
745 3113 858 3174 τοῖς
889 3113 1201 3185 ἀνθρώποις
1238 3119 1527 3178 ἐπιτελεῖν.
1576 3122 1798 3174 κόλασιν

1902 624 2116 691 Agnum
2154 625 2434 692 accepisse
2468 625 2535 679 de
2565 627 2789 679 dextera
2828 623 3068 678 sedentis
3106 624 3158 677 in
3196 623 3398 678 throno
3425 625 3487 677 li-

1903 720 2085 784 brum,
2109 722 2265 789 juxta
2290 722 2682 776 immanitatem
2714 721 3122 789 intelligendum
3153 729 3258 784 est,
3289 733 3488 788 quem-

1903 815 2197 868 admodum
2230 814 2477 888 occisum
2507 830 2628 869 esse
2657 833 2670 869 :
2699 815 2854 884 juxta
2883 814 3224 869 divinitatem
3255 827 3490 880 namque

1904 906 2039 958 nihil
2070 906 2349 974 proprium
2389 913 2474 958 cst
2511 906 2686 960 tribus
2716 905 2966 975 personis
3002 921 3069 959 ex
3105 906 3190 960 his
3219 920 3341 974 quae
3377 903 3488 956 Deo

1903 1000 2254 1060 conveniunt.
2282 1007 2477 1067 praeter
2509 999 2730 1052 modum
2760 999 3136 1067 productionis
3171 997 3397 1068 ingeniti
3432 1006 3488 1048 et

1903 1091 2064 1158 geniti
2100 1105 2165 1144 ac
2206 1091 2572 1159 procedentis.

1975 1269 2211 1337 Cumque
2247 1271 2528 1338 accepisset
2573 1269 2806 1332 librant,
2852 1281 3081 1340 quatuor
3130 1270 3392 1324 animalia
3435 1280 3486 1326 et

1902 1361 2094 1428 viginti
2124 1371 2356 1427 quatuor
2390 1361 2618 1414 seniores
2639 1361 2976 1427 prociderunt
3007 1377 3186 1412 coram
3218 1361 3366 1430 Agna
3392 1361 3489 1414 ha-

1902 1455 2073 1507 bentes
2109 1454 2304 1522 singuli
2336 1455 2572 1506 citharas
2609 1464 2659 1507 et
2692 1453 2901 1522 phialas
2935 1470 3126 1506 aureas
3159 1454 3340 1521 plenas
3362 1457 3490 1508 odo-

1903 1556 2292 1607 rantentornnt,
2335 1563 2453 1615 quae
2494 1557 2616 1599 sunt
2663 1549 2992 1614 precationes
3031 1558 3384 1602 sanctorum:
3438 1559 3488 1602 et

1902 1647 2094 1689 canunt
2123 1639 2386 1691 canticum
2415 1655 2601 1691 novum
2629 1640 2856 1693 dicentes
2881 1656 2898 1692 :
2935 1640 3135 1709 Dignus
3165 1657 3218 1695 es
3253 1642 3489 1711 accipere

1901 1729 2092 1782 librum
2139 1741 2188 1783 et
2233 1731 2438 1794 aperire
2487 1731 2767 1800 signacula
2800 1731 2938 1800 ejus,
2980 1734 3229 1800 quoniam
3284 1735 3488 1787 occisus

1903 1821 2051 1889 fuisti
2099 1833 2146 1875 et
2180 1823 2446 1876 redemisti
2495 1840 2587 1877 nos
2629 1823 2738 1877 Deo
2772 1840 2865 1892 per
2891 1827 3205 1894 sanguinem
3230 1838 3379 1880 tuum
3424 1841 3488 1881 es

1901 1915 2045 1966 eunti
2071 1915 2210 1966 tribu
2247 1927 2294 1967 et
2330 1915 2511 1984 lingua
2535 1926 2582 1969 et
2626 1915 2818 1984 populo
2865 1926 2914 1969 et
2943 1918 3175 1981 natione,
3211 1927 3260 1971 ct
3309 1918 3487 1988 fecisti

1902 2023 1994 2060 nos
2025 2005 2134 2059 Deo
2159 2016 2336 2060 nostro
2364 2022 2576 2076 regnum
2612 2015 2661 2060 et
2691 2007 2991 2061 sacerdotes
3017 2023 3037 2062 :
3066 2017 3116 2062 et
3150 2011 3485 2078 regnabintus

1900 2115 1952 2151 ιη
1985 2109 2146 2152 terra.

1971 2284 2203 2351 Quidam
2239 2299 2371 2338 sane
2426 2285 2752 2353 interpretati
2785 2295 2916 2341 sunt
2949 2285 3067 2342 haec
3093 2296 3334 2358 quatuor
3365 2289 3486 2342 ani-

1901 2379 2064 2432 malia
2126 2378 2458 2431 excellentes
2519 2377 2738 2433 divinas
2795 2378 3025 2434 virtutes
3075 2380 3486 2450 qualescunque

1903 2469 2007 2523 illa:
2056 2471 2198 2534 sint,
2253 2485 2372 2536 quae
2425 2469 2516 2523 Dei
2572 2470 2874 2539 potentiam
2930 2470 3286 2540 designarent
3339 2473 3486 2527 circa

1901 2562 2164 2615 mundum
2213 2577 2276 2614 ex
2319 2572 2554 2630 quatuor
2585 2560 2876 2615 elementis
2925 2562 3290 2616 constitutum
3332 2582 3346 2618 :
3392 2563 3486 2617 alii

1899 2668 2030 2706 vero
2056 2656 2285 2708 virtutes
2315 2655 2564 2722 quidem,
2595 2653 2688 2708 sed
2720 2668 2842 2722 qua:
2866 2653 3153 2708 elementis
3180 2655 3489 2724 praeﬁciun-

1903 2754 2008 2806 tur,
2036 2745 2179 2798 unde
2211 2745 2389 2812 ipsum
2421 2745 2668 2799 subsistit
2701 2745 3044 2808 universum,
3077 2753 3134 2800 et
3157 2760 3279 2814 qua:
3304 2747 3485 2816 ipsum

1900 2848 2228 2893 ςοηεειονοιιι
2257 2847 2314 2890 ΙΙΙ.
2335 2848 2670 2906 permaneat.

1971 2930 2318 2992 Prociderunt
2357 2947 2538 2984 coram
2572 2945 2729 3000 agno.
2781 2931 2997 3001 Agnum
3026 2931 3121 3002 qui
3169 2933 3378 3003 accepit
3420 2933 3488 2988 li-

1901 3022 2059 3078 brum
2118 3023 2421 3077 adorarunt
2467 3037 2659 3077 omnes
2706 3023 2798 3092 qui
2831 3022 3190 3092 praescierunt
3247 3024 3485 3080 salutem

1901 3132 2066 3186 quam
2113 3116 2424 3170 hominibus
2685 3117 3005 3180 exhiberet,
3049 3126 3104 3170 et
3157 3118 3487 3187 supplicium

214 3197 276 3250 δὲ
314 3202 426 3263 τοῖς
469 3202 802 3272 ἀκαθάρτοις
840 3205 1078 3276 δαίμοσι.
1113 3209 1186 3260 Τὸ
1215 3210 1269 3263 δὲ
1311 3211 1455 3281 ἔχειν
1495 3216 1796 3284 πρεσϐυτέο
1824 3217 1866 3272 C

1824 3217 1866 3272 c
1900 3211 2042 3277 quod
2077 3209 2304 3277 impuris
2333 3209 2674 3262 thetnonibus
2715 3208 3002 3278 inﬂigeret.
3039 3207 3212 3262 Porro
3243 3210 3488 3264 seniores

222 3307 352 3359 ρους
392 3293 622 3362 κιθάρας
669 3296 730 3348 τὸ
777 3299 1100 3367 ἐναρμόνιον
1148 3301 1300 3372 δηλοί
1333 3307 1425 3358 καὶ
1467 3306 1663 3377 εὔηχον
1701 3311 1798 3378 τῆς

218 3383 301 3442 είς
325 3381 456 3435 Θεὸν
481 3384 808 3454 δοξολογίας.
839 3390 905 3441 Δί
930 3390 987 3442 δὲ
1018 3397 1216 3462 χρυσαί
1246 3397 1456 3462 φιάλαι,
1487 3399 1542 3452 al
1568 3401 1798 3454 διάνοιαὶ

217 3477 327 3527 εἱσι
360 3477 470 3530 τῶν
512 3480 901 3550 ἐργαζομένων
942 3483 1010 3536 τὰ
1067 3485 1287 3556 θεοφιλῆ
1334 3489 1441 3555 (διὸ
1484 3494 1576 3544 καὶ
1615 3494 1801 3564 χρυσῷ

219 3569 688 3640 ὑπεσημάνθησαν
730 3573 838 3626 άπὸ
885 3569 986 3643 τῆς
1031 3577 1160 3645 παρ’
1201 3579 1336 3647 ἡμῖν
1369 3582 1558 3649 τιμίας
1607 3582 1798 3653 ὕλης).

216 3659 301 3727 τῷ
344 3661 705 3734 ἐνδελεχισμῷ
743 3667 844 3734 τῆς
879 3668 1014 3737 πρὸς
1057 3668 1120 3721 τὸ
1163 3669 1304 3722 θεῖον
1335 3673 1685 3740 ἀναστάσεως
1740 3681 1801 3732 τὸ

219 3753 366 3804 κατὰ
415 3756 697 3826 προκοπὴν
736 3758 917 3827 τίμιον
943 3761 1278 3830 εὑρηκότων.
1336 3765 1428 3818 Ἐκ
1473 3767 1677 3821 τούτων
1708 3773 1800 3825 καὶ

219 3844 291 3896 τά
330 3845 690 3914 ἐξατμίζοντα
715 3848 777 3900 τὸ
817 3849 952 3920 ἴαμα
981 3852 1082 3921 τῆς
1115 3855 1238 3906 καθ’
1278 3857 1436 3926 ἡμῶν
1461 3859 1674 3924 δικαίας
1707 3863 1799 3916 τοῦ

219 3933 361 3986 Θεοῦ
388 3935 556 4005 ὀργῆς
589 3939 875 4009 ἐνάμιλλον
903 3941 1013 3994 τῶν
1043 3945 1294 4013 πονηρῶν
1326 3949 1795 4020 ἐπιτηδευμάτων,

222 4027 530 4080 ἀναδίδοται
585 4031 926 4102 θυμιάματα.
979 4035 1070 4088 Διὸ
1110 4039 1205 4091 καὶ
1257 4041 1624 4110 θυμιάματα,
1681 4047 1802 4115 οὐχὶ

219 4116 495 4184 ἀρώματα
529 4120 765 4190 εἴρηται.
820 4143 837 4174 ι
897 4124 1061 4194 Ἰαμα
1109 4146 1127 4178 ι
1171 4129 1300 4200 γὰρ,
1347 4133 1484 4185 κατᾶ
1523 4134 1614 4186 τὸν
1652 4135 1804 4206 είρη-

219 4209 380 4267 κότα,
411 4225 429 4256 t
469 4209 827 4265 Καταπαύσει
875 4215 1152 4284 ἁμαρτίας
1199 4220 1462 4286 μεγάλας.
1507 4242 1525 4274 ι
1567 4227 1675 4279 Καὶ
1721 4229 1803 4281 ὅτι

217 4297 304 4356 εἰς
359 4297 534 4364 θυμοῦ
589 4299 725 4368 ἴαμα
757 4302 815 4353 αἱ
849 4308 1151 4374 προσευχαὶ
1203 4307 1310 4359 τῶν
1341 4310 1513 4375 ἁγίων
1547 4313 1666 4385 Θεῷ
1713 4297 1805 4370 ἐν·

218 4387 591 4455 τυγχάνουσι,
631 4390 828 4460 δῆλονο
866 4416 885 4446 ι
916 4399 981 4448 ἐκ
1037 4400 1135 4467 μὲν
1173 4400 1270 4469 τῆς
1330 4405 1569 4471 Παλαιᾶς
1603 4410 1670 4461 δι’
1730 4405 1805 4465 ὧν

220 4497 358 4551 φησι
379 4482 654 4553 Σαμουήλο
683 4503 702 4536 ι
727 4485 852 4540 Ἐὰν
875 4491 955 4551 εἰς
972 4489 1064 4542 τὸν
1089 4491 1221 4546 Θεὸν
1249 4494 1478 4569 ἁμάρτῃ
1495 4517 1602 4563 τις,
1625 4520 1798 4572 προσ-

220 4574 444 4639 εύξεται
499 4576 628 4646 περὶ
682 4578 891 4633 αὐτοῦ’
940 4583 1005 4634 ἐκ
1044 4583 1102 4638 δὲ
1148 4585 1249 4656 τῆς
1297 4587 1464 4652 Νέας,
1511 4593 1580 4645 δι’
1631 4588 1706 4648 ὧν
1751 4600 1798 4650 οἱ

220 4662 362 4758 θεῖοι
392 4664 501 4758 τοῦ
543 4668 749 4758 Ιίυρίου
786 4671 1027 4740 μαθηταὶ
1067 4673 1214 4728 λύειν
1250 4679 1346 4730 καὶ
1373 4680 1592 4752 δεσμεῖν
1625 4687 1806 4758 ἁμαρ-

218 4753 359 4846 ιιίαιςΔ
388 4754 639 4818 ἐξουσίαν
670 4758 883 4815 ελασον.
918 4764 992 4815 Τὸ
1022 4764 1077 4818 δὲ
1114 4768 1308 4839 καινὴν
1341 4770 1487 4841 ᾄδειν
1519 4753 1685 4846 ᾠδὴν,
1716 4753 1805 4833 an

219 4846 286 4941 το
312 4841 450 4898 εἶναι
489 4850 674 4902 καινὸν
709 4854 802 4905 καὶ
836 4854 899 4907 τὸ
935 4855 1247 4928 ἱλαστήριον
1281 4863 1375 4916 τοῦ
1399 4841 1572 4936 θυμοῦ
1708 4873 1806 4941 ἀρ-

225 4938 347 4991 νίου
370 4941 721 5010 ἐσφαγμένου
745 4945 984 5016 Χριστοῦ
1012 4949 1092 5012 εἰς
1120 4952 1391 5024 κάθαρσιν
1417 4961 1508 5010 καί
1533 4938 1807 5033 σωτηρίαν

222 5034 324 5088 τοῦ
361 5035 568 5105 κόσμου
613 5039 836 5105 παντὸς,
866 5041 1007 5112 ὑπὲρ
1033 5038 1096 5099 οῦ
1127 5048 1224 5101 καὶ
1265 5050 1472 5115 ἀνοῖξαι
1506 5053 1567 5106 τὸ
1603 5054 1807 5124 βιϐλίον

223 5127 387 5198 ἐδόθη
421 5129 568 5200 αὐτῷ
614 5133 709 5185 καὶ
741 5133 902 5187 λῦσαι
948 5138 1048 5201 τὰς
1092 5141 1426 5212 σφραγῖδας,
1469 5147 1546 5210 ὠς
1588 5150 1675 5203 διά
1707 5150 1803 5204 τοῦ

223 5222 464 5292 αἵματος
503 5223 667 5276 αὑτοῦ
706 5227 1039 5296 άγοράσαντι
1085 5234 1234 5302 ἡμᾶς
1266 5236 1332 5289 ἐκ
1368 5240 1569 5305 παντὸς
1617 5241 1804 5306 ἔθνους

225 5312 328 5365 καὶ
358 5311 608 5406 γλώσσης
651 5316 887 5387 ἁπάσης.
924 5322 1094 5376 Τοῦτο
1141 5327 1249 5398 γάρ
1297 5331 1331 5399 ἡ
1365 5333 1521 5404 καινὴ
1555 5334 1686 5406 ᾠδὴ,
1729 5338 1799 5392 δι’

223 5407 301 5474 ἣν
339 5406 438 5473 τῆς
469 5403 830 5478 παλαιότητος
855 5411 947 5465 τοῦ
984 5417 1234 5486 γραπτοῦ
1269 5421 1434 5490 νόμου
1462 5403 1806 5498 ἀπαλλαγέν-

223 5515 358 5562 τες,
389 5501 447 5550 ἐν
483 5501 762 5571 καινότητι
787 5505 842 5558 δὲ
878 5508 1022 5578 ζωῆς
1053 5515 1480 5582 περιπατοῦντες
1508 5522 1556 5574 oi
1602 5523 1665 5576 ἐκ
1702 5525 1807 5579 πά-

227 5608 334 5686 σηέ
503 5591 604 5659 γῆς
635 5601 1130 5673 καταυγασθέντες,
1164 5605 1309 5677 ᾄδειν
1359 5615 1688 5686 χαριστήρια
1717 5618 1805 5673 διὰ

223 5683 324 5736 τοῦ
362 5682 510 5736 θείου
545 5685 852 5758 Πνεύματος
880 5694 1254 5771 ἐδιδάχθημεν.

304 5866 351 5897 ⁸⁸
379 5865 560 5924 Ecclc.
589 5884 644 5935 ι,
673 5871 725 5927 4.

1905 3303 2105 3356 habere
2147 3304 2413 3368 citharas,
2441 3303 2868 3365 concinnum,ac
2907 3319 3133 3357 suavem
3165 3319 3362 3358 sonum
3409 3306 3488 3359 si-

1904 3397 2124 3466 gnitit-at
2175 3396 2588 3464 glorilit-ationis
2647 3411 2774 3466 erga
2840 3394 3010 3449 Deum
3063 3413 3076 3447 :
3123 3409 3304 3448 aureae
3358 3410 3488 3448 vero

1905 3489 2138 3558 νιιὶτιιειτ,
2199 3499 2407 3542 mentes
2455 3504 2577 3557 tltttl’:
2620 3498 2773 3557 grata
2820 3487 2932 3541 Deo
2977 3502 3144 3556 opera
3201 3488 3492 3556 perﬁciunt

1905 3581 1923 3649 (
1951 3583 2066 3633 ideo
2095 3599 2311 3649 quoque
2338 3598 2432 3649 per
2473 3596 2667 3633 auium
2699 3580 2994 3648 designata:
3019 3588 3166 3643 sunt,
3201 3583 3488 3634 materiam

1905 3673 2047 3742 apud
2088 3690 2186 3725 nus
2220 3675 2558 3742 pretiosam),
2592 3689 2714 3742 quae
2753 3688 2819 3725 ex
2851 3687 2917 3726 eo
2950 3674 3098 3742 quod
3129 3673 3351 3726 assidue
3383 3672 3493 3725 eri-

1905 3775 2108 3835 guntur
2150 3767 2216 3818 ad
2250 3765 2298 3818 id
2343 3767 2488 3833 quod
2540 3765 2785 3818 divinum
2832 3775 2950 3829 est,
3001 3763 3284 3834 praemium
3332 3763 3488 3832 juxta

1905 3875 2251 3928 progressum
2313 3860 2365 3910 in
2425 3858 2625 3912 vit-tute
2675 3857 3023 3911 invenerunt.
3074 3858 3150 3910 Ex
3191 3857 3276 3910 his
3323 3857 3491 3909 etiam

1907 3951 2595 4020 pret-eduntoloramenta
2627 3951 2982 4020 evaporantia
3024 3949 3192 4018 justas
3241 3947 3336 4002 Dei
3391 3949 3490 4001 ad-

1907 4056 2125 4095 versum
2159 4058 2261 4095 nos
2307 4042 2400 4095 ira:
2438 4044 2781 4095 curationem
2821 4057 2945 4110 qua:
3000 4056 3166 4110 prava
3213 4048 3497 4110 oppugnat

1908 4133 2084 4188 studia
2120 4151 2134 4187 :
2171 4129 2290 4187 idco
2321 4135 2485 4187 etiam
2512 4133 2854 4187 odoramenta
2887 4133 3051 4199 dixit,
3085 4149 3192 4186 non
3219 4143 3488 4189 aromata.

1912 4243 1932 4278 ο
1963 4225 2187 4280 Curatio
2234 4246 2253 4278 ι
2288 4227 2456 4289 enim,
2505 4237 2562 4279 ut
2621 4226 2760 4280 dixit
2808 4225 2919 4289 ille,
2978 4244 2996 4276 ι
3049 4225 3280 4281 Cessare
3329 4223 3493 4279 faciet

1907 4331 2125 4390 peccata
2176 4336 2370 4388 magna
2397 4320 2466 4372 ”.
2511 4337 2530 4372 ι
2567 4318 2724 4385 Quod
2773 4329 2958 4373 autem
3009 4318 3076 4373 ad
3128 4318 3295 4372 animi
3331 4334 3492 4372 cura-

1909 4413 2113 4465 tionem
2162 4393 2479 4464 sauciorum
2547 4409 2892 4480 precationes
2943 4409 3292 4478 interpellent
3345 4407 3490 4476 apud

1910 4502 2114 4565 Deum,
2149 4512 2203 4554 et
2240 4519 2304 4555 ex
2337 4501 2520 4556 Veteri
2570 4502 2925 4556 Testamento
2975 4501 3328 4555 manifestum
3369 4511 3488 4566 est,

1905 4613 2027 4651 cum
2065 4598 2140 4649 ait
2169 4595 2392 4649 Samuel
2429 4613 2442 4649 :
2481 4594 2539 4647 Si
2568 4594 2692 4663 quis
2720 4594 2771 4646 in
2809 4593 2977 4648 Deum
3010 4595 3336 4662 peccaverit,
3366 4609 3490 4663 pre-

1902 4689 2116 4742 cabitur
2133 4702 2230 4756 pro
2260 4701 2325 4739 eo
2352 4703 2365 4738 :
2395 4701 2461 4740 ex
2488 4685 2639 4739 Novo
2659 4693 2866 4746 autem,
2886 4699 3010 4738 cum
3029 4685 3205 4739 sancti
3233 4684 3489 4755 discipuli

1905 4778 2118 4833 Domini
2149 4785 2484 4846 acceperunt
2519 4782 2846 4845 potestatem
2874 4775 3124 4830 solvendi
3163 4786 3386 4845 peccata
3422 4791 3486 4829 ac

1908 4871 2126 4942 ligandi.
2163 4868 2332 4922 Porro
2365 4881 2562 4921 novum
2590 4867 2859 4921 canebant
2889 4867 3186 4921 canticum,
3224 4867 3350 4937 quia
3384 4883 3486 4922 no-

1905 4979 2029 5018 vum
2050 4970 2167 5017 erat
2191 4960 2333 5030 quod
2363 4960 2500 5012 iram
2523 4958 2784 5028 placaret,
2805 4958 2950 5028 quod
2975 4958 3198 5013 occisus
3224 4959 3295 5013 sit
3313 4975 3486 5029 agnus

1904 5056 2161 5111 Christus
2208 5055 2272 5107 ad
2320 5051 2686 5120 expiationem
2728 5064 2792 5104 ac
2836 5051 3067 5105 salutem
3114 5051 3350 5106 universi
3391 5069 3484 5105 or-

1902 5151 1989 5207 bis
2017 5167 2033 5217 ;
2070 5151 2190 5204 ideo
2227 5161 2447 5216 quoque
2474 5145 2635 5200 datus
2668 5154 2753 5199 est
2780 5145 2859 5200 illi
2905 5145 3041 5200 liber
3072 5154 3127 5198 ut
3159 5145 3395 5214 aperiret
3423 5161 3487 5199 ac

1901 5244 2136 5299 solveret
2190 5237 2498 5308 signacula,
2537 5246 2597 5292 ut
2643 5237 2737 5310 qui
2790 5253 2886 5308 per
2939 5237 3262 5307 sanguinem
3323 5255 3483 5293 suum

1899 5333 2189 5390 redemerit
2236 5346 2335 5385 nos
2376 5345 2442 5384 ex
2475 5331 2628 5385 omni
2677 5331 2903 5386 natione
2955 5331 3218 5400 omnique
3253 5330 3432 5400 lingua
3466 5350 3479 5386 :

1913 5443 2039 5482 nam
2089 5426 2188 5480 hoc
2221 5432 2304 5478 est
2341 5438 2542 5477 novum
2587 5423 2860 5477 canticum
2899 5439 2912 5476 :
2957 5432 3179 5491 prepter
3209 5423 3354 5490 quod
3391 5424 3484 5492 qui

1914 5536 1978 5574 ex
2015 5517 2164 5580 omni
2207 5525 2347 5569 terra
2395 5515 2646 5570 illustrati
2680 5531 2893 5580 sumus,
2929 5516 3267 5570 discedentes
3299 5533 3361 5569 ex
3393 5532 3482 5571 ve-

1916 5622 2118 5666 tustate
2145 5608 2279 5678 legis
2300 5608 2537 5678 scriptae,
2561 5619 2612 5662 et
2630 5608 2971 5663 ambulantes
2995 5607 3047 5660 in
3077 5608 3313 5662 novitate
3340 5604 3483 5675 vitae,

1916 5703 2092 5757 cdocti
2130 5714 2320 5756 sumus
2345 5713 2540 5756 canere
2567 5715 2793 5756 munera
2823 5716 2915 5771 per
2943 5697 3206 5771 Spiritum
3233 5711 3485 5756 sanctum

1917 5796 2141 5851 donata
