4256 6440
750 396 853 463 595

1580 402 1907 464 ΑΗΕΤΗίΕ
1940 404 2831 481 (ῙίΕΞᾹΠΕΕΟΑΡΡΑΒΟΟΙΕ
2866 405 3215 469 EPISCOPI

3905 404 4007 468 596

752 523 865 558 ram
902 521 1046 573 aegre
1082 505 1410 570 ferentibus.
1450 509 1544 578 qui
1578 510 1816 566 divinam
1853 514 2323 584 longanimitatem
2360 522 2397 573 Α
2427 517 2770 586 δυσχεραῖνον

2361 517 2838 586 Αδυσχεραίνουσι
2889 518 2986 587 τῆς
3040 516 3192 579 θείας
3250 513 3635 584 μακροθυμίας
3696 513 4007 565 καταϐῶσι

749 596 815 648 ad
852 610 1072 651 crucem
1116 613 1289 666 usque
1320 610 1697 668 prorogatam,
1749 604 1994 659 clamore
2051 606 2319 677 fatigant:

749 688 815 740 ad
846 688 1105 744 ultionem
1145 690 1397 745 uidelicet
1425 693 1694 747 malorum
1723 710 1786 749 ac
1818 696 2112 767 impiorum
2148 699 2325 753 homi-

750 798 903 846 num,
944 791 1037 836 aut
1070 782 1381 838 daemonum
1418 787 1510 857 qui
1542 788 1947 845 debacchantes
1998 791 2325 862 impulerant

753 874 849 925 hos
879 882 936 926 ut
964 874 1028 927 ad
1056 876 1369 944 hujusmodi
1396 880 1755 947 procederent
1776 882 2028 950 injurias,
2062 884 2325 939 adversus

751 980 880 1018 suos
928 966 1270 1024 cou'tribulcs
1311 979 1365 1023 et
1412 971 1660 1039 ejusdem
1710 976 1877 1028 sortis
1923 976 2196 1039 homiurs,
2231 978 2322 1046 qui

708 1053 861 1107 ‘ha‘c
888 1068 1111 1124 propter
1142 1060 1394 1128 pietatem
1428 1064 1794 1131 pertulerunt.
1827 1065 2107 1135 Siquidem
2152 1082 2325 1137 usque

750 1147 814 1197 ad
851 1146 1153 1205 Salvatoris
1202 1154 1509 1221 passionem
1541 1164 1595 1208 et
1626 1171 1849 1210 crucem
1887 1168 2150 1215 μοιμοι-ιιι
2184 1160 2325 1213 adeo

753 1241 1041 1297 manifesta
1076 1246 1212 1298 ultio
1244 1262 1367 1315 qum
1399 1247 1667 1303 adversus
1700 1250 1898 1319 impios
1926 1266 1960 1304 α
1992 1250 2103 1306 Deo
2134 1269 2326 1308 sume-

753 1343 900 1387 retur
938 1351 949 1388 :
982 1334 1076 1388 scd
1112 1335 1181 1390 ab
1208 1352 1276 1389 eo
1320 1347 1566 1408 tempore
1624 1341 1943 1395 innumeras
1999 1345 2145 1411 passi
2200 1354 2327 1399 sunt

749 1423 1090 1491 aiilictinnes,
1126 1428 1171 1481 si
1205 1428 1308 1483 lide
1354 1431 1555 1498 dignus
1605 1440 1689 1485 est
1737 1430 2027 1500 Jusrphm,
2084 1436 2174 1502 qui
2218 1452 2323 1488 non

748 1514 965 1571 JtldiBOS
996 1528 1232 1584 tantum,
1265 1523 1356 1575 sed
1387 1532 1439 1574 et
1476 1522 1695 1576 Graecos
1732 1525 1950 1592 scripsit
1980 1527 2121 1579 fame
2158 1527 2321 1596 707

747 1617 803 1658 ct
832 1618 982 1676 peste
1009 1612 1327 1681 mutuisque
1359 1614 1721 1669 seditionibus
1751 1616 1918 1669 fuisse
1948 1630 2325 1687 consumptus,

750 1710 809 1755 ut
838 1703 1003 1770 paulo
1031 1714 1159 1759 aute
1200 1707 1609 1775 proposuimus.

839 1795 961 1849 Vidi
989 1798 1171 1850 subter
1222 1792 1416 1851 altare:
1449 1800 1631 1853 Altarc
1680 1801 1878 1854 merito
1927 1802 2210 1857 dicebatur
2238 1808 2323 1857 cui

751 1906 859 1944 non
891 1890 1125 1944 deerant
1173 1888 1445 1943 sacriﬁcia
1488 1904 1583 1958 per
1628 1893 1976 1961 sanguinem,
2004 1902 2056 1947 ct
2093 1893 2329 1948 victima:

750 1984 939 2038 subter
971 1984 1147 2052 ipsum
1182 1993 1449 2051 separata
1483 1994 1658 2045 erant,
1718 1995 1976 2053 tauquam
2015 1996 2247 2041 terrena:
2274 1996 2330 2041 et

752 2076 1040 2130 intortalem
1080 2075 1345 2130 habentes
1374 2075 1765 2134 substantiam.
1788 2076 1932 2145 quod
1964 2092 2029 2130 ex
2060 2077 2180 2146 ipso
2210 2078 2329 2131 loco

749 2166 1386 2238 suscipiteraporantem
1415 2183 1443 2219 a
1461 2168 1695 2223 victimis
1721 2177 1929 2235 gratam
1954 2169 2063 2224 Deo
2087 2168 2331 2238 fragran-

751 2260 903 2323 tiam,
925 2274 1030 2312 non
1051 2258 1391 2320 scnsibilem,
1406 2274 1533 2312 cum
1556 2273 1730 2327 neque
1753 2260 1937 2313 sensui
1958 2260 2205 2328 subjecta
2228 2260 2328 2313 sit:

750 2364 1065 2419 quanquam
1089 2350 1253 2402 etiam
1284 2349 1570 2403 sensibilis
1593 2349 1663 2401 sit
1686 2350 1910 2402 traditio
1927 2364 2048 2418 quae
2067 2350 2334 2404 emittitur

751 2461 780 2496 ιι
813 2443 1076 2503 victimis.
1111 2442 1203 2496 sed
1235 2458 1359 2512 quae
1387 2443 1507 2495 snio
1540 2442 1815 2498 intellectu
1851 2443 2240 2499 convenienter
2267 2444 2336 2498 ab

755 2537 839 2591 his
867 2535 1263 2603 conspiciatur,
1287 2545 1341 2588 et
1368 2535 1437 2589 ab
1463 2534 1722 2589 omnibus
1754 2536 1820 2589 iis
1846 2537 1937 2606 qui
1971 2535 2334 2605 eompletione

753 2629 1021 2683 binorum
1040 2627 1403 2682 certaminum
1427 2625 1669 2680 referunt
1688 2629 2036 2682 commodam
2066 2631 2333 2682 mercedis

752 2720 1150 2789 acceptiouem.
1174 2717 1486 2771 lliueetiam
1509 2718 1684 2787 magis
1708 2718 1991 2787 proprium
2012 2728 2117 2779 est,
2140 2730 2195 2771 ut
2214 2734 2336 2789 qua:

754 2814 822 2866 .le
850 2804 1011 2880 sigilli
1045 2812 1320 2866 solutione
1377 2812 1661 2869 dicuntur,
1710 2812 1791 2865 eis
1830 2812 2197 2865 attribuantur
2243 2812 2333 2882 qui

754 2913 1001 2974 tempore
1024 2905 1227 2960 Christi
1260 2914 1351 2958 aut
1381 2882 1505 2973 ptrst
1530 2904 1809 2958 Christum
1838 2905 2161 2974 probitatem
2192 2914 2338 2959 retu-

761 2998 978 3063 lerunt,
1019 3013 1185 3068 quam
1235 2998 1301 3050 ad
1333 3013 1429 3051 eos
1475 2998 1568 3065 qui
1611 3005 1737 3051 ante
1781 2996 1987 3051 Chriin
2042 3000 2337 3053 adventum

760 3092 983 3160 proprio
1023 3106 1277 3145 sermone
1310 3090 1521 3145 Veteris
1557 3089 1892 3144 Testameuti
1934 3091 2303 3145 decertarunt.

836 3180 1134 3251 Usquequo,
1181 3180 1424 3246 Domine,
1461 3197 1565 3235 non
1613 3182 1872 3234 vindicas.
1909 3178 2029 3234 Non
2075 3183 2339 3236 adversus

761 3276 1014 3330 homines
1057 3276 1191 3328 ultio
1226 3274 1431 3343 petitur
1471 3277 1671 3343 (neque
1709 3274 1855 3327 cnim
1891 3275 1993 3329 hoc
2016 3276 2336 3330 charitatem

763 3370 941 3431 decet,
977 3378 1035 3423 ut
1068 3369 1337 3422 adversus
1383 3384 1481 3423 eos
1515 3370 1763 3439 insurgat
1802 3370 1894 3438 qui
1940 3370 2186 3439 ejusdem
2219 3381 2346 3425 sunt

764 3465 1023 3533 generis),
1060 3465 1151 3518 sed
1183 3462 1357 3517 sancti
1396 3463 1537 3516 hanc
1570 3463 1835 3517 adversus
1869 3461 2147 3517 daemones
2175 3479 2343 3533 expe-

765 3566 906 3621 tunt,
932 3558 1024 3626 qui
1058 3557 1306 3610 homines
1338 3556 1602 3609 iuduruut
1632 3556 1697 3607 ad
1727 3556 1810 3609 sui
1845 3556 2341 3626 interemptioncm.

768 3647 973 3701 Deinde
991 3647 1268 3717 accipiunt
1293 3648 1520 3717 primam
1549 3647 1746 3700 stolam
1771 3646 1977 3709 albam,
2005 3657 2059 3701 et
2083 3663 2178 3717 per
2206 3648 2347 3701 hanc

763 3740 961 3795 stolam
990 3740 1154 3795 etiam
1208 3740 1578 3808 cognitionem
1607 3739 1910 3804 dilationis,
1950 3756 2056 3793 non
2086 3742 2343 3804 absurde,

763 3848 1079 3902 quanquam
1115 3848 1221 3886 nun
1260 3847 1433 3911 usque
1451 3834 1588 3885 adeo
1614 3832 1881 3900 profunde
1913 3835 2342 3890 considerando.

765 3957 831 3967 —
864 3925 983 3979 Alio
1019 3942 1221 3995 quoque
1257 3925 1410 3977 modo
1442 3941 1508 3977 cx
1539 3926 1768 3979 Andrea.
1814 3925 1870 3978 Ει
1912 3942 2007 3995 per
2034 3927 2149 3982 haec
2177 3942 2347 3996 appa-

766 4028 887 4071 rent
925 4019 1097 4071 sancti
1145 4026 1325 4087 petere
1378 4017 1566 4072 mundi
1618 4020 2145 4072 consummationem
2180 4039 2190 4073 :
2222 4019 2345 4073 ideo

763 4112 1148 4180 longanimiter
1164 4126 1226 4164 ex
1240 4111 1763 4179 spectarejubeutur
1792 4127 1965 4180 usque
1993 4110 2059 4164 ad
2080 4125 2345 4166 consum-

768 4205 1064 4259 mationem
1096 4204 1347 4271 fratrum,
1376 4220 1441 4258 ne
1468 4207 1677 4274 absque
1703 4205 1835 4274 ipsis
1863 4216 2345 4269 consummentur,

757 4298 915 4365 juxta
946 4296 1193 4350 divinum
1232 4297 1568 4366 apostolum.
1617 4297 1768 4350 Alba.-
1818 4305 1999 4349 autem
2050 4295 2207 4351 stolae
2241 4294 2343 4349 llo-

766 4398 973 4442 rcutem
1012 4390 1065 4442 in
1098 4389 1231 4459 ipsis
1258 4391 1522 4443 virtutum
1556 4389 1905 4456 splendorem
1928 4387 2343 4456 designautqua

764 4481 941 4534 induti
973 4491 1123 4545 sunt,
1177 4496 1493 4551 quanquam
1550 4482 1953 4551 promissiones
1985 4481 2225 4532 nondum
2256 4494 2342 4533 re-

2432 612 2530 681 τῆς
2567 615 2728 682 μέχρι
2777 610 3011 681 σταυροῦ
3054 607 3479 679 παραταθείπης,
3535 607 3672 675 πρὸς
3723 606 4007 674 ἐκδίκησιν

2431 704 2597 774 ήγουν
2644 704 2752 757 τῶν
2806 702 3057 775 πονηρῶν
3102 699 3405 770 ἀνθρώπων
3454 699 3547 752 καὶ
3585 696 3820 760 ἀσεϐῶν,
3849 696 3882 766 ἢ
3915 697 4007 747 καὶ

2430 797 2541 850 τῶν
2597 797 2867 865 δαιμόνων
2941 795 3167 856 τούτους
3240 791 3728 859 ὲκὸακχευσάντων
3789 789 3881 841 ἐπὶ
3942 788 4009 839 τὰ

2431 886 2656 939 τοιαῦτα
2704 886 3100 956 παραχωρῆσαι
3148 882 3259 934 τῶν
3288 880 3576 949 ὁμοφύλων
3608 879 3703 931 καὶ
3726 876 4009 949 ὁμογενῶν

2433 981 2747 1052 ἀδικήματα
2781 981 2873 1031 καὶ
2905 977 3079 1031 ταῦτα
3106 977 3171 1028 δι’
3203 974 3487 1027 εὐσέϐειαν
3512 974 3744 1041 πάσχειν
3774 973 4006 1035 ἀνασχο-

2437 1075 2635 1144 μένων.
2697 1072 2874 1140 Μέχρι
2924 1070 3034 1138 γὰρ
3074 1067 3170 1121 τοῦ
3220 1066 3492 1137 σωτηρίου
3531 1063 3737 1125 πάθους
3781 1061 3877 1114 τοῦ
3923 1063 4009 1113 διὰ

2436 1164 2695 1236 σταυροῦ,
2728 1166 2829 1217 οὐκ
2852 1159 2920 1233 ἦν
2946 1163 3088 1215 οὑτω
3125 1160 3391 1227 πρόδηλος
3422 1160 3452 1227 ἡ
3485 1158 3626 1211 κατά
3656 1157 3764 1210 τῶν
3793 1156 4012 1209 ἀσεϐῶν

2432 1260 2711 1327 ἐκδίκησις
2738 1259 2801 1309 ἐκ
2829 1255 2964 1308 Θεοῦ
2999 1251 3419 1322 συντελουμένη.
3462 1251 3595 1303 Ἀπὸ
3621 1250 3677 1303 δὲ
3707 1248 3901 1300 τούτου
3942 1247 4012 1298 τὰ

2438 1350 2607 1420 μυρία
2645 1349 2793 1415 πάθη
2827 1344 3123 1407 ὑπέλαϐον,
3152 1343 3267 1410 εῖγε
3298 1344 3533 1402 πίστεως
3574 1339 3834 1407 Ἰώσηπος
3862 1337 4011 1402 ἄξιος

2435 1445 2462 1495 ὁ
2493 1442 2664 1495 ταῦτα
2706 1438 3007 1508 φιλαλήθης
3039 1437 3098 1489 οὑ
3136 1436 3298 1504 μόνον
3346 1434 3635 1494 Ἰουδαίους
3682 1431 4011 1499 ἱστορήσας,

2434 1536 2569 1590 ἀλλά
2615 1535 2711 1586 καὶ
2752 1532 3021 1601 Ἕλληνας
3068 1529 3270 1595 λοιμοῖς
3312 1528 3408 1579 καὶ
3445 1526 3626 1595 λιμοῖς
3657 1525 3751 1577 καὶ
3785 1521 4013 1575 στάσεσι

2433 1632 2553 1691 ταῖς
2582 1628 2701 1680 κατ’
2754 1625 3001 1693 ἀλλήλων
3045 1621 3480 1689 δαπανηθέντας,
3535 1618 3611 1680 ὡς
3659 1616 3767 1687 πρὸ
3814 1612 4012 1685 μικροῦ

2434 1718 2809 1790 παρεθέμεθα.

2507 1813 2688 1868 Εἶδον
2734 1807 3011 1865 ὑποκάτω
3048 1806 3154 1860 τοῦ
3199 1805 3657 1870 θυσιαστηρίου.
3695 1798 4014 1866 θυσιαστή-

2361 1878 2402 1937 B
2436 1924 2571 1981 ριον,
2594 1903 2818 1967 εἰκότως
2841 1902 2903 1956 τὸ
2923 1900 3167 1962 ἀνενδεὲς
3193 1896 3361 1967 ὂντῆε
3378 1896 3444 1948 δι’
3460 1894 3711 1962 αἱμάτων
3737 1891 4012 1960 ἀγιστίας,

2433 2005 2525 2058 καὶ
2548 2002 2617 2056 τὰ
2644 1999 2866 2069 θύματα
2908 1997 2986 2066 τῷ
3012 1994 3274 2049 ὑποκάτω
3298 1990 3490 2054 αὑτοῦ,
3518 1988 3614 2043 ἅτε
3637 1987 3892 2057 περίγεια
3918 1986 4013 2038 καὶ

2433 2098 2531 2166 τῆς
2556 2092 2755 2165 θνητῆς
2788 2090 2977 2154 οὐσίας
3023 2086 3362 2157 ἀιιίιιιιρίσατο⁹
3400 2083 3551 2151 τόπιτι
3584 2078 3736 2149 αὑτῷ
3768 2079 3870 2147 τὴν
3902 2078 4015 2131 ἀπο

2436 2189 2543 2243 τῶν
2562 2186 2820 2257 θυμάτων
2854 2179 3284 2251 ὲξατμιζομένην
3307 2175 3600 2245 θεάρεστον
3633 2170 4016 2239 ἀναλαμϐανό-

2440 2298 2601 2353 μενον
2648 2274 2896 2337 εὐωδίαν,
2948 2272 3048 2326 οὐκ
3097 2269 3386 2339 αίσθητὴν,
3437 2269 3522 2321 ὅτι
3576 2264 3711 2335 μηδὲ
3763 2261 4017 2353 αἰσθήσει

2435 2342 2904 2438 ἔὑποϐαλλομένην,
2931 2365 2979 2419 εί
3001 2361 3103 2417 καῖ
3124 2360 3359 2430 αἰσθητὴ
3387 2361 3418 2428 ή
3449 2354 3884 2426 ἀναπεμπομένη
3912 2352 4019 2405 ἀπὸ

2436 2463 2545 2517 τῶν
2573 2461 2828 2531 θυμάτων
2858 2458 3127 2518 ἀνάδοσις,
3159 2453 3510 2522 καταλλήλως
3553 2450 3610 2503 δὲ
3646 2449 3831 2514 νοήσει
3883 2446 4019 2514 μόνη

2439 2555 2720 2626 θεωρητὴν
2772 2550 3005 2611 τούτοις,
3038 2547 3135 2601 καὶ
3188 2546 3332 2608 ὅσοις
3364 2543 3472 2595 τῶν
3516 2539 3738 2609 ἀγαθῶν
3790 2538 4024 2604 ἀγώνων

2441 2646 2719 2716 συντελείᾳ
2774 2643 2853 2696 ἰδ’
2891 2640 3254 2695 εὑαπόδεκτον
3297 2635 3656 2703 ἀποφέρεται.
3735 2628 4027 2682 Ἐντεῦθεν

2440 2742 2673 2803 καὶτοῖς
2705 2737 2849 2790 κατὰ
2880 2734 3116 2803 Χριστὸν
3148 2730 3180 2802 ἢ
3217 2730 3353 2799 μετά
3385 2726 3618 2795 Χριστὸν
3646 2725 3707 2777 τὸ
3730 2724 4023 2791 εὐδόκιμον

2436 2830 2911 2900 ἀπενεγκαμένοις
2951 2825 3281 2893 οἰκειότερον
3323 2822 3391 2873 τὰ
3435 2820 3534 2889 τῆς
3581 2818 3879 2884 σφραγῖδος
3924 2814 4025 2882 τῆς

2439 2924 2648 2987 λύσεως
2678 2916 3172 2992 προσλογίζεται,ῆ
3207 2917 3323 2979 τοῖς
3353 2912 3459 2983 πρὸ
3489 2911 3597 2980 τῆς
3612 2906 3856 2980 Χριστοῦ
3878 2922 4027 2979 πσρ-

2441 3017 2630 3080 ουσίας
2654 3016 2793 3085 ὑπὲρ
2820 3013 2914 3067 τοῦ
2941 3009 3198 3074 εὐσεϐοῦς
3230 3008 3333 3078 τῆς
3360 3006 3608 3068 Παλαιᾶς
3632 3004 3814 3072 λόγου.

2517 3202 2666 3265 Ἕως
2687 3198 2850 3259 πότε,
2881 3198 2913 3249 ὁ
2944 3192 3270 3259 Δεσπότης.
3307 3190 3382 3244 Οὑ
3424 3187 3565 3241 κατά
3580 3185 3695 3264 τῶν
3722 3181 4030 3254 ἀνθρώπιον

2449 3297 2482 3364 ή
2515 3293 2794 3362 ἐκδίκησις
2840 3289 3073 3342 αἰτεῖται
3098 3285 3207 3356 (2.1)
3258 3284 3352 3349 (οὑ
3397 3284 3507 3351 γάρ
3546 3280 3706 3333 τοῦτο
3739 3277 3895 3341 ἀξιον
3928 3276 4028 3343 τῆς

2449 3387 2670 3453 ἀγάπης
2710 3379 2851 3434 κατά
2885 3379 2995 3431 τῶν
3034 3375 3313 3446 ὁμογενῶν
3364 3367 3829 3437 ἐπανίστασθαι)ο
3886 3368 4031 3418 κατά

2448 3480 2504 3533 δὲ
2538 3478 2646 3531 τῶν
2688 3474 2960 3545 δαιμόνων
2992 3470 3200 3539 ταύτην
3244 3464 3568 3519 ἀπαιτοῦσιν
3612 3464 3662 3515 oi
3712 3462 3885 3529 ἅγιοι,
3921 3457 4030 3512 τῶν

2450 3570 2751 3638 ἐναγόντων
2776 3568 2899 3627 τοὺς
2922 3562 3243 3631 ἀνθρώπους
3265 3560 3345 3621 εἰς
3371 3558 3465 3627 τῆν
3490 3554 3698 3608 ἑαυτῶν
3722 3553 4025 3619 ἀναίρεσιν.

2452 3660 2583 3717 Εἶτα
2630 3658 2966 3730 λαμϐάνουσι
3015 3653 3232 3722 πρῶτον
3280 3649 3471 3719 στολὴν
3520 3646 3744 3716 λευκὴν,
3794 3643 3893 3698 καὶ
3938 3641 4031 3695 ἐπὶ

2449 3756 2622 3827 ταύτῃ
2662 3756 2728 3824 τῇ
2774 3750 2932 3820 στολῇ
3005 3748 3102 3801 καὶ
3144 3745 3344 3812 γνῶσιν
3384 3742 3483 3812 τῆς
3534 3739 3903 3809 ὑπερθέσεως,
3930 3735 4030 3787 οὑκ

2448 3846 2852 3917 ἀδοκιμάστως,
2890 3844 2937 3895 εί
2976 3840 3049 3909 μὴ
3077 3840 3171 3892 καὶ
3195 3834 3597 3904 λελογισμένως
3628 3831 3790 3899 ἄγαν.
3822 3859 3890 3871 -
3921 3827 4030 3882 Καὶ

2449 3941 2650 4003 ἄλλως
2697 3936 2763 3989 ἐκ
2793 3932 2910 3987 τῶν
2944 3931 3052 3985 τοῦ
3093 3926 3387 3996 Ἀνδρέου.
3426 3926 3534 3978 Καὶ
3564 3924 3653 3975 διὰ
3678 3920 3885 3974 τούτων
3930 3918 4031 3987 τὴν

2447 4031 2542 4084 τοῦ
2565 4035 2769 4099 κόσμου
2795 4025 3109 4081 συντέλειαν
3135 4019 3447 4087 αίτούμενοι
3472 4016 3752 4085 φαίνονται
3779 4016 3826 4065 οἱ
3858 4012 4027 4079 ἀγιοι.

2450 4124 2541 4176 Διὸ
2588 4119 2961 4191 μακροθυμεῖν
2992 4117 3121 4185 ἄχρι
3153 4114 3254 4181 τῆς
3285 4110 3393 4163 τῶν
3426 4106 3672 4175 ἀδελφῶν
3694 4102 4030 4160 τελειώσεως

2450 4213 2787 4272 κελεύονται,
2827 4210 2913 4262 ἵνα
2959 4206 3034 4277 μὴ
3078 4204 3249 4276 χωρὶς
3288 4200 3468 4254 αὑτῶν
3508 4195 3858 4255 τελειωθῶσι,
3892 4191 4031 4245 κατὰ

2448 4307 2540 4359 τὸν
2586 4305 2727 4358 θεῖον
2755 4300 3074 4355 ἀπόστολον.
3112 4297 3177 4350 Αἱ
3203 4295 3259 4349 δὲ
3303 4293 3492 4346 λευκαὶ
3524 4289 3709 4345 στολαὶ
3732 4287 3830 4357 τὴν
3857 4287 4029 4337 ὲπαν⁹

2449 4398 2649 4451 θοῦσαν
2687 4395 2871 4455 αὐτοῖς
2910 4392 3020 4444 τῶν
3048 4389 3259 4458 ἀρετῶν
3280 4386 3609 4457 ἐμφαίνουσι
3638 4378 4026 4448 λαμπρότητα.

2454 4492 2556 4545 “liv
2587 4486 2974 4559 ἠμφιεσμένοι,
3005 4486 3054 4537 εἰ
3081 4484 3179 4536 καὶ
3214 4483 3382 4552 μήπω
3412 4479 3511 4541 τὰς
3540 4472 3873 4559 ἐπαγγελίας
3906 4472 4037 4520 ἑκο-

762 4582 1050 4639 portarunt
1080 4592 1094 4628 :
1127 4575 1317 4627 horum
1373 4574 1673 4644 igitur‘spe
1708 4589 1830 4642 qua:
1865 4589 1960 4643 per
2008 4573 2339 4627 intellectum
2377 4579 2418 4633 Ι)
2454 4557 2702 4651 pidauro,
2739 4595 2770 4629 τ

2377 4579 2418 4633 D
2454 4557 2702 4651 pidauro,
2739 4580 2805 4647 τῇ
2853 4575 2986 4642 γοῦν
3032 4572 3207 4626 ἐλπίδι
3264 4568 3491 4629 τούτων,
3535 4566 3679 4632 ἆπερ
3706 4557 3909 4630 νοερῶς
3944 4560 4031 4608 ὲν-

762 4666 910 4719 Velut
947 4666 1000 4719 in
1057 4668 1285 4735 sper.qu
1357 4668 1819 4735 contemplziutur,
1887 4667 2036 4720 omni
2093 4665 2343 4720 crassitie

762 4760 1001 4825 liberati,
1060 4762 1258 4814 merito
1319 4762 1591 4827 laetantur,
1649 4760 2000 4830 quiescentes
2046 4760 2098 4813 in
2130 4759 2344 4814 sinibus

764 4854 1037 4907 Abraham
1078 4872 1090 4906 :
1128 4869 1254 4906 nam
1316 4853 1366 4906 id
1400 4868 1429 4906 a
1472 4854 1658 4907 multis
1712 4853 1923 4907 sanctis
1975 4852 2181 4906 dictum
2237 4859 2343 4913 est,

760 4961 1216 5014 unumquemque
1287 4945 1508 4999 virtutis
1570 4946 1839 5000 cultorem
1916 4944 2173 4999 sortitum
2225 4956 2349 4996 esse

760 5036 1253 5122 dignumﬁdlocum,
1310 5035 1455 5089 unde
1505 5036 1671 5089 etiam
1705 5034 1775 5088 de
1820 5034 2003 5087 futura
2040 5047 2137 5085 sua
2172 5030 2345 5100 gloria

760 5145 965 5185 certam
997 5129 1294 5199 quamdam
1332 5136 1657 5197 assequatur
1689 5128 2088 5194 conjecturam.

836 5220 903 5274 Et
930 5221 1061 5273 data
1088 5229 1163 5272 est
1200 5219 1332 5287 ipsis
1369 5219 1508 5271 stola
1546 5222 1693 5271 alba.
1728 5220 1859 5271 Alba
1910 5218 2047 5272 stola
2082 5216 2343 5271 indicium

764 5323 847 5367 est
900 5314 1045 5381 quod
1103 5328 1204 5365 suo
1244 5313 1513 5380 sanguine
1567 5313 1838 5379 puriﬁeuti
1889 5312 2020 5371 sint,
2068 5319 2123 5364 et
2153 5323 2345 5361 omnes

762 5406 1016 5458 exuerint
1048 5405 1261 5458 sordes.
1302 5402 1476 5457 Simul
1531 5417 1713 5457 autem
1755 5412 1810 5456 et
1846 5405 1945 5455 huc
1982 5402 2161 5455 innuit
2193 5401 2348 5454 stola:

763 5496 992 5557 candor,
1038 5497 1185 5565 quod
1242 5513 1348 5550 non
1402 5506 1651 5566 oporteat
1679 5512 1775 5550 eos
1804 5496 1895 5565 qui
1923 5506 2111 5563 aperte
2138 5502 2192 5545 et
2221 5509 2345 5546 cum

764 5589 1055 5657 splendore
1093 5589 1373 5646 Chrisuuu
1429 5592 1599 5645 libere
1648 5589 1889 5645 confessi
1931 5599 2081 5651 sunt,
2130 5595 2350 5655 propter

764 5681 910 5748 quod
958 5683 1127 5737 etiam
1179 5684 1413 5738 viriliter
1463 5685 1607 5755 passi
1667 5694 1817 5748 sunt,
1861 5680 2348 5749 utecorruptihili

836 5837 947 5902 (li)
995 5837 1405 5902 Ἀναόἀλλεται,
1433 5838 1706 5909 dirigitur,
1740 5841 1881 5909 vulg.

2442 4673 2810 4744 οπτρίζονται,
2838 4671 3016 4737 πάσης
3036 4662 3443 4736 ἀπηλλαγμένοι
3458 4653 4036 4728 παχύτητος,είκότως

2443 4765 2823 4837 εὐφραίνονται
2863 4764 2974 4823 τοῖς
3017 4759 3240 4820 κόλποις
3300 4753 3552 4837 ’Δςραάμ
3596 4746 4027 4813 ἀναπαυόμενοι.

2447 4861 2667 4922 Πολλοξ
2689 4859 2795 4928 γὰρ
2822 4855 2931 4907 τῶν
2959 4854 3131 4921 ἁγίων
3151 4850 3312 4903 τοῦτο
3336 4832 3574 4918 εῗρηται,
3612 4842 3823 4912 χώρους
3846 4836 4031 4901 ἀξίους

2447 4923 2720 5025 εἰληχέναι
2749 4923 2856 5004 τῶν
2888 4950 2987 5017 τῆς
3032 4944 3236 5017 ἀρετῆς
3268 4939 3516 5010 ἐργατῶν
3548 4939 3801 5025 ἕκαστον,
3852 4930 3922 4983 δι’
3954 4923 4037 4980 ῶν

2452 5023 2695 5115 καὶ-περὶ
2716 5042 2817 5109 τῆς
2842 5038 3145 5111 μελλούσης
3164 5033 3343 5088 αὑτῶν
3365 5031 3521 5101 δόξης
3544 5023 3956 5094 τεκμαίρονται.

2524 5220 2631 5277 Καὶ
2682 5219 2859 5284 ἐδόθη
2925 5214 3131 5279 αὐτοῖς
3200 5208 3395 5275 στολὴ
3448 5202 3662 5268 λευκή.
3705 5201 3787 5268 Ἦ,
3857 5195 4029 5264 λευκὴ

2452 5314 2634 5383 στολὴ,
2682 5312 2915 5377 αἴνιγμα
2958 5306 3055 5358 τοῦ
3104 5300 3444 5372 κεκαθάρθαι
3483 5293 3681 5354 αὐτοὺς
3718 5289 3796 5358 τῷ
3843 5284 4035 5383 οίκείιὶι

2446 5404 2639 5474 αἵματι
2684 5400 2778 5451 καὶ
2825 5398 3003 5450 πάντα
3054 5393 3352 5447 ἀποθέσθαι
3411 5387 3601 5458 ῥύπον,
3657 5383 3785 5481 ἅμα.
3825 5377 3881 5429 δὲ
3938 5374 4038 5481 καὶ

2444 5495 2606 5546 τοῦτο
2636 5493 2733 5560 τῆς
2769 5490 3094 5557 λευκότητος
3122 5485 3223 5553 τῆς
3258 5481 3453 5549 στολῆς
3487 5470 3923 5543 ὑποφαινούσης,
3955 5470 4032 5568 ῶς

2446 5585 2509 5637 οὑ
2549 5582 2657 5654 χρὴ
2684 5582 2809 5643 τοὺς
2844 5577 3139 5649 προφανῶς
3168 5575 3265 5629 καὶ
3310 5571 3447 5642 μετά
3474 5564 3859 5654 λαμπρότητος
3892 5564 4034 5654 sup-

2451 5675 2891 5746 ρησιασαμὲνους
2936 5674 3035 5742 τὴν
3085 5666 3320 5738 Χριστοῦ
3369 5660 3683 5734 ὁμολογίαν,
3716 5654 3785 5709 δι’
3819 5653 3888 5723 ἢν
3940 5649 4035 5702 καί
