4256 6440
297 385 398 449 597

1358 390 1508 451 (ΣΟλί
1519 392 1742 450 ΜΕΝΤ.
1793 390 1869 450 IN
1918 392 2146 452 .\POC.\
2161 392 2442 452 LYI‘SLV.

3442 388 3546 452 59,8

295 496 392 546 τού
434 493 678 565 φθαρτοῦ
745 494 1036 565 ἠνέσχοντο
1094 497 1438 568 καρτερικῶς
1493 497 1720 567 ὲκόἦναι
1777 499 1867 550 κό-
1903 512 1942 562 Α

1903 512 1942 562 Α
1976 500 2139 569 708
2193 501 2393 552 ιιιιιιιιιο
2440 497 2788 560 excederent,
2825 495 2914 550 ubi
2975 511 3118 549 nunc
3163 496 3229 551 ad
3270 501 3434 552 vitam
3464 500 3552 552 in-

297 603 460 651 σμου,
484 585 578 638 νῦν
603 586 866 655 ἀφθάρτῳ
885 587 983 657 βίῳ
1007 588 1102 640 καὶ
1124 589 1349 660 ἀμόχθῳ
1375 589 1876 660 προσορμισθέντας

295 678 540 747 ὡσπερεὶ
601 678 764 746 κόρον
824 681 1013 732 τούτου
1078 681 1342 744 λαϐόντας
1407 682 1764 752 άνασείρασιν
1814 683 1877 733 ὲκ

296 772 460 841 κόρου
512 771 716 824 λαϐεῖν’
783 773 877 841 ἀφ’
929 764 989 824 οὗ
1050 773 1143 827 καὶ
1178 776 1209 844 ἡ
1251 774 1359 826 τῶν
1399 775 1644 843 ἀγγέλων
1684 777 1762 837 εἰς
1810 775 1879 826 τὰ

296 865 494 919 αἰώνια
531 866 851 936 παράκυψις
902 866 1107 934 ἀγαθὰ,
1143 868 1249 920 τινὶ
1290 867 1399 921 τῶν
1435 867 1878 937 θεοφορουμὲνων

297 958 679 1027 παρείληπται
723 956 790 1010 δι’
823 957 1118 1027 ἐπιθυμίας
1165 956 1324 1023 εἶναι,
1354 960 1429 1022 ὡς
1455 959 1542 1012 διὰ
1570 961 1666 1028 τῆς
1698 976 1877 1029 παρα-

297 1051 513 1119 κύψεως
547 1052 599 1103 τί
637 1052 702 1104 ἂν
727 1051 857 1105 ἄλλο
897 1052 1228 1122 ζητήσαντος
1261 1052 1448 1112 αὐτοῦ,
1483 1051 1514 1122 ἢ
1549 1053 1641 1105 καὶ
1689 1053 1749 1105 τὺ
1785 1071 1875 1122 μι-

295 1144 436 1213 κρὰν
482 1145 659 1196 αὐτῶν
709 1144 910 1212 γνῶσιν
963 1143 1149 1199 λαϐεῖν
1215 1147 1272 1198 ὲν
1313 1144 1642 1215 άδιαλείπτῳ
1695 1144 1879 1214 ἐφέσει

296 1233 796 1306 προσλιπαροῦνται
818 1253 832 1303 ;

883 1343 1134 1396 ΚΕΦΛΛ.
1198 1343 1300 1398 IH'.

293 1482 485 1548 Λύσις
515 1479 622 1547 τῆς
648 1481 829 1550 ἕκτης
851 1482 1202 1552 σφραγῖδος,
1231 1484 1337 1547 τὰς
1363 1483 1432 1536 ἑν
1457 1483 1530 1550 τῇ
1553 1483 1878 1549 συντελείᾳ

545 1553 922 1622 ἐπαγομένας
946 1555 1180 1623 πληγὰς
1209 1556 1613 1622 σημαίνουσα.

368 1689 476 1740 Kal
506 1685 668 1741 εἶδον
698 1688 796 1742 ὅτε
826 1688 1033 1758 ἤνοιξε
1065 1687 1180 1754 τήν
1207 1687 1507 1757 σφραγῖδα
1532 1688 1650 1754 τὴν
1671 1689 1874 1753 ἕκτην.

297 1781 408 1835 Καὶ
441 1782 697 1851 σεισμὸς
725 1782 913 1851 μέγας
943 1782 1204 1851 ἐγένετο.
1237 1783 1346 1835 Kal
1380 1783 1412 1834 ὸ
1440 1781 1614 1848 ἥλιος
1642 1781 1877 1850 ἐγένετο

1987 591 2394 659 corruptibilem
2435 601 2488 644 et
2515 591 2700 644 labore
2732 597 3007 643 carentem
3041 589 3393 657 appulerunt,
3437 599 3560 642 tan-

1988 699 2151 752 quam
2182 694 2394 752 sumpta
2425 684 2584 751 hujus
2611 684 2884 743 satietate,
2931 681 3270 734 evulsionem
3297 696 3360 734 ex
3394 681 3560 734 satie-

1989 784 2095 828 tate
2140 775 2407 843 accipere.
2456 773 2604 828 Unde
2655 773 2820 827 etiam
2874 772 3194 841 angelorum
3242 771 3308 824 ad
3359 783 3560 825 aeterna

1989 864 2127 917 bona
2177 872 2517 934 prospectus,
2547 878 2576 916 a
2603 865 2839 932 quodam
2901 863 3082 916 aﬁlato
3113 861 3298 915 divino
3337 861 3562 913 numine

1988 966 2241 1024 sumptus
2279 964 2362 1008 est
2398 964 2618 1024 propter
2652 955 2923 1007 desideria
2960 973 2972 1007 :
3004 966 3264 1023 tanquam
3303 967 3398 1022 per
3433 966 3562 1020 pro-

1987 1058 2229 1117 spectum
2262 1048 2395 1100 nihil
2433 1047 2578 1100 aliud
2631 1048 2728 1115 ipsi
2764 1047 3118 1114 requisierint
3147 1060 3309 1116 quam
3337 1045 3419 1098 vel
3448 1058 3565 1097 mo-

1988 1142 2163 1197 dicam
2205 1142 2420 1194 illorum
2452 1140 2701 1211 accipere
2731 1141 3120 1208 cognitionem,
3169 1139 3390 1194 assiduo
3417 1135 3563 1191 desi-

1997 1235 2149 1289 devio
2175 1250 2391 1304 semper
2421 1232 2660 1288 afﬁxam.

2545 1346 2776 1403 CAPUT
2804 1346 2990 1400 XVIII.

1988 1481 2193 1536 Salutio
2225 1485 2358 1536 sexti
2384 1483 2550 1552 sigilli
2587 1483 2894 1551 signiﬁcans
2934 1497 3023 1534 eas
3051 1497 3167 1549 quas
3193 1481 3487 1549 inferantur
3512 1478 3563 1530 in

2426 1555 2876 1606 consummatione
2908 1553 3116 1621 plagas.

2065 1688 2150 1754 Vl,
2205 1691 2288 1751 12.
2365 1691 2447 1744 l3.
2520 1688 2586 1742 Et
2642 1691 2746 1743 vidi.
2802 1705 2920 1742 cum
2981 1688 3270 1755 aperuisset
3330 1686 3565 1755 sigillum

1987 1793 2197 1837 sextum
2230 1798 2246 1836 :
2277 1793 2325 1836 et
2377 1793 2708 1836 terrmmotus
2761 1783 2935 1850 factus
2987 1788 3063 1833 est
3096 1795 3342 1848 magnus.
3396 1787 3442 1830 et
3487 1778 3564 1829 sol

289 1875 508 1945 μέλας,
558 1877 638 1941 ὡς
672 1875 902 1942 σάκκος
951 1876 1252 1944 τρίχινος·
1290 1875 1386 1928 καὶ
1434 1876 1473 1942 ὴ
1503 1874 1736 1940 σελήνη
1769 1875 1881 1940 ὅλη
1917 1878 1957 1934 Β

1917 1878 1957 1934 Β
1986 1878 2160 1948 factus
2181 1887 2258 1932 est
2279 1879 2426 1946 niger
2443 1888 2691 1945 tanquam
2710 1893 2895 1930 saccus
2927 1876 3197 1940 cilicinus,
3227 1883 3274 1927 et
3307 1874 3434 1926 luna
3454 1881 3565 1924 tota

293 1969 536 2037 ἐγένετο
581 1969 660 2034 ὠς
694 1963 858 2038 αἷμα,
915 1969 1012 2022 καὶ
1064 1971 1118 2022 ot
1167 1968 1421 2036 ἀστέρες
1474 1968 1581 2022 τοῦ
1617 1967 1878 2036 οὐρανοῦ

295 2063 528 2116 ἔπεσον
549 2065 637 2127 εἰς
664 2061 778 2128 τὴν
803 2060 940 2132 γῆν,
973 2062 1052 2127 ὡς
1085 2062 1249 2129 συκῆ
1279 2062 1501 2127 βάλλει
1535 2063 1674 2128 τοὺς
1703 2063 1882 2116 ὀλύν-

296 2160 446 2222 θους
482 2156 696 2224 αὐτῆς.
732 2156 849 2211 ὑπὸ
879 2155 1107 2225 ἀνέμου
1139 2156 1408 2225 μεγάλου
1438 2155 1746 2225 σειομένη.

381 2249 447 2302 'H
482 2249 619 2318 ἕκτη
661 2251 760 2319 τῆς
810 2247 1103 2317 σφραγῖδος
1177 2247 1330 2310 λύσις
1375 2246 1713 2316 τελεωτάτην
1751 2246 1883 2316 ἡμῖν

295 2341 399 2412 τὴν
427 2341 704 2412 σωτηρίαν
747 2340 1058 2412 εἰργάσατο.
1093 2341 1250 2393 Κατὰ
1305 2338 1510 2408 ταύτην
1542 2339 1649 2409 γὰρ
1684 2341 1712 2392 ὁ
1746 2340 1884 2410 Χρι-

299 2434 427 2498 στὸς
455 2433 545 2488 τὸν
571 2434 795 2487 θάνατον
820 2434 1109 2496 κατέλυσε,
1135 2433 1230 2501 τὴν
1256 2431 1401 2503 ζωὴν
1423 2435 1761 2504 ἐπανήγαγε,
1793 2432 1884 2484 τὸν

301 2526 532 2598 νικητὴν
565 2527 673 2579 τῶν
694 2526 997 2596 ἀνθρώπων
1027 2529 1455 2596 ἀπεστεφάνωσε
1485 2525 1885 2595 θριαμϐεύσας,

303 2618 450 2671 κατὰ
491 2618 555 2671 τὸ
586 2619 999 2688 γεγραμμένοψ
1063 2637 1080 2669 ι
1130 2617 1354 2686 Ἀνέὸης
1391 2617 1469 2678 εἰς
1504 2615 1655 2684 ὕψος,
1705 2617 1887 2686 ᾐχμα-

300 2708 583 2770 λώτευσας
613 2707 1015 2778 αἰχμαλωσίαν.
1057 2726 1074 2758 ι
1112 2708 1209 2769 Ti;
1247 2708 1302 2759 δὲ
1337 2708 1370 2776 ή
1403 2705 1556 2769 λύσις
1595 2706 1694 2775 τῆς
1723 2707 1888 2774 ἕκτης

307 2801 639 2870 σφραγῖδοςς
699 2801 757 2854 Ὀ
803 2802 1033 2872 σταυρὸς
1066 2799 1159 2852 τοῦ
1211 2799 1417 2870 Κυρίου
1457 2798 1549 2850 καὶ
1579 2799 1606 2849 ὁ
1640 2798 1884 2862 Θάνατος,

303 2888 389 2956 οἷς
430 2893 797 2962 ἠκολούθησεν
848 2895 882 2964 ἡ
941 2891 1170 2945 εὐκταία
1226 2892 1354 2944 πᾶσι
1414 2893 1625 2952 πιστοῖς
1674 2906 1735 2942 τε
1797 2889 1890 2942 καὶ

307 2984 590 3054 αἰσθητοῖς
623 2983 940 3045 ἀνάστασις.
974 2981 1158 3052 Ἥπερ
1205 2983 1262 3032 ού
1300 2981 1458 3046 μόνον
1487 2978 1612 3041 τοὺς
1647 2977 1854 3042 ζῶντας
1875 3017 1888 3040 ,

309 3075 453 3128 ἀλλὰ
484 3075 580 3128 καὶ
610 3075 737 3136 τοὺς
769 3071 1318 3144 προκεκοιμημένους
1349 3069 1713 3138 εὐηργέτησε.

380 3166 489 3221 Kal
521 3166 776 3234 σεισμὸς
803 3163 993 3234 μέγας
1024 3162 1280 3233 ἐγένετο.
1330 3161 1523 3228 Σαφῶς
1555 3161 1624 3213 τὰ
1673 3162 1767 3214 ἐπὶ
1813 3162 1891 3232 τῷ

1987 1971 2127 2033 {acta
2157 1981 2232 2024 est
2264 1982 2514 2040 tanquam
2556 1971 2795 2039 sanguis.
2831 1977 2878 2022 et
2905 1968 3072 2022 s'ella:
3102 1967 3222 2022 caeli
3262 1966 3564 2019 ceciderunt

1983 2063 2036 2116 in
2073 2073 2289 2127 terram,
2339 2065 2478 2117 sicut
2525 2063 2658 2132 licus
2722 2060 2906 2130 objicit
2969 2077 3179 2131 grossos
3218 2075 3343 2113 suos
3382 2074 3499 2112 cum
3535 2074 3566 2110 a

1983 2170 2132 2212 vento
2172 2175 2361 2229 magno
2395 2168 2652 2214 movetur.

2057 2251 2208 2307 Sexti
2242 2251 2405 2322 sigilli
2441 2252 2644 2308 solutio
2668 2251 3119 2323 perfectissimam
3149 2247 3310 2304 nobis
3334 2248 3565 2303 salutem

1986 2354 2209 2415 operata
2251 2355 2358 2400 est.
2388 2344 2466 2399 Ex
2500 2348 2601 2400 hac
2627 2346 2773 2400 enim
2815 2345 3070 2400 Christus
3104 2351 3332 2398 mortem
3370 2340 3570 2396 dissol-

1988 2437 2104 2503 vit,
2155 2439 2322 2493 vitam
2377 2439 2616 2505 reduxit,
2649 2439 2717 2493 ab
2751 2453 2814 2493 eo
2850 2437 2943 2507 qui
2992 2436 3242 2491 homines
3292 2435 3570 2490 devicerat

1989 2531 2408 2601 triumphando,
2474 2546 2740 2586 coronam
2799 2530 3030 2585 abstulit
3069 2528 3265 2598 :juxta
3325 2529 3376 2582 id
3423 2526 3568 2596 quod

1989 2623 2252 2692 scriptum
2282 2633 2400 2677 est:
2436 2642 2454 2673 ι
2493 2623 2802 2678 Ascendisti
2838 2624 2890 2676 in
2940 2623 3143 2683 altum,
3198 2620 3566 2690 captivitatem

1990 2714 2196 2769 duxisti
2226 2716 2500 2784 captivam
2532 2716 2598 2771 “.
2637 2735 2654 2767 ι
2701 2714 2834 2781 Qum
2881 2725 2965 2768 est
3004 2723 3183 2768 autem
3238 2712 3374 2768 sexti
3406 2711 3569 2780 sigilli

1993 2807 2227 2863 solutio?
2275 2806 2419 2861 Crux
2448 2816 2501 2860 et
2534 2823 2682 2862 mors
2735 2806 2946 2860 Domini
2978 2844 2993 2865 .
3051 2805 3198 2858 unde
3246 2813 3434 2857 secuta
3486 2813 3571 2854 est

1993 2899 2228 2968 optanda
2253 2900 2468 2953 cunctis
2497 2905 2604 2952 tam
2633 2899 2884 2952 ﬁdelibus
2906 2913 3071 2968 quam
3102 2911 3325 2952 sensum
3345 2909 3573 2962 sequen-

1993 2992 2140 3048 tibns
2196 2991 2548 3053 resurrectio,
2601 3005 2721 3060 qua:
2762 3005 2869 3043 non
2903 2990 3058 3043 vivos
3096 2989 3273 3043 solum
3311 2982 3574 3040 beneﬁcio

1996 3085 2197 3145 aﬁ’ecit.
2234 3100 2420 3137 verum
2453 3084 2616 3138 etiam
2653 3084 2773 3138 illos
2799 3083 2894 3153 qui
2935 3092 3092 3136 antea
3127 3080 3493 3135 dormierant.

2070 3174 2135 3228 Et
2170 3185 2501 3228 terrazmotus
2540 3175 2715 3243 [actus
2767 3184 2843 3229 est
2876 3189 3118 3244 magnus.
3159 3170 3440 3226 Manifestc
3476 3169 3571 3223 de-

310 3255 532 3328 σταυρῷ
560 3256 903 3325 γεγενημένα
934 3255 1134 3324 σημεῖα
1184 3253 1217 3322 ἡ
1250 3249 1484 3303 ὀπτασία
1515 3251 1648 3319 ἡμῖν
1679 3250 1887 3313 ἀναζω-
1922 3264 1963 3320 c

1922 3264 1963 3320 C
2001 3265 2192 3318 scribit
2238 3263 2398 3317 nobis
2442 3264 2580 3317 visio
2633 3263 2788 3330 signa
2829 3278 2950 3332 quae
2987 3262 3039 3315 in
3067 3261 3270 3315 Christi
3321 3259 3575 3330 passione

309 3351 533 3418 γραφεῖ,
565 3349 654 3400 τὸν
688 3347 909 3417 σεισμὸν
942 3347 1036 3398 καὶ
1072 3345 1162 3396 τὸν
1197 3344 1383 3397 κλόνον
1417 3342 1516 3412 τῆς
1551 3343 1673 3410 γῆς,
1708 3343 1768 3394 τὸ
1797 3342 1890 3394 τοῦ

310 3443 463 3512 ήλίου
518 3441 709 3501 σκότος
761 3441 855 3491 καὶ
905 3438 1006 3507 τῆς
1058 3437 1285 3506 σελήνης
1333 3435 1461 3506 ὅλης
1498 3435 1594 3506 τὴν
1627 3437 1704 3497 εἰς
1755 3431 1893 3504 αἷμα

314 3532 640 3603 μεταόολήν.
690 3531 835 3584 Πάνυ
875 3530 930 3582 δὲ
978 3528 1219 3599 ἀκριῦὦς
1255 3528 1347 3579 ἐπὶ
1393 3528 1492 3593 τῆς
1542 3527 1771 3596 σελήνης
1812 3529 1892 3589 το,

309 3624 448 3691 ὅλη,
502 3622 821 3693 δεδήλωται.
868 3620 1188 3690 Πλησιφαὴς
1239 3619 1347 3689 γὰρ
1381 3617 1536 3680 οὖσα,
1573 3618 1666 3671 ἆτε
1701 3635 1894 3671 τεσσα-

313 3716 771 3788 ρεσκαιδεκαταία
805 3713 960 3776 οὖσα,
994 3713 1089 3766 καὶ
1117 3713 1254 3765 κατὰ
1283 3712 1572 3782 διάμετρον
1602 3711 1894 3778 ἀφεστῶσα

310 3810 404 3863 τοῦ
437 3810 610 3882 ἡλίου,
644 3808 761 3870 πῶς
788 3809 874 3860 οἶα
906 3825 962 3860 τε
993 3807 1080 3858 τὺν
1111 3807 1259 3876 ἣλιον
1293 3809 1357 3877 τῇ
1386 3806 1582 3874 ἑαυτῆς
1611 3805 1892 3876 ὑποδρομῇ

314 3903 602 3966 σκοτίσαις
640 3900 797 3953 Οὕτω
827 3900 936 3971 γὰρ
966 3899 1062 3968 τὴν
1087 3900 1317 3969 ἡλιακὴν
1345 3898 1585 3964 ἔκλειψίν
1635 3916 1766 3966 φασι
1820 3897 1897 3965 γί-

314 3995 504 4047 νεσθαι
549 3996 600 4046 ol.
648 3992 849 4062 ταύτης
899 3991 994 4061 τὴν
1031 3991 1228 4062 σχολὴν
1265 3990 1647 4059 πεποιημένοι.
1684 3989 1804 4054 Πῶς
1839 3991 1896 4042 δὲ

316 4084 479 4139 πάλιν
513 4083 738 4137 δυνατὸν
761 4086 859 4152 τὴν
892 4081 1119 4151 σελήνην
1153 4084 1209 4134 ὲν
1237 4080 1314 4152 τῷ
1345 4081 1589 4152 ἡμερινῴ
1617 4083 1894 4152 καταστή-

319 4195 450 4248 ματι
503 4175 758 4246 τοιαύτην
802 4175 1068 4245 φανῆναις
1126 4174 1246 4241 Ἀφ’
1287 4166 1348 4228 οὗ
1402 4176 1496 4228 καὶ
1550 4174 1823 4237 Διονύσιος
1870 4177 1898 4228 ὁ

329 4270 730 4340 Ἀρεοπαγίτης
777 4270 856 4332 εἰς
909 4267 1238 4337 θεοσημείαν
1273 4267 1538 4338 ἀναφέρει
1577 4269 1637 4320 τὺ
1667 4270 1759 4321 ἐπὶ
1802 4269 1896 4321 τοῦ

320 4361 556 4432 σταυροῦ
600 4361 812 4431 συμὸἁν
866 4359 944 4428 τῷ
990 4361 1159 4429 ἡλίῳ,
1208 4359 1308 4412 οὐκ
1366 4362 1446 4423 εὶς
1485 4360 1673 4422 εἰωθὸς
1727 4360 1898 4422 πάθος

317 4455 432 4514 τοῖς
479 4453 599 4504 κατ’
649 4451 880 4520 οὐρανὸν
933 4451 1171 4520 σώμασι.
1216 4450 1369 4513 Τινὲς
1401 4450 1456 4503 δὲ
1482 4450 1649 4502 ταῦτα
1681 4453 1760 4513 εἰς
1800 4453 1899 4521 τὴν

321 4546 431 4600 ὑπὸ
475 4543 888 4597 Οὐεσπασιανοῦ
921 4544 1221 4613 γενομένην
1260 4542 1584 4612 πολιορκίαν
1621 4543 1897 4608 ἐξέλαϐον,

1998 3357 2139 3412 facta
2194 3367 2322 3412 sunt
2359 3373 2370 3409 :
2403 3365 2771 3410 terrannotum
2823 3365 2878 3409 et
2919 3355 3332 3424 quassationcm
3394 3361 3571 3418 terrae,

2002 3451 2134 3506 solis
2185 3449 2460 3512 tenebras,
2496 3458 2550 3502 ct
2584 3448 2752 3502 totius
2800 3451 2939 3501 lunae
2969 3448 3328 3500 mutationem
3363 3445 3414 3499 in
3447 3461 3574 3498 san-

2001 3546 2241 3616 guinem.
2279 3545 2350 3598 Ex
2384 3545 2618 3597 maxima
2661 3553 2846 3597 autem
2885 3543 3170 3612 diligentia
3203 3541 3570 3610 signiﬁcatum

1999 3645 2083 3690 est
2113 3636 2165 3689 in
2195 3637 2322 3690 luna
2366 3635 2511 3705 quod
2543 3645 2654 3690 tota
2690 3643 2896 3688 mutata
2936 3633 3100 3687 fuerit
3139 3634 3192 3687 iu
3229 3632 3574 3701 sanguinem.

2001 3724 2138 3782 Cum
2170 3727 2314 3781 enim
2344 3736 2487 3783 esset
2512 3727 2669 3795 pleno
2695 3725 2914 3788 lumine,
2945 3734 3129 3794 utpote
3161 3723 3579 3792 decimoquarto

2000 3821 2110 3880 die,
2138 3828 2192 3872 et
2218 3835 2282 3872 ex
2315 3817 2581 3871 diametro
2610 3815 2838 3870 distaret
2871 3830 2900 3868 a
2931 3815 3064 3877 sole,
3101 3813 3377 3883 quomodo
3405 3815 3581 3881 possi-

2002 3913 2110 3966 bile
2141 3911 2244 3965 l'uit
2276 3921 2333 3964 nt
2362 3910 2529 3965 solem
2570 3909 2858 3978 repentino
2905 3921 3008 3962 suo
3047 3908 3280 3960 adventu
3312 3906 3578 3957 obseura-

2004 4006 2118 4060 ret?
2152 4005 2316 4075 709
2341 4002 2474 4057 Nam
2518 4003 2591 4057 ita
2632 4002 2869 4056 solarem
2919 3999 3166 4070 eclipsim
3222 3997 3335 4052 ﬁeri
3390 3997 3580 4051 dicunt

2001 4099 2094 4168 qui
2136 4098 2279 4152 circa
2309 4112 2428 4152 eam
2469 4094 2902 4164 investigandam
2940 4107 3062 4148 sese
3094 4100 3383 4161 occupant.
3429 4091 3577 4144 Rur-

2002 4206 2124 4246 sum
2159 4189 2436 4260 quomodo
2488 4187 2753 4257 possibile
2801 4185 2902 4239 fuit
2931 4195 2988 4239 ut
3025 4185 3152 4238 luna
3188 4184 3242 4237 in
3285 4183 3463 4238 medio
3491 4183 3582 4237 die

2004 4284 2302 4338 constituta
2353 4282 2475 4337 talis
2521 4278 2846 4351 appareret?
2878 4275 3032 4332 Unde
3067 4277 3233 4332 etiam
3277 4275 3572 4346 Dionysius

2005 4377 2330 4446 Areopagita
2363 4375 2428 4428 ad
2455 4374 2698 4428 divinum
2728 4371 2896 4426 refert
2924 4369 3246 4424 miraculum
3279 4370 3421 4438 quod
3444 4378 3584 4422 tem.-

2005 4485 2136 4538 pore
2155 4469 2425 4538 passionis
2451 4468 2504 4521 in
2529 4467 2642 4521 sole
2671 4466 2921 4536 contigit,
2947 4480 3052 4518 non
3074 4464 3229 4532 juxta
3261 4462 3583 4516 aﬂ‘ectiones

2007 4562 2059 4616 in
2099 4563 2426 4632 corporibus
2462 4561 2783 4616 caelestibus
2823 4559 2936 4613 ﬁeri
2967 4557 3181 4612 solitas.
3217 4556 3448 4623 Quidam
3479 4571 3580 4609 an-

319 4640 499 4694 πάντα
527 4637 596 4689 τὰ
623 4635 886 4707 εἰρημένα
921 4635 1442 4705 τροπολογήσαντες.
1481 4633 1545 4687 Οἱ
1571 4634 1627 4686 δὲ
1659 4634 1899 4687 πλεῖστοι
1937 4684 1977 4738 D

1937 4684 1977 4738 η
2011 4666 2115 4709 tem
2150 4655 2406 4725 praedicta
2433 4655 2615 4708 omnia
2647 4653 2925 4707 moraliter
2956 4651 3326 4719 intelligendo,
3351 4649 3416 4702 ad
3449 4648 3585 4701 civi-

319 4733 431 4786 τῶν
475 4729 826 4801 ὲρμηνευτῶν
900 4729 1125 4796 σεισμὸν
1174 4727 1270 4798 τὴν
1327 4726 1624 4797 μετάϐασιν
1669 4726 1901 4779 ἐνταῦθα

322 4824 605 4892 εἰρήκασι,
635 4821 734 4888 τὴν
761 4818 867 4872 άπὸ
898 4818 1006 4870 τῶν
1037 4819 1093 4870 ὲν
1128 4821 1240 4880 τοῖς
1269 4817 1357 4871 διὰ
1389 4819 1620 4889 Χριστὸν
1646 4818 1904 4888 διωγμοῖς

321 4914 624 4984 γενομένην
660 4912 737 4973 εἰς
782 4910 873 4963 τὸν
927 4911 1068 4962 κατὰ
1113 4909 1206 4962 τοῦ
1269 4909 1641 4980 ’Λντιχρίστου
1691 4912 1904 4982 καιρὸν,

324 5007 550 5075 σεισμδν
585 5004 839 5064 εἰωθυίας
869 5002 965 5072 τῆς
1012 5003 1232 5072 Γραφῆς
1267 5003 1453 5056 καλεῖν
1484 5005 1579 5072 τὴν
1612 5005 1721 5056 τῶν
1767 5022 1909 5074 πρα-

322 5100 550 5169 γράτων
580 5094 898 5165 μετάϐασιν,
928 5095 1114 5166 ὥσπερ
1150 5094 1226 5146 τό·
1273 5115 1289 5145 ι
1325 5096 1444 5148 Ἔτι
1480 5097 1629 5160 ἅπαξ
1657 5096 1841 5148 σείσω.
1880 5117 1897 5147 ι

325 5192 490 5259 Δηλοί
517 5191 623 5259 γὰρ
669 5189 763 5256 τὴν
793 5188 900 5240 τῶν
960 5188 1335 5258 σαλευομένων
1384 5190 1695 5258 μετάθεσιν,
1755 5190 1828 5253 ὡς
1875 5193 1902 5243 ὁ

326 5283 475 5345 θεῖός
510 5297 643 5351 φησι
696 5279 924 5342 Παῦλος.
977 5279 1087 5331 Καὶ
1115 5281 1172 5331 ἐν
1203 5282 1268 5348 τῇ
1308 5281 1517 5352 Παλαιᾷ
1548 5283 1580 5352 ἡ
1613 5283 1705 5334 ἀπ’
1732 5284 1901 5350 Αἰγύ-

329 5392 468 5427 πτου
496 5371 604 5422 τῶν
650 5367 992 5439 Ἰσραηλιτῶν
1038 5367 1215 5431 ἔξοδος
1272 5370 1493 5440 σεισμὸς
1540 5371 1772 5442 εἴρηται,
1814 5391 1910 5425 κα-

331 5469 444 5532 θὼς
475 5472 569 5523 καὶ
602 5472 763 5525 Δαυῖδ
799 5487 964 5540 φησι·
1004 5490 1020 5521 ι
1059 5471 1132 5540 Γῆ
1166 5469 1411 5541 ἐσείσθη·
1448 5472 1674 5542 καὶγὰρ
1713 5475 1760 5524 οἱ
1813 5473 1908 5524 οὐ-

334 5567 491 5633 ρανοὶ
536 5562 787 5626 ἔσταξαν.
840 5581 856 5612 ι
908 5561 1188 5624 Τοσαύτας
1242 5563 1350 5631 γὰρ
1394 5562 1605 5632 θλίψεις.
1658 5563 1910 5631 γενέσθαι

334 5657 526 5725 φασὶν,
570 5658 687 5718 οἵας
735 5656 946 5709 οὐδέπω
991 5657 1363 5725 γεγενημένας
1402 5655 1672 5727 ἔγνωμεν,
1731 5658 1911 5726 mea;

413 5837 454 5868 "
491 5836 633 5893 l‘sal.
689 5855 854 5904 vau,
911 5839 992 5893 l9.
1074 5840 1117 5870 ³⁵
1159 5836 1320 5892 llebr.
1353 5853 1449 5902 λιι,
1478 5838 1547 5890 26

2010 4746 2135 4800 tatis
2185 4745 2529 4799 obsidionem
2578 4760 2701 4814 qua:
2752 4744 2855 4799 sub
2904 4742 3242 4812 Vespasiano
3298 4739 3439 4794 facta
3477 4747 3582 4802 est,

2007 4837 2331 4892 retulerunt.
2367 4838 2596 4892 Plurimi
2629 4852 2756 4892 vero
2808 4837 3168 4904 interpretum
3209 4842 3579 4886 tcrrmmotum

2010 4928 2110 4983 hoc
2135 4929 2252 4984 loco
2271 4929 2530 4983 dixerunt
2562 4931 2851 4984 transitum
2876 4945 2939 4981 ex
2965 4926 3438 4996 persecutionibus
3465 4941 3588 4993 qua:

2013 5028 2232 5088 pr0pter
2265 5017 2546 5073 Christqu
2605 5019 2840 5072 inductae
2887 5027 3043 5080 sunt,
3078 5017 3145 5068 ad
3177 5025 3390 5082 tempus
3431 5013 3589 5066 Anti-

2014 5109 2205 5163 christi
2244 5127 2256 5162 :
2285 5123 2348 5160 ex
2377 5108 2774 5162 consuetudine
2803 5105 3098 5172 Scriptura:
3131 5104 3376 5158 dicentes
3404 5113 3589 5156 terrm-

2014 5213 2219 5258 motum
2246 5202 2427 5256 vocari
2461 5201 2815 5256 mutationem
2851 5216 3032 5254 rerum
3054 5241 3067 5260 ,
3121 5195 3582 5268 quemadmodum

2013 5298 2102 5352 ubi
2138 5296 2374 5350 dicitur:
2412 5313 2428 5345 ι
2463 5297 2654 5349 Adhuc
2686 5294 2873 5356 semel,
2908 5309 3008 5363 ego
3043 5293 3354 5347 concutiam
3392 5289 3457 5343 ³⁵.
3505 5287 3587 5341 Si-

2012 5389 2234 5459 gnificat
2262 5387 2405 5440 enim
2470 5387 2884 5440 translationem
2936 5398 3126 5437 eorum
3175 5397 3296 5451 quae
3336 5394 3586 5434 commo-

2014 5491 2229 5545 ventur,
2264 5479 2430 5533 veluti
2463 5479 2709 5533 declarat
2754 5477 2914 5530 divus
2961 5475 3186 5528 Paulus.
3224 5472 3286 5527 Et
3319 5472 3371 5525 in
3409 5469 3588 5524 Veteri

2016 5572 2370 5626 Testamento
2393 5587 2651 5641 egressus
2675 5570 3043 5626 Israelitarum
3068 5582 3130 5622 ex
3159 5564 3392 5635 Egypto
3411 5562 3593 5616 dictus

2012 5673 2095 5717 cst
2151 5672 2510 5730 terrzemotus,
2592 5659 3052 5732 quemadmodum
3140 5656 3218 5711 ait
3266 5664 3318 5708 ct
3370 5649 3588 5704 David:
