4256 6440
723 408 827 470 603

1561 414 1896 475 ΑΙὶΕἸῚΙᾸΞ
1936 416 2314 478 (ἷΕὸΜὶΕΕ
2352 420 2835 484 (ΖᾹΡΡΛΒΟΕΙίΕ
2875 425 3218 488 EPISCOPI

3891 432 4003 494 604

722 523 869 574 enim
906 521 1079 590 angeli
1102 523 1397 577 servabant
1427 526 1685 580 excubias
1736 542 1903 597 super
1942 541 2183 598 quatuor
2216 546 2315 584 au-
2346 535 2385 589 A
2416 532 2683 598 τέσσαρες
2706 534 2929 605 ἄγγελοι
2977 536 3087 608 γὰρ
3114 539 3218 609 ἐφρ

2422 532 2683 598 τέσσαρες
2706 534 2929 605 ἄγγελοι
2977 536 3087 608 γάρ
3114 537 3414 609 ἐφρούρουν
3452 538 3550 602 τάς
3587 539 3858 613 τέσσαρας
3893 562 4006 612 για»-

722 615 879 682 gulos
926 623 1086 669 terra:
1136 614 1473 682 Judmorum,
1545 617 1686 687 lugm
1731 624 1982 677 timorem
2047 626 2152 679 illis
2208 627 2307 679 im-

726 707 1023 768 mittentes,
1062 715 1154 759 aut
1206 707 1552 763 diﬂieultates
1594 713 1861 778 quasdam
1915 727 1967 769 et
2003 718 2302 787 molestias,

724 804 819 848 aut
853 798 1294 868 intempestivam
1334 803 1523 869 patrize
1565 802 1920 861 amictionem
1954 825 2019 863 ac
2063 810 2305 864 dilectis-

724 890 985 942 simarmn
1020 907 1252 944 uxorum
1280 912 1292 946 :
1319 894 1482 964 712
1524 912 1645 965 qua:
1697 900 1905 968 tropice
1949 901 2306 969 designantur

727 981 1007 1035 imminere
1026 981 1247 1048 Judmaz,
1274 986 1366 1040 sed
1401 997 1455 1040 et
1477 1002 1670 1044 ventos
1697 992 1974 1059 prohiberi
2014 995 2306 1063 nequando

725 1076 852 1130 ﬂent
918 1094 1093 1147 neque
1149 1095 1315 1148 super
1390 1091 1591 1135 terram
1670 1098 1845 1152 neque
1904 1101 2067 1155 super
2134 1103 2304 1144 mare.

726 1167 900 1235 Super
958 1179 1159 1223 terram
1209 1173 1453 1240 quidem,
1494 1189 1560 1229 ne
1612 1174 1694 1228 vel
1761 1176 1815 1229 in
1872 1177 2100 1233 minimo
2150 1180 2307 1234 refri-

725 1264 936 1326 gerium
986 1264 1265 1319 inveniant
1311 1279 1555 1335 tempore
1605 1272 1731 1325 belli
1778 1271 2069 1325 adversum
2098 1272 2306 1326 Roma-

727 1371 827 1406 nos
861 1372 873 1406 :
910 1374 1084 1425 neque
1137 1359 1387 1427 agrieola‘.
1434 1360 1744 1429 plantarum
1799 1364 2080 1432 diligentia
2116 1381 2306 1420 assur-

726 1456 876 1513 gant,
909 1449 1169 1516 quoniam
1230 1460 1284 1504 et
1341 1453 1566 1508 arbores
1601 1466 1886 1509 ventorum
1940 1459 2308 1513 commotione

723 1540 1022 1603 gaudentes
1081 1542 1454 1597 reloeillautur
1503 1562 1516 1598 :
1588 1563 1767 1616 neque
1820 1549 2060 1618 pedestri
2125 1567 2305 1619 pugna

723 1642 1017 1697 certantes,
1060 1650 1237 1704 neque
1296 1638 1498 1702 navali,
1540 1642 1799 1708 quoniam
1851 1644 2026 1696 navali
2086 1660 2307 1714 quoque

726 1741 905 1792 pugna
945 1727 1364 1796 impetebantur,
1393 1731 1548 1799 juxta
1583 1731 1922 1801 Joseplium;
1959 1749 2081 1787 nam
2122 1737 2305 1789 omnia

726 1819 864 1871 mala
908 1821 1447 1889 comprehenderunt
1498 1822 1643 1878 illos.
1686 1822 1788 1878 Sed
1824 1840 2141 1894 quanquam
2194 1827 2308 1880 haec

2414 626 2533 689 νίας
2558 629 2654 697 τῆς
2698 630 2971 683 Ἰουδαίων
3022 633 3148 701 γῆς,
3187 632 3391 684 δειλίαν
3422 633 3609 696 αὺτοῖς
3631 633 4005 702 ἐμϐάλλοντες

2415 720 2666 792 (po-figi}
2708 722 3028 794 δυσχερείας
3059 724 3287 795 τινὰς,ἣ
3324 724 3551 793 ἐξώριον
3578 725 3750 788 πάθος
3794 728 4003 797 πατρί-

2412 812 2519 874 δος,
2553 816 2831 881 γυναικῶν
2856 834 2913 868 τε
2954 816 3251 884 φιλτάτιον,
3289 818 3450 871 ᾶτινα
3502 820 3777 888 τροπικῶς
3799 820 4001 889 διαση-

2418 904 2668 971 μαίνεται
2699 909 3017 977 κρατεῖσθαι
3060 909 3160 979 τῆς
3208 911 3488 974 Ἰουδαίας,
3520 912 3653 966 ἀλλά
3687 929 3747 978 γε
3788 912 3852 981 δὴ
3900 916 4003 966 καὶ

2414 996 2782 1067 τοὺςάνέμους
2808 1000 3146 1055 κεκωλύσθαι
3177 1003 3262 1070 ἐφ’
3285 1004 3373 1056 ὅτε
3403 1003 3477 1074 μὴ
3511 1004 3693 1056 πνέειν
3715 1006 3824 1074 (27)
3851 1006 4001 1075 μήτε

2414 1088 2509 1139 ἐπὶ
2570 1090 2672 1157 γῆς
2724 1092 2862 1161 μήτε
2916 1094 3009 1145 ἐπὶ
3055 1095 3154 1161 τῆς
3201 1095 3501 1166 θαλάσσης.
3554 1097 3681 1150 Ἐπὶ
3739 1099 3862 1167 γῆς,
3922 1098 4003 1167 τῷ

2418 1180 2689 1251 μηδεμίαν
2745 1184 2943 1246 αὐτοὺς
2998 1186 3282 1258 ἀναψυχὴν
3327 1189 3586 1259 εὑρέσθαι
3637 1192 3696 1243 ἐν
3754 1190 3829 1259 τῷ
3860 1190 4003 1259 πρὸς

2423 1275 2723 1345 Ῥωμαίους
2791 1279 3010 1350 πολέμῳ
3040 1295 3055 1310 ·
3103 1283 3241 1349 μήτε
3308 1284 3435 1344 τοὺς
3512 1284 3796 1351 γεωργοὺς
3871 1284 4003 1346 τοὺς

2414 1366 2707 1438 ἐπιμελείᾳ
2754 1368 2938 1435 φυτῶν
2980 1372 3437 1440 προσανέχοντας,
3468 1373 3593 1424 ἐπεὶ
3622 1374 3714 1424 καὶ
3780 1373 3845 1425 τὰ
3882 1374 4004 1425 δέν-

2413 1461 2515 1531 δρα
2545 1460 2645 1529 τῆς
2696 1461 2804 1513 ἀπὸ
2858 1460 2967 1512 τῶν
3017 1462 3234 1532 ἀνέμων
3274 1463 3612 1526 ἀποσείσεως
3656 1463 4003 1517 ἀπολαύοντα

2414 1555 2748 1622 ἀναψύχεται
2773 1572 2786 1585 ⁸
2820 1554 2957 1625 μήτε
2985 1556 3113 1617 τοὺς
3144 1554 3596 1625 πεζομαχοῦντας
3643 1554 3747 1628 [μὴ
3778 1558 3909 1618 τοὺς
3940 1560 4006 1607 ἐν

2418 1645 2661 1713 θαλάσσῃ
2689 1646 3105 1716 ναυμαχοῦντας
3120 1645 3273 1718 (28)],
3304 1649 3425 1701 ἐπεὶ
3449 1649 3542 1701 καὶ
3586 1650 4003 1718 ἐναυμάχησαν,

2417 1740 2557 1791 κατὰ
2586 1740 2677 1791 τὸν
2720 1739 3013 1809 ’ῐώσηπονο
3042 1742 3222 1795 πάντα
3270 1742 3381 1812 γὰρ
3413 1743 3609 1804 αὐτοὺς
3639 1741 3901 1795 κατέλαϐε
3931 1744 4005 1794 τὰ

2417 1834 2585 1886 κακά.
2605 1832 2744 1883 Ἀλλ’
2775 1834 2825 1884 εί
2859 1832 2953 1884 καὶ
2982 1830 3339 1895 ταῦτα,οὖτω
3368 1833 3706 1903 δικαιότερον
3743 1832 3821 1897 δν,
3848 1834 4006 1902 ὅμως

722 1911 1033 1978 justissime
1087 1914 1158 1966 ita
1215 1914 1432 1978 tierent,
1460 1915 1701 1981 apertius
1759 1926 1940 1971 tamen
1994 1919 2310 1989 contingent
2338 1895 2384 1955 Β
2413 1924 2936 1995 ὲπιτευκτικὼτερον
2973 1924 3117 1978 κατά
3134 1925 3218 1994 τὴγ

2422 1924 2835 1977 ὲπιτευκτικὼτε
2845 1942 2936 1995 ρον
2973 1924 3117 1978 κατά
3134 1925 3235 1994 τὴν
3252 1924 3347 1979 τοῦ
3379 1926 3753 1997 Ἀντιχρίστου
3777 1925 4007 1979 ἐπέλευο

724 2006 874 2057 circa
931 2005 1251 2060 Antichristi
1311 2007 1625 2072 adventum,
1665 2024 1773 2062 non
1835 2011 1886 2063 in
1936 2021 2088 2079 parte
2136 2022 2296 2065 terra:

724 2097 1060 2161 .lndaeorum.
1093 2101 1187 2154 sed
1217 2100 1269 2154 in
1302 2101 1557 2155 universo
1583 2102 1715 2156 orbe
1750 2120 1764 2156 :
1801 2119 1962 2173 quem
1988 2105 2152 2158 etiam
2189 2120 2309 2160 sor-

726 2190 807 2243 titi
840 2202 998 2245 erant
1033 2191 1419 2248 ministeriales
1451 2192 1701 2261 spiritus,
1735 2203 1995 2264 tanquam
2037 2210 2135 2250 sua
2161 2212 2313 2251 com-

729 2286 934 2351 plentes
963 2285 1224 2352 obsequia
1249 2286 1552 2340 secundum
1595 2295 1835 2356 quatuor
1860 2297 2020 2342 terra:
2050 2290 2306 2358 angulos.

728 2392 925 2446 nelnpe
980 2378 1270 2437 orientem.
1327 2380 1754 2448 septentrionem
1792 2419 1807 2443 ,
1860 2380 2199 2435 occidentem
2259 2389 2314 2434 et

730 2468 1035 2521 meridiem.
1090 2468 1391 2522 Ventorum
1434 2480 1615 2524 autem
1674 2471 1968 2540 prohibitio
2025 2471 2315 2527 manifeste

728 2563 974 2630 designat
999 2561 1165 2615 debiti
1202 2562 1413 2617 ordinis
1441 2564 1796 2623 solutionem.
1832 2574 1885 2619 et
1929 2564 2198 2619 malorum
2232 2568 2316 2619 in-

727 2655 1165 2709 evitabilitatem.
1205 2654 1304 2708 Per
1342 2665 1537 2711 ventos
1567 2657 1712 2710 enim
1753 2665 1807 2710 et
1842 2672 1990 2711 mare
2021 2658 2310 2727 navigatur

727 2751 795 2801 ad
830 2748 1154 2818 obsequium
1191 2750 1474 2804 hominum
1509 2748 1581 2822 [et
1613 2749 1812 2820 plantae
1855 2759 2145 2805 ventorum
2184 2749 2312 2803 ﬂatu

728 2837 1150 2910 relocillantur].

802 2933 1061 3003 Angelum
1094 2932 1261 2986 alium
1302 2933 1670 2987 ascendentem
1712 2934 1776 2987 ab
1822 2944 1942 2988 ortu
1973 2936 2123 2990 solis.
2169 2935 2317 2988 Divi-

731 3041 859 3079 num
902 3026 1154 3095 angelum
1199 3025 1269 3079 ab
1321 3034 1444 3079 ortu
1478 3025 1613 3079 solis
1652 3035 1708 3081 et
1745 3042 1855 3080 non
1902 3026 1973 3080 ab
2032 3043 2231 3082 occasu
2265 3036 2323 3082 et

733 3120 964 3188 hespero
996 3121 1203 3184 venire,
1264 3119 1591 3185 praeclarum
1622 3118 1838 3175 facinus
1855 3119 2146 3190 designare
2180 3120 2326 3173 vide-

2416 2035 2500 2071 σιν
2521 2019 2831 2088 γενήσεται,
2872 2017 2973 2069 οὐκ
2994 2018 3052 2069 ἐν
3081 2017 3239 2088 μέρει
3272 2018 3371 2087 τῆς
3418 2017 3686 2071 Ἰουδαίων
3732 2018 3858 2086 γῆς,
3884 2018 4003 2070 ἀλλ’

2413 2111 2471 2162 ὲν
2523 2110 2673 2178 πάσῃ
2719 2112 2787 2179 τῇ
2834 2110 3153 2181 οἰκουμένῃ,
3208 2110 3276 2179 ἢν
3327 2111 3422 2163 καὶ
3466 2109 3659 2179 ἔλαχον
3709 2111 3849 2163 κατὰ
3900 2109 4006 2173 τὰς

2412 2203 2689 2273 τέσσαρας
2715 2203 2942 2271 γωνίας,
2974 2202 3261 2273 ἀνατολῆς,
3291 2202 3519 2273 ἄρκτου,
3545 2201 3751 2265 δύσεως
3781 2202 3876 2255 καὶ
3902 2219 4006 2271 με-

2417 2297 2715 2368 σημῆρίας,
2742 2297 2811 2351 τὰ
2831 2296 3194 2367 λειτουργικὰ
3230 2296 3523 2367 πνεύματα
3567 2298 3644 2359 ὡς
3693 2295 4007 2366 πληροῦντα

2415 2393 2513 2457 τὰς
2539 2392 2835 2456 διακονίας.
2891 2391 2954 2444 Ἡ
2992 2390 3049 2446 δέ
3087 2390 3196 2443 τῶν
3235 2391 3455 2459 ἀνέμων
3501 2390 3674 2459 ἐποχὴ
3720 2390 4006 2461 προδήλως

2420 2485 2577 2538 λύσιν
2612 2486 2891 2550 εὐταξίας,
2919 2485 3014 2537 καὶ
3035 2483 3095 2535 τὸ
3134 2483 3245 2535 τῶν
3275 2481 3464 2535 κακῶν
3515 2482 3875 2551 ἁδιάδραστον
3906 2482 4007 2547 ἑμ-

2420 2580 2621 2648 φαίνει.
2645 2576 2746 2631 Διά
2762 2577 2981 2646 ἀνέμων
3003 2576 3135 2645 γὰρ,
3160 2575 3408 2628 θάλασσά
3422 2592 3486 2628 τε
3517 2576 3729 2627 πλείται
3760 2572 3893 2644 πρὸς
3906 2574 4007 2642 τὴν

2419 2670 2724 2740 ἀνθρώπων
2762 2670 3009 2724 δουλείαν
3025 2668 3143 2741 [καὶ
3183 2669 3327 2737 φυτά
3352 2667 3855 2739 τρέφεταιξάνὲμοις
3877 2668 4009 2727 ανα-

2417 2762 2747 2835 ψυχόμενα-Ι.

2496 2941 2791 3009 Ἄγγελον
2839 2938 3034 2991 ἄλλον
3063 2938 3473 2993 ἀναϐαίνοντα
3526 2937 3646 2991 ἀπὸ
3696 2934 4012 3003 ἀνατολῆς

2422 3035 2624 3103 ἡλίου.
2666 3032 2739 3084 Τὸ
2789 3031 2888 3101 μὲν
2933 3031 3043 3085 ἀπὸ
3090 3032 3189 3100 τῆς
3229 3031 3497 3101 ἀνατολῆς
3539 3031 3709 3098 ἡλίου,
3751 3030 3890 3081 ἀλλὰ
3936 3031 4012 3099 μὴ

2423 3127 2532 3181 ἀπὸ
2564 3124 2781 3197 δυσμῶν
2813 3125 3020 3195 καὶτῆς
3047 3124 3286 3195 ἑσπέρας
3311 3123 3712 3195 παραγίνεσθαι
3743 3124 3835 3175 τὸν
3862 3124 4011 3176 θεῖον

731 3222 818 3263 tur
864 3226 927 3265 ac
991 3212 1335 3275 beneﬁcium,
1367 3211 1515 3280 quod
1570 3212 1952 3280 contemplans
2008 3214 2061 3265 in
2114 3213 2311 3281 spiritu
2339 3247 2383 3309 Ο
2424 3218 2679 3287 ἄγγελον,
2711 3215 3081 3287 ἀγαθοεργεαν
3129 3218 3218 3268 αιν

2424 3218 2679 3287 ἄγγελον,
2711 3215 3081 3287 ἀγαθοεργίαν
3129 3216 3467 3270 αἰνίττεσθαι
3496 3216 3591 3268 καὶ
3614 3215 3907 3283 σημαίνειν
3927 3214 4013 3266 δο-

733 3303 948 3357 Ι)‹›ιιιίιιί
983 3304 1320 3374 progenitor,
1352 3322 1370 3354 ι
1415 3304 1704 3372 Signatum
1748 3316 1852 3367 est.
1905 3306 2105 3372 inquit,
2150 3320 2316 3374 super

735 3413 833 3450 nos
882 3398 1066 3452 lumen
1102 3398 1285 3452 vultus
1309 3397 1409 3460 tui,
1450 3396 1676 3451 Domine
1703 3396 1774 3450 ⁸⁸.
1820 3415 1839 3449 ι
1877 3398 2043 3453 Recte
2095 3412 2315 3467 quoque

730 3488 905 3552 jubet,
942 3497 998 3540 ut
1030 3488 1160 3540 nulli
1180 3487 1398 3541 interim
1429 3496 1690 3540 noceatur
1710 3501 1999 3556 quousque
2029 3486 2317 3556 signaren-

733 3588 824 3633 tar
849 3581 942 3649 qui
979 3596 1009 3635 e
1053 3578 1257 3635 Iudaeis
1304 3580 1657 3634 merebantur
1710 3580 1845 3633 salvi
1898 3579 2038 3639 ﬁeri,
2067 3595 2135 3632 ne
2181 3579 2316 3648 justi

735 3673 935 3725 similia
961 3680 1275 3741 paterentur
1312 3687 1437 3727 cum
1489 3672 1574 3727 bis
1603 3673 1696 3741 qui
1731 3672 1921 3741 inique
1944 3673 2321 3725 extendissent

739 3782 932 3818 inanus
977 3781 1106 3819 suas
1152 3767 1217 3818 ad
1281 3765 1622 3834 iniquitatem
1699 3764 1964 3819 adversus
2018 3762 2317 3817 Christum.

737 3858 889 3924 Quod
916 3858 960 3911 si
989 3860 1105 3912 bzec
1137 3859 1208 3912 ita
1237 3869 1390 3920 sunt,
1412 3867 1579 3921 certe,
1603 3867 1663 3911 ut
1689 3858 1897 3912 dictum
1935 3868 2041 3921 est,
2076 3866 2321 3925 tempore

735 3967 765 4004 ιι
792 3953 1000 4006 lventus
1035 3951 1355 4005 Antichristi
1410 3952 1628 4020 signum
1685 3951 1917 4005 vivilicaa
1967 3950 2149 4005 crucis
2188 3950 2323 4002 emi-

739 4042 1020 4095 nentiores
1054 4043 1463 4097 demonstrabit
1491 4059 1608 4108 eos,
1635 4045 1727 4112 qui
1759 4059 1925 4108 super
1957 4057 2017 4096 se
2067 4051 2322 4112 portave-

739 4145 863 4188 runt
897 4135 1309 4205 inscriptionem
1336 4136 1480 4191 sacri
1510 4136 1898 4206 baptismatis;
1925 4152 2051 4190 nam
2095 4135 2150 4189 bi
2196 4146 2326 4191 sunt

736 4229 942 4282 Christi
979 4229 1292 4283 ltazreditas.

813 4409 896 4465 Ne
917 4412 1221 4466 nocueritis.
1248 4411 1527 4466 Crealurre
1550 4420 1737 4481 utpote
1772 4420 1990 4481 propter
2019 4425 2120 4466 nos
2148 4408 2326 4474 factae.

749 4519 876 4557 eum
916 4519 1018 4559 nos
1047 4504 1404 4575 castigamur,
1437 4522 1544 4558 una
1570 4505 1856 4559 nobiseum
1887 4505 2184 4574 participes
2203 4507 2329 4557 sunt

742 4596 1080 4664 ﬂagellorum
1135 4614 1149 4650 :

742 4689 949 4743 sanctis
979 4689 1143 4743 simul
1179 4690 1543 4743 collatautur.
1583 4690 1657 4741 Ex
1703 4689 1809 4742 hoc
1839 4702 2022 4742 autem
2053 4688 2325 4742 discimus

741 4783 821 4836 ris
844 4782 937 4851 qui
974 4781 1275 4837 secundum
1322 4783 1585 4836 virtutem
1623 4782 1837 4845 vivunt,
1864 4782 1929 4835 ad
1975 4780 2326 4850 cooperatio-

743 4888 867 4926 nem
900 4886 1039 4941 opus
1068 4886 1192 4926 esse
1238 4874 1486 4943 angelico
1539 4873 1769 4937 auxilio,
1806 4882 1868 4926 ut
1912 4872 2235 4927 alllietiones
2264 4884 2329 4925 ac

747 4966 1076 5022 tentatioues
1121 4967 1264 5023 ferre
1290 4968 1523 5037 possint.

1219 5081 1382 5153 713
1416 5082 1647 5138 CAPUT
1698 5080 1848 5136 XIX.

744 5192 821 5248 De
856 5194 935 5245 his
973 5196 1061 5262 qui
1108 5207 1388 5249 servantur
1438 5213 1469 5247 a
1510 5197 1668 5265 plaga
1723 5207 1955 5264 quatuor
1998 5194 2328 5261 angelorum,

861 5282 1040 5333 nempe
1070 5279 1275 5318 centum
1305 5266 1660 5335 quadraginta
1694 5280 1927 5328 quatuor
1964 5268 2221 5318 millibus.

822 5380 932 5445 VII,
956 5382 1074 5436 L8.
1110 5382 1177 5434 Et
1208 5384 1389 5436 audivi
1425 5398 1699 5436 numerum
1755 5383 2089 5451 signatorum
2122 5392 2332 5434 centum

746 5476 1106 5544 quadraginta
1148 5487 1377 5543 quatuor
1418 5476 1589 5529 millia
1634 5476 1833 5545 signati
1887 5491 1951 5528 ex
1994 5475 2139 5528 omni
2188 5474 2329 5527 tribu

822 5657 863 5686 ⁸⁰
887 5656 1028 5710 l’sal.
1064 5671 1137 5721 Iv,
1156 5658 1205 5710 '7.

835 5814 1160 5870 ίὲἩΠεσεῖν
1179 5814 1265 5869 ed.

2419 3313 2616 3382 κεῖ,ἢν
2665 3311 2693 3362 δ
2758 3311 2857 3380 μὲν
2913 3309 3216 3381 προπάτωρ
3238 3308 3332 3361 τοῦ
3380 3308 3585 3377 Κυρίου
3628 3309 3685 3359 ἐν
3736 3307 4014 3376 πνεύματι

2420 3404 2669 3474 θεωρῶν,
2712 3421 2730 3454 ι
2779 3402 3129 3473 Ἐσημείωθη
3163 3402 3247 3470 ἐφ’
3278 3402 3425 3470 ἡμᾶς
3466 3400 3526 3452 τὸ
3566 3399 3682 3467 φῶς
3707 3397 3803 3451 τοῦ
3844 3415 4018 3468 προσ·

2419 3497 2572 3551 ὡπου
2619 3513 2737 3557 σου,
2774 3494 2972 3563 Κύριε,
3008 3512 3026 3545 ι
3060 3493 3237 3561 ἔλεγε.
3272 3493 3464 3555 Καλῶς
3498 3493 3674 3545 δὲκαὶ
3715 3492 3776 3543 τὸ
3810 3492 4018 3562 μηδένα

2421 3591 2557 3652 τέως
2582 3588 2905 3657 ἀδικηθῆναι
2938 3585 3173 3650 κελεύει,
3208 3587 3367 3655 ἄχρις
3409 3580 3471 3638 οὗ
3516 3584 3935 3655 σφραγισθῶσιν
3962 3586 4014 3635 οἱ

2422 3682 2516 3736 τοῦ
2561 3679 2894 3749 διασωθῆναι
2936 3679 3077 3745 ἄξιοι
3121 3678 3229 3731 τῶν
3271 3676 3561 3738 Ἰουδαίων,
3615 3675 3691 3737 ὡς
3735 3675 3803 3728 ἂν
3836 3674 3916 3746 μὴ
3968 3674 4019 3727 οί

2424 3773 2715 3828 δίκαιοιτά
2753 3773 2917 3841 ὃμοια
2965 3770 3192 3823 πάθοιεν
3226 3772 3338 3833 τοῖς
3390 3770 3449 3823 ἐν
3496 3770 3696 3840 ἀνομίᾳ
3753 3771 3819 3838 τῇ
3877 3768 4019 3821 κατά

2425 3867 2677 3939 Χριστοῦ
2715 3866 2992 3919 ἐκτείνασι
3012 3865 3112 3927 τὰς
3138 3866 3331 3935 χεῖρας
3367 3862 3547 3915 αὐτῶν
3593 3862 3815 3922 ἀδίκως.
3850 3861 3913 3913 Et
3962 3861 4019 3913 δὲ

2425 3962 2601 4015 ταῦτα
2637 3958 2831 4023 οὕτως,
2876 3958 2991 4011 ἀλλ’
3024 3952 3139 4019 οὖν,
3190 3956 3265 4019 ὡς
3318 3956 3559 4027 εἴρηται,
3608 3956 3666 4007 ἐν
3700 3955 3779 4023 τῷ
3836 3954 4020 4024 καιρῷ

2427 4056 2526 4124 τῆς
2576 4051 2921 4114 ἐπελεύσεως
2970 4050 3065 4104 τοῦ
3114 4050 3489 4120 ’Δντιχρίστου
3536 4050 3571 4118 ἡ
3624 4050 3867 4119 σφραγὶς
3921 4046 4019 4100 τοῦ

2429 4146 2700 4213 ζωοποιοῦ
2751 4144 2990 4213 σταυροῦ
3019 4142 3416 4212 ὲκδηλοτέρους
3460 4144 3734 4210 ἀποφανεῖ
3765 4141 3897 4202 τοὺς
3924 4139 4021 4193 τοῦ

2429 4242 2589 4309 ἁγίου
2630 4238 3006 4308 βαπτίσματος
3037 4235 3472 4306 ἐπιφερομένους
3534 4235 3859 4304 σημείοισιν.
3886 4235 4023 4305 Χρι-

2432 4333 2560 4387 στοῦ
2591 4332 2697 4403 γὰρ
2730 4331 2935 4401 κλῆρος
2957 4326 3124 4382 οὗτοι.

2504 4426 2599 4493 Μὴ
2647 4423 2998 4489 ἀδικήσητε.
3041 4421 3107 4473 Ἦ
3141 4419 3320 4481 κτίσις
3364 4418 3438 4483 ὡς
3480 4420 3549 4474 δι’
3580 4420 3731 4490 ἡμᾶς
3757 4435 4022 4488 γεγεννη-

2437 4519 2593 4589 μένη,
2611 4514 3023 4585 παιδευομένοις
3043 4515 3177 4584 ἡμῖν
3194 4515 3443 4566 κοινωνεί
3468 4514 3562 4566 ἐπὶ
3591 4515 3709 4576 ταῖς
3743 4510 4022 4582 μάστιξιν,

1215 4596 1683 4666 quemadmodum
1762 4596 1926 4649 etiam
2001 4593 2327 4665 gloriﬁcatis
2359 4627 2403 4683 υ
2434 4612 2622 4681 ὥσπερ
2674 4610 2768 4663 οὖν
2798 4608 2892 4663 καὶ
2941 4607 3218 4677 δοξαζομέ.

2434 4612 2622 4681 ὥσπερ
2674 4610 2768 4663 οὖν
2798 4608 2892 4663 καὶ
2941 4607 3327 4677 δοξαζομένοις
3376 4608 3489 4667 τοῖς
3540 4606 3717 4672 ἁγίοις
3774 4621 4023 4673 συμφαι-

2428 4703 2702 4769 δρύνεται.
2726 4702 2825 4755 Διά
2853 4700 3012 4753 τοῦτο
3040 4700 3097 4753 δὲ
3117 4698 3459 4769 μανθάνομεν
3488 4698 3723 4761 καὶτοὺς
3749 4699 3870 4749 κατ’
3894 4698 4025 4767 ἀρεο

2431 4798 2529 4864 τὴν
2572 4795 2826 4865 βιοῦντας
2854 4793 2991 4864 πρδς
3026 4792 3321 4862 συνεργίαν
3355 4791 3564 4845 δεῖσθαι
3586 4791 3686 4860 τῆς
3715 4789 4020 4860 ἀγγελικῆς

2432 4889 2686 4960 βοηθείας
2710 4888 2847 4959 πρὸς
2882 4887 2983 4950 τὰς
3009 4885 3120 4937 τῶν
3148 4884 3480 4955 πειρασμῶν
3513 4883 3812 4954 ἐπιφοράς.

3027 5089 3282 5143 ΚΕΦΑΛ.
3330 5087 3433 5142 ΙΘ¹.

2440 5201 2581 5270 Περὶ
2647 5200 2766 5253 τῶν
2813 5198 3166 5266 σωζομένων
3213 5199 3282 5252 ἐκ
3323 5196 3568 5270 πληγῆς
3623 5195 3745 5270 τῶν
3804 5195 4031 5251 τεσσά-

2793 5288 2917 5338 ρων
2941 5270 3213 5341 ἀγγέλων
3239 5267 3525 5338 χιλιάδων
3540 5266 3697 5337 ρμό.

2513 5382 2617 5436 Καὶ
2650 5381 2893 5449 ἥκουσα
2929 5381 3035 5435 τὸν
3081 5380 3333 5450 ἀριθμὸν
3355 5378 3473 5433 τῶν
3492 5377 4033 5447 ἐσφραγισμένων,

2443 5472 3421 5544 ἑκατοντεσσαρακοντατέσσαρες
3454 5470 3726 5543 χιλιάδες
3746 5470 4035 5542 seseport-

829 5872 937 5953 ('28)
1004 5887 1213 5942 Inclusa
1259 5886 1460 5942 omittit
1522 5888 1634 5950 cd.,
1708 5898 1764 5941 ut
1829 5889 1966 5941 intra
2022 5888 2185 5944 verba
2246 5887 2338 5941 καὶ
2382 5883 2681 5954 ψυτὰμις.
