4256 6440
224 371 333 435 609

1289 375 1679 443 CilMMENT.
1726 383 1800 442 IN
1845 384 2292 457 APOCALYPSI
2306 386 2375 445 Ν.

3393 398 3500 461 610

295 481 496 534 Σκόπει
529 482 645 545 πῶς
682 483 1016 555 παρίστησιν
1050 486 1126 549 ὡς
1154 487 1217 539 τὸ
1251 489 1624 560 ἀναρίθμητον
1655 504 1812 548 τοῦτο
1845 505 1863 556 Α

1872 510 1887 557 ι
1991 494 2154 565 716
2203 496 2497 553 Considera
2551 502 2755 570 quibus
2809 505 2991 559 verbis
3044 509 3299 564 ostendat
3356 518 3502 581 quod

221 574 316 625 καὶ
339 574 611 641 παγγενὲς
639 575 866 646 πλῆθος,
891 578 991 646 τὴν
1010 578 1106 632 τοῦ
1123 580 1336 650 ’Δρνίου
1360 582 1552 650 δηλοῦν
1575 586 1810 658 σφαγὴν,

220 664 419 734 ἐκείνῳ
441 667 536 719 καὶ
561 667 750 737 ἐτύθη.

287 757 399 810 Καὶ
430 757 745 824 κράζοντες
780 757 952 827 φωνῇ
980 761 1238 830 μεγάλῃ.
1276 762 1550 834 Ἐκραζον
1574 808 1588 831 ,
1623 768 1807 835 φησὶν,

217 849 298 908 εἰς
347 849 409 900 τὸ
449 849 838 919 δυναμωθῆνιι
887 854 1037 922 ἡμᾶς
1072 854 1179 906 ὑπὸ
1229 854 1322 908 τοῦ
1361 857 1575 925 ’Δρνίου
1633 862 1711 921 είς
1751 862 1811 913 τὸ

219 942 443 1011 νικῆσαι
486 945 579 996 τὸν
627 946 867 1015 ἄρχοντα
910 949 1004 1001 τοῦ
1051 950 1277 1012 σκότους
1320 957 1512 1005 τούτου
1549 956 1643 1006 καὶ
1685 957 1810 1019 τοὺς

217 1033 310 1084 ὑπ’
341 1035 507 1088 αὑτοῦ
547 1038 974 1106 ὲνεργουμένους
1019 1041 1412 1111 είδωλολάτρας
1462 1044 1806 1115 ἀνθρώπους.

289 1127 397 1179 Kal
434 1126 661 1193 sartag-
690 1132 745 1182 ol
776 1130 1019 1199 clm-8.1m
1044 1134 1434 1199 εἰστήκεισαν
1467 1139 1670 1204 κύκλῳ
1701 1139 1808 1193 τοῦ

216 1219 437 1283 θρόνου
477 1221 578 1273 καὶ
619 1219 739 1273 τῶν
765 1225 1190 1292 πρεσϐυτέρων
1213 1226 1312 1279 καί
1341 1227 1461 1279 τῶν
1494 1231 1808 1298 τεσσάρων

215 1308 392 1366 ζώων.
440 1312 572 1365 Ἰδοὺ
617 1315 713 1382 μία
759 1315 1027 1384 ἐκκλησία
1068 1319 1318 1386 ἀγγέλων
1349 1322 1446 1374 καὶ
1475 1323 1801 1393 ἀνθρώπων.

215 1403 290 1453 Τὸ
338 1403 394 1455 δὲ
452 1408 709 1476 συστῆναι
756 1407 1023 1475 ἀγγέλους
1079 1411 1425 1482 ἀνθρώποις,
1469 1415 1519 1467 τί
1572 1419 1638 1469 ἂν
1679 1417 1806 1470 ἂλὶο

211 1494 507 1558 δείκνυσιν,
557 1499 589 1566 ἢ
639 1499 701 1550 τὸ
747 1500 1193 1573 ὑπερανεστηκὸς
1237 1507 1316 1568 εἰς
1370 1507 1535 1576 τιμὴν
1569 1507 1663 1577 τῆς
1707 1511 1800 1562 ἀν-

214 1584 494 1653 θρωπείας
521 1589 737 1656 φύσεως
765 1609 778 1655 ;

285 1681 394 1731 Kal
435 1684 911 1750 προσεκύνησαν
955 1685 1034 1749 τῷ
1067 1688 1189 1754 Θεῷ
1226 1691 1544 1758 λέγοι-τες·
1592 1694 1799 1762 Ἀμήν.

212 1771 295 1824 Τὰ
345 1774 403 1824 ἐν
459 1774 768 1845 ἀνθρώποις
820 1779 1166 1852 λειτουργικὰ
1216 1784 1504 1852 πνεύματα
1557 1788 1652 1839 σὺν
1690 1790 1800 1851 τοῖς

214 1866 610 1937 πρεσϐυτέροις
640 1872 958 1941 ὑπήκουσαν
979 1851 1060 1940 τὸ,
1090 1876 1286 1945 Ἀμήν.
1335 1851 1455 1930 Ἐπὶ
1484 1878 1544 1931 τὸ
1571 1880 1800 1948 ἕϐδομον
1835 1851 1874 1905 Β

210 1957 267 2008 δὲ
299 1957 393 2010 τοῦ
423 1960 660 2030 ἀριθμοῦ
690 1966 1080 2037 προεχώρησεν
1112 1970 1296 2032 αὐτοῖς
1329 1973 1360 2041 ἡ
1394 1972 1527 2041 πρὸς
1556 1974 1616 2026 τὸ
1643 1973 1799 2027 Θεῖον

211 2047 486 2120 σεϐασμία
538 2054 670 2123 τιμὴ
698 2096 712 2120 ,
766 2057 825 2108 οὐ
871 2058 1030 2126 μόνον
1065 2059 1146 2112 ὅτι
1203 2060 1480 2132 σύστοιχος
1510 2060 1686 2128 οὗτος,
1721 2065 1798 2128 ὡς

207 2142 313 2211 ἤδη
351 2145 725 2215 παρεθέμεθα,
763 2150 790 2200 ὁ
824 2150 1057 2220 ἀριθμὸς
1086 2151 1164 2223 τῷ
1193 2157 1419 2224 παρόντι
1455 2157 1644 2218 αἰῶνι.
1679 2159 1795 2212 ἀλλ’

206 2235 288 2287 ὅτι
313 2238 407 2288 καὶ
429 2236 620 2308 ὥσπερ
653 2233 810 2304 οὗτος
827 2245 853 2293 ὁ
877 2243 1111 2313 ἀριθμὸς
1136 2248 1238 2298 οὐκ
1260 2247 1319 2310 ἐξ
1345 2249 1531 2316 ἐτέρου
1560 2249 1794 2320 ἀριθμοῦ

201 2327 316 2380 τῶν
358 2331 509 2393 ἐντὸς
552 2332 652 2401 τῆς
688 2333 908 2399 δεκάδος
958 2339 1348 2403 ἁποτίκτεται,
1393 2341 1567 2404 οὕτως
1613 2346 1707 2396 καὶ
1750 2338 1794 2412 ᾧ

203 2422 493 2478 ὲπιὸοᾶται
527 2425 699 2478 ταῦτα
729 2426 884 2492 Θεὸς,
912 2431 1010 2481 οὐκ
1046 2430 1103 2496 ἐξ
1135 2431 1326 2501 ἑτέρου
1363 2433 1430 2486 τὰ
1464 2433 1581 2486 θεῖα
1619 2435 1791 2490 ταῦτα

204 2515 542 2586 ἀποφέρεται
576 2518 1050 2590 πλεονεκτήματα.

273 2606 382 2658 Kal
423 2607 719 2676 ἀπεκρίθη
763 2605 850 2675 εἷς
887 2611 954 2664 ἐκ
986 2610 1104 2664 τῶν
1145 2614 1566 2681 πρεσϐυτέρων
1596 2615 1792 2684 λέγων

196 2716 320 2765 μοι·
379 2695 557 2755 Οὗτοι
603 2705 657 2755 ol
708 2704 1194 2775 περιϐεϐλημένοι
1247 2707 1354 2771 τὰς
1404 2707 1633 2773 στολὰς
1683 2711 1791 2774 τὰς

199 2794 432 2858 λευκὰς
458 2834 470 2857 ,
502 2792 664 2859 τινες
692 2795 811 2848 είσὶ
831 2836 847 2860 ,
879 2797 977 2849 καὶ
1008 2799 1195 2852 πόθεν
1223 2795 1447 2868 vilior;
1481 2803 1584 2854 Kal
1616 2797 1789 2856 εἶπον

199 2884 382 2952 αὐτῷ·
415 2887 594 2956 Κύριέ
619 2906 773 2957 μου.
807 2890 889 2944 σὺ
917 2886 1105 2956 οἶδας.
1138 2893 1248 2946 Kal
1273 2889 1404 2946 εἶπέ
1427 2911 1529 2962 μοι
1551 2910 1567 2928 ο
1608 2891 1787 2949 Οὗτοί

199 2979 362 3031 εισιν
389 2981 442 3031 ol
473 2979 781 3049 ἐρχόμενοι
816 2981 886 3036 ἐκ
919 2980 1030 3049 τῆς
1056 2985 1318 3052 θλίψεως
1342 2983 1452 3052 τῆς
1491 2986 1782 3054 μεγάλης*

199 3070 301 3122 καί
341 3071 618 3125 ἔπλυναν
658 3075 764 3140 τὰς
792 3077 1022 3143 στολὰς
1059 3076 1258 3131 αὐτῶν
1302 3079 1398 3132 καὶ
1444 3080 1786 3134 ἐλεύκαναν

199 3162 272 3215 ἐν
299 3163 381 3227 τῷ
405 3165 608 3234 αἵματι
647 3167 754 3220 τοῦ
807 3169 1041 3236 Ἀρνέου
1069 3187 1081 3200 ·
1114 3170 1213 3223 διὰ
1251 3172 1427 3226 τοῦτο
1479 3173 1640 3226 εἰσιν
1684 3175 1781 3226 ἐν·
1809 3199 1852 3256 C

199 3256 390 3310 ὠπιον
439 3259 545 3314 τοῦ
587 3263 807 3329 θρόνου
852 3263 959 3317 τοῦ
1013 3264 1198 3329 Θεοῦ,
1253 3266 1349 3319 καὶ
1389 3268 1791 3334 λατρεύουσιν

198 3347 363 3412 αὐτῷ
399 3349 623 3418 ἡμέρας
653 3351 750 3404 καί
779 3351 1004 3417 νυκτὸς
1033 3353 1104 3405 ἐν
1139 3352 1222 3418 τῷ
1250 3352 1373 3417 ναῷ
1395 3354 1601 3408 αὐτοῦ’
1635 3356 1731 3407 καί
1759 3357 1790 3409 ὁ

201 3441 539 3510 καθήμενος
574 3443 672 3496 ἐπί
719 3443 797 3508 τῷ
834 3446 1027 3512 θρόνῳ
1058 3449 1363 3512 σκηνώσει
1405 3449 1498 3500 ἐπ’
1545 3449 1789 3514 αὐτούς.

203 3536 287 3586 Οὐ
325 3535 725 3588 πεινάσουσιν
760 3537 870 3601 ἔτι,
905 3537 1049 3590 οὐδὲ
1092 3537 1470 3606 διψήσουσιν
1499 3540 1586 3593 ἔτι
1613 3557 1626 3570 ·
1661 3542 1789 3594 οὐδ’

197 3629 273 3679 οὐ
297 3626 382 3694 μὴ
407 3627 567 3696 πέσῃ
587 3629 680 3682 ἐπ’
713 3630 940 3697 αὐτοὺς
961 3635 993 3684 ὀ
1022 3631 1214 3698 ἣλιος,
1244 3633 1388 3687 οὐδὲ
1417 3633 1541 3688 πᾶν
1565 3633 1786 3703 καῦμαο

1920 586 2339 643 innumerabilis
2391 593 2502 646 haec
2540 604 2595 649 et
2638 596 2930 665 omnigena
2983 601 3276 657 multitudo
3326 609 3501 661 mani-

1915 674 2121 731 festans
2141 681 2277 750 Agni
2313 687 2538 749 caedem,
2573 686 2673 755 ipsi
2699 703 2922 758 quoque
2955 690 3238 748 immolata
3265 697 3359 750 sit.

1986 768 2053 824 Et
2086 773 2388 828 clamabant
2426 793 2543 830 voce
2576 796 2788 851 magna.
2822 783 3177 848 Clamabunt,
3205 788 3384 858 inquit
3406 831 3420 852 ,
3447 802 3506 847 ut

1913 877 2016 917 nos
2050 865 2117 918 ab
2143 868 2297 936 Agno
2339 869 2800 926 eonfirmaremur
2827 877 2892 928 ad
2936 878 3266 933 vincendum
3297 883 3504 950 princi-

1911 967 2032 1021 pem
2065 957 2434 1026 tenebrarum,
2472 960 2834 1032 hominesque
2858 967 3178 1025 idololatras
3209 975 3302 1041 qui
3335 975 3404 1028 ab
3436 991 3503 1030 eo

1912 1045 2253 1100 obsidentur.

1983 1137 2049 1190 Et
2079 1156 2256 1194 omnes
2283 1145 2456 1214 angeli
2483 1146 2697 1198 stabant
2725 1148 2777 1199 in
2799 1150 3024 1205 circuitu
3049 1154 3227 1209 throni
3254 1167 3303 1210 et
3329 1159 3501 1212 senio-

1908 1245 2024 1282 rum
2053 1241 2100 1284 et
2127 1245 2355 1301 quatuor
2387 1239 2719 1293 animalium.
2763 1239 2900 1297 EcCe
2939 1261 3044 1298 una
3073 1249 3300 1304 ecclesia
3334 1268 3501 1323 ange-

1908 1321 2083 1374 lorum
2122 1334 2174 1376 et
2205 1326 2510 1382 hominum.
2549 1333 2709 1386 Stare
2736 1349 2865 1388 vero
2900 1338 3127 1405 angelos
3163 1341 3330 1396 simul
3371 1361 3497 1400 cuin

1909 1413 2225 1470 hominibus
2259 1423 2390 1486 quid
2422 1422 2567 1474 aliud
2615 1426 2856 1480 ostendit
2898 1444 3064 1497 quam
3113 1436 3497 1491 excellentiam

1907 1507 2162 1562 humanae
2193 1521 2404 1563 natura?
2433 1515 2483 1565 in
2511 1514 2753 1568 honore?

1977 1683 2044 1736 Et
2086 1688 2438 1742 adoraeerunt
2485 1690 2671 1757 Deum,
2720 1695 2950 1750 dicentes
2980 1714 2999 1750 .·
3039 1700 3224 1754 Amen.
3260 1699 3498 1772 Spiritus

1905 1775 2281 1832 ministrantes
2337 1779 2479 1832 inter
2535 1783 2783 1837 homines
2836 1801 2941 1839 una
3001 1803 3125 1841 cum
3179 1792 3496 1849 senioribus

1901 1870 2301 1931 obaudierunt,
2335 1872 2529 1925 Amen.
2569 1875 2646 1927 Ad
2686 1879 3055 1944 septenariutn
3093 1893 3275 1936 autem
3305 1901 3496 1939 nume-

1901 1975 2023 2013 rum
2058 1963 2126 2014 ab
2154 1963 2287 2031 ipsis
2311 1979 2630 2032 processum
2657 1979 2739 2022 est
2774 1970 2826 2024 in
2864 1973 3115 2042 reiigiosa
3147 1979 3494 2035 veneratione

1899 2051 2068 2105 divini
2103 2053 2388 2118 Numinis.
2421 2074 2530 2112 non
2558 2060 2735 2115 solum
2772 2065 2915 2132 quod
2947 2066 3125 2122 atlinis
3166 2069 3236 2123 sit
3266 2071 3355 2125 hic
3389 2089 3492 2127 nu-

1901 2161 2104 2209 merus,
2127 2157 2184 2201 ut
2207 2147 2318 2216 jam
2338 2153 2748 2219 proposuimus,
2767 2158 2968 2209 saeculo
2987 2161 3238 2226 praesenti
3264 2180 3276 2214 :
3301 2178 3490 2218 verum

1897 2240 2061 2292 etiam
2109 2242 2280 2309 quod,
2308 2244 2773 2310 quemadmodum
2812 2248 2901 2303 hic
2948 2265 3216 2307 numerus
3255 2269 3362 2308 non
3414 2258 3492 2327 gi-

1895 2333 2081 2400 gnitur
2114 2348 2178 2386 ex
2224 2335 2333 2388 alio
2369 2352 2598 2392 numero
2642 2353 2830 2398 eorum
2880 2343 2972 2410 qui
3021 2344 3164 2399 intra
3200 2346 3486 2403 denarium

1895 2426 2272 2492 continentur,
2304 2430 2373 2481 ita
2409 2445 2585 2499 neque
2625 2429 2767 2485 Deus
2803 2436 2888 2488 cui
2929 2436 3042 2489 haec
3085 2440 3485 2507 acclamantur,

1894 2516 2115 2570 aliunde
2143 2520 2344 2588 accipit
2381 2522 2478 2575 has
2514 2525 2729 2580 divinas
2762 2528 3145 2583 excellentias.

1965 2607 2076 2670 VII,
2121 2610 2300 2665 15-17.
2361 2612 2425 2665 Et
2476 2619 2744 2684 respondit
2794 2636 2926 2672 unus
2974 2622 3038 2674 de
3089 2625 3382 2681 senioribus
3435 2637 3485 2683 et

1891 2697 2026 2752 dixit
2066 2701 2189 2752 mihi
2226 2718 2242 2753 :
2275 2702 2344 2754 lli
2369 2706 2459 2771 qui
2482 2707 2668 2760 amicti
2702 2718 2824 2762 sunt
2859 2712 3012 2765 stolis
3045 2715 3216 2782 albis,
3242 2735 3330 2788 qui
3361 2734 3484 2774 sunt

1889 2804 1937 2846 et
1963 2796 2100 2849 unde
2127 2800 2417 2852 venerunt?
2443 2799 2510 2853 Et
2537 2802 2651 2855 dixi
2684 2804 2766 2857 illi
2799 2822 2817 2859 .'
2855 2806 3076 2864 Domine
3109 2813 3201 2874 mi,
3230 2831 3285 2867 iu
3320 2818 3480 2872 nosti.

1891 2886 1960 2939 Et
1996 2890 2133 2941 dixit
2185 2891 2312 2943 mihi
2359 2908 2377 2945 :
2427 2892 2498 2946 lli
2543 2907 2664 2949 sunt
2707 2901 2798 2968 qui
2832 2904 3046 2957 veniunt
3093 2922 3159 2959 ea:
3199 2908 3483 2976 afﬂictione

1889 2997 2080 3051 ntagna
2114 2994 2162 3036 et
2210 2986 2449 3039 laverunt
2498 2989 2666 3043 stolas
2698 3009 2822 3046 suus
2847 3033 2860 3055 .
2891 3005 2939 3047 et
2971 2997 3346 3056 dealbat'erunt
3390 3020 3484 3071 per

1887 3078 2194 3145 sanguine»:
2241 3081 2377 3148 Agni
2413 3098 2429 3134 .'
2468 3083 2585 3135 ideo
2634 3097 2755 3138 sunt
2804 3100 2925 3142 ante
2971 3089 3220 3145 thronum
3274 3093 3401 3160 Dei,
3431 3107 3481 3150 et

1887 3169 2113 3222 serviunt
2149 3172 2196 3223 ei
2221 3174 2305 3224 die
2340 3189 2400 3225 ac
2427 3184 2577 3228 nocte
2609 3177 2660 3228 in
2695 3181 2888 3246 templo
2917 3181 3107 3249 ipsius,
3136 3195 3184 3237 et
3215 3189 3305 3254 qui
3335 3199 3478 3244 senet

1889 3276 2040 3326 super
2069 3263 2314 3314 thronum
2339 3263 2598 3318 habitabit
2630 3283 2787 3337 super
2810 3270 2951 3324 illos.
2988 3271 3107 3326 Non
3137 3278 3372 3330 esurient
3397 3297 3483 3332 ne-

1887 3369 1986 3422 que
2013 3356 2188 3407 sitient
2217 3356 2467 3425 amplius,
2504 3376 2664 3428 neque
2694 3363 2844 3415 cadet
2875 3381 3031 3433 super
3062 3367 3182 3420 illos
3208 3371 3287 3422 sol
3320 3388 3480 3440 neque

1889 3445 2029 3498 ullus
2052 3458 2208 3500 cestus
2244 3451 2531 3516 :quoniam
2556 3451 2734 3520 Agnus
2766 3456 2854 3520 qui
2883 3456 2934 3506 in
2971 3458 3140 3511 medio
3174 3460 3350 3513 throni
3376 3473 3477 3529 est,

1887 3549 2063 3604 pascet
2097 3539 2217 3592 illos
2242 3581 2255 3598 .
2287 3551 2333 3592 et
2363 3542 2578 3594 deducet
2614 3559 2701 3596 eos
2733 3546 2800 3596 ad
2834 3546 3004 3613 [ornes
3033 3564 3294 3616 aquarum
3333 3552 3474 3606 vita.

1891 3628 1958 3682 Et
1985 3631 2241 3700 absterget
2277 3630 2412 3686 Deus
2437 3650 2641 3687 omnem
2668 3635 2962 3706 lacrymam
2992 3641 3056 3691 ab
3085 3642 3252 3695 oculis
3270 3659 3473 3697 eorum.

196 3718 287 3776 ὅτι
321 3725 388 3776 τὸ
425 3726 653 3793 Ἀρνίον
696 3726 762 3778 τὸ
803 3725 1116 3794 ἁναμέσον
1144 3727 1252 3782 τοῦ
1298 3729 1520 3796 θρόνου
1551 3729 1833 3798 ποιμανεῖ
1882 3726 2106 3792 αὐτοὺς
2131 3767 2146 3791 ,
2190 3727 2286 3780 καί
2347 3727 2636 3798 ὁδηγήσει
2684 3733 2907 3800 αὐτοὺς
2954 3735 3052 3789 ἐπὶ
3094 3736 3242 3807 ζωῆς
3279 3743 3478 3812 πηγὰς

196 3818 453 3874 ὑδάτων.
491 3821 599 3873 Kal
637 3821 948 3890 ἐξαλείψει
993 3825 1026 3876 ό
1072 3823 1215 3888 Θεὸς
1249 3823 1372 3880 πᾶν
1417 3825 1682 3893 δάκρυον
1719 3827 1787 3878 ἐκ
1817 3822 1933 3877 τῶν
1961 3821 2526 3891 ὀρθαλμῶναὺτῶν.

266 3914 406 3974 Τοὺς
446 3914 725 3985 μάρτυράς
765 3931 937 3985 φησι,
991 3915 1086 3968 τοῦ
1123 3917 1361 3987 Χριστοῦ
1408 3919 1499 3970 τὸν
1551 3919 1783 3987 σταυρὸν

192 4007 546 4075 ἀραμένους,
597 4009 692 4059 καὶ
744 4007 836 4059 τὸν
887 4008 1055 4060 αὑτοῦ
1106 4009 1336 4064 θάνατον
1391 4012 1782 4080 μιμουμένους.

192 4098 369 4151 Ἰὀῦτο
401 4100 510 4170 γάρ
536 4101 652 4151 ἐστι
681 4099 764 4161 τὸ,
789 4097 1131 4164 "Erum-ar,
1162 4102 1261 4172 οὐχ
1294 4102 1522 4172 ἑτέρωθι
1549 4103 1581 4173 ἦ
1613 4103 1682 4155 ὲν
1707 4103 1786 4168 τῷ

189 4192 390 4260 αἵματι
425 4192 529 4245 τοῦ
561 4194 647 4260 ‘A;
667 4194 824 4246 νίου.

264 4283 374 4336 Kal
412 4285 805 4349 λατρεύουσιν
835 4286 994 4352 αὐτῷ
1032 4286 1254 4355 ήμέίας
1287 4288 1380 4341 καί
1419 4289 1657 4351 νυκτός.
1708 4288 1776 4340 Ἦ

189 4378 250 4429 τὸ
285 4376 658 4429 ἀδιάπαυστον
687 4377 880 4447 δηλοῦν
916 4378 1163 4447 βούλεται
1185 4419 1199 4440 .
1235 4379 1267 4449 ἢ
1308 4381 1369 4432 τὸ
1407 4379 1515 4431 τῶν
1549 4380 1651 4432 ὑπὸ
1680 4378 1773 4431 τοῦ

188 4469 327 4523 Θεοῦ
380 4470 770 4537 διοικουμένων
845 4473 1200 4526 ἁνενδύαστον
1248 4476 1349 4543 τῆς
1393 4473 1771 4544 εὐχαριστίας,
1799 4493 1853 4552 D

1881 4470 1965 4526 his
1997 4472 2089 4540 qui
2122 4490 2150 4526 a
2183 4474 2343 4544 717
2378 4475 2488 4530 Deo
2531 4479 2910 4546 gubernantur

185 4561 253 4614 ἄν
290 4576 350 4611 τε
397 4560 688 4629 πρόδηλοι,
717 4562 783 4614 ἄν
827 4579 886 4614 τε
919 4565 1060 4616 κατὰ
1108 4565 1168 4616 τὸ
1211 4563 1628 4635 ἀνεξερεύνητον
1675 4565 1773 4632 τῆς

188 4653 383 4722 σοφίας
417 4654 586 4707 αὑτοῦ
623 4654 787 4723 βάθος
814 4657 1210 4726 διεξαγὸμενοι.
1254 4657 1369 4721 Νὺξ
1394 4658 1503 4728 γὰρ
1532 4660 1648 4710 ὲ.κεί
1674 4658 1774 4709 οὐκ

187 4745 360 4804 ἔστιν.
407 4746 522 4799 ἀλλ’
559 4747 747 4817 ἡμέρα
790 4747 910 4817 μία,
951 4748 1028 4819 τῷ
1057 4751 1154 4819 τῆς
1199 4750 1547 4817 δικαιοσύνης
1607 4750 1774 4819 Ἡλίῳ

185 4839 804 4908 καταλαμπρυνομένων
832 4843 1108 4895 ἁπάντων.
1148 4843 1308 4905 Ἴσως
1350 4843 1406 4895 δὲ
1439 4844 1534 4908 νὺξ
1573 4845 1771 4895 νοεῖται

183 4932 250 4982 τὰ
293 4931 592 5000 ἀπόκρυφα
648 4933 742 4984 καὶ
784 4931 952 5001 βαθέα
1006 4934 1106 5002 τῆς
1159 4933 1412 5002 γνώσεως
1472 4937 1766 5005 μυστήρια,

183 5017 371 5085 ἡμέρα
402 5017 457 5068 δὲ
494 5020 561 5071 τὰ
612 5019 761 5089 σαφῆ
811 5037 867 5072 τε
918 5021 1012 5074 καὶ⁹
1056 5022 1325 5092 εὔληπτα.
1372 5025 1514 5084 Ναὸς
1567 5025 1622 5077 δὲ
1673 5026 1765 5078 τοῦ

183 5107 324 5159 Θεοῦ
356 5109 507 5159 πᾶσα
542 5110 641 5178 μὲν
674 5113 707 5180 ἡ
754 5113 1214 5183 ἁνακαινιζομένη
1247 5116 1336 5168 ὑπ’
1379 5115 1547 5168 αὑτοῦ
1595 5117 1769 5181 κτίσις

180 5201 270 5251 διὰ
303 5200 398 5252 τοῦ
428 5201 761 5271 Πνεύματος,
800 5206 1035 5274 μάλιστα
1064 5207 1118 5258 δὲ
1163 5209 1211 5259 οἱ
1235 5209 1326 5261 τὸν
1348 5210 1642 5282 ὰρῤαὸὦνα
1671 5210 1765 5263 τοῦ

184 5291 505 5358 Πνεύματος
536 5292 798 5346 ἄσϐεστον
845 5297 1275 5367 διατηρήσαντες
1297 5339 1310 5361 ,
1341 5297 1420 5363 οἷς
1463 5303 1767 5370 ἐνοικήσειν

181 5387 279 5437 καὶ
310 5387 785 5455 ἐμπεριπατήσειν
817 5389 1176 5458 ἐπήγγελται.

255 5479 342 5529 Οὐ
382 5477 782 5533 πεινάσουσιν
811 5481 917 5535 ἐτι.
987 5482 1071 5547 Ἐξ
1118 5484 1306 5552 ἐτέρου
1343 5484 1441 5553 μὲν
1482 5484 1588 5555 γὰρ
1631 5486 1767 5554 πρὸς

179 5571 373 5639 ἕτερον
405 5566 570 5640 ἦλθον
607 5574 913 5642 πειρασμὸν
945 5578 994 5627 οί
1032 5576 1176 5643 ἇγιοι
1205 5577 1531 5642 διιπαντὺς,
1563 5578 1761 5647 μᾶλλον

179 5664 234 5716 δὲ
268 5664 319 5715 οί
348 5665 405 5728 ἐξ
441 5664 610 5718 ἐθνῶν
641 5667 734 5720 ἐπὶ
767 5671 864 5739 τῆς
900 5670 1206 5738 παρουσίας
1235 5670 1331 5724 τοῦ
1374 5674 1764 5742 Ἀντιχρίστου.

179 5757 337 5809 Μετὰ
361 5757 415 5809 δὲ
442 5759 532 5810 τὴν
552 5759 792 5813 τοιοῦτον
816 5763 1002 5832 καιρὸν
1018 5763 1382 5827 ’ἀδιαλείπτως
1409 5766 1764 5836 κορεσϐἠσονο

175 5862 266 5898 ται
304 5846 410 5898 τῶν
454 5849 749 5921 ἀμυθήτων
778 5853 997 5920 ἀγαυῶν
1020 5897 1032 5920 ,
1081 5855 1242 5925 ἄρτον
1273 5855 1373 5925 μὲν
1410 5857 1624 5926 ἔχοντες
1671 5860 1760 5913 τὸν

1956 3915 2224 3981 Martyres
2271 3916 2362 3971 Dei
2391 3918 2524 3972 dicit
2558 3919 2648 3988 qui
2680 3935 2898 3975 crucem
2939 3924 3143 3980 Christi
3191 3927 3430 3984 tulerunt
3454 3947 3471 3972 ν

1882 4020 1936 4063 et
1974 4021 2203 4064 mortem
2234 4011 2408 4080 ipsius
2453 4013 2649 4067 imitati
2690 4025 2836 4070 sunt.
2874 4015 3009 4072 Nam
3058 4020 3160 4074 hoc
3202 4032 3289 4078 est
3326 4026 3470 4094 quod

1884 4101 2123 4156 laverunt
2174 4106 2336 4159 stolas
2389 4123 2546 4171 suas,
2578 4124 2685 4162 non
2741 4110 2868 4164 alibi
2914 4129 3078 4180 quam
3122 4115 3175 4168 in
3215 4119 3473 4185 sanguine

1887 4197 2044 4265 Agui.

1959 4286 2024 4340 Et
2047 4289 2275 4342 serviunt
2305 4292 2352 4344 ei
2375 4292 2460 4346 die
2488 4310 2549 4346 ac
2577 4305 2743 4351 nocte.
2778 4294 3263 4355 lncesmbilitatem
3295 4303 3469 4374 signi-

1881 4380 2047 4434 ﬁcare
2097 4381 2210 4435 vult
2243 4392 2337 4437 aut
2369 4385 2756 4441 certitudinem
2794 4389 3092 4457 gratiarum
3128 4394 3361 4450 actionis
3410 4398 3465 4451 in

2961 4499 2974 4536 :
3019 4483 3135 4539 sive
3177 4487 3467 4545 manifeste

1879 4563 1980 4618 hoc
2031 4564 2142 4627 fiat,
2195 4567 2310 4621 sive
2361 4567 2514 4635 juxta
2569 4571 2983 4628 inscrutabilem
3033 4591 3148 4632 sua;
3183 4580 3465 4648 sapientiae

1875 4655 2302 4725 profunditatem
2351 4662 2659 4727 dirigantur
2696 4683 2708 4718 :
2755 4682 2860 4720 non
2904 4677 2990 4722 est
3033 4671 3179 4723 enim
3214 4671 3284 4725 ibi
3332 4689 3459 4741 nox,

1875 4750 1968 4804 sed
2007 4751 2125 4806 dies
2155 4769 2262 4806 una
2287 4793 2301 4817 ,
2339 4769 2465 4808 cum
2498 4771 2690 4811 omnes
2745 4774 2773 4812 a
2811 4759 2938 4814 Sole
2979 4762 3210 4831 justitite
3258 4765 3462 4822 illumi-

1874 4851 2093 4898 nentur.
2129 4843 2403 4902 Fortassis
2452 4858 2635 4903 autem
2680 4866 2777 4920 per
2826 4866 3038 4909 noctem
3085 4858 3460 4930 intelliguntur

1872 4937 2083 4990 occulta
2111 4952 2176 4992 ac
2215 4937 2484 5005 profunda
2527 4942 2805 5010 sapientia:
2843 4949 3124 5016 mysteria,
3163 4966 3258 5017 per
3312 4952 3456 5006 diem
3538 4968 3541 4971 ‘

1873 5041 2002 5080 vero
2046 5025 2333 5100 manifesta
2375 5029 2644 5099 facileque
2697 5039 3239 5105 comprehensibilia.
3286 5041 3460 5098 Porro

1872 5118 1965 5172 Dei
2007 5118 2263 5185 templum
2295 5130 2376 5174 est
2405 5125 2589 5178 omnis
2619 5136 2871 5182 creatura
2901 5146 3022 5199 qua:
3053 5133 3121 5185 al)
3157 5135 3275 5201 ipso
3298 5152 3430 5190 reno

1871 5223 2150 5278 vatur-per
2181 5210 2442 5278 Spiritum
2476 5231 2490 5268 :
2527 5218 2764 5272 niaxime
2805 5236 2932 5273 vero
2962 5223 3053 5290 qui
3086 5226 3454 5280 al'l'llahtillt'lll

1873 5302 2136 5370 Spiritum
2171 5315 2560 5372 servaverunt,
2597 5309 2648 5362 in
2692 5310 2892 5379 quibus
2925 5327 2983 5367 se
3018 5313 3454 5373 inbabitaturum

1869 5402 1924 5447 et
1953 5393 2417 5450 inanibulaturum
2457 5399 2732 5466 pollicitus
2759 5412 2863 5456 est.

1941 5489 2062 5544 Non
2125 5492 2378 5547 esuriem.
2442 5495 2668 5564 Semper
2723 5500 2942 5568 quidem
2995 5504 3168 5556 sancti
3229 5520 3293 5558 ex
3351 5507 3453 5560 alia

1873 5582 2168 5637 afﬂictione
2196 5599 2590 5654 processerunt
2617 5591 2682 5644 ad
2726 5592 2909 5658 aliam,
2944 5596 3117 5663 magis
3150 5607 3328 5651 tamen
3358 5599 3453 5668 qui

1869 5693 1933 5731 ex
1973 5678 2226 5746 gentibus
2278 5679 2498 5735 fuerunt
2537 5685 2589 5735 in
2628 5686 2862 5738 adventu
2910 5687 3230 5744 Antichristi
3266 5707 3278 5742 :
3331 5705 3455 5760 post

1868 5771 1996 5824 illud
2032 5780 2211 5824 autem
2250 5781 2469 5843 tempus
2499 5777 2615 5828 sine
2664 5778 3075 5834 intermissione
3107 5782 3455 5838 satiabuntur

1868 5862 2327 5920 inenarrabililius
2357 5867 2512 5922 bonis
2546 5885 2557 5920 :
2586 5884 2777 5937 panem
2806 5869 3024 5939 quidem
3055 5872 3315 5929 habentes
3345 5891 3455 5931 cce-
