4256 6440
202 404 311 467 617

1279 398 1669 460 COMMENT.
1719 396 1798 455 1N
1837 397 2367 458 APOCALYPSIN.

3283 375 3285 377 ’
3352 397 3456 460 618

199 533 352 569 οεσιν
377 516 663 585 ἁγριαῖνον
700 513 1023 586 παραδηλοῖ.
1059 511 1133 565 Τδ
1169 511 1226 564 δὲ
1254 513 1436 582 τρίτον
1459 511 1556 579 τῆς
1585 509 1784 564 θαλάσ-
1813 518 1858 574 Α

1771 540 1784 553 -
1813 518 1858 574 Α
1891 509 2002 564 rios
2035 525 2198 564 casus
2224 509 2360 562 mari
2397 509 2629 564 ferocior
2660 506 2911 562 ellicitur.
2941 506 3210 561 (laterum
3245 511 3452 562 tertiam

200 624 327 674 σης,
366 600 506 675 αἷμα
540 606 819 672 γενέσθαι,
850 606 959 658 τῶν
992 605 1082 658 διὰ
1113 603 1416 674 μαρτυρίου
1447 601 1781 666 τελειώσεως

199 697 634 766 ἐρυθρωεάντων
690 699 790 767 τὴν
851 697 1131 768 περίγειον
1195 699 1393 751 κτίσιν.
1460 696 1613 749 Ἐπεὶ
1655 695 1712 750 δὲ
1756 698 1784 748 ὁ

199 787 331 858 τρία
363 789 595 857 ἀριθμὸς
621 790 766 860 ἀρχὴ
795 789 1037 858 πλήθους
1091 791 1238 842 ἐστιν
1262 789 1338 850 ὡς
1386 789 1420 858 ἡ
1448 787 1784 860 ἀριθμητικὴ

204 879 456 941 βούλεται
497 879 744 949 μέθοδος,
773 881 836 932 τὸ
881 879 1047 934 πλέον
1079 881 1188 932 τῶν
1214 878 1602 949 ἀπολλυμένων
1630 878 1691 932 οὑ
1724 879 1786 930 τὸ

203 971 337 1032 πᾶν,
375 970 448 1032 ῶς
479 972 572 1024 καὶ
603 973 708 1039 np?)
740 971 936 1040 μικροῦ
969 971 1344 1043 παρεθέμεθα,
1366 971 1456 1024 διὰ
1477 974 1572 1023 τοῦ
1601 971 1785 1042 τρίτου

203 1061 500 1132 εδήλωσεν.

284 1244 392 1298 Kal
411 1244 473 1296 τὸ
505 1244 707 1311 τρίτον
735 1242 856 1296 τῶν
887 1245 1118 1298 πλοίων
1159 1241 1468 1311 διεφθάρη.
1491 1242 1661 1296 Πλοῖα
1688 1239 1786 1302 τὰς

204 1339 315 1390 τῶν
343 1337 516 1405 ἁγίων
548 1337 725 1406 ψυχὰς
779 1337 1056 1407 τροπικῶς
1088 1327 1346 1405 ὀνομάζει
1379 1350 1394 1366 ·
1417 1334 1453 1388 ἂ
1478 1334 1575 1386 καὶ
1622 1350 1791 1385 κατα-

206 1432 396 1494 παίζει
431 1430 558 1492 τοὺς
581 1431 640 1482 ἐν
666 1432 733 1500 τῇ
761 1429 1005 1498 θαλάσσῃ
1041 1429 1364 1496 δράκοντας,
1381 1427 1456 1488 ῶς
1481 1427 1539 1477 ἑν
1561 1424 1638 1494 τῷ
1661 1426 1790 1477 ἑκα-

203 1523 381 1592 τοστῷ
410 1523 576 1592 τρίτῳ
603 1521 800 1592 ψαλμῷ
847 1520 1227 1592 ἀλληγορικῶς
1269 1519 1630 1588 τεθεώρηται.
1673 1518 1791 1570 Ἐν-

205 1612 385 1666 ταῦθα
419 1614 474 1665 δὲ
528 1615 763 1683 μάλιστα
819 1613 994 1675 οὕτως
1053 1611 1368 1681 ἐκδέχεσθαι
1412 1610 1492 1661 δεῖ
1547 1608 1792 1679 σύμϐολα

208 1706 562 1774 πράγματος,
589 1704 688 1755 οὐκ
743 1704 1028 1773 ἐνέργειαν
1075 1704 1175 1772 τῆς
1231 1699 1604 1772 προκειμένης
1659 1701 1795 1752 ἁπο-

211 1796 503 1866 καλύψεως
547 1796 926 1866 παριστῶσης.
963 1797 1116 1848 Ἐπεὶ
1151 1795 1246 1848 οὖν
1272 1795 1368 1846 καὶ
1405 1794 1513 1847 ἀπὸ
1545 1792 1654 1845 τῶν
1697 1792 1797 1860 τῆς

1886 602 2055 654 maris
2083 609 2288 668 partem
2321 601 2434 654 lieri
2454 601 2774 671 sanguinem
2800 600 2980 653 innuit
3009 609 3279 653 terrenam
3303 617 3457 654 erea-

1887 699 2065 745 turam
2099 691 2407 760 expletioue
2436 691 2680 762 martyrii
2725 691 3013 745 rubricari.
3064 690 3331 756 Quoniam
3359 706 3459 745 au-

1888 793 1994 837 tem
2044 799 2308 838 numerus
2359 785 2630 838 ternarias
2665 785 2880 838 initiutn
2929 795 3014 837 est
3070 783 3461 849 multitudinis,

1890 876 2050 930 veluti
2079 876 2240 930 tradit
2269 875 2612 931 arithmetica
2638 877 2947 948 disciplina,
2980 892 3076 945 per
3102 877 3314 931 tertiam
3335 892 3460 946 par-

1891 979 1996 1021 tem
2029 969 2356 1038 signiﬁcavit
2406 970 2703 1022 maximum
2761 985 2882 1023 esse
2916 984 3202 1024 numerum
3268 984 3459 1024 eorum

1889 1061 1979 1128 qui
2005 1069 2254 1128 pereunt,
2289 1075 2397 1112 non
2435 1069 2614 1113 tamen
2649 1061 2959 1124 universos,
2993 1062 3458 1130 quemadmodum

1893 1155 2055 1220 paulo
2094 1163 2220 1207 ante
2245 1153 2654 1222 proposuimus.

1964 1242 2030 1296 Et
2062 1245 2218 1296 tertia
2243 1261 2364 1312 pars
2389 1245 2716 1313 navigiorum
2744 1244 2964 1296 interiit.
2993 1243 3313 1298 Sanctorum
3344 1246 3464 1298 ani-

1895 1351 2011 1389 mus
2035 1337 2241 1403 tropice
2269 1336 2475 1403 navigia
2497 1337 2752 1405 appellat,
2780 1352 2900 1404 quae
2921 1337 3086 1388 etiam
3116 1339 3381 1391 dracones
3410 1339 3462 1391 in

1895 1427 2032 1480 tnari
2069 1425 2232 1495 722
2264 1439 2542 1481 versantes
2579 1427 2835 1490 illuduttt,
2867 1427 3030 1480 veluti
3081 1429 3288 1496 psalmo
3341 1443 3469 1482 cen-

1897 1516 2092 1570 tesimo
2122 1518 2278 1569 tertio
2309 1517 2599 1584 allegorice
2659 1518 2818 1570 datur
2868 1517 3089 1571 intueri.
3120 1514 3232 1571 Hoc
3286 1526 3469 1572 autem

1896 1610 2018 1664 loco
2055 1609 2127 1662 ita
2155 1611 2501 1678 potissimum
2530 1610 2807 1678 suscipere
2829 1619 3042 1679 Oportet
3067 1610 3221 1679 signa
3260 1626 3468 1676 rerum,

1895 1711 1950 1756 et
1979 1717 2082 1755 non
2104 1704 2353 1757 ell'ectum
2373 1704 2553 1772 ipsum
2609 1703 2860 1772 praisenti
2902 1703 3238 1758 revelatione
3299 1707 3470 1758 addu-

1899 1805 2068 1849 ctum.
2101 1793 2368 1860 Quoniam
2395 1796 2561 1865 igitur
2591 1796 2886 1849 verisimile
2943 1805 3059 1849 erat
3087 1799 3352 1865 quosdam
3390 1811 3476 1851 se-

213 1891 494 1958 σωτηρίας
537 1887 853 1958 δεξαμένων
891 1886 1231 1958 πλανηθῆναί
1260 1902 1411 1948 τινας
1444 1884 1610 1948 εἰκὸς,
1645 1881 1797 1952 φόϐῳ
1825 1866 1871 1924 Β

1789 1901 1797 1931 ι
1825 1866 1871 1924 Β
1899 1887 2020 1940 duci
2045 1903 2110 1941 ex
2137 1889 2222 1942 his
2252 1890 2344 1958 qui
2371 1889 2435 1943 ad
2460 1890 2690 1943 salutem
2711 1890 2977 1957 assumpti
2996 1896 3142 1952 sunt,
3176 1903 3273 1957 per
3308 1888 3470 1944 timo-

209 1979 308 2031 τοῦ
330 1981 408 2050 μὴ
422 1979 582 2032 τοῦτο
608 1981 802 2033 παθεῖν
825 1980 1015 2050 ἄρδην,
1036 1982 1101 2049 τῇ
1126 1978 1221 2031 τοῦ
1255 1979 1438 2048 τρίτου
1460 1975 1797 2045 προαγγελίᾳ

209 2072 314 2142 τὴν
339 2073 748 2126 παντοπάθειαν
782 2072 1143 2142 ἠσφαλίσατο.

803 2207 1052 2259 ΚΕΦΑΛ.
1082 2208 1204 2258 KA'.

223 2345 294 2397 '0
321 2344 518 2412 τρίτος
557 2329 815 2413 ἅγγελος
858 2345 963 2428 τά,
990 2341 1110 2396 τῶν
1161 2345 1442 2412 ποταμῶν
1501 2341 1794 2409 πικραίνει

889 2415 1105 2467 ὕδατα.

289 2548 398 2601 Kal
421 2548 455 2601 ὁ
483 2547 676 2616 τρίτος
704 2544 958 2616 ἅγγελος
983 2545 1303 2611 ἐσάλπισε,
1332 2545 1430 2598 καὶ
1471 2544 1692 2598 ἔπεσεν
1727 2544 1794 2597 ἐκ

213 2638 327 2692 τοῦ
356 2635 615 2705 οὐρανοῦ
638 2635 835 2703 ἀστὴρ
865 2635 1047 2706 μέγας
1081 2639 1396 2703 καιόμενος
1418 2634 1497 2699 ὠς
1512 2632 1755 2702 λαμπάς
1778 2649 1793 2663 °

216 2730 321 2784 καὶ
367 2730 586 2783 ἔπεσεν
641 2729 740 2781 ἐπὶ
801 2731 870 2781 τὸ
928 2730 1130 2795 τρίτον
1179 2725 1298 2781 τῶν
1341 2727 1650 2796 ποταμῶν,
1697 2729 1794 2782 καὶ

211 2824 318 2876 ἐπὶ
357 2824 463 2889 τὰς
507 2820 702 2892 πηγὰς
749 2819 869 2874 τῶν
901 2820 1155 2874 ὑδάτων.
1177 2820 1286 2874 Kal
1335 2820 1398 2872 τὸ
1451 2820 1639 2889 ὄνομα
1689 2821 1796 2874 τοῦ

213 2914 478 2982 ἀστέρος
531 2913 768 2982 λέγεται
832 2916 865 2967 d
914 2912 1193 2979 ἅψινθος.
1255 2912 1365 2965 Καὶ
1413 2911 1652 2980 ἐγένετο
1729 2913 1796 2964 τὸ

217 3008 427 3075 τρίτον
453 3005 570 3059 τῶν
597 3005 831 3059 ὑδάτων
868 3006 953 3069 είς
982 3004 1285 3071 άψίνθιον,
1306 3003 1403 3056 καὶ
1433 3003 1653 3056 πολλοὶ
1681 3002 1801 3056 τῶν

215 3097 549 3166 ανθρώπων
602 3098 908 3152 ἀπέθανον
963 3096 1032 3149 ἐκ
1085 3096 1204 3148 τῶν
1245 3095 1503 3162 ὑδάτων,
1531 3095 1621 3148 ὅτι
1674 3096 1799 3148 ἑπι-

216 3193 356 3261 κράι
369 3198 596 3258 θησαν.

299 3283 379 3353 Τῇ
412 3283 662 3335 σαλπίσει
688 3281 780 3334 τοῦ
817 3281 1011 3350 ,τρίτου
1040 3280 1274 3348 ἀγγέλου
1303 3280 1390 3332 τὸν
1423 3281 1630 3351 ἀστέρα·
1662 3284 1796 3352 φησὶ
1838 3265 1875 3282 υ

217 3377 414 3428 πεσεῖν
445 3374 534 3426 τὸν
565 3374 739 3443 μέγαν
769 3373 844 3434 ὼς
873 3371 1135 3440 λαμπάδα
1191 3372 1501 3441 καιόμενον,
1529 3373 1718 3425 τοῦτον
1743 3376 1799 3426 δὲ

220 3471 434 3520 εκεῖνον
474 3463 614 3518 εἶναι
654 3467 744 3518 τὸν
785 3465 1032 3518 διάβολον
1086 3463 1384 3534 ἡγούμεθα.
1424 3467 1708 3537 Ποταμοὺς
1745 3468 1801 3520 δὲ

219 3563 294 3615 τά
359 3562 486 3632 ἔθνη
532 3559 806 3630 τροπικῶς
849 3559 1142 3628 ὀνομάζει·
1206 3560 1386 3629 πηγὰς
1435 3561 1637 3624 δὲ,τὰς
1686 3562 1804 3614 τού·

220 3670 336 3705 των
368 3653 602 3723 φατρίας
635 3668 647 3680 ·
679 3654 713 3721 η
744 3651 947 3713 πτῶσις
987 3651 1042 3702 δὲ
1073 3651 1264 3702 τούτου
1293 3652 1390 3722 τὴν
1437 3653 1530 3704 ἐπὶ
1556 3657 1669 3717 τοῖς
1713 3656 1803 3708 ὑπ’

223 3746 398 3799 αὑτοῦ
436 3745 865 3813 πλανησομένοις
901 3743 1205 3813 παραδηλοῖ
1235 3743 1524 3812 ἐπιφορὰν,
1563 3745 1684 3814 μεθ’
1729 3741 1804 3800 ὧν

223 3839 306 3907 τῷ
332 3837 555 3906 γεέννης
579 3836 912 3905 παραδοθείη
943 3836 1074 3906 πυρὶ
1112 3837 1188 3898 εἰς
1224 3836 1418 3890 καῦσιν
1444 3838 1662 3891 αἰώνιον
1709 3842 1803 3894 καὶ

226 3929 610 3998 ἀτελεύτητον.

303 4021 409 4074 Kal
437 4020 503 4073 τὸ
537 4019 723 4088 ὄνομα
754 4018 860 4071 τοῦ
893 4019 1149 4086 ἀστέρος
1184 4018 1418 4088 λέγεται
1452 4023 1483 4073 ό
1525 4021 1803 4089 ἆψινθος.

229 4113 437 4184 Πικρὸν
465 4114 560 4183 μὲν
589 4113 650 4164 τὸ
678 4111 924 4181 ἁψίνθιον
955 4113 987 4181 ἡ
1023 4113 1242 4182 βοτάνη.
1292 4113 1596 4178 Ὀξυωπίαν
1619 4115 1673 4167 δὲ
1709 4119 1803 4169 αὑ-

223 4208 328 4276 τὴν
352 4205 612 4275 παρέχειν
633 4208 742 4266 τοῖς
770 4204 1040 4257 ἐσθίουσιν
1071 4205 1274 4273 ἰατρῶν
1307 4206 1492 4270 παῖδες
1524 4208 1805 4262 διδάσκου-

227 4317 338 4352 σιν.
379 4298 804 4360 Ἐπιτευκτικῶς
848 4294 939 4350 οὖν
972 4299 1064 4350 καὶ
1092 4297 1182 4349 τὸν
1220 4298 1558 4369 παντολμίαν
1600 4303 1804 4373 ἀστέρα

224 4395 372 4458 ἄγαν
414 4391 662 4460 ἁψίνθιον
697 4391 943 4444 ἐκάλεσε.
986 4391 1216 4459 Πικρίαν
1244 4392 1352 4462 γὰρ
1381 4393 1446 4446 δι’
1487 4393 1678 4466 ἡδονῆς
1709 4397 1806 4448 πο-

226 4483 396 4544 τίζων
426 4481 548 4543 τοὺς
595 4479 915 4549 ἀνθρώπους
941 4481 1036 4534 καὶ
1075 4483 1386 4552 ἀνατροπὴν
1427 4482 1678 4553 θολερὰν,
1711 4489 1806 4539 καὶ

1899 1995 2011 2033 rem
2053 1996 2120 2035 ne
2151 1997 2379 2050 prorsus
2408 1984 2512 2036 hoc
2539 1983 2832 2051 patiantur,
2859 1983 3194 2052 tertiiangeli
3224 1999 3472 2052 praenun-

1901 2072 2126 2125 tiatione
2147 2076 2215 2125 ab
2235 2073 2550 2128 ontnimoda
2581 2074 2869 2130 alllictioue
2891 2076 3260 2146 prtemunivit.

2420 2207 2650 2264 CAPUT
2681 2208 2872 2264 XXIV.

1906 2334 2112 2391 Tertius
2142 2340 2359 2409 angelus
2391 2357 2557 2410 aquas
2587 2340 2870 2409 ﬂuminum
2900 2346 3070 2398 reddit
3099 2362 3334 2402 amaras.

1973 2534 2217 2603 Vlll,10,
2244 2539 2331 2592 Η.
2370 2537 2437 2591 Et
2467 2541 2651 2594 tertius
2687 2543 2904 2612 angelus
2963 2543 3089 2598 tuba
3138 2547 3323 2600 cecinit
3374 2565 3393 2603 :
3429 2562 3476 2605 et

1900 2630 2086 2682 cecidit
2108 2629 2172 2684 de
2196 2630 2322 2684 cwlo
2345 2632 2497 2686 stella
2530 2650 2723 2703 magna
2752 2636 2943 2689 ardens
2974 2648 3224 2708 tanquam
3254 2640 3433 2709 facula
3459 2659 3477 2697 :

1899 2734 1946 2775 et
1980 2724 2167 2776 cecidit
2222 2725 2276 2776 in
2307 2730 2517 2777 tertiam
2570 2735 2770 2794 partem
2814 2728 3095 2796 ﬂuminum
3137 2731 3268 2785 etin
3310 2734 3477 2802 fontes

1900 2827 2180 2881 aquarum.
2234 2810 2303 2865 Et
2337 2829 2525 2868 nomen
2546 2815 2714 2870 stellte
2770 2817 2970 2870 dicitur
3031 2820 3373 2876 absinthium.
3411 2823 3479 2877 Et

1903 2918 2049 2956 rersa
2075 2913 2150 2957 est
2183 2905 2341 2959 tertia
2370 2921 2494 2973 pars
2512 2921 2775 2975 aquarum
2796 2907 2854 2960 in
2875 2908 3225 2976 absinthium,
3252 2922 3302 2965 et
3325 2914 3481 2968 multi

1904 2993 2175 3047 hominum
2212 3001 2412 3049 mortui
2444 3007 2565 3050 sunt
2589 3015 2651 3051 ea;
2682 2999 2855 3067 aquis,
2906 3001 3032 3069 quia
3063 3017 3263 3058 amaris
3323 3004 3482 3073 facta

1905 3098 2078 3140 erant.

1984 3275 2150 3331 Tertii
2183 3276 2358 3347 angeli
2391 3277 2774 3332 buccinatione
2821 3280 3034 3334 Slt'llall'l
3091 3284 3357 3341 cecidisse
3411 3288 3486 3344 ait

1911 3385 2161 3438 magnam
2197 3379 2457 3440 tanquam
2491 3371 2724 3425 faculam
2760 3374 3038 3428 ardentem
3078 3393 3092 3430 :
3126 3376 3268 3430 hanc
3303 3389 3483 3436 autem

1912 3462 2089 3530 ipsum
2143 3477 2266 3516 esse
2304 3463 2579 3517 diabolmn
2621 3463 2975 3520 arbitramur.
3017 3465 3268 3524 Flumina
3324 3486 3453 3526 vero

1913 3555 2122 3623 tropice
2171 3554 2410 3625 appellat
2449 3565 2681 3624 gentes:
2748 3557 2924 3614 fontes
2986 3571 3188 3627 autem,
3241 3564 3481 3633 ipsarum

1912 3647 2169 3702 familias.
2214 3649 2384 3702 Porro
2433 3648 2592 3716 hujus
2631 3664 2795 3704 casus
2849 3652 3107 3722 impetum
3172 3657 3486 3713 mauitestat

1911 3740 2175 3794 adversus
2207 3755 2303 3795 eos
2325 3741 2417 3813 qui
2448 3742 2518 3795 ab
2550 3742 2644 3795 illo
2677 3742 2973 3798 seducendi
3009 3753 3160 3810 sunt,
3201 3762 3325 3801 cum
3357 3749 3484 3819 qui-

1913 3833 2015 3887 bus
2048 3833 2101 3886 in
2139 3833 2317 3901 ignem
2344 3837 2602 3904 gehennae
2635 3835 2898 3900 tradatur,
2953 3837 3022 3890 ad
3080 3853 3368 3908 perennem
3431 3853 3485 3896 et

1913 3941 2190 3994 nunquam
2209 3927 2496 3980 liniendam
2524 3927 2886 3982 exustionem.

1987 4016 2056 4070 Et
2089 4034 2275 4072 nomen
2298 4019 2460 4072 stella
2504 4019 2704 4072 dicitur
2762 4019 3107 4074 absinthium.
3137 4023 3486 4078 Absinthittm

1913 4110 2078 4164 hctba
2119 4128 2302 4166 amara
2325 4121 2408 4166 est
2445 4126 2460 4164 :
2493 4127 2655 4181 porro
2700 4113 2988 4169 edentibus
3039 4116 3218 4171 visum
3284 4133 3482 4172 acuere

1916 4202 2138 4256 traduttt
2171 4203 2386 4257 medici.
2423 4203 2818 4257 Couvenieuter
2871 4205 3037 4274 igitur
3095 4206 3306 4264 Stellam
3361 4223 3486 4277 qua:

1915 4311 2132 4350 omnem
2183 4296 2400 4350 adducit
2436 4297 2795 4365 perditionem
2855 4299 3067 4352 vocavit
3103 4300 3434 4354 absinthium
3466 4316 3482 4355 :

1917 4405 2044 4443 nam
2073 4405 2165 4458 per
2188 4390 2518 4458 voluptatem
2543 4390 2636 4444 dat
2664 4391 2979 4445 hominibus
3015 4393 3308 4461 potandam
3334 4408 3486 4448 ama-

1917 4480 2205 4534 ritudinem
2240 4496 2306 4533 ac
2332 4480 2578 4534 dolosam
2602 4481 3017 4536 subversionem
3055 4499 3068 4535 :
3102 4491 3156 4536 et
3177 4483 3248 4536 ob
3269 4484 3319 4537 id
3347 4500 3482 4556 pne-

223 4577 316 4628 ὃιά
370 4574 528 4627 τοῦτο
569 4575 1038 4646 συγχωρούμενος,
1068 4577 1167 4639 τὰς
1197 4580 1573 4648 τιμωρητικάς
1623 4582 1806 4645 αὐτοῖς
1836 4588 1886 4645 D

1798 4588 1886 4645 :D
1917 4570 2150 4624 mittitur
2186 4571 2276 4623 hic
2325 4584 2514 4625 severa
2577 4568 2784 4640 ﬂagella
2827 4571 2879 4624 in
2933 4587 3031 4627 eos
3088 4571 3345 4628 inducere
3380 4593 3392 4629 :
3426 4590 3479 4630 ut

229 4669 430 4735 ἐπάγει
465 4667 698 4721 ἐνταῦθα
753 4669 1045 4738 μάστιγας,
1073 4669 1147 4732 ὼς
1175 4670 1239 4722 ἂν
1267 4671 1317 4721 οἱ
1361 4669 1651 4741 δυνάμενοι
1690 4675 1806 4728 δια-

231 4761 452 4829 βλέψαι,
507 4759 574 4810 δι’
634 4760 909 4828 ὑπομονῆς
960 4761 1054 4811 καὶ
1103 4761 1396 4831 καρτερίας
1453 4767 1808 4835 χαριστήριον

229 4853 550 4923 ἀναφέρωσι
595 4851 671 4921 τῷ
707 4853 1093 4921 συμφερόντως
1129 4857 1250 4914 ταῖς
1308 4854 1517 4923 θλίψεσι
1549 4873 1808 4926 παραχω-

231 4945 422 5016 ροῦντι
443 4942 850 5012 δοκιμάζεσθαι.
886 4944 948 4994 Ol
984 4942 1157 5005 οὕτως
1182 4941 1274 4995 οὖν
1303 4943 1570 5011 ὀξυωπείν
1594 4948 1808 5016 ἔχοντες

228 5041 298 5106 τῇ
338 5035 525 5103 ἀδοξία
558 5033 668 5085 τῶν
699 5032 953 5101 θλίψεων,
993 5033 1080 5086 διὰ
1111 5031 1328 5098 ἀδοξίας
1373 5036 1470 5088 καὶ
1498 5037 1810 5107 δυσφημίας

231 5133 298 5180 ἐκ
331 5127 442 5178 τῶν
467 5125 764 5178 δοκούντων
795 5125 1084 5194 ζημιωδῶν
1127 5126 1325 5196 μᾶλλον
1371 5129 1679 5199 ἐκέρδαινον
1730 5133 1811 5184 δό-

229 5221 332 5285 ξαν
356 5219 452 5270 καὶ
483 5216 780 5284 εὐφημίαν,
810 5217 904 5268 καὶ
935 5216 1027 5268 ἐπὶ
1055 5217 1230 5286 τούτῳ
1273 5217 1372 5286 τὴν
1403 5221 1621 5271 αἰώνιον
1658 5219 1809 5290 βασι-

228 5313 407 5373 λείαν,
431 5308 497 5360 δι’
542 5308 609 5378 ῆν
657 5308 747 5360 καὶ
774 5307 877 5360 ὑπὸ
904 5307 998 5361 τοῦ
1028 5309 1363 5375 ἀγωνοθέτου
1417 5311 1811 5383 δοκιμασθῆναι

230 5401 738 5470 παρεχωρήθησαν.

307 5493 420 5549 Kal
441 5491 677 5561 ἐγένετο
708 5493 769 5545 τὸ
792 5497 992 5560 τρίτον
1009 5491 1127 5545 τῶν
1145 5493 1381 5547 ὑδάτων
1396 5497 1482 5560 εἰς
1508 5497 1812 5564 άψίνθιον.

231 5586 346 5641 Τυῦ
380 5584 677 5656 πειραστοῦ
707 5586 806 5654 τῆς
851 5585 1146 5649 διαθέσεως
1189 5588 1595 5655 μεταλαμὸάνει
1627 5591 1721 5642 καὶ
1751 5590 1819 5644 τὰ

236 5678 719 5752 περιστατούμενά
741 5695 798 5732 τε
841 5680 935 5730 καὶ
965 5678 1356 5750 πειραζόμενα.
1395 5681 1815 5751 Μεταλαμϐάνει

229 5774 318 5838 ἑὲ,
347 5771 409 5823 οὐ
443 5769 585 5823 κατὰ
612 5771 674 5823 τὸ
701 5770 1030 5840 πικραίνειν,
1063 5771 1200 5824 ἀλλά
1217 5771 1310 5824 τοῦ
1341 5773 1428 5826 διὰ
1458 5775 1554 5842 τῆς
1591 5776 1815 5844 πικρίας

227 5866 299 5934 τὸ
333 5863 562 5918 ὀπτικον
599 5861 896 5933 ρωννύντος
928 5864 1139 5926 ἑαυτοῖς
1185 5867 1490 5936 σωτηρίως.
1528 5862 1658 5919 Εἶτα
1701 5869 1822 5921 ἑπι-

489 5957 761 6017 ΡΛτιιοι..
794 5957 911 6016 (in.
947 5954 1102 6017 CVI.

1915 4663 2007 4732 qui
2035 4663 2342 4732 perspicere
2384 4673 2633 4733 possunt,
2668 4679 2760 4733 per
2791 4664 3108 4732 patientiam
3150 4681 3214 4719 ac
3251 4667 3484 4722 toleran-

1915 4757 2042 4826 tjam
2083 4758 2286 4826 gratias
2315 4756 2392 4810 illi
2418 4766 2581 4826 agant
2634 4755 2729 4825 qui
2786 4757 2853 4809 ad
2895 4756 3136 4825 ipsorum
3195 4759 3481 4813 utilitatem

1914 4847 2163 4918 permisit
2182 4858 2240 4902 ut
2259 4847 2645 4902 amictionibus
2675 4848 3054 4917 probarentur.
3079 4851 3370 4920 ltaquequi
3390 4867 3486 4921 per

1914 4938 2265 4995 aﬂlictionum
2294 4940 2646 5009 ignominiam
2674 4941 2810 4994 adeo
2826 4951 2984 4995 acute
3015 4941 3198 4996 ridere
3229 4957 3483 5012 possunt,

1915 5035 1968 5088 hi
2001 5049 2094 5104 per
2131 5043 2502 5104 contemptum
2537 5044 2591 5087 et
2628 5033 2909 5087 infamiam
2942 5035 3086 5089 umle
3113 5036 3374 5090 damnutn
3398 5052 3484 5090 re-

1916 5124 2062 5180 ferre
2089 5124 2431 5189 videbantur,
2451 5124 2611 5194 723
2647 5124 2820 5194 magis
2851 5125 3230 5181 lucrileceruut
3257 5126 3485 5193 gloriam

1916 5225 1971 5272 et
2009 5217 2205 5272 bonam
2266 5215 2489 5280 famam,
2539 5217 2763 5284 insuper
2815 5227 2869 5270 et
2914 5234 3136 5287 regnum
3197 5228 3484 5284 attentum,

1918 5320 2136 5380 prOpter
2163 5310 2307 5380 quod
2342 5310 2505 5362 etiam
2539 5308 2607 5363 ab
2637 5307 2961 5379 agonotb‘eta
2999 5311 3216 5379 probari
3237 5312 3487 5380 permissi

1919 5415 2067 5459 sunt.

1998 5497 2062 5550 Et
2107 5511 2252 5550 versa
2283 5503 2358 5547 est
2407 5495 2561 5548 tertia
2594 5511 2716 5564 pars
2748 5511 3006 5564 aquarum
3040 5496 3093 5554 in
3143 5494 3485 5549 absinthium.

1920 5592 2234 5645 Commutat
2261 5603 2323 5642 ea
2354 5603 2477 5658 qua:
2500 5602 2566 5641 ex
2596 5587 2789 5642 allectu
2813 5588 3100 5642 tentatoris
3131 5575 3374 5658 alﬂigunt
3426 5604 3490 5642 ac

1925 5693 2133 5737 tentant
2163 5699 2176 5735 :
2213 5688 2545 5733 transmutat
2572 5688 2752 5734 autem
2785 5696 2890 5734 non
2926 5681 2978 5733 in
3027 5695 3094 5734 eo
3123 5681 3267 5750 quod
3306 5696 3489 5735 amara

1926 5777 2056 5841 sint,
2089 5774 2178 5828 sed
2205 5773 2258 5826 in
2295 5788 2362 5825 eo
2391 5773 2535 5841 quod
2587 5773 2809 5828 salutari
2842 5775 3000 5826 modo
3026 5789 3121 5842 per
3172 5774 3490 5828 amaritudi-

1928 5881 2049 5921 nem
2081 5864 2253 5920 visum
2288 5862 2389 5916 sibi
2422 5863 2795 5919 corroborent.
2823 5861 3024 5920 Deinde
3046 5863 3322 5934 subiungit
3343 5866 3489 5934 quod

3098 5953 3177 6014 20
