  <div class='ocr_page' id='page_1' title='image "/cluster/home/n/w/nwhite01/storage/ocr_20150623/106/nnc1.0046979980/326.png"; bbox 0 0 4256 6440; ppageno 0'>
   <div class='ocr_carea' id='block_1_1' title="bbox 226 383 3472 450">
    <p class='ocr_par' dir='ltr' id='par_1_1' title="bbox 226 383 3472 450">
     <span class='ocr_line' id='line_1_1' title="bbox 226 383 3472 450; baseline 0 -4"><span class='ocrx_word' id='word_1_1' title='bbox 226 386 327 450; x_wconf 78' lang='lat'><strong><em>621</em></strong></span> <span class='ocrx_word' id='word_1_2' title='bbox 1293 383 1678 444; x_wconf 80' lang='lat' dir='ltr'><strong><em>COMMENT.</em></strong></span> <span class='ocrx_word' id='word_1_3' title='bbox 1717 385 1798 444; x_wconf 87' lang='lat' dir='ltr'><strong>IN</strong></span> <span class='ocrx_word' id='word_1_4' title='bbox 1839 385 2366 445; x_wconf 83' lang='lat' dir='ltr'><strong><em>APOCALYPSIN.</em></strong></span> <span class='ocrx_word' id='word_1_5' title='bbox 3362 385 3472 450; x_wconf 66' lang='lat'><strong><em>622</em></strong></span> 
     </span>
    </p>
   </div>
   <div class='ocr_carea' id='block_1_2' title="bbox 788 476 2469 555">
    <p class='ocr_par' dir='ltr' id='par_1_2' title="bbox 788 489 2469 555">
     <span class='ocr_line' id='line_1_2' title="bbox 788 489 2469 555; baseline -0.001 -12"><span class='ocrx_word' id='word_1_6' title='bbox 788 489 1036 543; x_wconf 72' lang='grc' dir='ltr'><strong><em>ΚΕΦΛΛ.</em></strong></span> <span class='ocrx_word' id='word_1_7' title='bbox 1095 491 1228 542; x_wconf 84' lang='lat' dir='ltr'><strong><em>KH&#39;.</em></strong></span> <span class='ocrx_word' id='word_1_8' title='bbox 1823 501 1870 555; x_wconf 70' lang='grc' dir='ltr'>Α</span> <span class='ocrx_word' id='word_1_9' title='bbox 2403 490 2469 546; x_wconf 67' lang='grc' dir='ltr'><em>αις</em></span> 
     </span>
    </p>
   </div>
   <div class='ocr_carea' id='block_1_3' title="bbox 1226 476 2907 555">
    <p class='ocr_par' dir='ltr' id='par_1_3' title="bbox 1226 476 2907 555">
     <span class='ocr_line' id='line_1_3' title="bbox 1226 476 2907 555; baseline 0.004 -15"><span class='ocrx_word' id='word_1_10' title='bbox 1226 531 1228 540; x_wconf 75' lang='lat'><strong><em>,</em></strong></span> <span class='ocrx_word' id='word_1_11' title='bbox 1823 501 1870 555; x_wconf 69' lang='grc' dir='ltr'><strong>Α</strong></span> <span class='ocrx_word' id='word_1_12' title='bbox 2403 476 2632 546; x_wconf 68' lang='lat' dir='ltr'><strong><em>CA‘PUT</em></strong></span> <span class='ocrx_word' id='word_1_13' title='bbox 2665 491 2907 547; x_wconf 85' lang='lat' dir='ltr'><strong><em>xxvm.</em></strong></span> 
     </span>
    </p>
   </div>
   <div class='ocr_carea' id='block_1_4' title="bbox 223 600 1904 675">
    <p class='ocr_par' dir='ltr' id='par_1_4' title="bbox 223 600 1796 675">
     <span class='ocr_line' id='line_1_4' title="bbox 223 600 1796 675; baseline 0 -20"><span class='ocrx_word' id='word_1_14' title='bbox 223 605 361 675; x_wconf 78' lang='grc' dir='ltr'><em>Περὶ</em></span> <span class='ocrx_word' id='word_1_15' title='bbox 393 603 513 675; x_wconf 77' lang='grc' dir='ltr'><strong><em>τοῦ</em></strong></span> <span class='ocrx_word' id='word_1_16' title='bbox 585 602 858 675; x_wconf 84' lang='grc' dir='ltr'><em>πέμπτου</em></span> <span class='ocrx_word' id='word_1_17' title='bbox 895 600 1167 675; x_wconf 67' lang='grc' dir='ltr'><strong><em>Δἀγγέλου</em></strong></span> <span class='ocrx_word' id='word_1_18' title='bbox 1191 643 1205 666; x_wconf 91' lang='grc'><strong><em>,</em></strong></span> <span class='ocrx_word' id='word_1_19' title='bbox 1234 603 1352 675; x_wconf 35' lang='grc' dir='ltr'><em>’καὶ</em></span> <span class='ocrx_word' id='word_1_20' title='bbox 1392 604 1512 675; x_wconf 58' lang='grc' dir='ltr'><em>τῶν·</em></span> <span class='ocrx_word' id='word_1_21' title='bbox 1575 605 1641 655; x_wconf 82' lang='grc' dir='ltr'><em>ἐκ</em></span> <span class='ocrx_word' id='word_1_22' title='bbox 1683 602 1796 675; x_wconf 74' lang='grc' dir='ltr'><strong><em>τῆς</em></strong></span> 
     </span>
    </p>
   </div>
   <div class='ocr_carea' id='block_1_5' title="bbox 1794 600 3475 675">
    <p class='ocr_par' dir='ltr' id='par_1_5' title="bbox 1794 603 3475 675">
     <span class='ocr_line' id='line_1_5' title="bbox 1794 603 3475 675; baseline 0.002 -21"><span class='ocrx_word' id='word_1_23' title='bbox 1794 625 1796 634; x_wconf 75' lang='grc' dir='ltr'>ι</span> <span class='ocrx_word' id='word_1_24' title='bbox 1906 603 1978 654; x_wconf 72' lang='lat' dir='ltr'><strong><em>De</em></strong></span> <span class='ocrx_word' id='word_1_25' title='bbox 2002 607 2184 672; x_wconf 83' lang='lat' dir='ltr'><strong><em>quinto</em></strong></span> <span class='ocrx_word' id='word_1_26' title='bbox 2210 605 2395 672; x_wconf 81' lang='lat' dir='ltr'><strong><em>angelo</em></strong></span> <span class='ocrx_word' id='word_1_27' title='bbox 2418 617 2465 658; x_wconf 90' lang='lat' dir='ltr'><strong><em>et</em></strong></span> <span class='ocrx_word' id='word_1_28' title='bbox 2491 607 2858 675; x_wconf 81' lang='lat' dir='ltr'><strong><em>spiritualibus</em></strong></span> <span class='ocrx_word' id='word_1_29' title='bbox 2907 607 3120 660; x_wconf 72' lang='lat' dir='ltr'><strong><em>locustis</em></strong></span> <span class='ocrx_word' id='word_1_30' title='bbox 3141 607 3475 661; x_wconf 83' lang='lat' dir='ltr'><strong><em>ascendenti-</em></strong></span> 
     </span>
    </p>
   </div>
   <div class='ocr_carea' id='block_1_6' title="bbox 292 670 1973 749">
    <p class='ocr_par' dir='ltr' id='par_1_6' title="bbox 292 670 1973 749">
     <span class='ocr_line' id='line_1_6' title="bbox 292 670 1973 749; baseline -0.003 -24"><span class='ocrx_word' id='word_1_31' title='bbox 292 673 568 749; x_wconf 66' lang='grc' dir='ltr'><em>ἀϐῥσσου</em></span> <span class='ocrx_word' id='word_1_32' title='bbox 597 670 1033 749; x_wconf 29' lang='grc' dir='ltr'><em>’ἀνερχομένων</em></span> <span class='ocrx_word' id='word_1_33' title='bbox 1050 672 1305 749; x_wconf 54' lang='lat' dir='ltr'><strong><em>foner</em></strong></span> <span class='ocrx_word' id='word_1_34' title='bbox 1337 673 1597 740; x_wconf 72' lang='grc' dir='ltr'><em>ἀκρίδων</em></span> <span class='ocrx_word' id='word_1_35' title='bbox 1626 713 1640 737; x_wconf 94' lang='grc'><strong><em>,</em></strong></span> <span class='ocrx_word' id='word_1_36' title='bbox 1696 673 1796 725; x_wconf 76' lang='grc' dir='ltr'><em>καὶ</em></span> <span class='ocrx_word' id='word_1_37' title='bbox 1971 709 1973 720; x_wconf 80' lang='grc'>.</span> 
     </span>
    </p>
   </div>
   <div class='ocr_carea' id='block_1_7' title="bbox 1790 670 3471 749">
    <p class='ocr_par' dir='ltr' id='par_1_7' title="bbox 1790 670 3471 747">
     <span class='ocr_line' id='line_1_7' title="bbox 1790 670 3471 747; baseline 0.004 -24"><span class='ocrx_word' id='word_1_38' title='bbox 1790 679 1796 723; x_wconf 71' lang='grc' dir='ltr'><strong><em>ι</em></strong></span> <span class='ocrx_word' id='word_1_39' title='bbox 1971 670 2065 727; x_wconf 83' lang='lat' dir='ltr'><strong><em>bus</em></strong></span> <span class='ocrx_word' id='word_1_40' title='bbox 2103 691 2167 728; x_wconf 74' lang='lat' dir='ltr'><strong><em>ea:</em></strong></span> <span class='ocrx_word' id='word_1_41' title='bbox 2191 670 2378 745; x_wconf 72' lang='lat' dir='ltr'><strong><em>abysso</em></strong></span> <span class='ocrx_word' id='word_1_42' title='bbox 2413 670 2586 742; x_wconf 67' lang='lat' dir='ltr'><strong><em>terrae,</em></strong></span> <span class='ocrx_word' id='word_1_43' title='bbox 2635 679 2799 747; x_wconf 84' lang='lat' dir='ltr'><strong><em>deque</em></strong></span> <span class='ocrx_word' id='word_1_44' title='bbox 2848 677 2995 730; x_wconf 78' lang='lat' dir='ltr'><strong><em>varia</em></strong></span> <span class='ocrx_word' id='word_1_45' title='bbox 3017 677 3183 746; x_wconf 87' lang='lat' dir='ltr'><strong><em>specie</em></strong></span> <span class='ocrx_word' id='word_1_46' title='bbox 3215 678 3471 746; x_wconf 85' lang='lat' dir='ltr'><strong><em>ipsarum.</em></strong></span> 
     </span>
    </p>
   </div>
   <div class='ocr_carea' id='block_1_8' title="bbox 300 742 1369 809">
    <p class='ocr_par' dir='ltr' id='par_1_8' title="bbox 300 742 1369 809">
     <span class='ocr_line' id='line_1_8' title="bbox 300 742 1369 809; baseline 0.003 -16"><span class='ocrx_word' id='word_1_47' title='bbox 300 743 403 795; x_wconf 79' lang='grc' dir='ltr'><strong><em>τοῦ</em></strong></span> <span class='ocrx_word' id='word_1_48' title='bbox 442 745 722 794; x_wconf 76' lang='grc' dir='ltr'><em>ποικίλου</em></span> <span class='ocrx_word' id='word_1_49' title='bbox 741 742 849 808; x_wconf 79' lang='grc' dir='ltr'><em>τῆς</em></span> <span class='ocrx_word' id='word_1_50' title='bbox 872 742 1112 809; x_wconf 68' lang='grc' dir='ltr'><em>μορφῆς</em></span> <span class='ocrx_word' id='word_1_51' title='bbox 1148 742 1369 796; x_wconf 81' lang='grc' dir='ltr'><em>αὐτῶν.</em></span> 
     </span>
    </p>
   </div>
   <div class='ocr_carea' id='block_1_9' title="bbox 295 850 1976 922">
    <p class='ocr_par' dir='ltr' id='par_1_9' title="bbox 295 850 1800 921">
     <span class='ocr_line' id='line_1_9' title="bbox 295 850 1800 921; baseline 0.001 -17"><span class='ocrx_word' id='word_1_52' title='bbox 295 851 403 905; x_wconf 72' lang='grc' dir='ltr'><strong><em>Καὶ</em></strong></span> <span class='ocrx_word' id='word_1_53' title='bbox 440 856 472 906; x_wconf 87' lang='lat'><strong><em>0&#39;</em></strong></span> <span class='ocrx_word' id='word_1_54' title='bbox 527 851 792 920; x_wconf 81' lang='grc' dir='ltr'><em>πέμπτος</em></span> <span class='ocrx_word' id='word_1_55' title='bbox 850 853 1105 921; x_wconf 75' lang='grc' dir='ltr'><em>ἅγγελος</em></span> <span class='ocrx_word' id='word_1_56' title='bbox 1127 853 1428 907; x_wconf 68' lang='grc' dir='ltr'><em>ἐσάλπισε</em></span> <span class='ocrx_word' id='word_1_57' title='bbox 1453 872 1467 885; x_wconf 89' lang='grc'><strong>·</strong></span> <span class='ocrx_word' id='word_1_58' title='bbox 1507 859 1603 907; x_wconf 75' lang='grc' dir='ltr'><em>καὶ</em></span> <span class='ocrx_word' id='word_1_59' title='bbox 1633 850 1800 906; x_wconf 78' lang='grc' dir='ltr'><em>εἶδον</em></span> 
     </span>
    </p>
   </div>
   <div class='ocr_carea' id='block_1_10' title="bbox 1796 850 3477 922">
    <p class='ocr_par' dir='ltr' id='par_1_10' title="bbox 1796 850 3477 922">
     <span class='ocr_line' id='line_1_10' title="bbox 1796 850 3477 922; baseline 0.003 -21"><span class='ocrx_word' id='word_1_60' title='bbox 1796 872 1800 882; x_wconf 62' lang='grc' dir='ltr'><strong>ι</strong></span> <span class='ocrx_word' id='word_1_61' title='bbox 1986 850 2052 903; x_wconf 83' lang='lat' dir='ltr'><strong><em>Et</em></strong></span> <span class='ocrx_word' id='word_1_62' title='bbox 2083 852 2298 920; x_wconf 76' lang='lat' dir='ltr'><strong><em>quintus</em></strong></span> <span class='ocrx_word' id='word_1_63' title='bbox 2325 852 2540 922; x_wconf 81' lang='lat' dir='ltr'><strong><em>angelus</em></strong></span> <span class='ocrx_word' id='word_1_64' title='bbox 2581 853 2708 906; x_wconf 83' lang='lat' dir='ltr'><strong><em>tuba</em></strong></span> <span class='ocrx_word' id='word_1_65' title='bbox 2761 854 3034 918; x_wconf 89' lang='lat' dir='ltr'><strong><em>cecinit,et</em></strong></span> <span class='ocrx_word' id='word_1_66' title='bbox 3053 853 3160 906; x_wconf 77' lang='lat' dir='ltr'><strong><em>vidi</em></strong></span> <span class='ocrx_word' id='word_1_67' title='bbox 3178 853 3386 906; x_wconf 84' lang='lat' dir='ltr'><strong><em>stellam</em></strong></span> <span class='ocrx_word' id='word_1_68' title='bbox 3416 854 3477 906; x_wconf 88' lang='lat' dir='ltr'><strong><em>de</em></strong></span> 
     </span>
    </p>
   </div>
   <div class='ocr_carea' id='block_1_11' title="bbox 221 943 1902 1013">
    <p class='ocr_par' dir='ltr' id='par_1_11' title="bbox 221 943 1795 1013">
     <span class='ocr_line' id='line_1_11' title="bbox 221 943 1795 1013; baseline 0.003 -16"><span class='ocrx_word' id='word_1_69' title='bbox 221 945 446 1009; x_wconf 63' lang='grc' dir='ltr'><em>ἀστέρα</em></span> <span class='ocrx_word' id='word_1_70' title='bbox 469 945 535 996; x_wconf 73' lang='grc' dir='ltr'><em>ἐκ</em></span> <span class='ocrx_word' id='word_1_71' title='bbox 563 943 666 997; x_wconf 87' lang='grc' dir='ltr'><strong><em>τοῦ</em></strong></span> <span class='ocrx_word' id='word_1_72' title='bbox 705 944 963 1010; x_wconf 79' lang='grc' dir='ltr'><em>οὐρανοῦ</em></span> <span class='ocrx_word' id='word_1_73' title='bbox 992 945 1344 997; x_wconf 80' lang='grc' dir='ltr'><strong><em>πεπτωκότα</em></strong></span> <span class='ocrx_word' id='word_1_74' title='bbox 1367 948 1454 1012; x_wconf 85' lang='grc' dir='ltr'><strong><em>είς</em></strong></span> <span class='ocrx_word' id='word_1_75' title='bbox 1485 946 1598 1011; x_wconf 73' lang='grc' dir='ltr'><em>τὴν</em></span> <span class='ocrx_word' id='word_1_76' title='bbox 1638 944 1756 1013; x_wconf 75' lang='grc' dir='ltr'><em>γῆν</em></span> <span class='ocrx_word' id='word_1_77' title='bbox 1783 961 1795 972; x_wconf 94' lang='grc'><strong>·</strong></span> 
     </span>
    </p>
   </div>
   <div class='ocr_carea' id='block_1_12' title="bbox 1799 943 3480 1013">
    <p class='ocr_par' dir='ltr' id='par_1_12' title="bbox 1903 943 3480 1013">
     <span class='ocr_line' id='line_1_12' title="bbox 1903 943 3480 1013; baseline 0.001 -18"><span class='ocrx_word' id='word_1_78' title='bbox 1903 943 2028 998; x_wconf 82' lang='lat' dir='ltr'><strong><em>ctelo</em></strong></span> <span class='ocrx_word' id='word_1_79' title='bbox 2056 945 2305 998; x_wconf 71' lang='lat' dir='ltr'><strong><em>cecidisse</em></strong></span> <span class='ocrx_word' id='word_1_80' title='bbox 2328 945 2380 998; x_wconf 89' lang='lat' dir='ltr'><strong><em>in</em></strong></span> <span class='ocrx_word' id='word_1_81' title='bbox 2401 955 2597 997; x_wconf 90' lang='lat' dir='ltr'><strong><em>terram</em></strong></span> <span class='ocrx_word' id='word_1_82' title='bbox 2624 960 2644 996; x_wconf 88' lang='lat'><strong><em>:</em></strong></span> <span class='ocrx_word' id='word_1_83' title='bbox 2675 955 2723 998; x_wconf 90' lang='lat' dir='ltr'><strong><em>et</em></strong></span> <span class='ocrx_word' id='word_1_84' title='bbox 2746 947 2878 998; x_wconf 86' lang='lat' dir='ltr'><strong><em>data</em></strong></span> <span class='ocrx_word' id='word_1_85' title='bbox 2912 955 2990 999; x_wconf 89' lang='lat' dir='ltr'><strong><em>est</em></strong></span> <span class='ocrx_word' id='word_1_86' title='bbox 3047 945 3153 1013; x_wconf 89' lang='lat' dir='ltr'><strong><em>ipsi</em></strong></span> <span class='ocrx_word' id='word_1_87' title='bbox 3174 943 3336 997; x_wconf 81' lang='lat' dir='ltr'><strong><em>claris</em></strong></span> <span class='ocrx_word' id='word_1_88' title='bbox 3383 961 3480 1012; x_wconf 83' lang='lat' dir='ltr'><strong><em>pu-</em></strong></span> 
     </span>
    </p>
   </div>
   <div class='ocr_carea' id='block_1_13' title="bbox 229 1033 1910 1105">
    <p class='ocr_par' dir='ltr' id='par_1_13' title="bbox 229 1033 1910 1104">
     <span class='ocr_line' id='line_1_13' title="bbox 229 1033 1910 1104; baseline 0 -18"><span class='ocrx_word' id='word_1_89' title='bbox 229 1038 321 1088; x_wconf 68' lang='grc' dir='ltr'><em>ιιαί</em></span> <span class='ocrx_word' id='word_1_90' title='bbox 355 1035 533 1102; x_wconf 74' lang='grc' dir='ltr'><em>ἐδόθη</em></span> <span class='ocrx_word' id='word_1_91' title='bbox 565 1033 725 1098; x_wconf 83' lang='grc' dir='ltr'><em>αὐτῷ</em></span> <span class='ocrx_word' id='word_1_92' title='bbox 754 1034 791 1100; x_wconf 76' lang='grc' dir='ltr'><strong><em>ὴ</em></strong></span> <span class='ocrx_word' id='word_1_93' title='bbox 825 1036 994 1101; x_wconf 73' lang='grc' dir='ltr'><em>κλεὶς</em></span> <span class='ocrx_word' id='word_1_94' title='bbox 1037 1035 1143 1088; x_wconf 84' lang='grc' dir='ltr'><strong><em>τοῦ</em></strong></span> <span class='ocrx_word' id='word_1_95' title='bbox 1166 1036 1418 1104; x_wconf 71' lang='grc' dir='ltr'><em>φρέατος</em></span> <span class='ocrx_word' id='word_1_96' title='bbox 1453 1035 1564 1103; x_wconf 85' lang='grc' dir='ltr'><em>τῆς</em></span> <span class='ocrx_word' id='word_1_97' title='bbox 1607 1037 1797 1090; x_wconf 85' lang='grc' dir='ltr'><em>ἀϐύσ-</em></span> <span class='ocrx_word' id='word_1_98' title='bbox 1905 1050 1910 1086; x_wconf 81' lang='lat' dir='ltr'><strong><em>l</em></strong></span> 
     </span>
    </p>
   </div>
   <div class='ocr_carea' id='block_1_14' title="bbox 1798 1033 3479 1105">
    <p class='ocr_par' dir='ltr' id='par_1_14' title="bbox 1905 1036 3479 1105">
     <span class='ocr_line' id='line_1_14' title="bbox 1905 1036 3479 1105; baseline 0.001 -19"><span class='ocrx_word' id='word_1_99' title='bbox 1905 1037 1973 1088; x_wconf 88' lang='lat' dir='ltr'><strong><em>tei</em></strong></span> <span class='ocrx_word' id='word_1_100' title='bbox 1995 1036 2193 1104; x_wconf 80' lang='lat' dir='ltr'><strong><em>abyssi,</em></strong></span> <span class='ocrx_word' id='word_1_101' title='bbox 2213 1047 2262 1088; x_wconf 87' lang='lat' dir='ltr'><strong><em>et</em></strong></span> <span class='ocrx_word' id='word_1_102' title='bbox 2302 1036 2510 1100; x_wconf 86' lang='lat' dir='ltr'><strong><em>aperuit</em></strong></span> <span class='ocrx_word' id='word_1_103' title='bbox 2547 1046 2760 1104; x_wconf 87' lang='lat' dir='ltr'><strong><em>puteum</em></strong></span> <span class='ocrx_word' id='word_1_104' title='bbox 2781 1037 2957 1105; x_wconf 81' lang='lat' dir='ltr'><strong><em>abyssi</em></strong></span> <span class='ocrx_word' id='word_1_105' title='bbox 2979 1047 3066 1091; x_wconf 88' lang='lat' dir='ltr'><strong><em>:et</em></strong></span> <span class='ocrx_word' id='word_1_106' title='bbox 3103 1036 3338 1090; x_wconf 90' lang='lat' dir='ltr'><strong><em>ascendit</em></strong></span> <span class='ocrx_word' id='word_1_107' title='bbox 3390 1043 3479 1104; x_wconf 76' lang='grc' dir='ltr'><em>ιιι-</em></span> 
     </span>
    </p>
   </div>
   <div class='ocr_carea' id='block_1_15' title="bbox 227 1125 1908 1195">
    <p class='ocr_par' dir='ltr' id='par_1_15' title="bbox 227 1126 1908 1195">
     <span class='ocr_line' id='line_1_15' title="bbox 227 1126 1908 1195; baseline -0.001 -18"><span class='ocrx_word' id='word_1_108' title='bbox 227 1142 347 1180; x_wconf 59' lang='grc' dir='ltr'><em>ινου</em></span> <span class='ocrx_word' id='word_1_109' title='bbox 379 1144 392 1156; x_wconf 91' lang='grc'><strong>·</strong></span> <span class='ocrx_word' id='word_1_110' title='bbox 419 1126 516 1178; x_wconf 78' lang='grc' dir='ltr'><em>καὶ</em></span> <span class='ocrx_word' id='word_1_111' title='bbox 549 1126 732 1190; x_wconf 81' lang='grc' dir='ltr'><em>ἀνέϐη</em></span> <span class='ocrx_word' id='word_1_112' title='bbox 772 1126 1001 1191; x_wconf 79' lang='grc' dir='ltr'><em>καπνὸς</em></span> <span class='ocrx_word' id='word_1_113' title='bbox 1038 1126 1106 1178; x_wconf 83' lang='grc' dir='ltr'><em>ἐκ</em></span> <span class='ocrx_word' id='word_1_114' title='bbox 1138 1127 1244 1180; x_wconf 90' lang='grc' dir='ltr'><strong><em>τοῦ</em></strong></span> <span class='ocrx_word' id='word_1_115' title='bbox 1272 1127 1548 1195; x_wconf 71' lang='grc' dir='ltr'><em>φρέατος,</em></span> <span class='ocrx_word' id='word_1_116' title='bbox 1573 1127 1653 1191; x_wconf 87' lang='grc' dir='ltr'><em>ὠς</em></span> <span class='ocrx_word' id='word_1_117' title='bbox 1696 1142 1801 1178; x_wconf 88' lang='grc' dir='ltr'><em>κα-</em></span> <span class='ocrx_word' id='word_1_118' title='bbox 1905 1145 1908 1176; x_wconf 68' lang='grc' dir='ltr'>π</span> 
     </span>
    </p>
   </div>
   <div class='ocr_carea' id='block_1_16' title="bbox 1797 1125 3478 1195">
    <p class='ocr_par' dir='ltr' id='par_1_16' title="bbox 1797 1125 3478 1194">
     <span class='ocr_line' id='line_1_16' title="bbox 1797 1125 3478 1194; baseline 0 -17"><span class='ocrx_word' id='word_1_119' title='bbox 1797 1155 1801 1165; x_wconf 81' lang='lat'><strong><em>-</em></strong></span> <span class='ocrx_word' id='word_1_120' title='bbox 1905 1141 2017 1178; x_wconf 87' lang='lat' dir='ltr'><strong><em>ntus</em></strong></span> <span class='ocrx_word' id='word_1_121' title='bbox 2036 1129 2098 1178; x_wconf 86' lang='lat' dir='ltr'><strong><em>de</em></strong></span> <span class='ocrx_word' id='word_1_122' title='bbox 2118 1133 2294 1193; x_wconf 88' lang='lat' dir='ltr'><strong><em>puteo,</em></strong></span> <span class='ocrx_word' id='word_1_123' title='bbox 2325 1127 2460 1180; x_wconf 87' lang='lat' dir='ltr'><strong><em>sicut</em></strong></span> <span class='ocrx_word' id='word_1_124' title='bbox 2488 1125 2666 1194; x_wconf 79' lang='lat' dir='ltr'><strong><em>fumus</em></strong></span> <span class='ocrx_word' id='word_1_125' title='bbox 2686 1126 2922 1194; x_wconf 78' lang='lat' dir='ltr'><strong><em>fornacis</em></strong></span> <span class='ocrx_word' id='word_1_126' title='bbox 2948 1127 3204 1191; x_wconf 84' lang='lat' dir='ltr'><strong><em>ardentis,</em></strong></span> <span class='ocrx_word' id='word_1_127' title='bbox 3222 1137 3271 1180; x_wconf 89' lang='lat' dir='ltr'><strong><em>et</em></strong></span> <span class='ocrx_word' id='word_1_128' title='bbox 3290 1125 3478 1180; x_wconf 79' lang='lat' dir='ltr'><strong><em>obscu-</em></strong></span> 
     </span>
    </p>
   </div>
   <div class='ocr_carea' id='block_1_17' title="bbox 226 1217 1907 1288">
    <p class='ocr_par' dir='ltr' id='par_1_17' title="bbox 226 1218 1803 1286">
     <span class='ocr_line' id='line_1_17' title="bbox 226 1218 1803 1286; baseline 0 -16"><span class='ocrx_word' id='word_1_129' title='bbox 226 1219 382 1283; x_wconf 75' lang='grc' dir='ltr'><em>πνὸς</em></span> <span class='ocrx_word' id='word_1_130' title='bbox 410 1219 662 1285; x_wconf 81' lang='grc' dir='ltr'><strong><em>καμίνου</em></strong></span> <span class='ocrx_word' id='word_1_131' title='bbox 696 1218 1015 1286; x_wconf 77' lang='grc' dir='ltr'><strong><em>καιομένης</em></strong></span> <span class='ocrx_word' id='word_1_132' title='bbox 1045 1234 1056 1247; x_wconf 93' lang='grc'><strong>·</strong></span> <span class='ocrx_word' id='word_1_133' title='bbox 1102 1219 1197 1272; x_wconf 76' lang='grc' dir='ltr'><strong><em>καί</em></strong></span> <span class='ocrx_word' id='word_1_134' title='bbox 1229 1218 1552 1285; x_wconf 80' lang='grc' dir='ltr'><strong><em>ἐσκοτίσθη</em></strong></span> <span class='ocrx_word' id='word_1_135' title='bbox 1572 1220 1606 1271; x_wconf 88' lang='grc' dir='ltr'><em>ό</em></span> <span class='ocrx_word' id='word_1_136' title='bbox 1629 1218 1803 1284; x_wconf 78' lang='grc' dir='ltr'><em>ἣλιος</em></span> 
     </span>
    </p>
   </div>
   <div class='ocr_carea' id='block_1_18' title="bbox 1800 1217 3481 1288">
    <p class='ocr_par' dir='ltr' id='par_1_18' title="bbox 1800 1217 3481 1288">
     <span class='ocr_line' id='line_1_18' title="bbox 1800 1217 3481 1288; baseline 0.002 -19"><span class='ocrx_word' id='word_1_137' title='bbox 1800 1241 1803 1251; x_wconf 70' lang='grc' dir='ltr'><strong><em>ι</em></strong></span> <span class='ocrx_word' id='word_1_138' title='bbox 1906 1231 2053 1271; x_wconf 88' lang='lat' dir='ltr'><strong><em>ratus</em></strong></span> <span class='ocrx_word' id='word_1_139' title='bbox 2069 1228 2145 1271; x_wconf 86' lang='lat' dir='ltr'><strong><em>est</em></strong></span> <span class='ocrx_word' id='word_1_140' title='bbox 2166 1217 2244 1270; x_wconf 86' lang='lat' dir='ltr'><strong><em>sol</em></strong></span> <span class='ocrx_word' id='word_1_141' title='bbox 2271 1229 2320 1272; x_wconf 92' lang='lat' dir='ltr'><strong><em>et</em></strong></span> <span class='ocrx_word' id='word_1_142' title='bbox 2343 1236 2434 1272; x_wconf 89' lang='lat' dir='ltr'><strong><em>aer</em></strong></span> <span class='ocrx_word' id='word_1_143' title='bbox 2457 1237 2489 1272; x_wconf 93' lang='lat' dir='ltr'><strong><em>a</em></strong></span> <span class='ocrx_word' id='word_1_144' title='bbox 2510 1220 2656 1288; x_wconf 74' lang='lat' dir='ltr'><strong><em>fumo</em></strong></span> <span class='ocrx_word' id='word_1_145' title='bbox 2688 1220 2833 1288; x_wconf 86' lang='lat' dir='ltr'><strong><em>putei</em></strong></span> <span class='ocrx_word' id='word_1_146' title='bbox 2856 1233 2874 1272; x_wconf 83' lang='lat'><strong><em>.&#39;</em></strong></span> <span class='ocrx_word' id='word_1_147' title='bbox 2903 1227 2953 1271; x_wconf 89' lang='lat' dir='ltr'><strong><em>et</em></strong></span> <span class='ocrx_word' id='word_1_148' title='bbox 2981 1219 3044 1272; x_wconf 84' lang='lat' dir='ltr'><strong><em>de</em></strong></span> <span class='ocrx_word' id='word_1_149' title='bbox 3073 1221 3217 1287; x_wconf 81' lang='lat' dir='ltr'><strong><em>fumo</em></strong></span> <span class='ocrx_word' id='word_1_150' title='bbox 3239 1218 3481 1274; x_wconf 71' lang='lat' dir='ltr'><strong><em>exierunt</em></strong></span> 
     </span>
    </p>
   </div>
   <div class='ocr_carea' id='block_1_19' title="bbox 224 1307 1905 1380">
    <p class='ocr_par' dir='ltr' id='par_1_19' title="bbox 224 1307 1803 1377">
     <span class='ocr_line' id='line_1_19' title="bbox 224 1307 1803 1377; baseline 0.001 -19"><span class='ocrx_word' id='word_1_151' title='bbox 224 1309 326 1359; x_wconf 77' lang='grc' dir='ltr'><strong><em>καὶ</em></strong></span> <span class='ocrx_word' id='word_1_152' title='bbox 355 1310 388 1360; x_wconf 86' lang='grc' dir='ltr'><em>ὁ</em></span> <span class='ocrx_word' id='word_1_153' title='bbox 417 1308 531 1376; x_wconf 81' lang='grc' dir='ltr'><em>ἀὴρ</em></span> <span class='ocrx_word' id='word_1_154' title='bbox 559 1309 627 1360; x_wconf 80' lang='grc' dir='ltr'><em>ἐκ</em></span> <span class='ocrx_word' id='word_1_155' title='bbox 647 1307 752 1361; x_wconf 86' lang='grc' dir='ltr'><strong><em>τοῦ</em></strong></span> <span class='ocrx_word' id='word_1_156' title='bbox 781 1308 1013 1361; x_wconf 82' lang='grc' dir='ltr'><em>καπνοῦ</em></span> <span class='ocrx_word' id='word_1_157' title='bbox 1037 1308 1142 1362; x_wconf 87' lang='grc' dir='ltr'><strong><em>τοῦ</em></strong></span> <span class='ocrx_word' id='word_1_158' title='bbox 1164 1309 1419 1377; x_wconf 74' lang='grc' dir='ltr'><em>φρέατος</em></span> <span class='ocrx_word' id='word_1_159' title='bbox 1449 1325 1464 1339; x_wconf 92' lang='grc'><strong>·</strong></span> <span class='ocrx_word' id='word_1_160' title='bbox 1487 1308 1585 1361; x_wconf 81' lang='grc' dir='ltr'><em>καὶ</em></span> <span class='ocrx_word' id='word_1_161' title='bbox 1611 1309 1678 1361; x_wconf 85' lang='grc' dir='ltr'><em>ἐκ</em></span> <span class='ocrx_word' id='word_1_162' title='bbox 1697 1307 1803 1361; x_wconf 88' lang='grc' dir='ltr'><strong><em>τοῦ</em></strong></span> 
     </span>
    </p>
   </div>
   <div class='ocr_carea' id='block_1_20' title="bbox 1800 1307 3481 1380">
    <p class='ocr_par' dir='ltr' id='par_1_20' title="bbox 1800 1309 3481 1380">
     <span class='ocr_line' id='line_1_20' title="bbox 1800 1309 3481 1380; baseline 0.003 -19"><span class='ocrx_word' id='word_1_163' title='bbox 1800 1328 1803 1346; x_wconf 72' lang='grc' dir='ltr'>ν</span> <span class='ocrx_word' id='word_1_164' title='bbox 1907 1309 2122 1361; x_wconf 81' lang='lat' dir='ltr'><strong><em>locustte</em></strong></span> <span class='ocrx_word' id='word_1_165' title='bbox 2140 1310 2192 1361; x_wconf 89' lang='lat' dir='ltr'><strong><em>in</em></strong></span> <span class='ocrx_word' id='word_1_166' title='bbox 2213 1316 2491 1373; x_wconf 87' lang='lat' dir='ltr'><strong><em>terram,et</em></strong></span> <span class='ocrx_word' id='word_1_167' title='bbox 2509 1311 2636 1364; x_wconf 89' lang='lat' dir='ltr'><strong><em>data</em></strong></span> <span class='ocrx_word' id='word_1_168' title='bbox 2658 1321 2733 1364; x_wconf 87' lang='lat' dir='ltr'><strong><em>est</em></strong></span> <span class='ocrx_word' id='word_1_169' title='bbox 2751 1310 2878 1380; x_wconf 88' lang='lat' dir='ltr'><strong><em>ipsis</em></strong></span> <span class='ocrx_word' id='word_1_170' title='bbox 2894 1321 3122 1380; x_wconf 85' lang='lat' dir='ltr'><strong><em>potestas</em></strong></span> <span class='ocrx_word' id='word_1_171' title='bbox 3137 1311 3270 1365; x_wconf 81' lang='lat' dir='ltr'><strong><em>sicut</em></strong></span> <span class='ocrx_word' id='word_1_172' title='bbox 3291 1313 3481 1366; x_wconf 79' lang='lat' dir='ltr'><strong><em>habent</em></strong></span> 
     </span>
    </p>
   </div>
   <div class='ocr_carea' id='block_1_21' title="bbox 227 1399 1908 1470">
    <p class='ocr_par' dir='ltr' id='par_1_21' title="bbox 227 1399 1908 1469">
     <span class='ocr_line' id='line_1_21' title="bbox 227 1399 1908 1469; baseline 0.002 -19"><span class='ocrx_word' id='word_1_173' title='bbox 227 1399 467 1452; x_wconf 84' lang='grc' dir='ltr'><em>καπνοῦ</em></span> <span class='ocrx_word' id='word_1_174' title='bbox 505 1399 768 1467; x_wconf 77' lang='grc' dir='ltr'><strong><em>ἐξῆλθον</em></strong></span> <span class='ocrx_word' id='word_1_175' title='bbox 804 1400 1042 1468; x_wconf 80' lang='grc' dir='ltr'><em>ἀκρίδες</em></span> <span class='ocrx_word' id='word_1_176' title='bbox 1069 1403 1154 1466; x_wconf 86' lang='grc' dir='ltr'><strong><em>είς</em></strong></span> <span class='ocrx_word' id='word_1_177' title='bbox 1198 1401 1310 1467; x_wconf 80' lang='grc' dir='ltr'><em>τὴν</em></span> <span class='ocrx_word' id='word_1_178' title='bbox 1333 1399 1467 1469; x_wconf 79' lang='grc' dir='ltr'><em>γῆν,</em></span> <span class='ocrx_word' id='word_1_179' title='bbox 1499 1401 1595 1454; x_wconf 78' lang='grc' dir='ltr'><strong><em>καί</em></strong></span> <span class='ocrx_word' id='word_1_180' title='bbox 1627 1401 1802 1467; x_wconf 83' lang='grc' dir='ltr'><strong><em>ἐδόθη</em></strong></span> <span class='ocrx_word' id='word_1_181' title='bbox 1905 1421 1908 1469; x_wconf 81' lang='grc'><strong>;</strong></span> 
     </span>
    </p>
   </div>
   <div class='ocr_carea' id='block_1_22' title="bbox 1056 1399 2737 1470">
    <p class='ocr_par' dir='ltr' id='par_1_22' title="bbox 1069 1399 2737 1470">
     <span class='ocr_line' id='line_1_22' title="bbox 1069 1399 2737 1470; baseline 0.001 -16"><span class='ocrx_word' id='word_1_182' title='bbox 1069 1403 1154 1466; x_wconf 85' lang='grc' dir='ltr'><strong><em>είς</em></strong></span> <span class='ocrx_word' id='word_1_183' title='bbox 1198 1401 1310 1467; x_wconf 80' lang='grc' dir='ltr'><em>τὴν</em></span> <span class='ocrx_word' id='word_1_184' title='bbox 1333 1399 1467 1469; x_wconf 79' lang='grc' dir='ltr'><em>γῆν,</em></span> <span class='ocrx_word' id='word_1_185' title='bbox 1499 1401 1595 1454; x_wconf 82' lang='grc' dir='ltr'><strong><em>καί</em></strong></span> <span class='ocrx_word' id='word_1_186' title='bbox 1627 1401 1802 1467; x_wconf 84' lang='grc' dir='ltr'><strong><em>ἐδόθη</em></strong></span> <span class='ocrx_word' id='word_1_187' title='bbox 1905 1411 2208 1469; x_wconf 85' lang='lat' dir='ltr'><strong><em>potestatem</em></strong></span> <span class='ocrx_word' id='word_1_188' title='bbox 2234 1404 2527 1470; x_wconf 86' lang='lat' dir='ltr'><strong><em>scorpiones</em></strong></span> <span class='ocrx_word' id='word_1_189' title='bbox 2567 1413 2737 1458; x_wconf 86' lang='lat' dir='ltr'><strong><em>teme.</em></strong></span> 
     </span>
    </p>
   </div>
   <div class='ocr_carea' id='block_1_23' title="bbox 223 1489 1804 1559">
    <p class='ocr_par' dir='ltr' id='par_1_23' title="bbox 223 1489 1804 1559">
     <span class='ocr_line' id='line_1_23' title="bbox 223 1489 1804 1559; baseline 0.003 -19"><span class='ocrx_word' id='word_1_190' title='bbox 223 1489 438 1555; x_wconf 85' lang='grc' dir='ltr'><em>αυταῖς</em></span> <span class='ocrx_word' id='word_1_191' title='bbox 461 1490 712 1554; x_wconf 78' lang='grc' dir='ltr'><em>ἐξουσιά</em></span> <span class='ocrx_word' id='word_1_192' title='bbox 743 1490 821 1557; x_wconf 87' lang='grc' dir='ltr'><em>ὡς</em></span> <span class='ocrx_word' id='word_1_193' title='bbox 842 1491 1101 1558; x_wconf 78' lang='grc' dir='ltr'><em>ἔχουσιν</em></span> <span class='ocrx_word' id='word_1_194' title='bbox 1125 1491 1415 1556; x_wconf 82' lang='grc' dir='ltr'><strong><em>ἐξουσίαν</em></strong></span> <span class='ocrx_word' id='word_1_195' title='bbox 1446 1495 1499 1546; x_wconf 87' lang='grc' dir='ltr'><strong><em>οί</em></strong></span> <span class='ocrx_word' id='word_1_196' title='bbox 1525 1493 1804 1559; x_wconf 78' lang='grc' dir='ltr'><em>σκορπίοι</em></span> 
     </span>
    </p>
   </div>
   <div class='ocr_carea' id='block_1_24' title="bbox 224 1582 512 1652">
    <p class='ocr_par' dir='ltr' id='par_1_24' title="bbox 224 1582 512 1652">
     <span class='ocr_line' id='line_1_24' title="bbox 224 1582 512 1652; baseline 0.007 -7"><span class='ocrx_word' id='word_1_197' title='bbox 224 1583 341 1648; x_wconf 83' lang='grc' dir='ltr'><strong><em>τῆς</em></strong></span> <span class='ocrx_word' id='word_1_198' title='bbox 382 1582 512 1652; x_wconf 60' lang='lat' dir='ltr'><strong><em>riis-</em></strong></span> 
     </span>
    </p>
   </div>
   <div class='ocr_carea' id='block_1_25' title="bbox 315 1669 1996 1745">
    <p class='ocr_par' dir='ltr' id='par_1_25' title="bbox 315 1672 1996 1745">
     <span class='ocr_line' id='line_1_25' title="bbox 315 1672 1996 1745; baseline -0.001 -17"><span class='ocrx_word' id='word_1_199' title='bbox 315 1676 409 1728; x_wconf 87' lang='grc' dir='ltr'><em>Ἐκ</em></span> <span class='ocrx_word' id='word_1_200' title='bbox 465 1675 560 1728; x_wconf 82' lang='grc' dir='ltr'><strong><em>τοῦ</em></strong></span> <span class='ocrx_word' id='word_1_201' title='bbox 613 1674 851 1744; x_wconf 76' lang='grc' dir='ltr'><em>οὐρανοῦ</em></span> <span class='ocrx_word' id='word_1_202' title='bbox 902 1674 1084 1727; x_wconf 88' lang='grc' dir='ltr'><em>πεσὼν</em></span> <span class='ocrx_word' id='word_1_203' title='bbox 1125 1675 1326 1745; x_wconf 79' lang='grc' dir='ltr'><em>ἀστὴρ,</em></span> <span class='ocrx_word' id='word_1_204' title='bbox 1358 1677 1386 1728; x_wconf 82' lang='grc' dir='ltr'>ὁ</span> <span class='ocrx_word' id='word_1_205' title='bbox 1419 1673 1665 1737; x_wconf 83' lang='grc' dir='ltr'><em>διάϐολός</em></span> <span class='ocrx_word' id='word_1_206' title='bbox 1713 1674 1806 1726; x_wconf 73' lang='grc' dir='ltr'><strong><em>ὲσο</em></strong></span> <span class='ocrx_word' id='word_1_207' title='bbox 1980 1672 1996 1740; x_wconf 62' lang='grc' dir='ltr'>τ</span> 
     </span>
    </p>
   </div>
   <div class='ocr_carea' id='block_1_26' title="bbox 1802 1669 3483 1745">
    <p class='ocr_par' dir='ltr' id='par_1_26' title="bbox 1802 1669 3483 1740">
     <span class='ocr_line' id='line_1_26' title="bbox 1802 1669 3483 1740; baseline 0.004 -21"><span class='ocrx_word' id='word_1_208' title='bbox 1802 1703 1806 1711; x_wconf 63' lang='grc' dir='ltr'><strong><em>ι</em></strong></span> <span class='ocrx_word' id='word_1_209' title='bbox 1980 1670 2141 1740; x_wconf 75' lang='lat'><strong>725</strong></span> <span class='ocrx_word' id='word_1_210' title='bbox 2160 1670 2349 1734; x_wconf 79' lang='lat' dir='ltr'><strong><em>Stella,</em></strong></span> <span class='ocrx_word' id='word_1_211' title='bbox 2361 1685 2481 1739; x_wconf 85' lang='lat' dir='ltr'><strong><em>quae</em></strong></span> <span class='ocrx_word' id='word_1_212' title='bbox 2497 1683 2526 1723; x_wconf 93' lang='lat' dir='ltr'><strong><em>e</em></strong></span> <span class='ocrx_word' id='word_1_213' title='bbox 2543 1669 2681 1724; x_wconf 79' lang='lat' dir='ltr'><strong><em>ccelo</em></strong></span> <span class='ocrx_word' id='word_1_214' title='bbox 2697 1670 2915 1732; x_wconf 89' lang='lat' dir='ltr'><strong><em>cecidit,</em></strong></span> <span class='ocrx_word' id='word_1_215' title='bbox 2929 1677 3012 1724; x_wconf 87' lang='lat' dir='ltr'><strong><em>est</em></strong></span> <span class='ocrx_word' id='word_1_216' title='bbox 3031 1669 3302 1737; x_wconf 83' lang='lat' dir='ltr'><strong><em>diabolus;</em></strong></span> <span class='ocrx_word' id='word_1_217' title='bbox 3315 1671 3483 1726; x_wconf 78' lang='lat' dir='ltr'><strong><em>clavis</em></strong></span> 
     </span>
    </p>
   </div>
   <div class='ocr_carea' id='block_1_27' title="bbox 228 1760 1909 1838">
    <p class='ocr_par' dir='ltr' id='par_1_27' title="bbox 228 1766 1877 1838">
     <span class='ocr_line' id='line_1_27' title="bbox 228 1766 1877 1838; baseline -0.001 -20"><span class='ocrx_word' id='word_1_218' title='bbox 228 1786 314 1818; x_wconf 83' lang='grc' dir='ltr'><strong><em>τιν</em></strong></span> <span class='ocrx_word' id='word_1_219' title='bbox 345 1785 353 1794; x_wconf 77' lang='grc'><em>’</em></span> <span class='ocrx_word' id='word_1_220' title='bbox 403 1769 436 1838; x_wconf 82' lang='grc' dir='ltr'><strong><em>ή</em></strong></span> <span class='ocrx_word' id='word_1_221' title='bbox 466 1767 613 1830; x_wconf 68' lang='grc' dir='ltr'><em>κλεὶς</em></span> <span class='ocrx_word' id='word_1_222' title='bbox 650 1768 707 1820; x_wconf 78' lang='grc' dir='ltr'><strong><em>δὲ</em></strong></span> <span class='ocrx_word' id='word_1_223' title='bbox 741 1767 829 1818; x_wconf 81' lang='grc' dir='ltr'><strong><em>τοῦ</em></strong></span> <span class='ocrx_word' id='word_1_224' title='bbox 858 1767 1110 1838; x_wconf 81' lang='grc' dir='ltr'><em>φρέατος,</em></span> <span class='ocrx_word' id='word_1_225' title='bbox 1137 1768 1169 1837; x_wconf 79' lang='grc' dir='ltr'><strong>ἡ</strong></span> <span class='ocrx_word' id='word_1_226' title='bbox 1201 1767 1414 1820; x_wconf 83' lang='grc' dir='ltr'><em>δοθεῖσα</em></span> <span class='ocrx_word' id='word_1_227' title='bbox 1463 1766 1608 1836; x_wconf 85' lang='grc' dir='ltr'><em>αὐτῷ</em></span> <span class='ocrx_word' id='word_1_228' title='bbox 1634 1766 1807 1835; x_wconf 75' lang='grc' dir='ltr'><em>τούτῳ</em></span> <span class='ocrx_word' id='word_1_229' title='bbox 1844 1829 1877 1838; x_wconf 42' lang='grc' dir='ltr'><strong>λ</strong></span> 
     </span>
    </p>
   </div>
   <div class='ocr_carea' id='block_1_28' title="bbox 1798 1760 3479 1838">
    <p class='ocr_par' dir='ltr' id='par_1_28' title="bbox 1798 1760 3479 1838">
     <span class='ocr_line' id='line_1_28' title="bbox 1798 1760 3479 1838; baseline -0.002 -23"><span class='ocrx_word' id='word_1_230' title='bbox 1798 1784 1807 1815; x_wconf 77' lang='grc' dir='ltr'><strong><em>ι</em></strong></span> <span class='ocrx_word' id='word_1_231' title='bbox 1844 1829 1877 1838; x_wconf 42' lang='grc' dir='ltr'><strong>λ</strong></span> <span class='ocrx_word' id='word_1_232' title='bbox 1911 1773 2090 1816; x_wconf 81' lang='lat' dir='ltr'><strong><em>autem</em></strong></span> <span class='ocrx_word' id='word_1_233' title='bbox 2113 1760 2279 1829; x_wconf 84' lang='lat' dir='ltr'><strong><em>pulei,</em></strong></span> <span class='ocrx_word' id='word_1_234' title='bbox 2295 1777 2415 1831; x_wconf 75' lang='lat' dir='ltr'><strong><em>qua:</em></strong></span> <span class='ocrx_word' id='word_1_235' title='bbox 2431 1761 2556 1815; x_wconf 88' lang='lat' dir='ltr'><strong><em>huic</em></strong></span> <span class='ocrx_word' id='word_1_236' title='bbox 2579 1761 2680 1830; x_wconf 90' lang='lat' dir='ltr'><strong><em>ipsi</em></strong></span> <span class='ocrx_word' id='word_1_237' title='bbox 2705 1761 2827 1815; x_wconf 90' lang='lat' dir='ltr'><strong><em>data</em></strong></span> <span class='ocrx_word' id='word_1_238' title='bbox 2843 1769 2945 1825; x_wconf 86' lang='lat' dir='ltr'><strong><em>est,</em></strong></span> <span class='ocrx_word' id='word_1_239' title='bbox 2969 1761 3170 1814; x_wconf 86' lang='lat' dir='ltr'><strong><em>dicitur</em></strong></span> <span class='ocrx_word' id='word_1_240' title='bbox 3184 1760 3479 1814; x_wconf 89' lang='lat' dir='ltr'><strong><em>certitudo:</em></strong></span> 
     </span>
    </p>
   </div>
   <div class='ocr_carea' id='block_1_29' title="bbox 229 1829 1910 1928">
    <p class='ocr_par' dir='ltr' id='par_1_29' title="bbox 229 1829 1910 1928">
     <span class='ocr_line' id='line_1_29' title="bbox 229 1829 1910 1928; baseline -0.005 -13"><span class='ocrx_word' id='word_1_241' title='bbox 229 1861 499 1927; x_wconf 71' lang='grc' dir='ltr'><em>ἀσφάλεια</em></span> <span class='ocrx_word' id='word_1_242' title='bbox 531 1877 545 1890; x_wconf 77' lang='grc' dir='ltr'><strong>ο</strong></span> <span class='ocrx_word' id='word_1_243' title='bbox 604 1863 1004 1928; x_wconf 80' lang='grc' dir='ltr'><em>ἀνεκφεύκτους</em></span> <span class='ocrx_word' id='word_1_244' title='bbox 1041 1854 1180 1912; x_wconf 83' lang='grc' dir='ltr'><em>εἶναι</em></span> <span class='ocrx_word' id='word_1_245' title='bbox 1237 1860 1360 1920; x_wconf 83' lang='grc' dir='ltr'><em>τοὺς</em></span> <span class='ocrx_word' id='word_1_246' title='bbox 1392 1859 1803 1928; x_wconf 75' lang='grc' dir='ltr'><em>κατεχομένους,</em></span> <span class='ocrx_word' id='word_1_247' title='bbox 1844 1829 1910 1897; x_wconf 61' lang='grc' dir='ltr'><em>Βι</em></span> 
     </span>
    </p>
   </div>
   <div class='ocr_carea' id='block_1_30' title="bbox 1800 1829 3481 1928">
    <p class='ocr_par' dir='ltr' id='par_1_30' title="bbox 1800 1829 3481 1925">
     <span class='ocr_line' id='line_1_30' title="bbox 1800 1829 3481 1925; baseline -0.004 -15"><span class='ocrx_word' id='word_1_248' title='bbox 1800 1897 1803 1917; x_wconf 87' lang='grc'><strong><em>,</em></strong></span> <span class='ocrx_word' id='word_1_249' title='bbox 1844 1829 1882 1882; x_wconf 72' lang='grc' dir='ltr'>Β</span> <span class='ocrx_word' id='word_1_250' title='bbox 1909 1855 2057 1925; x_wconf 87' lang='lat' dir='ltr'><strong><em>quod</em></strong></span> <span class='ocrx_word' id='word_1_251' title='bbox 2117 1853 2192 1908; x_wconf 87' lang='lat' dir='ltr'><strong><em>illi</em></strong></span> <span class='ocrx_word' id='word_1_252' title='bbox 2233 1829 2340 1908; x_wconf 79' lang='lat' dir='ltr'><strong><em>non</em></strong></span> <span class='ocrx_word' id='word_1_253' title='bbox 2397 1829 2655 1922; x_wconf 69' lang='lat' dir='ltr'><strong><em>effugient</em></strong></span> <span class='ocrx_word' id='word_1_254' title='bbox 2707 1869 2802 1922; x_wconf 86' lang='lat' dir='ltr'><strong><em>qut</em></strong></span> <span class='ocrx_word' id='word_1_255' title='bbox 2831 1854 2898 1908; x_wconf 92' lang='lat' dir='ltr'><strong><em>ab</em></strong></span> <span class='ocrx_word' id='word_1_256' title='bbox 2938 1853 3057 1921; x_wconf 86' lang='lat' dir='ltr'><strong><em>ipso</em></strong></span> <span class='ocrx_word' id='word_1_257' title='bbox 3115 1853 3481 1923; x_wconf 85' lang='lat' dir='ltr'><strong><em>possidentur,</em></strong></span> 
     </span>
    </p>
   </div>
   <div class='ocr_carea' id='block_1_31' title="bbox 234 1943 1915 2020">
    <p class='ocr_par' dir='ltr' id='par_1_31' title="bbox 234 1945 1915 2020">
     <span class='ocr_line' id='line_1_31' title="bbox 234 1945 1915 2020; baseline -0.001 -18"><span class='ocrx_word' id='word_1_258' title='bbox 234 1951 471 2018; x_wconf 81' lang='grc' dir='ltr'><em>μάλιστα</em></span> <span class='ocrx_word' id='word_1_259' title='bbox 507 1952 556 2002; x_wconf 87' lang='grc' dir='ltr'><strong><em>εί</em></strong></span> <span class='ocrx_word' id='word_1_260' title='bbox 588 1950 903 2020; x_wconf 78' lang='grc' dir='ltr'><em>ἁμαρτω).οὶ</em></span> <span class='ocrx_word' id='word_1_261' title='bbox 951 1945 1062 2003; x_wconf 83' lang='grc' dir='ltr'><em>εἷεν</em></span> <span class='ocrx_word' id='word_1_262' title='bbox 1093 1967 1106 1980; x_wconf 90' lang='grc'><strong>·</strong></span> <span class='ocrx_word' id='word_1_263' title='bbox 1143 1951 1321 2020; x_wconf 85' lang='grc' dir='ltr'><em>φρέαρ</em></span> <span class='ocrx_word' id='word_1_264' title='bbox 1371 1951 1449 2014; x_wconf 72' lang='grc' dir='ltr'><em>δὲ,</em></span> <span class='ocrx_word' id='word_1_265' title='bbox 1483 1952 1541 2003; x_wconf 84' lang='grc' dir='ltr'><em>τὸ</em></span> <span class='ocrx_word' id='word_1_266' title='bbox 1598 1956 1655 2003; x_wconf 77' lang='grc' dir='ltr'><em>ἐν</em></span> <span class='ocrx_word' id='word_1_267' title='bbox 1691 1954 1761 2020; x_wconf 81' lang='grc' dir='ltr'><em>γῇ</em></span> <span class='ocrx_word' id='word_1_268' title='bbox 1910 1964 1915 2000; x_wconf 90' lang='lat' dir='ltr'><strong><em>l</em></strong></span> 
     </span>
    </p>
   </div>
   <div class='ocr_carea' id='block_1_32' title="bbox 1805 1943 3486 2020">
    <p class='ocr_par' dir='ltr' id='par_1_32' title="bbox 1910 1943 3486 2014">
     <span class='ocr_line' id='line_1_32' title="bbox 1910 1943 3486 2014; baseline -0.001 -14"><span class='ocrx_word' id='word_1_269' title='bbox 1910 1949 2143 2001; x_wconf 80' lang='lat' dir='ltr'><strong><em>maxime</em></strong></span> <span class='ocrx_word' id='word_1_270' title='bbox 2164 1947 2207 2001; x_wconf 89' lang='lat' dir='ltr'><strong><em>si</em></strong></span> <span class='ocrx_word' id='word_1_271' title='bbox 2227 1955 2540 2014; x_wconf 87' lang='lat' dir='ltr'><strong><em>peccatores</em></strong></span> <span class='ocrx_word' id='word_1_272' title='bbox 2566 1945 2672 1998; x_wconf 92' lang='lat' dir='ltr'><strong><em>sint</em></strong></span> <span class='ocrx_word' id='word_1_273' title='bbox 2694 1962 2708 2011; x_wconf 89' lang='lat'>;</span> <span class='ocrx_word' id='word_1_274' title='bbox 2742 1953 2935 2012; x_wconf 90' lang='lat' dir='ltr'><strong><em>puteus</em></strong></span> <span class='ocrx_word' id='word_1_275' title='bbox 2958 1958 3088 1998; x_wconf 87' lang='lat' dir='ltr'><strong><em>vero</em></strong></span> <span class='ocrx_word' id='word_1_276' title='bbox 3116 1943 3170 1996; x_wconf 91' lang='lat' dir='ltr'><strong><em>in</em></strong></span> <span class='ocrx_word' id='word_1_277' title='bbox 3202 1952 3343 1997; x_wconf 88' lang='lat' dir='ltr'><strong><em>terra</em></strong></span> <span class='ocrx_word' id='word_1_278' title='bbox 3365 1952 3486 1999; x_wconf 84' lang='lat' dir='ltr'><strong><em>est:</em></strong></span> 
     </span>
    </p>
   </div>
   <div class='ocr_carea' id='block_1_33' title="bbox 229 2035 1910 2112">
    <p class='ocr_par' dir='ltr' id='par_1_33' title="bbox 229 2042 1810 2112">
     <span class='ocr_line' id='line_1_33' title="bbox 229 2042 1810 2112; baseline -0.001 -19"><span class='ocrx_word' id='word_1_279' title='bbox 229 2042 293 2094; x_wconf 78' lang='grc' dir='ltr'><strong><em>οὑ</em></strong></span> <span class='ocrx_word' id='word_1_280' title='bbox 329 2043 436 2112; x_wconf 85' lang='grc' dir='ltr'><strong><em>γάρ</em></strong></span> <span class='ocrx_word' id='word_1_281' title='bbox 469 2042 644 2104; x_wconf 79' lang='grc' dir='ltr'><em>ἄλλως</em></span> <span class='ocrx_word' id='word_1_282' title='bbox 675 2044 736 2095; x_wconf 79' lang='grc' dir='ltr'><em>τὸ</em></span> <span class='ocrx_word' id='word_1_283' title='bbox 764 2043 1172 2112; x_wconf 74' lang='grc' dir='ltr'><em>ἀναπύδραστον</em></span> <span class='ocrx_word' id='word_1_284' title='bbox 1201 2043 1233 2111; x_wconf 80' lang='grc' dir='ltr'>ἢ</span> <span class='ocrx_word' id='word_1_285' title='bbox 1267 2042 1352 2095; x_wconf 78' lang='grc' dir='ltr'><em>διὰ</em></span> <span class='ocrx_word' id='word_1_286' title='bbox 1383 2042 1614 2112; x_wconf 82' lang='grc' dir='ltr'><em>φρέατος</em></span> <span class='ocrx_word' id='word_1_287' title='bbox 1643 2042 1810 2110; x_wconf 86' lang='grc' dir='ltr'><em>δηλω-</em></span> 
     </span>
    </p>
   </div>
   <div class='ocr_carea' id='block_1_34' title="bbox 1800 2035 3481 2112">
    <p class='ocr_par' dir='ltr' id='par_1_34' title="bbox 1800 2035 3481 2109">
     <span class='ocr_line' id='line_1_34' title="bbox 1800 2035 3481 2109; baseline -0.002 -18"><span class='ocrx_word' id='word_1_288' title='bbox 1800 2071 1810 2082; x_wconf 90' lang='grc'><strong>-</strong></span> <span class='ocrx_word' id='word_1_289' title='bbox 1910 2054 2087 2109; x_wconf 91' lang='lat' dir='ltr'><strong><em>neque</em></strong></span> <span class='ocrx_word' id='word_1_290' title='bbox 2114 2039 2262 2093; x_wconf 90' lang='lat' dir='ltr'><strong><em>enim</em></strong></span> <span class='ocrx_word' id='word_1_291' title='bbox 2293 2038 2400 2090; x_wconf 91' lang='lat' dir='ltr'><strong><em>alio</em></strong></span> <span class='ocrx_word' id='word_1_292' title='bbox 2429 2036 2592 2090; x_wconf 89' lang='lat' dir='ltr'><strong><em>modo</em></strong></span> <span class='ocrx_word' id='word_1_293' title='bbox 2616 2036 3021 2105; x_wconf 81' lang='lat' dir='ltr'><strong><em>signiﬁcaretur</em></strong></span> <span class='ocrx_word' id='word_1_294' title='bbox 3072 2035 3481 2100; x_wconf 85' lang='lat' dir='ltr'><strong><em>inevitabilitas,</em></strong></span> 
     </span>
    </p>
   </div>
   <div class='ocr_carea' id='block_1_35' title="bbox 230 2127 1911 2204">
    <p class='ocr_par' dir='ltr' id='par_1_35' title="bbox 230 2134 1911 2204">
     <span class='ocr_line' id='line_1_35' title="bbox 230 2134 1911 2204; baseline 0 -19"><span class='ocrx_word' id='word_1_295' title='bbox 230 2134 376 2202; x_wconf 87' lang='grc' dir='ltr'><em>θείη.</em></span> <span class='ocrx_word' id='word_1_296' title='bbox 409 2134 678 2197; x_wconf 79' lang='grc' dir='ltr'><em>Ἀϐυσσος</em></span> <span class='ocrx_word' id='word_1_297' title='bbox 709 2135 765 2186; x_wconf 83' lang='grc' dir='ltr'><em>δὲ</em></span> <span class='ocrx_word' id='word_1_298' title='bbox 795 2136 887 2187; x_wconf 81' lang='grc' dir='ltr'><em>καὶ</em></span> <span class='ocrx_word' id='word_1_299' title='bbox 918 2137 977 2186; x_wconf 87' lang='grc' dir='ltr'><em>ἐν</em></span> <span class='ocrx_word' id='word_1_300' title='bbox 1007 2139 1078 2204; x_wconf 84' lang='grc' dir='ltr'><em>γῇ</em></span> <span class='ocrx_word' id='word_1_301' title='bbox 1116 2149 1129 2163; x_wconf 82' lang='grc'><strong><em>⁸</em></strong></span> <span class='ocrx_word' id='word_1_302' title='bbox 1161 2135 1253 2187; x_wconf 77' lang='grc' dir='ltr'><strong><em>ἐπὶ</em></strong></span> <span class='ocrx_word' id='word_1_303' title='bbox 1286 2134 1390 2203; x_wconf 82' lang='grc' dir='ltr'><em>γῆς</em></span> <span class='ocrx_word' id='word_1_304' title='bbox 1422 2135 1587 2204; x_wconf 85' lang='grc' dir='ltr'><strong><em>γάρή</em></strong></span> <span class='ocrx_word' id='word_1_305' title='bbox 1631 2151 1806 2202; x_wconf 83' lang='grc' dir='ltr'><em>τιμω-</em></span> <span class='ocrx_word' id='word_1_306' title='bbox 1910 2147 1911 2150; x_wconf 81' lang='lat'>‘</span> 
     </span>
    </p>
   </div>
   <div class='ocr_carea' id='block_1_36' title="bbox 1803 2127 3484 2204">
    <p class='ocr_par' dir='ltr' id='par_1_36' title="bbox 1803 2127 3484 2198">
     <span class='ocr_line' id='line_1_36' title="bbox 1803 2127 3484 2198; baseline -0.001 -16"><span class='ocrx_word' id='word_1_307' title='bbox 1803 2163 1806 2171; x_wconf 69' lang='grc' dir='ltr'><strong><em>ι</em></strong></span> <span class='ocrx_word' id='word_1_308' title='bbox 1910 2130 2014 2183; x_wconf 89' lang='lat' dir='ltr'><strong><em>nisi</em></strong></span> <span class='ocrx_word' id='word_1_309' title='bbox 2050 2144 2147 2198; x_wconf 89' lang='lat' dir='ltr'><strong><em>per</em></strong></span> <span class='ocrx_word' id='word_1_310' title='bbox 2175 2136 2398 2196; x_wconf 86' lang='lat' dir='ltr'><strong><em>puteum</em></strong></span> <span class='ocrx_word' id='word_1_311' title='bbox 2430 2143 2444 2180; x_wconf 87' lang='lat'><strong>:</strong></span> <span class='ocrx_word' id='word_1_312' title='bbox 2477 2127 2709 2196; x_wconf 80' lang='lat' dir='ltr'><strong><em>abyssus</em></strong></span> <span class='ocrx_word' id='word_1_313' title='bbox 2739 2143 2957 2196; x_wconf 91' lang='lat' dir='ltr'><strong><em>quoque</em></strong></span> <span class='ocrx_word' id='word_1_314' title='bbox 2985 2128 3037 2181; x_wconf 91' lang='lat' dir='ltr'><strong><em>in</em></strong></span> <span class='ocrx_word' id='word_1_315' title='bbox 3066 2136 3208 2181; x_wconf 87' lang='lat' dir='ltr'><strong><em>terra</em></strong></span> <span class='ocrx_word' id='word_1_316' title='bbox 3239 2131 3362 2182; x_wconf 85' lang='lat' dir='ltr'><strong><em>esse</em></strong></span> <span class='ocrx_word' id='word_1_317' title='bbox 3404 2129 3484 2180; x_wconf 81' lang='lat' dir='ltr'><strong><em>di-</em></strong></span> 
     </span>
    </p>
   </div>
   <div class='ocr_carea' id='block_1_37' title="bbox 232 2221 1913 2297">
    <p class='ocr_par' dir='ltr' id='par_1_37' title="bbox 232 2225 1913 2297">
     <span class='ocr_line' id='line_1_37' title="bbox 232 2225 1913 2297; baseline 0.002 -21"><span class='ocrx_word' id='word_1_318' title='bbox 232 2226 331 2296; x_wconf 79' lang='grc' dir='ltr'><strong><em>ρία</em></strong></span> <span class='ocrx_word' id='word_1_319' title='bbox 362 2226 456 2278; x_wconf 73' lang='grc' dir='ltr'><em>καὶ</em></span> <span class='ocrx_word' id='word_1_320' title='bbox 488 2228 544 2277; x_wconf 84' lang='grc' dir='ltr'><em>ὲν</em></span> <span class='ocrx_word' id='word_1_321' title='bbox 581 2225 804 2296; x_wconf 81' lang='grc' dir='ltr'><em>ἀϐύσσῳ</em></span> <span class='ocrx_word' id='word_1_322' title='bbox 865 2228 1082 2297; x_wconf 86' lang='grc' dir='ltr'><em>φρέατι.</em></span> <span class='ocrx_word' id='word_1_323' title='bbox 1125 2227 1396 2280; x_wconf 83' lang='grc' dir='ltr'><em>Ἀϐυσσον</em></span> <span class='ocrx_word' id='word_1_324' title='bbox 1428 2229 1538 2296; x_wconf 79' lang='grc' dir='ltr'><em>γὰρ</em></span> <span class='ocrx_word' id='word_1_325' title='bbox 1586 2226 1809 2279; x_wconf 82' lang='grc' dir='ltr'><em>καλοῦσι</em></span> <span class='ocrx_word' id='word_1_326' title='bbox 1910 2247 1913 2268; x_wconf 72' lang='grc' dir='ltr'><strong>ε</strong></span> 
     </span>
    </p>
   </div>
   <div class='ocr_carea' id='block_1_38' title="bbox 1806 2221 3487 2297">
    <p class='ocr_par' dir='ltr' id='par_1_38' title="bbox 1806 2221 3487 2293">
     <span class='ocr_line' id='line_1_38' title="bbox 1806 2221 3487 2293; baseline -0.001 -16"><span class='ocrx_word' id='word_1_327' title='bbox 1806 2265 1809 2277; x_wconf 86' lang='grc'><strong>,</strong></span> <span class='ocrx_word' id='word_1_328' title='bbox 1910 2225 2052 2276; x_wconf 91' lang='lat' dir='ltr'><strong><em>citur</em></strong></span> <span class='ocrx_word' id='word_1_329' title='bbox 2085 2237 2251 2276; x_wconf 87' lang='lat' dir='ltr'><strong><em>:nam</em></strong></span> <span class='ocrx_word' id='word_1_330' title='bbox 2297 2221 2350 2275; x_wconf 91' lang='lat' dir='ltr'><strong><em>in</em></strong></span> <span class='ocrx_word' id='word_1_331' title='bbox 2392 2231 2533 2275; x_wconf 82' lang='lat' dir='ltr'><strong><em>terra</em></strong></span> <span class='ocrx_word' id='word_1_332' title='bbox 2584 2231 2667 2276; x_wconf 89' lang='lat' dir='ltr'><strong><em>est</em></strong></span> <span class='ocrx_word' id='word_1_333' title='bbox 2704 2223 3026 2290; x_wconf 81' lang='lat' dir='ltr'><strong><em>supplicium</em></strong></span> <span class='ocrx_word' id='word_1_334' title='bbox 3082 2231 3133 2276; x_wconf 89' lang='lat' dir='ltr'><strong><em>et</em></strong></span> <span class='ocrx_word' id='word_1_335' title='bbox 3188 2223 3243 2276; x_wconf 91' lang='lat' dir='ltr'><strong><em>in</em></strong></span> <span class='ocrx_word' id='word_1_336' title='bbox 3291 2222 3487 2293; x_wconf 83' lang='lat' dir='ltr'><strong><em>abysso</em></strong></span> 
     </span>
    </p>
   </div>
   <div class='ocr_carea' id='block_1_39' title="bbox 229 2313 1910 2388">
    <p class='ocr_par' dir='ltr' id='par_1_39' title="bbox 229 2315 1808 2388">
     <span class='ocr_line' id='line_1_39' title="bbox 229 2315 1808 2388; baseline 0.001 -22"><span class='ocrx_word' id='word_1_337' title='bbox 229 2315 298 2366; x_wconf 80' lang='grc' dir='ltr'><em>τὸ</em></span> <span class='ocrx_word' id='word_1_338' title='bbox 328 2315 468 2372; x_wconf 81' lang='grc' dir='ltr'><strong><em>πολὺ</em></strong></span> <span class='ocrx_word' id='word_1_339' title='bbox 497 2315 658 2384; x_wconf 68' lang='grc' dir='ltr'><em>βάθος</em></span> <span class='ocrx_word' id='word_1_340' title='bbox 684 2317 777 2369; x_wconf 78' lang='grc' dir='ltr'><strong><em>τοῦ</em></strong></span> <span class='ocrx_word' id='word_1_341' title='bbox 810 2318 1026 2386; x_wconf 83' lang='grc' dir='ltr'><em>πρώτου</em></span> <span class='ocrx_word' id='word_1_342' title='bbox 1065 2318 1350 2388; x_wconf 79' lang='grc' dir='ltr'><strong><em>στοιχείου,</em></strong></span> <span class='ocrx_word' id='word_1_343' title='bbox 1380 2317 1412 2388; x_wconf 82' lang='grc' dir='ltr'>ἢ</span> <span class='ocrx_word' id='word_1_344' title='bbox 1439 2317 1584 2369; x_wconf 81' lang='grc' dir='ltr'><em>κατὰ</em></span> <span class='ocrx_word' id='word_1_345' title='bbox 1615 2320 1808 2387; x_wconf 54' lang='grc' dir='ltr'><em>στέριῃ-</em></span> 
     </span>
    </p>
   </div>
   <div class='ocr_carea' id='block_1_40' title="bbox 1806 2313 3487 2388">
    <p class='ocr_par' dir='ltr' id='par_1_40' title="bbox 1806 2313 3487 2385">
     <span class='ocr_line' id='line_1_40' title="bbox 1806 2313 3487 2385; baseline 0.001 -18"><span class='ocrx_word' id='word_1_346' title='bbox 1806 2348 1808 2356; x_wconf 76' lang='grc' dir='ltr'><strong><em>ι</em></strong></span> <span class='ocrx_word' id='word_1_347' title='bbox 1912 2324 2098 2384; x_wconf 88' lang='lat' dir='ltr'><strong><em>puteo.</em></strong></span> <span class='ocrx_word' id='word_1_348' title='bbox 2126 2313 2402 2382; x_wconf 88' lang='lat' dir='ltr'><strong><em>Siquidem</em></strong></span> <span class='ocrx_word' id='word_1_349' title='bbox 2432 2313 2688 2382; x_wconf 83' lang='lat' dir='ltr'><strong><em>abyssum</em></strong></span> <span class='ocrx_word' id='word_1_350' title='bbox 2741 2322 2940 2368; x_wconf 88' lang='lat' dir='ltr'><strong><em>vocant</em></strong></span> <span class='ocrx_word' id='word_1_351' title='bbox 2965 2314 3338 2369; x_wconf 88' lang='lat' dir='ltr'><strong><em>vehementem</em></strong></span> <span class='ocrx_word' id='word_1_352' title='bbox 3380 2315 3487 2385; x_wconf 89' lang='lat' dir='ltr'><strong><em>pri-</em></strong></span> 
     </span>
    </p>
   </div>
   <div class='ocr_carea' id='block_1_41' title="bbox 233 2403 1914 2477">
    <p class='ocr_par' dir='ltr' id='par_1_41' title="bbox 233 2404 1914 2477">
     <span class='ocr_line' id='line_1_41' title="bbox 233 2404 1914 2477; baseline 0.002 -20"><span class='ocrx_word' id='word_1_353' title='bbox 233 2423 323 2458; x_wconf 83' lang='grc' dir='ltr'><strong><em>σιν</em></strong></span> <span class='ocrx_word' id='word_1_354' title='bbox 382 2404 474 2457; x_wconf 84' lang='grc' dir='ltr'><strong><em>τοῦ</em></strong></span> <span class='ocrx_word' id='word_1_355' title='bbox 530 2405 790 2475; x_wconf 81' lang='grc' dir='ltr'><em>βεϐὑσοαι</em></span> <span class='ocrx_word' id='word_1_356' title='bbox 838 2408 897 2460; x_wconf 84' lang='grc' dir='ltr'><em>τὸ</em></span> <span class='ocrx_word' id='word_1_357' title='bbox 955 2407 1207 2477; x_wconf 85' lang='grc' dir='ltr'><em>ἀειχανὲς</em></span> <span class='ocrx_word' id='word_1_358' title='bbox 1257 2407 1802 2476; x_wconf 82' lang='grc' dir='ltr'><em>ὑποϐαλλομένου,ἢ</em></span> <span class='ocrx_word' id='word_1_359' title='bbox 1913 2423 1914 2427; x_wconf 82' lang='lat'>‘</span> 
     </span>
    </p>
   </div>
   <div class='ocr_carea' id='block_1_42' title="bbox 1804 2403 3485 2477">
    <p class='ocr_par' dir='ltr' id='par_1_42' title="bbox 1913 2403 3485 2474">
     <span class='ocr_line' id='line_1_42' title="bbox 1913 2403 3485 2474; baseline -0.002 -16"><span class='ocrx_word' id='word_1_360' title='bbox 1913 2405 1987 2458; x_wconf 92' lang='lat' dir='ltr'><strong><em>mi</em></strong></span> <span class='ocrx_word' id='word_1_361' title='bbox 2022 2404 2276 2459; x_wconf 88' lang='lat' dir='ltr'><strong><em>elementi</em></strong></span> <span class='ocrx_word' id='word_1_362' title='bbox 2304 2403 2751 2474; x_wconf 80' lang='lat' dir='ltr'><strong><em>profunditatem,</em></strong></span> <span class='ocrx_word' id='word_1_363' title='bbox 2781 2412 2877 2458; x_wconf 86' lang='lat' dir='ltr'><strong><em>aut</em></strong></span> <span class='ocrx_word' id='word_1_364' title='bbox 2902 2419 2999 2472; x_wconf 91' lang='lat' dir='ltr'><strong><em>per</em></strong></span> <span class='ocrx_word' id='word_1_365' title='bbox 3015 2404 3372 2473; x_wconf 84' lang='lat' dir='ltr'><strong><em>privationem</em></strong></span> <span class='ocrx_word' id='word_1_366' title='bbox 3392 2403 3485 2457; x_wconf 81' lang='grc' dir='ltr'><em>τοῦ</em></span> 
     </span>
    </p>
   </div>
   <div class='ocr_carea' id='block_1_43' title="bbox 236 2494 1917 2569">
    <p class='ocr_par' dir='ltr' id='par_1_43' title="bbox 236 2497 1917 2569">
     <span class='ocr_line' id='line_1_43' title="bbox 236 2497 1917 2569; baseline 0.002 -20"><span class='ocrx_word' id='word_1_367' title='bbox 236 2498 385 2549; x_wconf 76' lang='grc' dir='ltr'><em>κατὰ</em></span> <span class='ocrx_word' id='word_1_368' title='bbox 435 2498 684 2551; x_wconf 76' lang='grc' dir='ltr'><em>ἐπίτασιν</em></span> <span class='ocrx_word' id='word_1_369' title='bbox 743 2499 806 2551; x_wconf 83' lang='grc' dir='ltr'><em>τὸ</em></span> <span class='ocrx_word' id='word_1_370' title='bbox 851 2497 1154 2562; x_wconf 82' lang='grc' dir='ltr'><em>πολυϐαθὲς</em></span> <span class='ocrx_word' id='word_1_371' title='bbox 1209 2499 1648 2569; x_wconf 74' lang='grc' dir='ltr'><em>παριστάνοντος.</em></span> <span class='ocrx_word' id='word_1_372' title='bbox 1690 2501 1811 2552; x_wconf 76' lang='grc' dir='ltr'><em>Ὀτι</em></span> <span class='ocrx_word' id='word_1_373' title='bbox 1914 2507 1917 2565; x_wconf 69' lang='lat' dir='ltr'><strong><em>j</em></strong></span> 
     </span>
    </p>
   </div>
   <div class='ocr_carea' id='block_1_44' title="bbox 1808 2494 3489 2569">
    <p class='ocr_par' dir='ltr' id='par_1_44' title="bbox 1808 2494 3489 2566">
     <span class='ocr_line' id='line_1_44' title="bbox 1808 2494 3489 2566; baseline 0.001 -16"><span class='ocrx_word' id='word_1_374' title='bbox 1808 2538 1811 2550; x_wconf 96' lang='lat'><strong><em>.</em></strong></span> <span class='ocrx_word' id='word_1_375' title='bbox 1914 2494 2193 2566; x_wconf 85' lang='grc' dir='ltr'><em>βεϐύσθαι,</em></span> <span class='ocrx_word' id='word_1_376' title='bbox 2218 2496 2273 2550; x_wconf 87' lang='lat' dir='ltr'><strong><em>id</em></strong></span> <span class='ocrx_word' id='word_1_377' title='bbox 2314 2505 2401 2551; x_wconf 91' lang='lat' dir='ltr'><strong><em>est</em></strong></span> <span class='ocrx_word' id='word_1_378' title='bbox 2425 2495 2830 2561; x_wconf 86' lang='lat' dir='ltr'><strong><em>occultationis,</em></strong></span> <span class='ocrx_word' id='word_1_379' title='bbox 2872 2495 3019 2565; x_wconf 89' lang='lat' dir='ltr'><strong><em>quod</em></strong></span> <span class='ocrx_word' id='word_1_380' title='bbox 3045 2512 3262 2566; x_wconf 88' lang='lat' dir='ltr'><strong><em>semper</em></strong></span> <span class='ocrx_word' id='word_1_381' title='bbox 3286 2497 3489 2552; x_wconf 89' lang='lat' dir='ltr'><strong><em>hiando</em></strong></span> 
     </span>
    </p>
   </div>
   <div class='ocr_carea' id='block_1_45' title="bbox 232 2589 1913 2661">
    <p class='ocr_par' dir='ltr' id='par_1_45' title="bbox 232 2589 1812 2661">
     <span class='ocr_line' id='line_1_45' title="bbox 232 2589 1812 2661; baseline 0.009 -22"><span class='ocrx_word' id='word_1_382' title='bbox 232 2589 294 2640; x_wconf 79' lang='grc' dir='ltr'><strong><em>δὲ</em></strong></span> <span class='ocrx_word' id='word_1_383' title='bbox 327 2592 383 2641; x_wconf 85' lang='grc' dir='ltr'><em>ὲν</em></span> <span class='ocrx_word' id='word_1_384' title='bbox 413 2593 481 2658; x_wconf 78' lang='grc' dir='ltr'><em>γῇ</em></span> <span class='ocrx_word' id='word_1_385' title='bbox 507 2593 539 2660; x_wconf 82' lang='grc' dir='ltr'>ὴ</span> <span class='ocrx_word' id='word_1_386' title='bbox 568 2589 768 2660; x_wconf 88' lang='grc' dir='ltr'><em>κρίσις,</em></span> <span class='ocrx_word' id='word_1_387' title='bbox 795 2590 906 2643; x_wconf 85' lang='grc' dir='ltr'><strong><em>τῶν</em></strong></span> <span class='ocrx_word' id='word_1_388' title='bbox 936 2591 1106 2658; x_wconf 82' lang='grc' dir='ltr'><strong><em>ἁγίων</em></strong></span> <span class='ocrx_word' id='word_1_389' title='bbox 1137 2609 1220 2653; x_wconf 88' lang='grc' dir='ltr'><strong><em>τις</em></strong></span> <span class='ocrx_word' id='word_1_390' title='bbox 1269 2591 1563 2661; x_wconf 82' lang='grc' dir='ltr'><em>προφητῶν</em></span> <span class='ocrx_word' id='word_1_391' title='bbox 1591 2591 1679 2644; x_wconf 66' lang='grc' dir='ltr'><em>διὰ</em></span> <span class='ocrx_word' id='word_1_392' title='bbox 1715 2594 1812 2659; x_wconf 83' lang='grc' dir='ltr'><strong><em>τῆς</em></strong></span> 
     </span>
    </p>
   </div>
   <div class='ocr_carea' id='block_1_46' title="bbox 1803 2589 3484 2661">
    <p class='ocr_par' dir='ltr' id='par_1_46' title="bbox 1803 2589 3484 2660">
     <span class='ocr_line' id='line_1_46' title="bbox 1803 2589 3484 2660; baseline 0.002 -17"><span class='ocrx_word' id='word_1_393' title='bbox 1803 2608 1812 2653; x_wconf 88' lang='lat'><strong>;</strong></span> <span class='ocrx_word' id='word_1_394' title='bbox 1915 2605 2024 2644; x_wconf 91' lang='lat' dir='ltr'><strong><em>non</em></strong></span> <span class='ocrx_word' id='word_1_395' title='bbox 2057 2590 2291 2644; x_wconf 87' lang='lat' dir='ltr'><strong><em>occultet</em></strong></span> <span class='ocrx_word' id='word_1_396' title='bbox 2330 2590 2380 2643; x_wconf 91' lang='lat' dir='ltr'><strong><em>id</em></strong></span> <span class='ocrx_word' id='word_1_397' title='bbox 2417 2589 2558 2658; x_wconf 82' lang='lat' dir='ltr'><strong><em>quod</em></strong></span> <span class='ocrx_word' id='word_1_398' title='bbox 2589 2591 2931 2658; x_wconf 84' lang='lat' dir='ltr'><strong><em>suppositum</em></strong></span> <span class='ocrx_word' id='word_1_399' title='bbox 2965 2599 3059 2644; x_wconf 87' lang='lat' dir='ltr'><strong><em>aut</em></strong></span> <span class='ocrx_word' id='word_1_400' title='bbox 3098 2589 3357 2660; x_wconf 89' lang='lat' dir='ltr'><strong><em>injectum</em></strong></span> <span class='ocrx_word' id='word_1_401' title='bbox 3381 2603 3484 2657; x_wconf 90' lang='lat' dir='ltr'><strong><em>est,</em></strong></span> 
     </span>
    </p>
   </div>
   <div class='ocr_carea' id='block_1_47' title="bbox 234 2678 1915 2756">
    <p class='ocr_par' dir='ltr' id='par_1_47' title="bbox 234 2678 1814 2756">
     <span class='ocr_line' id='line_1_47' title="bbox 234 2678 1814 2756; baseline 0.002 -24"><span class='ocrx_word' id='word_1_402' title='bbox 234 2682 484 2745; x_wconf 83' lang='grc' dir='ltr'><em>κοιλάδος</em></span> <span class='ocrx_word' id='word_1_403' title='bbox 512 2683 732 2753; x_wconf 73' lang='grc' dir='ltr'><em>ᾐνίξατο</em></span> <span class='ocrx_word' id='word_1_404' title='bbox 761 2683 854 2736; x_wconf 82' lang='grc' dir='ltr'><strong><em>τοῦ</em></strong></span> <span class='ocrx_word' id='word_1_405' title='bbox 890 2684 1178 2752; x_wconf 83' lang='grc' dir='ltr'><em>Ἰωσαφὰτ,</em></span> <span class='ocrx_word' id='word_1_406' title='bbox 1204 2685 1261 2736; x_wconf 79' lang='grc' dir='ltr'><strong><em>έν</em></strong></span> <span class='ocrx_word' id='word_1_407' title='bbox 1354 2684 1695 2737; x_wconf 82' lang='grc' dir='ltr'><strong><em>καθεδεῖσθαι</em></strong></span> <span class='ocrx_word' id='word_1_408' title='bbox 1723 2685 1814 2735; x_wconf 77' lang='grc' dir='ltr'><em>τὸν</em></span> 
     </span>
    </p>
   </div>
   <div class='ocr_carea' id='block_1_48' title="bbox 1809 2678 3490 2756">
    <p class='ocr_par' dir='ltr' id='par_1_48' title="bbox 1809 2685 3490 2756">
     <span class='ocr_line' id='line_1_48' title="bbox 1809 2685 3490 2756; baseline 0.002 -19"><span class='ocrx_word' id='word_1_409' title='bbox 1809 2703 1814 2725; x_wconf 70' lang='grc' dir='ltr'>ν</span> <span class='ocrx_word' id='word_1_410' title='bbox 1915 2693 2006 2737; x_wconf 89' lang='lat' dir='ltr'><strong><em>aut</em></strong></span> <span class='ocrx_word' id='word_1_411' title='bbox 2041 2700 2134 2753; x_wconf 88' lang='lat' dir='ltr'><strong><em>per</em></strong></span> <span class='ocrx_word' id='word_1_412' title='bbox 2188 2685 2548 2738; x_wconf 89' lang='lat' dir='ltr'><strong><em>intensionem</em></strong></span> <span class='ocrx_word' id='word_1_413' title='bbox 2584 2685 2740 2755; x_wconf 87' lang='lat' dir='ltr'><strong><em>(nam</em></strong></span> <span class='ocrx_word' id='word_1_414' title='bbox 2769 2703 2804 2736; x_wconf 90' lang='grc' dir='ltr'><strong><em>α</em></strong></span> <span class='ocrx_word' id='word_1_415' title='bbox 2852 2694 2906 2739; x_wconf 90' lang='lat' dir='ltr'><strong><em>et</em></strong></span> <span class='ocrx_word' id='word_1_416' title='bbox 2932 2685 3292 2754; x_wconf 81' lang='lat' dir='ltr'><strong><em>privationem</em></strong></span> <span class='ocrx_word' id='word_1_417' title='bbox 3317 2686 3490 2756; x_wconf 88' lang='lat' dir='ltr'><strong><em>signi-</em></strong></span> 
     </span>
    </p>
   </div>
   <div class='ocr_carea' id='block_1_49' title="bbox 236 2773 1917 2846">
    <p class='ocr_par' dir='ltr' id='par_1_49' title="bbox 236 2773 1917 2846">
     <span class='ocr_line' id='line_1_49' title="bbox 236 2773 1917 2846; baseline 0.001 -21"><span class='ocrx_word' id='word_1_418' title='bbox 236 2773 374 2825; x_wconf 74' lang='grc' dir='ltr'><em>θεὸν</em></span> <span class='ocrx_word' id='word_1_419' title='bbox 421 2777 497 2834; x_wconf 82' lang='grc' dir='ltr'><strong><em>είς</em></strong></span> <span class='ocrx_word' id='word_1_420' title='bbox 550 2774 731 2845; x_wconf 79' lang='grc' dir='ltr'><em>κρίσιν</em></span> <span class='ocrx_word' id='word_1_421' title='bbox 775 2775 1270 2846; x_wconf 75' lang='grc' dir='ltr'><em>ἐχρησμοδότησεν,</em></span> <span class='ocrx_word' id='word_1_422' title='bbox 1301 2774 1379 2843; x_wconf 81' lang='grc' dir='ltr'><em>τῷ</em></span> <span class='ocrx_word' id='word_1_423' title='bbox 1429 2774 1655 2837; x_wconf 85' lang='grc' dir='ltr'><em>πολλοὺς</em></span> <span class='ocrx_word' id='word_1_424' title='bbox 1699 2774 1814 2825; x_wconf 74' lang='grc' dir='ltr'><em>ἐκεῖ</em></span> <span class='ocrx_word' id='word_1_425' title='bbox 1916 2822 1917 2826; x_wconf 45' lang='grc' dir='ltr'><strong><em>η</em></strong></span> 
     </span>
    </p>
   </div>
   <div class='ocr_carea' id='block_1_50' title="bbox 1811 2773 3492 2846">
    <p class='ocr_par' dir='ltr' id='par_1_50' title="bbox 1811 2773 3492 2842">
     <span class='ocr_line' id='line_1_50' title="bbox 1811 2773 3492 2842; baseline 0.001 -14"><span class='ocrx_word' id='word_1_426' title='bbox 1811 2775 1814 2820; x_wconf 75' lang='grc' dir='ltr'><strong><em>Γ</em></strong></span> <span class='ocrx_word' id='word_1_427' title='bbox 1916 2777 2039 2828; x_wconf 87' lang='lat' dir='ltr'><strong><em>ticat</em></strong></span> <span class='ocrx_word' id='word_1_428' title='bbox 2069 2785 2123 2828; x_wconf 88' lang='lat' dir='ltr'><strong><em>et</em></strong></span> <span class='ocrx_word' id='word_1_429' title='bbox 2153 2773 2559 2841; x_wconf 88' lang='lat' dir='ltr'><strong><em>inteusionem)</em></strong></span> <span class='ocrx_word' id='word_1_430' title='bbox 2607 2777 2752 2842; x_wconf 91' lang='lat' dir='ltr'><strong><em>quod</em></strong></span> <span class='ocrx_word' id='word_1_431' title='bbox 2801 2774 3180 2829; x_wconf 85' lang='lat' dir='ltr'><strong><em>vehementem</em></strong></span> <span class='ocrx_word' id='word_1_432' title='bbox 3238 2777 3492 2830; x_wconf 87' lang='lat' dir='ltr'><strong><em>ostendat</em></strong></span> 
     </span>
    </p>
   </div>
   <div class='ocr_carea' id='block_1_51' title="bbox 238 2865 1919 2937">
    <p class='ocr_par' dir='ltr' id='par_1_51' title="bbox 238 2865 1919 2937">
     <span class='ocr_line' id='line_1_51' title="bbox 238 2865 1919 2937; baseline 0 -20"><span class='ocrx_word' id='word_1_433' title='bbox 238 2867 510 2934; x_wconf 77' lang='grc' dir='ltr'><em>πολέμους</em></span> <span class='ocrx_word' id='word_1_434' title='bbox 563 2870 861 2936; x_wconf 79' lang='grc' dir='ltr'><em>συμπεσεῖν</em></span> <span class='ocrx_word' id='word_1_435' title='bbox 903 2868 996 2920; x_wconf 78' lang='grc' dir='ltr'><em>καὶ</em></span> <span class='ocrx_word' id='word_1_436' title='bbox 1042 2867 1441 2937; x_wconf 84' lang='grc' dir='ltr'><em>συγχωσθῆναι.</em></span> <span class='ocrx_word' id='word_1_437' title='bbox 1489 2866 1709 2918; x_wconf 83' lang='grc' dir='ltr'><em>Καπνὸν</em></span> <span class='ocrx_word' id='word_1_438' title='bbox 1758 2865 1814 2919; x_wconf 82' lang='grc' dir='ltr'><em>δὲ</em></span> <span class='ocrx_word' id='word_1_439' title='bbox 1917 2882 1919 2934; x_wconf 82' lang='lat' dir='ltr'><strong><em>j</em></strong></span> 
     </span>
    </p>
   </div>
   <div class='ocr_carea' id='block_1_52' title="bbox 1806 2865 3487 2937">
    <p class='ocr_par' dir='ltr' id='par_1_52' title="bbox 1806 2865 3487 2936">
     <span class='ocr_line' id='line_1_52' title="bbox 1806 2865 3487 2936; baseline 0.004 -20"><span class='ocrx_word' id='word_1_440' title='bbox 1806 2883 1814 2916; x_wconf 86' lang='lat'><strong>:</strong></span> <span class='ocrx_word' id='word_1_441' title='bbox 1917 2867 2362 2936; x_wconf 77' lang='lat' dir='ltr'><strong><em>profunditatem.</em></strong></span> <span class='ocrx_word' id='word_1_442' title='bbox 2392 2866 2545 2932; x_wconf 86' lang='lat' dir='ltr'><strong><em>Quod</em></strong></span> <span class='ocrx_word' id='word_1_443' title='bbox 2571 2879 2750 2919; x_wconf 88' lang='lat' dir='ltr'><strong><em>autem</em></strong></span> <span class='ocrx_word' id='word_1_444' title='bbox 2783 2867 2837 2921; x_wconf 92' lang='lat' dir='ltr'><strong><em>in</em></strong></span> <span class='ocrx_word' id='word_1_445' title='bbox 2866 2875 3007 2921; x_wconf 86' lang='lat' dir='ltr'><strong><em>terra</em></strong></span> <span class='ocrx_word' id='word_1_446' title='bbox 3035 2865 3281 2921; x_wconf 80' lang='lat' dir='ltr'><strong><em>futurum</em></strong></span> <span class='ocrx_word' id='word_1_447' title='bbox 3308 2869 3487 2935; x_wconf 85' lang='lat' dir='ltr'><strong><em>sitju-</em></strong></span> 
     </span>
    </p>
   </div>
   <div class='ocr_carea' id='block_1_53' title="bbox 238 2959 1919 3031">
    <p class='ocr_par' dir='ltr' id='par_1_53' title="bbox 238 2961 1919 3031">
     <span class='ocr_line' id='line_1_53' title="bbox 238 2961 1919 3031; baseline -0.002 -16"><span class='ocrx_word' id='word_1_448' title='bbox 238 2962 571 3028; x_wconf 80' lang='grc' dir='ltr'><em>ἀναδοθῆναι</em></span> <span class='ocrx_word' id='word_1_449' title='bbox 598 2963 705 3016; x_wconf 80' lang='grc' dir='ltr'><em>ἀπὸ</em></span> <span class='ocrx_word' id='word_1_450' title='bbox 729 2962 822 3014; x_wconf 82' lang='grc' dir='ltr'><strong><em>τοῦ</em></strong></span> <span class='ocrx_word' id='word_1_451' title='bbox 860 2963 1116 3031; x_wconf 81' lang='grc' dir='ltr'><em>φρέατος,</em></span> <span class='ocrx_word' id='word_1_452' title='bbox 1145 2961 1242 3031; x_wconf 85' lang='grc' dir='ltr'><em>τῆς</em></span> <span class='ocrx_word' id='word_1_453' title='bbox 1280 2963 1390 3013; x_wconf 89' lang='grc' dir='ltr'><strong><em>τῶν</em></strong></span> <span class='ocrx_word' id='word_1_454' title='bbox 1417 2963 1532 3012; x_wconf 80' lang='grc' dir='ltr'><em>ἐκεῖ</em></span> <span class='ocrx_word' id='word_1_455' title='bbox 1572 2977 1811 3030; x_wconf 85' lang='grc' dir='ltr'><em>περιειρ-</em></span> <span class='ocrx_word' id='word_1_456' title='bbox 1917 2985 1919 3002; x_wconf 86' lang='grc' dir='ltr'><strong><em>ι</em></strong></span> 
     </span>
    </p>
   </div>
   <div class='ocr_carea' id='block_1_54' title="bbox 1804 2959 3485 3031">
    <p class='ocr_par' dir='ltr' id='par_1_54' title="bbox 1804 2959 3485 3028">
     <span class='ocr_line' id='line_1_54' title="bbox 1804 2959 3485 3028; baseline 0 -16"><span class='ocrx_word' id='word_1_457' title='bbox 1804 2989 1811 2998; x_wconf 94' lang='grc'><strong>-</strong></span> <span class='ocrx_word' id='word_1_458' title='bbox 1917 2959 2144 3022; x_wconf 86' lang='lat' dir='ltr'><strong><em>dicium,</em></strong></span> <span class='ocrx_word' id='word_1_459' title='bbox 2175 2959 2395 3026; x_wconf 89' lang='lat' dir='ltr'><strong><em>quidam</em></strong></span> <span class='ocrx_word' id='word_1_460' title='bbox 2421 2965 2736 3012; x_wconf 87' lang='lat' dir='ltr'><strong><em>sanctorum</em></strong></span> <span class='ocrx_word' id='word_1_461' title='bbox 2764 2959 3150 3027; x_wconf 84' lang='lat' dir='ltr'><strong><em>prophetarum</em></strong></span> <span class='ocrx_word' id='word_1_462' title='bbox 3177 2975 3271 3028; x_wconf 88' lang='lat' dir='ltr'><strong><em>per</em></strong></span> <span class='ocrx_word' id='word_1_463' title='bbox 3295 2959 3485 3012; x_wconf 86' lang='lat' dir='ltr'><strong><em>vallem</em></strong></span> 
     </span>
    </p>
   </div>
   <div class='ocr_carea' id='block_1_55' title="bbox 237 3049 1918 3123">
    <p class='ocr_par' dir='ltr' id='par_1_55' title="bbox 237 3053 1918 3123">
     <span class='ocr_line' id='line_1_55' title="bbox 237 3053 1918 3123; baseline 0.001 -18"><span class='ocrx_word' id='word_1_464' title='bbox 237 3053 462 3122; x_wconf 84' lang='grc' dir='ltr'><em>γμένων</em></span> <span class='ocrx_word' id='word_1_465' title='bbox 480 3053 691 3107; x_wconf 84' lang='grc' dir='ltr'><em>ἀσεϐῶν</em></span> <span class='ocrx_word' id='word_1_466' title='bbox 718 3055 936 3123; x_wconf 82' lang='grc' dir='ltr'><strong><em>μνήμης</em></strong></span> <span class='ocrx_word' id='word_1_467' title='bbox 953 3070 1008 3106; x_wconf 86' lang='grc' dir='ltr'><strong><em>τε</em></strong></span> <span class='ocrx_word' id='word_1_468' title='bbox 1030 3055 1123 3106; x_wconf 78' lang='grc' dir='ltr'><em>καὶ</em></span> <span class='ocrx_word' id='word_1_469' title='bbox 1147 3054 1461 3120; x_wconf 78' lang='grc' dir='ltr'><em>ὲκφάνσεως</em></span> <span class='ocrx_word' id='word_1_470' title='bbox 1478 3053 1818 3121; x_wconf 79' lang='grc' dir='ltr'><em>όργιλώτατα</em></span> <span class='ocrx_word' id='word_1_471' title='bbox 1917 3090 1918 3096; x_wconf 60' lang='grc' dir='ltr'><strong><em>η</em></strong></span> 
     </span>
    </p>
   </div>
   <div class='ocr_carea' id='block_1_56' title="bbox 1810 3049 3491 3123">
    <p class='ocr_par' dir='ltr' id='par_1_56' title="bbox 1810 3049 3491 3118">
     <span class='ocr_line' id='line_1_56' title="bbox 1810 3049 3491 3118; baseline 0 -14"><span class='ocrx_word' id='word_1_472' title='bbox 1810 3071 1818 3104; x_wconf 77' lang='grc' dir='ltr'><strong><em>ι</em></strong></span> <span class='ocrx_word' id='word_1_473' title='bbox 1917 3049 2178 3118; x_wconf 84' lang='lat' dir='ltr'><strong><em>Josapliat</em></strong></span> <span class='ocrx_word' id='word_1_474' title='bbox 2213 3049 2531 3113; x_wconf 83' lang='lat' dir='ltr'><strong><em>insinuavit,</em></strong></span> <span class='ocrx_word' id='word_1_475' title='bbox 2565 3049 2620 3102; x_wconf 92' lang='lat' dir='ltr'><strong><em>in</em></strong></span> <span class='ocrx_word' id='word_1_476' title='bbox 2651 3065 2759 3118; x_wconf 89' lang='lat' dir='ltr'><strong><em>qua</em></strong></span> <span class='ocrx_word' id='word_1_477' title='bbox 2813 3065 3092 3104; x_wconf 84' lang='lat' dir='ltr'><strong><em>sessurum</em></strong></span> <span class='ocrx_word' id='word_1_478' title='bbox 3149 3065 3271 3104; x_wconf 88' lang='lat' dir='ltr'><strong><em>esse</em></strong></span> <span class='ocrx_word' id='word_1_479' title='bbox 3320 3049 3491 3105; x_wconf 86' lang='lat' dir='ltr'><strong><em>Deum</em></strong></span> 
     </span>
    </p>
   </div>
   <div class='ocr_carea' id='block_1_57' title="bbox 245 3134 1926 3220">
    <p class='ocr_par' dir='ltr' id='par_1_57' title="bbox 245 3145 1926 3220">
     <span class='ocr_line' id='line_1_57' title="bbox 245 3145 1926 3220; baseline -0.003 -22"><span class='ocrx_word' id='word_1_480' title='bbox 245 3145 708 3214; x_wconf 83' lang='grc' dir='ltr'><em>παραστησάσης,</em></span> <span class='ocrx_word' id='word_1_481' title='bbox 754 3147 846 3197; x_wconf 73' lang='grc' dir='ltr'><em>καὶ</em></span> <span class='ocrx_word' id='word_1_482' title='bbox 881 3145 1170 3214; x_wconf 82' lang='grc' dir='ltr'><em>τοσαύτην,</em></span> <span class='ocrx_word' id='word_1_483' title='bbox 1202 3145 1334 3213; x_wconf 83' lang='grc' dir='ltr'><em>ὅσην</em></span> <span class='ocrx_word' id='word_1_484' title='bbox 1381 3145 1526 3205; x_wconf 84' lang='grc' dir='ltr'><em>εἰκὸς</em></span> <span class='ocrx_word' id='word_1_485' title='bbox 1564 3145 1656 3197; x_wconf 77' lang='grc' dir='ltr'><em>καὶ</em></span> <span class='ocrx_word' id='word_1_486' title='bbox 1713 3145 1818 3196; x_wconf 85' lang='grc' dir='ltr'><em>ἀπὸ</em></span> <span class='ocrx_word' id='word_1_487' title='bbox 1845 3164 1887 3220; x_wconf 74' lang='lat' dir='ltr'><strong>C</strong></span> <span class='ocrx_word' id='word_1_488' title='bbox 1920 3159 1926 3193; x_wconf 70' lang='grc' dir='ltr'><em>ε</em></span> 
     </span>
    </p>
   </div>
   <div class='ocr_carea' id='block_1_58' title="bbox 1812 3134 3493 3220">
    <p class='ocr_par' dir='ltr' id='par_1_58' title="bbox 1812 3134 3493 3220">
     <span class='ocr_line' id='line_1_58' title="bbox 1812 3134 3493 3220; baseline 0.001 -27"><span class='ocrx_word' id='word_1_489' title='bbox 1812 3166 1818 3193; x_wconf 65' lang='grc' dir='ltr'><strong><em>μ</em></strong></span> <span class='ocrx_word' id='word_1_490' title='bbox 1845 3164 1887 3220; x_wconf 73' lang='lat' dir='ltr'><strong>C</strong></span> <span class='ocrx_word' id='word_1_491' title='bbox 1920 3140 1986 3193; x_wconf 87' lang='lat' dir='ltr'><strong><em>ad</em></strong></span> <span class='ocrx_word' id='word_1_492' title='bbox 2014 3139 2282 3209; x_wconf 86' lang='lat' dir='ltr'><strong><em>judicium</em></strong></span> <span class='ocrx_word' id='word_1_493' title='bbox 2314 3137 2644 3192; x_wconf 88' lang='lat' dir='ltr'><strong><em>vaticinatus</em></strong></span> <span class='ocrx_word' id='word_1_494' title='bbox 2674 3147 2797 3191; x_wconf 90' lang='lat' dir='ltr'><strong><em>est:</em></strong></span> <span class='ocrx_word' id='word_1_495' title='bbox 2824 3134 2996 3207; x_wconf 64' lang='lat' dir='ltr'><strong><em>&#39;quod</em></strong></span> <span class='ocrx_word' id='word_1_496' title='bbox 3032 3137 3199 3192; x_wconf 87' lang='lat' dir='ltr'><strong><em>multa</em></strong></span> <span class='ocrx_word' id='word_1_497' title='bbox 3230 3138 3304 3192; x_wconf 90' lang='lat' dir='ltr'><strong><em>ibi</em></strong></span> <span class='ocrx_word' id='word_1_498' title='bbox 3354 3139 3493 3195; x_wconf 80' lang='lat' dir='ltr'><strong><em>bella</em></strong></span> 
     </span>
    </p>
   </div>
   <div class='ocr_carea' id='block_1_59' title="bbox 239 3229 1920 3305">
    <p class='ocr_par' dir='ltr' id='par_1_59' title="bbox 239 3235 1920 3305">
     <span class='ocr_line' id='line_1_59' title="bbox 239 3235 1920 3305; baseline -0.002 -17"><span class='ocrx_word' id='word_1_499' title='bbox 239 3237 476 3305; x_wconf 81' lang='grc' dir='ltr'><em>καμίνου</em></span> <span class='ocrx_word' id='word_1_500' title='bbox 512 3236 878 3291; x_wconf 78' lang='grc' dir='ltr'><em>ἀναδίδοσθαι.</em></span> <span class='ocrx_word' id='word_1_501' title='bbox 911 3237 1020 3288; x_wconf 79' lang='grc' dir='ltr'><strong><em>Καὶ</em></strong></span> <span class='ocrx_word' id='word_1_502' title='bbox 1052 3235 1242 3304; x_wconf 86' lang='grc' dir='ltr'><em>ῶσπερ</em></span> <span class='ocrx_word' id='word_1_503' title='bbox 1290 3238 1494 3297; x_wconf 84' lang='grc' dir='ltr'><em>ἐκεῖνος</em></span> <span class='ocrx_word' id='word_1_504' title='bbox 1524 3237 1551 3286; x_wconf 78' lang='grc' dir='ltr'>ὁ</span> <span class='ocrx_word' id='word_1_505' title='bbox 1605 3235 1808 3297; x_wconf 72' lang='grc' dir='ltr'><em>καπνὸς</em></span> <span class='ocrx_word' id='word_1_506' title='bbox 1917 3258 1920 3278; x_wconf 72' lang='grc' dir='ltr'><strong>ε</strong></span> 
     </span>
    </p>
   </div>
   <div class='ocr_carea' id='block_1_60' title="bbox 1809 3229 3490 3305">
    <p class='ocr_par' dir='ltr' id='par_1_60' title="bbox 1917 3229 3490 3300">
     <span class='ocr_line' id='line_1_60' title="bbox 1917 3229 3490 3300; baseline 0 -14"><span class='ocrx_word' id='word_1_507' title='bbox 1917 3231 2261 3300; x_wconf 74' lang='lat' dir='ltr'><strong><em>contigerint,</em></strong></span> <span class='ocrx_word' id='word_1_508' title='bbox 2304 3229 2571 3299; x_wconf 86' lang='lat' dir='ltr'><strong><em>multique</em></strong></span> <span class='ocrx_word' id='word_1_509' title='bbox 2603 3230 2880 3285; x_wconf 75' lang='lat' dir='ltr'><strong><em>exercitus</em></strong></span> <span class='ocrx_word' id='word_1_510' title='bbox 2915 3229 3022 3284; x_wconf 80' lang='lat' dir='ltr'><strong><em>fusi</em></strong></span> <span class='ocrx_word' id='word_1_511' title='bbox 3063 3231 3195 3286; x_wconf 91' lang='lat' dir='ltr'><strong><em>sint.</em></strong></span> <span class='ocrx_word' id='word_1_512' title='bbox 3256 3230 3490 3286; x_wconf 86' lang='lat' dir='ltr'><strong><em>Fumum</em></strong></span> 
     </span>
    </p>
   </div>
   <div class='ocr_carea' id='block_1_61' title="bbox 239 3322 1920 3399">
    <p class='ocr_par' dir='ltr' id='par_1_61' title="bbox 239 3326 1920 3399">
     <span class='ocr_line' id='line_1_61' title="bbox 239 3326 1920 3399; baseline -0.004 -17"><span class='ocrx_word' id='word_1_513' title='bbox 239 3329 405 3398; x_wconf 76' lang='grc' dir='ltr'><em>ἁχλόῐ</em></span> <span class='ocrx_word' id='word_1_514' title='bbox 462 3330 558 3382; x_wconf 82' lang='grc' dir='ltr'><em>καὶ</em></span> <span class='ocrx_word' id='word_1_515' title='bbox 620 3331 796 3399; x_wconf 83' lang='grc' dir='ltr'><em>σκότῳ</em></span> <span class='ocrx_word' id='word_1_516' title='bbox 851 3329 912 3382; x_wconf 76' lang='grc' dir='ltr'><em>τὸ</em></span> <span class='ocrx_word' id='word_1_517' title='bbox 965 3328 1222 3397; x_wconf 75' lang='grc' dir='ltr'><em>περιέχον</em></span> <span class='ocrx_word' id='word_1_518' title='bbox 1271 3328 1703 3395; x_wconf 80' lang='grc' dir='ltr'><em>ἀναμπιμπλῶν,</em></span> <span class='ocrx_word' id='word_1_519' title='bbox 1756 3326 1816 3378; x_wconf 88' lang='grc' dir='ltr'><em>τὸ</em></span> <span class='ocrx_word' id='word_1_520' title='bbox 1918 3345 1920 3375; x_wconf 90' lang='lat'>:</span> 
     </span>
    </p>
   </div>
   <div class='ocr_carea' id='block_1_62' title="bbox 1815 3322 3496 3399">
    <p class='ocr_par' dir='ltr' id='par_1_62' title="bbox 1815 3322 3496 3390">
     <span class='ocr_line' id='line_1_62' title="bbox 1815 3322 3496 3390; baseline 0 -13"><span class='ocrx_word' id='word_1_521' title='bbox 1815 3363 1816 3366; x_wconf 59' lang='grc' dir='ltr'><strong><em>η</em></strong></span> <span class='ocrx_word' id='word_1_522' title='bbox 1918 3333 2153 3377; x_wconf 85' lang='lat' dir='ltr'><strong><em>autema</em></strong></span> <span class='ocrx_word' id='word_1_523' title='bbox 2199 3332 2362 3390; x_wconf 90' lang='lat' dir='ltr'><strong><em>puteo</em></strong></span> <span class='ocrx_word' id='word_1_524' title='bbox 2412 3322 2636 3389; x_wconf 87' lang='lat' dir='ltr'><strong><em>produci</em></strong></span> <span class='ocrx_word' id='word_1_525' title='bbox 2670 3322 2896 3384; x_wconf 89' lang='lat' dir='ltr'><strong><em>dicitur,</em></strong></span> <span class='ocrx_word' id='word_1_526' title='bbox 2944 3323 3086 3389; x_wconf 88' lang='lat' dir='ltr'><strong><em>quod</em></strong></span> <span class='ocrx_word' id='word_1_527' title='bbox 3135 3324 3396 3377; x_wconf 86' lang='lat' dir='ltr'><strong><em>memoria</em></strong></span> <span class='ocrx_word' id='word_1_528' title='bbox 3431 3339 3496 3377; x_wconf 87' lang='lat' dir='ltr'><strong><em>ac</em></strong></span> 
     </span>
    </p>
   </div>
   <div class='ocr_carea' id='block_1_63' title="bbox 239 3413 1920 3490">
    <p class='ocr_par' dir='ltr' id='par_1_63' title="bbox 239 3416 1816 3490">
     <span class='ocr_line' id='line_1_63' title="bbox 239 3416 1816 3490; baseline -0.003 -21"><span class='ocrx_word' id='word_1_529' title='bbox 239 3420 471 3490; x_wconf 72' lang='grc' dir='ltr'><em>ἡλιακὸν</em></span> <span class='ocrx_word' id='word_1_530' title='bbox 517 3419 631 3487; x_wconf 82' lang='grc' dir='ltr'><strong><em>φῶς</em></strong></span> <span class='ocrx_word' id='word_1_531' title='bbox 681 3420 958 3488; x_wconf 85' lang='grc' dir='ltr'><em>ἀμαυροῖ·</em></span> <span class='ocrx_word' id='word_1_532' title='bbox 1005 3417 1096 3469; x_wconf 86' lang='grc' dir='ltr'><em>τὸν</em></span> <span class='ocrx_word' id='word_1_533' title='bbox 1156 3416 1315 3468; x_wconf 69' lang='grc' dir='ltr'><em>αὑτὸν</em></span> <span class='ocrx_word' id='word_1_534' title='bbox 1370 3418 1567 3486; x_wconf 78' lang='grc' dir='ltr'><em>τρόπον</em></span> <span class='ocrx_word' id='word_1_535' title='bbox 1637 3416 1731 3467; x_wconf 78' lang='grc' dir='ltr'><em>καὶ</em></span> <span class='ocrx_word' id='word_1_536' title='bbox 1783 3416 1816 3483; x_wconf 79' lang='grc' dir='ltr'>ἡ</span> 
     </span>
    </p>
   </div>
   <div class='ocr_carea' id='block_1_64' title="bbox 1812 3413 3493 3490">
    <p class='ocr_par' dir='ltr' id='par_1_64' title="bbox 1812 3413 3493 3483">
     <span class='ocr_line' id='line_1_64' title="bbox 1812 3413 3493 3483; baseline 0.001 -16"><span class='ocrx_word' id='word_1_537' title='bbox 1812 3437 1816 3482; x_wconf 61' lang='grc' dir='ltr'>ι</span> <span class='ocrx_word' id='word_1_538' title='bbox 1921 3413 2166 3468; x_wconf 86' lang='lat' dir='ltr'><strong><em>narratio</em></strong></span> <span class='ocrx_word' id='word_1_539' title='bbox 2209 3413 2275 3467; x_wconf 88' lang='lat' dir='ltr'><strong><em>de</em></strong></span> <span class='ocrx_word' id='word_1_540' title='bbox 2326 3413 2509 3482; x_wconf 87' lang='lat' dir='ltr'><strong><em>impiis</em></strong></span> <span class='ocrx_word' id='word_1_541' title='bbox 2561 3414 2654 3483; x_wconf 88' lang='lat' dir='ltr'><strong><em>qui</em></strong></span> <span class='ocrx_word' id='word_1_542' title='bbox 2707 3414 2777 3468; x_wconf 89' lang='lat' dir='ltr'><strong><em>ibi</em></strong></span> <span class='ocrx_word' id='word_1_543' title='bbox 2811 3414 3142 3476; x_wconf 87' lang='lat' dir='ltr'><strong><em>detinentur,</em></strong></span> <span class='ocrx_word' id='word_1_544' title='bbox 3169 3413 3406 3483; x_wconf 82' lang='lat' dir='ltr'><strong><em>proferat</em></strong></span> <span class='ocrx_word' id='word_1_545' title='bbox 3432 3431 3493 3469; x_wconf 85' lang='lat' dir='ltr'><strong><em>ea</em></strong></span> 
     </span>
    </p>
   </div>
   <div class='ocr_carea' id='block_1_65' title="bbox 243 3504 1924 3578">
    <p class='ocr_par' dir='ltr' id='par_1_65' title="bbox 243 3505 1924 3578">
     <span class='ocr_line' id='line_1_65' title="bbox 243 3505 1924 3578; baseline -0.004 -17"><span class='ocrx_word' id='word_1_546' title='bbox 243 3510 356 3561; x_wconf 86' lang='grc' dir='ltr'><strong><em>τῶν</em></strong></span> <span class='ocrx_word' id='word_1_547' title='bbox 387 3509 597 3563; x_wconf 80' lang='grc' dir='ltr'><em>ἀσεϐῶν</em></span> <span class='ocrx_word' id='word_1_548' title='bbox 632 3508 820 3578; x_wconf 82' lang='grc' dir='ltr'><strong><em>μνήμη</em></strong></span> <span class='ocrx_word' id='word_1_549' title='bbox 851 3506 1317 3565; x_wconf 79' lang='grc' dir='ltr'><em>ἁνακαινισθεῖσα.</em></span> <span class='ocrx_word' id='word_1_550' title='bbox 1356 3507 1484 3566; x_wconf 78' lang='grc' dir='ltr'><em>πᾶν,</em></span> <span class='ocrx_word' id='word_1_551' title='bbox 1530 3505 1633 3557; x_wconf 87' lang='grc' dir='ltr'><em>είτι</em></span> <span class='ocrx_word' id='word_1_552' title='bbox 1675 3522 1816 3573; x_wconf 87' lang='grc' dir='ltr'><em>συμ-</em></span> <span class='ocrx_word' id='word_1_553' title='bbox 1919 3529 1924 3555; x_wconf 80' lang='grc'>‹</span> 
     </span>
    </p>
   </div>
   <div class='ocr_carea' id='block_1_66' title="bbox 1816 3504 3497 3578">
    <p class='ocr_par' dir='ltr' id='par_1_66' title="bbox 1919 3504 3497 3575">
     <span class='ocr_line' id='line_1_66' title="bbox 1919 3504 3497 3575; baseline 0.002 -16"><span class='ocrx_word' id='word_1_554' title='bbox 1919 3523 2042 3575; x_wconf 76' lang='lat' dir='ltr'><strong><em>qua:</em></strong></span> <span class='ocrx_word' id='word_1_555' title='bbox 2077 3504 2372 3558; x_wconf 80' lang='lat' dir='ltr'><strong><em>maximam</em></strong></span> <span class='ocrx_word' id='word_1_556' title='bbox 2414 3505 2694 3558; x_wconf 89' lang='lat' dir='ltr'><strong><em>continent</em></strong></span> <span class='ocrx_word' id='word_1_557' title='bbox 2746 3505 2906 3569; x_wconf 79' lang='lat' dir='ltr'><strong><em>iram,</em></strong></span> <span class='ocrx_word' id='word_1_558' title='bbox 2962 3513 3015 3558; x_wconf 88' lang='lat' dir='ltr'><strong><em>et</em></strong></span> <span class='ocrx_word' id='word_1_559' title='bbox 3050 3515 3260 3559; x_wconf 88' lang='lat' dir='ltr'><strong><em>tantum</em></strong></span> <span class='ocrx_word' id='word_1_560' title='bbox 3316 3506 3497 3562; x_wconf 84' lang='lat' dir='ltr'><strong><em>luctus</em></strong></span> 
     </span>
    </p>
   </div>
   <div class='ocr_carea' id='block_1_67' title="bbox 242 3596 1923 3669">
    <p class='ocr_par' dir='ltr' id='par_1_67' title="bbox 242 3597 1923 3669">
     <span class='ocr_line' id='line_1_67' title="bbox 242 3597 1923 3669; baseline -0.003 -15"><span class='ocrx_word' id='word_1_561' title='bbox 242 3603 480 3662; x_wconf 79' lang='grc' dir='ltr'><em>παθείας</em></span> <span class='ocrx_word' id='word_1_562' title='bbox 526 3601 660 3667; x_wconf 87' lang='grc' dir='ltr'><em>φῶς,</em></span> <span class='ocrx_word' id='word_1_563' title='bbox 693 3601 951 3653; x_wconf 76' lang='grc' dir='ltr'><em>ἐσϐέσθαι</em></span> <span class='ocrx_word' id='word_1_564' title='bbox 980 3599 1266 3669; x_wconf 79' lang='grc' dir='ltr'><em>ἐνεποίησε</em></span> <span class='ocrx_word' id='word_1_565' title='bbox 1295 3599 1372 3666; x_wconf 81' lang='grc' dir='ltr'><em>τῷ</em></span> <span class='ocrx_word' id='word_1_566' title='bbox 1405 3597 1680 3666; x_wconf 82' lang='grc' dir='ltr'><em>μεγαλείῳ</em></span> <span class='ocrx_word' id='word_1_567' title='bbox 1708 3597 1812 3650; x_wconf 88' lang='grc' dir='ltr'><strong><em>τῶν</em></strong></span> <span class='ocrx_word' id='word_1_568' title='bbox 1921 3627 1923 3640; x_wconf 77' lang='grc' dir='ltr'><strong><em>ι</em></strong></span> 
     </span>
    </p>
   </div>
   <div class='ocr_carea' id='block_1_68' title="bbox 1816 3596 3497 3669">
    <p class='ocr_par' dir='ltr' id='par_1_68' title="bbox 1921 3596 3497 3666">
     <span class='ocr_line' id='line_1_68' title="bbox 1921 3596 3497 3666; baseline 0.002 -15"><span class='ocrx_word' id='word_1_569' title='bbox 1921 3607 2185 3666; x_wconf 85' lang='lat' dir='ltr'><strong><em>quantum</em></strong></span> <span class='ocrx_word' id='word_1_570' title='bbox 2218 3596 2352 3649; x_wconf 78' lang='lat' dir='ltr'><strong><em>fumi</em></strong></span> <span class='ocrx_word' id='word_1_571' title='bbox 2380 3596 2676 3649; x_wconf 83' lang='lat' dir='ltr'><strong><em>verisimile</em></strong></span> <span class='ocrx_word' id='word_1_572' title='bbox 2710 3606 2794 3650; x_wconf 89' lang='lat' dir='ltr'><strong><em>est</em></strong></span> <span class='ocrx_word' id='word_1_573' title='bbox 2823 3612 2852 3650; x_wconf 89' lang='lat' dir='ltr'><strong><em>a</em></strong></span> <span class='ocrx_word' id='word_1_574' title='bbox 2882 3597 3099 3651; x_wconf 89' lang='lat' dir='ltr'><strong><em>camino</em></strong></span> <span class='ocrx_word' id='word_1_575' title='bbox 3127 3599 3376 3666; x_wconf 88' lang='lat' dir='ltr'><strong><em>produci.</em></strong></span> <span class='ocrx_word' id='word_1_576' title='bbox 3433 3600 3497 3654; x_wconf 82' lang='lat' dir='ltr'><strong><em>Et</em></strong></span> 
     </span>
    </p>
   </div>
   <div class='ocr_carea' id='block_1_69' title="bbox 242 3687 1923 3760">
    <p class='ocr_par' dir='ltr' id='par_1_69' title="bbox 242 3687 1923 3758">
     <span class='ocr_line' id='line_1_69' title="bbox 242 3687 1923 3758; baseline -0.004 -16"><span class='ocrx_word' id='word_1_577' title='bbox 242 3687 626 3758; x_wconf 73' lang='grc' dir='ltr'><em>τολμηθὲν-των</em></span> <span class='ocrx_word' id='word_1_578' title='bbox 662 3689 869 3750; x_wconf 73' lang='grc' dir='ltr'><em>αὐτοῖς.</em></span> <span class='ocrx_word' id='word_1_579' title='bbox 1920 3715 1923 3736; x_wconf 78' lang='grc' dir='ltr'><strong><em>ι</em></strong></span> 
     </span>
    </p>
   </div>
   <div class='ocr_carea' id='block_1_70' title="bbox 1867 3687 3548 3760">
    <p class='ocr_par' dir='ltr' id='par_1_70' title="bbox 1920 3688 3548 3760">
     <span class='ocr_line' id='line_1_70' title="bbox 1920 3688 3548 3760; baseline 0.002 -18"><span class='ocrx_word' id='word_1_580' title='bbox 1920 3689 2382 3759; x_wconf 83' lang='lat' dir='ltr'><strong><em>quemadmodum</em></strong></span> <span class='ocrx_word' id='word_1_581' title='bbox 2447 3690 2535 3743; x_wconf 91' lang='lat' dir='ltr'><strong><em>ille</em></strong></span> <span class='ocrx_word' id='word_1_582' title='bbox 2566 3688 2748 3744; x_wconf 81' lang='lat' dir='ltr'><strong><em>fumus</em></strong></span> <span class='ocrx_word' id='word_1_583' title='bbox 2772 3689 3002 3760; x_wconf 81' lang='lat' dir='ltr'><strong><em>caligine</em></strong></span> <span class='ocrx_word' id='word_1_584' title='bbox 3037 3704 3102 3743; x_wconf 88' lang='lat' dir='ltr'><strong><em>ac</em></strong></span> <span class='ocrx_word' id='word_1_585' title='bbox 3133 3692 3372 3748; x_wconf 84' lang='lat' dir='ltr'><strong><em>tenebris</em></strong></span> <span class='ocrx_word' id='word_1_586' title='bbox 3400 3709 3491 3746; x_wconf 87' lang='lat' dir='ltr'><strong><em>re-</em></strong></span> <span class='ocrx_word' id='word_1_587' title='bbox 3535 3703 3548 3711; x_wconf 73' lang='lat'><strong>‘</strong></span> 
     </span>
    </p>
   </div>
   <div class='ocr_carea' id='block_1_71' title="bbox 248 3781 3496 3856">
    <p class='ocr_par' dir='ltr' id='par_1_71' title="bbox 248 3781 3496 3856">
     <span class='ocr_line' id='line_1_71' title="bbox 248 3781 3496 3856; baseline 0.003 -24"><span class='ocrx_word' id='word_1_588' title='bbox 248 3783 403 3850; x_wconf 66' lang='lat' dir='ltr'><strong><em>plens</em></strong></span> <span class='ocrx_word' id='word_1_589' title='bbox 434 3782 658 3851; x_wconf 87' lang='lat' dir='ltr'><strong><em>quiquid</em></strong></span> <span class='ocrx_word' id='word_1_590' title='bbox 692 3783 1142 3851; x_wconf 88' lang='lat' dir='ltr'><strong><em>circumadjacet,</em></strong></span> <span class='ocrx_word' id='word_1_591' title='bbox 1214 3782 1394 3836; x_wconf 85' lang='lat' dir='ltr'><strong><em>solare</em></strong></span> <span class='ocrx_word' id='word_1_592' title='bbox 1428 3781 1609 3836; x_wconf 89' lang='lat' dir='ltr'><strong><em>lumen</em></strong></span> <span class='ocrx_word' id='word_1_593' title='bbox 1659 3785 1965 3840; x_wconf 86' lang='lat' dir='ltr'><strong><em>obscurat:</em></strong></span> <span class='ocrx_word' id='word_1_594' title='bbox 2020 3787 2086 3839; x_wconf 88' lang='lat' dir='ltr'><strong><em>ad</em></strong></span> <span class='ocrx_word' id='word_1_595' title='bbox 2120 3787 2370 3840; x_wconf 90' lang='lat' dir='ltr'><strong><em>eumdem</em></strong></span> <span class='ocrx_word' id='word_1_596' title='bbox 2435 3801 2655 3855; x_wconf 88' lang='lat' dir='ltr'><strong><em>quoque</em></strong></span> <span class='ocrx_word' id='word_1_597' title='bbox 2707 3787 2926 3841; x_wconf 90' lang='lat' dir='ltr'><strong><em>modum</em></strong></span> <span class='ocrx_word' id='word_1_598' title='bbox 2980 3800 3244 3845; x_wconf 86' lang='lat' dir='ltr'><strong><em>renovata</em></strong></span> <span class='ocrx_word' id='word_1_599' title='bbox 3301 3788 3496 3856; x_wconf 89' lang='lat' dir='ltr'><strong><em>impio-</em></strong></span> 
     </span>
    </p>
   </div>
   <div class='ocr_carea' id='block_1_72' title="bbox 247 3874 3490 3952">
    <p class='ocr_par' dir='ltr' id='par_1_72' title="bbox 247 3874 3490 3952">
     <span class='ocr_line' id='line_1_72' title="bbox 247 3874 3490 3952; baseline 0.001 -26"><span class='ocrx_word' id='word_1_600' title='bbox 247 3890 371 3926; x_wconf 86' lang='lat' dir='ltr'><strong><em>rum</em></strong></span> <span class='ocrx_word' id='word_1_601' title='bbox 412 3877 694 3936; x_wconf 84' lang='lat' dir='ltr'><strong><em>memoria,</em></strong></span> <span class='ocrx_word' id='word_1_602' title='bbox 755 3875 798 3927; x_wconf 73' lang='lat' dir='ltr'><strong><em>si</em></strong></span> <span class='ocrx_word' id='word_1_603' title='bbox 846 3877 989 3943; x_wconf 86' lang='lat' dir='ltr'><strong><em>quod</em></strong></span> <span class='ocrx_word' id='word_1_604' title='bbox 1027 3882 1110 3926; x_wconf 84' lang='lat' dir='ltr'><strong><em>est</em></strong></span> <span class='ocrx_word' id='word_1_605' title='bbox 1171 3874 1563 3941; x_wconf 87' lang='lat' dir='ltr'><strong><em>compassionis</em></strong></span> <span class='ocrx_word' id='word_1_606' title='bbox 1607 3874 1810 3940; x_wconf 90' lang='lat' dir='ltr'><strong><em>lumen,</em></strong></span> <span class='ocrx_word' id='word_1_607' title='bbox 1852 3891 2014 3931; x_wconf 89' lang='lat' dir='ltr'><strong><em>omne</em></strong></span> <span class='ocrx_word' id='word_1_608' title='bbox 2047 3876 2176 3930; x_wconf 86' lang='lat' dir='ltr'><strong><em>illud</em></strong></span> <span class='ocrx_word' id='word_1_609' title='bbox 2237 3875 2508 3946; x_wconf 75' lang='lat' dir='ltr'><strong><em>exstingui</em></strong></span> <span class='ocrx_word' id='word_1_610' title='bbox 2532 3877 2706 3946; x_wconf 84' lang='lat' dir='ltr'><strong><em>coegit</em></strong></span> <span class='ocrx_word' id='word_1_611' title='bbox 2734 3877 2806 3931; x_wconf 83' lang='lat' dir='ltr'><strong><em>ob</em></strong></span> <span class='ocrx_word' id='word_1_612' title='bbox 2832 3892 3021 3934; x_wconf 86' lang='lat' dir='ltr'><strong><em>eorum</em></strong></span> <span class='ocrx_word' id='word_1_613' title='bbox 3058 3878 3490 3952; x_wconf 79' lang='lat' dir='ltr'><strong><em>magnitudinem</em></strong></span> 
     </span>
    </p>
   </div>
   <div class='ocr_carea' id='block_1_73' title="bbox 243 3972 2669 4041">
    <p class='ocr_par' dir='ltr' id='par_1_73' title="bbox 243 3972 2669 4041">
     <span class='ocr_line' id='line_1_73' title="bbox 243 3972 2669 4041; baseline 0 -18"><span class='ocrx_word' id='word_1_614' title='bbox 243 3988 372 4041; x_wconf 68' lang='lat' dir='ltr'><strong><em>quae</em></strong></span> <span class='ocrx_word' id='word_1_615' title='bbox 404 3972 504 4040; x_wconf 83' lang='lat' dir='ltr'><strong><em>ipsi</em></strong></span> <span class='ocrx_word' id='word_1_616' title='bbox 531 3982 744 4039; x_wconf 85' lang='lat' dir='ltr'><strong><em>patrare</em></strong></span> <span class='ocrx_word' id='word_1_617' title='bbox 771 3974 886 4025; x_wconf 87' lang='lat' dir='ltr'><strong><em>ausi</em></strong></span> <span class='ocrx_word' id='word_1_618' title='bbox 922 3983 1066 4025; x_wconf 89' lang='lat' dir='ltr'><strong><em>sunt.</em></strong></span> <span class='ocrx_word' id='word_1_619' title='bbox 2665 4026 2669 4029; x_wconf 94' lang='lat'>_</span> 
     </span>
    </p>
   </div>
   <div class='ocr_carea' id='block_1_74' title="bbox 322 4064 2003 4137">
    <p class='ocr_par' dir='ltr' id='par_1_74' title="bbox 322 4064 1829 4137">
     <span class='ocr_line' id='line_1_74' title="bbox 322 4064 1829 4137; baseline -0.002 -18"><span class='ocrx_word' id='word_1_620' title='bbox 322 4067 428 4120; x_wconf 78' lang='grc' dir='ltr'><strong><em>Καὶ</em></strong></span> <span class='ocrx_word' id='word_1_621' title='bbox 455 4066 523 4117; x_wconf 81' lang='grc' dir='ltr'><em>ἐκ</em></span> <span class='ocrx_word' id='word_1_622' title='bbox 554 4066 659 4118; x_wconf 83' lang='grc' dir='ltr'><strong><em>τοῦ</em></strong></span> <span class='ocrx_word' id='word_1_623' title='bbox 693 4066 924 4119; x_wconf 84' lang='grc' dir='ltr'><em>καπνοῦ</em></span> <span class='ocrx_word' id='word_1_624' title='bbox 950 4065 1212 4133; x_wconf 69' lang='grc' dir='ltr'><em>ἐξῆλθον</em></span> <span class='ocrx_word' id='word_1_625' title='bbox 1240 4064 1498 4132; x_wconf 81' lang='grc' dir='ltr'><em>ἀκρίδες.</em></span> <span class='ocrx_word' id='word_1_626' title='bbox 1553 4064 1612 4118; x_wconf 89' lang='lat' dir='ltr'><strong><em>&#39;ll</em></strong></span> <span class='ocrx_word' id='word_1_627' title='bbox 1643 4067 1829 4137; x_wconf 82' lang='grc' dir='ltr'><strong><em>μνήμη</em></strong></span> 
     </span>
    </p>
   </div>
   <div class='ocr_carea' id='block_1_75' title="bbox 1816 4064 3497 4137">
    <p class='ocr_par' dir='ltr' id='par_1_75' title="bbox 1816 4067 3497 4137">
     <span class='ocr_line' id='line_1_75' title="bbox 1816 4067 3497 4137; baseline 0.006 -17"><span class='ocrx_word' id='word_1_628' title='bbox 1816 4084 1829 4137; x_wconf 75' lang='grc' dir='ltr'><strong>ι</strong></span> <span class='ocrx_word' id='word_1_629' title='bbox 2008 4067 2074 4120; x_wconf 90' lang='lat' dir='ltr'><strong><em>Et</em></strong></span> <span class='ocrx_word' id='word_1_630' title='bbox 2105 4068 2168 4121; x_wconf 87' lang='lat' dir='ltr'><strong><em>de</em></strong></span> <span class='ocrx_word' id='word_1_631' title='bbox 2192 4067 2337 4137; x_wconf 77' lang='lat' dir='ltr'><strong><em>fumo</em></strong></span> <span class='ocrx_word' id='word_1_632' title='bbox 2365 4069 2606 4122; x_wconf 74' lang='lat' dir='ltr'><strong><em>exierunt</em></strong></span> <span class='ocrx_word' id='word_1_633' title='bbox 2652 4068 2891 4124; x_wconf 79' lang='lat' dir='ltr'><strong><em>locustw.</em></strong></span> <span class='ocrx_word' id='word_1_634' title='bbox 2923 4069 3124 4124; x_wconf 81' lang='lat' dir='ltr'><strong><em>Mentio</em></strong></span> <span class='ocrx_word' id='word_1_635' title='bbox 3162 4070 3220 4125; x_wconf 83' lang='lat' dir='ltr'><strong><em>ﬁt</em></strong></span> <span class='ocrx_word' id='word_1_636' title='bbox 3260 4072 3497 4131; x_wconf 82' lang='lat' dir='ltr'><strong><em>locusta-</em></strong></span> 
     </span>
    </p>
   </div>
   <div class='ocr_carea' id='block_1_76' title="bbox 246 4156 1927 4231">
    <p class='ocr_par' dir='ltr' id='par_1_76' title="bbox 246 4156 1829 4226">
     <span class='ocr_line' id='line_1_76' title="bbox 246 4156 1829 4226; baseline 0 -16"><span class='ocrx_word' id='word_1_637' title='bbox 246 4157 359 4210; x_wconf 71' lang='grc' dir='ltr'><em>’τῶν</em></span> <span class='ocrx_word' id='word_1_638' title='bbox 415 4156 690 4226; x_wconf 80' lang='grc' dir='ltr'><em>ἀκρίδων,</em></span> <span class='ocrx_word' id='word_1_639' title='bbox 753 4156 1146 4224; x_wconf 77' lang='grc' dir='ltr'><em>ὑποσημαίνειν</em></span> <span class='ocrx_word' id='word_1_640' title='bbox 1205 4156 1383 4208; x_wconf 76' lang='grc' dir='ltr'><em>ἔοικεν</em></span> <span class='ocrx_word' id='word_1_641' title='bbox 1451 4157 1829 4226; x_wconf 81' lang='grc' dir='ltr'><em>απηνεστέραν</em></span> 
     </span>
    </p>
   </div>
   <div class='ocr_carea' id='block_1_77' title="bbox 1818 4156 3499 4231">
    <p class='ocr_par' dir='ltr' id='par_1_77' title="bbox 1818 4160 3499 4231">
     <span class='ocr_line' id='line_1_77' title="bbox 1818 4160 3499 4231; baseline 0.009 -24"><span class='ocrx_word' id='word_1_642' title='bbox 1818 4176 1829 4207; x_wconf 76' lang='grc' dir='ltr'><strong>ρ</strong></span> <span class='ocrx_word' id='word_1_643' title='bbox 1933 4175 2054 4214; x_wconf 86' lang='lat' dir='ltr'><strong><em>rum</em></strong></span> <span class='ocrx_word' id='word_1_644' title='bbox 2086 4160 2152 4213; x_wconf 86' lang='lat' dir='ltr'><strong><em>ad</em></strong></span> <span class='ocrx_word' id='word_1_645' title='bbox 2188 4160 2578 4229; x_wconf 79' lang='lat' dir='ltr'><strong><em>designandum</em></strong></span> <span class='ocrx_word' id='word_1_646' title='bbox 2632 4160 3080 4214; x_wconf 82' lang='lat' dir='ltr'><strong><em>violentissimam</em></strong></span> <span class='ocrx_word' id='word_1_647' title='bbox 3155 4174 3499 4231; x_wconf 86' lang='lat' dir='ltr'><strong><em>peccatorum</em></strong></span> 
     </span>
    </p>
   </div>
   <div class='ocr_carea' id='block_1_78' title="bbox 243 4246 1924 4321">
    <p class='ocr_par' dir='ltr' id='par_1_78' title="bbox 243 4247 1826 4320">
     <span class='ocr_line' id='line_1_78' title="bbox 243 4247 1826 4320; baseline -0.001 -18"><span class='ocrx_word' id='word_1_648' title='bbox 243 4251 347 4318; x_wconf 78' lang='grc' dir='ltr'><strong><em>τήν</em></strong></span> <span class='ocrx_word' id='word_1_649' title='bbox 386 4250 603 4320; x_wconf 82' lang='grc' dir='ltr'><em>μνήμην</em></span> <span class='ocrx_word' id='word_1_650' title='bbox 630 4249 726 4317; x_wconf 82' lang='grc' dir='ltr'><em>τῆς</em></span> <span class='ocrx_word' id='word_1_651' title='bbox 763 4247 872 4300; x_wconf 82' lang='grc' dir='ltr'><strong><em>τῶν</em></strong></span> <span class='ocrx_word' id='word_1_652' title='bbox 908 4247 1247 4318; x_wconf 80' lang='grc' dir='ltr'><em>ἁμαρτωλῶν</em></span> <span class='ocrx_word' id='word_1_653' title='bbox 1288 4250 1344 4300; x_wconf 84' lang='grc' dir='ltr'><em>ὲν</em></span> <span class='ocrx_word' id='word_1_654' title='bbox 1378 4250 1444 4317; x_wconf 84' lang='grc' dir='ltr'><em>τῇ</em></span> <span class='ocrx_word' id='word_1_655' title='bbox 1508 4248 1826 4319; x_wconf 81' lang='grc' dir='ltr'><em>προσκαίρῳ</em></span> 
     </span>
    </p>
   </div>
   <div class='ocr_carea' id='block_1_79' title="bbox 1816 4246 3497 4321">
    <p class='ocr_par' dir='ltr' id='par_1_79' title="bbox 1816 4246 3497 4321">
     <span class='ocr_line' id='line_1_79' title="bbox 1816 4246 3497 4321; baseline 0.007 -20"><span class='ocrx_word' id='word_1_656' title='bbox 1816 4272 1826 4301; x_wconf 73' lang='grc' dir='ltr'><strong><em>ι</em></strong></span> <span class='ocrx_word' id='word_1_657' title='bbox 1932 4246 2400 4308; x_wconf 78' lang='lat' dir='ltr'><strong><em>conversationem</em></strong></span> <span class='ocrx_word' id='word_1_658' title='bbox 2442 4254 2497 4306; x_wconf 90' lang='lat' dir='ltr'><strong><em>in</em></strong></span> <span class='ocrx_word' id='word_1_659' title='bbox 2530 4253 2630 4306; x_wconf 88' lang='lat' dir='ltr'><strong><em>bac</em></strong></span> <span class='ocrx_word' id='word_1_660' title='bbox 2657 4252 2940 4321; x_wconf 80' lang='lat' dir='ltr'><strong><em>temporali</em></strong></span> <span class='ocrx_word' id='word_1_661' title='bbox 2972 4253 3102 4319; x_wconf 83' lang='lat' dir='ltr'><strong><em>vita,</em></strong></span> <span class='ocrx_word' id='word_1_662' title='bbox 3135 4255 3213 4309; x_wconf 91' lang='lat' dir='ltr'><strong><em>sic</em></strong></span> <span class='ocrx_word' id='word_1_663' title='bbox 3239 4265 3497 4312; x_wconf 90' lang='lat' dir='ltr'><strong><em>uteorum</em></strong></span> 
     </span>
    </p>
   </div>
   <div class='ocr_carea' id='block_1_80' title="bbox 247 4340 1928 4416">
    <p class='ocr_par' dir='ltr' id='par_1_80' title="bbox 247 4340 1824 4411">
     <span class='ocr_line' id='line_1_80' title="bbox 247 4340 1824 4411; baseline -0.001 -17"><span class='ocrx_word' id='word_1_664' title='bbox 247 4340 419 4394; x_wconf 79' lang='grc' dir='ltr'><em>αὑτοῦ</em></span> <span class='ocrx_word' id='word_1_665' title='bbox 464 4340 575 4411; x_wconf 77' lang='grc' dir='ltr'><strong><em>ζωῇ</em></strong></span> <span class='ocrx_word' id='word_1_666' title='bbox 607 4344 992 4409; x_wconf 82' lang='grc' dir='ltr'><em>ὲκτοπωτὰτης</em></span> <span class='ocrx_word' id='word_1_667' title='bbox 1021 4341 1320 4410; x_wconf 81' lang='grc' dir='ltr'><strong><em>διαγωγῆς.</em></strong></span> <span class='ocrx_word' id='word_1_668' title='bbox 1369 4340 1458 4392; x_wconf 83' lang='grc' dir='ltr'><strong><em>Διὸ</em></strong></span> <span class='ocrx_word' id='word_1_669' title='bbox 1499 4340 1593 4393; x_wconf 73' lang='grc' dir='ltr'><em>καὶ</em></span> <span class='ocrx_word' id='word_1_670' title='bbox 1632 4343 1697 4393; x_wconf 84' lang='grc' dir='ltr'><em>ὲκ</em></span> <span class='ocrx_word' id='word_1_671' title='bbox 1729 4341 1824 4392; x_wconf 87' lang='grc' dir='ltr'><strong><em>τοὺ</em></strong></span> 
     </span>
    </p>
   </div>
   <div class='ocr_carea' id='block_1_81' title="bbox 1823 4340 3504 4416">
    <p class='ocr_par' dir='ltr' id='par_1_81' title="bbox 1823 4342 3504 4416">
     <span class='ocr_line' id='line_1_81' title="bbox 1823 4342 3504 4416; baseline 0.005 -21"><span class='ocrx_word' id='word_1_672' title='bbox 1823 4370 1824 4379; x_wconf 61' lang='grc' dir='ltr'><strong><em>ι</em></strong></span> <span class='ocrx_word' id='word_1_673' title='bbox 1934 4358 2154 4412; x_wconf 87' lang='lat' dir='ltr'><strong><em>quoque</em></strong></span> <span class='ocrx_word' id='word_1_674' title='bbox 2184 4343 2446 4397; x_wconf 89' lang='lat' dir='ltr'><strong><em>memoria</em></strong></span> <span class='ocrx_word' id='word_1_675' title='bbox 2473 4343 2547 4398; x_wconf 88' lang='lat' dir='ltr'><strong><em>sit</em></strong></span> <span class='ocrx_word' id='word_1_676' title='bbox 2584 4342 2908 4411; x_wconf 88' lang='lat' dir='ltr'><strong><em>gravissima</em></strong></span> <span class='ocrx_word' id='word_1_677' title='bbox 2945 4361 2958 4395; x_wconf 93' lang='lat'><strong>:</strong></span> <span class='ocrx_word' id='word_1_678' title='bbox 3000 4344 3121 4399; x_wconf 88' lang='lat' dir='ltr'><strong><em>ideo</em></strong></span> <span class='ocrx_word' id='word_1_679' title='bbox 3167 4361 3386 4416; x_wconf 86' lang='lat' dir='ltr'><strong><em>quoque</em></strong></span> <span class='ocrx_word' id='word_1_680' title='bbox 3425 4352 3504 4404; x_wconf 89' lang='lat' dir='ltr'><strong><em>ait</em></strong></span> 
     </span>
    </p>
   </div>
   <div class='ocr_carea' id='block_1_82' title="bbox 247 4431 1928 4506">
    <p class='ocr_par' dir='ltr' id='par_1_82' title="bbox 247 4431 1826 4503">
     <span class='ocr_line' id='line_1_82' title="bbox 247 4431 1826 4503; baseline -0.002 -16"><span class='ocrx_word' id='word_1_681' title='bbox 247 4433 465 4487; x_wconf 81' lang='grc' dir='ltr'><em>καπνοῦ</em></span> <span class='ocrx_word' id='word_1_682' title='bbox 491 4434 589 4503; x_wconf 80' lang='grc' dir='ltr'><em>τὴν</em></span> <span class='ocrx_word' id='word_1_683' title='bbox 624 4434 841 4501; x_wconf 85' lang='grc' dir='ltr'><em>γένεσίν</em></span> <span class='ocrx_word' id='word_1_684' title='bbox 887 4450 1053 4502; x_wconf 82' lang='grc' dir='ltr'><em>φησιν</em></span> <span class='ocrx_word' id='word_1_685' title='bbox 1105 4432 1431 4501; x_wconf 73' lang='grc' dir='ltr'><em>ἐσχηκέναι,</em></span> <span class='ocrx_word' id='word_1_686' title='bbox 1465 4432 1694 4502; x_wconf 71' lang='grc' dir='ltr'><em>ἐπείπερ</em></span> <span class='ocrx_word' id='word_1_687' title='bbox 1732 4431 1826 4485; x_wconf 71' lang='grc' dir='ltr'><em>καὶ</em></span> 
     </span>
    </p>
   </div>
   <div class='ocr_carea' id='block_1_83' title="bbox 1823 4431 3504 4506">
    <p class='ocr_par' dir='ltr' id='par_1_83' title="bbox 1823 4433 3504 4506">
     <span class='ocr_line' id='line_1_83' title="bbox 1823 4433 3504 4506; baseline 0.004 -16"><span class='ocrx_word' id='word_1_688' title='bbox 1823 4469 1826 4481; x_wconf 68' lang='grc' dir='ltr'><strong><em>ι</em></strong></span> <span class='ocrx_word' id='word_1_689' title='bbox 1932 4450 1998 4490; x_wconf 84' lang='lat' dir='ltr'><strong><em>ex</em></strong></span> <span class='ocrx_word' id='word_1_690' title='bbox 2027 4433 2174 4488; x_wconf 77' lang='lat' dir='ltr'><strong><em>fumo</em></strong></span> <span class='ocrx_word' id='word_1_691' title='bbox 2201 4448 2298 4489; x_wconf 89' lang='lat' dir='ltr'><strong><em>eas</em></strong></span> <span class='ocrx_word' id='word_1_692' title='bbox 2318 4442 2499 4488; x_wconf 89' lang='lat' dir='ltr'><strong><em>ortum</em></strong></span> <span class='ocrx_word' id='word_1_693' title='bbox 2519 4434 2802 4497; x_wconf 86' lang='lat' dir='ltr'><strong><em>habuisse,</em></strong></span> <span class='ocrx_word' id='word_1_694' title='bbox 2839 4435 3281 4506; x_wconf 80' lang='lat' dir='ltr'><strong><em>quandoquidem</em></strong></span> <span class='ocrx_word' id='word_1_695' title='bbox 3303 4448 3358 4494; x_wconf 88' lang='lat' dir='ltr'><strong><em>et</em></strong></span> <span class='ocrx_word' id='word_1_696' title='bbox 3380 4456 3504 4496; x_wconf 91' lang='lat' dir='ltr'><strong><em>cor-</em></strong></span> 
     </span>
    </p>
   </div>
   <div class='ocr_carea' id='block_1_84' title="bbox 244 4523 1925 4601">
    <p class='ocr_par' dir='ltr' id='par_1_84' title="bbox 244 4523 1906 4601">
     <span class='ocr_line' id='line_1_84' title="bbox 244 4523 1906 4601; baseline 0 -25"><span class='ocrx_word' id='word_1_697' title='bbox 244 4525 360 4576; x_wconf 85' lang='grc' dir='ltr'><strong><em>τῶν</em></strong></span> <span class='ocrx_word' id='word_1_698' title='bbox 404 4523 680 4594; x_wconf 75' lang='grc' dir='ltr'><em>αἰσθητῶν</em></span> <span class='ocrx_word' id='word_1_699' title='bbox 741 4525 976 4594; x_wconf 75' lang='grc' dir='ltr'><em>ἀκρίδων</em></span> <span class='ocrx_word' id='word_1_700' title='bbox 1036 4525 1070 4594; x_wconf 81' lang='grc' dir='ltr'><strong><em>ή</em></strong></span> <span class='ocrx_word' id='word_1_701' title='bbox 1123 4524 1336 4590; x_wconf 85' lang='grc' dir='ltr'><em>γένεσις</em></span> <span class='ocrx_word' id='word_1_702' title='bbox 1388 4525 1453 4575; x_wconf 83' lang='grc' dir='ltr'><em>ὲκ</em></span> <span class='ocrx_word' id='word_1_703' title='bbox 1500 4523 1827 4593; x_wconf 87' lang='grc' dir='ltr'><em>φθοροποιοῦ</em></span> <span class='ocrx_word' id='word_1_704' title='bbox 1861 4543 1906 4601; x_wconf 82' lang='lat' dir='ltr'>D</span> 
     </span>
    </p>
   </div>
   <div class='ocr_carea' id='block_1_85' title="bbox 1824 4523 3505 4601">
    <p class='ocr_par' dir='ltr' id='par_1_85' title="bbox 1824 4529 3505 4601">
     <span class='ocr_line' id='line_1_85' title="bbox 1824 4529 3505 4601; baseline 0.004 -19"><span class='ocrx_word' id='word_1_705' title='bbox 1824 4549 1827 4568; x_wconf 72' lang='grc' dir='ltr'><strong><em>ι</em></strong></span> <span class='ocrx_word' id='word_1_706' title='bbox 1861 4543 1906 4601; x_wconf 81' lang='grc' dir='ltr'><em>ι)</em></span> <span class='ocrx_word' id='word_1_707' title='bbox 1935 4529 2206 4599; x_wconf 86' lang='lat' dir='ltr'><strong><em>poralium</em></strong></span> <span class='ocrx_word' id='word_1_708' title='bbox 2240 4530 2577 4583; x_wconf 82' lang='lat' dir='ltr'><strong><em>locustarum</em></strong></span> <span class='ocrx_word' id='word_1_709' title='bbox 2610 4531 2894 4598; x_wconf 78' lang='lat' dir='ltr'><strong><em>generatio</em></strong></span> <span class='ocrx_word' id='word_1_710' title='bbox 2947 4532 3291 4587; x_wconf 89' lang='lat' dir='ltr'><strong><em>occasionem</em></strong></span> <span class='ocrx_word' id='word_1_711' title='bbox 3337 4540 3505 4589; x_wconf 86' lang='lat' dir='ltr'><strong><em>sumit</em></strong></span> 
     </span>
    </p>
   </div>
   <div class='ocr_carea' id='block_1_86' title="bbox 247 4612 1928 4691">
    <p class='ocr_par' dir='ltr' id='par_1_86' title="bbox 247 4612 1828 4685">
     <span class='ocr_line' id='line_1_86' title="bbox 247 4612 1828 4685; baseline 0 -19"><span class='ocrx_word' id='word_1_712' title='bbox 247 4615 599 4685; x_wconf 77' lang='grc' dir='ltr'><em>περιέχοντος</em></span> <span class='ocrx_word' id='word_1_713' title='bbox 647 4615 914 4684; x_wconf 83' lang='grc' dir='ltr'><em>λαμϐάνει</em></span> <span class='ocrx_word' id='word_1_714' title='bbox 945 4615 1043 4684; x_wconf 79' lang='grc' dir='ltr'><em>τὴν</em></span> <span class='ocrx_word' id='word_1_715' title='bbox 1097 4615 1377 4683; x_wconf 82' lang='grc' dir='ltr'><em>ἀφορμήν.</em></span> <span class='ocrx_word' id='word_1_716' title='bbox 1424 4612 1585 4665; x_wconf 85' lang='grc' dir='ltr'><strong><em>Ἀλλὰ</em></strong></span> <span class='ocrx_word' id='word_1_717' title='bbox 1630 4614 1725 4667; x_wconf 76' lang='grc' dir='ltr'><em>καὶ</em></span> <span class='ocrx_word' id='word_1_718' title='bbox 1768 4613 1828 4666; x_wconf 79' lang='grc' dir='ltr'><em>τὸ</em></span> 
     </span>
    </p>
   </div>
   <div class='ocr_carea' id='block_1_87' title="bbox 1819 4612 3500 4691">
    <p class='ocr_par' dir='ltr' id='par_1_87' title="bbox 1819 4621 3500 4691">
     <span class='ocr_line' id='line_1_87' title="bbox 1819 4621 3500 4691; baseline 0.004 -17"><span class='ocrx_word' id='word_1_719' title='bbox 1819 4633 1828 4665; x_wconf 66' lang='grc' dir='ltr'>δ</span> <span class='ocrx_word' id='word_1_720' title='bbox 1931 4638 1998 4675; x_wconf 80' lang='lat' dir='ltr'><strong><em>ex</em></strong></span> <span class='ocrx_word' id='word_1_721' title='bbox 2034 4630 2419 4687; x_wconf 68' lang='lat' dir='ltr'><strong><em>corrympente</em></strong></span> <span class='ocrx_word' id='word_1_722' title='bbox 2458 4621 2640 4690; x_wconf 88' lang='lat' dir='ltr'><strong><em>aliqua</em></strong></span> <span class='ocrx_word' id='word_1_723' title='bbox 2689 4621 3184 4691; x_wconf 76' lang='lat' dir='ltr'><strong><em>circumadjaccnte</em></strong></span> <span class='ocrx_word' id='word_1_724' title='bbox 3248 4628 3500 4681; x_wconf 88' lang='lat' dir='ltr'><strong><em>materia.</em></strong></span> 
     </span>
    </p>
   </div>
   <div class='ocr_carea' id='block_1_88' title="bbox 247 4705 1928 4781">
    <p class='ocr_par' dir='ltr' id='par_1_88' title="bbox 247 4705 1830 4775">
     <span class='ocr_line' id='line_1_88' title="bbox 247 4705 1830 4775; baseline -0.002 -15"><span class='ocrx_word' id='word_1_725' title='bbox 247 4707 496 4774; x_wconf 76' lang='grc' dir='ltr'><em>ἀκρίδες</em></span> <span class='ocrx_word' id='word_1_726' title='bbox 521 4706 713 4775; x_wconf 74' lang='grc' dir='ltr'><em>ὄνομα,</em></span> <span class='ocrx_word' id='word_1_727' title='bbox 754 4708 854 4758; x_wconf 83' lang='grc' dir='ltr'><strong><em>οὑκ</em></strong></span> <span class='ocrx_word' id='word_1_728' title='bbox 879 4707 982 4771; x_wconf 76' lang='grc' dir='ltr'><strong><em>ἔξω</em></strong></span> <span class='ocrx_word' id='word_1_729' title='bbox 1027 4705 1120 4758; x_wconf 81' lang='grc' dir='ltr'><strong><em>τοῦ</em></strong></span> <span class='ocrx_word' id='word_1_730' title='bbox 1171 4705 1292 4758; x_wconf 85' lang='grc' dir='ltr'><em>κατ’</em></span> <span class='ocrx_word' id='word_1_731' title='bbox 1326 4706 1498 4774; x_wconf 82' lang='grc' dir='ltr'><em>ἄκρας</em></span> <span class='ocrx_word' id='word_1_732' title='bbox 1537 4706 1634 4768; x_wconf 90' lang='grc' dir='ltr'><strong><em>τάς</em></strong></span> <span class='ocrx_word' id='word_1_733' title='bbox 1659 4723 1830 4774; x_wconf 90' lang='grc' dir='ltr'><em>τιμω-</em></span> 
     </span>
    </p>
   </div>
   <div class='ocr_carea' id='block_1_89' title="bbox 1824 4705 3505 4781">
    <p class='ocr_par' dir='ltr' id='par_1_89' title="bbox 1824 4710 3505 4781">
     <span class='ocr_line' id='line_1_89' title="bbox 1824 4710 3505 4781; baseline 0.002 -15"><span class='ocrx_word' id='word_1_734' title='bbox 1824 4737 1830 4748; x_wconf 90' lang='grc'><strong>·</strong></span> <span class='ocrx_word' id='word_1_735' title='bbox 1931 4711 2034 4766; x_wconf 90' lang='lat' dir='ltr'><strong><em>Sed</em></strong></span> <span class='ocrx_word' id='word_1_736' title='bbox 2054 4720 2107 4764; x_wconf 84' lang='lat' dir='ltr'><strong><em>et</em></strong></span> <span class='ocrx_word' id='word_1_737' title='bbox 2134 4726 2328 4764; x_wconf 87' lang='lat' dir='ltr'><strong><em>nomen</em></strong></span> <span class='ocrx_word' id='word_1_738' title='bbox 2358 4711 2618 4781; x_wconf 85' lang='grc' dir='ltr'><em>ἀκρίδων,</em></span> <span class='ocrx_word' id='word_1_739' title='bbox 2639 4710 2692 4764; x_wconf 92' lang='lat' dir='ltr'><strong><em>id</em></strong></span> <span class='ocrx_word' id='word_1_740' title='bbox 2711 4719 2794 4765; x_wconf 90' lang='lat' dir='ltr'><strong><em>est</em></strong></span> <span class='ocrx_word' id='word_1_741' title='bbox 2817 4710 3172 4775; x_wconf 89' lang='lat' dir='ltr'><strong><em>locustarum,</em></strong></span> <span class='ocrx_word' id='word_1_742' title='bbox 3194 4727 3300 4765; x_wconf 92' lang='lat' dir='ltr'><strong><em>non</em></strong></span> <span class='ocrx_word' id='word_1_743' title='bbox 3322 4713 3422 4767; x_wconf 87' lang='lat' dir='ltr'><strong><em>abs</em></strong></span> <span class='ocrx_word' id='word_1_744' title='bbox 3449 4730 3505 4770; x_wconf 86' lang='lat' dir='ltr'><strong><em>ro</em></strong></span> 
     </span>
    </p>
   </div>
   <div class='ocr_carea' id='block_1_90' title="bbox 251 4796 1932 4872">
    <p class='ocr_par' dir='ltr' id='par_1_90' title="bbox 251 4796 1828 4867">
     <span class='ocr_line' id='line_1_90' title="bbox 251 4796 1828 4867; baseline 0.001 -20"><span class='ocrx_word' id='word_1_745' title='bbox 251 4798 378 4867; x_wconf 83' lang='grc' dir='ltr'><em>ρίας</em></span> <span class='ocrx_word' id='word_1_746' title='bbox 413 4797 718 4866; x_wconf 70' lang='grc' dir='ltr'><em>ἐπαχθῆναι</em></span> <span class='ocrx_word' id='word_1_747' title='bbox 749 4797 884 4866; x_wconf 83' lang='grc' dir='ltr'><em>πρὸς</em></span> <span class='ocrx_word' id='word_1_748' title='bbox 929 4797 1163 4866; x_wconf 82' lang='grc' dir='ltr'><em>δήλωσιν</em></span> <span class='ocrx_word' id='word_1_749' title='bbox 1194 4796 1539 4867; x_wconf 85' lang='grc' dir='ltr'><em>παρελήφθη.</em></span> <span class='ocrx_word' id='word_1_750' title='bbox 1569 4796 1828 4850; x_wconf 86' lang='grc' dir='ltr'><em>Δεθόσθαι</em></span> 
     </span>
    </p>
   </div>
   <div class='ocr_carea' id='block_1_91' title="bbox 1822 4796 3503 4872">
    <p class='ocr_par' dir='ltr' id='par_1_91' title="bbox 1822 4799 3503 4872">
     <span class='ocr_line' id='line_1_91' title="bbox 1822 4799 3503 4872; baseline 0.001 -16"><span class='ocrx_word' id='word_1_751' title='bbox 1822 4818 1828 4848; x_wconf 65' lang='grc' dir='ltr'><strong><em>ι</em></strong></span> <span class='ocrx_word' id='word_1_752' title='bbox 1934 4811 2274 4870; x_wconf 88' lang='lat' dir='ltr'><strong><em>assumptum</em></strong></span> <span class='ocrx_word' id='word_1_753' title='bbox 2299 4809 2400 4866; x_wconf 84' lang='lat' dir='ltr'><strong><em>est,</em></strong></span> <span class='ocrx_word' id='word_1_754' title='bbox 2429 4799 2522 4854; x_wconf 92' lang='lat' dir='ltr'><strong><em>sed</em></strong></span> <span class='ocrx_word' id='word_1_755' title='bbox 2553 4801 2618 4854; x_wconf 92' lang='lat' dir='ltr'><strong><em>ad</em></strong></span> <span class='ocrx_word' id='word_1_756' title='bbox 2649 4800 3063 4869; x_wconf 72' lang='lat' dir='ltr'><strong><em>signiﬁcandum</em></strong></span> <span class='ocrx_word' id='word_1_757' title='bbox 3105 4804 3368 4872; x_wconf 84' lang='lat' dir='ltr'><strong><em>supplicia</em></strong></span> <span class='ocrx_word' id='word_1_758' title='bbox 3419 4804 3503 4858; x_wconf 87' lang='lat' dir='ltr'><strong><em>in-</em></strong></span> 
     </span>
    </p>
   </div>
   <div class='ocr_carea' id='block_1_92' title="bbox 248 4886 1929 4963">
    <p class='ocr_par' dir='ltr' id='par_1_92' title="bbox 248 4887 1825 4957">
     <span class='ocr_line' id='line_1_92' title="bbox 248 4887 1825 4957; baseline -0.003 -15"><span class='ocrx_word' id='word_1_759' title='bbox 248 4890 312 4942; x_wconf 78' lang='grc' dir='ltr'><strong><em>δὲ</em></strong></span> <span class='ocrx_word' id='word_1_760' title='bbox 351 4889 600 4952; x_wconf 77' lang='grc' dir='ltr'><em>ἐξουσίαν</em></span> <span class='ocrx_word' id='word_1_761' title='bbox 626 4889 701 4951; x_wconf 84' lang='grc' dir='ltr'><em>ὠς</em></span> <span class='ocrx_word' id='word_1_762' title='bbox 736 4890 830 4941; x_wconf 69' lang='grc' dir='ltr'><strong><em>ἐπὶ</em></strong></span> <span class='ocrx_word' id='word_1_763' title='bbox 860 4889 1118 4957; x_wconf 71' lang='grc' dir='ltr'><em>ἐμψύχων</em></span> <span class='ocrx_word' id='word_1_764' title='bbox 1150 4890 1339 4951; x_wconf 82' lang='grc' dir='ltr'><em>αὑταῖς</em></span> <span class='ocrx_word' id='word_1_765' title='bbox 1371 4887 1731 4955; x_wconf 83' lang='grc' dir='ltr'><em>διεσκευάσθη</em></span> <span class='ocrx_word' id='word_1_766' title='bbox 1757 4890 1825 4956; x_wconf 83' lang='grc' dir='ltr'><em>τῇ</em></span> 
     </span>
    </p>
   </div>
   <div class='ocr_carea' id='block_1_93' title="bbox 1819 4886 3500 4963">
    <p class='ocr_par' dir='ltr' id='par_1_93' title="bbox 1819 4886 3500 4963">
     <span class='ocr_line' id='line_1_93' title="bbox 1819 4886 3500 4963; baseline 0.001 -15"><span class='ocrx_word' id='word_1_767' title='bbox 1819 4908 1825 4956; x_wconf 79' lang='grc' dir='ltr'><strong><em>ι</em></strong></span> <span class='ocrx_word' id='word_1_768' title='bbox 1931 4894 2053 4948; x_wconf 90' lang='lat' dir='ltr'><strong><em>duci</em></strong></span> <span class='ocrx_word' id='word_1_769' title='bbox 2076 4893 2193 4945; x_wconf 82' lang='grc' dir='ltr'><em>κατ’</em></span> <span class='ocrx_word' id='word_1_770' title='bbox 2214 4886 2388 4963; x_wconf 77' lang='grc' dir='ltr'><em>ἄκρας</em></span> <span class='ocrx_word' id='word_1_771' title='bbox 2413 4892 2464 4944; x_wconf 91' lang='lat' dir='ltr'><strong><em>id</em></strong></span> <span class='ocrx_word' id='word_1_772' title='bbox 2482 4901 2566 4946; x_wconf 90' lang='lat' dir='ltr'><strong><em>est</em></strong></span> <span class='ocrx_word' id='word_1_773' title='bbox 2595 4893 2645 4945; x_wconf 90' lang='lat' dir='ltr'><strong><em>in</em></strong></span> <span class='ocrx_word' id='word_1_774' title='bbox 2672 4908 2888 4947; x_wconf 88' lang='lat' dir='ltr'><strong><em>summo</em></strong></span> <span class='ocrx_word' id='word_1_775' title='bbox 2905 4894 3020 4948; x_wconf 86' lang='lat' dir='ltr'><strong><em>sive</em></strong></span> <span class='ocrx_word' id='word_1_776' title='bbox 3035 4893 3185 4962; x_wconf 75' lang='lat' dir='ltr'><strong><em>juxta</em></strong></span> <span class='ocrx_word' id='word_1_777' title='bbox 3203 4908 3500 4950; x_wconf 81' lang='lat' dir='ltr'><strong><em>extremam</em></strong></span> 
     </span>
    </p>
   </div>
   <div class='ocr_carea' id='block_1_94' title="bbox 251 4977 1932 5055">
    <p class='ocr_par' dir='ltr' id='par_1_94' title="bbox 251 4977 1830 5051">
     <span class='ocr_line' id='line_1_94' title="bbox 251 4977 1830 5051; baseline -0.004 -17"><span class='ocrx_word' id='word_1_778' title='bbox 251 4982 698 5051; x_wconf 82' lang='grc' dir='ltr'><em>προσωποποιίᾳ,</em></span> <span class='ocrx_word' id='word_1_779' title='bbox 747 4981 824 5050; x_wconf 79' lang='grc' dir='ltr'><em>τῷ</em></span> <span class='ocrx_word' id='word_1_780' title='bbox 875 4979 1256 5040; x_wconf 74' lang='grc' dir='ltr'><em>ἀνυποστόλως</em></span> <span class='ocrx_word' id='word_1_781' title='bbox 1308 4979 1402 5030; x_wconf 77' lang='grc' dir='ltr'><em>καὶ</em></span> <span class='ocrx_word' id='word_1_782' title='bbox 1448 4977 1830 5047; x_wconf 86' lang='grc' dir='ltr'><em>ἀπαρεμποδί-</em></span> 
     </span>
    </p>
   </div>
   <div class='ocr_carea' id='block_1_95' title="bbox 1815 4977 3496 5055">
    <p class='ocr_par' dir='ltr' id='par_1_95' title="bbox 1815 4983 3496 5055">
     <span class='ocr_line' id='line_1_95' title="bbox 1815 4983 3496 5055; baseline 0.002 -16"><span class='ocrx_word' id='word_1_783' title='bbox 1815 5005 1830 5016; x_wconf 93' lang='grc'><strong>-</strong></span> <span class='ocrx_word' id='word_1_784' title='bbox 1932 4988 2302 5040; x_wconf 83' lang='lat' dir='ltr'><strong><em>acerbitatem.</em></strong></span> <span class='ocrx_word' id='word_1_785' title='bbox 2365 4983 2537 5038; x_wconf 84' lang='lat' dir='ltr'><strong><em>Porro</em></strong></span> <span class='ocrx_word' id='word_1_786' title='bbox 2590 4986 2769 5038; x_wconf 86' lang='lat' dir='ltr'><strong><em>datam</em></strong></span> <span class='ocrx_word' id='word_1_787' title='bbox 2811 4984 2942 5054; x_wconf 87' lang='lat' dir='ltr'><strong><em>ipsis</em></strong></span> <span class='ocrx_word' id='word_1_788' title='bbox 2994 5000 3116 5040; x_wconf 88' lang='lat' dir='ltr'><strong><em>esse</em></strong></span> <span class='ocrx_word' id='word_1_789' title='bbox 3174 4996 3496 5055; x_wconf 90' lang='lat' dir='ltr'><strong><em>potestatem</em></strong></span> 
     </span>
    </p>
   </div>
   <div class='ocr_carea' id='block_1_96' title="bbox 255 5069 1936 5148">
    <p class='ocr_par' dir='ltr' id='par_1_96' title="bbox 255 5069 1936 5142">
     <span class='ocr_line' id='line_1_96' title="bbox 255 5069 1936 5142; baseline -0.005 -15"><span class='ocrx_word' id='word_1_790' title='bbox 255 5091 400 5135; x_wconf 87' lang='grc' dir='ltr'><em>στως</em></span> <span class='ocrx_word' id='word_1_791' title='bbox 434 5072 533 5134; x_wconf 83' lang='grc' dir='ltr'><strong><em>τάς</em></strong></span> <span class='ocrx_word' id='word_1_792' title='bbox 571 5074 842 5142; x_wconf 86' lang='grc' dir='ltr'><em>τιμωρίας</em></span> <span class='ocrx_word' id='word_1_793' title='bbox 891 5071 1187 5125; x_wconf 85' lang='grc' dir='ltr'><em>ἀνύεσθαι·</em></span> <span class='ocrx_word' id='word_1_794' title='bbox 1215 5071 1330 5123; x_wconf 87' lang='grc' dir='ltr'><em>ἀλλ’</em></span> <span class='ocrx_word' id='word_1_795' title='bbox 1385 5071 1472 5122; x_wconf 80' lang='grc' dir='ltr'><em>ἵνα</em></span> <span class='ocrx_word' id='word_1_796' title='bbox 1515 5071 1588 5139; x_wconf 84' lang='grc' dir='ltr'><strong><em>μή</em></strong></span> <span class='ocrx_word' id='word_1_797' title='bbox 1638 5086 1720 5131; x_wconf 87' lang='grc' dir='ltr'><strong><em>τις</em></strong></span> <span class='ocrx_word' id='word_1_798' title='bbox 1764 5069 1831 5119; x_wconf 74' lang='grc' dir='ltr'><em>τὰ</em></span> <span class='ocrx_word' id='word_1_799' title='bbox 1935 5093 1936 5100; x_wconf 57' lang='grc' dir='ltr'><strong><em>ι</em></strong></span> 
     </span>
    </p>
   </div>
   <div class='ocr_carea' id='block_1_97' title="bbox 1822 5069 3503 5148">
    <p class='ocr_par' dir='ltr' id='par_1_97' title="bbox 1822 5075 3503 5148">
     <span class='ocr_line' id='line_1_97' title="bbox 1822 5075 3503 5148; baseline 0 -18"><span class='ocrx_word' id='word_1_800' title='bbox 1822 5086 1831 5119; x_wconf 80' lang='grc' dir='ltr'><strong><em>ι</em></strong></span> <span class='ocrx_word' id='word_1_801' title='bbox 1935 5086 2188 5146; x_wconf 84' lang='lat' dir='ltr'><strong><em>tanquam</em></strong></span> <span class='ocrx_word' id='word_1_802' title='bbox 2211 5075 2348 5129; x_wconf 90' lang='lat' dir='ltr'><strong><em>vivis</em></strong></span> <span class='ocrx_word' id='word_1_803' title='bbox 2371 5075 2719 5138; x_wconf 84' lang='lat' dir='ltr'><strong><em>animalibus,</em></strong></span> <span class='ocrx_word' id='word_1_804' title='bbox 2741 5090 2837 5144; x_wconf 90' lang='lat' dir='ltr'><strong><em>per</em></strong></span> <span class='ocrx_word' id='word_1_805' title='bbox 2865 5078 3298 5145; x_wconf 72' lang='lat' dir='ltr'><strong><em>prosopopmiam</em></strong></span> <span class='ocrx_word' id='word_1_806' title='bbox 3318 5078 3503 5148; x_wconf 83' lang='lat' dir='ltr'><strong><em>dispo-</em></strong></span> 
     </span>
    </p>
   </div>
   <div class='ocr_carea' id='block_1_98' title="bbox 249 5159 1930 5240">
    <p class='ocr_par' dir='ltr' id='par_1_98' title="bbox 249 5159 1831 5235">
     <span class='ocr_line' id='line_1_98' title="bbox 249 5159 1831 5235; baseline -0.006 -16"><span class='ocrx_word' id='word_1_807' title='bbox 249 5168 369 5219; x_wconf 84' lang='grc' dir='ltr'><strong><em>τῶν</em></strong></span> <span class='ocrx_word' id='word_1_808' title='bbox 417 5165 654 5235; x_wconf 81' lang='grc' dir='ltr'><em>ἀκρίδων</em></span> <span class='ocrx_word' id='word_1_809' title='bbox 696 5166 951 5234; x_wconf 82' lang='grc' dir='ltr'><em>δήγματα</em></span> <span class='ocrx_word' id='word_1_810' title='bbox 989 5163 1142 5226; x_wconf 85' lang='grc' dir='ltr'><em>εἰδὼς</em></span> <span class='ocrx_word' id='word_1_811' title='bbox 1187 5163 1247 5215; x_wconf 88' lang='grc' dir='ltr'><strong><em>οὑ</em></strong></span> <span class='ocrx_word' id='word_1_812' title='bbox 1305 5161 1575 5230; x_wconf 84' lang='grc' dir='ltr'><em>τοσαύτην</em></span> <span class='ocrx_word' id='word_1_813' title='bbox 1639 5159 1831 5232; x_wconf 70' lang='grc' dir='ltr'><em>ὀδύνην</em></span> 
     </span>
    </p>
   </div>
   <div class='ocr_carea' id='block_1_99' title="bbox 1822 5159 3503 5240">
    <p class='ocr_par' dir='ltr' id='par_1_99' title="bbox 1822 5167 3503 5240">
     <span class='ocr_line' id='line_1_99' title="bbox 1822 5167 3503 5240; baseline -0.001 -17"><span class='ocrx_word' id='word_1_814' title='bbox 1822 5177 1831 5206; x_wconf 74' lang='grc' dir='ltr'>ν</span> <span class='ocrx_word' id='word_1_815' title='bbox 1934 5170 2097 5224; x_wconf 84' lang='lat' dir='ltr'><strong><em>situm</em></strong></span> <span class='ocrx_word' id='word_1_816' title='bbox 2151 5179 2258 5234; x_wconf 79' lang='lat' dir='ltr'><strong><em>est,</em></strong></span> <span class='ocrx_word' id='word_1_817' title='bbox 2330 5167 2471 5238; x_wconf 84' lang='lat' dir='ltr'><strong><em>quod</em></strong></span> <span class='ocrx_word' id='word_1_818' title='bbox 2547 5168 2702 5220; x_wconf 88' lang='lat' dir='ltr'><strong><em>nullo</em></strong></span> <span class='ocrx_word' id='word_1_819' title='bbox 2752 5177 2897 5222; x_wconf 90' lang='lat' dir='ltr'><strong><em>metu</em></strong></span> <span class='ocrx_word' id='word_1_820' title='bbox 2956 5169 3211 5238; x_wconf 89' lang='lat' dir='ltr'><strong><em>nulloque</em></strong></span> <span class='ocrx_word' id='word_1_821' title='bbox 3275 5171 3503 5240; x_wconf 85' lang='lat' dir='ltr'><strong><em>impedi-</em></strong></span> 
     </span>
    </p>
   </div>
   <div class='ocr_carea' id='block_1_100' title="bbox 256 5251 1937 5330">
    <p class='ocr_par' dir='ltr' id='par_1_100' title="bbox 256 5251 1832 5329">
     <span class='ocr_line' id='line_1_100' title="bbox 256 5251 1832 5329; baseline -0.007 -18"><span class='ocrx_word' id='word_1_822' title='bbox 256 5259 598 5329; x_wconf 80' lang='grc' dir='ltr'><em>παρέχοντα,</em></span> <span class='ocrx_word' id='word_1_823' title='bbox 635 5258 875 5327; x_wconf 77' lang='grc' dir='ltr'><em>φορητὴν</em></span> <span class='ocrx_word' id='word_1_824' title='bbox 899 5257 1161 5309; x_wconf 77' lang='grc' dir='ltr'><em>ὑπολάϐοι</em></span> <span class='ocrx_word' id='word_1_825' title='bbox 1187 5255 1286 5325; x_wconf 82' lang='grc' dir='ltr'><em>τὴν</em></span> <span class='ocrx_word' id='word_1_826' title='bbox 1320 5252 1610 5321; x_wconf 85' lang='grc' dir='ltr'><em>ἀλγηδόνα,</em></span> <span class='ocrx_word' id='word_1_827' title='bbox 1636 5251 1696 5303; x_wconf 87' lang='grc' dir='ltr'><em>τὸ</em></span> <span class='ocrx_word' id='word_1_828' title='bbox 1724 5251 1832 5301; x_wconf 84' lang='grc' dir='ltr'><strong><em>τῶν</em></strong></span> 
     </span>
    </p>
   </div>
   <div class='ocr_carea' id='block_1_101' title="bbox 1823 5251 3504 5330">
    <p class='ocr_par' dir='ltr' id='par_1_101' title="bbox 1823 5257 3504 5330">
     <span class='ocr_line' id='line_1_101' title="bbox 1823 5257 3504 5330; baseline 0.005 -21"><span class='ocrx_word' id='word_1_829' title='bbox 1823 5269 1832 5297; x_wconf 72' lang='grc' dir='ltr'>ν</span> <span class='ocrx_word' id='word_1_830' title='bbox 1938 5272 2116 5313; x_wconf 88' lang='lat' dir='ltr'><strong><em>mento</em></strong></span> <span class='ocrx_word' id='word_1_831' title='bbox 2141 5258 2404 5327; x_wconf 86' lang='lat' dir='ltr'><strong><em>supplicia</em></strong></span> <span class='ocrx_word' id='word_1_832' title='bbox 2433 5268 2788 5326; x_wconf 81' lang='lat' dir='ltr'><strong><em>exsequatur.</em></strong></span> <span class='ocrx_word' id='word_1_833' title='bbox 2815 5257 2918 5312; x_wconf 83' lang='lat' dir='ltr'><strong><em>Sed</em></strong></span> <span class='ocrx_word' id='word_1_834' title='bbox 2942 5260 3143 5327; x_wconf 88' lang='lat' dir='ltr'><strong><em>nequis</em></strong></span> <span class='ocrx_word' id='word_1_835' title='bbox 3168 5261 3349 5315; x_wconf 84' lang='lat' dir='ltr'><strong><em>sciens</em></strong></span> <span class='ocrx_word' id='word_1_836' title='bbox 3370 5277 3504 5330; x_wconf 83' lang='lat' dir='ltr'><strong><em>qna—</em></strong></span> 
     </span>
    </p>
   </div>
   <div class='ocr_carea' id='block_1_102' title="bbox 256 5344 1937 5421">
    <p class='ocr_par' dir='ltr' id='par_1_102' title="bbox 256 5344 1831 5421">
     <span class='ocr_line' id='line_1_102' title="bbox 256 5344 1831 5421; baseline -0.008 -16"><span class='ocrx_word' id='word_1_837' title='bbox 256 5353 542 5421; x_wconf 87' lang='grc' dir='ltr'><em>σκορπίων</em></span> <span class='ocrx_word' id='word_1_838' title='bbox 606 5351 859 5418; x_wconf 71' lang='grc' dir='ltr'><em>ἐπιφέρει</em></span> <span class='ocrx_word' id='word_1_839' title='bbox 922 5350 1247 5418; x_wconf 83' lang='grc' dir='ltr'><em>ὑπόδειγμα,</em></span> <span class='ocrx_word' id='word_1_840' title='bbox 1299 5347 1678 5414; x_wconf 81' lang='grc' dir='ltr'><em>ἀλγεινοτέραν</em></span> <span class='ocrx_word' id='word_1_841' title='bbox 1733 5344 1831 5407; x_wconf 77' lang='grc' dir='ltr'><em>τὴν</em></span> 
     </span>
    </p>
   </div>
   <div class='ocr_carea' id='block_1_103' title="bbox 1820 5344 3501 5421">
    <p class='ocr_par' dir='ltr' id='par_1_103' title="bbox 1820 5350 3501 5421">
     <span class='ocr_line' id='line_1_103' title="bbox 1820 5350 3501 5421; baseline 0.005 -20"><span class='ocrx_word' id='word_1_842' title='bbox 1820 5361 1831 5393; x_wconf 71' lang='grc' dir='ltr'><strong><em>ι</em></strong></span> <span class='ocrx_word' id='word_1_843' title='bbox 1937 5352 2014 5404; x_wconf 84' lang='lat' dir='ltr'><strong><em>les</em></strong></span> <span class='ocrx_word' id='word_1_844' title='bbox 2053 5352 2161 5405; x_wconf 90' lang='lat' dir='ltr'><strong><em>sint</em></strong></span> <span class='ocrx_word' id='word_1_845' title='bbox 2191 5351 2524 5405; x_wconf 85' lang='lat' dir='ltr'><strong><em>locustarum</em></strong></span> <span class='ocrx_word' id='word_1_846' title='bbox 2563 5365 2799 5414; x_wconf 89' lang='lat' dir='ltr'><strong><em>morsus,</em></strong></span> <span class='ocrx_word' id='word_1_847' title='bbox 2846 5360 2904 5402; x_wconf 92' lang='lat' dir='ltr'><strong><em>ut</em></strong></span> <span class='ocrx_word' id='word_1_848' title='bbox 2936 5350 3026 5419; x_wconf 87' lang='lat' dir='ltr'><strong><em>qui</em></strong></span> <span class='ocrx_word' id='word_1_849' title='bbox 3073 5366 3184 5405; x_wconf 89' lang='lat' dir='ltr'><strong><em>non</em></strong></span> <span class='ocrx_word' id='word_1_850' title='bbox 3245 5367 3501 5421; x_wconf 79' lang='lat' dir='ltr'><strong><em>magnum</em></strong></span> 
     </span>
    </p>
   </div>
   <div class='ocr_carea' id='block_1_104' title="bbox 256 5436 1937 5520">
    <p class='ocr_par' dir='ltr' id='par_1_104' title="bbox 256 5436 1937 5520">
     <span class='ocr_line' id='line_1_104' title="bbox 256 5436 1937 5520; baseline -0.006 -19"><span class='ocrx_word' id='word_1_851' title='bbox 256 5445 516 5520; x_wconf 64' lang='lat' dir='ltr'><strong><em>5.!chth</em></strong></span> <span class='ocrx_word' id='word_1_852' title='bbox 545 5446 609 5513; x_wconf 79' lang='grc' dir='ltr'><em>τῇ</em></span> <span class='ocrx_word' id='word_1_853' title='bbox 641 5445 868 5514; x_wconf 82' lang='grc' dir='ltr'><em>κέντρου</em></span> <span class='ocrx_word' id='word_1_854' title='bbox 898 5442 1194 5512; x_wconf 76' lang='grc' dir='ltr'><em>ἐγχρίμψει</em></span> <span class='ocrx_word' id='word_1_855' title='bbox 1222 5443 1588 5510; x_wconf 83' lang='grc' dir='ltr'><em>παρεχόντων.</em></span> <span class='ocrx_word' id='word_1_856' title='bbox 1614 5436 1704 5488; x_wconf 79' lang='grc' dir='ltr'><strong><em>Διὸ</em></strong></span> <span class='ocrx_word' id='word_1_857' title='bbox 1739 5436 1834 5488; x_wconf 80' lang='grc' dir='ltr'><em>καὶ</em></span> <span class='ocrx_word' id='word_1_858' title='bbox 1935 5483 1937 5491; x_wconf 73' lang='grc'><strong><em>,</em></strong></span> 
     </span>
    </p>
   </div>
   <div class='ocr_carea' id='block_1_105' title="bbox 1822 5436 3503 5520">
    <p class='ocr_par' dir='ltr' id='par_1_105' title="bbox 1822 5441 3503 5510">
     <span class='ocr_line' id='line_1_105' title="bbox 1822 5441 3503 5510; baseline 0 -15"><span class='ocrx_word' id='word_1_859' title='bbox 1822 5447 1834 5488; x_wconf 78' lang='grc' dir='ltr'><strong><em>ι</em></strong></span> <span class='ocrx_word' id='word_1_860' title='bbox 1935 5441 2162 5495; x_wconf 76' lang='lat' dir='ltr'><strong><em>afferant</em></strong></span> <span class='ocrx_word' id='word_1_861' title='bbox 2197 5443 2519 5506; x_wconf 88' lang='lat' dir='ltr'><strong><em>cruciatum,</em></strong></span> <span class='ocrx_word' id='word_1_862' title='bbox 2562 5441 2892 5495; x_wconf 88' lang='lat' dir='ltr'><strong><em>tolerabilem</em></strong></span> <span class='ocrx_word' id='word_1_863' title='bbox 2919 5442 3226 5510; x_wconf 77' lang='lat' dir='ltr'><strong><em>suspicetur</em></strong></span> <span class='ocrx_word' id='word_1_864' title='bbox 3241 5444 3503 5510; x_wconf 81' lang='lat' dir='ltr'><strong><em>dolorem,</em></strong></span> 
     </span>
    </p>
   </div>
   <div class='ocr_carea' id='block_1_106' title="bbox 253 5531 1934 5611">
    <p class='ocr_par' dir='ltr' id='par_1_106' title="bbox 253 5531 1833 5611">
     <span class='ocr_line' id='line_1_106' title="bbox 253 5531 1833 5611; baseline -0.009 -16"><span class='ocrx_word' id='word_1_865' title='bbox 253 5538 463 5611; x_wconf 65' lang='grc' dir='ltr'><em>ἐρρέθη</em></span> <span class='ocrx_word' id='word_1_866' title='bbox 479 5531 553 5589; x_wconf 61' lang='grc' dir='ltr'><em>⁴οὑ</em></span> <span class='ocrx_word' id='word_1_867' title='bbox 606 5539 718 5599; x_wconf 83' lang='grc' dir='ltr'><em>τοῖς</em></span> <span class='ocrx_word' id='word_1_868' title='bbox 760 5539 1014 5598; x_wconf 76' lang='grc' dir='ltr'><em>καρποῖς,</em></span> <span class='ocrx_word' id='word_1_869' title='bbox 1047 5536 1181 5588; x_wconf 80' lang='grc' dir='ltr'><em>ἀ).λά</em></span> <span class='ocrx_word' id='word_1_870' title='bbox 1215 5537 1332 5595; x_wconf 88' lang='grc' dir='ltr'><em>ταῖς</em></span> <span class='ocrx_word' id='word_1_871' title='bbox 1363 5533 1573 5600; x_wconf 85' lang='grc' dir='ltr'><em>ἀκρίσι,</em></span> <span class='ocrx_word' id='word_1_872' title='bbox 1603 5534 1668 5599; x_wconf 77' lang='grc' dir='ltr'><em>τῇ</em></span> <span class='ocrx_word' id='word_1_873' title='bbox 1703 5547 1833 5598; x_wconf 82' lang='grc' dir='ltr'><em>προ-</em></span> 
     </span>
    </p>
   </div>
   <div class='ocr_carea' id='block_1_107' title="bbox 1822 5531 3503 5611">
    <p class='ocr_par' dir='ltr' id='par_1_107' title="bbox 1822 5531 3503 5600">
     <span class='ocr_line' id='line_1_107' title="bbox 1822 5531 3503 5600; baseline 0.001 -16"><span class='ocrx_word' id='word_1_874' title='bbox 1822 5557 1833 5567; x_wconf 87' lang='grc'><strong>-</strong></span> <span class='ocrx_word' id='word_1_875' title='bbox 1937 5533 2282 5600; x_wconf 87' lang='lat' dir='ltr'><strong><em>scorpionum</em></strong></span> <span class='ocrx_word' id='word_1_876' title='bbox 2349 5532 2629 5600; x_wconf 83' lang='lat' dir='ltr'><strong><em>subjungit</em></strong></span> <span class='ocrx_word' id='word_1_877' title='bbox 2701 5531 3032 5599; x_wconf 81' lang='lat' dir='ltr'><strong><em>exemplum,</em></strong></span> <span class='ocrx_word' id='word_1_878' title='bbox 3084 5532 3177 5600; x_wconf 88' lang='lat' dir='ltr'><strong><em>qui</em></strong></span> <span class='ocrx_word' id='word_1_879' title='bbox 3249 5534 3503 5600; x_wconf 88' lang='lat' dir='ltr'><strong><em>majorem</em></strong></span> 
     </span>
    </p>
   </div>
   <div class='ocr_carea' id='block_1_108' title="bbox 256 5619 1937 5697">
    <p class='ocr_par' dir='ltr' id='par_1_108' title="bbox 256 5624 1835 5697">
     <span class='ocr_line' id='line_1_108' title="bbox 256 5624 1835 5697; baseline -0.008 -15"><span class='ocrx_word' id='word_1_880' title='bbox 256 5630 570 5682; x_wconf 87' lang='grc' dir='ltr'><em>σωποποιία</em></span> <span class='ocrx_word' id='word_1_881' title='bbox 618 5629 892 5697; x_wconf 79' lang='grc' dir='ltr'><em>ὲπιμενων</em></span> <span class='ocrx_word' id='word_1_882' title='bbox 933 5627 1230 5687; x_wconf 68' lang='grc' dir='ltr'><em>κάνταῦθα,</em></span> <span class='ocrx_word' id='word_1_883' title='bbox 1261 5627 1346 5677; x_wconf 77' lang='grc' dir='ltr'><em>ἵνα</em></span> <span class='ocrx_word' id='word_1_884' title='bbox 1391 5624 1464 5694; x_wconf 80' lang='grc' dir='ltr'><em>μὴ</em></span> <span class='ocrx_word' id='word_1_885' title='bbox 1506 5625 1835 5688; x_wconf 62' lang='grc' dir='ltr'><em>ἀδικήσωσιν</em></span> 
     </span>
    </p>
   </div>
   <div class='ocr_carea' id='block_1_109' title="bbox 1823 5619 3504 5697">
    <p class='ocr_par' dir='ltr' id='par_1_109' title="bbox 1823 5619 3504 5689">
     <span class='ocr_line' id='line_1_109' title="bbox 1823 5619 3504 5689; baseline 0.002 -19"><span class='ocrx_word' id='word_1_886' title='bbox 1823 5637 1835 5670; x_wconf 76' lang='grc' dir='ltr'><strong><em>ι</em></strong></span> <span class='ocrx_word' id='word_1_887' title='bbox 1939 5622 2141 5689; x_wconf 75' lang='lat' dir='ltr'><strong><em>peret</em></strong></span> <span class='ocrx_word' id='word_1_888' title='bbox 2179 5621 2351 5674; x_wconf 82' lang='lat' dir='ltr'><strong><em>aculei</em></strong></span> <span class='ocrx_word' id='word_1_889' title='bbox 2387 5621 2679 5688; x_wconf 83' lang='lat' dir='ltr'><strong><em>punctione</em></strong></span> <span class='ocrx_word' id='word_1_890' title='bbox 2711 5621 3023 5673; x_wconf 85' lang='lat' dir='ltr'><strong><em>sensibilem</em></strong></span> <span class='ocrx_word' id='word_1_891' title='bbox 3056 5619 3324 5675; x_wconf 85' lang='lat' dir='ltr'><strong><em>dolorem.</em></strong></span> <span class='ocrx_word' id='word_1_892' title='bbox 3380 5619 3504 5675; x_wconf 81' lang='lat' dir='ltr'><strong><em>Ideo</em></strong></span> 
     </span>
    </p>
   </div>
   <div class='ocr_carea' id='block_1_110' title="bbox 253 5711 1934 5790">
    <p class='ocr_par' dir='ltr' id='par_1_110' title="bbox 253 5713 1834 5790">
     <span class='ocr_line' id='line_1_110' title="bbox 253 5713 1834 5790; baseline -0.009 -14"><span class='ocrx_word' id='word_1_893' title='bbox 253 5725 318 5776; x_wconf 86' lang='grc' dir='ltr'><em>οὐ</em></span> <span class='ocrx_word' id='word_1_894' title='bbox 344 5723 472 5782; x_wconf 70' lang='grc' dir='ltr'><em>τοὺς</em></span> <span class='ocrx_word' id='word_1_895' title='bbox 503 5719 843 5790; x_wconf 85' lang='grc' dir='ltr'><em>ἀνθρώπους,</em></span> <span class='ocrx_word' id='word_1_896' title='bbox 877 5720 1010 5770; x_wconf 66' lang='grc' dir='ltr'><em>ἀλλὰ</em></span> <span class='ocrx_word' id='word_1_897' title='bbox 1038 5721 1103 5770; x_wconf 76' lang='grc' dir='ltr'><em>τὰ</em></span> <span class='ocrx_word' id='word_1_898' title='bbox 1137 5719 1242 5771; x_wconf 82' lang='grc' dir='ltr'><em>ἀπὸ</em></span> <span class='ocrx_word' id='word_1_899' title='bbox 1263 5718 1363 5785; x_wconf 83' lang='grc' dir='ltr'><em>γῆς</em></span> <span class='ocrx_word' id='word_1_900' title='bbox 1398 5716 1657 5785; x_wconf 74' lang='grc' dir='ltr'><em>φυόμενα.</em></span> <span class='ocrx_word' id='word_1_901' title='bbox 1681 5713 1834 5776; x_wconf 83' lang='grc' dir='ltr'><em>Τινὲς</em></span> 
     </span>
    </p>
   </div>
   <div class='ocr_carea' id='block_1_111' title="bbox 1824 5711 3505 5790">
    <p class='ocr_par' dir='ltr' id='par_1_111' title="bbox 1824 5711 3505 5782">
     <span class='ocr_line' id='line_1_111' title="bbox 1824 5711 3505 5782; baseline 0.001 -17"><span class='ocrx_word' id='word_1_902' title='bbox 1824 5731 1834 5776; x_wconf 88' lang='lat'><strong>;</strong></span> <span class='ocrx_word' id='word_1_903' title='bbox 1938 5729 2152 5781; x_wconf 89' lang='lat' dir='ltr'><strong><em>quoque</em></strong></span> <span class='ocrx_word' id='word_1_904' title='bbox 2201 5713 2404 5766; x_wconf 89' lang='lat' dir='ltr'><strong><em>dictum</em></strong></span> <span class='ocrx_word' id='word_1_905' title='bbox 2451 5723 2533 5766; x_wconf 89' lang='lat' dir='ltr'><strong><em>est</em></strong></span> <span class='ocrx_word' id='word_1_906' title='bbox 2595 5729 2702 5764; x_wconf 90' lang='lat' dir='ltr'><strong><em>non</em></strong></span> <span class='ocrx_word' id='word_1_907' title='bbox 2760 5711 3046 5775; x_wconf 79' lang='lat' dir='ltr'><strong><em>fructibus,</em></strong></span> <span class='ocrx_word' id='word_1_908' title='bbox 3108 5712 3198 5765; x_wconf 82' lang='lat' dir='ltr'><strong><em>sed</em></strong></span> <span class='ocrx_word' id='word_1_909' title='bbox 3260 5713 3505 5782; x_wconf 76' lang='lat' dir='ltr'><strong><em>locustis,</em></strong></span> 
     </span>
    </p>
   </div>
   <div class='ocr_carea' id='block_1_112' title="bbox 255 5805 1936 5883">
    <p class='ocr_par' dir='ltr' id='par_1_112' title="bbox 255 5805 1837 5883">
     <span class='ocr_line' id='line_1_112' title="bbox 255 5805 1837 5883; baseline -0.006 -16"><span class='ocrx_word' id='word_1_910' title='bbox 255 5816 314 5867; x_wconf 74' lang='grc' dir='ltr'><strong><em>δὲ</em></strong></span> <span class='ocrx_word' id='word_1_911' title='bbox 357 5814 462 5866; x_wconf 83' lang='grc' dir='ltr'><strong><em>τῶν</em></strong></span> <span class='ocrx_word' id='word_1_912' title='bbox 486 5813 744 5883; x_wconf 65' lang='grc' dir='ltr'><em>Πατέρων</em></span> <span class='ocrx_word' id='word_1_913' title='bbox 762 5813 858 5874; x_wconf 83' lang='grc' dir='ltr'><strong><em>τάς</em></strong></span> <span class='ocrx_word' id='word_1_914' title='bbox 898 5812 1125 5881; x_wconf 85' lang='grc' dir='ltr'><em>ἀκρίδας</em></span> <span class='ocrx_word' id='word_1_915' title='bbox 1153 5813 1230 5871; x_wconf 82' lang='grc' dir='ltr'><em>εἰς</em></span> <span class='ocrx_word' id='word_1_916' title='bbox 1276 5809 1564 5879; x_wconf 83' lang='grc' dir='ltr'><em>σκώληκας</em></span> <span class='ocrx_word' id='word_1_917' title='bbox 1615 5805 1837 5877; x_wconf 83' lang='grc' dir='ltr'><em>μετέλα-</em></span> 
     </span>
    </p>
   </div>
   <div class='ocr_carea' id='block_1_113' title="bbox 1822 5805 3503 5883">
    <p class='ocr_par' dir='ltr' id='par_1_113' title="bbox 1822 5805 3503 5877">
     <span class='ocr_line' id='line_1_113' title="bbox 1822 5805 3503 5877; baseline -0.001 -16"><span class='ocrx_word' id='word_1_918' title='bbox 1822 5835 1837 5844; x_wconf 94' lang='grc'><strong><em>-</em></strong></span> <span class='ocrx_word' id='word_1_919' title='bbox 1940 5807 2102 5861; x_wconf 84' lang='lat' dir='ltr'><strong><em>etiam</em></strong></span> <span class='ocrx_word' id='word_1_920' title='bbox 2137 5805 2222 5860; x_wconf 89' lang='lat' dir='ltr'><strong><em>bic</em></strong></span> <span class='ocrx_word' id='word_1_921' title='bbox 2249 5805 2300 5859; x_wconf 89' lang='lat' dir='ltr'><strong><em>in</em></strong></span> <span class='ocrx_word' id='word_1_922' title='bbox 2365 5806 2741 5876; x_wconf 62' lang='lat' dir='ltr'><strong><em>prosopopoeia</em></strong></span> <span class='ocrx_word' id='word_1_923' title='bbox 2784 5805 3071 5871; x_wconf 84' lang='lat' dir='ltr'><strong><em>manendo,</em></strong></span> <span class='ocrx_word' id='word_1_924' title='bbox 3105 5819 3171 5858; x_wconf 92' lang='lat' dir='ltr'><strong><em>ne</em></strong></span> <span class='ocrx_word' id='word_1_925' title='bbox 3225 5819 3503 5877; x_wconf 82' lang='lat' dir='ltr'><strong><em>nocerent,</em></strong></span> 
     </span>
    </p>
   </div>
  </div>
