4256 6440
792 381 899 442 623
1615 382 1942 443 ARETHA'I
1981 378 2361 441 Cl‘ESAREl‘E
2400 377 2890 441 ΟΑΡΡΑΒΟΟΙΑΞ
2925 380 3267 443 EPISCOPI
3941 376 4061 444 624

780 503 887 543 non
915 490 1135 561 quidem
1172 493 1508 555 hominibus,
1538 492 1702 562 726
1732 492 1824 546 sed
1856 492 1941 547 his
1969 509 2092 563 qua:
2114 508 2179 545 ex
2219 500 2366 546 terra

2499 491 2586 557 ἴον,
2615 487 2749 565 ἵναῇ
2775 492 3069 562 σύμφωνος
3096 492 3237 559 αὕτη
3264 494 3298 562 ἡ
3323 493 3549 563 Eximit;
3571 493 3669 564 τῆς
3688 491 3781 547 τοῦ
3823 493 4058 545 ’11σαῖου

776 582 1177 646 producuntur.
1201 581 1435 647 Quidam
1468 595 1600 632 vero
1635 580 1858 635 Patrum
1889 581 2131 638 locustas
2161 582 2215 635 in
2236 596 2356 636 ver-

2499 583 2846 651 ηποφάνσεως,
2881 586 2964 638 ὅτι
2992 602 3011 635 ι
3046 584 3105 636 '0
3128 584 3345 655 σκώληξ
3366 587 3546 638 αὐτῶν
3573 587 3637 638 ού
3660 585 4003 652 τελευτήσει.
4033 603 4050 632 ι

782 688 900 729 mes
935 682 1386 738 transmutarnut,
1415 681 1477 727 ut
1522 674 1594 729 sit
1632 672 1937 729 conformis
1964 674 2087 740 haec
2154 673 2459 744 assumptio
2528 690 2656 731 cum
2703 674 2857 731 Isaia
2894 675 3176 746 prophetae
3217 677 3511 745 sententia,
3563 693 3669 747 qua
3720 677 3857 731 dicit
3908 671 4063 745 quod

792 788 812 822 ι
853 767 1062 823 Vermis
1090 782 1283 822 eorum
1312 782 1421 821 non
1449 769 1717 821 morietur
1739 770 1806 819 ⁵⁸.
1851 785 1870 816 ι

858 882 949 947 IX,
992 882 1111 937 4-6.
1139 882 1205 935 Et
1254 882 1457 936 dictum
1479 893 1557 937 est
1588 882 1735 950 ipsis,
1795 897 1857 933 ne
1899 880 2147 934 lredercnt
2189 879 2368 949 fenum

2545 873 2657 929 Καὶ
2680 872 2889 941 ἐρρέθη
2920 871 3129 939 αὑταῖς
3153 874 3253 926 ἵνα
3280 874 3369 943 μὴ
3395 873 3731 941 ἀδικήσωσι
3771 869 3880 928 τὸν
3918 883 4012 946 zrij
4037 907 4061 918 ο

785 984 961 1036 εει-ηε,
992 990 1153 1043 neque
1181 989 1334 1028 omne
1361 974 1547 1037 viride,
1575 990 1737 1043 neque
1773 989 1978 1026 omnem
2003 971 2371 1037 arborem,sed

2499 985 2582 1021 ὀν
2628 965 2737 1035 τῆς
2770 964 2904 1036 τῆς,
2952 965 3096 1020 οὐδὲ
3145 964 3270 1020 πᾶν
3310 967 3730 1036 χλωρὸν,οὑδὲ
3762 966 3888 1023 πᾶν
3926 969 4064 1023 δέν-

783 1067 1016 1119 Itomines
1048 1075 1254 1117 tantum
1276 1065 1366 1134 qui
1399 1079 1501 1116 non
1526 1064 1714 1116 habent
1737 1064 1947 1133 signum
1989 1061 2084 1115 Dei
2115 1061 2170 1114 in
2220 1061 2373 1128 fron-

2499 1063 2620 1131 lpor
2648 1076 2663 1091 ·
2686 1062 2740 1113 si
2766 1060 2853 1128 μὴ
2882 1058 3027 1125 τοὺς
3049 1057 3408 1126 ἀνθρώπους
3432 1060 3656 1125 οἵτινες
3687 1062 3801 1112 οὐκ
3837 1062 4061 1129 ἔχουσι

787 1161 924 1212 tibus
953 1160 1084 1212 suis.
1123 1157 1190 1210 Et
1208 1158 1396 1210 datum
1418 1166 1492 1209 est
1524 1155 1634 1209 illis
1667 1173 1731 1211 ne
1790 1155 2082 1210 occiderent
2117 1170 2225 1216 eos.
2283 1154 2373 1208 sed

2499 1154 2593 1222 ’ἠν
2610 1151 2914 1223 σφραγῖδα
2939 1151 3046 1207 τοῦ
3080 1152 3231 1207 Θεοῦ
3256 1152 3354 1206 ἐπὶ
3377 1151 3495 1205 τῶν
3517 1153 3812 1221 μετώπων
3840 1154 4061 1208 αὐτᾶν.

786 1263 842 1304 ιιι
880 1251 1245 1303 cruciarentur
1272 1248 1537 1301 mensibus
1562 1248 1808 1317 quinque.
1865 1243 1933 1298 Et
1990 1244 2263 1297 cruciatus
2296 1259 2379 1295 (a-

783 1358 903 1395 rum
931 1350 987 1393 ut
1014 1340 1282 1392 cruciatus
1305 1340 1526 1406 scorpii,
1572 1353 1691 1390 cum
1736 1336 2048 1405 percusserit
2095 1335 2377 1389 hominem.

789 1432 854 1485 Et
883 1434 935 1485 in
960 1433 1142 1485 diebus
1174 1431 1285 1485 illis
1336 1442 1565 1498 quierant
1620 1429 1858 1483 homines
1902 1437 2145 1494 mortem,
2176 1439 2223 1482 et
2275 1444 2378 1480 non

785 1527 1047 1579 invenient
1081 1527 1247 1592 ipsum
1277 1542 1293 1576 :
1314 1532 1362 1575 et
1390 1522 1763 1577 desiderabant
1785 1524 1941 1587 mori,
1970 1533 2017 1575 et
2052 1538 2191 1575 mors
2219 1522 2381 1590 fugiet

788 1620 853 1673 (ιθ
880 1621 973 1672 eis.

2478 1246 2586 1303 Kal
2610 1245 2792 1314 ἐδόθη
2832 1243 3044 1310 αὑταῖς
3065 1245 3166 1297 ἵνα
3191 1244 3278 1314 μὴ
3324 1246 3769 1300 ἀποκτείνωσιν
3811 1248 4060 1313 αὐτοὺς,

2478 1339 2615 1392 ἀλλ’
2683 1338 2785 1389 ἵνα
2846 1335 3273 1401 βασανισθὼσι
3324 1337 3529 1406 μῆνας
3590 1339 3793 1392 πέντε.
3864 1340 3973 1392 Καὶ
4035 1343 4067 1391 ὀ

2478 1429 2870 1499 βασανισμὸς
2930 1429 3150 1495 αὐτῶν,
3180 1431 3263 1497 ὡς
3288 1432 3684 1502 ,ϐασανισμὸς
3729 1435 4057 1502 σκορπίου.

2482 1523 2630 1576 ὅταν
2677 1524 2871 1589 παίσῃ
2934 1521 3273 1590 ἄνθρωπον.
3312 1524 3419 1578 Kal
3469 1524 3540 1576 ἐν
3608 1524 3738 1590 ταῖς
3811 1524 4063 1592 ἡμέραις

2481 1614 2744 1679 ἐκείναις
2805 1611 3179 1680 ζητήσουσιν
3216 1615 3270 1666 al
3314 1612 3616 1682 ἂνθρωποι
3641 1617 3749 1667 τὸν
3772 1614 4069 1677 θάνατον,

788 1715 884 1768 καὶ
907 1717 978 1766 οὺ
1012 1713 1097 1782 μὴ
1132 1711 1507 1781 εὑρήσουσιν
1529 1711 1736 1764 αὐτόν.
1778 1708 1887 1764 Kal
1916 1708 2410 1778 ἐπιθυμήσουσιν
2426 1708 2776 1773 ἀποθανεῖν,
2810 1709 2909 1763 καὶ
2935 1708 3218 1779 φεύξεται
3232 1708 3333 1763 ἀπ’
3361 1709 3562 1764 αὐτῶν
3589 1713 3622 1764 ό
3646 1709 3929 1776 θάνατος.

848 1842 904 1894 Si
932 1842 1088 1911 juxta
1118 1842 1429 1913 praedictam
1467 1841 1815 1913 allegoricam
1851 1844 2226 1913 acceptionein
2254 1842 2375 1899 velit

2552 1845 2615 1899 El
2645 1844 2745 1915 μὲν
2772 1845 2912 1899 κατά
2932 1845 3037 1914 τὴν
3070 1843 3487 1917 προειρημένην
3514 1844 3890 1916 άλληγορικὴν
3911 1845 4068 1913 ἔκλη-

788 1936 913 2004 quis
944 1936 1199 1991 ordinare
1226 1952 1349 2006 quae
1378 1945 1637 2011 tauquam
1670 1935 1855 1991 divina
1916 1938 2255 2008 arnigmatice
2314 1953 2380 1992 ac

790 2024 1014 2096 mystice
1048 2024 1371 2089 cﬂ‘eruntur,
1411 2036 1625 2095 oportet
1657 2028 1903 2097 accipere
1976 2028 2161 2083 fenum
2223 2039 2380 2084 terrae

787 2134 841 2172 et
866 2117 1010 2189 quod
1048 2118 1219 2173 viride
1246 2119 1493 2174 exoritur
1511 2127 1571 2173 et
1598 2134 1817 2173 omnem
1841 2118 2118 2186 arborem,
2149 2129 2209 2175 ut
2240 2120 2381 2175 refe.

789 2220 982 2274 rantur
1012 2213 1078 2265 ad
1104 2210 1377 2276 homines,
1409 2211 1503 2280 qui
1536 2221 1800 2281 tanquam
1842 2210 2016 2281 paleis
2073 2212 2284 2267 similes
2326 2222 2381 2268 et

792 2304 958 2358 veluti
987 2304 1213 2359 arbores
1242 2304 1665 2361 irrationalitate
1692 2306 2117 2377 degenerarunt,
2143 2316 2198 2362 et
2217 2308 2381 2378 quasi

792 2396 1170 2452 adarboream
1232 2398 1529 2467 quamdam
1588 2398 2072 2454 insensibilitatem
2128 2415 2381 2455 accesse-

791 2501 924 2546 runt
966 2505 1151 2563 :quos
1184 2490 1469 2545 hominum
1503 2498 1719 2545 amator
1788 2488 1937 2548 Deus
1977 2492 2137 2548 venia
2187 2493 2384 2563 dignos

794 2584 1025 2650 habens,
1052 2582 1298 2654 przecipit
1324 2596 1390 2638 ne
1405 2582 1594 2638 eadem
1623 2582 1933 2639 sustineant
1955 2584 2227 2654 supplicia
2256 2600 2382 2640 cum

808 2681 878 2735 iis
949 2679 1278 2734 facinorosis
1338 2677 1432 2747 qui
1488 2677 1742 2733 consulto
1774 2687 1829 2732 et
1870 2693 1936 2733 ex
1997 2677 2389 2735 deliberatione

797 2780 1119 2842 peccarunt,
1172 2770 1240 2825 de
1294 2768 1495 2839 quibus
1542 2767 1657 2838 jam
1716 2770 2039 2823 conclusum
2094 2779 2181 2825 est
2241 2773 2387 2841 quod

798 2866 940 2918 hanc
972 2864 1309 2932 repulerunt.
1334 2857 1491 2927 Quod
1512 2860 1560 2916 si
1584 2862 1710 2931 quis
1748 2872 1977 2916 conetur
2010 2862 2164 2931 juxta
2209 2864 2385 2933 ipsam

796 2955 1033 3009 litteram
1065 2954 1387 3023 intelligere,
1429 2960 1483 3005 et
1505 2951 1689 3006 fenum
1715 2966 1780 3007 ac
1805 2965 1931 3007 vere
1950 2954 2176 3007 arbores
2198 2953 2387 3009 vatici-

799 3050 889 3102 nio
909 3046 1205 3117 siguilicari
1237 3054 1409 3115 putet,
1442 3042 1608 3098 David
1634 3043 1858 3099 citaudo
1903 3053 2098 3099 testem
2136 3044 2328 3115 quiuit
2372 3062 2386 3099 :

804 3160 823 3191 ι
862 3138 1172 3194 Renovabis
1201 3137 1393 3191 facient
1452 3145 1609 3190 terra:
1631 3136 1674 3165 δ’
1708 3153 1721 3190 :
1762 3153 1783 3189 ι
1819 3144 1972 3191 certe
2025 3146 2213 3205 posset
2268 3135 2392 3205 quis

801 3232 941 3286 ferre
972 3230 1332 3295 intellectum,
1367 3228 1470 3283 nisi
1493 3227 1582 3281 ille
1635 3227 2047 3281 reuovationem
2093 3227 2395 3298 accepisset

802 3336 899 3392 pro
932 3322 1036 3375 rita
1067 3319 1405 3375 reuovationi
1445 3326 1711 3373 creatura:
1733 3317 2105 3373 convenienti.
2143 3318 2331 3387 Itaque
2351 3316 2399 3372 si

801 3426 861 3469 et
927 3413 1305 3482 iumentorum
1374 3412 1712 3465 reiiorationi
1796 3410 2075 3465 intendere
2151 3419 2399 3480 oportet,

808 3508 929 3561 ﬁeri
999 3504 1200 3576 poterit
1258 3514 1317 3559 ut
1370 3512 1424 3558 et
1490 3503 1675 3558 fenum
1726 3511 1782 3557 et
1831 3502 2059 3557 arbores
2110 3503 2398 3558 aeternitati

805 3598 1175 3668 respondeant
1240 3614 1253 3650 :
1318 3597 1467 3667 quod
1527 3597 1572 3652 si
1624 3596 1820 3649 horum
1880 3595 2019 3649 nihil
2083 3604 2209 3661 est,
2249 3596 2395 3648 littc-

804 3692 936 3746 ralis
974 3690 1281 3745 intellectus
1305 3690 1370 3743 de
1393 3698 1539 3743 terra
1612 3688 1750 3743 facie
1802 3697 2062 3743 renovata
2116 3688 2399 3743 habendus

803 3794 885 3839 est
918 3798 1017 3854 pro
1052 3782 1455 3837 inconsiderata
1479 3796 1544 3837 ac
1594 3780 1889 3837 temeraria
1948 3780 2288 3850 acceptione,
2345 3792 2400 3835 et

805 3878 912 3933 illis
943 3876 1208 3931 conforini
1246 3876 1338 3942 qui
1379 3884 1503 3947 post
1530 3876 1655 3930 vita:
1678 3876 1975 3931 decursqu
2010 3874 2064 3929 in
2111 3875 2259 3929 mille
2294 3890 2396 3929 an-

806 3986 1002 4024 norum
1035 3968 1244 4023 Christi
1287 3984 1476 4038 regno,
1506 3967 1558 4022 in
1585 3967 1857 4023 conviviis
1891 3982 1954 4022 ac
1973 3966 2185 4022 deliciis
2210 3968 2397 4022 hilari-

810 4075 891 4118 ter
930 4078 988 4118 sc
1021 4062 1266 4117 victuros
1293 4064 1613 4132 Opinantur.

875 4153 978 4211 Sed
1000 4154 1231 4209 homines
1258 4154 1573 4209 tantum.Ex
1601 4154 1705 4207 hoc
1740 4151 2094 4207 manifestum
2119 4162 2229 4216 est,
2251 4154 2394 4222 quod

805 4265 914 4303 non
943 4251 1009 4305 de
1038 4249 1163 4303 feno
1218 4258 1273 4302 et
1313 4248 1611 4303 arboribus
1643 4250 1715 4301 sit
1772 4245 2037 4300 cohibitio
2064 4261 2093 4299 a
2154 4246 2395 4310 laesione,

806 4344 948 4399 sicut
996 4357 1200 4398 sonare
1247 4341 1461 4396 videtur
1511 4347 1867 4410 praeceptum,
1911 4339 2006 4395 sed
2051 4340 2119 4395 de
2163 4339 2249 4395 his
2301 4340 2395 4410 qui

810 4438 934 4492 l'euo
972 4444 1377 4505 comparantur,
1409 4449 1474 4488 eo
1499 4434 1642 4502 quod
1688 4433 1756 4487 ad
1794 4434 2051 4487 virtutem
2076 4448 2183 4486 uon
2238 4448 2396 4487 acce-

808 4531 959 4583 dant.

2484 1938 2581 2007 ψιν
2606 1937 2749 1990 θέλει
2779 1953 2864 2000 τις
2901 1940 3153 2006 στοιχεῖν,
3181 1936 3252 1989 τὰ
3304 1936 3651 2007 συμϐολικῶς
3692 1937 3790 1991 ἆτε
3823 1937 3945 1991 θεῖα
3980 1940 4072 1989 καὶ

2483 2028 2759 2100 μυστικῶς
2780 2028 3131 2099 ἐκφερόμενα
3153 2028 3350 2100 χόρτον
3378 2028 3479 2099 τῆς
3500 2030 3605 2099 γῆς
3625 2029 3719 2081 καὶ
3741 2028 3972 2099 χλοερὰν
3988 2030 4049 2082 ἐκ

2483 2139 2667 2191 φυσιν,
2690 2120 2787 2174 καὶ
2820 2122 2930 2175 πᾶν
2964 2120 3203 2192 δένδρον,
3232 2122 3313 2183 είς
3339 2123 3469 2185 τοὺς
3514 2120 3821 2192 ἀχυρώδεις
3853 2122 4073 2191 ἀνθρώ-

2483 2230 2641 2278 πους,
2694 2212 2789 2265 καὶ
2849 2212 2947 2264 ἁτε
3004 2211 3240 2283 δένδρα,
3298 2210 3493 2283 ἀλογίᾳ
3543 2211 4071 2279 ἀποδενδρωθέντας,

2482 2306 2647 2360 οἱονεὶ
2677 2307 2757 2369 είς
2796 2301 3067 2375 δενδρώδη
3095 2304 3219 2357 τινὰ
3252 2303 3569 2373 ἠλιθιότητα
3606 2304 3945 2373 προὸάντας,
3984 2303 4071 2356 θε-

2482 2399 2624 2452 τέον.
2658 2398 2766 2460 Οὓς
2784 2400 2818 2469 ἡ
2841 2396 3227 2468 φιλάνθρωπος
3267 2395 3500 2466 Θειότης
3527 2396 3743 2465 φειδοῦς
3767 2396 3955 2461 ἀξίους
3987 2396 4074 2449 θε-

2489 2492 2648 2563 μένη,
2674 2492 2738 2545 οὐ
2758 2492 2859 2561 τὴν
2880 2491 3051 2563 αὐτὴν
3075 2492 3276 2555 αὐτοὺς
3306 2496 3579 2562 τιμωρίαν
3605 2492 3830 2561 ὑπέχειν
3857 2496 3974 2555 τοῖς
4006 2494 4070 2545 ἐκ

2486 2584 2743 2653 προνοίας
2776 2584 2872 2637 καὶ
2913 2584 3159 2653 σκέψεως
3205 2584 3542 2654 κακούργοις
3572 2584 3649 2655 τῷ
3702 2585 4077 2654 ὲσφραγῖσθαι

2484 2676 2690 2747 ταύτην
2736 2677 3157 2745 ἀπωσαμένους.
3192 2676 3522 2731 ἐντέλλεται.
3557 2676 3619 2730 Εἰ
3668 2678 3725 2730 δὲ
3763 2676 3852 2729 ἐπ’
3908 2678 4075 2731 αὑτοῦ

2486 2769 2582 2822 τοῦ
2619 2770 2947 2840 γράμματος
2987 2769 3065 2840 τῷ
3102 2772 3243 2823 νοεῖν
3286 2769 3719 2840 άπασχοληθείη,
3753 2772 3851 2825 καὶ
3887 2774 4079 2843 χόρτον

2489 2861 2566 2932 τῷ
2600 2860 2717 2915 δντι
2770 2861 2867 2916 καὶ
2916 2859 3107 2931 δένδρα
3155 2860 3235 2932 τῷ
3293 2863 3670 2933 χρηματισμῷ
3724 2866 4077 2937 ἐκφερόμενα

2488 2954 2721 3027 οἰηθείη,
2754 2954 2846 3008 τὸν
2876 2954 3038 3008 Δαυῒδ
3059 2955 3198 3025 ἔχων
3220 2955 3533 3025 συνίστορα,
3563 2974 3583 3008 ι
3622 2956 4013 3020 ’Λνακαινιεῖς,
4054 2980 4071 3007 ι

2491 3048 2791 3117 φάσκοντα,
2826 3065 2845 3099 ι
2885 3048 2945 3100 τὸ
2964 3047 3255 3119 πρόσωπον
3286 3046 3386 3117 τῆς
3425 3047 3553 3117 γῆς,
3593 3066 3611 3098 ι
3647 3049 3887 3118 ὑπέσχεν
3910 3049 3977 3104 ἄν
3998 3067 4081 3113 τις

2489 3141 2592 3212 τὴν
2610 3140 2878 3211 ὑπακοὴν,
2908 3141 2956 3192 εί
2990 3139 3064 3211 μὴ
3084 3140 3178 3193 τὸν
3201 3138 3607 3210 άνακαινισμδν
3631 3140 3713 3203 είς
3740 3141 4081 3212 κατάλληλον

2496 3233 2576 3305 τῷ
2618 3232 3001 3303 άνακαινισμῷ
3042 3233 3144 3303 τῆς
3193 3233 3427 3295 κτίσεως
3472 3232 3617 3302 ζωὴν
3672 3234 4079 3305 ὑπελάμϐανεν.

2502 3320 2565 3372 Εἰ
2588 3321 2685 3390 μὲν
2707 3320 2801 3373 οὖν
2825 3324 2920 3375 καὶ
2944 3324 3113 3394 κτήνη
3134 3320 3214 3391 τῷ
3249 3323 3633 3394 ἀνακαινισμῷ
3658 3323 4074 3395 ἐνθεωρηθῆναι

2502 3411 2628 3483 χρὴ,
2659 3411 2719 3465 εὖ
2752 3412 2819 3466 ἂν
2841 3413 2954 3484 ἔχοι
2989 3415 3085 3469 καὶ
3111 3417 3306 3488 χόρτον
3339 3416 3433 3470 καὶ
3465 3417 3659 3487 δένδρα
3682 3421 3750 3489 τῇ
3806 3420 4075 3491 atatem

2502 3503 2914 3575 ὑπολειφθῆναι.
2935 3508 2999 3560 Et
3020 3508 3077 3561 δὲ
3097 3507 3306 3561 τούτων
3324 3509 3495 3574 οὐδὲν,
3528 3514 3595 3580 τῇ
3617 3512 4081 3585 ἀνακαινιξομένῃ

2501 3595 2561 3647 τὸ
2595 3597 2886 3666 πρόσωπον
2917 3601 2988 3669 γῇ
3018 3601 3099 3663 εἰς
3127 3600 3469 3672 ἀπρονόητον
3497 3601 3731 3673 ἕκληψιν
3756 3606 3816 3658 τὸ
3854 3607 3996 3676 πρὸς
4020 3611 4082 3660 τὸ

2501 3688 2739 3759 γράμμα
2769 3690 2971 3756 θετέον,
3005 3695 3100 3746 καὶ
3123 3694 3417 3763 σύμφωνον
3449 3697 3563 3759 τοῖς
3579 3695 3678 3767 τὴν
3708 3698 3918 3769 χιλιετῆ
3950 3701 4082 3770 Χρι-

2503 3779 2632 3833 στοῦ
2684 3780 2964 3851 βασιλείαν
3014 3784 3155 3854 μετὰ
3184 3785 3286 3854 τὴν
3315 3786 3470 3839 τοῦδε
3501 3786 3596 3841 τοῦ
3657 3790 3779 3859 βίου
3808 3794 4083 3865 παραδρο-

2504 3870 2612 3943 μὴν
2639 3871 2827 3937 πότοις
2856 3874 2949 3927 καὶ
2979 3875 3229 3931 άνέσεσιν
3258 3877 3766 3950 ὲνευθηνουμένοις.

2566 4165 2635 4216 ει
2661 4164 2748 4235 μὴ
2774 4165 2917 4231 τοὺς
2944 4164 3318 4234 ἀνθρώπους.
3363 4168 3459 4220 Ἐκ
3489 4168 3683 4222 τούτου
3712 4172 3879 4239 σαφὲς
3916 4172 3993 4235 ὡς
4021 4176 4080 4226 ού

2499 4257 2628 4325 περὶ
2656 4256 2852 4327 χόρτου
2875 4258 2971 4311 καὶ
3008 4257 3243 4329 δένδρων
3272 4261 3305 4329 ὴ
3345 4260 3619 4332 ὑποστολὴ
3654 4261 3749 4317 τοῦ
3801 4264 4073 4335 ἀδικηθῆ-

2500 4369 2609 4413 ναι,
2631 4350 2707 4412 ώς
2731 4353 2759 4404 ὁ
2780 4353 3144 4422 προστάσσων
3165 4354 3353 4425 φησὶν,
3385 4354 3524 4408 ἀλλὰ
3551 4356 3678 4420 τοὺς
3703 4357 3884 4429 χόρτῳ
3902 4376 4081 4430 παρα-

2497 4441 2884 4512 ϐαλλομένους,
2919 4443 3008 4497 διὰ
3036 4444 3096 4499 τὸ
3123 4444 3200 4516 μὴ
3232 4445 3334 4515 τὴν
3370 4446 3573 4518 ἀρετὴν
3606 4450 3877 4518 μετιέναι.

878 4668 1039 4739 727
1080 4665 1146 4720 Ut
1196 4682 1296 4719 non
1329 4664 1650 4719 occciderent
1680 4678 1788 4723 eos.
1819 4662 1910 4715 sed
1940 4670 1996 4715 ut
2030 4660 2391 4714 cruciarentur

2572 4669 2683 4723 Καὶ
2708 4668 2885 4735 ἐδόθη
2914 4670 3124 4736 αὐταῖς
3144 4671 3244 4724 ἵνα
3259 4670 3345 4739 μὴ
3363 4671 3807 4728 ἀποκτείνωσιν
3827 4679 4083 4743 αὐτοὺς,

810 4760 1075 4815 mensibus
1126 4760 1373 4829 quinque.
1425 4757 1561 4811 Illud
1616 4770 1721 4809 non
1761 4753 2013 4809 occidere
2053 4752 2395 4807 demonstrat

807 4858 888 4910 eis
927 4855 1017 4924 qui
1059 4852 1396 4923 experientia
1435 4863 1769 4919 cognoscere
1801 4854 2034 4917 possunt
2079 4844 2392 4901 intolerabi-

813 4949 1018 5001 litatem
1075 4954 1495 5008 tormentorum,
1545 4940 1693 5012 quod
1742 4939 1811 4994 ad
1849 4948 2079 4993 mortem
2118 4938 2262 4992 viam
2296 4951 2395 5007 pa-

808 5056 936 5095 rare
963 5040 1179 5095 soleant
1214 5056 1228 5093 :
1261 5039 1328 5091 ab
1355 5038 1458 5092 hac
1490 5035 1657 5106 igitur
1684 5049 1846 5105 pmna
1878 5031 2230 5096 intolerabili,
2259 5045 2395 5101 prae—

815 5144 1057 5204 ceptum,
1095 5132 1239 5202 quod
1272 5132 1339 5185 ad
1367 5130 1571 5185 bonum
1605 5127 1795 5191 tendit,
1828 5125 1987 5196 jubet
2008 5124 2258 5195 supplicii
2292 5124 2395 5178 mi-

818 5228 1023 5280 nistros
1079 5224 1374 5279 abstinere.
1440 5221 1608 5291 Porro
1648 5219 1929 5273 mensibus
1980 5218 2225 5288 quinque
2289 5216 2395 5270 hoc

813 5313 1247 5388 ﬁeriuquoniam
1271 5320 1326 5366 et
1351 5324 1568 5366 menses
1595 5308 1875 5363 sensibilis
1902 5307 2091 5361 mundi
2124 5320 2394 5361 mensurae

804 5416 963 5471 sunt,
990 5406 1138 5461 umle
1174 5414 1230 5459 et
1263 5418 1460 5459 sensus
1485 5403 1586 5472 ipsi
1620 5411 1954 5471 acceperunt
1978 5410 2029 5454 ul
2068 5398 2393 5454 exhiberem

812 5499 977 5568 hujus
1028 5496 1423 5566 cognitionem,
1479 5493 1676 5548 merito
1729 5493 1980 5561 designat
2027 5508 2252 5562 peccare
2295 5507 2392 5561 per

804 5589 1203 5644 cxhihitiuncin
1238 5588 1290 5639 in
1315 5585 1512 5655 mquali
1541 5600 1811 5638 numero:
1845 5584 1911 5637 ad
1942 5584 2257 5637 memoriam
2292 5584 2388 5636 ho—

808 5682 1053 5737 tniuihus
1082 5680 1418 5734 inferendam
1448 5694 1638 5732 eorum
1678 5694 1772 5747 per
1800 5691 1924 5746 quae
1952 5676 2214 5732 deberent
2242 5676 2391 5747 judiv

879 5863 926 5896 ⁸⁸
957 5864 1064 5919 lsa.
1094 5876 1240 5927 λινι,
1266 5862 1357 5916 ii.
1466 5862 1510 5895 δ’
1545 5859 1689 5915 Psal.
1712 5874 1829 5925 cui,
1863 5859 1953 5913 5t).

2500 4764 2756 4817 ἀλλ’ἵνα
2781 4763 3213 4826 βασανισθῶσι
3248 4763 3450 4833 μῆνας
3486 4764 3687 4819 πέντε.
3729 4768 3803 4820 Τὸ
3835 4768 3912 4837 μὴ
3949 4772 4086 4824 ἁπο-

2499 4857 2711 4908 κτεῖναι
2727 4855 2905 4907 ἐκεῖνο
2928 4856 3171 4926 παριστᾷ
3188 4858 3299 4918 τοῖς
3317 4856 3408 4910 διὰ
3429 4857 3623 4925 πείρας
3642 4857 3861 4927 ἔχουσιν
3883 4846 4107 4914 είδέναιν

2499 4948 2559 4999 τὸ
2590 4945 2697 4999 τῶν
2729 4945 2978 5015 βασάνων
3007 4946 3286 5016 ἀφόρητον
3308 4950 3391 5000 ὅτι
3419 4949 3502 5011 εἰς
3536 4948 3770 5003 θάνατον
3813 4951 4088 5006 ὁδοποιεῖν

2499 5038 2677 5091 εἴωθε.
2707 5036 2910 5091 Τούτου
2932 5033 3028 5090 οὖν
3054 5037 3147 5090 τοῦ
3186 5039 3465 5109 ἀφορήτου
3493 5040 3795 5110 ἀπέχεσθαι
3819 5042 3952 5106 τοὺς
3983 5044 4085 5113 βα-

2500 5128 2756 5190 σανιστάς
2777 5130 2811 5199 ἠ
2847 5128 3148 5198 φιλάγαθος
3186 5130 3375 5199 ἐντολὴ
3410 5131 3869 5201 παρακελεύεται.
3918 5136 3994 5187 Τὸ
4024 5136 4086 5189 δὲ

2497 5224 2809 5291 πεμπταῖον
2854 5220 2962 5275 τῶν
2990 5221 3196 5292 μηνῶν,
3222 5224 3347 5276 ἐπεὶ
3374 5225 3469 5277 καὶ
3495 5226 3543 5278 οί
3577 5225 3746 5295 μῆνες
3770 5224 3867 5279 τοῦ
3896 5226 4091 5296 αἰσθη-

2497 5310 2591 5363 τοῦ
2625 5310 2833 5380 κόσμου
2869 5310 3067 5381 μέτρα,
3092 5310 3213 5364 ὅθεν
3242 5312 3335 5365 καὶ
3364 5312 3433 5366 τά
3456 5315 3770 5385 γνωστήρια
3798 5316 3995 5368 τούτου
4023 5320 4085 5369 αἰ

2496 5401 2777 5472 αἰσθήσεις
2829 5402 2891 5456 τὸ
2942 5403 3190 5472 ἐνεργεῖν
3243 5403 3458 5470 ἔλαϐον,
3516 5406 3743 5467 εἰκότως
3804 5408 4087 5479 ίσαρίθμῳ

2495 5493 2843 5559 παραστάσει
2875 5491 2937 5545 τὸ
2967 5492 3311 5562 ἁμαρτάνειν
3358 5495 3681 5559 αἰνίττεται,
3737 5497 3818 5559 εἰς
3852 5498 3915 5549 τὸ
3948 5502 4088 5567 μνή-

2498 5600 2607 5654 μην
2653 5583 2963 5655 άνθρώποις
3011 5585 3264 5656 ἐμποιεῖν
3300 5580 3409 5639 τῶν
3440 5587 3511 5640 δι’
3553 5581 3629 5640 ὧν
3660 5588 3820 5658 ἔσχον
3866 5591 3931 5643 τὸ
3983 5591 4086 5643 τῖεν

2494 5679 2677 5748 κρίσιν
2706 5676 3021 5749 ἀνέχεσθαι.
3067 5679 3163 5731 Ἐκ
3189 5678 3399 5734 τούτων
3426 5681 3536 5752 γὰρ
3566 5680 3663 5735 καὶ
3704 5682 3835 5751 περὶ
3866 5682 4089 5736 τούτων
