4256 6440
283 391 392 457 625

1346 411 1732 472 COMMENT.
1776 413 1856 472 ΙΝ
1896 415 2422 478 APOCALYPSIN.

3453 417 3562 484 626

285 514 318 577 ἡ
346 509 724 578 ἀνταπόδοσις.
759 517 1030 587 Σκορπίου
1059 520 1116 572 δὲ
1155 523 1399 589 τύμματι
1455 524 1733 594 παρέϐαλε
1772 527 1867 596 τὴν
1898 532 1941 584 Α

1981 529 2114 583 cium
2143 529 2418 585 sustinere
2451 549 2464 585 :
2507 547 2572 586 cx
2609 531 2697 587 bis
2725 532 2873 587 enim
2899 541 2953 587 et
2981 532 3049 587 de
3083 533 3168 590 liis
3193 543 3279 590 est
3320 538 3559 593 retribu-

282 604 498 674 ὀδύνην,
530 607 651 660 ἐπεὶ
684 612 778 663 καὶ
803 612 968 682 αῦτη,
1000 613 1075 675 ὡς
1102 613 1331 680 ἐπίπαν,
1365 614 1680 686 θανάσιμος.

353 787 744 854 Ζητήσουσιν
772 795 826 846 ol
874 795 1173 862 ἅνθρωποι
1205 797 1313 851 τὸν
1359 799 1642 854 θάνατον.
1683 801 1745 854 Ἡ
1775 800 1871 853 τοῦ

285 879 520 934 Θανάτου
557 885 884 956 ἐπιζήτησις
917 889 1072 941 οὐδὲν
1096 890 1243 955 ἄλλο,
1269 891 1300 961 ἢ
1329 892 1388 943 τὸ
1421 892 1746 946 ἀνύποιστον
1773 894 1866 946 τοῦ

282 971 484 1037 ἄλγους
531 977 751 1042 νοεῖται,
781 979 856 1038 ὡς
887 978 982 1031 τοῦ
1033 981 1265 1034 Θανάτου
1303 983 1409 1034 πᾶν
1439 983 1686 1051 ἀλγεινὸν
1735 985 1873 1036 ἁπο-

283 1064 619 1131 πέμποντος,
645 1069 726 1120 διὸ
769 1069 864 1121 καὶ
894 1071 1111 1141 εἴρηται
1155 1071 1230 1140 τῷ
1272 1073 1486 1144 θανάτῳ
1535 1075 1869 1136 ἀνάπαυσις.

297 1155 452 1210 Ἐπεὶ
496 1155 592 1212 οὖν
625 1163 685 1212 ὲν
723 1161 987 1234 ἀφθάρτῳ
1041 1165 1152 1235 ζωῇ
1189 1166 1216 1217 ὁ
1247 1166 1479 1230 Θάνατος
1528 1167 1868 1236 ἀπελήλαται

283 1251 432 1319 πρὸς
472 1254 552 1322 τῷ
585 1255 660 1324 μὴ
691 1258 990 1326 εὑρίσκειν,
1033 1262 1280 1330 ἐπήγαγε
1305 1262 1387 1325 τὸ,
1420 1263 1724 1330 φεύξεται.
1774 1266 1869 1316 Σε-

283 1347 736 1416 σωματοποίηται
767 1350 823 1401 δὲ
853 1352 935 1412 είς
974 1354 1212 1422 ἔμφασιν
1252 1355 1474 1408 πλείονα
1506 1356 1616 1409 τῶν
1649 1357 1736 1410 διὰ
1768 1358 1870 1427 τῆς

282 1437 612 1507 ὑφηγήσεως
641 1443 1118 1509 ἐμφανιζομένων.

355 1532 466 1584 Καὶ
502 1534 574 1588 τὰ
609 1535 942 1604 ὁμοιώματα
979 1540 1099 1592 τῶν
1137 1543 1399 1608 ἀκρίδων
1429 1544 1604 1612 ὅμοια
1655 1545 1866 1608 ἵπποις

281 1621 744 1693 ἡτοιμασμένοις
769 1632 855 1693 εἰς
897 1631 1202 1696 πόλεμον·
1246 1634 1342 1686 καὶ
1382 1634 1478 1686 ἐπὶ
1535 1635 1643 1699 τὰς
1678 1652 1863 1704 κερα-

279 1711 403 1774 λὰς
427 1713 651 1779 αὐτῶν,
700 1718 779 1783 ὡς
830 1719 1122 1787 στέφανοι
1161 1723 1416 1789 χρυσοῖ·
1446 1724 1642 1776 καὶτὰ
1674 1727 1864 1791 πρόσ-

278 1816 414 1854 ωπα
466 1804 685 1871 αὐτῶν,
716 1806 795 1871 ὡς
821 1809 1113 1874 πρόσωπα
1163 1811 1509 1875 ἀνθρώπων.
1560 1814 1668 1868 Kal
1692 1811 1866 1884 εἶχον

1979 622 2076 675 tio.
2117 622 2435 678 Cruciatum
2465 639 2597 679 vero
2641 625 2984 695 comparavit
3031 627 3375 695 pereussioni
3407 645 3556 684 seor-

1975 713 2179 781 pionis,
2211 714 2471 782 quoniam
2504 724 2559 768 et
2589 716 2678 770 hic
2702 716 2860 771 dolor
2901 716 3127 771 omnino
3152 719 3404 775 mortalis
3445 730 3549 776 est.

2048 801 2299 867 Querent
2328 805 2561 858 homines
2587 817 2825 860 mortem.
2855 805 3116 873 Qua'rere
3147 817 3377 863 mortem
3415 810 3552 864 nihil

1975 894 2120 948 aliud
2159 896 2612 968 datliutelligere,
2651 900 2751 953 nisi
2796 900 3300 955 intolerabilitatem
3336 905 3555 957 crucia-

1973 999 2086 1056 tus,
2118 999 2373 1062 tanquam
2415 1009 2564 1049 mors
2607 1008 2825 1049 onmem
2877 997 3095 1067 ableget
3130 998 3400 1058 dolorem.
3433 997 3557 1051 idco

1973 1096 2191 1150 quoque
2226 1098 2373 1139 mors
2419 1085 2564 1141 dicta
2599 1095 2686 1140 est
2722 1088 2963 1156 requies.
2997 1088 3272 1154 Quoniam
3304 1089 3472 1159 igitur
3501 1089 3555 1141 in

1973 1173 2370 1243 incorruptibili
2402 1177 2512 1230 vita
2544 1193 2695 1232 mors
2720 1179 2948 1247 expulsa
2980 1181 3106 1244 erit,
3135 1181 3217 1236 sic
3245 1190 3305 1235 ut
3330 1194 3440 1234 non
3467 1180 3553 1233 in-

1973 1265 2242 1332 veniatur,
2273 1267 2552 1338 subjungit
2590 1269 2738 1339 quod
2763 1269 2953 1339 fugiet.
2984 1271 3233 1325 Allietum
3256 1282 3344 1327 est
3368 1281 3552 1326 autem

1972 1360 2131 1412 morti
2179 1374 2403 1428 corpus.
2439 1364 2504 1415 ad
2546 1363 2808 1430 majorem
2839 1363 3145 1433 emphasim
3199 1379 3387 1419 eorum
3434 1378 3558 1433 qua:

1970 1462 2067 1515 per
2091 1452 2492 1504 enarrationem
2517 1452 2889 1508 declarantur.

2039 1534 2132 1596 IX.
2164 1538 2253 1592 7-l
2269 1539 2316 1591 l.
2347 1537 2416 1592 Et
2434 1539 2810 1594 similitudines
2832 1542 3160 1595 locustarum
3185 1540 3385 1596 similes
3405 1544 3552 1610 equis

1965 1625 2170 1692 paratis
2197 1627 2268 1680 ad
2299 1628 2543 1692 pra-lium
2576 1646 2595 1682 .'
2626 1638 2676 1681 et
2705 1646 2862 1697 super
2884 1633 3064 1698 capita
3088 1646 3276 1684 earum
3302 1641 3557 1700 tanquam

1967 1734 2174 1774 corona:
2227 1737 2427 1786 aurem,
2473 1733 2522 1775 et
2546 1723 2709 1790 facies
2752 1739 2937 1777 earum
2983 1725 3122 1777 sicut
3174 1725 3338 1793 facies
3387 1723 3560 1777 homi-

1969 1828 2120 1876 num,
2175 1823 2224 1866 et
2255 1813 2512 1866 habebant
2559 1815 2780 1883 capillos
2807 1817 2945 1869 sicut
2980 1816 3204 1885 capillos
3239 1816 3518 1869 mulierum
3541 1855 3556 1875 ,

281 1894 512 1960 τρίχας.
540 1895 622 1960 ὡς
653 1898 860 1964 τρίχας
885 1900 1223 1965 γυναικῶνο
1259 1903 1357 1954 καὶ
1401 1905 1456 1955 οἱ
1486 1904 1730 1972 ὀδόντες
1756 1908 1863 1959 αὐ·
1902 1892 1940 1944 η

1981 1913 2017 1957 et
2076 1905 2253 1957 dentes
2298 1921 2481 1958 eorum
2509 1907 2663 1975 quasi
2719 1906 2928 1960 leonum
2971 1917 3145 1973 erant,
3197 1920 3248 1961 et
3299 1907 3560 1961 habebant

279 1984 403 2036 τῶν
430 1987 510 2050 ὠς
558 1989 822 2041 λεόντων
860 1987 1039 2058 ἦσαν]
1089 1994 1198 2046 Kal
1245 1989 1412 2062 εἶχον
1455 1997 1748 2062 θώρακας.
1789 1999 1867 2062 ὡς

280 2077 554 2146 θώρακας
584 2081 876 2148 σιδηροῦς
899 2099 911 2112 ⁸
971 2084 1073 2137 καὶ
1111 2086 1150 2152 ἠ
1180 2087 1352 2154 φωνὴ
1383 2087 1502 2142 τῶν
1559 2089 1870 2157 πτερύγων

277 2171 504 2236 αὐτῶν,
552 2175 631 2239 ὡς
656 2176 824 2242 φωνὴ
855 2177 1131 2244 ἁρμάτων
1186 2181 1384 2232 ἳππων
1429 2180 1680 2234 πολλῶν
1744 2199 1869 2248 τρε-

278 2259 517 2328 χόντων
548 2265 635 2328 εἰς
663 2266 949 2333 πόλεμον.
1005 2269 1114 2322 Kal
1143 2270 1404 2338 ἔχουσιν
1450 2271 1635 2338 οὐρὰς
1662 2274 1872 2340 ὁμοίας

279 2354 598 2420 σκορπίοις
639 2355 739 2406 καὶ
767 2358 987 2422 κέντρα
1008 2374 1022 2390 ο
1047 2359 1146 2412 καὶ
1179 2360 1249 2412 ἐν
1278 2361 1408 2426 ταῖς
1430 2362 1637 2430 οὐραῖς
1670 2364 1872 2417 αὐτῶν

275 2442 574 2506 ἐξουσίαν
599 2446 856 2514 ἔχουσιν
882 2447 1171 2516 ἀδικῆσαι
1196 2451 1339 2515 τοὺς
1371 2452 1724 2520 ἀνθρώπους
1750 2453 1866 2523 μῆ-

275 2550 390 2598 νας
430 2535 632 2600 πέντε,
672 2539 923 2604 ἔχουσαι
951 2539 1222 2602 βασιλέα
1248 2540 1340 2590 ἐπ’
1367 2543 1565 2594 αὐτῶν
1611 2543 1870 2612 ἀγῇ-ελον

275 2624 390 2693 τῆς
420 2628 701 2681 ἀϐύσσου
723 2647 737 2660 ·
769 2629 959 2698 ὄνομα
996 2630 1157 2703 (ξὺϊῷ
1205 2632 1506 2702 Ἐϐραϊστὶ
1543 2635 1864 2688 Ἀϐὄαδών’

276 2717 350 2770 ἐν
383 2719 452 2772 δὲ
493 2719 567 2788 τῇ
614 2722 946 2793 Ἑλληνικῇ
968 2725 1157 2794 ὄνομα
1195 2725 1321 2793 ἔχει
1360 2729 1732 2782 Ἀπολλύων.

357 2813 575 2874 Ἰπποις
591 2815 979 2882 ἀφωμιίωνται
993 2816 1049 2866 αἱ
1066 2815 1311 2886 ἀκρίδες,
1340 2817 1435 2869 καὶ
1447 2817 1545 2870 οὐκ
1560 2818 1704 2889 ἄλλῳ
1720 2819 1866 2887 ζώῳ,

277 2903 368 2954 διά
393 2905 455 2955 τὸ
505 2904 821 2975 ὀξυκίνητον
851 2907 948 2975 τῆς
996 2907 1188 2975 ὲφόδοδ
1245 2910 1342 2960 καὶ
1383 2909 1445 2961 τὸ
1493 2908 1726 2977 Θυμικὸν
1772 2911 1866 2964 τοῦ

275 2998 474 3061 ἵππου,
507 2999 741 3067 μάλιστα
785 3001 845 3052 τὸ
885 3003 1029 3054 κατά
1064 3003 1354 3071 πολέμους,
1387 3004 1416 3056 ὃ
1440 3006 1534 3056 καὶ
1566 3005 1698 3056 αὐτὸ
1724 3023 1868 3075 παρ-

273 3090 602 3161 εδὴλωσενή
646 3093 980 3164 ὑποκειμένη
1031 3095 1398 3164 ἀποκάλυψις,
1448 3097 1642 3166 ὁμοίαν
1676 3099 1865 3162 ἵπποις

277 3183 482 3246 λέξασα
533 3183 631 3254 τὴν
679 3186 1002 3255 ἑτοιμασίαν
1051 3188 1233 3240 αὐτῶν
1295 3185 1436 3241 εἶναι
1469 3190 1706 3256 πόλεμον
1739 3190 1865 3243 (1)6:-

275 3275 513 3334 νόντων.

350 3368 462 3424 Καὶ
482 3369 580 3421 ἐπὶ
601 3369 708 3433 τὰς
741 3369 1010 3437 κεφαλὰς
1030 3370 1253 3436 αὐτῶν,
1296 3375 1377 3437 ὡς
1409 3373 1699 3443 στέφανοι
1728 3394 1870 3444 κρυ-

281 3459 405 3514 σοῖ.
458 3460 524 3512 Ἦ
549 3459 625 3520 ὡς
652 3465 830 3530 χρυσῆ
871 3465 1135 3531 στεφάνη,
1181 3465 1282 3534 τὴν
1315 3463 1474 3536 νίκην
1523 3467 1668 3520 ἔοικε
1714 3485 1862 3536 παρα

282 3553 460 3623 ιστᾷν,
487 3553 556 3623 ἣν
597 3553 738 3606 κατὰ
763 3554 870 3606 τῶν
890 3556 1215 3624 ἡττημένων
1244 3555 1446 3609 ἀθλίων
1485 3559 1862 3627 ἀπηνέγκατο.

293 3645 383 3707 Ὠς
411 3647 585 3714 χρυσῆ
611 3645 664 3697 δὲ
700 3644 861 3714 αὕτη,
906 3645 1020 3698 ἀλλ’
1047 3648 1105 3698 οὐ
1139 3639 1340 3718 χρυσῆ.
1383 3650 1459 3701 Οὐ
1492 3652 1601 3720 γὰρ
1626 3650 1705 3718 τῷ
1752 3651 1865 3703 ὄντι

280 3738 314 3806 ἡ
348 3736 436 3788 ἐπ’
461 3736 711 3806 ἀπωλείᾳ
753 3735 849 3788 τοῦ
887 3735 1031 3789 Θείου
1067 3738 1387 3807 πλάσματος
1416 3740 1662 3808 τιμωρία
1703 3741 1763 3791 τὸ
1789 3740 1866 3792 τί-

288 3830 410 3898 μιόν
442 3830 588 3880 ἐστιν
615 3829 1024 3899 ἀποφερομὲνη.
1060 3831 1170 3883 Καὶ
1197 3831 1510 3896 προσώποις
1539 3831 1596 3884 δὲ
1642 3833 1857 3903 ἀνθρὼ-

285 3938 404 3974 πων
439 3920 873 3990 ἀπεικαζόμεναι
895 3922 991 3983 τὰς
1019 3921 1191 3990 ὄψεις,
1218 3922 1296 3992 τῷ
1317 3924 1557 3993 ὁμοειδεῖ
1582 3926 1708 3987 τοὺς
1731 3926 1866 3978 ἀπα-

283 4013 563 4081 τωμένους
628 4012 993 4080 παράγουσιν,
1046 4013 1139 4077 οὓς
1203 4014 1294 4066 διὰ
1359 4015 1419 4067 τὸ
1476 4017 1754 4084 ἀπατῆσαι
1811 4019 1865 4069 αἱ

283 4106 549 4174 τιμωρίαι
603 4098 766 4158 αὗται
819 4105 1093 4158 ὑπέλαϐον
1146 4107 1244 4174 τῆς
1283 4108 1631 4177 ἀπατητικῆς
1661 4109 1867 4178 ταύτης

287 4194 646 4264 κακουργίας.
689 4195 799 4248 Καὶ
830 4197 886 4247 al
925 4199 1234 4263 γυναικεῖαι
1267 4196 1377 4248 τῶν
1428 4198 1631 4268 τριχῶν
1661 4198 1866 4268 ἐμπλο-

288 4290 381 4339 καὶ
416 4288 491 4348 ὡς
533 4287 878 4352 πυκάζουσαι
919 4291 1046 4350 τοὺς
1080 4289 1427 4353 ἀπατεῶνας.
1463 4290 1723 4344 Τοιαῦται
1760 4293 1870 4364 γάρ

285 4382 382 4433 καὶ
414 4381 472 4433 αἱ
504 4383 767 4451 σαρκικαὶ
796 4382 1002 4451 ἡδοναὶ,
1027 4383 1231 4446 αἵτινες
1250 4383 1326 4452 τῷ
1347 4385 1658 4453 φαινομένῳ
1687 4384 1870 4437 αὐτῶν

285 4470 624 4541 ὲπιτέρπειν,
646 4472 722 4539 τῷ
747 4472 958 4524 ἑαυτῶν
984 4472 1308 4542 ὀλισθήματι
1335 4474 1460 4532 τοὺς
1484 4473 1870 4537 δελεασθέντας

286 4562 682 4630 κατασύρουσι.
713 4565 804 4617 Διὸ
831 4567 923 4618 καὶ
947 4567 974 4616 ὁ
1006 4567 1413 4636 παροιμιαστής
1444 4582 1577 4636 φησι
1615 4567 1867 4636 Σολομὼν
1895 4591 1946 4650 D

284 4661 416 4719 τοὺς
446 4657 548 4723 τῆς
595 4659 865 4727 πορνάδος
904 4657 1096 4725 λόγους
1129 4658 1266 4728 πρὸς
1320 4659 1513 4728 καιρὸν
1552 4659 1653 4728 μὲν
1689 4659 1870 4713 λιπαί-

285 4766 402 4803 νειν
427 4750 520 4802 τὸ]
545 4750 824 4820 φάρυγγα,
867 4749 1095 4817 ὕστερον
1128 4750 1183 4802 δὲ
1213 4751 1538 4820 πικρότερον
1568 4752 1730 4822 χολῆς
1769 4753 1869 4822 τὴν

287 4844 544 4910 αἴσθησιν
567 4844 840 4911 ἐμποιεῖν.
887 4844 984 4897 Ἐκ
1011 4843 1166 4897 τοῦδε
1199 4844 1292 4896 καὶ
1323 4846 1358 4915 ἡ
1391 4844 1686 4914 πρόχειρος
1728 4843 1868 4913 αὕτη

287 4939 488 4998 πλάσις
529 4938 665 5004 μετά
691 4937 789 4999 τὰς
815 4937 1134 5004 γυναικείας
1163 4938 1376 5008 τρίχας,
1424 4940 1516 4991 καὶ
1548 4938 1674 5001 τοὺς
1720 4939 1868 4990 λεόν-

287 5047 401 5082 των
435 5028 650 5090 ὀδόντας
685 5029 952 5094 ἐπάγεται
985 5030 1285 5098 τιμωροὺς,
1314 5029 1561 5093 καὶτοὺς
1582 5029 1658 5092 ὡς
1688 5030 1869 5100 Θώρα-

288 5139 394 5183 κας
425 5119 700 5189 σιδηροῦς,
730 5120 838 5172 τῶν
869 5121 969 5189 μὲν
997 5122 1227 5174 ὀδόντων
1253 5121 1539 5175 λεοντείων
1574 5123 1635 5176 τὸ
1663 5122 1871 5194 ἀπηνὲς

289 5214 570 5284 παριστᾷν
627 5212 990 5280 βουλομένων,
1031 5214 1137 5266 τῶν
1190 5213 1432 5284 σιδηρῶν
1469 5215 1527 5267 δὲ
1579 5215 1870 5285 Θωράκων,

285 5303 352 5356 τὸ
395 5303 613 5371 στερεὸν
649 5302 706 5354 τὸ
738 5303 874 5372 πρὸς
911 5305 1186 5369 ἀντένεξιν
1216 5304 1324 5357 τῶν
1359 5309 1476 5368 ταῖς
1508 5305 1677 5375 βολῖσι
1702 5325 1874 5376 προτ-

292 5394 645 5465 μαχομένων,
669 5396 731 5448 οὺ
756 5395 897 5448 κατὰ
925 5397 984 5449 τὸ
1009 5397 1187 5466 ῥᾴδιον
1215 5399 1628 5468 ἐπιφερομένων
1661 5399 1720 5451 τὸ
1746 5400 1870 5452 ἐπι-

288 5488 650 5557 τεταγμένον.
695 5488 847 5540 Ἐπεὶ
883 5489 940 5542 δὲ
987 5491 1083 5542 καὶ
1128 5494 1325 5559 πτῆσις
1363 5492 1546 5553 αὐτοῖς
1591 5492 1876 5562 ἐνοεωρείο

287 5597 388 5635 ται
413 5580 512 5635 lite
557 5580 777 5651 ἀκρίσιν
811 5582 1289 5652 ἀφομοιουμένοις,
1338 5586 1372 5653 ὴ
1423 5586 1625 5655 πτῆσις
1669 5587 1768 5654 μὲν
1814 5587 1876 5638 τὸ

290 5677 392 5744 τῆς
433 5674 771 5736 ἐπελεύαεως
833 5675 1025 5728 Θᾶττον
1065 5677 1384 5742 αἰνίττεται,
1442 5680 1534 5730 καὶ
1567 5677 1626 5730 τὸ
1663 5679 1876 5731 ἄνωῠεν

291 5766 530 5818 ἐπιέναι.
565 5766 750 5827 Φωνας
809 5765 868 5817 δὲ
921 5767 1029 5820 τῶν
1089 5768 1378 5835 πτερύγων
1411 5770 1507 5837 τὴν
1560 5767 1874 5838 ὲφόρμησιν

297 5858 480 5912 αὐτῶν
514 5857 660 5925 λὲγει
693 5859 825 5930 πρὸς
860 5858 952 5930 τὴν
982 5860 1279 5930 πλεμικὴν
1305 5861 1483 5914 αὐτῶν
1518 5862 1868 5932 συμπλοκὴν,

1971 1997 2167 2049 loricas
2196 1997 2350 2066 quasi
2375 1997 2568 2051 loricas
2604 1999 2826 2067 ferreas,
2865 2010 2915 2054 et
2945 2016 3043 2054 eoa:
3071 2001 3278 2054 alarum
3311 2002 3555 2070 ipsarum

1968 2091 2107 2143 sicut
2146 2107 2244 2144 vox
2273 2108 2527 2145 curruum
2575 2109 2827 2162 equorum
2885 2092 3175 2147 multorum
3228 2094 3558 2148 currentium

1968 2187 2038 2236 ad
2092 2185 2336 2252 prwlium
2368 2201 2386 2237 :
2416 2195 2466 2239 et
2501 2187 2694 2240 habent
2729 2186 2928 2239 caudas
2975 2185 3175 2240 similes
3222 2186 3557 2254 scorpionum

1967 2285 2018 2327 et
2048 2275 2256 2329 aculeos
2280 2318 2294 2340 ,
2329 2287 2378 2330 et
2422 2278 2479 2329 in
2508 2277 2692 2331 caudis
2719 2279 2828 2330 suis
2874 2277 3064 2331 habent
3109 2286 3422 2345 potestatem
3459 2275 3556 2330 lte—

1970 2367 2128 2421 deudi
2155 2368 2394 2422 homines
2423 2369 2690 2423 mensibus
2723 2370 2951 2438 quinque
2971 2409 2986 2432 ,
3034 2369 3279 2423 habentes
3325 2383 3482 2438 super
3504 2384 3559 2422 se

1971 2476 2140 2530 regem
2169 2463 2412 2530 attgelum
2433 2463 2630 2532 abyssi,
2660 2463 2745 2515 cui
2776 2477 2964 2515 nomen
2991 2460 3250 2517 llebraice
3279 2460 3556 2524 Abbadou,

1971 2552 2148 2607 Cra't'e
2182 2571 2298 2607 vero
2326 2571 2511 2608 nomen
2547 2555 2700 2608 habet
2730 2553 3010 2624 Apollgon.

2043 2808 2210 2879 Equis
2253 2809 2572 2865 assimilataa
2628 2816 2762 2862 sunt
2801 2807 3049 2875 locustae,
3081 2817 3138 2862 et
3172 2824 3283 2862 non
3314 2808 3406 2864 alii
3439 2810 3560 2864 ani-

1973 2904 2123 2969 mali,
2168 2915 2390 2974 propter
2431 2906 2673 2959 velocem
2711 2915 2921 2958 motum
2953 2903 3214 2974 impetus.
3252 2913 3300 2958 el
3338 2908 3557 2961 animo-

1971 2991 2186 3044 sitatem
2242 2991 2393 3061 equi,
2430 2992 2666 3047 maxime
2716 3008 2843 3046 eum
2883 2994 3054 3048 instat
3079 2993 3327 3064 praelium
3364 3013 3378 3049 :
3409 2998 3556 3066 quod

1971 3083 2151 3154 ipsum
2185 3085 2352 3141 etiam
2387 3101 2628 3154 praasens
2670 3086 2932 3154 revelatio
2962 3088 3292 3158 designavit,
3329 3105 3454 3144 eum
3479 3092 3558 3145 ait

1970 3175 2204 3230 similem
2240 3192 2361 3232 esse
2412 3179 2866 3248 praeparationem
2919 3193 3112 3233 eorum
3146 3195 3270 3248 qua:
3303 3180 3550 3236 dolorem

1971 3265 2255 3330 inferrent,
2289 3269 2446 3338 equis
2469 3269 2561 3338 qui
2594 3269 2659 3323 ad
2687 3269 2935 3337 praelium
2972 3270 3143 3339 parati
3170 3280 3319 3325 sunt.

2041 3356 2110 3410 Et
2159 3376 2318 3426 super
2363 3361 2541 3428 capita
2595 3375 2780 3413 earum
2825 3369 3078 3429 tanquam
3122 3377 3328 3413 corona:
3358 3377 3552 3415 aurea.

1970 3446 2135 3516 728
2168 3446 2382 3503 Corona
2429 3449 2595 3502 veluti
2641 3464 2806 3502 aurea
2852 3448 3140 3503 victoriam
3177 3449 3558 3505 demonstrare

1969 3540 2125 3605 solet,
2163 3555 2285 3608 qua:
2332 3539 2500 3593 relata
2540 3548 2624 3595 est
2654 3540 2922 3594 adversus
2955 3542 3189 3596 miseros
3229 3543 3321 3612 qui
3356 3543 3554 3598 devicti

1969 3640 2144 3683 sunt:
2180 3631 2293 3683 haec
2343 3639 2526 3684 autem
2585 3641 2845 3700 tanquam
2900 3647 3097 3685 aurum
3145 3641 3249 3696 est,
3299 3634 3391 3688 sed
3443 3651 3552 3690 non

1970 3738 2162 3775 aurum
2196 3739 2209 3774 :
2242 3737 2350 3775 non
2399 3722 2545 3777 enim
2607 3723 2934 3793 supplicium
2992 3738 3121 3778 vere
3155 3725 3439 3794 praemium
3470 3738 3555 3782 est

1969 3813 2114 3884 quod
2183 3814 2415 3870 refertur
2475 3818 2546 3871 ob
2601 3817 2962 3886 perditionem
3020 3818 3190 3873 divini
3242 3820 3551 3889 plasmatis.

1969 3907 2125 3970 Quod
2158 3920 2285 3960 vero
2331 3918 2554 3977 aspectu
2591 3925 2809 3980 quoque
2845 3910 3223 3979 assimilentur
3249 3912 3408 3968 faciei
3453 3916 3554 3971 bo-

1970 4002 2202 4066 minum,
2240 4003 2290 4055 id
2326 4015 2432 4068 est,
2463 4004 2612 4073 quod
2659 4006 3024 4061 similitudine
3056 4009 3256 4078 speciei
3287 4025 3384 4064 eos
3416 4013 3558 4068 refe-

1971 4106 2098 4149 runt
2145 4096 2238 4164 qni
2293 4098 2652 4160 seducuntur,
2707 4115 2844 4168 quos
2896 4110 3121 4170 propter
3178 4103 3554 4160 seductionem

1969 4199 2306 4259 exceperunt
2334 4189 2465 4258 ipsa?
2488 4191 2724 4246 ulti0nes
2747 4192 2911 4261 bujns
2935 4193 3270 4247 franduleuti
3301 4206 3554 4252 conatus.

1972 4279 2112 4334 Sunt
2157 4289 2210 4334 et
2267 4283 2563 4337 muliebres
2614 4284 2935 4352 capillorum
2987 4285 3242 4340 caesaries
3292 4296 3554 4358 tanquam

1970 4384 2324 4444 conte-gentes
2374 4375 2712 4431 seductores.
2763 4375 2924 4432 Tales
2979 4377 3126 4431 enim
3175 4387 3304 4433 sunt
3336 4387 3390 4433 et
3435 4369 3559 4434 ear;

1972 4467 2121 4520 nales
2155 4467 2493 4535 voluptates,
2527 4484 2649 4537 quae
2680 4469 2858 4538 primo
2890 4484 2993 4522 suo
3023 4478 3247 4538 aspectu
3279 4470 3556 4525 delectare

1971 4559 2246 4625 videntur,
2289 4561 2380 4614 sed
2409 4560 2476 4614 ad
2525 4561 2611 4615 sui
2661 4561 2879 4614 ruinam
2922 4560 3195 4616 inescatos
3231 4561 3550 4616 detrahunt.

1974 4651 2100 4707 Ideo
2146 4669 2362 4723 quoque
2396 4653 2775 4723 paruamiastes
2825 4653 3088 4708 Solomon
3121 4655 3199 4707 ait
3227 4655 3389 4708 verba
3439 4669 3551 4710 me-

1974 4745 2188 4800 retricis
2213 4746 2276 4799 ad
2315 4756 2529 4814 tempus
2557 4746 2779 4821 quidem
2806 4745 3276 4816 deliniregnttur,
3310 4757 3557 4816 postmo-

1973 4836 2099 4890 dum
2127 4851 2254 4891 vero
2287 4837 2370 4891 sui
2394 4845 2614 4906 gustum
2649 4838 2753 4892 bile
2774 4839 3104 4893 amariorem
3126 4838 3446 4895 immittere.
3478 4839 3556 4892 Ex

1974 4930 2079 4984 hoc
2107 4943 2284 4984 autem
2315 4946 2558 5000 praesens
2590 4932 2785 4986 ellictio
2817 4940 2940 5001 post
2975 4932 3270 4986 muliebres
3301 4931 3554 5001 capillos.

1973 5026 2136 5078 etiam
2183 5025 2399 5079 leonum
2455 5026 2648 5080 dentes
2702 5027 2854 5080 addit
2898 5026 3193 5088 ultoribus.
3246 5035 3304 5080 et
3351 5025 3553 5080 loricas

1977 5127 2234 5188 tanquam
2293 5119 2550 5175 ferreas:
2602 5119 2763 5190 quasi
2822 5120 3016 5176 dentes
3075 5121 3294 5189 quidem
3349 5118 3555 5172 Iconini

1977 5210 2236 5264 saevitiam
2270 5209 2436 5263 velint
2462 5211 2754 5265 ostendere
2788 5227 2803 5264 :
2837 5209 3028 5264 ferre-.2
3061 5225 3190 5264 vero
3221 5208 3406 5264 lorica:
3464 5213 3556 5262 lir-

1979 5303 2218 5357 mitatem
2249 5303 2316 5356 ad
2350 5303 2716 5357 resistendum
2741 5305 2940 5373 iaculis
2977 5301 3337 5373 pugnantium
3366 5301 3557 5356 adver-

1978 5412 2070 5450 sus
2105 5396 2270 5464 ipsas,
2304 5397 2448 5465 quod
2485 5411 2593 5450 non
2628 5396 2784 5450 facile
2828 5396 2902 5449 sit
2932 5396 3050 5449 fieri
3086 5405 3277 5449 contra
3327 5394 3379 5448 id
3406 5394 3552 5463 quod

1978 5490 2144 5542 semel
2182 5488 2398 5556 jussum
2426 5498 2530 5543 est.
2569 5487 2838 5554 Quoniam
2882 5497 3062 5541 autem
3095 5496 3150 5540 et
3200 5487 3442 5541 volatum
3494 5487 3551 5540 in

1982 5583 2114 5649 ipsis
2142 5589 2226 5634 est
2257 5581 2456 5634 intueri
2483 5623 2497 5648 ,
2535 5590 2594 5634 ut
2626 5597 2748 5650 qua:
2791 5580 3017 5634 locustis
3052 5580 3369 5634 assimilattc
3401 5589 3554 5644 sunt,

1981 5675 2192 5728 volatus
2233 5672 2485 5744 designat
2524 5673 2670 5743 quod
2732 5673 2991 5727 velociter
3039 5672 3448 5741 superveniunt.
3504 5684 3556 5724 et

1981 5768 2123 5836 quod
2176 5782 2410 5835 superne
2447 5767 2730 5821 accedant.
2787 5764 2959 5820 Voces
3015 5780 3143 5818 vero
3197 5765 3314 5817 sive
3356 5780 3552 5818 sonu."
3623 5757 3633 5765 ”

1985 5862 2189 5915 alarum
2228 5860 2360 5914 dicit
2396 5860 2656 5928 impetum
2695 5860 2938 5927 ipsarum
2979 5858 3043 5911 ad
3088 5855 3341 5910 bellicum
3377 5852 3556 5910 assul-
