4256 6440
773 398 879 461 621

1591 400 1926 462 ARETlI/E
1963 401 2344 463 CJHSAREE
2386 403 2873 465 CAPPADOCIA!
2912 403 3258 467 EPISCOPI

3934 405 4052 470 638

773 524 917 582 tum,
949 515 1096 587 quod
1130 529 1239 571 non
1272 516 1326 571 in
1357 515 1577 571 silentio
1606 517 1718 581 ﬁat,
1752 519 1881 587 quia
1911 534 2091 590 neque
2118 523 2171 576 in
2205 531 2356 577 certo
2388 532 2430 585 Α
2455 524 2517 576 οὐ
2580 522 2703 576 καθ’
2765 523 2999 593 ἡσυχίαν
3050 520 3258 574 ὲκτελοι

2458 524 2517 576 οὐ
2580 522 2703 576 καθ’
2765 523 2999 593 ἡσυχίαν
3050 519 3474 590 έκτελουμένην,
3522 519 3605 572 ὅτι
3658 519 3792 590 μηδὲ
3821 520 3880 573 ἐν
3937 539 4050 575 τινι

775 607 963 677 aliquo
995 607 1138 671 loco,
1178 608 1272 663 sed
1310 607 1363 661 in
1400 606 1656 663 universo
1701 610 1909 663 mundo
1947 612 2260 667 conﬁcitur.
2298 612 2361 668 Et

779 697 909 751 hinc
922 697 1164 767 estquod
1181 711 1292 752 non
1312 697 1365 751 in
1381 712 1572 753 omnes
1588 700 1874 757 hominum
1894 717 2075 758 mores
2098 715 2358 775 tanquam

777 788 834 843 in
856 789 1114 845 socordes
1140 790 1389 861 regiones
1420 790 1681 846 insultum
1712 792 1941 856 faciunt,
1972 796 2064 848 sed
2095 796 2362 852 duntaxat

778 883 833 934 in
887 881 1178 950 quosdam,
1228 898 1423 952 nempe
1472 884 1530 939 in
1586 900 1687 942 eos
1732 887 1826 956 qui
1875 887 2188 943 ﬁrmitatem
2248 906 2358 945 non

775 975 1006 1029 numino
1056 976 1301 1045 pmbent
1344 977 1478 1034 eis:
1534 988 1631 1033 aut
1680 980 1923 1048 pra-bent
1966 980 2211 1050 quidem,
2265 984 2357 1038 sed

777 1066 988 1120 lirmior
1010 1075 1096 1122 est
1121 1082 1216 1137 per
1246 1068 1508 1139 impetum
1542 1084 1559 1124 :
1597 1074 1739 1125 unde
1770 1071 1934 1125 etiam
1963 1088 2069 1127 vox
2104 1073 2220 1129 sive
2247 1074 2359 1128 l'ra-

776 1172 877 1227 gor
927 1160 1283 1216 constituitur
1335 1174 1589 1232 tanquam
1642 1171 1886 1218 rotarum
1948 1180 2214 1221 curruum
2265 1182 2361 1236 per

778 1252 1135 1306 nmtationem
1167 1269 1232 1309 ac
1265 1255 1622 1310 recidentiam
1654 1257 1958 1311 radiorum.

848 1342 917 1396 Et
949 1344 1206 1400 habebant
1230 1348 1429 1402 caudas
1452 1348 1650 1402 similes
1678 1350 2016 1418 scorpionum
2047 1358 2096 1404 et
2120 1349 2355 1404 aculeos.

778 1433 1138 1504 Scorpionnm
1183 1439 1373 1494 caudis
1418 1447 1473 1493 et
1519 1440 1726 1495 aculeis
1760 1441 2047 1495 assimilati
2089 1450 2220 1495 sunt
2252 1442 2360 1495 dae--

778 1542 1002 1581 monum
1058 1529 1295 1584 insultas
1349 1530 1615 1587 adversus
1675 1532 1946 1597 homines,
1991 1534 2254 1601 quoniam
2306 1542 2360 1589 et

775 1617 1056 1675 dminones
1087 1634 1193 1675 non
1225 1623 1409 1677 statim
1438 1632 1498 1677 ut
1531 1623 1832 1693 loquuntur
1855 1624 2216 1679 manifestam
2257 1640 2359 1679 no-

775 1723 1115 1778 eumentum,
1144 1715 1287 1770 sicut
1311 1730 1486 1785 neque
1505 1717 1760 1786 scorpius
1782 1716 2045 1774 forﬁculis
2069 1718 2120 1772 in
2147 1733 2355 1773 morem

775 1808 962 1860 cancri
1003 1807 1376 1874 denticulatis,
1422 1809 1515 1864 sed
1562 1822 1593 1863 a
1642 1820 1794 1881 tergo
1850 1810 2023 1865 cauda
2076 1811 2221 1865 laedit
2263 1826 2360 1880 per

2463 615 2635 685 τόπῳ,
2669 613 2784 667 ἀλλ’
2809 615 2869 665 ὲν
2895 612 3061 667 παντὶ
3090 613 3170 682 τῷ
3221 616 3415 681 κόσμῳ
3462 612 3868 683 συντελουμένη
3913 630 4052 683 τυγ-

2463 707 2636 777 χάνει,
2688 706 2782 775 ἀφ’
2814 700 2878 761 οὐ
2934 707 3029 761 xui.
3075 705 3150 777 μὴ
3188 706 3358 758 πᾶσιν
3408 704 3717 775 ἀνθρώπων
3754 705 4051 776 ηθεσινὼς

2462 797 2677 862 ὑπτίοις
2703 798 2928 869 χωρίοις
2958 796 3419 869 προσϐάλλουσιν,
3455 794 3596 850 ἀλλά
3617 813 3750 860 τισι,
3779 801 3895 861 τοῖς
3920 798 4053 868 μηδ’

2461 888 2599 954 ὅλως
2620 889 2684 943 τὸ
2723 890 2960 960 βεϐηκὸς
3008 888 3202 953 αὐταῖς
3262 888 3688 958 παρέχουσιν,ῆ
3740 889 4050 959 παρέχουσι

2465 981 2585 1052 μὲν,
2638 981 2941 1053 βιαιότερον
2968 981 3083 1052 (31)
3128 981 3187 1034 δὲ
3230 982 3296 1051 τῇ
3351 979 3523 1051 ῥύμῃ.
3584 979 3705 1047 Ἀφ’
3730 973 3793 1033 οὗ
3834 983 3930 1034 καὶ
3968 980 4051 1043 ὡς

2461 1074 2559 1129 ἀπ’
2583 1076 2892 1147 ἀμαξιαίων
2941 1074 3176 1147 τροχῶν,
3233 1076 3300 1146 τῇ
3338 1072 3689 1145 μεταπτώσει
3729 1091 3788 1127 τε
3820 1074 3917 1128 καὶ
3945 1075 4046 1125 ἀν-

2460 1168 2723 1223 τιπτὼσει
2762 1169 2871 1224 τῶν
2902 1169 3159 1235 σκὼλων,
3186 1167 3371 1239 φωνὴ,
3423 1168 3595 1239 ἤγουν
3641 1166 3851 1231 κτύπος
3914 1184 4050 1220 συν-

2464 1260 2703 1316 ίσταται.

2531 1354 2639 1409 Kal
2670 1355 2924 1423 ἔχουσιν
2959 1356 3145 1423 οὐρὰς
3175 1356 3384 1425 ὁμοίας
3424 1359 3741 1425 σκορπίοις
3778 1356 3877 1410 καί
3903 1354 4045 1409 κέν-

2459 1461 2589 1513 τρα.
2626 1445 2911 1516 Σκορπίων
2933 1446 3123 1517 οὐραῖς
3153 1447 3245 1499 καὶ
3278 1447 3527 1518 κέντροις
3554 1449 3610 1501 αι
3635 1448 3745 1501 τῶν
3771 1448 4047 1519 δαιμόνων

2460 1536 2876 1607 ἀπεικάσθησαν
2903 1538 3202 1609 προσϐολαὶ
3227 1540 3284 1591 αί
3306 1538 3446 1609 πρὸς
3478 1539 3827 1611 ἀνθρώπους,
3852 1541 4046 1610 ἑπειδὴ

2461 1631 2560 1683 καὶ
2587 1630 2638 1683 oi
2675 1628 2932 1699 δαίμονες
2960 1630 3083 1700 οὐχὶ
3124 1630 3241 1700 ἅμα
3286 1630 3367 1700 τῷ
3405 1632 3789 1702 χρηματίσαι,
3823 1632 3887 1685 τὸ
3917 1631 4050 1701 βλαο

2459 1722 2657 1776 πτικδν
2677 1722 3091 1792 ἀποφαίνουσιν,
3129 1724 3212 1776 ὅτι
3244 1724 3379 1794 μηδὲ
3408 1724 3669 1795 σκορπίος
3694 1726 3815 1789 ταῖς
3843 1742 4045 1797 καρκιο

2461 1818 2654 1873 νώδεσι
2700 1820 2915 1890 χηλαῖς,
2949 1819 3084 1873 ἀλλά
3134 1819 3214 1890 τῷ
3240 1819 3526 1884 ἐξόπισθεν
3566 1821 3775 1892 οὐραίῳ
3820 1821 3909 1875 διὰ
3950 1821 4045 1874 τοῦ

777 1896 1049 1950 aculeum.
1099 1898 1317 1951 Interim
1368 1914 1587 1969 quoque
1636 1899 1882 1954 exitiales
1912 1900 2188 1955 daemones
2229 1915 2354 1954 eum
2385 1887 2433 1946 Β
2463 1887 2732 1984 κέντρουξ
2758 1887 2925 1976 ’Τέως
2968 1912 3023 1966 δὲ
3066 1913 3159 1966 καὶ
3180 1887 3230 1966 δι

2463 1887 2732 1984 κέντρουί
2758 1887 2925 1976 -Τέως
2968 1912 3023 1966 δὲ
3066 1913 3159 1966 καὶ
3180 1887 3230 1966 οῖ
3260 1914 3529 1985 ἀλιτήριοι
3559 1887 3817 1985 δαίμονες
3838 1912 3935 1977 οῦς
3978 1914 4044 1965 ἂν

775 1989 993 2056 aliquos
1025 1989 1334 2043 insidiando
1360 1990 1627 2059 ceperint,
1664 2006 1773 2044 non
1803 1993 1985 2045 statim
2017 1992 2221 2045 habent
2251 1992 2356 2047 im-

776 2078 1008 2134 missum
1063 2081 1389 2150 supplicium
1427 2092 1647 2151 propter
1680 2082 1845 2152 729
1896 2083 2138 2153 ipsorum
2200 2084 2357 2139 decc-

777 2170 1049 2235 ptiouem,
1089 2173 1183 2225 sed
1233 2172 1379 2227 ﬁnali
1414 2174 1521 2243 igni
1568 2176 1767 2228 servati
1808 2190 1933 2229 cum
1972 2175 2057 2231 his
2093 2190 2231 2243 quos
2266 2190 2355 2231 se-

773 2263 1074 2329 dux’crunt,
1105 2264 1267 2335 digna
1298 2277 1708 2337 consequentur
1731 2269 1974 2337 praemia.
2016 2269 2187 2325 Porro
2224 2269 2355 2339 qui-.l

775 2356 877 2410 sibi
908 2356 1038 2412 velit
1078 2359 1225 2428 quod
1266 2358 1333 2412 ad
1360 2358 1612 2429 quintum
1643 2360 1909 2413 duntaxat
1952 2374 2195 2415 mensem
2232 2376 2358 2430 pro-

777 2447 1036 2503 tendatur
1066 2458 1306 2518 potestas
1347 2450 1615 2505 inferendi
1642 2451 1944 2516 cruciatus,
1989 2452 2104 2521 jam
2131 2451 2163 2506 ξι
2198 2453 2355 2508 nobis

776 2542 979 2593 dictum
1006 2549 1108 2596 est.
1142 2540 1275 2606 Quis
1318 2541 1461 2596 enim
1506 2542 1686 2612 ignem
1738 2552 2087 2611 peccatorum
2135 2541 2356 2597 auferre

774 2644 953 2701 potest
986 2635 1119 2704 quin
1155 2645 1418 2704 perpetuo
1444 2636 1621 2699 duret,
1650 2645 1746 2691 aut
1800 2635 1945 2690 aliud
1992 2636 2137 2705 quod
2166 2637 2238 2689 ibi
2284 2637 2358 2691 sit

774 2725 1069 2779 smsibile?
1111 2724 1216 2779 Sed
1250 2728 1712 2796 quemadmodum
1763 2742 1939 2796 neque
1962 2727 2158 2782 oculus
2198 2738 2357 2796 aptus

773 2830 858 2872 est
896 2817 962 2873 ad
989 2818 1280 2873 videndum
1305 2818 1482 2883 hona',
1508 2834 1687 2889 neque
1712 2821 1862 2873 auris
1892 2820 1958 2873 ad
1997 2820 2353 2885 audiendum,

775 2928 951 2983 neque
978 2912 1031 2965 in
1060 2926 1158 2966 cor
1205 2912 1447 2967 hominis
1478 2912 1665 2967 subire
1700 2922 1931 2983 possunt
1965 2930 1978 2966 :
2018 2912 2097 2967 sic
2128 2928 2229 2969 nec
2264 2915 2355 2970 illa

772 3020 895 3075 quae
921 3004 1188 3074 amigunt,
1221 3005 1396 3059 donec
1424 3004 1799 3074 experimento
1831 3005 2151 3074 probentur.

835 3093 1100 3147 Habentes
1141 3109 1297 3160 super
1327 3110 1382 3147 se
1408 3110 1576 3164 regem
1605 3097 1849 3165 angelum
1883 3096 2081 3164 abyssi.
2112 3097 2353 3166 Angelus

775 3188 864 3242 hic
896 3187 1022 3242 licet
1067 3187 1397 3257 quibusdam
1424 3189 1579 3244 visus
1613 3190 1684 3244 sit
1724 3204 1851 3245 esse
1881 3204 2081 3259 pravus
2112 3189 2349 3252 daemon.

774 3289 1014 3333 attamen
1044 3294 1151 3333 non
1190 3288 1357 3334 recte.
1390 3278 1511 3346 Quo
1540 3280 1686 3335 enim
1718 3289 1898 3350 pacto,
1929 3296 2055 3335 cum
2093 3280 2356 3336 Dominus

773 3373 1101 3427 sententiam
1149 3372 1334 3427 tulerit
1380 3372 1774 3427 retrudendum
1817 3388 1940 3428 esse
1995 3373 2272 3428 diabolum
2305 3384 2360 3429 et

772 3464 997 3533 angelos
1027 3464 1199 3534 ipsius
1226 3464 1280 3518 in
1310 3464 1453 3535 ignis
1475 3464 1829 3535 supplicium,
1859 3465 2132 3537 quispiam
2166 3481 2355 3520 eorum

771 3559 865 3627 qni
902 3557 969 3611 ad
1016 3558 1345 3627 supplicium
1387 3557 1661 3627 designati
1697 3567 1845 3624 sunt,
1894 3560 2038 3628 regia
2089 3567 2358 3629 potestate

770 3650 970 3717 dignus
1005 3649 1334 3705 haberetur?
1380 3647 1499 3707 Non
1548 3667 1677 3722 ergo
1708 3651 1855 3706 malo
1888 3652 2079 3723 angelo
2113 3660 2357 3723 potestas

770 3741 1071 3796 constituta
1099 3750 1203 3807 est,
1245 3742 1340 3797 sed
1382 3742 1433 3797 ci
1477 3744 1563 3799 cui
1613 3742 1970 3799 commissum
1999 3752 2084 3799 est
2112 3744 2354 3799 debitum

771 3849 833 3888 ac
872 3836 1209 3889 conveniens
1262 3834 1658 3891 ministerium.
1712 3835 1900 3907 Neque
1954 3837 2100 3890 enim
2162 3854 2356 3893 omnes

772 3926 1156 3981 ministratorii
1194 3926 1424 3995 spiritus
1458 3929 1751 3983 mittuntur
1784 3929 1849 3984 ad
1881 3929 2074 3985 salutis
2109 3930 2355 3985 ministe-

772 4019 938 4083 rium,
961 4018 1117 4089 juxta
1141 4020 1326 4074 divum
1356 4019 1584 4075 Paulum
1614 4022 1707 4093 qui
1739 4021 1843 4077 hoc
1873 4022 2035 4087 dixit,
2069 4022 2161 4077 sed
2187 4023 2352 4078 etiam

2459 2006 2700 2061 λάϐωσιν
2728 2004 2786 2072 ἐξ
2814 2004 3049 2076 ἀπάτης,
3087 2006 3189 2059 οὐκ
3209 2006 3371 2069 εὐθὺς
3395 2007 3579 2077 έχουσι
3625 2006 3722 2059 καὶ
3750 2006 3853 2076 τὴν
3903 2006 4044 2076 ὑπὲρ

2463 2096 2567 2166 τῆς
2598 2096 2807 2150 τούτων
2830 2095 3051 2164 ἀπάτης
3077 2095 3351 2168 τιμωρίαν
3375 2097 3559 2159 αὐτοῖς
3583 2096 4044 2167 ἐπιϐαλλομένην.

2459 2188 2810 2261 Τηρηθέντες
2830 2187 2887 2241 δὲ
2917 2188 2995 2259 τῷ
3013 2188 3309 2260 τελευταίῳ
3328 2190 3465 2261 πυρὶ
3490 2188 3611 2259 μεθ’
3638 2183 3713 2243 ὧν
3727 2191 4041 2261 ἠπάτησαν,

2457 2280 2569 2335 τῶν
2601 2281 2769 2347 ἀξίων
2793 2280 2976 2353 γερῶν
3010 2279 3308 2345 τεύξονται.
3347 2282 3421 2334 Τὸ
3452 2282 3511 2335 δὲ
3537 2283 3634 2353 τὴν
3664 2283 3923 2349 ἐξουσίαν
3943 2284 4041 2352 τῆς

2458 2375 2733 2448 τιμωρίας
2784 2374 3081 2445 πεμπταίῳ
3139 2376 3300 2446 μόνον
3360 2377 3492 2446 μηνὶ
3534 2377 4041 2448 παρατείνεσθαιτί

2461 2466 2736 2538 βούλεται,
2764 2467 2981 2538 εῖρηται
3007 2468 3142 2536 ἡμῖν
3165 2467 3290 2538 ἤδη.
3318 2467 3415 2530 Τίς
3452 2469 3561 2539 γὰρ
3592 2470 3619 2521 ό
3642 2470 3703 2522 τὸ
3730 2469 4040 2533 διαιωνίξον

2458 2559 2903 2630 παραιρούμενος
2928 2559 3039 2612 τῶν
3072 2559 3418 2630 ἁμαρτωλῶν
3445 2561 3578 2632 πῦρ,
3615 2562 3744 2633 μήτ’
3770 2562 3901 2615 ἄλλο
3926 2565 4041 2615 ἐκεῖ
4080 2574 4104 2584 ⁴

2458 2653 2756 2724 αἱσθητόνς
2805 2652 2896 2714 Ὠς
2945 2652 3053 2724 γὰρ
3094 2655 3162 2705 τὰ
3218 2653 3401 2721 ἀγαθά
3437 2654 3538 2708 οὐκ
3576 2655 3857 2724 ὀφθαλμὸς
3912 2656 4040 2709 ίδείν
4142 2696 4153 2703 κ

2457 2745 2714 2814 αἰσθητὸς
2739 2744 2944 2807 ἱκανὸς,
2973 2742 3093 2797 οὐδὲ
3115 2738 3208 2806 οὖς
3242 2743 3495 2810 ἀκοῦσαι,
3530 2745 3653 2798 οὐδὲ
3676 2732 3770 2798 ἐπὶ
3809 2745 4039 2813 καρδίαν

2456 2837 2744 2907 ἀνθρώπου
2805 2837 3097 2908 ἀναϐῆναι,
3151 2836 3326 2902 οὕτως
3386 2837 3509 2890 οὐδὲ
3560 2839 3630 2893 τά
3686 2838 4039 2909 τιμωροῦντα

2459 2928 2585 2999 ἄχρι
2623 2926 2725 3000 τῆς
2752 2928 2971 3000 πείρας.

2532 3109 2829 3179 Ἕχουσαι
2877 3110 3149 3176 ,ϐασιλέα
3214 3110 3308 3163 ἐπ’
3368 3108 3569 3164 αὐτῶν
3605 3109 3870 3179 ἄγγελον
3931 3108 4044 3175 τῆς

2459 3202 2760 3259 ἀϐύσσου.
2793 3204 2853 3256 '0
2887 3202 3119 3272 ἄγγελος
3142 3196 3318 3267 οὗτος,
3350 3202 3398 3254 εί
3432 3201 3523 3255 καί
3562 3218 3708 3253 τισιν
3747 3200 3895 3265 ἔδοξε
3946 3218 4044 3253 που

2461 3296 2626 3367 νηρδς
2653 3296 2864 3368 δαίμων
2898 3291 3069 3358 εἶναι,
3111 3295 3229 3350 ἀλλ’
3260 3296 3411 3365 ὅμως
3432 3295 3492 3348 οὐ
3521 3294 3725 3358 καλῶς.
3767 3294 3893 3357 Πῶς
3934 3295 4043 3364 γὰρ

2459 3386 2553 3439 τοῦ
2584 3386 2794 3458 Κυρίου
2820 3387 2918 3458 τὴν
2946 3387 3170 3441 κόλασιν
3198 3385 3291 3439 τοῦ
3325 3386 3500 3456 πυρὸς
3527 3384 3606 3456 τῷ
3634 3384 3872 3455 διαϐόλῳ
3898 3386 4037 3438 ἀποο

2460 3478 2778 3549 φηναμένου
2810 3478 2908 3534 καὶ
2944 3480 3058 3542 τοῖς
3090 3476 3349 3545 ἀγγέλοις
3378 3474 3566 3539 αὐτοῦ,
3614 3477 3678 3528 ἐκ
3708 3474 3918 3528 τούτων
3958 3491 4044 3536 τις

2457 3570 2568 3623 τῶν
2601 3572 2684 3634 είς
2720 3571 2945 3625 κόλασιν
2970 3568 3401 3640 ἀφωρισμένων,
3438 3566 3733 3637 βασιλικῆς
3770 3565 4037 3631 ἀξιωθείη

2456 3662 2745 3730 ἑξουσίαςς
2783 3664 2897 3717 Οὐκ
2926 3659 3020 3716 οῦν
3072 3659 3297 3731 πονηρῷ
3326 3659 3545 3729 ἀγγέλῳ
3576 3660 3609 3730 ή
3642 3658 3865 3725 ἐξουσία
3899 3658 4039 3728 βρα-

2457 3754 2721 3823 ϐευθείη,
2754 3754 3041 3830 ἐκείνῳηδὲ
3096 3753 3175 3824 τῷ
3226 3752 3565 3820 κατάλληλον
3613 3752 3715 3819 τὴν
3759 3750 4043 3805 διακονίαν

2460 3842 2987 3917 μεταχειριζομένῳ.
3036 3842 3112 3896 Οὐ
3149 3842 3259 3912 γὰρ
3307 3842 3512 3904 πάντες
3559 3841 3641 3903 είς
3686 3840 4043 3909 λειτουργικὰ

2456 3937 2749 4007 πνεύματα
2779 3938 2860 3999 είς
2910 3936 3188 3990 διακονίαν
3240 3935 3510 4004 σωτήριον
3551 3931 4039 4002 ἀποστελλόμενοι,

2456 4028 2598 4082 κατά
2626 4026 2717 4082 τὸν
2755 4026 3018 4100 είρηκότα
3050 4028 3192 4082 θεῖον
3222 4026 3455 4090 Παῦλον,
3488 4024 3628 4078 ἀλλά
3659 4025 3757 4078 καὶ
3792 4024 3934 4094 πρδς
3963 4040 4043 4075 τι-

770 4112 836 4166 ad
874 4112 1217 4167 inferendum
1253 4114 1584 4184 supplicium
1621 4133 1633 4170 :
1666 4114 2129 4185 quemadmodum
2164 4117 2209 4171 is
2258 4118 2351 4187 qui
2459 4121 2691 4193 μωρίαν,
2722 4121 2798 4185 ὡς
2823 4123 2852 4174 ό
2874 4121 2966 4173 τὸν
3005 4121 3258 4190 Ἀσσύριο

2459 4121 2691 4193 μωρίαν,
2722 4121 2798 4185 ὡς
2823 4123 2852 4174 ό
2874 4121 2966 4173 τὸν
3005 4121 3296 4190 Ἀσσύριον
3351 4118 3588 4190 στρατὸν
3620 4119 3759 4189 μετὰ
3788 4120 4038 4188 Σεναχη-

769 4206 1121 4277 Assyriorum
1167 4210 1465 4262 exercitum
1515 4218 1902 4280 congregatum
1966 4225 2090 4264 cum
2146 4209 2356 4265 Senna-
2460 4214 2587 4284 ρεὶμ
2633 4214 2726 4267 ἐπὶ
2796 4210 3152 4284 Ἰερουσαλὴμ
3195 4211 3258 4264 ἁθ

2460 4214 2587 4284 ρεὶμ
2633 4214 2726 4267 ἐπὶ
2796 4210 3152 4284 Ἰερουσαλὴμ
3195 4210 3557 4280 ἀθροισθέντα
3611 4208 3909 4278 ἀφανίσας,
3946 4208 4043 4261 καὶ

768 4301 962 4355 eherih
1005 4316 1172 4371 super
1218 4299 1522 4357 Jerusalem
1565 4303 1787 4366 delevit,
1822 4312 1878 4358 et
1922 4304 2017 4374 qui
2052 4318 2217 4373 super
2252 4302 2354 4358 So-
2453 4305 2562 4359 τῶν
2580 4305 2831 4374 Σοδόμων
2852 4305 2944 4357 τὸν
2969 4303 3234 4374 διάπυρον

2458 4305 2562 4359 τῶν
2580 4305 2831 4374 Σοδόμων
2852 4305 2944 4357 τὸν
2969 4303 3234 4374 διάπυρον
3258 4304 3480 4375 δλεθρον
3503 4303 3831 4373 ἐπιστήσας.
3862 4302 4043 4371 Ὅπερ

768 4393 930 4446 doma
956 4392 1190 4463 ignitum
1241 4394 1468 4450 immisit
1524 4394 1829 4450 interitum.
1860 4395 2018 4462 Quod
2056 4405 2239 4450 autem
2294 4396 2349 4451 in
2453 4397 2511 4451 δὲ
2543 4398 2637 4450 καὶ
2670 4394 3034 4467 προλαϐόντες
3051 4397 3258 4465 ἀπεσηι.

2458 4397 2511 4451 δὲ
2543 4398 2637 4450 καὶ
2670 4394 3034 4467 προλαϐόντες
3051 4393 3554 4465 ἀπεσημηνάμεθα,
3587 4394 3682 4448 καὶ
3710 4394 3808 4445 νῦν
3835 4410 4043 4463 φαμεν,

769 4487 1209 4555 praecedentibus
1238 4487 1694 4557 signiﬁcavimus,
1732 4490 1896 4543 etiam
1940 4504 2084 4543 nunc
2114 4489 2353 4544 dicimus
2454 4486 2531 4550 ὼς
2564 4484 2737 4540 ταῦτα
2789 4487 2837 4538 εί
2892 4485 2988 4538 καὶ
3025 4502 3257 4554 παρῳχη

2458 4486 2531 4550 ῶς
2564 4484 2737 4540 ταῦτα
2789 4487 2837 4538 εί
2892 4485 2988 4538 καλ⁵
3025 4485 3414 4554 παρῳχημένῳ
3463 4482 3879 4551 ἐξαγγέλλεται,
3926 4481 4044 4534 ἀλλ’

766 4579 917 4649 quod
977 4580 1093 4635 lucc
1139 4596 1456 4651 quanquam
1495 4582 1546 4635 iu
1600 4581 1878 4651 pneterito
1928 4582 2347 4647 annuutientur,
2382 4584 2426 4640 ι)
2454 4577 2549 4633 οῦν
2585 4578 2848 4648 μέλλοντα
2901 4576 3161 4630 νοεῖσθαι.
3221 4576 3258 4629 ‘l

2458 4577 2549 4633 οὖν
2585 4578 2848 4648 μέλλοντα
2901 4576 3161 4630 νοεῖσθαι.
3221 4574 3381 4629 Ἀλλά
3434 4575 3582 4627 δυοῖν
3632 4575 3795 4644 χάριν
3858 4572 4042 4637 τοῦτο,

766 4684 1005 4728 attamen
1041 4674 1109 4729 de
1143 4673 1329 4730 futuro
1367 4674 1748 4744 intelliguntur
1783 4692 1797 4728 :
1835 4689 2024 4728 verum
2078 4674 2130 4727 id
2178 4674 2353 4742 dupli-
2458 4671 2579 4742 ἦτοι
2617 4672 2691 4735 ὡς
2724 4671 2944 4735 πάντως
2976 4672 3258 4741 ἀπαρεμπ‹

2458 4671 2579 4742 ἦτοι
2617 4672 2691 4735 ὡς
2724 4671 2944 4735 πάντως
2976 4669 3479 4741 ἀπαρεμποδίστως
3524 4668 3827 4739 ἐσομένων,
3866 4666 3902 4738 ἢ
3949 4668 4045 4719 καὶ

766 4784 883 4821 cem
916 4768 987 4822 ob
1018 4783 1243 4822 causam
1281 4768 1360 4831 lit,
1402 4768 1517 4822 sive
1548 4767 1693 4838 quod
1750 4766 2062 4821 certissimo
2098 4764 2341 4821 futurum
2456 4765 2555 4819 τοῦ
2581 4766 3023 4838 χρηματίζοντος
3070 4764 3152 4835 τῷ
3185 4763 3258 4818 εὐι

2458 4765 2555 4819 τοῦ
2581 4766 3023 4838 χρηματίζοντος
3070 4764 3152 4835 τῷ
3185 4763 3552 4833 εὐαγγελιστῇ
3578 4762 3650 4815 τὰ
3694 4762 4045 4834 προκείμενα

766 4861 929 4913 situt
981 4860 1146 4925 ﬁant,
1186 4861 1331 4915 nulla
1383 4874 1440 4914 re
1496 4859 1949 4930 impedimentum
2005 4867 2299 4928 praestante
2332 4876 2346 4912 :
2460 4860 2603 4913 κατά
2634 4859 2698 4913 τὸ
2727 4858 2829 4929 τῆς
2868 4858 3258 4929 προφητείαςό

2460 4860 2603 4913 κατά
2634 4859 2698 4913 τὸ
2727 4858 2829 4929 τῆς
2868 4858 3209 4929 προφητείας
3238 4855 3459 4926 ἀξίωμα
3493 4855 3952 4927 περιπατοῦντος.

766 4955 1057 5010 autetiam
1093 4954 1237 5023 quod
1271 4954 1317 5008 is
1346 4951 1437 5021 qui
1472 4953 1821 5011 evangelista:
1871 4967 1934 5006 ea
1990 4951 2240 5006 tradebat
2294 4952 2520 5010 oracula
2561 4951 2630 5007 de
2700 4951 2905 5023 quibus
2958 4966 3107 5006 nunc
3157 4962 3496 5016 tractamus,
3539 4948 3696 5020 juxta
3762 4947 4043 5018 propheta

766 5048 1085 5117 dignitatem
1117 5048 1395 5117 procedat.

839 5137 940 5193 Cui
964 5153 1153 5191 nomen
1202 5134 1458 5189 llebraice
1488 5135 1765 5189 Abbadon.
1808 5132 2016 5188 Nomen
2069 5132 2347 5187 llebraieze

765 5232 965 5299 lingua:
993 5229 1063 5283 ah
1100 5229 1248 5283 exitu
1276 5237 1552 5298 sumptum
1587 5240 1691 5293 est,
1728 5228 1874 5283 sicut
1910 5242 1974 5281 ex
2008 5228 2198 5282 Graeco
2233 5243 2348 5280 ma-

766 5322 1027 5376 nifestum
1059 5332 1167 5373 est.
1209 5320 1348 5386 Quid
1381 5321 1528 5374 enim
1564 5320 1710 5374 aliud
1739 5319 2011 5380 signiﬁcat
2053 5319 2345 5389 Apollyou,

764 5428 929 5482 quam
962 5411 1195 5483 perdens
1227 5413 1310 5466 vel
1338 5410 1739 5481 corrumpens?

1225 5504 1388 5576 73o
1409 5503 1638 5560 CAPUT
1673 5502 1884 5559 xxvn.

768 5601 841 5653 lle
879 5608 1025 5653 sexto
1078 5599 1260 5667 angelo
1302 5614 1321 5652 :
1358 5604 1409 5651 et
1460 5600 1652 5652 solutio
1700 5595 2010 5668 angelorum
2060 5600 2150 5669 qui
2191 5614 2348 5668 super

1173 5669 1495 5732 Euphratem
1526 5670 1738 5741 alligati
1765 5681 1937 5724 erant.

834 5757 927 5824 IX,
964 5759 1152 5813 12-16.
1207 5757 1294 5813 Vm
1324 5775 1490 5814 unum
1519 5760 1670 5827 abiit,
1702 5770 1750 5815 et
1790 5778 1903 5816 ecce
1931 5761 2143 5817 veniunt
2172 5761 2344 5815 adhuc

834 5898 947 5970 (51)
989 5896 1354 5969 βεϐαιότερον,
1381 5900 1467 5953 ed.

2529 5133 2751 5201 Ὀνομα
2783 5129 2945 5197 αὐτῷ
3008 5129 3308 5199 Ἐϐραϊστί
3360 5129 3679 5185 Ἀϐϐοδών.
3733 5129 3809 5182 Τὸ
3866 5131 4041 5201 ὄνομα

2455 5225 2551 5280 τοῦ
2593 5224 2886 5297 Ἐϐραῖκοῦ
2935 5225 3047 5279 ἀπὸ
3104 5226 3204 5296 τῆς
3245 5224 3530 5287 ἐκϐάσεως
3582 5224 3920 5287 πέπλασται,
3965 5226 4042 5289 ὡς

2456 5318 2620 5388 δῆλον
2650 5317 2758 5370 ἀπὸ
2783 5317 2879 5370 τοῦ
2916 5316 3255 5387 Ἑλληνικοῦ.
3312 5314 3625 5369 Ἀπολλύων
3676 5314 3809 5386 γὰρ,
3836 5316 3891 5369 τί
3923 5317 4039 5370 ἔτει

2460 5427 2552 5481 ρον
2588 5409 2621 5479 ἢ
2654 5409 2715 5463 τὸ
2737 5409 3051 5481 διαφθεῖρον
3076 5408 3336 5477 σημαίνει
3362 5426 3377 5471 ς

3044 5502 3298 5556 ΚΕΦΑΛ.
3331 5498 3459 5555 ΚΖ’.

2455 5597 2595 5667 Περὶ
2624 5593 2731 5650 τοῦ
2752 5594 2931 5650 ἕκτου
2949 5594 3358 5667 ἀγγέλουηκοί
3379 5592 3499 5667 τῷν
3521 5593 3622 5647 ἐπι
3649 5592 3728 5660 τῷ
3759 5594 4045 5663 Εὐφράτῃ

2771 5665 3084 5735 λυομένων
3113 5664 3387 5735 ἀγγέλων
3416 5665 3721 5731 eameam.

2538 5761 2599 5820 Ἠ
2631 5760 2763 5817 οὐαί
2792 5761 2831 5831 ἠ
2854 5760 2961 5831 μία
2985 5756 3264 5825 ἀπῆλθεν
3286 5774 3299 5790 ο
3341 5757 3474 5813 ίδοὺ
3508 5757 3788 5829 ἔρχονται
3813 5760 3899 5815 ἔτι
3928 5758 4046 5813 δύο
