4256 6440
282 388 393 452 δφε

1344 378 1732 442 ΟΣΠῺΕΝΤ.
1775 377 1853 436 17‘.
1908 373 2406 435 APOCIuJ’P‘SLfI

3431 377 3538 440 G30

279 500 419 551 οὐαὶ
447 509 594 565 μετα
617 494 815 550 ταῦτα
847 493 952 548 Ife!
996 496 1021 547 5
1054 494 1224 558 ειμι-ς
1251 494 1504 562 ἅγγελος
1529 489 1850 548 σῖιίλπισε,
1884 493 1930 544 Α
1954 513 1960 534 ι

1884 485 2060 544 Adeo
2108 499 2184 536 vt:
2213 493 2326 550 post
2363 485 2490 536 .ἰ.ι·”.
2561 481 2618 534 E:
2669 496 2849 534 ε-ιειιιε
2891 481 3110 552 angelus
3153 482 3282 536 tuba
3333 491 3539 541 cecinit.

281 589 383 641 οῖσι
419 587 485 655 θέλ
499 605 655 642 ovo-1
683 586 894 656 εεωνὴν
927 586 1075 655 μίαν
1101 585 1167 639 ἐκ
1197 584 1316 639 τῶν
1343 603 1434 637 ταῖς
1452 583 1655 648 σάριννν
1693 578 1862 647 κερὰ·

281 699 404 734 των
427 681 532 735 τοῦ
583 682 1020 748 θυσιαστηρίου
1053 680 1159 734 τοῦ
1195 679 1430 748 χρυσοῦ
1470 677 1575 729 τοῦ
1603 674 1854 728 animo;

282 775 392 829 τοῦ
414 776 582 838 Θεοῦ,
613 776 901 844 λέγοντος
926 775 1006 842 τῷ
1032 775 1183 842 ἕκτῳ
1209 774 1462 844 ἀγγέλῳ,
1498 774 1556 838 ὃς
1603 768 1724 840 εἶχε
1747 771 1863 838 τὴν

281 867 622 936 σάλπιγγα·
650 869 857 923 Λῦσον
889 868 1030 934 τοὺς
1062 867 1366 934 τέσσαρας
1391 866 1689 935 ἀγγέλους
1718 853 1861 924 rbi":

281 961 648 1030 δεδεμένους
679 963 776 1015 ἐπὶ
807 962 886 1027 τῷ
918 962 1159 1029 ποταμῷ
1187 959 1266 1026 τῷ
1285 960 1528 1030 μεγάλῳ
1555 961 1855 1031 Εὐφράτῃ.

282 1056 395 1107 Καὶ
445 1056 757 1120 ἐλύθησαν
792 1057 844 1107 οἱ
881 1057 1176 1123 τέσσαρες
1213 1054 1456 1122 ἄγγελοι
1509 1056 1565 1107 οὶ
1624 1054 1862 1121 ἡτοιμα-

284 1145 498 1212 σμένοι
523 1148 609 1210 εἰς
630 1145 743 1212 τὴν
762 1144 920 1212 ὤραν
937 1145 1032 1199 καί
1060 1148 1145 1212 εὶς
1173 1147 1288 1212 τὴν
1309 1145 1556 1215 ἡμέραν,
1581 1144 1677 1197 καί
1696 1144 1864 1214 μῆνα

284 1238 385 1290 καὶ
425 1237 726 1302 ἐνιαυτὸν,
793 1240 892 1292 ἵνα
939 1239 1340 1293 ἀποκτείνωσι
1391 1239 1457 1292 τὸ
1500 1240 1702 1307 τρίτον
1741 1237 1862 1292 τῶν

281 1328 629 1395 ἀνθρώπων.
658 1329 765 1383 Καὶ
795 1333 826 1383 ci
853 1330 1095 1396 ἀριθμὸς
1130 1329 1246 1382 τῶν
1270 1328 1732 1397 στρατευμάτων
1755 1327 1862 1382 τοῦ

282 1419 557 1484 ιππικοῦ,
613 1420 723 1474 δύο
775 1420 1061 1489 μυριάδες
1101 1420 1438 1491 μυριάδων·
1479 1420 1577 1476 καὶ
1624 1419 1864 1488 ἤκουσα

285 1508 396 1561 τὸν
415 1509 665 1579 ἀριθμὸν
692 1509 915 1564 αὐτῶν.

358 1599 434 1651 Τὸ
462 1600 597 1653 οὐαὶ
621 1599 908 1674 ἐπίρρημα
937 1601 1054 1654 ἐστι
1081 1600 1490 1671 σχετλιαστικόν
1510 1616 1524 1630 ·
1562 1601 1760 1671 σχέτλη
1806 1602 1861 1656 δὲ

281 1695 346 1743 τὸ
375 1694 571 1763 ὀδύνην
623 1695 883 1764 ὲπιφέρον
919 1694 1188 1748 καλεῖται.
1254 1695 1522 1766 Ἀπῆλθεν
1572 1693 1664 1749 οὖν
1709 1698 1771 1750 ού
1802 1696 1863 1748 τὸ

280 1787 592 1858 ὲπίρῥημα.
619 1788 743 1850 Πῶς
764 1789 874 1858 γὰρ
894 1789 953 1842 τὸ
988 1788 1131 1842 κατὰ
1149 1789 1518 1862 συμϐεϐηκὸς,
1545 1791 1637 1842 καὶ
1656 1792 1715 1843 ού
1740 1789 1862 1844 καθ’

1966 575 2034 629 E:
2067 576 2246 629 audivi
2281 591 2449 628 vorem
2486 592 2645 628 unam
2692 590 2757 628 ea:
2791 582 3020 644 quatuor
3067 575 3314 630 cornibus
3353 580 3542 632 altaris

1963 670 2131 733 aurei,
2162 666 2300 736 quod
2329 678 2444 720 erat
2485 677 2602 720 ante
2641 666 2830 728 Deum,
2854 666 3109 719 dicentem
3155 677 3305 722 sexto
3353 672 3543 736 angelo

1963 761 2053 828 qui
2096 760 2320 812 habebat
2357 756 2580 810 tubam:
2616 756 2771 811 Solve
2821 765 3053 827 quatuor
3102 761 3317 828 angelos
3356 761 3447 829 qui
3477 761 3545 812 li-

1964 854 2074 923 gati
2101 863 2222 908 sunt
2255 869 2414 919 super
2458 853 2652 921 ﬂumen
2683 869 2931 922 magnum
2958 852 3303 922 Euphratem.
3345 853 3414 907 Et
3456 873 3545 908 so-

1966 946 2063 998 luti
2105 956 2223 999 sunt
2258 957 2487 1015 quatuor
2527 944 2719 1013 angeli,
2749 946 2839 1014 qui
2874 945 3050 1013 parati
3083 953 3234 998 erant
3271 945 3326 998 in
3357 943 3545 998 horam

1962 1049 2011 1092 et
2040 1040 2179 1092 diem
2226 1052 2274 1093 et
2317 1056 2542 1094 mensem
2573 1048 2622 1092 et
2663 1055 2884 1099 annum.
2915 1049 2971 1092 ut
3003 1039 3299 1093 occiderent
3336 1039 3546 1092 tertiam

1964 1142 2168 1201 partem
2227 1132 2513 1186 hominum.
2571 1129 2640 1184 Et
2688 1145 2935 1185 numerus
2981 1132 3237 1202 equestris
3283 1131 3546 1186 exercitus

1964 1225 2121 1278 vicies
2169 1223 2358 1278 millies
2408 1225 2584 1278 decem
2648 1223 2822 1278 millia
2861 1239 2881 1278 :
2912 1232 2963 1278 et
3025 1224 3205 1278 audivi
3265 1239 3546 1279 numerum

1963 1333 2164 1370 eorum.

2047 1583 2135 1638 Va:
2160 1585 2477 1640 adverbium
2507 1594 2591 1640 est
2619 1586 2855 1641 miseriae
2899 1585 3285 1653 indicativum,
3324 1583 3550 1642 miseria

1966 1686 2148 1730 autem
2206 1687 2438 1732 vocatur
2488 1677 2632 1747 quod
2687 1677 2845 1734 all‘ert
2906 1678 3172 1734 dolorem.
3245 1676 3364 1732 Non
3416 1693 3550 1746 ergo

1968 1768 2283 1824 adverbium
2317 1771 2453 1825 abiit
2493 1788 2506 1824 :
2545 1771 2821 1839 quomodo
2850 1772 2998 1826 enim
3048 1771 3195 1840 quod
3230 1769 3552 1840 contingen-

281 1848 582 1932 ὑπέστασιν
637 1848 903 1953 ὕπαρχον,
949 1881 1064 1936 ἀλλ’
1095 1848 1311 1952 ἆμιίτῇ
1601 1883 1862 1950 ἀφανιζὸ-
1894 1848 1937 1904 Β

1894 1848 1937 1904 Β
1970 1872 2050 1916 ter
2079 1864 2298 1926 aecidit,
2347 1874 2401 1918 et
2450 1879 2558 1916 non
2610 1864 2773 1918 habet
2819 1864 3209 1928 substantiam,
3251 1862 3348 1918 sed
3384 1862 3549 1917 simul

284 1988 470 2039 μενον,
508 1971 735 2041 πρόοδον
782 1973 973 2042 σχοίη;
1019 1972 1159 2027 Ἀλλ’
1197 1973 1425 2026 ἐκείνων
1480 1975 1863 2044 παρελθόντων

280 2060 392 2112 τῶν
425 2062 701 2132 ὀδυνηρῶν
738 2062 805 2115 δι’
845 2063 881 2116 ἃ
929 2064 1026 2116 καὶ
1082 2065 1142 2117 τὸ
1198 2063 1439 2118 τοιοῦτον
1481 2063 1864 2136 προσφώνημα

280 2157 516 2224 γίνεται,
552 2157 726 2210 καὶτὸ
758 2157 894 2211 οὐαὶ
917 2158 1142 2223 εἰκότως
1177 2157 1369 2230 ἐλέχθη
1405 2159 1685 2213 ἀπελθεῖν.

357 2329 460 2381 Καὶ
528 2328 772 2396 ἥκουσα
821 2331 1032 2399 φωνὴν
1070 2333 1218 2400 μίαν
1256 2334 1324 2386 ἐκ
1382 2332 1500 2386 τῶν
1549 2335 1864 2404 τεσσάρων

283 2422 571 2489 κεράτων.
617 2423 713 2476 Ἐκ
737 2423 845 2476 τῶν
875 2425 1159 2495 τεσσάρων
1195 2425 1442 2496 κεράτων
1474 2429 1506 2497 ἡ
1534 2431 1709 2497 φωνὴ,
1754 2429 1864 2481 τῶν

284 2513 518 2580 ἐχόντων
553 2513 612 2565 τὸ
645 2514 1055 2586 θυσιαστήριον,
1088 2515 1122 2568 ἃ.
1158 2516 1366 2586 κέρατα
1418 2517 1516 2580 τὰς
1540 2517 1866 2586 περιϐεϐληο

287 2609 456 2675 μένας
511 2607 659 2670 Θείας
703 2609 960 2677 δυνάμεις
999 2610 1313 2663 ἀκουστέον.
1351 2611 1508 2663 Ἤτοι
1535 2610 1628 2664 τοῦ
1672 2611 1860 2665 Θυσια-

287 2699 514 2767 στηρίου
563 2701 1024 2770 ἀπαρτιζομένου,
1066 2704 1122 2754 ἐν
1161 2696 1205 2770 ᾧ
1256 2703 1324 2755 τὰ
1366 2702 1584 2772 θύματα
1618 2705 1755 2774 πυρὶ
1787 2707 1864 2776 τῷ

283 2793 405 2861 Θεῴ
456 2792 796 2861 καθήπτετο,
843 2794 1190 2865 καθεκὰστην
1254 2796 1457 2863 γωνίαν
1518 2797 1866 2868 κερατοειδὴς

283 2884 445 2955 ἐξοχὴ
502 2888 917 2958 συνεστήρικται
959 2889 1255 2954 συνέξουσα
1306 2890 1405 2953 τὰς
1459 2889 1671 2960 σχίζας,
1705 2887 1794 2954 αἶς
1835 2893 1864 2943 ὁ

286 2980 472 3047 βωμὸς
504 2980 880 3050 ἀναπτόμενος
925 2984 1038 3045 τοῖς
1092 2981 1320 3050 θύμασι.
1358 2984 1418 3033 τὸ
1454 2983 1865 3055 καλλιερεῖσθαι

286 3073 576 3141 παρεῖχεν,
625 3071 682 3139 ἐξ
723 3065 783 3126 οὗ
836 3073 929 3124 καὶ
991 3072 1070 3143 τῷ
1127 3073 1238 3125 ἄνω
1300 3074 1698 3146 θυσιαστηρίῳ,
1748 3079 1867 3131 κατ’

285 3165 493 3225 εἰκόνα,
530 3163 593 3215 τὸ
645 3165 798 3216 κάτω
837 3165 929 3215 καὶ
959 3164 1062 3216 ὑπὸ
1102 3165 1344 3227 Μωσέως
1397 3167 1454 3217 ἐν
1502 3166 1579 3236 τῷ
1623 3168 1751 3238 Σινᾷ
1789 3169 1866 3221 δι·
1891 3194 1937 3257 C

287 3255 567 3308 ετάττετο.
585 3255 680 3307 Διὸ
713 3257 807 3307 καὶ
837 3257 865 3308 ὁ
889 3257 1247 3325 χρηματίζων
1271 3257 1437 3327 αὐτῷ,
1468 3278 1484 3310 ι
1517 3259 1686 3330 ’Ὀρα,
1709 3263 1866 3331 φησὶ,

286 3351 536 3420 ποιήσεις
568 3349 747 3402 πάντα
788 3351 930 3401 κατὰ
954 3348 1046 3400 τὸν
1074 3348 1247 3401 τύπον
1268 3350 1361 3403 τὸν
1390 3351 1671 3420 δειχθέντα
1696 3373 1779 3408 σοι
1809 3359 1868 3409 ὲν

283 3440 364 3511 τῷ
389 3439 527 3509 ὄρει.
571 3458 590 3492 ι
619 3439 731 3503 Τὰς
762 3439 953 3508 ἐξοχὰς
999 3439 1063 3510 δὴ
1101 3439 1326 3503 ταύτας,
1360 3443 1426 3505 ἃς
1485 3446 1677 3515 νοερὰς
1711 3447 1870 3502 δυνά-

290 3550 415 3602 μεις
445 3532 774 3602 εἰρήκαμεν,
824 3534 1075 3601 συνέχειν
1113 3533 1264 3596 εἰκὸς
1292 3534 1354 3587 τὸ
1399 3536 1727 3606 ὑπερούσιον
1777 3542 1870 3593 καὶ

287 3627 606 3696 ἀνθρωπίνῃ
635 3625 793 3694 φύσει
819 3625 1117 3694 ἀπρόσιτον
1160 3627 1379 3698 μύημα,
1433 3629 1528 3681 τοῦ
1564 3632 1702 3701 μήτε
1740 3649 1871 3702 προ.

288 3719 489 3787 χείρως
535 3721 646 3781 τοῖς
705 3718 823 3788 μετ’
865 3719 1043 3772 ἐκεῖνο
1096 3719 1196 3790 τὴν
1248 3722 1411 3789 φύσιν
1463 3719 1602 3776 εἶναι
1639 3725 1866 3794 ληπτὸν,

293 3807 434 3874 μήτε
475 3806 570 3868 τὰς
597 3805 822 3874 λογικὰς
853 3807 1042 3872 Θυσίας
1079 3813 1498 3881 προσαγομένας
1527 3816 1676 3886 αύτῷ
1697 3817 1772 3880 ὡς
1803 3818 1870 3871 ἂν

289 3898 446 3966 τύχοι
482 3898 951 3969 διαρρυϊσκεσθαι.
988 3904 1346 3974 Τετράγωνον
1377 3906 1432 3959 δὲ
1463 3912 1523 3960 τὸ
1549 3911 1735 3980 σχῆμα
1774 3910 1868 3965 τοῦ

292 3992 702 4064 θυσιαστηρίου,
743 3994 1125 4065 ίσοσχημάτως
1157 3996 1234 4068 τῷ
1274 4005 1644 4072 τετραστοίχῳ
1679 4005 1870 4075 κόσμῳ

288 4081 490 4150 τούτῳ,
520 4083 614 4150 ἀφ’
644 4076 706 4136 οὗ
742 4083 838 4138 καὶ
869 4087 932 4139 ἐκ
965 4088 1168 4150 παντὸς
1193 4088 1359 4142 αὐτού
1397 4093 1597 4162 μέρους
1624 4097 1679 4148 αἰ
1720 4096 1872 4164 λογι-

293 4176 389 4227 καὶ
443 4174 626 4229 θυσίαι
679 4177 950 4249 καθαραὶ,
995 4180 1138 4234 κατὰ
1194 4181 1286 4234 τὸν
1336 4188 1644 4257 «poem-qv,
1700 4206 1862 4259 πρησ..

293 4266 546 4336 άγονται.

368 4447 576 4502 Λῦσον
629 4448 771 4514 τοὺς
816 4450 1119 4518 τέσσαρας
1159 4453 1474 4521 ἀγγέλους.
1531 4457 1768 4521 Τούτους
1823 4466 1870 4512 οι

1965 1975 2089 2014 cum
2133 1975 2234 2015 suo
2288 1969 2413 2014 ortu
2471 1961 2866 2028 corrumpitur,
2933 1975 3281 2030 progressum
3344 1959 3551 2014 habere

1966 2053 2186 2122 posset?
2218 2052 2323 2108 Sed
2349 2053 2765 2108 transeuntibus
2792 2053 2900 2108 illis
2922 2068 3047 2122 quas
3068 2053 3260 2107 dolore
3285 2050 3550 2110 alliciunt.

1967 2156 2185 2216 propter
2212 2162 2334 2217 qua:
2363 2147 2489 2201 data
2518 2155 2603 2201 est
2642 2145 2959 2214 hujusmodi
2994 2144 3312 2217 appellatio,
3349 2143 3550 2200 merito

1965 2255 2185 2310 quoque
2210 2256 2288 2294 vae
2315 2240 2524 2295 dictum
2557 2249 2643 2293 est
2671 2238 2958 2294 transisse.

2040 2332 2108 2386 Et
2138 2334 2316 2387 audivi
2347 2349 2519 2387 vocem
2550 2348 2712 2386 unam
2761 2333 2824 2386 de
2853 2341 3084 2402 quatuor
3111 2331 3381 2389 cornibus.
3414 2330 3554 2386 Pro-

1967 2425 2195 2480 ccdebat
2244 2440 2344 2480 vox
2388 2426 2456 2480 de
2515 2435 2755 2496 quatuor
2803 2424 3067 2480 cornibus
3097 2440 3222 2496 qua:
3272 2424 3554 2480 habebant

1966 2518 2136 2572 altare
2169 2533 2180 2568 :
2209 2534 2330 2589 qua:
2370 2534 2578 2572 cornua
2631 2518 2980 2587 intelligenda
3016 2527 3148 2574 sunt.
3197 2532 3322 2572 esse
3353 2516 3553 2571 divina:

1967 2610 2195 2666 virtutes
2220 2611 2486 2681 stipantes
2515 2628 2529 2664 :
2562 2620 2657 2666 aut
2689 2611 2834 2681 quod
2878 2610 3116 2680 perfecto
3147 2610 3306 2664 altari
3337 2610 3392 2664 in
3441 2625 3555 2679 quo

1967 2703 2197 2758 victima
2245 2702 2354 2757 Deo
2401 2705 2526 2773 igne
2573 2703 3039 2769 accendebantur,
3074 2702 3143 2757 ad
3170 2702 3418 2772 singulos
3465 2718 3558 2755 ano

1969 2794 2126 2865 gulos
2184 2810 2309 2865 pars
2353 2796 2604 2849 eminens
2650 2797 2703 2849 in
2751 2795 2990 2864 speciem
3036 2810 3209 2849 cornu
3255 2795 3553 2848 constituta

1968 2897 2120 2952 erat,
2171 2904 2291 2959 quae
2340 2888 2573 2944 lissuras
2624 2888 2966 2952 contineret,
3024 2887 3231 2957 quibus
3289 2886 3559 2956 praeberet

1968 2982 2139 3035 altare
2187 2991 2247 3036 ut
2289 2982 2542 3036 accensis
2575 2981 2822 3036 victimis
2883 2995 3051 3050 super
3101 2979 3235 3033 illud
3286 2979 3553 3032 litaretur.

1972 3071 2126 3129 Unde
2158 3073 2326 3145 Moysi
2349 3089 2570 3144 quoque
2599 3083 2928 3143 praeceptum
2963 3072 3067 3128 fuit
3095 3073 3149 3126 in
3183 3081 3370 3126 monte
3399 3070 3554 3134 Sina,

1969 3175 2029 3220 ut
2062 3165 2291 3221 inferius
2322 3166 2529 3220 laceret
2571 3167 2638 3219 ad
2685 3165 3103 3219 similitudinem
3141 3163 3448 3232 superioris
3475 3164 3559 3217 al-

1978 3258 2129 3312 taris.
2175 3259 2266 3312 Ait
2312 3260 2456 3312 enim
2492 3258 2586 3328 qui
2617 3258 2718 3328 ipsi
2747 3258 2915 3312 dabat
2948 3257 3168 3312 oracula
3206 3274 3220 3310 :
3258 3276 3278 3309 ι
3321 3255 3457 3311 Vide
3500 3264 3559 3310 ut

1977 3352 2158 3406 omnia
2197 3351 2366 3407 facias
2406 3352 2558 3420 juxta
2596 3360 2783 3422 typum
2824 3351 2917 3421 qui
2951 3352 3048 3407 tibi
3090 3360 3433 3406 monstratus
3471 3361 3559 3406 est

1977 3445 2030 3499 in
2065 3455 2247 3500 monte
2269 3446 2336 3499 ⁸⁸.
2376 3465 2395 3498 ι
2434 3443 2544 3500 Has
2594 3459 2725 3500 sane
2757 3445 3062 3500 eminentes
3097 3453 3278 3512 partes
3308 3458 3447 3514 quas
3477 3444 3557 3496 in-

1978 3535 2309 3590 tellectuales
2343 3537 2570 3590 virtutes
2595 3549 2718 3590 esse
2746 3535 3010 3599 diximus,
3051 3535 3211 3605 731
3253 3534 3555 3590 verisimile

1976 3637 2061 3682 est
2084 3628 2365 3681 continere
2413 3627 2998 3697 supersubstantialem
3052 3640 3104 3682 et
3167 3628 3418 3681 humana:
3452 3642 3554 3681 na-

1977 3731 2114 3775 turae
2155 3721 2494 3774 inaccessum
2527 3720 2845 3791 mysterium
2885 3722 3010 3776 :sic
3054 3729 3114 3774 ut
3164 3734 3344 3790 neque
3396 3718 3556 3774 facile

1977 3813 2050 3868 sit
2070 3814 2223 3882 juxta
2256 3822 2507 3867 naturam
2538 3812 3030 3882 comprehensibile
3057 3813 3126 3868 ab
3175 3813 3258 3867 his
3298 3813 3390 3882 qui
3422 3812 3552 3868 illud

1977 3910 2303 3970 sequuntur.
2333 3917 2508 3970 neque
2539 3903 2834 3956 rationales
2861 3902 3070 3958 hostias
3099 3903 3153 3957 in
3183 3903 3301 3971 ipso
3334 3903 3550 3958 oblatas

1979 4001 2182 4046 temere
2204 3991 2468 4047 dililuere.
2501 3993 2601 4047 Est
2631 4006 2812 4047 autem
2849 3995 3037 4048 altaris
3066 3995 3237 4064 ligura
3271 3996 3553 4064 quadran-

1978 4085 2218 4155 gularis,
2256 4085 2451 4154 aequali
2506 4085 2675 4154 ﬁgura
2735 4100 2860 4140 cum
2900 4086 3006 4141 hoc
3059 4087 3263 4142 mundo
3316 4096 3557 4158 quatuor

1979 4177 2201 4232 ordines
2234 4177 2487 4232 habente.
2525 4175 2679 4234 Unde
2707 4177 2872 4233 etiam
2920 4193 2986 4233 ex
3024 4179 3178 4234 omni
3206 4179 3378 4249 ipsius
3402 4188 3557 4249 parte

1980 4271 2272 4326 rationales
2345 4271 2540 4326 hostia
2601 4286 2751 4341 pura:
2811 4271 2966 4343 juxta
3033 4273 3357 4343 prophetam
3419 4271 3556 4328 οπο-

1979 4372 2196 4417 runtur.

2053 4455 2205 4509 Solve
2251 4467 2476 4525 quatuor
2518 4457 2752 4526 angelos.
2788 4458 2901 4514 Hos
2947 4459 3173 4529 angelos
3230 4472 3396 4528 super
3437 4474 3558 4512 ma-

297 4541 402 4611 μὲν
433 4540 609 4602 θείους
629 4527 947 4610 ’παρέθεντο
991 4544 1070 4613 τῷ
1122 4545 1353 4616 ποταμῷ
1380 4547 1456 4617 τῷ
1492 4551 1715 4622 μεγάλῳ
1768 4554 1871 4606 Εύ-
1906 4556 1947 4610 D
1976 4574 1978 4610 ς

1906 4556 1947 4610 ι)
1976 4563 2141 4618 gnum
2173 4547 2376 4602 ﬂumen
2407 4550 2661 4620 alligatos
2695 4550 2914 4620 quidam
2943 4527 3163 4606 divinos
3187 4565 3314 4606 esse
3343 4551 3554 4616 dicunt,

295 4635 480 4705 φρατῃ
535 4634 876 4704 δεδεμένους,
919 4637 1082 4691 οἱονεὶ
1124 4641 1632 4711 προσλιπαροῦντας
1679 4648 1772 4700 καὶ
1804 4650 1872 4718 τῇ

297 4726 428 4795 περὶ
493 4725 654 4777 αὑτὸν
713 4727 1215 4797 ὲνασχολουμένους
1268 4730 1364 4782 καὶ
1411 4733 1873 4806 εὐφραινομένους

295 4817 464 4886 νοητῇ
508 4815 746 4886 θεωρίᾳ·
791 4813 930 4869 εἶναι
993 4818 1103 4888 γὰρ
1171 4821 1364 4874 τοῦτον
1405 4824 1569 4877 Θεόνο
1617 4829 1748 4898 περὶ
1812 4825 1874 4884 οὗ

307 4909 540 4972 Ἡσαΐας
570 4909 670 4979 μὲν
710 4909 908 4977 φάσκει
935 4910 1010 4973 ὡς
1044 4911 1103 4976 ἐξ
1128 4912 1297 4965 αὐτοῦ
1321 4914 1416 4968 τοῦ
1448 4916 1584 4970 Θεοῦ
1613 4935 1629 4952 ο
1672 4939 1690 4971 ι
1740 4923 1873 4977 Ἰδοὺ

295 5001 412 5068 ἐγὼ
443 4999 676 5052 ὲκκλίνω
732 5003 810 5064 είς
841 5002 1041 5065 αὐτοὺς
1075 5003 1149 5066 ὡς
1202 5007 1449 5075 ποταμὸς
1488 5010 1733 5082 εἰρήνης,
1778 5015 1876 5067 καὶ

295 5090 373 5152 ὼς
401 5091 738 5161 χειμάρρους
758 5091 1070 5155 ἐπικλύζων
1083 5093 1242 5157 δόξαν
1263 5096 1433 5149 ἐθνῶν
1463 5115 1473 5125 ·
1513 5118 1530 5150 ›
1568 5101 1662 5152 καὶ
1686 5102 1872 5167 Δαυῒδ,

304 5204 322 5236 ι
364 5183 471 5235 Τοῦ
508 5186 747 5254 ποταμοῦ
776 5187 842 5238 τα
869 5188 1173 5258 ὁρμήματα
1200 5189 1557 5257 εὐφραίνουσι
1595 5194 1693 5261 τὴν
1720 5195 1874 5248 πόλιν

299 5275 396 5329 τοῦ
436 5275 595 5328 θεοῦ.
639 5294 657 5326 ι
705 5274 857 5329 Εἶναι
911 5279 969 5331 δὲ
1012 5281 1138 5342 τοὺς
1173 5281 1446 5350 τέσσαρας
1491 5285 1758 5352 ἀγγέλους
1787 5288 1877 5340 τὸν

299 5367 458 5437 παρὰ
485 5367 575 5417 τὸν
605 5367 826 5436 Δανιὴλ,
862 5370 1105 5439 Μιχαὴλ,
1132 5371 1372 5442 Γαϐριὴλ
1406 5377 1556 5444 παρὰ
1605 5376 1681 5445 τῷ
1726 5377 1878 5430 Ματ-

299 5459 464 5528 θαίῳ,
511 5459 754 5528 Ῥαφαὴλ
772 5460 922 5529 παρὰ
942 5461 1019 5530 τῷ
1047 5463 1396 5532 Μαρδοχαίῳ,
1422 5467 1516 5516 καὶ
1540 5466 1631 5518 τὸν
1649 5467 1720 5519 Ού
1732 5468 1875 5537 ριήλ.

313 5549 682 5619 Ἀπολυθῆναι
714 5551 769 5604 δὲ
819 5553 1017 5616 αὐτοὺς
1050 5553 1152 5623 τῆς
1203 5555 1464 5626 τοιαύτης
1515 5559 1669 5621 θείας
1711 5564 1875 5629 ἀσχο-

298 5643 423 5707 λίας
484 5643 564 5706 εἰς
618 5642 717 5695 οὐκ
777 5645 1093 5715 ἅπᾲδουσαν
1143 5646 1488 5717 λειτουργίαν
1540 5651 1639 5720 τῆς
1673 5669 1731 5704 τε
1782 5653 1877 5704 τοῦ

1976 4650 2234 4708 tanquam
2267 4641 2488 4696 assidue
2527 4643 2597 4696 ibi
2627 4644 2904 4713 degentes,
2940 4653 2994 4698 et
3025 4643 3298 4714 spirituali
3320 4653 3561 4699 contem-

1977 4732 2218 4802 platioue
2265 4733 2411 4788 circa
2466 4734 2595 4789 illud
2629 4745 2930 4805 occupatos
2952 4745 3007 4789 et
3040 4735 3344 4791 delectatos
3387 4749 3556 4790 :nam

1978 4826 2110 4881 illud
2144 4827 2310 4881 Deum
2340 4842 2463 4883 esse
2486 4829 2681 4883 dicunt
2713 4846 2728 4882 :
2754 4828 2820 4882 de
2847 4843 2957 4898 quo
2981 4828 3149 4884 Isaias
3176 4828 3396 4898 quidem
3426 4827 3557 4882 dicit

1978 4929 2234 4988 tanquam
2256 4934 2319 4973 ex
2349 4935 2581 4989 persona
2614 4921 2786 4990 ipsius
2816 4920 2911 4975 Dci
2946 4938 2958 4972 :
2992 4938 3010 4972 ι
3052 4919 3191 4975 Ecce
3215 4935 3318 4990 ego
3341 4919 3558 4974 declino

1979 5013 2045 5068 ad
2075 5013 2222 5082 ipsos
2253 5023 2509 5082 tanquam
2533 5014 2734 5070 ﬂuvius
2767 5014 2940 5083 pacis,
2969 5023 3022 5068 et
3051 5023 3311 5082 tanquam
3341 5021 3557 5067 torrens

1981 5104 2254 5158 inundans
2283 5104 2511 5174 gloriam
2552 5107 2797 5175 gentium
2817 5106 2860 5136 "
2904 5125 2924 5159 ι
2955 5113 3009 5160 et
3047 5105 3252 5160 David:
3290 5122 3309 5156 ι
3348 5103 3558 5157 Flumi-

1982 5195 2068 5249 nis
2111 5197 2347 5265 impctus
2401 5196 2677 5252 laetilicant
2721 5198 2996 5253 civitatem
3055 5198 3147 5251 Dei
3177 5199 3248 5253 ".
3295 5215 3314 5247 ι
3361 5196 3558 5250 Dicunt

1983 5297 2160 5341 autem
2195 5289 2290 5343 hos
2325 5299 2557 5356 quatuor
2587 5292 2810 5360 angelos
2833 5308 2954 5346 esse
2981 5291 3323 5354 Michaelem,
3355 5289 3423 5342 de
3451 5307 3559 5357 quo

1983 5380 2126 5448 apud
2160 5378 2432 5434 Dauielcm
2456 5423 2471 5446 ,
2529 5382 2838 5438 Gabrielem
2873 5384 3017 5452 apud
3067 5382 3402 5448 Matthaaum,
3435 5381 3558 5436 Ra—

1983 5471 2225 5540 phaelem
2253 5472 2392 5541 apud
2427 5473 2850 5538 Mardochaeum,
2879 5485 2933 5530 et
2952 5473 3184 5530 Urielem
3211 5491 3226 5528 :
3255 5473 3404 5543 ipsos
3433 5488 3560 5527 veto

1985 5564 2193 5618 solutos
2238 5580 2359 5618 esse
2416 5566 2484 5619 ab
2537 5568 2849 5637 hujusmodi
2881 5567 3061 5623 divina
3097 5566 3457 5635 occupatione
3489 5567 3554 5617 ad

1989 5671 2096 5710 non
2134 5655 2403 5726 ingratum
2438 5658 2824 5726 ministerium,
2861 5670 2973 5716 tum
3015 5658 3337 5716 redditionis
3359 5657 3561 5715 divinae

373 5823 420 5852 ‘°
457 5818 630 5875 Exod.
667 5836 790 5888 xxv,
828 5821 915 5876 40.
992 5824 1037 5855 ⁵⁸
1073 5824 1176 5878 lsa.
1217 5841 1361 5891 τινι,
1390 5828 1492 5883 '12.
1567 5833 1610 5863 δ’
1648 5831 1791 5886 Psal.
1837 5850 1921 5899 ιν,
1956 5836 2002 5890 5..
