4256 6440
733 385 829 446 631

1547 389 1877 450 ARETH/E
1917 388 2300 449 C/ESAREIE
2336 389 2824 451 CAPPADOCLE
2867 389 3214 454 EPISCOPI

3929 391 4004 455 32

727 501 974 567 iustitia.
1005 507 1119 555 tum
1160 501 1383 572 gloriosi
1430 502 1694 557 adventus
1728 503 1996 571 ipsorum.
2029 503 2132 556 Alii
2183 518 2314 558 vero
2347 517 2387 567 Α

2347 517 2387 567 Α
2417 504 2577 556 Θείου
2603 505 2969 568 δικαιοδοσὶας
2999 507 3094 559 καὶ
3128 507 3230 576 τῆς
3266 505 3450 560 αὐτῶν
3476 506 3834 578 μεγαλοδόξου
3861 524 4003 577 παρ-

737 610 844 647 non
875 594 1130 663 angelos,
1173 596 1265 648 sed
1307 609 1502 662 pravos
1551 595 1827 648 daemones
1865 610 1988 650 esse
2025 604 2314 658 astruunt,

735 685 987 756 alligatos
1032 686 1251 755 quidem
1299 686 1351 740 in
1384 689 1616 741 adventu
1651 685 1853 741 Christi
1882 687 2036 756 juxta
2069 688 2315 742 divinum

741 787 1090 847 prmccptum,
1141 793 1309 846 porro
1353 793 1607 846 egressos
1641 793 1672 831 a
1704 780 2111 847 superhumano
2162 780 2319 833 altari

740 871 874 923 solvi
911 887 939 923 a
974 870 1160 922 divino
1199 871 1394 940 angelo
1439 879 1498 924 ut
1535 871 1719 925 liceret
1755 872 1972 924 turbare
1999 880 2185 941 gentes
2219 891 2231 926 :
2267 882 2322 927 et

739 979 804 1014 ex
841 962 946 1013 hac
979 962 1288 1014 turbatione
1343 962 1693 1017 manifestum
1737 962 1849 1015 ﬁeri
1885 963 2014 1031 quid
2059 965 2129 1016 sit
2183 964 2324 1017 triti-

741 1069 898 1108 reum
953 1055 1005 1108 in
1060 1055 1345 1120 ﬁdelibus,
1399 1057 1543 1125 quod
1595 1057 1647 1109 in
1687 1057 1943 1110 horreum
1979 1056 2184 1110 Christi
2233 1074 2322 1110 re-

742 1147 1013 1201 condatur
1061 1167 1073 1200 :
1121 1159 1176 1200 et
1231 1148 1360 1216 quid
1422 1150 1734 1217 paleaceum
1797 1149 1849 1202 in
1902 1149 2322 1218 peccatoribus,

743 1240 888 1309 quod
925 1250 1172 1309 paratum
1203 1251 1287 1295 est
1319 1243 1384 1295 ad
1413 1245 1758 1296 exustionem
1793 1243 2320 1310 inexstinguihilem.

748 1331 933 1400 Neque
965 1331 1319 1400 improbabile
1351 1343 1432 1386 est
1463 1334 1646 1386 dicere
1677 1333 1951 1386 ιιίυιιιοιιεε
1978 1334 2172 1399 ligatos
2205 1349 2327 1388 esse

745 1429 810 1476 ad
856 1423 1184 1492 Euphratem
1222 1442 1234 1478 :
1272 1441 1396 1478 cum
1435 1425 1558 1477 inde
1615 1427 1762 1479 brevi
1813 1437 2074 1478 venturus
2110 1427 2180 1480 sit
2213 1428 2326 1481 An-

749 1515 1053 1577 tichristus,
1081 1531 1109 1568 a
1145 1516 1352 1570 Judmis
1383 1516 1473 1583 qni
1506 1514 1859 1586 Jcrosolytnis
1881 1520 2080 1571 servati
2111 1517 2330 1572 fuerant

746 1605 966 1674 captivi,
997 1615 1051 1660 et
1086 1606 1141 1659 in
1180 1607 1313 1661 locis
1344 1607 1453 1663 illis
1482 1618 1918 1662 commorantur.

821 1783 890 1837 Et
925 1801 1173 1837 numerus
1219 1785 1471 1852 equestris
1513 1786 1794 1839 exercitus.
1829 1785 1965 1839 Cum
2001 1787 2068 1840 de
2117 1788 2324 1841 exercio

2419 598 2630 658 ουσίας.
2664 598 2818 660 Τινὲς
2839 597 2894 649 δὲ
2925 597 3025 650 οὐκ
3059 599 3348 666 ἀγγέλους,
3379 599 3515 652 ἀλλὰ
3543 599 3805 668 δαίμονας
3829 617 4002 669 πονη-

2425 691 2570 761 ρους,
2597 689 2850 752 δεθέντας
2884 690 2983 760 μὲν
3003 692 3061 742 ὲν
3079 694 3146 761 τῇ
3176 690 3268 744 τοῦ
3296 690 3535 760 Χριστοῦ
3559 691 3837 762 παρουσίᾳ
3859 691 4004 743 κατὰ

2421 785 2481 836 τὸ
2507 781 2649 834 θεῖον
2678 782 3026 852 πρόσταγμα,
3059 785 3124 836 ὲκ
3156 784 3249 836 τοῦ
3283 783 3770 855 ὐπερανθρωπίνου
3805 783 3861 836 δὲ
3911 783 4008 835 θυ-

2424 875 2744 943 σιαστηρίου
2773 874 3090 938 ἐξελθόντας
3120 875 3345 928 λύεσθαι
3373 876 3478 928 ὑπὸ
3518 875 3615 928 τοῦ
3665 875 3812 928 θείου
3839 874 4011 940 ἀγγέ-

2424 967 2538 1032 λου,
2577 967 2653 1028 ώς
2711 967 2830 1019 ἐστι
2870 966 3103 1038 ταράξαι
3132 966 3284 1037 ἔθνη,
3335 969 3431 1020 καὶ⁹
3481 969 3547 1036 τῇ
3581 967 3793 1036 ταραχῇ
3829 965 4012 1034 ταύτῃ

2424 1061 2672 1130 διάδηλον
2711 1059 2968 1128 γενέσθαι
3030 1061 3140 1112 τῶν
3175 1077 3234 1113 τε
3287 1061 3498 1113 πιστῶν
3537 1059 3598 1113 τὸ
3632 1059 3858 1120 σιτῶδες
3915 1058 4013 1109 καὶ

2425 1154 2564 1223 πρὸς
2598 1155 2890 1222 ἀποθήκας
2942 1153 3122 1206 αὐτῶν
3165 1153 3556 1224 ταμιεύσιμον,
3585 1152 3697 1205 τῶν
3723 1169 3783 1204 τε
3831 1153 4012 1220 ἁμαρ-

2426 1245 2616 1298 τωλῶν
2645 1245 2706 1298 τὸ
2747 1244 3030 1315 ἀχυρῶδες
3077 1246 3174 1297 καὶ
3215 1245 3352 1315 πρὸς
3410 1245 3608 1297 καῦσιν
3646 1244 3867 1313 ἕτοιμον
3915 1245 4014 1295 καὶ

2426 1340 2723 1408 ἄχρηστον.
2751 1340 2868 1391 Οὐκ
2914 1337 3174 1406 ἀδόκιμον
3199 1337 3256 1390 δέ
3304 1340 3419 1390 ὲστι
3443 1338 3506 1389 τὸ
3535 1338 3770 1405 φάσκειν
3810 1339 3894 1398 είς
3920 1335 4016 1388 τὸν

2431 1429 2725 1499 Εὐφράτην
2780 1429 3027 1482 δεδέσθαι
3081 1429 3204 1493 τοὺς
3252 1429 3536 1497 δαίμονας,
3600 1429 3742 1497 τάχα
3804 1426 4018 1479 ἐκεῖθεν

2428 1520 2526 1574 τοῦ
2565 1519 2934 1591 Ἀντιχρίστου
2960 1519 3378 1587 ἑξελευσομένου
3414 1519 3522 1571 ἀπὸ
3561 1520 3672 1572 τῶν
3717 1516 4014 1570 διασωθέν-

2430 1630 2539 1665 των
2563 1613 2620 1664 ὲν
2653 1614 2716 1682 τῇ
2786 1608 3151 1679 Ἰερουσαλὴμ
3194 1609 3556 1679 αἰχμαλώτων
3617 1608 3886 1680 Ἐϐραίων
3918 1626 4015 1660 και

2430 1708 2544 1768 τοῖς
2575 1707 2692 1758 ἐκεῖ
2726 1704 2916 1765 τόποις
2953 1704 3455 1771 ἐναπομεινάντων.

2506 1798 2616 1852 Καὶ
2646 1799 2680 1850 ὁ
2711 1796 2958 1863 ἀριθμὸς
2981 1795 3102 1848 τῶν
3120 1795 3584 1864 στρατευμάτων
3612 1793 3719 1848 τοῦ
3744 1795 4018 1848 ἱππικοῦ.

753 1884 900 1936 tibus
951 1882 1085 1935 nihil
1141 1882 1486 1950 prtemiserit,
1549 1882 1714 1950 hujus
1775 1898 2064 1934 numerum
2134 1882 2328 1935 reddit.
2365 1857 2404 1910 Β

2365 1857 2404 1910 Β
2441 1891 2533 1959 Μὴ
2555 1887 2836 1959 προειπὼν
2857 1888 3267 1956 στρατεύματα,
3291 1887 3524 1956 ἀριθμὸν
3549 1886 3738 1939 τούτου
3759 1887 4018 1938 ποιεῖται.

756 1975 1102 2029 Manifestum
1157 1985 1242 2029 est.
1282 1977 1449 2046 igitur
1501 1977 1642 2044 quod
1679 1976 1771 2043 qui
1803 1985 2043 2044 quatuor
2079 1976 2333 2030 ordinum

751 2069 1007 2123 ductores
1034 2079 1382 2138 acceperunt,
1418 2067 1736 2123 Michaelem
1763 2109 1778 2133 ,
1810 2068 2141 2131 Gabrielem,
2180 2068 2337 2123 Urie-

755 2164 879 2226 lem,
912 2162 1264 2230 Raphaelem,
1297 2177 1402 2214 non
1437 2161 1556 2214 sine
1586 2176 1750 2215 causa
1782 2161 2003 2214 adducti
2037 2168 2166 2213 sunt
2195 2179 2210 2213 ι
2243 2175 2335 2213 cu-

755 2259 834 2324 pit
875 2257 1019 2311 enim
1056 2254 1462 2324 quodammodo
1509 2262 1690 2307 turma
1740 2253 1896 2322 sequi
1933 2252 2186 2306 ordinum
2237 2251 2340 2305 du-

753 2359 959 2403 ctores.
994 2349 1166 2404 Porro
1200 2347 1347 2401 mille
1392 2346 1560 2400 millia
1587 2354 1641 2400 et
1688 2345 1872 2400 decies
1905 2345 2106 2399 millies
2151 2345 2339 2398 decem

759 2440 928 2495 millia
973 2440 1402 2494 ministrantium
1451 2438 1666 2492 discere
1693 2437 1818 2491 licet
1846 2437 1987 2504 apud
2039 2435 2338 2489 Danielem.

759 2534 911 2586 Nune
964 2543 1145 2586 autem
1196 2531 1528 2600 duplicatam
1582 2529 1638 2583 in
1697 2544 1984 2583 numerum
2035 2528 2339 2600 myriadum

758 2634 941 2679 narrat
972 2642 1031 2679 se
1064 2625 1267 2678 vidisse
1297 2623 1700 2676 multitudinem
1726 2637 1849 2691 qua:
1877 2621 2038 2692 732
2065 2623 2341 2674 exercitus

757 2722 929 2772 duces
968 2717 1322 2787 sequebitur;
1353 2731 1419 2770 eo
1442 2715 1586 2786 quod
1621 2716 1847 2770 liberius
1869 2723 1923 2769 et
1953 2716 2161 2783 absque
2197 2723 2340 2768 metu

762 2819 884 2878 post
917 2810 1130 2863 Domini
1163 2809 1594 2863 incarnationem
1618 2816 1903 2862 versentur
1926 2806 2178 2861 homines
2217 2821 2341 2860 cum

763 2904 973 2973 angelis
1012 2920 1026 2956 :
1066 2901 1190 2956 ideo
1219 2916 1440 2972 quoque
1488 2901 1695 2955 dictum
1733 2909 1816 2954 est
1858 2901 2003 2970 quod
2049 2901 2220 2955 visuri
2255 2917 2341 2956 es-

765 3006 886 3051 sent
912 2996 1134 3065 angelos
1170 2994 1528 3049 ascendentes
1555 3009 1721 3062 super
1753 2991 1949 3047 Filium
1985 2993 2248 3048 hominis.

837 3087 926 3154 IX,
959 3087 1142 3140 17-19.
1179 3085 1246 3140 Et
1275 3087 1352 3140 ita
1379 3087 1484 3140 vidi
1515 3102 1672 3155 equos
1701 3087 1754 3138 in
1783 3087 2001 3149 visione,
2036 3095 2083 3139 et
2114 3085 2346 3139 sedentes

2442 1983 2610 2050 Δῆλον
2640 1978 2733 2033 οὖν
2758 1981 2839 2042 ’ώς
2869 1981 2918 2032 oi
2943 1981 3242 2049 ταξιάρχας
3258 1981 3384 2041 τοὺς
3411 1978 3682 2047 τέσσαρας
3715 1977 4020 2045 ὲκλαῆὁμε-

2441 2092 2543 2136 νοι,
2585 2073 2828 2143 Μιχαὴλ,
2881 2072 3144 2142 Γαϐριὴλ,
3180 2071 3407 2142 υὺριὴλ,
3462 2069 3729 2139 Ῥαφαὴλ,
3775 2071 3877 2122 οὐκ
3906 2071 4026 2122 ἀδο-

2442 2169 2622 2237 κίμως
2673 2167 3003 2237 ἠνέχθησαν.
3033 2165 3183 2217 Φιλεῖ
3229 2165 3338 2234 γάρ
3372 2180 3489 2226 πως
3539 2163 3619 2233 τῷ
3644 2161 3920 2234 ταξιάρχῃ
3967 2160 4025 2212 τὸ

2445 2264 2630 2330 στῖφος
2659 2259 2911 2313 ἕπεσθαι.
2947 2258 3142 2321 Χιλίας
3172 2257 3228 2310 δὲ
3261 2256 3509 2327 χιλιάδας
3541 2261 3637 2308 καὶ
3676 2256 3879 2325 μυρίας
3931 2271 4028 2323 μυ-

2447 2351 2637 2422 ριάδας
2669 2350 2778 2403 τῶν
2801 2348 3268 2420 λειτουργούντων
3308 2351 3366 2400 ἐν
3391 2346 3469 2417 τῷ
3507 2347 3708 2415 Δανιὴλ
3760 2345 4029 2415 μάθοιμεν

2444 2446 2532 2499 ἄν.
2582 2441 2992 2496 Ἐπιδιπλάσιον
3018 2442 3073 2494 δὲ
3103 2441 3197 2492 νῦν
3227 2440 3320 2493 τοῦ
3355 2438 3652 2510 μυριοστοῦ
3691 2436 3932 2506 ἀριθμοῦ
3964 2437 4024 2488 τὸ

2445 2537 2650 2606 πλῆθος
2666 2535 2729 2590 τὸ
2756 2536 3027 2605 ἑπόμενον
3056 2537 3168 2595 τοίς
3185 2533 3505 2603 ταξιάρχαις
3528 2533 3784 2598 διέξεισιν
3805 2533 3832 2584 ὁ
3860 2531 4024 2601 δρῶν,

2444 2628 2522 2699 τῷ
2551 2627 2935 2690 ἀνυποστόλως
2994 2626 3135 2695 μετὰ
3166 2627 3265 2695 τὴν
3299 2624 3722 2696 ὲνανθρώπησιν
3780 2624 3875 2676 τοῦ
3918 2626 4032 2676 λυ·-

2451 2723 2590 2794 ρίου,
2623 2720 2890 2787 ἀγγέλους
2921 2715 3235 2784 ἀνθρώποις
3281 2715 3676 2770 ἐνδιαιτᾶσθαι.
3709 2716 3800 2766 Διὸ
3835 2715 3928 2767 καὶ
3975 2713 4034 2765 τδ

2449 2813 2844 2875 ἀναϐαίνοντας
2871 2811 2965 2864 καὶ
3013 2810 3452 2873 καταϐαίνοντας
3477 2809 3737 2880 εἰρῆσθαι
3788 2809 3886 2861 ἐπὶ
3943 2807 4037 2860 τὸν

2452 2906 2581 2960 Υίδν
2599 2906 2694 2960 τοῦ
2725 2906 3040 2976 ἀνθρώπου.

2525 3084 2634 3138 Καὶ
2687 3083 2878 3148 οὕτως
2913 3079 3079 3136 εἶδον
3145 3081 3287 3147 τοὺς
3343 3079 3662 3144 ἵππουςὲν
3702 3077 3779 3145 τῇ
3808 3077 4041 3144 ὁράσει,

765 3200 920 3247 super
942 3199 1028 3235 cos
1062 3180 1308 3234 habentes
1354 3179 1590 3231 thoraces
1620 3179 1797 3247 igneos
1822 3189 1870 3232 et
1901 3178 2273 3247 hyacinthinus
2301 3187 2348 3229 et
2379 3217 2424 3277 Ο

2379 3217 2424 3277 C
2456 3174 2711 3240 καὶτοὺς
2735 3174 3111 3244 καθημένους
3134 3171 3460 3234 ὲπάὑτῶν,
3491 3173 3742 3240 ἔχοντας
3767 3169 4037 3237 θώρακας

771 3274 1081 3343 sulphureos
1131 3287 1150 3324 :
1198 3281 1246 3324 et
1317 3271 1492 3337 capita
1551 3286 1802 3339 equorum
1859 3282 2114 3340 tanquam
2172 3270 2349 3337 capita

768 3369 998 3430 (conum,
1043 3375 1091 3418 et
1139 3381 1206 3418 ex
1254 3381 1341 3417 ore
1375 3379 1556 3417 eorum
1599 3363 1961 3433 egrediebatur
1988 3363 2146 3431 ignis,
2179 3371 2226 3414 et
2267 3362 2354 3430 fu-

775 3477 912 3525 mus,
940 3470 986 3512 et
1014 3459 1254 3527 sulphur.
1287 3458 1362 3509 Ab
1392 3458 1470 3509 his
1506 3457 1671 3509 tribus
1698 3457 1870 3525 plagis
1894 3457 2067 3509 occisa
2089 3469 2166 3509 est
2200 3455 2356 3508 tertia

772 3571 894 3620 pars
942 3553 1233 3614 hominum,
1266 3566 1444 3618 nempe
1471 3550 1532 3602 ab
1559 3551 1676 3618 igne
1721 3559 1771 3602 et
1800 3550 1946 3618 {unto
1987 3566 2048 3602 ac
2076 3549 2353 3617 sulphure,

773 3659 889 3712 qua:
933 3641 1332 3712 egrediebantur
1384 3655 1448 3694 ea:
1477 3656 1570 3693 ore
1619 3640 1873 3706 ipsorum.
1933 3639 2173 3692 Potestas
2218 3639 2356 3691 enim

773 3753 1022 3807 equorum
1045 3736 1101 3788 in
1128 3751 1217 3788 ore
1246 3736 1480 3802 ipsorum
1502 3742 1596 3798 est,
1623 3743 1668 3785 et
1695 3735 1747 3786 in
1777 3733 1961 3785 caudis
1979 3747 2176 3784 eorum.
2215 3728 2359 3782 Nam

777 3829 964 3881 cauda:
999 3828 1234 3895 ipsorum
1284 3825 1485 3879 similes
1530 3835 1682 3878 erant
1718 3825 2065 3892 serpentibus,
2114 3823 2358 3877 habentes

779 3922 977 3989 cupita,
1009 3929 1058 3974 et
1082 3936 1172 3985 per
1203 3920 1312 3973 haec
1341 3928 1547 3972 nocent.

2459 3269 2774 3336 πυρίνους,
2827 3267 2925 3319 καὶ
2956 3266 3350 3330 ὑακινθίνους
3394 3264 3489 3318 καί
3526 3262 3819 3328 θειώδεις·
3852 3261 3955 3314 καὶ
3987 3263 4044 3314 al

2461 3358 2718 3427 κεφαλαὶ
2739 3357 2860 3411 τῶν
2885 3357 3204 3422 ἵππων,ὠς
3237 3355 3494 3425 κεφαλαί
3522 3356 3818 3409 λεόντων·
3854 3352 3953 3406 καὶ
3978 3354 4046 3405 ἐκ

2463 3453 2582 3508 τῶν
2641 3452 2961 3522 στομάτων
3023 3449 3224 3505 αὐτῶν
3288 3449 3676 3517 ἐκπορεύεται
3741 3447 3901 3514 πῦρ,
3950 3445 4045 3500 καὶ

2465 3545 2718 3611 καπνὸς,
2752 3546 2850 3598 καὶ
2892 3544 3054 3599 θεῖον
3077 3559 3092 3574 ’
3125 3543 3245 3597 ἀπὸ
3283 3542 3404 3596 τῶν
3431 3541 3610 3610 τριῶν
3635 3539 3889 3608 πληγῶν
3911 3539 4048 3590 tod-

2465 3654 2582 3690 των
2626 3637 3096 3704 ἀπεκτάνθησαν
3136 3636 3204 3689 τὸ
3265 3634 3470 3702 τρίτον
3523 3631 3644 3686 τῶν
3695 3629 4045 3698 ἀνθρώπων,

2466 3731 2587 3785 ἀπὸ
2618 3729 2724 3784 τοῦ
2773 3730 2986 3800 πυρὸς,
3034 3730 3133 3783 ναὶ
3168 3729 3276 3783 τοῦ
3301 3725 3557 3792 καπνοῦ,
3600 3724 3696 3780 καὶ
3723 3724 3829 3777 τοῦ
3860 3722 4045 3778 θείου.

2467 3823 2575 3876 τοῦ
2612 3822 3090 3892 ἐκπορευομένου
3130 3822 3196 3875 ἐκ
3226 3820 3344 3874 τῶν
3373 3819 3693 3887 στομάτων
3716 3815 3938 3870 αὐτῶν.
3983 3815 4051 3867 ’11

2469 3915 2580 3985 τὰρ
2608 3915 2861 3979 ἐξουσία
2897 3914 3018 3968 τῶν
3061 3914 3261 3967 ἳππων
3320 3913 3391 3964 ἐν
3441 3909 3521 3975 τῷ
3573 3909 3823 3977 στόματι
3851 3903 4051 3959 αὐτῶν

777 4023 927 4082 ἐστι,
972 4020 1068 4072 καὶ
1111 4019 1182 4071 ἐν
1226 4017 1352 4084 ταῖς
1385 4016 1591 4084 οὐραῖς
1635 4015 1854 4071 αὐτῶν.
1885 4018 1956 4071 Al
2021 4016 2130 4085 γὰρ
2190 4013 2363 4083 οὐραὶ
2420 4012 2622 4068 αὐτῶν
2679 4013 2874 4083 ὅμοιαι
2943 4011 3159 4081 ὄφεων,
3207 4009 3462 4078 ἔχουσαι
3518 4005 3810 4075 κεφαλὰς,
3845 4002 3943 4062 καί
3982 4002 4051 4053 ἐν

779 4116 989 4181 αὑταῖς
1021 4114 1324 4169 ἀδικοῦσι.

854 4216 1133 4284 Equorum
1167 4226 1488 4268 ascensores
1527 4220 1620 4265 aut
1648 4210 1977 4279 accipienda:
2007 4217 2135 4263 sunt
2167 4208 2365 4264 divinae

784 4309 1013 4362 virtutes
1037 4321 1159 4376 qua:
1190 4305 1396 4360 sortita:
1421 4313 1550 4358 sunt
1583 4303 1691 4357 vim
1722 4303 2035 4372 corrigendi
2083 4317 2262 4356 mores
2311 4309 2365 4355 et

783 4402 1036 4464 allectus,
1076 4409 1129 4453 et
1162 4399 1228 4453 ad
1263 4399 1460 4453 melius
1487 4397 1753 4466 dirigendi
1780 4416 1794 4451 :
1819 4399 1893 4451 ita
1930 4399 2076 4451 enim
2105 4407 2161 4450 et
2191 4409 2362 4463 equo-

788 4510 907 4548 rum
942 4492 1241 4547 domitores
1293 4490 1724 4546 conscendentes
1751 4505 1944 4559 equos,
1979 4489 2224 4556 dirigunt
2269 4503 2366 4541 eos

787 4602 943 4640 ramo
972 4593 1025 4639 et
1065 4583 1220 4638 freno
1256 4601 1270 4637 ε
1303 4593 1397 4637 aut
1433 4582 1618 4638 divina
1650 4583 1828 4652 jussu,
1862 4583 1932 4637 ob
1962 4598 2151 4636 eorum
2190 4580 2366 4634 zelum

788 4677 883 4746 qui
925 4683 1175 4745 pereunt,
1231 4673 1530 4728 assimilata
1585 4674 1755 4742 igneae
1787 4683 1840 4727 et
1891 4673 2261 4744 hyacinthina:
2305 4685 2371 4724 ac

789 4769 1099 4838 sulphurea:
1126 4776 1442 4821 artnalurm.
1480 4765 1632 4821 Unde
1676 4777 1729 4820 et
1774 4765 1944 4820 David
1983 4765 2207 4826 (divino
2239 4780 2371 4818 sane

793 4858 947 4925 zelo)
1001 4856 1206 4910 indicat
1237 4857 1385 4924 quod
1426 4874 1444 4907 ι
1477 4857 1736 4910 Ascendit
1785 4855 1968 4911 fumus
2016 4856 2072 4910 in
2115 4855 2193 4909 ira
2229 4855 2370 4924 ejus,

794 4962 848 5006 et
873 4951 1013 5021 ignis
1050 4968 1077 5003 a
1126 4950 1263 5005 facie
1303 4950 1425 5018 ejus
1452 4951 1678 5014 esarsit,
1729 4961 1784 5004 et
1813 4952 2078 5006 carbones
2123 4948 2374 5005 succensi

795 5042 1012 5097 sunt".
1054 5060 1073 5093 s
1115 5042 1191 5094 Ad
1230 5041 1502 5095 utrumvis
1551 5042 1743 5095 borum
1781 5059 2039 5096 sensuum
2071 5044 2269 5111 cuique
2310 5039 2376 5093 li-

796 5136 938 5190 cebit
975 5133 1233 5189 accedere
1266 5153 1279 5188 :
1314 5135 1445 5187 mihi
1483 5140 1655 5205 magis
1690 5135 1895 5190 arridet
1928 5136 2235 5191 similitudo
2269 5149 2377 5204 qua

795 5242 923 5296 erga
960 5241 1155 5295 pravos
1185 5237 1469 5281 exercetur
1501 5228 1768 5282 correctio
1798 5239 1850 5282 et
1880 5228 2127 5283 directio.

875 5413 938 5465 Et
990 5414 1168 5481 capita
1209 5429 1460 5481 equorum
1495 5423 1746 5483 tanquam
1777 5415 1954 5482 capita
1989 5413 2216 5466 lenitum.
2252 5409 2377 5464 Sive

799 5509 924 5577 quis
981 5507 1289 5560 divinorum
1350 5506 1678 5574 jndiciorum
1733 5505 1897 5559 veluti
1951 5503 2260 5559 vehiculum
2310 5502 2376 5554 ad

800 5601 1113 5665 spirituales
1159 5610 1212 5653 et
1261 5599 1519 5669 angelica:
1569 5600 1692 5653 vitae
1751 5599 2002 5653 homines
2062 5595 2374 5658 transferat,

801 5693 914 5745 sive
940 5692 1104 5745 etiam
1137 5691 1204 5743 ad
1245 5706 1425 5746 mores
1459 5701 1514 5746 et
1547 5690 1794 5758 allecms,
1836 5691 1972 5746 nihil
2007 5689 2293 5746 dissidebit
2326 5687 2376 5741 in

875 5877 916 5906 °‘
951 5875 1090 5929 l‘sal.
1136 5888 1270 5931 xvn.
1295 5871 1350 5925 9.’

2548 4201 2689 4265 Τοὺς
2717 4199 2974 4270 ἐφέδρους
3020 4197 3130 4250 τῶν
3181 4197 3385 4258 ἵππων,
3425 4194 3534 4247 εἴτε
3580 4192 3843 4262 δυνάμεις
3900 4191 4049 4254 θείας

2475 4295 2837 4366 ὑποληπτέον,
2871 4291 2991 4344 κατ’
3020 4289 3165 4360 ἠθῶν
3197 4290 3291 4342 καὶ
3317 4287 3507 4341 παθῶν
3533 4286 3972 4355 κληρωσαμένας
3995 4286 4055 4336 τὸ

2474 4387 2740 4455 ἁγκτικόν
2768 4403 2826 4437 τε
2854 4384 2948 4437 καὶ
2969 4383 3104 4452 πρὸς
3129 4382 3190 4434 τὸ
3217 4382 3465 4451 κρεῖττον
3506 4376 3862 4450 ῥυθμιστικὸν
3887 4377 4052 4442 (οὕτω

2476 4483 2585 4550 γὰρ
2620 4478 2717 4531 καὶ
2765 4477 2893 4539 τοὺς
2952 4475 3153 4538 ἵππους
3199 4474 3248 4526 oi
3292 4471 3646 4540 πωλοδάμναι
3696 4469 4058 4537 ῥυθμίζουσιν

2477 4578 2862 4637 ἀναϐαίνοντες
2902 4571 3069 4642 κημῷ
3099 4584 3160 4621 τε
3200 4567 3295 4620 καὶ
3325 4561 3587 4634 χαλινοῖς)
3612 4579 3626 4592 ·
3659 4561 3769 4614 εἴτε
3801 4561 3896 4612 καὶ
3935 4560 4054 4612 θεῖα

2478 4672 2902 4742 προστάγματα,
2939 4666 3087 4736 ζήλῳ
3122 4662 3230 4716 τῶν
3281 4657 3674 4728 ἀπολλυμένων
3698 4657 3778 4717 είς
3822 4654 4060 4723 πυρίνην

2477 4763 2886 4821 ἀπεικασθέντα
2916 4759 3014 4813 καὶ
3060 4753 3382 4823 ὑακινθίνην
3432 4749 3528 4803 καὶ
3567 4747 3762 4815 θειώδη
3818 4763 4058 4799 παντευ-

2476 4860 2622 4930 χίαν.
2668 4855 2787 4924 ’Δφ’
2818 4847 2879 4907 οὗ
2910 4851 3006 4905 καὶ
3033 4848 3195 4903 Δαυῖδ
3224 4845 3340 4917 (τοῦ
3363 4843 3530 4906 θείου,
3564 4840 3728 4910 φημὶ,
3761 4838 3951 4908 ζήλου)

2484 4972 2502 5002 ι
2528 4950 2720 5018 ’Λνὲὅη
2739 4946 2945 5008 καπνὸς
2972 4945 3030 4997 ὲν
3063 4943 3202 5012 ὀργῇ
3232 4937 3456 5002 obrui,»
3497 4936 3736 5005 μινύρει,
3770 4949 3787 4981 ι
3825 4932 3922 4983 καὶ
3949 4929 4062 4998 πῦρ

2481 5045 2591 5096 ἀπὸ
2627 5040 2926 5110 προσώπου
2973 5034 3138 5090 αὐτοῦ
3173 5028 3585 5100 καταφλεγῆναι
3625 5025 3718 5078 καὶ
3779 5023 4063 5090 ἄνθρακας

2481 5136 2807 5205 ἀναφθῆναι.
2843 5151 2861 5183 ι
2908 5127 3191 5196 Ὀποτέρῳ
3214 5123 3422 5176 τούτων
3448 5117 3742 5190 πρόσθοιτὸ
3774 5133 3881 5177 τις,
3921 5115 4062 5184 μᾶλ-

2486 5229 2578 5280 λον
2635 5225 2762 5278 καθ’
2820 5222 3015 5290 ἡδονήν
3081 5235 3172 5287 μοι
3223 5216 3404 5279 ἔσται,
3455 5210 3550 5265 τοῦ
3594 5212 3732 5279 πρὸς
3787 5207 4066 5276 πονηροὺς

2482 5317 2657 5372 ἁπευο
2667 5317 2880 5377 ύνοντος
2909 5312 2969 5365 τὸ
3002 5309 3252 5377 ῖνδαλμα.

2557 5411 2660 5466 Kal
2685 5412 2742 5462 al
2770 5403 3021 5475 κεφαλαί
3060 5400 3180 5454 τῶν
3217 5400 3437 5456 ἵππων,
3473 5394 3555 5457 ώς
3583 5388 3842 5460 κεφαλαὶ
3890 5389 4069 5442 λεόν-

2483 5520 2621 5556 των.
2684 5499 2757 5551 Τὸ
2801 5498 2986 5567 ὄχημα
3035 5492 3147 5545 τῶν
3187 5489 3348 5542 θείων
3401 5485 3709 5556 χριμάτων,
3759 5482 3870 5533 εἴτε
3927 5479 4066 5548 πρὸς

2485 5590 2890 5662 πνευματικοὺς
2926 5586 3022 5639 καὶ
3061 5581 3387 5651 (insinuo-3;
3435 5578 3526 5630 τὸν
3578 5575 3693 5645 βίον
3738 5569 4068 5641 ἀνθρώπους

2488 5659 2898 5755 μεταλαμϐάνει
2935 5693 3042 5741 τις,
3075 5675 3109 5744 ἢ
3148 5671 3241 5726 καί⁹
3275 5669 3410 5740 πρὸς
3452 5665 3558 5737 ἢθη
3589 5662 3684 5718 καὶ
3713 5659 3886 5730 πάθη,
3910 5659 4070 5712 οὐδὲν
