4256 6440
221 420 332 485 633

1285 424 1672 487 COMMENT.
1722 429 1803 487 ΙΝ
1848 429 2380 497 APOCALYPSIN.

3365 433 3471 499 634

221 536 410 587 διοίσει
452 532 530 603 τῷ
565 533 640 603 μὴ
674 533 946 601 φιλαύτως
997 532 1076 604 τῷ
1121 535 1355 606 ὁράματι
1391 541 1787 610 προσκειμέιῳ.
1827 551 1902 606 At

1780 583 1787 592 .
1827 551 1870 606 Α
1899 554 1961 593 ea
1992 557 2114 610 quae
2143 543 2298 596 nobis
2329 546 2645 612 proponitur
2672 545 2899 609 visione,
2929 547 3070 613 apud
3100 560 3222 599 eum
3255 547 3345 612 qui
3378 550 3461 601 sui

227 626 506 693 Κεφαλαῖς
538 625 595 677 δὲ
628 625 858 677 λεόντων
895 627 1313 696 ἀπεικάσθησαν
1358 630 1438 692 είς
1466 631 1682 700 δεῖγμα,
1712 621 1794 684 ὅτι

223 715 446 778 τούτους
475 717 600 778 τοὺς
621 716 1078 786 διακονουμένους
1102 720 1214 782 τοῖς
1246 720 1413 783 θείοις
1455 722 1554 774 οὐκ
1601 711 1798 775 ἀναίδε-

224 807 509 875 όλημένιος
533 807 632 876 τὴν
665 806 1006 877 λειτουργίαν
1027 809 1130 879 χρὴ
1175 813 1441 880 μετιέναι.
1477 833 1493 865 ι
1529 815 1645 867 Ζῶν
1687 815 1797 883 γὰρ

224 905 254 953 ὁ
283 901 440 968 λόγος
461 901 554 954 τοῦ
585 901 722 954 Θεοῦ
751 903 846 954 καὶ
882 902 1059 973 πάσης
1090 904 1406 975 τομώτερος
1441 906 1738 975 μαχαίρας.
1775 924 1794 956 ι

226 993 430 1061 Διόπερ
483 993 558 1054 ὡς
604 993 1011 1062 ἑκατοντάρχης
1060 994 1121 1045 τὸ
1158 995 1455 1062 κεφάλαιον
1507 996 1797 1065 ἐμφανίζει

224 1085 328 1154 τὴν
360 1087 735 1152 ἀγανάκτησιν
772 1085 911 1152 μετὰ
957 1085 1258 1139 λεοντιαίου
1306 1089 1689 1158 σφοδρότητος,
1724 1088 1800 1151 ὡς

223 1179 327 1232 οὐκ
365 1178 430 1230 ἂν
463 1178 716 1247 άλλως-,ἢ
747 1177 922 1241 οὕτως
954 1179 1098 1242 ἕξειν
1121 1178 1210 1231 τὸν
1245 1180 1521 1251 ἀκροατὴν
1559 1182 1638 1244 είς
1673 1198 1802 1248 συγ-

226 1269 522 1321 κατάθεσιν
573 1269 915 1338 ἔμπρακτον.
964 1270 1078 1323 Οὐκ
1121 1270 1351 1340 ἄμοιρος
1384 1271 1442 1324 δὲ
1494 1273 1655 1342 τῆσδε
1698 1272 1801 1326 ’καὶ

229 1360 440 1422 Παῦλος
466 1360 567 1426 τῆς
601 1361 900 1429 περινοίας.
956 1362 1116 1415 ὁπότε
1165 1363 1477 1432 Κορινθίοις
1518 1363 1618 1432 τὴν
1663 1363 1802 1432 μετά

231 1452 427 1521 ράὁδου
457 1453 640 1514 αὐτοῖς
670 1452 966 1523 ἐπιδημίαν
995 1454 1190 1506 ἑαυτοῦ
1217 1453 1450 1508 ἀπειλεῖ.
1483 1455 1659 1508 Τοῦτο
1703 1453 1800 1523 μὲν

223 1543 320 1598 οὖν
356 1545 412 1598 αι
443 1545 680 1612 κεφαλαὶ
711 1545 1106 1600 ὑπαινίττοντο.
1142 1547 1223 1599 Τὰ
1249 1548 1492 1616 στόματα
1519 1547 1576 1600 δὲ
1611 1546 1672 1600 τὸ
1693 1545 1803 1599 ἀπὸ

226 1635 328 1704 τῆς
356 1637 654 1705 ὲγγύτητος
688 1636 932 1706 ὀλέθριον
952 1633 1161 1707 ἆσθμα,
1208 1639 1268 1691 οὗ
1312 1640 1595 1712 πόρρωθεν
1622 1641 1801 1710 διορά-

228 1745 367 1790 σεως
400 1727 789 1796 ἐλπιζόμενον,
820 1729 936 1781 ἀλλ’
980 1731 1267 1800 ἀγχοτάτω
1313 1735 1379 1803 τῇ
1432 1734 1800 1803 προσπελάσει

227 1818 286 1868 τὸ
352 1818 766 1886 ἀναπόδραστον
822 1821 1269 1890 ὲμπεδούμενον,
1331 1825 1508 1895 πυρὸς
1579 1827 1678 1896 μὲν
1741 1828 1802 1879 τὸ

1904 646 2009 684 non
2043 641 2126 686 est
2148 642 2376 686 amatur.
2405 634 2685 704 Capitibus
2706 645 2888 691 autem
2923 636 3136 690 leonum
3168 636 3465 706 assimilata

1901 732 2052 786 sunt,
2091 725 2158 778 ad
2189 725 2608 790 ostendendum,
2641 727 2786 798 quod
2816 743 2910 784 eos
2947 727 3038 797 qni
3067 727 3269 782 divinis
3302 727 3469 782 rebus

1903 817 2236 882 inserviunt,
2300 833 2409 872 non
2466 829 2679 888 oportet
2728 822 2796 875 ad
2835 819 3202 876 ministerium
3257 819 3469 886 dejecto

1901 909 2087 962 animo
2129 911 2412 966 accedere.
2471 931 2489 963 ι
2531 910 2696 966 Vivus
2731 924 2815 968 est
2855 913 2999 967 enim
3050 926 3231 967 sermo
3261 909 3377 974 Dei,
3415 917 3471 962 et

1901 1001 2095 1069 quovis
2124 1002 2302 1071 gladio
2339 1005 2510 1073 magis
2537 1020 2728 1060 secans
2752 1005 2817 1059 ".
2847 1025 2866 1057 ι
2891 1005 3017 1059 Ideo
3041 1014 3298 1072 tanquam
3337 1017 3473 1058 cen-

1903 1093 2048 1146 tui-io
2076 1104 2237 1162 caput
2268 1095 2601 1159 manifestat,
2645 1111 2841 1166 nempe
2883 1097 3309 1166 indignationem
3345 1110 3468 1148 cum

1901 1184 2244 1238 vehementia
2304 1186 2517 1240 leonina
2553 1206 2567 1243 :
2599 1187 2757 1256 quasi
2811 1203 2918 1242 non
2979 1189 3087 1242 alio
3137 1201 3301 1257 quam
3365 1187 3471 1241 hoc

1904 1276 2067 1329 modo
2105 1276 2391 1331 habiturus
2414 1279 2486 1333 sit
2511 1279 2814 1333 auditorem
2845 1287 3154 1348 promptum
3177 1279 3243 1332 ad
3276 1294 3471 1333 assen-

1905 1365 2167 1419 tiendum.
2198 1362 2386 1434 Neque
2421 1368 2489 1421 ab
2537 1369 2638 1422 hac
2690 1368 3039 1437 intelligentia
3075 1368 3304 1422 dissidet
3333 1369 3471 1421 Pan-

1903 1456 2009 1518 lus,
2039 1457 2260 1524 quando
2284 1457 2581 1512 Corinthiis
2615 1460 2852 1512 minatur
2886 1474 2944 1512 se
2972 1474 3096 1514 cum
3129 1458 3290 1528 733
3322 1457 3478 1526 virga

1903 1548 1968 1601 ad
2000 1550 2148 1615 ipsos
2183 1556 2493 1604 venturum.
2529 1548 2641 1603 Hoc
2687 1550 2869 1617 itaque
2913 1551 3231 1619 designabat
3271 1550 3468 1617 capita.

1902 1638 2010 1693 Ora
2060 1654 2189 1692 vero
2241 1640 2605 1708 perniciosam
2658 1641 2986 1693 anxietatem
3041 1656 3072 1694 e
3119 1639 3392 1708 proximo,
3420 1641 3476 1691 et

1904 1739 2010 1777 non
2060 1725 2247 1792 procul
2293 1741 2324 1779 a
2362 1727 2572 1780 visione
2623 1735 3026 1795 exspectatam,
3072 1733 3126 1780 et
3165 1726 3473 1781 inevitabile

1909 1817 2178 1870 vinculum
2205 1817 2662 1886 propinquissime
2685 1819 2921 1873 vicinum
2947 1837 2962 1873 :
2994 1829 3054 1873 ut
3081 1819 3224 1888 ignis
3249 1818 3469 1888 quidem

226 1908 606 1972 ἁερανιστικὸν.
674 1911 882 1963 καπνοῦ
925 1911 985 1963 τὸ
1038 1913 1157 1980 μετ’
1194 1914 1364 1983 ὀργῆς
1414 1916 1642 1984 (Ἀνέϐη
1693 1919 1800 1987 γὰρ
1834 1905 1907 1958 Πι

1787 1935 1800 1970 ,
1834 1905 1876 1958 Β
1905 1908 1954 1960 id
2001 1908 2247 1976 designet
2283 1910 2426 1977 quod
2458 1910 2614 1964 aliert
2647 1909 2948 1974 interitum,
2995 1912 3174 1967 fumus
3219 1913 3272 1966 id
3320 1915 3468 1981 quod

225 1999 460 2064 καπνὸς
489 2000 559 2051 ἐν
584 2000 732 2068 ὀργῇ
766 2002 1002 2068 αὐτοῦ),
1040 2003 1186 2057 θείου
1205 2006 1261 2058 δὲ
1293 2007 1354 2059 τὸ
1385 2009 1490 2061 ἀπὸ
1522 2010 1672 2072 θείας
1700 2013 1800 2080 μή-

223 2089 368 2152 νιδος
403 2091 781 2159 ἐμφαίνοντος,
835 2094 867 2162 ἢ
913 2095 1007 2147 καλ⁵
1061 2096 1122 2148 τὸ
1169 2098 1480 2169 θεαρέστως
1521 2107 1634 2164 τοῖς
1669 2104 1799 2157 ἀκο·

223 2182 446 2244 λάστοις
497 2183 861 2252 ἐπενεχθῆναι
897 2186 1090 2242 ταῦτα.
1133 2189 1256 2242 ὐτι
1309 2190 1364 2243 δὲ
1409 2193 1645 2263 ὀχήματι
1688 2195 1799 2247 τῶν

222 2273 419 2326 ἑαυτοῦ
459 2277 746 2344 κριμάτων
778 2279 868 2329 καὶ
908 2281 1226 2351 μυστηρίων
1265 2284 1422 2336 είωθε
1467 2287 1704 2355 χρῆσθαι
1737 2291 1799 2342 τὸ

221 2366 378 2418 Θεῖον
395 2368 507 2428 τοῖς
543 2368 843 2434 ίσαγγέλως
873 2369 1104 2437 βιοῦσιν,
1133 2373 1334 2437 ίκανῶς
1370 2375 1430 2428 τὸ
1457 2379 1590 2448 παρ’
1631 2380 1796 2434 αὑτοῦ

223 2459 362 2544 πρὸς
386 2459 637 2514 ’Δνανίαν
656 2464 1030 2532 χρηματισθὲν
1053 2483 1118 2518 πε
1127 2470 1180 2536 pi.
1197 2469 1410 2522 Παύλου
1433 2476 1796 2544 παραστήσει,

220 2551 289 2602 δι’
318 2542 394 2602 ὧν
422 2567 556 2618 φησι
589 2550 799 2603 Παῦλον
829 2552 1023 2616 σκεῦος
1049 2553 1280 2624 ἐκλογῆς
1309 2553 1469 2621 εἶναι,
1493 2542 1794 2629 ἀκαμάτως

224 2641 512 2710 βαστάζειν
565 2642 759 2711 ἔχοντα
814 2646 882 2697 τά
921 2645 1201 2717 θεοπρεπῆ
1238 2649 1510 2718 δόγματα,
1543 2651 1686 2719 άπερ
1711 2653 1798 2704 διά

221 2734 317 2786 τοῦ
371 2735 636 2802 ὀνόματος
689 2737 1096 2808 παρεδήλωσεν,
1146 2741 1365 2793 ἐπειδάν
1415 2742 1558 2812 ἔφη·
1613 2763 1630 2794 ι
1689 2742 1798 2795 Τοῦ

224 2827 493 2893 βαστάσαι
525 2827 584 2878 τὸ
606 2827 779 2894 ὄνομα
815 2846 916 2896 μου
941 2845 955 2859 ο
994 2849 1011 2880 ι
1048 2831 1222 2900 ὄνομα
1253 2832 1373 2883 ἀντὶ
1394 2832 1488 2884 τοῦ
1514 2833 1610 2903 τὴν
1641 2834 1798 2899 δόξαν

222 2917 394 2968 εἰπὼν
445 2918 537 2969 καὶ
569 2919 986 2986 μεγαλειότητα,
1039 2922 1134 2972 καὶ
1171 2923 1277 2973 πᾶν
1327 2922 1391 2974 τὸ
1425 2923 1566 2992 ὑπὲρ
1614 2924 1794 2991 λόγον,

221 3009 392 3075 ἤγουν
419 3010 768 3078 κατανόησιν,
794 3010 855 3061 οὐ
893 3010 1056 3080 μόνον
1090 3013 1311 3082 θνητὴν,
1340 3013 1477 3067 ἀλλά
1511 3016 1606 3069 καὶ
1631 3016 1796 3084 ἀγγερ

220 3099 401 3169 λικήν.

306 3278 376 3332 Ἣ
430 3277 538 3348 γὰρ
584 3280 838 3344 ἐξουσία
897 3284 1014 3336 τῶν
1057 3285 1257 3337 ἵππων
1329 3285 1398 3337 ἐν
1436 3283 1516 3350 τῷ
1552 3286 1801 3356 στόματι

220 3370 426 3426 αὐτῶν
454 3373 607 3428 ἐστι.
639 3375 703 3426 Τί
731 3375 926 3441 τοῦτο;
958 3377 1018 3429 τὸ
1069 3380 1170 3446 τὴν
1209 3377 1458 3441 ἐξουσίαν
1489 3380 1799 3433 ἀνατιθέναι

221 3463 594 3533 τῷστόματι,
635 3465 728 3519 καὶ
760 3467 925 3519 οἱονεὶ
964 3470 1063 3536 τὴν
1105 3467 1281 3522 αἰτίαν
1316 3469 1410 3521 τοῦ
1464 3470 1799 3525 ἀπεστάλθαι

221 3555 351 3616 τοὺς
382 3555 615 3618 ἴππους;
648 3556 680 3625 ἦ
707 3555 768 3608 τὸ
796 3557 904 3609 ἀπὸ
932 3558 1038 3609 τῶν
1081 3559 1364 3626 στομάτων
1399 3560 1577 3612 αὐτῶν
1605 3562 1800 3630 ἐμφαί-

223 3661 305 3696 νει
331 3645 584 3710 ἀπειλὰς,
615 3648 993 3714 ἐκφοϐούντων
1015 3647 1336 3720 ἀνθρώπους
1374 3651 1469 3703 τοῦ
1498 3652 1798 3721 ἀπέχεσθαι

223 3735 334 3787 τῶν
377 3736 627 3805 πονηρῶν
682 3739 1152 3808 ἐπιτηδευμάτων,
1190 3740 1282 3794 τοῦ
1317 3742 1390 3811 μὴ
1439 3745 1556 3804 ταῖς
1609 3741 1796 3813 οὐραῖς

223 3830 405 3882 αὐτῶν
438 3831 758 3901 ἐκδοθῆναι;
805 3833 897 3896 Ei;
946 3835 1116 3904 οὐράς
1163 3836 1272 3906 γὰρ
1306 3838 1374 3891 τὰ
1399 3837 1527 3907 τέλη
1574 3839 1668 3891 καὶΙ
1696 3839 1794 3908 τὴν

224 3923 456 3977 ἔκϐασιν
499 3925 608 3977 τῶν
634 3925 1025 3996 ἀπολλυμένων
1058 3928 1356 3997 διατυπὼν,
1389 3932 1485 3985 καὶ
1517 3931 1581 4003 δή
1609 3949 1672 3999 γε
1702 3934 1799 3986 καὶ

226 4014 399 4084 αὐτὴν
448 4016 546 4085 τὴν
601 4016 828 4070 ἑκϐασιν
881 4019 1218 4092 διαμορφῶν,
1270 4021 1456 4088 ὄφεσιν
1510 4024 1798 4088 ἀπεικάζει

226 4108 423 4176 ὁμοίας
451 4107 636 4178 ἔχουσι
679 4109 942 4177 κεφαλὰς,
976 4112 1036 4174 ἐξ
1069 4113 1236 4180 αὐτῆς
1266 4112 1465 4182 δηλαδὴ
1488 4115 1586 4182 τῆς
1610 4115 1797 4182 ἐφόδου

224 4198 286 4250 τὸ
308 4198 552 4268 ὀλέθριον
583 4201 992 4268 ὲμφανιζούσας
1031 4203 1125 4256 καὶ
1158 4205 1584 4271 ἀναπόδραστον,
1619 4207 1711 4258 καὶ
1740 4206 1800 4258 τὺ

224 4289 494 4359 ἀμελλητὶ
542 4292 643 4362 τὴν
689 4293 933 4346 κάκωσιν
1001 4295 1304 4366 ἐπιφέρειν,
1357 4297 1457 4350 οὐκ
1504 4296 1670 4368 οὔσης
1719 4300 1800 4350 ἔτι

225 4400 290 4434 πε
302 4384 510 4452 μνοίας
540 4384 638 4454 τὴν
666 4385 911 4438 κάκωσιν
940 4387 1358 4457 διαδιδράσκειν.

295 4477 406 4531 Καὶ
434 4480 488 4530 οι
525 4479 721 4530 ,λοιποί
748 4477 866 4531 τῶν
910 4479 1238 4545 ἀνθρώπων
1265 4478 1323 4532 οἳ
1353 4481 1464 4531 οὐκ
1502 4479 1798 4534 ἀπεκτάν-

1900 2013 2023 2052 cum
2059 1999 2137 2053 ira
2171 2001 2320 2054 venit
2351 2018 2366 2055 :
2399 2003 2561 2069 (nam
2590 2002 2835 2056 Ascendit
2875 2004 3058 2072 {unius
3089 2005 3145 2057 in
3173 2005 3255 2057 ira
3281 2003 3395 2074 ejus
3419 2006 3481 2072 :)-

1899 2092 2130 2160 sulphur
2159 2101 2341 2146 autem
2388 2093 2440 2147 id
2479 2094 2624 2162 quod
2655 2095 2818 2148 etiam
2862 2111 2893 2148 ιι
2923 2095 3106 2148 divina
3137 2103 3220 2148 est
3243 2095 3347 2160 ira,
3377 2096 3471 2149 sed

1900 2183 2338 2248 permanentiore
2379 2197 2393 2233 :
2436 2192 2532 2235 aut
2587 2183 2731 2252 quod
2792 2183 2907 2236 haec
2957 2184 3235 2238 voluntate
3288 2183 3470 2237 divina

1901 2275 2122 2331 lascivis
2167 2284 2222 2330 et
2266 2275 2731 2332 incontinentihus
2761 2278 2911 2331 illata
2947 2278 3074 2332 sint.
3110 2277 3265 2342 Quod
3292 2287 3472 2332 autem

1903 2368 1986 2422 his
2016 2369 2189 2422 soleat
2229 2369 2306 2423 uti
2342 2369 2614 2424 Divinitas
2646 2371 2737 2439 qui
2795 2371 2960 2424 vitam
3005 2370 3213 2425 ducunt
3266 2370 3474 2438 angeli-

1897 2474 2041 2520 eam,
2076 2468 2335 2528 tanquam
2369 2474 2592 2513 suorum
2617 2460 2948 2527 judiciorum
2988 2475 3052 2515 ac
3086 2463 3470 2530 mysteriorum

1900 2551 2177 2613 vehiculo,
2207 2551 2340 2605 satis
2363 2551 2703 2604 demonstrat
2727 2551 2776 2605 id
2805 2551 2949 2620 quod
2977 2551 3090 2620 ipse
3118 2550 3378 2609 Dominus
3406 2552 3474 2607 de

1900 2641 2071 2695 Paulo
2099 2643 2236 2696 dixit
2281 2644 2347 2695 ad
2388 2642 2677 2706 Ananiam,
2725 2642 2815 2695 ubi
2845 2643 2921 2696 ait
2952 2641 3181 2696 Paulum
3213 2658 3309 2697 vas
3355 2645 3467 2698 ele~

1900 2733 2098 2787 ctiouis
2143 2749 2292 2798 esse,
2328 2743 2386 2788 ut
2420 2733 2689 2788 indefesse
2718 2733 2858 2788 l'erre
2909 2742 3091 2801 posset
3140 2735 3323 2789 divina
3369 2737 3468 2790 do-

1901 2834 2102 2893 gmata,
2138 2840 2260 2894 quae
2291 2840 2386 2895 per
2415 2840 2615 2879 nomen
2654 2840 2814 2878 suum
2849 2824 3192 2894 signiﬁcavit,
3241 2827 3468 2882 dicens:

1906 2936 1924 2967 ι
1964 2916 2033 2970 Ut
2065 2925 2245 2986 portet
2273 2931 2469 2972 nomen
2507 2933 2689 2972 meum
2708 2917 2754 2951 ⁸⁸
2789 2936 2802 2972 :
2833 2936 2852 2969 ι
2898 2933 3094 2972 nomen
3123 2933 3325 2973 vocans
3357 2919 3474 2988 glo-

1903 3008 2038 3061 riam
2072 3015 2126 3062 et
2166 3008 2539 3077 maiestatem,
2574 3024 2846 3079 omneque
2897 3010 2948 3064 id
2985 3011 3127 3080 quod
3159 3024 3470 3066 sermonem

1901 3100 2112 3154 excedit
2161 3100 2275 3154 sive
2316 3101 2674 3165 intellectum,
2734 3119 2842 3156 non
2895 3111 3107 3157 tantum
3159 3104 3468 3168 mortalem,

1827 3167 1867 3222 (ἶ
1906 3207 2090 3244 verum
2121 3192 2283 3244 etiam
2319 3193 2647 3261 angelicum.

1975 3281 2216 3336 Potestas
2245 3285 2384 3337 enim
2413 3300 2665 3352 equorum
2711 3286 2766 3338 in
2805 3301 2894 3339 ore
2929 3286 3165 3355 ipsorum
3197 3296 3295 3341 est.
3331 3286 3473 3353 Quid

1905 3376 2042 3429 hoc?
2089 3391 2157 3429 an
2217 3384 2539 3444 potestatem
2588 3378 2670 3429 ori
2716 3377 2996 3443 attribuit,
3051 3378 3212 3431 Vt‘luli
3249 3393 3472 3434 causam

1901 3468 2089 3522 dicens
2121 3483 2216 3521 cur
2247 3468 2401 3524 missi
2457 3469 2568 3523 sint
2606 3469 2771 3537 equi?
2815 3484 2882 3522 an
2923 3470 3068 3539 quod
3098 3469 3176 3523 ait
3216 3488 3230 3525 :
3280 3470 3349 3524 ab
3379 3485 3476 3524 ore

1903 3561 2184 3628 ipsorum,
2231 3561 2412 3614 minas
2454 3562 2693 3616 ostendit
2735 3577 2923 3615 earum
2971 3576 3153 3616 rerum
3201 3576 3324 3629 quae
3374 3561 3474 3615 ho-

1903 3653 2077 3705 mines
2103 3661 2399 3717 exterrent,
2434 3661 2492 3705 nt
2529 3669 2558 3706 ιι
2592 3654 2774 3720 pravis
2811 3653 3120 3707 abstineant
3156 3652 3374 3718 studiis,
3406 3668 3477 3708 ne

1901 3744 2089 3798 caudis
2145 3744 2361 3797 illorum
2399 3743 2727 3798 tradantur?
2759 3743 2863 3797 Per
2905 3744 3052 3813 ipsas
3084 3743 3229 3798 enim
3269 3743 3475 3799 caudas

1902 3836 2061 3889 linem
2113 3851 2177 3890 ac
2221 3847 2472 3889 eventum
2506 3837 2798 3903 designans
2829 3849 3018 3890 eorum
3060 3836 3154 3905 qui
3191 3843 3420 3905 pereunt
3455 3854 3470 3891 :

1902 3937 1956 3980 et
1979 3927 2091 3997 jam
2130 3927 2303 3994 ipsmu
2352 3943 2570 3996 quoque
2605 3940 2855 3982 eventum
2900 3927 3163 3997 elIigians,
3201 3926 3474 3996 serpenti-

1903 4020 2004 4073 bus
2033 4027 2334 4087 comparat,
2363 4019 2455 4089 qui
2498 4019 2700 4072 similia
2735 4019 2970 4072 habeant
2998 4018 3175 4087 capita
3206 4034 3220 4071 :
3254 4033 3318 4071 ex
3353 4017 3474 4086 ipso

1901 4111 2154 4165 videlicet
2187 4111 2390 4179 impetu
2425 4118 2478 4164 et
2511 4125 2738 4164 accessu
2783 4110 3080 4163 ostendens
3117 4107 3318 4163 afferre
3353 4108 3474 4162 exi-

1903 4202 2037 4254 tium
2081 4201 2414 4268 inevitabile,
2446 4209 2497 4255 et
2539 4210 2861 4270 prmsentem
2892 4201 3064 4269 magis
3108 4214 3273 4267 quam
3319 4197 3474 4253 lutu-

1903 4309 2017 4346 ram
2061 4292 2439 4357 amictionem,
2478 4309 2601 4347 cum
2653 4293 2799 4347 nulla
2831 4293 2942 4362 jam
2993 4291 3213 4345 solertia
3259 4290 3484 4345 valeant.

1902 4384 2244 4438 amictionem
2274 4385 2531 4452 eﬂ'ugere.

1973 4475 2078 4539 IX,
2112 4476 2216 4540 20,
2262 4476 2350 4532 21.
2388 4475 2452 4528 Et
2493 4477 2670 4529 caueri
2708 4477 2943 4530 homines
2969 4479 3058 4547 qui
3096 4493 3196 4530 non
3228 4482 3350 4529 sunt
3381 4491 3474 4529 oc-

222 4571 425 4634 θησαν
455 4569 524 4620 ἐν
557 4567 687 4630 ταῖς
724 4567 984 4637 πληιραῖς
1012 4569 1283 4634 ταύταις,
1323 4570 1395 4622 οὺ
1417 4571 1795 4636 μετενόησαν
1833 4567 1869 4577 “’

1833 4567 1869 4577 “’
1904 4568 2000 4621 cisi
2056 4567 2136 4620 his
2180 4567 2388 4634 plagis,
2438 4585 2539 4620 non
2583 4568 2910 4637 resipuerunt
2965 4570 3030 4623 ab
3075 4567 3314 4638 operibus
3365 4567 3484 4620 suis

220 4664 290 4714 ἐκ
313 4661 432 4714 τῶν
461 4661 648 4728 ἔργων
671 4660 790 4714 τῶν
815 4659 1029 4729 χειρῶν
1056 4661 1276 4724 αὐτῶν,
1301 4663 1402 4715 ἵνα
1423 4661 1509 4730 μὴ
1537 4678 1798 4729 προσκυ-

221 4753 461 4818 νήσωσι
494 4753 566 4806 τὰ
605 4752 900 4821 δαιμόνια,
956 4753 1056 4805 καὶ
1113 4753 1181 4807 τὰ
1208 4754 1428 4807 εἴδωλα
1476 4755 1547 4807 τὰ
1596 4752 1797 4822 χρυσᾶ

223 4841 428 4895 καὶτὰ
471 4840 698 4910 ἀργυρᾶ
727 4841 825 4894 καὶ
872 4842 942 4895 τὰ
981 4846 1186 4897 λίθινα
1236 4845 1332 4897 καὶ
1374 4845 1446 4897 τὰ
1493 4844 1728 4907 ξύλινα.
1759 4844 1798 4898 ἂ

220 4934 363 4988 οὔτε
386 4932 644 4996 βλέπειν
692 4934 961 4998 δύναται,
993 4936 1132 4988 οὔτε
1163 4935 1431 5000 ἀκούειν,
1460 4937 1598 4990 οὔτε
1634 4951 1798 5003 περι-

224 5022 441 5076 πατεῖν
460 5039 474 5053 ·
500 5024 597 5075 καὶ
625 5025 696 5076 οὐ
712 5026 1090 5092 μετενόησαν
1116 5025 1184 5078 ἐκ
1206 5024 1323 5079 τῶν
1349 5028 1552 5095 φόνων
1575 5027 1794 5092 αὐτῶν,

222 5115 365 5167 οὔτε
397 5113 465 5165 ἐκ
502 5111 618 5164 τῶν
641 5114 968 5181 φαρμάκων
993 5113 1214 5180 αὐτῶν,
1241 5117 1381 5170 οὔτε
1407 5118 1475 5171 ἐκ
1507 5117 1615 5186 τῆς
1653 5137 1797 5186 πορ-

220 5204 393 5268 νείας
428 5201 650 5264 αὐτῶν,
672 5204 810 5256 οὔτε
839 5205 907 5257 ἐκ
933 5204 1052 5258 τῶν
1073 5205 1425 5274 κλεμμάτων
1452 5209 1669 5264 αὐτῶν.

304 5293 644 5361 Ὑπερδολὴν
679 5295 1039 5364 ἀναισθησίας
1061 5299 1088 5349 ὁ
1118 5297 1272 5365 λόγος
1315 5301 1594 5370 σημαίνει,
1633 5301 1799 5369 ἤγουν

225 5382 562 5450 ἀναλγησίας
594 5382 688 5434 καὶ
721 5383 1038 5450 ἀκολασίας,
1070 5387 1162 5437 τὸν
1205 5387 1301 5452 τῆς
1353 5388 1440 5439 ἐπ’
1468 5388 1662 5451 αὐτοὺς
1709 5389 1798 5440 διὰ

225 5473 642 5542 φιλανθρωπίαν
671 5474 887 5542 φειδοῦς
918 5476 1052 5538 τέως
1075 5477 1500 5548 ὑπερτιθέμενον
1525 5481 1797 5550 σωτηρίας

226 5567 421 5636 καιρὸν
451 5567 531 5628 εἰς
589 5567 768 5635 μάτην
817 5566 1247 5632 ἀναλωσάντων,
1307 5571 1400 5622 καὶ
1451 5572 1530 5634 είς
1583 5571 1646 5624 τὸ
1695 5573 1794 5642 τὴν

224 5659 350 5710 κατ’
380 5657 539 5720 ἀξίαν
574 5661 670 5727 τῆς
721 5657 996 5729 ῥᾳθυμίας
1027 5660 1208 5712 αὐτῶν
1254 5661 1611 5716 ἀνταπόδοσιν
1650 5664 1790 5716 ἀπο-

296 5816 342 5846 "
375 5814 537 5869 llebr.
573 5831 648 5881 ιν,
691 5816 773 5872 l2.
852 5817 896 5848 ⁸⁵
931 5818 1053 5872 Act.
1111 5834 1186 5883 ιιι,
1229 5821 1310 5874 l5.

1904 4662 2102 4728 pravis,
2153 4670 2342 4713 ut'non
2390 4661 2674 4713 adorarent
2717 4661 2977 4714 daemonia
3008 4673 3055 4714 et
3107 4661 3279 4722 idola,
3311 4676 3475 4712 aurea

1904 4760 1951 4802 et
1992 4759 2238 4818 argentea
2285 4758 2334 4802 et
2377 4749 2585 4816 lapidea
2614 4759 2662 4802 et
2698 4750 2907 4819 lignea.
2945 4766 3061 4819 qua:
3092 4766 3254 4820 neque
3301 4747 3477 4802 videre

1903 4851 2156 4907 possunt,
2197 4858 2360 4909 neque
2419 4843 2636 4903 audire.
2693 4859 2853 4910 neque
2904 4841 3175 4895 ambuiars
3219 4856 3240 4894 :
3273 4851 3322 4894 et
3372 4854 3486 4894 non

1905 4941 2120 5000 egerunt
2176 4934 2532 4999 paenitentiam
2580 4933 2644 4986 de
2687 4933 2986 4986 homicidiis
3034 4935 3179 4997 suis,
3211 4947 3370 5002 neque
3411 4931 3483 4983 de

1896 5027 2151 5092 veneﬁciis
2205 5027 2336 5090 suis,
2374 5042 2530 5094 neque
2565 5029 2628 5078 de
2676 5027 2994 5079 scortatione
3045 5042 3170 5089 sua,
3209 5039 3370 5092 neque
3409 5022 3481 5076 de

1897 5119 2056 5188 furtis
2090 5118 2199 5170 suis

1971 5293 2262 5348 Maximam
2323 5294 2570 5364 designat
2622 5293 2710 5346 hic
2759 5307 2938 5346 sermo
2998 5291 3477 5347 insensibilitatem

1903 5389 2019 5441 sive
2062 5388 2416 5440 indolentiam
2462 5402 2528 5439 ac
2574 5385 2856 5439 lasciviam
2900 5385 3064 5457 734
3100 5399 3288 5440 eorum
3316 5421 3332 5446 ,
3380 5384 3483 5452 qui

1906 5488 2120 5546 tempus
2154 5479 2296 5543 quod
2338 5477 2557 5531 interim
2599 5477 2740 5529 Deus
2768 5475 3003 5544 benigne
3032 5475 3303 5542 parcendo
3336 5488 3472 5528 con-

1905 5580 2149 5625 cesserat
2197 5569 2329 5637 ipsis
2370 5569 2436 5622 ad
2486 5569 2754 5633 salutem,
2801 5583 2939 5620 vane
2987 5572 3474 5636 contempserunt,

1903 5675 1963 5718 ut
2017 5663 2255 5718 referant
2311 5662 2725 5718 retributionem
2775 5676 2896 5731 qua!
2931 5660 3091 5730 digna
3133 5660 3204 5716 sit
3244 5655 3475 5730 segnitie
