4256 6440
759 398 868 461 εῖίε

1572 397 1903 458 ΑΒΕΤΙΙᾸΞ
1942 397 2326 459 ΕᾺΕΒΑΒΕᾸΕ
2365 399 2856 461 ΟᾹΡΡΑΒΟΕΙᾸΞ
2895 401 3239 465 EPISCOPI

3923 404 4039 465 531s

778 521 1037 561 murrina.
1101 505 1265 575 Atqui
1322 505 1681 561 exercebatur
1740 508 1905 562 etiam
1975 518 2102 563 ante
2155 510 2344 565 oculos
2370 509 2656 579 Αφέρειν,
2706 512 2984 580 καίτοιγε
3030 514 3127 568 καὶ
3175 530 3239 582 πε

2466 509 2656 579 ρέρειν,
2706 512 2880 565 καίτοι
2918 529 2984 580 γε
3030 514 3127 568 καὶ
3175 511 3282 582 πρὸ
3329 510 3594 582 ὀμμάτων
3627 514 4039 581 ἐνεργουμένης

771 600 1031 653 malorum
1067 599 1387 663 retributio,
1420 598 1475 653 bi
1501 608 1679 654 tamen
1715 610 1923 656 tantum
1956 604 2111 658 abest
2143 610 2201 656 ut
2227 611 2338 658 ter-

765 694 1005 746 ribilium
1043 707 1163 761 quia!
1198 692 1303 746 sibi
1342 701 1529 762 parata
1561 703 1721 747 erant
1743 704 1965 763 aspectu
1999 694 2195 764 seipsis
2233 710 2349 750 me-

766 785 931 840 liores
993 785 1375 850 eﬂicercutur,
1438 795 1498 839 ut
1558 786 1722 840 etiam
1796 787 2006 856 pejores
2062 786 2347 858 magisque

767 878 1002 945 pet't'ﬂlis
1037 876 1281 930 immersi
1305 916 1321 941 ,
1358 894 1581 931 cursum
1614 894 1773 932 suum
1806 889 2275 935 consummarent.

838 966 959 1019 Non
1006 969 1337 1036 resipuerunt
1395 966 1459 1019 ab
1515 970 1755 1036 operibus
1812 969 1921 1022 suis
1976 970 2171 1036 pravis.
2227 969 2345 1025 Non

768 1062 902 1121 imo,
951 1061 1066 1123 ait,
1118 1058 1262 1128 quod
1315 1073 1423 1112 non
1470 1060 1799 1127 resipuerint
1851 1061 1904 1112 in
1940 1057 2126 1115 futura
2175 1060 2284 1114 vita
2330 1083 2345 1117 :

766 1154 1047 1205 auoinodo
1086 1152 1229 1205 enim
1270 1161 1365 1204 aut
1410 1168 1532 1221 qua:
1568 1162 1751 1219 posset
1782 1167 1903 1206 esse
1960 1152 2348 1223 resipiscentia

766 1243 819 1296 in
858 1244 1183 1297 immutabili
1212 1243 1359 1297 vita?
1392 1245 1484 1297 sed
1512 1244 1652 1313 quod
1691 1245 1871 1300 adhuc
1893 1246 2138 1301 viventes
2157 1288 2172 1311 ,
2200 1252 2255 1301 et
2282 1261 2349 1301 ex

765 1336 953 1389 auditu
986 1348 1039 1389 et
1068 1348 1289 1405 aspectu
1323 1352 1513 1390 eorum
1547 1350 1670 1404 qua:
1706 1346 1835 1394 tunc
1865 1337 2047 1392 futura
2084 1350 2210 1392 sunt
2239 1356 2349 1395 non

770 1425 1153 1493 i-i-sipiscentes
1180 1426 1249 1478 ab
1275 1424 1535 1493 operibus
1563 1439 1684 1492 qua:
1714 1425 1969 1480 videbant
2003 1442 2127 1481 esse
2160 1444 2349 1497 prava,

768 1517 1097 1570 addiderunt
1139 1516 1205 1570 ad
1248 1516 1442 1585 prima,
1478 1526 1605 1586 puta
1638 1517 1704 1570 ad
1755 1517 1999 1571 insanam
2040 1518 2349 1575 dmumnum

768 1625 833 1663 ac
889 1611 1157 1662 idolorum
1214 1609 1529 1671 culturam,
1583 1611 1749 1664 etiam
1801 1626 1864 1664 ea
1900 1627 2021 1677 qua:
2066 1612 2253 1667 odium
2298 1622 2355 1668 et

770 1702 1030 1756 invidiam
1062 1716 1170 1756 una
1210 1718 1334 1756 eum
1363 1701 1683 1755 adoratiouc
1716 1700 1983 1756 all‘errent
2012 1720 2029 1756 :
2062 1718 2169 1757 non
2203 1704 2351 1773 quod

768 1794 1251 1849 insensibilitatem
1284 1794 1463 1847 solum
1501 1794 1748 1864 designet
1786 1810 1978 1849 eorum
2024 1811 2149 1865 quae
2183 1813 2348 1851 manu

2448 600 2549 671 τῆς
2588 602 2699 655 τῶν
2728 605 2983 674 πονηρῶν
3011 604 3382 675 ἀντιμεσθίας.
3433 604 3496 656 0!
3544 604 3601 657 δὲ
3640 604 3737 673 οὐχ
3781 605 3931 667 ὅπως
3969 608 4034 673 τῇ

2452 693 2551 766 θέᾳ
2583 694 2693 748 τῶν
2723 696 2973 768 φοϐερῶν
2997 697 3108 751 τῶν
3136 697 3322 761 αὐτοῖς
3361 697 3615 767 ἐτοίμων,
3663 697 3906 766 βελτίους
3934 713 4037 761 γε-

2450 786 2675 854 γόνασιν
2706 789 2937 853 ἑαυτῶν,
2963 791 3013 841 εί
3049 788 3124 859 μὴ
3141 790 3238 842 καὶ
3257 790 3479 860 χείρους
3506 791 3600 843 καὶ
3628 793 3741 852 τοῖς
3767 791 4037 859 ἀμαρτω-

2451 875 2572 928 λοτέ
2580 894 2693 947 ροις
2728 878 3179 948 ἐνδολιχεύοντες.

2524 971 2607 1022 Οὐ
2639 970 3023 1037 μετενόησαν
3057 970 3127 1023 ἐκ
3154 969 3275 1023 τῶν
3306 970 3499 1040 ἔργων
3531 969 3652 1024 τῶν
3681 971 3899 1040 χειρῶν
3928 975 4039 1026 αὐ-

2450 1058 2589 1113 τῶν.
2624 1060 2700 1113 Οὐ
2729 1060 2887 1113 τοῦτό
2926 1077 3115 1131 φησιν,
3151 1063 3235 1115 ὅτι
3274 1063 3324 1115 οἱ
3376 1062 3452 1132 μὴ
3508 1064 3942 1133 μετανοήσαντες
3977 1067 4037 1115 ἐν

2450 1150 2529 1220 τῷ
2568 1152 2747 1204 ἐκεῖσε
2778 1151 2879 1222 βίῳ
2946 1152 3087 1222 (πῶς
3114 1155 3224 1225 γὰρ
3248 1156 3342 1207 καὶ
3386 1156 3470 1218 τίς
3501 1157 3535 1226 ή
3587 1158 3926 1225 μετάγνωσις
3977 1159 4037 1209 ἐν

2452 1240 2530 1310 τῷ
2553 1240 2899 1311 ἁναλλοιώτῳ
2928 1240 3087 1312 βίῳ),
3118 1243 3235 1296 ἀλλ’
3265 1243 3345 1296 ὅτι
3395 1244 3445 1296 οἱ
3484 1244 3686 1308 ζῶντες
3718 1244 3798 1297 ἔτι
3830 1246 3925 1298 καὶ
3959 1245 4037 1313 μὴ

2452 1334 2518 1385 ἐκ
2548 1332 2649 1400 τῆς
2689 1335 2859 1404 ἀκοῆς
2898 1336 2993 1389 καὶ
3034 1334 3165 1399 θέας
3207 1337 3318 1390 τῶν
3371 1336 3494 1390 τότε
3542 1338 3819 1408 ἐσομένων
3868 1355 4039 1407 μετα-

2453 1426 2745 1493 νοήσαντες
2785 1428 2895 1479 ἀπὸ
2941 1427 3050 1480 τῶν
3083 1428 3262 1497 ἔργων
3291 1423 3367 1483 ὦν
3412 1429 3693 1493 κατεῖδον,
3734 1430 4039 1500 παρέθεντο

2457 1515 2591 1587 πρὸς
2607 1517 2676 1568 τὰ
2693 1516 2883 1588 πρῶτα
2898 1517 2998 1585 τῆς
3018 1518 3444 1588 δαιμονομανίας
3457 1520 3554 1572 καὶ
3567 1518 4037 1588 είδωλολατρείας,

2457 1606 2554 1659 καὶ
2580 1607 2650 1659 τά
2678 1606 2815 1675 πρὸς
2842 1605 2904 1659 τὸ
2936 1606 3101 1669 σέϐας
3126 1606 3224 1678 τὴν
3249 1605 3578 1677 δυσμένειαν
3605 1606 3859 1678 φέροντα,
3889 1607 3951 1659 οὐ
3979 1609 4041 1659 το

2455 1698 2784 1769 ἀναίσθητον
2821 1698 3175 1770 ὑπειδόμενος
3204 1700 3313 1753 τῶν
3338 1701 3744 1772 χειροκμήτων,
3790 1700 3909 1753 ἀλλ’
3953 1701 4039 1753 ὅτι

2456 1790 2546 1842 ἐπ’
2600 1792 2803 1861 ἀνομία
2850 1790 3084 1861 ἀνομίαν
3140 1791 3499 1861 προσέθεσαν.
3547 1792 3750 1861 Διόπερ
3798 1794 3894 1845 καὶ
3936 1793 4041 1855 τῆς

770 1888 911 1940 t'm-ta
947 1896 1095 1950 sunt,
1138 1886 1230 1940 sed
1271 1884 1416 1955 quod
1469 1888 1705 1955 peccatis
1737 1886 2065 1941 addiderunt
2107 1902 2353 1957 peccata.
2386 1886 2427 1940 Β
2457 1886 2691 1956 ἀληθοῦς
2739 1886 3180 1956 ἀπεκλείσθησαν
3234 1892 3239 1934 ί

2466 1886 2691 1956 ἀληθοῦς
2739 1886 3180 1956 ἀπεκλείσθησαν
3234 1887 3602 1955 δικαιοσύνης.
3657 1888 3755 1951 Τίς
3803 1888 3913 1957 γάρ
3961 1888 4041 1940 δι-

772 1980 896 2035 Ideo
924 1995 1143 2049 quoque
1187 1996 1217 2033 a
1247 1994 1373 2033 vera
1420 1979 1631 2047 justitia
1672 1979 1880 2034 exclusi
1919 1990 2066 2033 sunt.
2109 1982 2242 2045 Quae
2269 1991 2355 2036 est

767 2072 915 2124 enim
941 2071 1155 2139 justitia
1191 2070 1244 2123 in
1275 2087 1340 2123 eo
1366 2073 1458 2139 qui
1494 2072 1661 2125 aliunt
1710 2071 1794 2125 sui
1825 2072 2039 2140 generis
2067 2072 2349 2139 interitnit,

769 2174 864 2217 aut
911 2163 1074 2233 gladii
1120 2163 1350 2231 impetu,
1396 2173 1493 2216 aut
1527 2179 1861 2217 venenorum
1891 2166 2142 2221 insidiis?
2187 2167 2355 2224 Porro

768 2258 1047 2323 quis-eum
1094 2270 1202 2308 non
1241 2256 1454 2321 oderit,
1488 2259 1580 2327 qui
1616 2274 1683 2311 ne
1728 2259 1831 2312 sibi
1884 2260 2103 2327 quidem
2144 2263 2355 2329 parcit,

771 2364 872 2401 nec
930 2349 1139 2401 tardior
1190 2357 1277 2401 est
1327 2360 1382 2401 ut
1438 2350 1710 2416 excogitet
1764 2352 2027 2406 adversus
2073 2355 2354 2422 seipsum,

770 2452 1036 2510 quantum
1070 2444 1273 2496 faceret
1307 2443 1566 2499 inimicus
1592 2444 1684 2514 qui
1728 2446 1985 2502 insidiose
2010 2464 2137 2519 erga
2177 2451 2354 2520 ipsum

771 2534 1001 2589 allectus
1028 2537 1215 2590 esset?
1243 2537 1347 2591 Aut
1383 2538 1508 2607 quis
1548 2555 1655 2592 non
1706 2543 2097 2596 exserrandam
2132 2554 2186 2599 et
2224 2547 2357 2599 abo-

773 2627 1087 2681 minandam
1121 2628 1346 2682 duceret
1384 2630 1740 2683 scortationis
1784 2634 2102 2701 spurcitiam
2135 2646 2188 2689 ct
2216 2639 2359 2691 assi-

771 2717 1063 2782 duitatem,
1104 2736 1207 2788 qua
1240 2721 1482 2789 seipsum
1528 2723 1653 2793 quis
1693 2724 1870 2793 privat
1902 2744 1968 2779 ne
2004 2726 2246 2782 divinum
2287 2731 2358 2784 sit

776 2809 1179 2875 habitaculum,
1213 2812 1258 2865 si
1292 2813 1417 2867 divo
1449 2814 1619 2867 Paulo
1662 2816 1979 2871 credimus?
2012 2816 2236 2872 Demum
2259 2860 2273 2883 ,
2312 2821 2360 2876 is

772 2904 868 2969 qui
902 2902 957 2955 in
1006 2902 1168 2958 iurtis
1202 2916 1517 2973 perseverat
1555 2909 1801 2972 assidue,
1848 2910 1976 2963 illud
2013 2911 2115 2964 sibi
2168 2912 2360 2966 vendi-

772 2996 943 3055 cavit,
979 3004 1036 3050 ut
1065 2995 1167 3051 sibi
1210 2998 1311 3068 ipsi
1344 2997 1523 3055 factus
1558 3001 1631 3055 sit
1661 3001 2062 3057 incommodus.

1319 3134 1551 3192 CAPUT
1589 3137 1829 3194 XXVIII.

2456 1978 2715 2049 καιοσύνη
2744 1980 2974 2049 φονῶντι
3005 1980 3097 2033 τὸν
3124 1978 3396 2049 ὁμόφυλον
3426 1979 3458 2050 ἢ
3501 1979 3589 2031 διά
3623 1979 3808 2045 ξίφους
3840 1982 4042 2047 ἐπιφο-

2460 2071 2580 2139 ρᾶς,
2617 2072 2649 2141 ἢ
2681 2072 2769 2124 διὰ
2796 2070 3108 2142 φαρμάκων
3135 2069 3466 2139 ἐπιϐουλῆςς
3498 2070 3582 2134 τίς
3608 2070 3663 2122 δέ
3692 2069 4043 2137 τὺνξάφειδῶς

2455 2161 2637 2229 ἐαυτῷ
2679 2162 2965 2232 χρώμενον
3022 2162 3084 2215 οὐ
3132 2162 3390 2232 μισήσεις
3428 2162 3523 2215 καὶ
3558 2162 3661 2214 ὅσα
3698 2164 3791 2214 καὶ
3846 2162 4045 2231 ἐχθρὸς

2458 2252 2765 2316 ἐπιϐούλως
2790 2253 3135 2322 διακείμενος
3168 2254 3339 2322 αὐτῷ,
3383 2253 3731 2322 μηχανᾶσθαι
3769 2256 3849 2316 είς
3878 2254 4046 2306 αὐτὸν

2456 2347 2518 2399 οὐ
2550 2348 2919 2414 κατοκνήσεις
2956 2347 3055 2409 Τίς
3100 2346 3213 2417 γάρ
3235 2346 3295 2399 τὸ
3322 2347 3410 2398 διὰ
3458 2346 3714 2416 πορνείας
3768 2347 4046 2415 μυσαρὶαν

2458 2437 2553 2489 καὶ
2603 2438 2962 2507 προσεδρείαν
3010 2435 3105 2490 τοῦ
3148 2436 3291 2489 Οεῖον
3344 2432 3484 2489 εἶναι
3550 2438 3815 2506 σκήνωμα
3851 2436 4050 2488 ἑαυτὸν

2458 2528 2785 2599 ἀποστερεῖν
2812 2530 2951 2596 (εἴγε
2984 2530 3062 2599 τῷ
3088 2529 3221 2598 Θείῳ
3270 2528 3469 2598 Παύλῳ
3525 2529 3798 2597 πειστέον)
3826 2528 3889 2579 οὐ
3924 2528 4052 2596 βδε-

2458 2618 2698 2688 λυγμίαν
2741 2620 2898 2689 σχοίη
2936 2621 3032 2672 καὶ
3084 2619 3492 2689 ἀποτρόπαιον;
3544 2618 3606 2671 ’0
3662 2618 3720 2670 δέ
3760 2617 4052 2687 κλέμμασι

2461 2711 2855 2781 προσλιπαρῶν
2887 2712 3063 2763 ἐκεῖνο
3090 2710 3155 2763 ἂν
3178 2709 3522 2781 ᾠκειώσατο,
3554 2708 3631 2773 ὡς
3655 2709 3755 2764 καὶ
3782 2709 3965 2782 ἐαυτῷ
3985 2712 4052 2763 τὸ

2460 2802 2776 2873 ἀσύμφορον
2800 2800 3070 2872 ὲμνηστεύ
3080 2818 3231 2857 σατο.

3040 3114 3293 3168 ΚΕΦΑΛ.
3330 3111 3465 3168 κη’.

777 3246 850 3323 De
882 3248 1066 3315 angelo
1098 3249 1431 3323 circumdato
1458 3251 1590 3305 nube
1630 3269 1692 3305 ac
1721 3253 1859 3307 iride
1879 3297 1891 3313 .
1919 3254 2009 3323 qui
2036 3272 2361 3312 communem
2390 3243 2432 3301 (ἶ
2466 3230 2606 3301 Περὶ
2638 3229 3239 3323 ἀΪΪέλ-ῗυίξξξῖξᾷῗὸξέη

2466 3230 2606 3301 Περὶ
2638 3229 2901 3323 ἀγγέλῳ
2932 3228 3441 3323 περιιΰεϐληιιένου
3473 3229 3741 3316 νεφέλην
3767 3229 3870 3285 καί
3902 3223 4049 3299 ἶριν,

1127 3322 1361 3373 omnium
1406 3323 1561 3388 ﬁnem
1593 3322 1999 3391 pronuntiabat.

847 3476 914 3542 Χ,
950 3474 1068 3531 1-5.
1106 3474 1173 3529 Et
1203 3477 1311 3530 vidi
1344 3478 1510 3531 alium
1554 3479 1795 3549 angelum
1830 3481 2020 3551 fortem
2050 3485 2365 3538 descenden-

779 3580 879 3621 tem
920 3569 983 3623 de
1019 3569 1146 3623 caelo
1175 3553 1431 3623 amictum
1464 3570 1619 3636 nube,
1650 3582 1701 3625 et
1733 3572 1828 3625 iris
1856 3574 1906 3627 in
1946 3576 2116 3643 capite
2145 3577 2278 3644 eius,
2314 3586 2363 3630 et

778 3663 940 3729 facies
973 3680 1089 3732 ejus
1121 3664 1258 3716 sicut
1280 3663 1379 3726 sol,
1413 3672 1463 3718 et
1490 3666 1643 3733 pedes
1675 3665 1789 3733 ejus
1825 3675 2076 3734 tanquam
2106 3668 2364 3723 columna:

779 3757 914 3825 ignis
964 3772 981 3809 :
1026 3767 1075 3810 et
1106 3757 1328 3810 habebat
1362 3760 1432 3829 lin
1475 3775 1634 3811 manu
1676 3775 1775 3811 sua
1818 3759 2054 3813 libellum
2087 3771 2362 3828 apertum,

780 3847 941 3918 735
993 3860 1042 3903 et
1076 3851 1251 3917 posuit
1297 3851 1477 3917 pedem
1519 3868 1673 3904 suum
1716 3850 1959 3904 dextrum
1990 3869 2145 3919 super
2181 3870 2362 3921 mare,

781 3940 1062 3994 sinistrum
1113 3958 1234 3995 vero
1279 3959 1437 4010 super
1490 3953 1709 4005 terram,
1747 3952 1795 3996 et
1823 3942 2070 3998 clamavit
2100 3962 2220 4000 voce
2249 3964 2365 3999 ma-

780 4048 905 4101 gna,
946 4034 1392 4102 quemadmodum
1431 4034 1511 4087 leo
1549 4035 1717 4103 mugit
1756 4050 1774 4088 :
1813 4051 2031 4104 cumque
2059 4037 2363 4104 clamasset,

778 4123 955 4176 locuta
979 4132 1099 4177 sunt
1127 4135 1322 4191 septem
1355 4126 1591 4178 tonitrua
1620 4141 1765 4179 voces
1800 4142 1947 4180 suas.

854 4390 1041 4445 Nubes
1098 4391 1317 4461 quidem
1372 4392 1424 4446 id
1478 4393 1837 4453 demonstrat,
1875 4390 2021 4462 quod
2075 4406 2176 4447 nec
2219 4400 2366 4447 tactu

784 4483 993 4550 ptEl'Cipi
1036 4483 1212 4550 possit
1242 4499 1342 4536 nec
1380 4483 1521 4538 visu.
1552 4482 1723 4537 Porro
1781 4483 1878 4537 iris
1912 4484 1964 4536 in
1996 4483 2173 4552 capite
2220 4499 2369 4537 sum-

2678 3301 2776 3355 καί
2808 3301 2875 3355 τὸ
2906 3301 3115 3355 κοινὸν
3146 3299 3320 3366 τέλος
3351 3301 3832 3369 προμηνύοντος.

2536 3459 2646 3517 Kal
2693 3455 2860 3514 εἶδον
2898 3460 3096 3515 ἄλλον
3150 3461 3413 3531 ἄγγελον
3463 3460 3715 3529 ἰσχυρὸν
3773 3462 4056 3518 καταϐαί-

2464 3572 2653 3610 νοντα
2681 3556 2751 3608 ἐκ
2772 3554 2881 3609 τοῦ
2912 3554 3195 3623 οὐρανοῦ,
3223 3552 3730 3621 περιϐεϐλημένον
3758 3553 4053 3622 νεφέλην,

2466 3648 2563 3701 καὶ
2591 3646 2629 3715 ἡ
2664 3643 2781 3716 ἶρις
2817 3646 2916 3700 ἐπὶ
2942 3646 3054 3714 τῆς
3080 3644 3352 3715 κεφαλῆς
3380 3645 3592 3709 αὐτοῦ,
3628 3644 3822 3699 καὶτὸ
3865 3648 4056 3717 πρόσ-

2465 3753 2631 3792 ωπον
2659 3738 2847 3793 αὑτοῦ
2872 3738 2953 3805 ὡς
2982 3741 3015 3793 ό
3054 3738 3249 3806 ἥλιος,
3280 3736 3379 3790 καὶ
3426 3740 3481 3790 ol
3523 3736 3711 3801 πόδες
3743 3738 3937 3791 αὐτοῦ
3978 3739 4059 3803 ὡς

2465 3832 2684 3884 στύλοι
2719 3829 2942 3899 πυρός’
2992 3828 3091 3883 καί
3119 3824 3286 3897 εἶχεν
3326 3828 3396 3881 ἐν
3432 3826 3508 3894 τῇ
3555 3827 3706 3895 χειρὶ
3746 3827 3939 3883 αὐτοῦ
3967 3829 4059 3892 βι-

2467 3922 2776 3992 ϐλαρίδιον
2813 3921 3223 3989 ἀνεῳγμένον·
3268 3919 3368 3973 καὶ
3406 3920 3589 3983 simae
3618 3918 3727 3973 τὸν
3762 3919 3925 3974 πόδα
3952 3922 4059 3974 αὑ-

2466 4016 2576 4070 τοῦ
2612 4017 2720 4068 τὸν
2740 4012 2944 4079 δεξιὸν
2969 4013 3068 4067 ἐπὶ
3094 4012 3201 4079 τῆς
3230 4012 3572 4079 θαλάσσης.
3610 4011 3721 4065 τὸν
3739 4010 3809 4063 δὲ
3836 4012 4062 4067 εὐώνυ-

2463 4124 2584 4178 μον
2633 4108 2734 4161 ἐπὶ
2787 4105 2899 4173 τῆς
2941 4104 3088 4175 γῆς·
3135 4105 3233 4159 καὶ
3292 4104 3514 4172 ἔπραξε
3574 4102 3749 4173 φωνῇ
3790 4104 4057 4173 turri-lu.

2467 4198 2671 4267 ὥσπερ
2692 4196 2852 4253 λέων
2874 4194 3163 4266 μυκᾶται,
3196 4194 3295 4248 καὶ
3315 4194 3414 4248 ὅτε
3433 4195 3710 4262 ἔκραξεν,
3737 4194 4063 4263 ἐλάλησαν

2468 4293 2529 4345 al
2553 4290 2705 4343 ἑπτὰ
2724 4288 2978 4359 βρονταὶ
3007 4288 3114 4353 τὰς
3144 4286 3375 4342 ἑαυτῶν
3406 4286 3624 4357 φωνάς.

2552 4382 2615 4435 Ἦ
2672 4381 2773 4451 μὲν
2806 4379 3005 4448 νεφέλη
3044 4378 3107 4430 τὸ
3158 4376 3363 4445 ἀφανὲς
3396 4376 3491 4429 καὶ
3524 4375 3755 4445 ἀόρατον
3790 4378 4059 4447 παριστᾷ.

2481 4476 2547 4528 Ἢ
2577 4475 2633 4528 δέ
2662 4475 2755 4526 ἐπὶ
2782 4474 2881 4543 τῆς
2906 4471 3149 4541 κεφαλῆς
3169 4465 3281 4539 ἶρις
3329 4471 3391 4523 τὸ
3422 4470 3716 4537 κεφάλαιον
3745 4470 4065 4539 ὑπογράφει

788 4591 932 4625 mam
982 4573 1250 4628 describit
1306 4574 1537 4643 angelici
1584 4575 1834 4639 ordinis,
1886 4575 1979 4643 qui
2019 4589 2085 4628 ex
2128 4574 2367 4629 fabrica-
2400 4566 2571 4665 υτῆς
2612 4563 3001 4665 ἀγγελιώτιδος
3032 4562 3237 4665 τάξειιίς

2472 4566 2571 4635 τῆς
2612 4563 3001 4632 ἀγγελιώτιδος
3032 4562 3237 4626 τάξεως
3270 4561 3369 4630 τῆς
3401 4559 3461 4623 ἐξ
3490 4559 3702 4630 ἀρετῶν
3723 4558 3837 4611 τῶν
3868 4560 4065 4631 θεαρέ-

790 4664 937 4717 tione
979 4664 1244 4716 virtutum
1297 4664 1409 4717 Deo
1460 4664 1832 4732 placentium,
1878 4674 1933 4720 et
1990 4681 2057 4720 ex
2110 4665 2372 4719 varietate

785 4758 934 4811 circa
975 4757 1419 4811 amandationem
1475 4758 1790 4823 magniﬁcat
1844 4773 2001 4813 suam
2056 4757 2375 4827 proximita-

786 4858 895 4903 tem
944 4864 1009 4903 ac
1042 4850 1355 4905 stationem.
1390 4848 1719 4918 IIujusmodi
1770 4866 2005 4920 namque
2052 4860 2136 4905 est
2169 4850 2269 4906 iris
2319 4851 2373 4905 in

785 4942 1052 5007 nubibus,
1088 4956 1152 4995 ex
1178 4941 1488 5010 obiectione
1513 4942 1650 4994 radii
1686 4942 1881 4997 solaris
1914 4942 2077 4996 variis
2100 4942 2375 4997 coloribus

784 5048 1075 5102 apparens.
1129 5031 1298 5086 Porro
1328 5030 1486 5086 faciei
1532 5035 1597 5085 ad
1630 5032 1800 5085 solem
1850 5032 2201 5094 assimilatio,
2246 5032 2374 5100 quid

787 5127 935 5181 aliud
980 5126 1256 5196 signiﬁcat
1300 5140 1466 5194 quam
1504 5125 1799 5179 candorem
1840 5125 1893 5177 in
1950 5124 2169 5177 modum
2206 5124 2373 5189 solis,

789 5228 845 5274 et
874 5219 1018 5289 quod
1056 5221 1370 5289 ubicunque
1416 5217 1617 5270 iuerint
1650 5217 1743 5285 qui
1787 5218 2187 5269 ordinationem
2223 5215 2377 5268 diur-

792 5329 985 5365 norum
1019 5328 1243 5381 Operum
1280 5312 1531 5370 iecerint.
1567 5313 1635 5363 ab
1666 5312 1945 5364 inaccessa
1983 5320 2036 5362 et
2072 5308 2377 5382 supersub-

791 5404 1029 5458 stantiali
1062 5406 1179 5457 luce
1215 5403 1634 5457 illustrabuutur
1661 5401 1684 5454 ?

865 5492 934 5546 Et
983 5495 1133 5562 pedes
1187 5493 1299 5562 ejus
1368 5503 1616 5560 tanquam
1670 5492 1927 5545 colunma:
1980 5491 2135 5558 ignis.
2197 5487 2369 5543 Pedes

792 5587 1121 5642 descensum
1176 5586 1486 5656 designant,
1540 5587 1631 5656 qui
1672 5602 1779 5638 nou
1829 5584 2056 5638 alterius
2102 5581 2272 5651 gratia
2324 5581 2381 5633 lit

799 5695 962 5749 quant
1005 5679 1073 5733 ad
1112 5680 1419 5747 puniendos
1469 5680 1666 5748 impios
1716 5698 1729 5733 :
1771 5678 1892 5731 ideo
1930 5677 2092 5730 etiam
2127 5685 2382 5743 tanquam

799 5771 1045 5824 columna
1094 5770 1249 5840 ignis.
1303 5769 1591 5824 Coluntuis
1647 5780 1827 5823 autem
1895 5768 2033 5835 ignis
2094 5763 2381 5820 assiutilati

798 5868 952 5926 sunt,
1000 5876 1108 5915 non
1140 5858 1212 5914 ob
1244 5856 1721 5925 illutuinatimiein,
1765 5858 1857 5914 sed
1891 5857 1959 5910 ob
2011 5855 2375 5910 exustionem.

2476 4672 2617 4708 στων
2650 4654 2749 4722 τῆς
2799 4652 3068 4716 κτίσεως,
3131 4651 3224 4704 καὶ
3266 4649 3377 4704 τοῦ-
3417 4650 3547 4719 περὶ
3598 4648 3698 4719 τὴν
3749 4650 4066 4719 ἀποστολὴν

2478 4748 2749 4807 ποικίλου.
2778 4746 2878 4817 τὴν
2935 4743 3220 4813 ἐγγύτητα
3266 4742 3375 4795 καν
3401 4741 3590 4794 στάσιν
3622 4740 4069 4809 κατευμεγεθού-

2480 4858 2601 4909 σης.
2638 4836 2898 4892 Τοιοῦτον
2940 4836 3050 4903 γάρ
3087 4836 3119 4903 ἡ
3169 4836 3229 4887 ἐν
3262 4833 3479 4900 νέφεσιν
3524 4829 3656 4902 ἶρις,
3709 4830 3768 4897 ἐξ
3824 4831 4069 4899 ἡλιακῆς

2479 4930 2861 4992 ἀκτινοϐολίας
2904 4928 3171 4989 ποικίλοις
3199 4924 3488 4996 χρώμασιν
3518 4924 3892 4993 ἰνδαλλομένη.
3924 4924 3991 4975 Ἥ
4010 4924 4069 4976 δὲ

2481 5025 2617 5094 πρὸς
2648 5023 2799 5093 ἥλιον
2827 5020 2923 5073 τοῦ
2981 5018 3274 5090 προσώπου
3315 5019 3597 5087 ὁμοίωσις.
3629 5017 3681 5069 τί
3726 5015 3795 5069 ἂν
3836 5016 3992 5080 ἄλλο,
4034 5016 4068 5085 ἦ

2480 5116 2544 5170 τὸ
2569 5114 2795 5185 ἡλιῶδες
2837 5111 3114 5182 σημαίνοι,
3155 5110 3251 5163 καὶ
3291 5110 3373 5162 ὅτι
3404 5111 3525 5162 ὅποι
3555 5108 3622 5162 ἂν
3666 5107 3762 5159 καὶ
3812 5108 4072 5176 παρῶσιν

2482 5206 2760 5279 ήμερινῶν
2823 5205 3001 5276 ἔργων
3057 5203 3301 5269 διάταξιν
3356 5200 3705 5261 ἐκτελοῦντες
3766 5199 3875 5260 ὑπὸ
3925 5218 4072 5266 φωτι

2483 5299 2766 5370 ἁπροσίτῳ
2801 5298 2892 5350 καὶ
2923 5295 3237 5366 ὑπερουσίῳ
3272 5292 3767 5363 καταλαμπόμενοι
3804 5291 4070 5353 ἔσονταις

2556 5476 2663 5532 Kal
2687 5477 2741 5529 οι
2775 5475 2956 5540 πόδες
2985 5472 3192 5535 αὐτοῦ,
3221 5471 3301 5537 ὡς
3325 5470 3543 5525 στύλοι
3572 5469 3784 5535 πυρός.
3811 5467 3879 5519 Οἱ
3912 5468 4076 5531 πόδες

2486 5570 2585 5639 τὴν
2625 5566 2928 5621 κατάϐασιν
2964 5564 3394 5628 ὐπαινίττονται,
3422 5563 3545 5632 ἣτις
3594 5561 3695 5612 οὐκ
3726 5558 3889 5613 ἄλλου
3924 5562 4077 5620 τινος

2487 5662 2694 5724 ἕνεκεν,
2748 5659 2901 5730 ἢτοῦ
2973 5655 3397 5726 τιμωρήσασθαι
3441 5653 3655 5715 ἀσεϐεῖς
3706 5652 3941 5719 γίνεται.
3987 5652 4080 5703 Atr‘:

2490 5756 2602 5817 καὶ,
2643 5754 2722 5819 ὡς
2749 5752 2965 5805 στύλοι
3014 5749 3224 5816 πυρός.
3261 5746 3483 5810 Στύλοις
3517 5745 3573 5798 δὲ
3604 5746 3777 5813 stop”;
3835 5744 4077 5797 ἀπεικά-

2495 5847 2721 5916 σΟησαν,
2748 5844 2809 5897 οὐ
2841 5842 2934 5896 τοῦ
2965 5838 3320 5912 φωτιστικοῦ,
3354 5837 3487 5892 ἁλλά
3518 5835 3611 5892 τοῦ
3645 5837 3967 5892 καυστικοῦ.
4004 5835 4078 5889 Τὸ
