4256 6440
225 396 334 459 637

1292 397 1684 462 COMMENT.
1726 399 1806 460 IN
1849 401 2389 469 APOCALYPSIN.

3389 413 3498 480 638

223 516 282 568 δὲ
317 517 375 568 ὲν
403 517 469 586 τῇ
507 513 652 585 χειρὶ
676 514 842 567 αὑτοῦ
880 513 1084 584 βιϐλίον
1114 515 1484 586 ἀνεῳγμένον,
1517 516 1570 568 τί
1593 515 1658 568 ἂν
1683 516 1808 584 βού-
1841 532 1880 587 Α

1841 532 1880 587 Α
1913 518 2084 576 Porro
2111 523 2256 592 quod
2301 523 2352 577 in
2389 540 2548 579 manu
2583 540 2680 581 sua
2717 524 2962 581 libellum
2997 524 3192 580 habeat
3221 531 3495 595 apertum.

225 609 406 675 λοιτο;
446 609 616 661 Τοῦτο
649 607 710 660 τὸ
754 608 1113 679 ἀνεῳγμένον·
1154 608 1357 677 βιϐλίον
1406 611 1500 661 καὶ
1545 611 1710 678 παρά·
1736 610 1814 680 τῷ

226 704 428 773 Δανιὴλ
482 702 718 773 εἴρηται,
748 703 837 755 ὅτε
884 704 1167 774 κριτήριον
1216 705 1347 773 παρ’
1377 704 1526 773 αὑτῷ
1559 704 1812 774 κάθηται,

229 796 326 847 καὶ
362 793 533 862 βίϐλοι
587 792 895 860 ἀνοίγονται
929 794 1287 863 περιέχουσαι
1333 795 1552 846 πάντων
1581 795 1689 846 τῶν
1719 793 1813 845 ἀπ’

225 887 426 950 αἰῶνος
462 887 752 957 ζησάντων
802 885 902 948 τὰς
955 886 1187 953 πράξεις
1222 887 1315 938 καὶ
1347 887 1416 938 τά
1443 886 1704 955 ὀνόματα.
1751 886 1812 937 Ei

223 981 281 1031 δὲ
338 980 397 1031 ὲν
439 979 518 1048 τῷ
574 979 774 1048 Δανιὴλ
827 978 928 1047 μὲν
983 979 1177 1047 βίϐλοι,
1227 977 1463 1031 ἐνταῦθα
1507 979 1560 1031 δὲ
1610 977 1815 1047 βιϐλίον

225 1071 484 1139 ἐμφαίνει
518 1072 546 1122 ὁ
577 1069 742 1140 ὁρῶν,
771 1070 926 1122 οὐδὲν
961 1070 1253 1136 διάφωνον.
1286 1068 1442 1140 Παρὰ
1476 1071 1575 1137 μὲν
1606 1070 1715 1136 γάρ
1739 1067 1814 1137 τῷ

223 1163 447 1231 Δανιὴλ,
481 1163 653 1232 βίϐλοι
677 1164 775 1232 τῆς
807 1160 1155 1231 παγκοσμίου
1186 1161 1418 1232 κρίσεως
1448 1160 1813 1230 ἐμφαίνουσαι

223 1258 452 1309 δκαίων
480 1258 574 1308 καὶ
601 1256 803 1308 ἀδίκων
830 1254 929 1325 τὴν
948 1255 1264 1322 διάγνωσιν,
1298 1253 1534 1307 ἐνταῦθα
1564 1254 1620 1305 δὲ
1654 1255 1814 1322 μόνον

223 1348 338 1400 τῶν
369 1347 649 1415 ἀθεμίτοις
689 1348 874 1416 ἔργοις
909 1346 1322 1416 ἐμϐιωσάντων.
1355 1339 1457 1397 Ὦν
1492 1347 1583 1398 καὶ
1613 1345 1813 1414 ἐξῃρη-

225 1440 408 1507 μένως
444 1441 502 1492 αἱ
531 1440 763 1509 πράξεις
789 1438 890 1491 οὐκ
921 1440 978 1490 ἐν
1009 1438 1224 1508 βιϐλίῳ,
1249 1439 1366 1491 ἀλλ’
1392 1440 1449 1490 ὲν
1475 1437 1812 1508 βιϐλιδοιρίῳ⁹

222 1528 637 1600 ὑποκοριστικῷ
665 1528 895 1597 ὀνόματι
928 1529 1030 1597 τὴν
1072 1529 1364 1597 ὀλιγότητα
1413 1529 1521 1581 τῶν
1554 1528 1814 1596 ἐγκειμέ-

221 1638 352 1684 νων,
386 1620 829 1691 παραδηλοῦντος
862 1621 958 1673 τοῦ
992 1620 1318 1672 Ἀποστόλου
1344 1621 1437 1672 ἐπὶ
1463 1621 1529 1688 τῇ
1549 1618 1810 1688 καθολικῇ

219 1713 323 1781 τῆς
352 1713 589 1783 κρίσεως
615 1712 944 1781 άποφάνσει,
965 1712 1146 1765 καὶτὰ
1163 1710 1367 1780 ταύτην
1391 1710 1815 1783 συμπληροῦντα

220 1806 583 1876 ὲξανυὸμενα.

294 1988 402 2043 Kal
434 1986 616 2054 ἔθηκε
650 1985 758 2039 τὸν
781 1984 937 2038 πόδα
975 1983 1162 2039 αὐτοῦ
1198 1984 1303 2036 τὸν
1331 1982 1535 2046 δεξιὸν
1566 1980 1663 2033 ἐπὶ
1700 1980 1810 2047 τῆς

221 2080 573 2146 θαλάσσης.
601 2079 675 2131 Τὸ
701 2080 792 2130 τὸν
814 2079 912 2148 μὲν
936 2077 1046 2131 τῶν
1076 2076 1254 2130 ποδῶν
1276 2080 1341 2145 τῇ
1362 2077 1505 2145 ὑγρᾷ
1529 2076 1808 2145 ὲπερεῖσαι

222 2176 544 2243 συναγωγῇ,
584 2175 675 2226 τὸν
704 2173 760 2226 δὲ
790 2175 858 2241 τῇ
890 2172 1051 2242 ξηρᾷ,
1089 2172 1149 2224 τὸ
1175 2171 1402 2239 μέγεθος
1435 2169 1809 2238 ὑπεμφαίνον-

218 2270 315 2329 τός
365 2271 482 2320 ἔστι
530 2267 624 2320 τοῦ
675 2265 1090 2332 κατειληφότος.
1147 2264 1219 2316 Τὸ
1276 2265 1331 2315 δὲ
1381 2264 1473 2315 τὸν
1528 2261 1701 2327 δεξιὸν
1741 2262 1808 2331 τῇ

221 2362 393 2431 ὑγρᾷ,
428 2361 521 2413 τὸν
549 2359 838 2430 ἀριστερὸν
875 2358 930 2412 δὲ
964 2361 1029 2427 τῇ
1069 2358 1229 2427 ξηρᾷ,
1259 2360 1360 2410 οὐκ
1402 2356 1597 2419 ἄλλως,
1631 2349 1806 2423 οἶμαι,

220 2459 257 2526 ἢ
304 2459 372 2525 τῇ
411 2455 558 2508 θέσει
609 2455 776 2507 τῶνδε
809 2455 916 2505 τῶν
977 2453 1256 2522 στοιχείων
1314 2451 1600 2520 ἑπόμενος.
1663 2449 1809 2519 Ἀέρι

223 2550 338 2620 γὰρ
361 2549 600 2618 λεπτομε
612 2550 693 2617 ρεῖ
712 2549 813 2617 τὴν
849 2547 1149 2599 ὑπόστασιν
1176 2545 1311 2608 ὄντι,
1337 2544 1396 2596 τὸ
1418 2543 1813 2615 ἁδρομερέστε-

223 2661 320 2712 ρον
367 2643 511 2710 ὕδωρ
551 2642 863 2701 ὑπόκειται,
905 2639 1092 2708 ὥσπερ
1140 2637 1217 2706 τῷ
1242 2637 1394 2689 ὕδατι
1440 2639 1473 2706 ἡ
1504 2637 1665 2706 ξηρά.
1697 2637 1812 2688 Οὐκ

1917 616 2179 683 quidnam
2227 616 2331 670 sibi
2386 618 2538 670 vult?
2571 617 2813 672 Libellus
2864 617 2951 672 hic
2998 629 3222 686 apertus
3262 617 3424 671 etiam
3465 632 3497 670 ει

1917 707 2139 763 Daniele
2191 709 2370 763 dictus
2418 720 2522 774 est,
2554 711 2777 779 quando
2822 709 3091 780 judicium
3136 708 3280 779 apud
3316 708 3494 778 ipsum

1916 801 2087 867 sedet,
2122 812 2176 857 et
2212 802 2535 870 aperiuntur
2569 802 2691 856 libri
2723 804 3071 857 continentes
3113 802 3360 854 onmium
3401 799 3497 868 qui

1916 895 1985 948 ab
2019 895 2174 949 initio
2210 895 2392 949 seculi
2421 894 2675 949 vixerunt
2722 905 2839 949 acta
2873 906 2925 949 et
2957 893 3204 948 nomina.
3250 892 3404 958 Quod
3448 891 3492 945 si

1915 985 2058 1055 apud
2095 986 2367 1040 Danielcm
2407 984 2528 1038 libri
2567 993 2718 1049 sunt,
2752 984 2842 1040 hic
2881 994 3063 1039 autem
3117 983 3361 1036 libellum
3409 996 3498 1034 os-

1917 1077 2090 1130 tendit
2134 1091 2194 1130 se
2222 1077 2424 1139 videre,
2459 1075 2596 1135 nihil
2639 1075 2692 1128 in
2727 1076 2830 1129 hoc
2868 1077 3224 1131 dissonantia:
3258 1083 3361 1128 est.
3404 1071 3494 1127 Si-

1915 1169 2135 1238 quidem
2168 1171 2308 1235 apud
2351 1167 2627 1221 Danielem
2689 1167 2812 1220 libri
2862 1177 2990 1220 sunt
3036 1166 3307 1220 universa:
3341 1179 3498 1218 crea-

1918 1269 2075 1324 turze,
2109 1260 2460 1314 ostendentes
2488 1260 2856 1329 cognitionem
2882 1259 3158 1327 iustorum
3188 1268 3242 1312 et
3274 1257 3496 1325 iniquo-

1919 1365 2062 1412 rum,
2098 1350 2186 1402 liic
2213 1359 2393 1400 autem
2442 1349 2710 1402 duntaxat
2749 1348 2842 1417 qui
2893 1347 2946 1400 in
2983 1346 3206 1400 nefariis
3239 1345 3496 1413 operibus

1918 1441 2173 1493 vixerunt
2209 1454 2482 1508 :quoruui
2515 1440 2679 1493 etiam
2727 1437 3072 1508 potissimum
3111 1436 3353 1490 actiones
3385 1449 3494 1487 non

1919 1534 1971 1587 in
2006 1534 2166 1598 lilu-o,
2185 1532 2280 1585 sed
2316 1534 2369 1586 iu
2402 1532 2586 1586 libello
2615 1533 2830 1600 scripta:
2854 1539 3002 1596 sunt,
3035 1529 3378 1599 signiﬁcante
3400 1541 3497 1593 per

1919 1629 2022 1682 lioc
2051 1628 2298 1691 apostolo
2331 1627 2385 1680 in
2432 1625 2655 1680 nomine
2695 1623 3023 1677 diminutivo
3058 1631 3109 1674 et
3151 1636 3341 1674 eorum
3373 1633 3496 1687 quas

1920 1719 2209 1771 imminent
2253 1717 2614 1786 parvitatem,
2670 1715 2714 1770 si
2780 1714 2846 1768 ad
2888 1711 3251 1766 universalem
3301 1707 3496 1779 judicii

1919 1811 2243 1863 sententiam
2299 1808 2687 1871 conferantur,
2737 1813 2792 1858 et
2849 1819 2913 1856 ea
2961 1817 3084 1872 qua:
3125 1803 3297 1870 ipsam
3343 1813 3497 1853 com-

1914 1902 2110 1971 piendo
2145 1901 2521 1970 perﬁciuntur.

1987 1993 2053 2046 Et
2081 1994 2254 2062 posuit
2277 1994 2455 2059 pedem
2479 2008 2628 2044 suum
2653 1990 2899 2043 dextrum
2928 2005 3085 2058 super
3101 2004 3265 2041 mare.
3289 1985 3494 2040 Pedum

1913 2088 2086 2142 altero
2135 2086 2359 2156 quidem
2397 2085 2555 2138 inniti
2606 2083 2844 2137 humida:
2883 2097 3149 2152 aquarum
3201 2093 3500 2148 congrega-

1915 2179 2072 2244 tioni,
2104 2180 2276 2232 altero
2307 2193 2437 2232 vero
2486 2188 2643 2230 terra:
2664 2216 2680 2238 ,
2712 2175 2967 2244 designat
2998 2173 3118 2244 ejus
3165 2170 3497 2240 magnitudi-

1913 2287 2038 2325 nem
2077 2271 2170 2341 qui
2231 2281 2520 2338 utrumque
2577 2267 3062 2336 complectebatur.
3122 2263 3276 2328 Quod
3313 2271 3495 2315 autem

1914 2365 2164 2419 dextrum
2196 2379 2360 2432 super
2401 2377 2570 2425 mare,
2614 2361 2900 2414 sinistrum
2935 2374 3064 2411 vero
3103 2371 3265 2425 super
3295 2363 3495 2407 terram

1914 2458 2176 2528 posuerit,
2211 2472 2317 2510 non
2349 2457 2420 2508 ob
2447 2453 2596 2508 aliud
2633 2453 2842 2508 dictum
2871 2450 3092 2519 Opinor,
3139 2462 3302 2516 quam
3349 2443 3496 2514 quod

1915 2555 2110 2609 horum
2138 2553 2532 2606 elementorum
2565 2547 2813 2602 ordinem
2859 2553 3144 2613 sequatur.
3175 2541 3299 2593 Acri
3336 2554 3496 2592 nam-

1914 2665 2022 2717 que
2050 2648 2141 2716 qni
2175 2645 2394 2698 subtilis
2430 2652 2513 2696 est
2543 2640 2885 2701 substantiae,
2919 2638 3161 2691 crassior
3195 2647 3335 2701 aqua
3363 2630 3494 2684 sub-

220 2733 402 2794 ἄλλως
437 2728 553 2795 οὖν,
586 2729 760 2801 οἶμαι,
796 2731 827 2799 ἦ
871 2730 952 2782 ὅτι
985 2731 1052 2782 τά
1087 2729 1234 2792 δεξιὰ
1281 2728 1367 2780 ἀεὶ
1397 2727 1814 2796 δυναμικώτερα

1909 2740 2077 2808 jacet,
2107 2735 2569 2807 quemadmodum
2601 2749 2757 2800 aqua:
2793 2741 2974 2784 terra:
3009 2727 3174 2798 736
3202 2740 3310 2778 non
3335 2721 3499 2791 igitur

220 2827 338 2879 τῶν
373 2827 702 2896 ἀριστερῶν,
753 2824 1012 2877 πλειόνων
1049 2822 1248 2891 δηλαδὴ
1295 2822 1464 2874 ὄντων
1517 2820 1624 2873 τῶν
1669 2821 1811 2873 κατὰ

222 2921 506 2973 θάλασσαν
547 2917 938 2987 ἀνοσιουργῶν,
984 2916 1283 2983 πειρατῶν,
1314 2915 1478 2981 λέγω,
1519 2913 1614 2965 καὶ
1640 2930 1811 2965 κατα-

224 3011 534 3064 ποντιστῶν
587 3013 649 3063 ἐκ
702 3009 1015 3080 ναυμαχίας
1049 3008 1082 3078 ἠ
1113 3025 1254 3071 τινος
1292 3007 1460 3075 ἄλλης
1497 3004 1809 3072 ἐπιϐουλῆς,

224 3107 325 3171 τῆς
355 3106 529 3174 ὑγρᾶς
575 3104 928 3164 ὑποστάσειις
987 3100 1365 3170 ἀμοχθοτέραν
1413 3102 1525 3159 τοῖς
1571 3095 1812 3166 κακούρ-

1915 2833 2024 2886 alio
2076 2833 2237 2884 modo
2273 2829 2323 2881 id
2380 2829 2588 2881 dictum
2649 2825 2843 2892 opinor
2889 2838 3052 2890 quam
3105 2819 3252 2889 quod
3307 2817 3497 2871 dextra

1915 2939 2131 2992 semper
2189 2921 2471 2977 robustior
2518 2927 2602 2972 est
2648 2917 2911 2977 sinistra,
2952 2913 3205 2983 pluribus
3249 2907 3501 2962 videlicet

1919 3018 1971 3071 in
2009 3015 2146 3070 mari
2191 3013 2358 3083 impie
2392 3011 2680 3081 agentibus
2713 3029 2727 3064 :
2778 3010 2987 3078 piratas
3029 3005 3152 3058 dico
3183 3011 3238 3056 et
3276 3015 3372 3054 eos
3405 2996 3500 3066 qui

1919 3108 2094 3162 navali
2130 3106 2314 3175 praelio
2360 3115 2588 3158 caeteros
2620 3103 2674 3156 in
2707 3116 2858 3154 mare
2887 3099 3234 3168 demergunt,
3273 3100 3368 3146 aut
3401 3090 3502 3143 ali—

226 3216 370 3266 γοις,
432 3197 553 3250 καθ’
595 3194 669 3250 ὧν
721 3195 1021 3258 ἐπιϐούλως
1081 3193 1414 3251 διάκεινται,
1480 3189 1578 3260 τὴν
1634 3188 1882 3290 ἔξοδονΟ

1837 3229 1882 3290 C
1918 3221 2028 3275 quo
2063 3204 2169 3257 alio
2207 3201 2368 3256 modo
2404 3200 2540 3268 ipsis
2577 3195 2908 3251 insidiantur
2943 3211 2956 3246 :
2999 3192 3144 3261 quod
3171 3187 3339 3242 maris
3372 3184 3503 3240 Bub—

226 3293 636 3362 παρεχομένης.
690 3291 847 3343 Ἐπεὶ
879 3286 973 3341 οὖν
1004 3286 1197 3351 ταῦτα,
1248 3284 1719 3352 ἐπιτετευγμένως
1751 3281 1811 3334 τὸ

228 3383 681 3454 δυναμικώτερον
733 3385 846 3446 τοῖς
894 3379 1224 3449 κακούργοις
1259 3377 1648 3447 προσνέμεται.
1701 3372 1812 3427 Καὶ

226 3478 312 3528 ὅτι
372 3476 552 3535 τοῦτο.
587 3478 614 3528 ὁ
664 3474 962 3543 Θεοπάτωρ
1008 3473 1270 3542 ἐχέγγυος
1324 3466 1718 3531 πιστώσασθαι,
1752 3467 1811 3518 ὲν

226 3567 311 3632 οἷς
343 3569 443 3639 τὴν
479 3569 602 3621 καθ’
659 3567 816 3637 ἡμῶν
844 3566 953 3618 τῶν
1005 3564 1308 3617 ἐπιϐούλων
1361 3564 1492 3631 ἡμῖν
1540 3560 1813 3629 δαιμόνων

235 3660 567 3731 προσϐολὴν,
613 3658 835 3730 βοηθείᾳ⁸
867 3659 1024 3728 ἡμῶν
1073 3655 1374 3728 χρωμένων
1423 3658 1490 3724 τῇ
1525 3652 1620 3706 τοῦ
1659 3651 1814 3721 Ὑψί-

231 3769 384 3816 στου,
419 3755 483 3806 ὲκ
527 3753 626 3822 μὲν
685 3751 778 3804 τοῦ
820 3751 1115 3823 ἀριστεροῦ
1170 3750 1389 3812 κλίτους
1432 3747 1812 3819 χιλιοπλασίαν

231 3849 337 3909 τὴν
363 3846 570 3897 πτῶσιν
591 3847 698 3898 τῶν
717 3847 774 3897 ἐν
803 3846 984 3898 σκύτει
1013 3844 1484 3913 διαπορευομένων
1513 3840 1814 3894 ἐπιϐούλων

231 3941 370 4008 ἡμῖν
406 3939 765 4009 ὑπογράφων,
814 3939 874 3990 τὸ
915 3938 1280 3992 δεκαπλάσιον
1313 3937 1388 4006 τῷ
1417 3935 1572 4005 δεξιῷ
1603 3933 1815 4004 ἀφωρί-

234 4048 392 4086 σατο.
419 4033 526 4084 Καὶ
552 4033 679 4101 περὶ
711 4033 808 4101 μὲν
840 4033 938 4102 τῆς
962 4031 1198 4100 ἐμϐολῆς
1229 4030 1334 4081 τῶν
1369 4030 1544 4082 ποδῶν
1571 4026 1812 4080 τοιαῦτα.

231 4123 311 4174 Τὸ
336 4122 391 4175 δὲ
421 4122 619 4192 κράξαι
653 4125 803 4191 φωνῇ
837 4122 1047 4192 μεγάλῃ
1081 4124 1174 4174 καὶ
1205 4121 1488 4190 λεοντιαίῳ
1508 4124 1814 4192 ἀπηχήσει,

231 4215 342 4282 τῆς
378 4215 548 4284 ὀργῆς
593 4217 709 4266 ἐστι
763 4215 1054 4282 σύμϐολον.
1089 4215 1180 4266 Διὸ
1225 4214 1319 4266 καὶ
1353 4214 1629 4284 μυκηθμῷ
1677 4232 1817 4283 παρ-

233 4306 464 4375 εϐλήοη.
505 4305 819 4373 Ἐπομένως
865 4304 923 4357 δὲ
967 4308 1033 4373 τῇ
1077 4307 1291 4374 κραυγῇ
1339 4306 1394 4356 αἱ
1427 4306 1565 4358 ὲπτὲι
1598 4306 1818 4375 βρονταὶ

235 4400 533 4469 ἐλάλησαν.
587 4399 802 4458 Ταύτας
848 4397 905 4450 δὲ
935 4398 1034 4459 τὰς
1088 4397 1228 4450 ἑπτά
1292 4398 1543 4468 βροντὰς,
1593 4400 1626 4466 ἢ
1679 4400 1819 4451 ἑπτά

235 4490 427 4557 φωνάς
462 4491 520 4553 ἐξ
572 4489 690 4552 ἐνὸς
729 4487 823 4541 τοῦ
869 4487 1032 4540 αὑτοῦ
1080 4487 1517 4559 διαρθρουμένας
1571 4489 1819 4561 φοϐερῶς

1915 3299 2120 3353 stantia
2151 3296 2336 3349 minus
2384 3292 2719 3346 laboriosum
2752 3287 2993 3358 praebeat
3031 3282 3358 3338 facinorosis
3388 3277 3504 3331 exi-

1917 3403 2029 3448 tum
2088 3391 2355 3443 adversus
2403 3401 2498 3439 eos
2550 3384 2753 3453 quibus
2807 3379 3156 3434 insidiantur.
3199 3373 3337 3428 Cum
3387 3370 3504 3424 litec

1917 3487 2084 3557 igitur
2113 3485 2188 3537 ita
2222 3483 2334 3536 sint
2357 3522 2370 3544 ,
2407 3481 2604 3533 merito
2638 3491 2702 3530 ac
2739 3471 3090 3529 consecutive
3140 3468 3192 3522 id
3223 3465 3370 3534 quod
3405 3477 3504 3533 po-

1919 3579 2120 3634 tentius
2151 3587 2236 3629 est
2276 3572 2558 3627 sceleratis
2587 3569 2859 3623 attribuit.
2899 3565 2960 3618 Et
2991 3563 3200 3617 idcirco
3231 3558 3326 3612 Dei
3376 3570 3504 3624 pro-

1917 3673 2133 3742 genitor
2181 3668 2284 3723 ﬁde
2310 3666 2513 3734 dignus
2541 3663 2633 3733 qui
2668 3677 2782 3717 rem
2818 3657 3125 3717 conﬁrmet,
3171 3667 3296 3706 cum
3329 3651 3503 3715 impe-

1919 3775 2034 3820 tum
2091 3759 2472 3816 insidiantium
2498 3757 2762 3809 adversus
2813 3766 2918 3805 nos
2951 3751 3264 3803 dzemonum
3291 3783 3308 3807 ,
3347 3742 3506 3795 nobis

1918 3854 2182 3912 Altissimi
2231 3851 2501 3920 adiutorio
2543 3845 2844 3919 utentibus,
2898 3840 3271 3900 describeret,
3323 3850 3390 3888 ex
3425 3833 3504 3887 si-

1920 3948 2092 4001 nistra
2155 3942 2375 4013 quidem
2440 3938 2780 3992 declinantes
2858 3931 3230 3999 millecnplum
3312 3940 3502 3981 casum

1919 4052 2106 4092 eorum
2133 4048 2364 4104 ponens,
2395 4031 2487 4100 qui
2517 4030 2568 4083 in
2602 4027 2846 4083 tenebris
2877 4023 3320 4094 perambulantes
3349 4015 3506 4070 nobis

1921 4129 2277 4191 insidiantur,
2316 4126 2521 4179 dextra:
2551 4121 2694 4191 parti
2718 4119 2954 4184 decuplo
3005 4113 3271 4184 majorem
3308 4122 3508 4163 nume-

1923 4239 2042 4276 rum
2078 4219 2386 4275 constituit.
2420 4215 2482 4271 Et
2512 4217 2629 4270 haec
2659 4213 2725 4268 de
2760 4210 2959 4282 pedum
2992 4220 3221 4261 accessu
3252 4214 3306 4257 et
3327 4200 3508 4268 dispo-

1922 4317 2139 4371 sitione.
2205 4312 2360 4379 Quod
2411 4319 2596 4364 autem
2648 4320 2785 4361 voce
2830 4316 3028 4369 magna
3080 4292 3399 4352 clamaverit
3443 4305 3510 4343 ac

1924 4406 2143 4460 leonino
2176 4419 2334 4468 sono,
2371 4397 2764 4469 indignationis
2799 4405 2884 4450 est
2921 4394 3162 4461 signum.
3212 4387 3334 4441 ideo
3367 4397 3509 4454 quo-

1924 4513 2030 4564 que
2061 4495 2267 4564 rugilui
2311 4500 2666 4561 comparatus
2701 4495 2786 4542 est
2815 4501 3009 4542 sonus.
3041 4481 3170 4536 Post
3210 4479 3508 4534 clamorem

233 4585 475 4654 ἀγγέλου
507 4584 606 4646 τὰς
656 4582 957 4651 ἀγγελικὰς
1005 4582 1264 4650 δυνάμεις
1312 4578 1452 4635 εἶναι
1503 4582 1820 4654 νομίζομεν,
1855 4573 1901 4630 D

1855 4573 1901 4630 Ῐ)
1931 4604 2058 4641 vero
2080 4586 2428 4640 eonsecutive
2454 4585 2638 4637 locuta
2666 4589 2793 4636 sunt
2815 4578 3078 4632 tOnitrua.
3106 4572 3278 4626 Porro
3301 4577 3507 4637 septem

233 4679 319 4731 διὸ
350 4678 444 4729 καὶ
483 4677 556 4739 ὡς
595 4675 843 4747 βρονταῖς
893 4674 1344 4741 ἀπεικάσθησαν·
1379 4673 1412 4742 ἢ
1446 4674 1512 4727 τά
1557 4690 1821 4744 προειρη-

239 4770 382 4840 μένα
413 4770 470 4820 ἐν
507 4772 620 4831 τοῖς
646 4767 958 4839 ἔμπροσθεν
993 4767 1133 4821 ἑπτὰ
1173 4766 1486 4834 πνεύματα.

1931 4684 2045 4735 haec
2096 4680 2338 4733 tonitrua
2377 4688 2469 4730 aut
2509 4684 2715 4744 septem
2769 4687 2932 4727 voces
2975 4669 3045 4723 ab
3085 4681 3196 4722 uno
3227 4671 3283 4719 et
3317 4663 3516 4739 eodem}

1929 4774 2120 4843 angelo
2175 4771 2491 4826 terribiliter
2523 4783 2853 4839 expressas,
2900 4763 3288 4818 existimamus
3342 4769 3510 4824 ange-

236 4866 376 4919 licas
401 4877 523 4916 esse
560 4869 876 4931 potestates,
904 4860 1026 4914 ideo
1057 4875 1278 4929 quoque
1339 4858 1594 4913 touitruis
1647 4859 1966 4919 assimilatas
2026 4873 2203 4919 sunt:
2255 4874 2351 4918 aut
2413 4871 2620 4932 septem
2651 4859 2877 4931 spiritus
2921 4857 2989 4912 de
3036 4853 3238 4925 quibus
3301 4847 3510 4904 dictum

235 4965 325 5011 est
356 4956 410 5007 in
449 4951 903 5024 pn-xredentibus.

318 5047 548 5111 Ὠσπερ
575 5044 733 5095 λέων
750 5040 1032 5110 μυκᾶται.
1066 5040 1141 5092 Οὑ
1168 5040 1462 5106 προσφυῶς
1492 5041 1585 5092 ἐπὶ
1607 5040 1824 5104 λέοντος

238 5143 275 5211 ἡ
308 5139 398 5192 διὰ
426 5135 520 5187 τοῦ
553 5131 827 5202 μυκᾶσθαι
863 5132 1015 5200 φωνή
1104 5130 1194 5181 ἐπὶ
1245 5129 1384 5197 βοῶν
1419 5132 1528 5201 γὰρ
1584 5131 1783 5199 μᾶλλον
1806 5148 1821 5163 ο

237 5234 427 5286 λέουσι
453 5229 510 5280 δὲ
544 5226 606 5278 τδ
656 5223 879 5294 βρύκειν
913 5222 1240 5293 ἀφώρισται.
1284 5224 1405 5275 Ὀτι
1446 5224 1627 5291 μέίτοι
1667 5224 1826 5275 τοῦτο

238 5323 305 5377 ού
332 5319 629 5389 παρέργως
667 5313 901 5381 ἐπῆλθεν
958 5314 1103 5381 ἐρεῖν
1133 5310 1300 5380 αὑτῷ,
1338 5313 1367 5362 ὁ
1399 5313 1572 5365 ταῦτα
1614 5312 1827 5376 διεξιὼν

240 5411 541 5474 συνετίζει,
588 5407 663 5477 μὴ
715 5405 1000 5470 ἐπιμείνας
1036 5407 1099 5474 τῇ
1133 5403 1224 5455 τοῦ
1277 5405 1556 5472 μυκᾶσθαι
1612 5406 1824 5476 χρήσει,

239 5503 384 5560 ἀλλὰ
409 5502 548 5572 πρὸς
574 5499 636 5552 τὸ
664 5499 879 5566 ἐκραξε
913 5497 1172 5567 μεταϐάς.
1204 5496 1341 5566 Περὶ
1364 5496 1464 5565 μὲν
1485 5493 1577 5549 οὖν
1598 5497 1827 5549 λεόντων

243 5597 380 5668 βοῆς
413 5591 965 5663 ἀκριϐολογουμένοις
1003 5590 1197 5644 ταῦτα.
1235 5588 1356 5640 Ἐπὶ
1401 5589 1457 5640 δὲ
1487 5590 1828 5658 ἁμαρτωλῶν

240 5686 683 5758 τιμωρουμένων
710 5685 977 5754 ὁδυνηρᾶς
1007 5683 1254 5753 φθογγῆς
1283 5683 1336 5735 τί
1366 5682 1428 5734 τὸ
1458 5682 1657 5753 μᾶλλον
1696 5700 1828 5736 κατ-

244 5782 503 5852 ἀλληλον,
536 5780 569 5850 ἢ
603 5780 665 5832 τὸ
691 5779 938 5849 βρύκειν,
964 5779 1057 5848 ἀφ’
1091 5772 1152 5831 οὑ
1197 5777 1472 5848 βρυγμός;
1522 5775 1744 5848 βρύκειν
1771 5777 1827 5830 δὲ

240 5873 568 5947 ὠνομάσθη,
621 5873 728 5926 ἀπὸ
782 5871 874 5925 τοῦ
930 5873 1130 5942 βρώσει
1187 5871 1442 5936 ἐοικέναι,
1493 5871 1565 5934 ὡς
1600 5871 1691 5924 ἐπὶ
1734 5869 1826 5923 τοῦ

2005 5043 2459 5108 Quemadmodum
2514 5042 2591 5094 leo
2649 5040 2836 5109 mugit.
2877 5039 2995 5092 Non
3052 5047 3139 5094 est
3188 5045 3510 5092 consuetum

1937 5145 1995 5188 ut
2031 5137 2083 5189 in
2136 5140 2290 5190 leone
2333 5151 2434 5191 vox
2471 5134 2816 5202 exprimatur
2866 5148 2961 5200 per
2998 5131 3294 5201 μυκᾶσθαι,
3334 5130 3384 5183 id
3427 5142 3513 5185 est

1937 5225 2166 5292 mugire,
2203 5241 2326 5278 nam
2362 5226 2463 5278 lioc
2519 5224 2684 5276 boum
2727 5223 2900 5293 magis
2941 5231 3024 5275 est
3047 5263 3061 5287 ,
3098 5221 3350 5275 leonibus
3383 5236 3510 5274 vero

1933 5317 2180 5386 βρύκειν,
2220 5317 2271 5370 id
2303 5325 2386 5371 est
2412 5317 2595 5386 rugire
2621 5317 2736 5370 sive
2776 5314 3009 5369 stridere
3047 5313 3369 5366 attributum
3403 5323 3508 5367 est.

1935 5411 2045 5465 lloc
2077 5427 2206 5466 sane
2242 5412 2333 5480 qni
2367 5411 2468 5465 ista
2503 5410 2933 5466 transcurrcndo
2966 5409 3227 5472 declarat,
3262 5422 3370 5461 non
3414 5423 3511 5461 ne—

1931 5506 2195 5575 gligenter
2218 5504 2287 5557 ab
2321 5503 2440 5569 ipso
2477 5503 2584 5557 dici
2612 5511 3044 5558 commemorat:
3082 5501 3226 5570 quod
3262 5500 3512 5554 videlicet

1932 5611 2038 5648 non
2078 5594 2294 5648 liteserit
2326 5594 2378 5646 in
2415 5611 2516 5648 usu
2558 5594 2702 5647 verbi
2740 5593 3038 5662 μυκᾶσθαι,
3080 5592 3130 5645 id
3161 5602 3245 5645 est
3276 5591 3506 5661 mugire,

1931 5684 2022 5738 sed
2063 5684 2346 5738 transierit
2375 5685 2441 5738 ad
2473 5685 2698 5739 verbum
2729 5684 2950 5755 ἔκραξε,
2983 5683 3034 5738 id
3066 5693 3175 5746 est,
3221 5683 3504 5737 clamavit.

1932 5779 1995 5831 lit
2033 5778 2144 5831 lure
2183 5777 2401 5846 quidem
2441 5777 2508 5830 de
2542 5780 2783 5830 clamore
2812 5777 3032 5828 leonum
3071 5775 3156 5828 liis
3191 5774 3338 5827 dicta
3373 5773 3503 5838 sint,

1931 5872 2022 5941 qui
2061 5870 2273 5941 singula
2311 5879 2498 5925 exacte
2531 5870 2853 5924 discutiunt.
2895 5866 3068 5923 Porro
3102 5869 3154 5922 in
3187 5883 3321 5924 voce
3351 5867 3505 5922 dolo-
