4256 6440
789 418 899 480 639

1603 419 1935 479 ARETlI/E
1975 420 2353 479 CAESARE/li
2393 422 2875 483 CAPPADOCl/E
2914 423 3258 483 EPISCOPI

791 548 912 590 rasa
980 543 1322 602 peccaturum
1377 532 1469 600 qui
1526 532 1803 587 sustinent
1860 534 2161 601 Supplicia,
2226 535 2429 601 qnidA
2464 534 2667 588 ἐσθίειν
2730 536 2981 608 ἀλλήλοις
3063 538 3173 587 τῶν
3251 556 3258 584 ι

2472 534 2667 588 ἐσθίειν
2730 536 2981 608 ἀλλήλοις

3939 422 4065 484 6ιο

3063 538 3173 587 τῶν
3251 535 3480 588 ὀδόντων
3565 536 4061 605 συγκρουομένων.

790 625 960 692 magis
1009 635 1434 680 consentaneum
1479 634 1603 687 est,
1660 639 1825 693 quam
1868 624 2123 693 βρύκειν,
2175 623 2224 675 id
2270 635 2355 678 est
2385 626 2635 693 stridere,
2671 628 2816 682 unde
2878 638 2933 682 et
2994 626 3258 699 βρυγμὸς,

2472 626 2635 693 idere,
2671 628 2816 682 unde
2878 638 2933 682 et
2994 626 3263 699 βρυγμὸς,
3295 628 3347 680 id
3379 636 3463 681 est
3498 626 3705 681 stridor
3758 625 4021 680 dentium
4048 625 4075 676 2

788 717 1074 786 Sumptum
1127 727 1209 769 est
1277 728 1455 771 autem
1519 717 1744 770 verbum
1813 717 2159 786 βρύκειν,εο
2209 718 2356 785 quod
2426 721 2605 775 simile
2662 721 2734 776 sit
2788 720 3010 792 βρώσει,
3057 720 3107 774 id
3166 729 3253 774 est

2478 721 2605 775 mile
2662 721 2734 776 sit
2788 720 3010 792 βρώσει,
3057 720 3107 774 id
3166 729 3253 774 est
3293 720 3447 786 cibo,
3497 720 3643 789 quod
3690 730 3958 790 tanquam
4005 718 4068 771 in

787 810 995 862 edendo
1026 811 1214 862 dentes
1248 811 1387 863 inter
1422 826 1480 863 se
1510 810 1898 863 concutiantur
1927 820 1981 862 et
2010 810 2362 864 collidantur.

862 906 900 957 Χ
924 946 937 967 ,
967 907 1078 958 4-Ἰ.
1140 904 1204 956 Et
1242 923 1356 957 cum
1394 908 1572 958 locuta
1613 907 1835 972 fuissent
1875 920 2068 973 septem
2106 907 2368 967 tonitrua,

785 1011 877 1063 ego
915 996 1209 1061 scripturus
1236 1012 1402 1053 erant.
1436 1007 1486 1049 et
1524 997 1701 1047 audiri
1740 1011 1909 1047 vocent
1942 995 2007 1046 de
2034 995 2161 1048 caelo
2193 996 2372 1048 dicen-

786 1097 886 1138 tem
923 1100 939 1137 :
977 1085 1208 1153 Obsignu
1240 1103 1300 1138 ea
1332 1104 1449 1155 qua:
1486 1088 1661 1139 locuta
1700 1094 1823 1138 sunt
1863 1096 2057 1154 septem
2108 1088 2366 1148 tonitrua,

785 1190 831 1227 et
878 1192 939 1227 ne
971 1177 1244 1243 scripseris
1282 1194 1362 1229 ea.
1425 1175 1490 1227 Et
1547 1177 1762 1245 angelus
1799 1192 1950 1244 quem
2004 1176 2111 1228 ridi
2146 1187 2369 1229 stantem

784 1283 940 1335 super
981 1284 1125 1320 mare
1169 1278 1218 1319 et
1263 1284 1416 1335 super
1444 1279 1677 1332 terram,
1729 1268 1913 1319 levavit
1953 1282 2168 1319 manum
2206 1266 2367 1335 737

783 1374 937 1410 suam
983 1359 1226 1410 dextram
1292 1360 1339 1409 in
1374 1359 1559 1409 corium
1592 1372 1609 1409 :
1674 1367 1723 1410 et
1744 1358 1945 1424 juravit
1984 1359 2038 1410 in
2076 1375 2133 1411 eo
2176 1360 2264 1426 qui
2293 1361 2370 1411 ei-

788 1452 856 1501 rit
901 1452 954 1501 in
1005 1452 1201 1501 siccum
1246 1450 1599 1512 stt-culorum,
1644 1450 1735 1517 qui
1773 1449 1963 1501 crearit
1998 1448 2184 1501 (mlunt
2212 1460 2263 1501 et
2306 1466 2367 1502 ea

784 1558 902 1608 qua:
937 1542 991 1593 in
1025 1542 1115 1593 illo
1148 1552 1308 1601 sunt,
1338 1552 1386 1594 et
1419 1552 1616 1594 terram
1659 1552 1708 1594 et
1759 1558 1819 1594 ea
1854 1558 1970 1610 qua:
2005 1542 2059 1594 in
2094 1542 2191 1595 illa
2223 1551 2366 1607 sunt,

782 1642 831 1683 et
862 1647 1007 1683 mare
1044 1642 1093 1683 et
1140 1648 1201 1684 eu
1237 1649 1354 1701 qua:
1386 1634 1437 1682 in
1484 1634 1594 1696 ipso
1621 1642 1743 1682 sunt
1785 1647 1804 1683 :
1838 1632 1975 1698 quod
2007 1642 2208 1700 tempus
2265 1650 2367 1684 non

780 1724 885 1774 erit
937 1724 1196 1790 urnplius,
1251 1723 1348 1774 sed
1400 1725 1454 1775 in
1510 1723 1693 1775 diebus
1746 1724 1886 1775 vocis
1947 1724 2157 1792 septimi
2194 1725 2368 1792 angeli

2549 898 2655 954 Καὶ
2688 899 2786 952 ὅτε
2828 898 3145 964 ἐλάλησαν
3191 900 3252 951 αἱ
3293 898 3442 951 ἑπτὰ
3482 898 3758 965 βρονταί,
3788 904 4074 970 ἔμελλεν

2475 991 2754 1061 τράφειν,
2803 990 2903 1042 καί
2940 988 3179 1055 ἤκουσα
3231 990 3442 1057 φωνὴν
3495 994 3565 1045 ἐκ
3616 991 3723 1045 τοῦ
3783 996 4071 1061 οὐρανοῦ

2473 1082 2783 1151 λέγουσαν
2801 1097 2816 1112 '
2850 1080 3192 1147 Σφράγισον
3216 1078 3255 1133 t1
3274 1080 3593 1146 ἐλάλησαν
3606 1086 3667 1135 αἱ
3699 1084 3855 1137 ἑπτὰ
3873 1086 4075 1153 βρονο

2474 1174 2592 1235 ταὶ,
2628 1174 2727 1227 καί
2780 1171 2863 1239 μὴ
2914 1172 3068 1224 αὐτὰ
3100 1171 3361 1239 γράψῃς.
3422 1174 3530 1226 Kal
3582 1174 3615 1226 ό
3680 1176 3945 1244 ἄγγελος
3991 1178 4075 1231 ὃν

2472 1258 2637 1315 εἶδον
2656 1259 2887 1315 ἑστῶτα
2918 1259 3014 1312 ἐπὶ
3038 1258 3150 1326 τῆς
3178 1261 3502 1327 θαλάσσης
3532 1261 3629 1314 καί
3653 1262 3751 1315 ἐπὶ
3776 1262 3891 1329 τῆς
3914 1263 4069 1331 γῆς,

2472 1352 2579 1425 ἦρε
2594 1355 2714 1422 τὴν
2743 1354 2911 1423 χεῖρα
2928 1352 3119 1407 αὑτοῦ
3141 1354 3257 1419 τὴν
3281 1353 3491 1417 δεξιὰν
3511 1356 3598 1417 εἰς
3617 1355 3727 1408 τὸν
3752 1356 4033 1422 οὐρανόν
4053 1373 4066 1384 ·

2472 1448 2569 1501 καί
2615 1447 2855 1514 ὤμοσεν
2884 1447 2955 1499 ἐν
3000 1445 3079 1510 τῷ
3123 1444 3291 1505 ζῶντι
3340 1447 3424 1509 εις
3471 1445 3615 1511 τοὺς
3661 1444 3887 1511 σιῶν-ας
3937 1448 4073 1499 τῶν

2471 1538 2722 1600 αἰώνων,
2753 1538 2823 1601 ὃς
2844 1538 3049 1591 ἔκτισε
3071 1536 3183 1589 τὸν
3214 1538 3485 1602 οὐρανὸν
3524 1537 3621 1590 καί
3666 1540 3739 1590 τὰ
3770 1538 3841 1589 ἐν
3868 1537 4069 1602 αὐτῷ,

2473 1630 2568 1682 καὶ
2602 1629 2716 1696 τὴν
2740 1627 2859 1696 γῆν
2891 1627 2988 1683 καί
3030 1628 3104 1680 τὰ
3128 1629 3198 1679 ἐν
3226 1626 3403 1694 αὐτῇ,
3438 1628 3537 1681 καὶ
3580 1629 3697 1695 τὴν
3728 1629 4073 1682 Οιὶιασσω·

2474 1722 2569 1773 καῑ
2598 1724 2669 1775 τὰ
2702 1721 2773 1772 ἐν
2795 1719 2973 1787 αὐτῇ,
3009 1719 3099 1772 ὅτι
3141 1724 3361 1788 χρόνος
3408 1724 3521 1774 οὐκ
3548 1720 3636 1773 ἐτι
3681 1721 3879 1781 ἔσται,
3918 1723 4071 1775 ἀλλ’

782 1816 995 1882 quando
1052 1814 1173 1865 tuba
1234 1816 1510 1867 caniturus
1566 1825 1640 1868 est
1671 1858 1684 1878 ,
1759 1818 2234 1869 consummandam
2289 1827 2364 1870 est
2394 1830 2440 1889 Β
2472 1812 2541 1864 ἑν
2564 1810 2689 1876 ταῖς
2723 1811 2972 1879 ἡμέραις
2996 1810 3107 1876 τῆς
3132 1829 3258 1879 εἴων

2472 1812 2541 1864 ἑν
2564 1810 2689 1876 ταῖς
2723 1811 2972 1879 ἡμέραις
2996 1810 3107 1876 τῆς
3132 1810 3339 1879 φωνῆς
3356 1812 3463 1865 τοῦ
3484 1812 3738 1879 ἑϐδόμου
3759 1813 4067 1881 ἀγγέλου,

786 1910 1091 1974 mysterium
1147 1907 1275 1971 Dei,
1319 1910 1455 1962 sicut
1498 1909 1829 1961 annuntiavit
1881 1911 2042 1962 servis
2092 1911 2203 1963 suis
2241 1926 2365 1977 pro-

784 2000 972 2066 pltett's.

854 2173 1299 2231 Manifestissime
1336 2177 1425 2232 hic
1463 2179 1626 2231 datur
1660 2178 1911 2248 intelligi,
1944 2180 2087 2249 quod
2123 2183 2361 2237 tonitrua

783 2266 903 2320 sint
943 2268 1205 2337 angelica:
1259 2279 1557 2337 potestates
1592 2286 1607 2323 :
1655 2272 1960 2325 substantia
2014 2289 2249 2341 namque
2282 2285 2365 2329 est

782 2376 904 2428 qua:
942 2360 1208 2429 loquitur,
1243 2377 1349 2414 non
1386 2363 1611 2426 tonitru,
1642 2363 1787 2430 quod
1833 2364 2009 2417 solum
2043 2374 2126 2418 est
2173 2380 2360 2433 sonus,

784 2452 1079 2519 statimque
1118 2461 1176 2505 ut
1210 2452 1400 2521 incipit
1437 2468 1580 2517 esse,
1613 2454 1819 2507 tollitur
1852 2471 1882 2508 e
1912 2455 2110 2509 medio.

854 2546 1045 2597 Audivi
1099 2562 1274 2599 vocent
1326 2547 1389 2599 de
1438 2547 1565 2600 ctelo
1602 2548 1881 2601 dicentem.
1925 2546 2240 2601 Proltihitus
2280 2564 2364 2605 εει

784 2635 1048 2698 scribere,
1082 2637 1197 2691 sive
1232 2652 1328 2705 per
1362 2640 1694 2707 scripturam
1728 2640 2042 2695 hominibus
2077 2642 2362 2697 manifesta

785 2726 963 2780 facere
1003 2743 1120 2795 qme
1160 2728 1501 2793 videbantur,
1536 2730 1653 2793 sed,
1692 2728 1958 2800 Obsigna,
2017 2733 2216 2801 inquit,
2260 2734 2363 2787 hoc

784 2828 869 2871 est
919 2822 1071 2873 ﬁrma
1129 2822 1432 2875 retentione
1468 2823 1521 2875 in
1568 2833 1748 2877 mente
1804 2834 1894 2877 tua
1953 2830 2360 2891 conserva,sed

786 2928 1132 2981 nequaquam
1193 2928 1287 2981 per
1350 2913 1681 2985 scripturam
1734 2916 1980 2986 divulges
2032 2935 2045 2970 :
2110 2917 2363 2973 fortassis

783 3004 927 3071 quod
953 3005 1087 3057 nihil
1120 3006 1404 3073 prodesset
1439 3006 1789 3061 manifestare
1817 3009 1906 3061 illa
1934 3020 2059 3063 ante
2086 3018 2360 3079 postrema

782 3096 1051 3149 adwntus
1090 3097 1291 3151 Christi
1324 3106 1592 3167 tempora,
1618 3100 2058 3168 quandoquidem
2094 3111 2148 3155 et
2177 3103 2360 3156 Daniel

2474 1900 2620 1952 ὅταν
2639 1900 2837 1967 μέλλῃ
2871 1900 3206 1961 σαλπίζειν,
3253 1898 3689 1966 τελεσθήσεται
3730 1901 3793 1951 τὸ
3820 1903 4073 1967 μυστή-

2465 2010 2603 2059 pter
2630 1993 2735 2045 τοῦ
2765 1992 2935 2056 Θεοῦ,
2963 1993 3045 2057 ὡς
3064 1992 3425 2061 sim-nelias
3453 1991 3578 2058 τοῖς
3597 1992 3844 2058 δούλοις
3867 1994 4073 2046 αὑτοῦ

2470 2084 2596 2151 τοῖς
2631 2085 2985 2154 προφήταις.

2554 2174 2836 2228 Ἐντεῦθεν
2870 2175 3139 2245 ἀριδήλως
3168 2176 3228 2228 αἱ
3276 2174 3520 2247 βρονταὶ,
3567 2174 3863 2245 ἀγγελικαὶ
3888 2176 4069 2229 δυνα-

2474 2286 2597 2339 μεις
2626 2268 3009 2339 γνωρίζονται.
3039 2268 3207 2322 Λαλεί
3234 2269 3343 2340 γὰρ
3377 2269 3410 2338 ἠ
3433 2268 3614 2333 οὐσία,
3640 2269 3739 2338 οὐχ
3770 2270 3804 2336 ἠ
3831 2266 4066 2337 βροντὴ,

2470 2366 2750 2434 ἀπήχησις
2799 2360 2958 2429 οὖσα,
2995 2364 3061 2434 τῇ
3114 2362 3322 2431 γενέσει
3374 2362 3471 2417 καὶ
3530 2361 3611 2433 τῷ
3672 2357 3816 2415 εἶναι
3888 2363 4065 2429 ἀφαι-

2476 2473 2568 2526 ρου
2578 2457 2734 2525 μένῃ.

2544 2552 2820 2603 Ἤκουσα
2872 2546 3086 2616 φωνὴν
3116 2545 3188 2600 ἐκ
3250 2546 3359 2601 τοῦ
3412 2544 3674 2614 οὐρανοῦ
3716 2547 4059 2615 λέγουσαν.

2478 2640 2584 2694 Τοῦ
2612 2639 2870 2708 γράφειν,
2901 2640 3023 2709 ἦτοι
3078 2638 3323 2709 πρόδηλα
3386 2639 3563 2691 ποιεῖν
3608 2638 3919 2709 ἀνθρώποις
3966 2638 4064 2691 διὰ

2474 2733 2693 2804 γραφῆς
2716 2732 2783 2785 τὰ
2814 2731 3092 2803 ὁρώμενα,
3141 2729 3414 2799 ἐκωλύθη.
3463 2731 3724 2799 Σφραγῖδι
3772 2730 3830 2782 δὲ
3887 2732 4061 2781 οἱονεὶ

2471 2826 2703 2892 ἀσσαλεί
2733 2828 2937 2894 κατοχῇ
2976 2827 3033 2877 ὲν
3058 2826 3125 2894 τῇ
3169 2822 3379 2893 διανοίᾳ
3409 2839 3503 2874 σου
3543 2824 3825 2891 συντήρει,
3862 2825 4058 2889 φησιν,

2472 2918 2703 2987 ἔκφορον
2734 2917 2790 2968 δὲ
2819 2915 2906 2968 διὰ
2956 2915 3176 2984 γραφῆς
3210 2914 3333 2984 μηδ’
3390 2914 3526 2976 ὅλως
3556 2913 3735 2975 ποιοῦ,
3789 2914 3921 2974 ἴσως
3969 2913 4060 2965 ὅτι

2475 3010 2551 3079 μὴ
2599 3008 2867 3062 λυσιτελεῖ
2900 3008 3007 3077 πρὸ
3062 3010 3163 3077 τῆς
3214 3006 3521 3077 παρουσίας
3567 3004 3676 3059 τῶν
3724 3004 4060 3057 τελευταίων

2475 3099 2680 3166 καιρῶν
2706 3098 3125 3168 ἐμφανίζεσθαι,
3173 3099 3296 3150 ἐπεὶ
3325 3098 3417 3150 καὶ
3444 3096 3640 3164 Δανιὴλ
3674 3097 4059 3164 ἐσφραγισμέ-

782 3188 1084 3239 docebatur
1111 3189 1502 3257 utobsignaret
1539 3192 1851 3260 huiusmodi
1877 3210 2181 3252 sermones.
2209 3197 2362 3261 Quod
2392 3207 2434 3265 ο
2474 3208 2598 3253 νους
2626 3190 2753 3253 τοὺς
2791 3189 2901 3241 τῶν
2937 3190 3193 3243 τοιούτων
3231 3189 3258 3240 λ

2474 3208 2598 3253 νους
2626 3190 2753 3253 τοὺς
2791 3189 2901 3241 τῶν
2937 3190 3193 3243 τοιούτων
3231 3189 3424 3256 λόγους
3463 3188 3796 3249 ὲδιδάσκετο,
3836 3185 4055 3237 λυσιτε-

786 3292 968 3335 autem
1012 3284 1184 3350 prosit
1217 3300 1280 3337 ea
1337 3286 1731 3353 reconditioni,
1782 3289 2095 3357 coajectura
2152 3290 2366 3346 discere

782 3370 966 3423 licebit
1004 3386 1126 3425 esse
1174 3374 1572 3428 vehementiam
1608 3377 2028 3431 constitutorum
2074 3380 2368 3449 supplicio-

784 3477 924 3521 rum.
973 3478 1097 3515 cum
1132 3465 1446 3520 misericors
1489 3466 1628 3521 Deus
1657 3484 1754 3522 sua
1808 3470 2145 3540 benignitate
2204 3474 2366 3526 retri-

782 3551 1063 3605 butionem
1116 3556 1363 3623 supplicii
1425 3573 1531 3610 non
1590 3558 1811 3614 inducat
1868 3562 2067 3629 aequali
2126 3562 2367 3631 pondere

778 3653 905 3692 Cum
939 3643 1196 3709 peccatis.
1234 3644 1386 3699 Unde
1413 3648 1577 3700 etiam
1610 3649 1687 3702 ait
1708 3650 2187 3721 psalmographus,
2216 3656 2363 3723 quod

785 3747 891 3785 non
927 3733 1080 3799 juxta
1125 3735 1443 3803 iniquitates
1479 3750 1717 3806 nostras,
1753 3759 1927 3811 neque
1950 3743 2106 3811 juxta
2143 3761 2362 3816 peccata

782 3822 1114 3877 admetiatur
1142 3828 1300 3881 nobis
1333 3830 1769 3885 retributionem.

856 3916 1187 3979 anlocuta
1223 3930 1345 3972 sunt
1382 3932 1577 3989 septem
1623 3925 1880 3978 tonitrua.
1928 3926 2363 3985 Existimandnm

781 4014 869 4059 est
920 4017 1102 4061 autem
1156 4013 1391 4063 tonitrua
1443 4028 1567 4068 esse
1614 4016 1843 4069 virtutes
1897 4020 2205 4087 angelicas,
2246 4039 2367 4091 qua:

787 4100 1044 4155 tonitruis
1095 4104 1467 4158 assimilantur
1524 4108 1595 4160 ob
1637 4109 1921 4162 horrorem
1962 4113 2054 4175 qui
2106 4113 2367 4168 incutitur

790 4207 884 4254 per
913 4208 974 4245 ea
1015 4209 1137 4261 quin
1175 4194 1243 4248 ab
1284 4196 1420 4263 ipsis
1450 4197 1730 4251 dicuntur.
1766 4199 2091 4269 llujusmodi
2132 4220 2368 4275 namque

783 4295 913 4337 sum
967 4285 1395 4354 incorporalium
1437 4301 1754 4345 sanctorum
1809 4295 2128 4363 angelorum
2185 4312 2365 4364 Voces,

783 4388 908 4441 quae
952 4376 1020 4427 ab
1078 4376 1193 4444 ipsa
1246 4380 1692 4435 manifestatione
1728 4382 2013 4438 horrorem
2056 4402 2242 4441 secum
2287 4387 2368 4443 fe-

787 4474 913 4517 tant
956 4483 969 4518 :
1017 4469 1480 4535 quemadmodum
1517 4473 1867 4528 manifestum
1899 4487 2076 4531 estex
2120 4493 2187 4533 eo
2217 4480 2365 4549 quod

2470 3284 2579 3337 λεῖν
2606 3284 2664 3337 δὲ
2693 3284 2754 3335 τὸ
2781 3283 3175 3353 ταμιεύεσθαι,
3203 3280 3537 3342 είκαστικῶς
3565 3279 3816 3347 εἴποιμεν
3842 3276 3911 3330 ἂν
3941 3276 4055 3329 τῶδ

2467 3375 2878 3443 διαταξαμένων
2934 3375 3209 3427 κολάσεων
3253 3374 3313 3425 τὸ
3366 3371 3618 3441 σφοδρὸν,
3666 3368 4058 3437 φιλανθρωπίᾳ

2468 3466 2563 3521 τοῦ
2608 3468 2902 3537 ἑλεήμονος
2948 3464 3086 3518 Θεοῦ
3122 3465 3200 3536 μὴ
3250 3464 3579 3532 ἰσόσταθμον
3608 3461 3912 3528 ἐπάγοντος
3952 3460 4055 3528 τὴν

2468 3558 2799 3611 ὰντέκτισιν.
2844 3556 2935 3621 Ἐξ
2984 3548 3046 3608 οὗ
3097 3558 3193 3609 καὶ
3227 3556 3308 3616 τδ,
3349 3554 3442 3624 Μὴ
3489 3552 3630 3607 κατᾶ
3677 3552 3779 3615 τὰς
3818 3551 4054 3619 ἀνομίας

2468 3646 2649 3717 ἡμῶν,
2696 3649 2791 3701 καὶ
2825 3649 2905 3711 τὸ,
2937 3648 3078 3701 κατὰ
3121 3648 3221 3711 τὰς
3274 3647 3554 3717 ἁμαρτίας
3610 3644 3987 3713 ἀνταπόδομα,
4023 3645 4053 3695 ὁ

2481 3740 2865 3811 ’Υμνογραφος
2890 3742 3054 3810 φησὶν
3084 3738 3507 3811 ἑπιμετρεῖσθαι
3546 3739 3697 3809 ἡμῖν.

2552 3925 2902 3993 Ἐλάλησαν
2932 3930 2991 3981 αι
3020 3925 3171 3980 ἑπτὰ
3196 3926 3471 3994 βρονταί.
3506 3925 3617 3988 Τὰς
3675 3922 3909 3994 βροντὰς
3955 3923 4049 3975 δυ-

2471 4020 2664 4090 νάμεις
2693 4021 2992 4088 ἁγγελικὰς
3034 4018 3175 4076 εἶναι
3204 4022 3436 4092 οἰητέον,
3470 4022 3719 4091 βρονταῖς
3751 4019 4049 4083 ἁπεικαζοι

2472 4111 2641 4179 μένας
2671 4113 2761 4164 δια
2798 4113 2860 4165 τὸ
2886 4114 3327 4184 καταπληκτικὴν
3365 4114 3474 4165 τῶν
3518 4113 3608 4166 ὑπ’
3643 4112 3830 4167 αὐτῶν
3866 4114 4047 4180 ἐκφω-

2470 4204 2770 4272 νουμὲνων.
2802 4205 3061 4259 Τοιαῦται
3109 4207 3219 4275 γὰρ
3271 4208 3327 4259 αἱ
3382 4205 3491 4258 τῶν
3534 4205 3842 4274 ἀσωμάτων
3877 4204 4046 4271 ἁγίων

2468 4294 2721 4362 ἀγγέλων
2766 4298 2965 4365 φωναὶ,
3021 4296 3115 4349 καὶ
3170 4298 3265 4349 ἀπ’
3305 4297 3473 4366 αὐτῆς
3508 4296 3604 4365 τῆς
3634 4294 3939 4364 ἐμφανείας
3984 4295 4043 4347 τὸ

2472 4390 2919 4458 καταπληκτικὸν
2940 4390 3180 4458 ἔχουσαι.
3199 4390 3274 4452 ὡς
3307 4389 3465 4458 δῆλον
3491 4388 3600 4441 ἀπὸ
3622 4387 3715 4440 τοῦ
3736 4387 3829 4439 τὸν
3852 4387 4045 4454 Δανιὴλ

2476 4477 2612 4544 μηδὲ
2651 4480 2895 4549 προσηνῆ
2939 4479 3069 4532 θέαν
3114 4478 3374 4546 ἀγγέλου,
3433 4478 3631 4546 μήτιγε
3688 4474 4044 4545 ἀπειλητικὴν

788 4556 975 4611 llaniel
1040 4576 1108 4613 ne
1167 4561 1343 4615 lenem
1393 4565 1614 4633 quidem
1670 4568 1848 4636 angeli
1906 4570 2175 4625 visionem
2231 4573 2366 4627 nihil
2402 4556 2442 4611 ί)
2474 4573 2737 4638 ἐνεγκεῖν.
2772 4571 3082 4641 Σφραγίσαι
3109 4570 3258 4625 δὲτὰ

2474 4573 2737 4638 ἐνεγκεῖν.
2772 4571 3082 4641 Σφραγίσαι
3109 4572 3167 4625 δὲ
3190 4570 3291 4633 τὰς
3318 4570 3427 4621 τῶν
3453 4570 3593 4622 ἑπτα
3626 4568 3862 4638 βροντῶν
3882 4568 4039 4635 ἀγγε-

786 4647 1079 4703 haheutem
1106 4653 1554 4709 comminationis
1584 4655 1727 4710 l‘erre
1758 4662 2014 4726 potuerit.
2052 4661 2249 4716 Datum
2281 4672 2367 4718 est

780 4749 969 4793 autem
1020 4756 1343 4812 praeceptum
1402 4754 1462 4800 ut
1519 4746 1945 4817 obsignarentur
1990 4768 2111 4820 qua:
2162 4763 2367 4822 septem

784 4832 1028 4886 tonitrua
1081 4837 1485 4904 nuntiaverant,
1532 4840 1634 4894 hoc
1674 4850 1779 4902 est,
1821 4852 2030 4897 secreta
2077 4859 2369 4900 servaren-

784 4932 917 4976 tur:
950 4924 1093 4992 quod
1139 4926 1375 4992 perfecta
1418 4928 1611 4982 horum
1656 4933 2019 4999 apprehensio
2078 4947 2369 5006 apertaque

782 5014 1032 5080 cognitio
1058 5019 1319 5072 extremis
1350 5021 1694 5089 temporibus
1720 5024 1925 5079 utiliter
1956 5036 2269 5095 reponatur.

854 5103 1066 5159 Levavit
1099 5124 1309 5161 manum
1348 5128 1503 5165 suam
1531 5112 1771 5167 dextram
1804 5117 1859 5170 in
1903 5120 2110 5172 cretum.
2153 5118 2365 5174 Dextrte

783 5211 985 5251 manus
1036 5200 1269 5255 elevatio
1325 5203 1513 5257 ellicax
1572 5221 1637 5259 ac
1697 5208 1907 5261 ﬁrmius
1954 5210 2203 5278 designat
2246 5226 2365 5265 esse

786 5284 991 5340 factum
1021 5289 1138 5358 ejus
1169 5292 1261 5359 qui
1292 5291 1521 5360 juravit.
1561 5294 1685 5350 Ideo
1719 5313 1938 5367 quoque
1977 5300 2183 5354 dictant
2220 5308 2306 5357 est
2346 5320 2359 5354 :

792 5397 812 5428 ε
852 5378 1078 5434 Dextera
1119 5381 1329 5436 Domini
1368 5386 1494 5439 fecit
1526 5390 1775 5443 virtutem
1810 5393 1876 5444 π.
1918 5411 1935 5441 ι

866 5468 929 5522 [ξι
972 5490 1029 5525 eo
1064 5476 1156 5541 qui
1209 5478 1329 5529 vivit
1356 5480 1409 5530 in
1439 5481 1656 5533 σακκία.
1704 5482 1965 5537 Videntur
2000 5486 2219 5553 quidem
2253 5487 2366 5541 huic

790 5563 1032 5618 Graecam
1066 5583 1172 5620 non
1224 5570 1422 5625 habere
1457 5574 1697 5639 phrasim
1733 5593 1746 5629 :
1780 5576 1944 5645 738
1973 5577 2173 5631 dicitur
2218 5579 2364 5631 enim

783 5656 972 5724 jurare
1005 5674 1099 5725 per
1146 5661 1383 5731 aliquem
1432 5674 1487 5719 ct
1535 5683 1639 5722 non
1693 5670 1745 5723 in
1779 5671 1982 5739 aliquo.
2028 5671 2137 5726 Nec
2184 5682 2363 5727 tamen

862 5814 906 5843 "
956 5812 1098 5870 Psal.
1158 5834 1333 5885 cmi,
1379 5820 1455 5875 lt».

2467 4664 2587 4726 λίας
2618 4665 2650 4733 ἡ
2684 4663 2872 4732 ἐντολὴ
2904 4664 3278 4734 παραδίδοται,
3309 4662 3611 4725 τουτέστιν,
3644 4662 3702 4712 ὲν
3744 4660 4042 4730 ἀπορρήτῳ

2464 4752 2739 4821 κατέχειν,
2779 4752 2854 4816 ὡς
2895 4754 2993 4822 τῆς
3026 4752 3388 4823 περὶτούτων
3420 4751 3631 4812 τελείας
3681 4750 4039 4820 καταλήψεως

2465 4846 2562 4898 καὶ
2588 4845 2920 4915 τρανοτέρας
2967 4845 3248 4914 εἰδήσεως,
3297 4847 3410 4908 τοῖς
3462 4843 3791 4906 τελευταίοις
3832 4844 4037 4913 χρόνοις

2467 4937 2839 5007 ἀποκειμένης
2873 4936 3282 5005 συμφερόντως.

2540 5111 2688 5183 Ἦρε
2730 5114 2845 5181 τὴν
2880 5114 3048 5183 zeipa
3076 5112 3263 5168 αὐτοῦ
3308 5112 3423 5177 τὴν
3456 5110 3665 5175 δεξιὰν
3694 5113 3779 5173 είς
3811 5110 3917 5161 τὸν
3943 5113 4037 5162 οἰν-

2459 5208 2675 5275 ρανόν.
2713 5206 2776 5258 'll
2830 5209 2929 5277 τῆς
2960 5206 3141 5272 δεξιᾶς
3190 5206 3424 5277 ἔπαρσις
3476 5206 3538 5258 τὸ
3584 5206 3901 5275 ἔμπρακτον
3948 5205 4035 5256 τοῦ

2473 5297 2763 5366 ὀμνύοντος
2796 5297 3175 5351 ὑπαινίττεται
3204 5298 3301 5349 καὶ
3331 5298 3795 5367 δυναμικώτερον.
3829 5297 3917 5349 Διὸ
3950 5298 4038 5348 καὶ

2474 5393 2715 5461 εἴρηται·
2751 5409 2769 5441 ι
2801 5389 2962 5455 Δεξιὰ
2998 5389 3206 5458 Κυρίου
3238 5389 3463 5457 ἐποίησε
3490 5388 3740 5457 δύναμιν.
3790 5407 3807 5433 ι

2546 5485 2619 5538 Τὸ
2634 5486 2710 5549 δὲ,
2730 5486 2799 5538 ἑν
2816 5484 2895 5549 τῷ
2910 5485 3077 5545 ζῶντι
3092 5487 3140 5537 sl
3147 5505 3179 5550 ς
3195 5484 3336 5549 τοὺς
3348 5484 3589 5550 αἰῶνας.
3609 5486 3758 5538 δοκεῖ
3776 5484 3876 5552 μὲν
3888 5483 4031 5534 ἀνελ-

2475 5578 2725 5647 λήνιστον
2741 5571 2901 5628 εἶναι.
2920 5576 3170 5645 Ὀμνύειν
3182 5576 3290 5644 γὰρ
3305 5575 3519 5643 λέγεται
3535 5576 3677 5629 κατά
3691 5592 3857 5638 τινος,
3874 5576 3969 5628 οὐκ
3983 5576 4037 5629 ἐν

2477 5688 2604 5725 τινι.
2633 5668 2777 5737 Πλὴν
2798 5669 2899 5721 οὐκ
2927 5669 3185 5722 ἀπαίσιον
3221 5664 3289 5738 ἦν
3316 5668 3387 5721 τὰ.
3408 5669 3466 5723 ὲν
3490 5668 3568 5737 τῷ
3590 5667 3757 5733 ζῶντι
3791 5668 4034 5737 ὀμνύναι,
