4256 6440
225 425 322 486 641

1295 429 1685 490 COMMENT.
1733 432 1813 492 IN
1856 431 2385 495 APOCALYPSIN.

3381 431 3493 496 642

224 541 307 609 τῷ
362 537 500 591 κατὰ
531 537 787 607 βούλησιν
830 540 1102 607 παριστᾷν
1159 539 1253 592 τοῦ
1295 542 1416 592 καθ’
1449 536 1513 594 οὗ
1562 544 1591 593 6
1647 542 1805 612 ὅρκος
1834 551 1877 604 Α

1834 551 1877 604 Α
1911 544 2268 610 incnngrnnm
2302 543 2404 594 luit
2446 542 2633 609 jurare
2681 541 2734 594 in
2780 553 2848 594 eo
2877 538 2973 608 qui
3017 537 3170 604 vivit,
3199 538 3271 596 ad
3306 549 3489 595 ostcn‘

227 631 623 702 παρείληπται.
651 634 783 695 Θεὸς
819 635 919 699 μὲν
951 634 1074 685 ἐπεὶ
1114 634 1236 686 κατ’
1269 635 1482 698 οὐδενὸς
1513 631 1624 704 εἶχε
1683 638 1806 705 μεί-

226 728 380 790 ζονος
407 726 625 794 ὀμόσαι,
660 727 795 794 ὅπερ
849 726 916 777 δι’
948 725 1069 788 ἔθος
1111 728 1225 788 τοῖς
1267 726 1581 796 ὀμνύουσιν,
1617 727 1808 798 ὀμνύει

227 819 354 871 καθ’
386 817 603 872 ἑαυτοῦ.
631 821 761 881 Καὶ,
801 838 818 869 ι
855 820 987 872 Κατ’
1017 819 1257 889 ἐμαυτοῦ
1281 817 1622 890 γὰρῶμοσα,
1656 823 1807 889 λέγει

229 911 454 979 Κύριος.
497 931 515 963 ι
549 913 805 978 ’Ἄγγελοι
845 911 900 962 δὲ
927 911 1000 974 ὡς
1039 912 1247 981 κτίσμα
1281 911 1424 964 κατὰ
1443 912 1539 964 τοῦ
1571 914 1805 966 Κτίστου

227 1003 514 1070 ὀμνύουσι,
546 1004 646 1073 τὴν
677 1003 959 1074 ἡμετέραν
991 1004 1252 1056 ἀπιστίαν
1280 1003 1368 1056 διὰ
1409 1004 1504 1056 τοῦ
1533 1003 1690 1057 Θείου
1711 1008 1806 1074 τῆς

229 1097 604 1168 παραλήψεως
630 1097 1001 1166 πιστούμενοι.
1031 1098 1234 1164 Ὢμοσε
1259 1096 1369 1166 γὰρ
1389 1097 1580 1166 χρόνον
1610 1098 1808 1167 μηκέτι

227 1188 393 1253 εἶναι,
431 1190 615 1252 καλῶς
661 1189 757 1241 καὶ
789 1189 1026 1259 ἀληθῶς,
1071 1189 1160 1241 ὅτι
1217 1191 1435 1258 χρόνος
1481 1191 1593 1242 οὐκ
1635 1189 1807 1242 ἔσται

227 1285 339 1336 ἔτι.
378 1284 450 1334 Τὸ
481 1282 590 1350 γὰρ
613 1283 732 1334 τότε
766 1282 1196 1350 διαστήματικὸν
1227 1283 1403 1352 ῥεῦμα
1425 1283 1523 1351 τῆς
1553 1285 1807 1353 χρονικῆς

229 1376 609 1439 ὑποστάσεως,
646 1375 946 1443 ἁνέσπερὸν
976 1392 1032 1425 τε
1062 1373 1214 1426 ἔσται
1239 1376 1331 1426 καὶ
1360 1374 1676 1436 ἁδιάκοπον,
1711 1375 1807 1427 καὶ

225 1469 314 1520 διὰ
359 1468 520 1520 τοῦτο
561 1469 621 1519 οὐ
650 1468 860 1536 χρόνος.
895 1467 989 1527 Τίς
1025 1468 1134 1534 γὰρ
1184 1464 1411 1535 ἡλιακοῦ
1440 1467 1617 1534 φωτὸς
1647 1467 1806 1538 χρεία

224 1563 323 1630 τῆς
352 1561 618 1628 συστολῆς
651 1559 776 1612 καθ’
807 1559 874 1629 ἣν
906 1560 1213 1620 ἀνάπαυσις
1261 1559 1371 1610 τῶν
1396 1559 1504 1611 ἀπὸ
1527 1559 1628 1627 τῆς
1671 1561 1807 1628 ἡμέ-

229 1672 330 1724 ρας
359 1653 546 1704 κόπων
571 1654 682 1712 τοῖς
707 1651 865 1714 ζώοις
886 1650 1193 1716 ἐγγίνεταις
1225 1651 1405 1719 Χωρὶς
1437 1653 1547 1720 γὰρ
1579 1651 1803 1714 τούτων,

223 1744 309 1804 τίς
337 1741 566 1810 ἡλιακοῦ
601 1741 776 1809 φωτὸς
808 1741 993 1809 χρεία;
1031 1741 1220 1802 ’Ἤλιος
1257 1741 1354 1808 μὲν
1383 1741 1475 1793 οὖν
1522 1742 1696 1800 ἔσται,
1726 1743 1806 1795 ὅτι

230 1837 358 1908 μηδ’
394 1840 473 1898 εἰς
500 1835 844 1904 ἁνυπαρξίαν
877 1836 1159 1905 χιρ›ρήσῃ.ὀ
1200 1835 1293 1886 νῦν
1322 1835 1552 1903 κόσμος,
1582 1835 1696 1886 ἀλλ’
1728 1838 1806 1897 εἰς

225 1930 642 1997 ἀνακαινισμόν.
687 1934 894 2001 ’Ὠσπερ
928 1934 981 1984 δὲ
1007 1932 1101 1984 νῦν
1138 1933 1312 2003 ἄστρα
1345 1936 1447 2003 μὲν
1472 1934 1590 1985 ἐστι
1620 1936 1714 1986 καὶ
1744 1937 1801 1985 ἐν

224 2023 334 2092 ἠμέ
347 2039 436 2092 ρα,
464 2023 524 2074 ού
549 2022 654 2092 μὴν
676 2023 977 2093 καθορᾶται
1006 2025 1425 2094 ύπερνικώντων
1453 2027 1551 2094 τὴν
1578 2027 1804 2078 ἐκείνων

222 2114 550 2183 λαμπηδόνα
583 2116 676 2167 τοῦ
707 2116 856 2184 ἡλίου
887 2118 996 2168 τῶν
1044 2118 1443 2187 μαρμαρυγῶν,
1478 2120 1575 2172 καὶ
1605 2118 1799 2185 οὕτως,

219 2207 367 2259 ὥστε
397 2208 475 2259 ὃτι
508 2209 646 2260 εἰσὶν
676 2211 734 2261 ὲν
759 2210 975 2280 οὐρανῷ
1004 2211 1338 2279 ἀγνοεῖσθαι,
1362 2211 1506 2264 οὕτω
1536 2218 1630 2265 καὶ
1655 2213 1800 2268 τότε.

219 2300 299 2352 Τὸ
324 2301 436 2370 γὰρ
480 2301 561 2353 ὅτι
592 2301 716 2354 οὐδὲ
754 2303 854 2372 μία
893 2305 1040 2356 αἰτία
1081 2304 1178 2356 τοῦ
1214 2306 1291 2368 είς
1321 2306 1662 2375 ἀνυπαρξίαν
1689 2324 1800 2375 χω-

220 2395 392 2464 ρῆσαι
427 2391 664 2462 παντελῆ
698 2393 776 2463 τῷ
826 2392 922 2446 νῦν
956 2392 1144 2465 ιιόσμῳ
1172 2395 1306 2460 τέως
1353 2396 1591 2465 ἀγνοεῖν,
1634 2396 1734 2466 οὐχ
1767 2396 1800 2467 ἡ

217 2483 464 2555 τυχοῦσα
498 2485 711 2552 ἄγνοια.

295 2755 420 2805 ’Ότι
476 2758 696 2822 χρόνος
746 2756 858 2808 οὐκ
897 2757 986 2808 ἔτι
1035 2757 1233 2811 ἔσται.
1286 2756 1492 2826 Χρόνον
1534 2755 1609 2826 μὴ
1662 2750 1802 2808 εἶναι

217 2844 460 2915 ὤμοσεν,
511 2847 572 2898 οὐ
620 2847 728 2897 τῶν
768 2848 1094 2916 τηνικαῦτα,
1147 2850 1281 2903 ἀλλὰ
1332 2850 1440 2902 τῶν
1484 2851 1573 2903 ὅτε
1616 2849 1801 2918 μέλλει

220 2937 514 3000 σαλπίζειν
557 2940 585 2990 6
629 2938 861 3008 ἕϐδομος
894 2940 1141 3007 ἄγγελος.
1171 2942 1263 2994 Διὸ
1291 2942 1387 2995 καὶ
1417 2942 1590 3005 οὕτως
1631 2946 1798 2997 ἀκου-

219 3036 382 3085 στέον
441 3032 578 3101 μετὰ
621 3033 980 3103 προσθήκης,
1019 3037 1103 3085 ὅτι
1149 3037 1338 3105 χρόνος
1371 3036 1472 3088 οὐκ
1518 3035 1601 3088 ἔτι
1644 3035 1800 3087 ἔσται

217 3125 333 3177 ἀπὸ
364 3124 458 3176 τοῦ
492 3124 610 3177 νῦν.
644 3125 718 3177 Οὐ
750 3125 860 3192 γὰρ
902 3121 997 3177 οὖν
1029 3127 1170 3178 κατὰ
1204 3127 1361 3193 τοῦτο
1393 3131 1420 3180 6
1462 3129 1646 3198 ὅρκος,
1683 3127 1798 3179 ἀλλ’

1913 635 2152 688 dcndum
2209 633 2730 701 essejuramentum
2777 632 2936 702 juxta
2975 631 3314 686 voluntatem
3372 632 3496 702 ejus

1913 745 2013 798 per
2045 744 2204 799 quem
2241 735 2586 795 assumptum
2634 736 2734 781 est.
2773 725 2841 780 Et
2872 725 3015 781 Deus
3066 726 3324 794 quidem,
3354 741 3496 798 quo-

1919 820 2061 874 niam
2094 837 2188 891 per
2217 820 2426 874 nullum
2460 819 2720 887 majorem
2748 819 2924 890 potuit
2949 819 3136 888 jurare
3157 859 3171 881 .
3204 820 3349 888 quod
3377 835 3495 873 mo-

1917 914 1992 967 ris
2015 922 2098 968 est
2123 913 2464 982 jurantibus,
2491 913 2639 981 jurat
2663 927 2758 979 per
2794 912 3056 981 seipsum.
3093 909 3157 964 Et
3183 910 3256 963 ait
3291 929 3305 965 :
3339 930 3357 961 ι
3394 912 3495 965 Per

1915 1008 2297 1076 memetipsnm
2350 1005 2569 1074 iuravi,
2623 1004 2757 1056 dicit
2803 1004 3064 1057 Dominus
3108 1004 3192 1069 ⁸⁷;
3237 1022 3256 1055 ι
3318 1004 3494 1070 angeli

1913 1113 2045 1153 vero
2073 1107 2334 1167 tanquam
2366 1105 2636 1151 creaturae
2670 1110 2764 1162 per
2793 1094 3106 1147 Creatorem
3149 1095 3368 1163 jurant,
3402 1109 3499 1162 per

1912 1186 2079 1241 divini
2131 1186 2388 1240 Numinis
2435 1183 2866 1250 assumptionem
2918 1181 3309 1236 contirmantcs
3390 1195 3494 1237 no-

1924 1290 2090 1333 stram
2146 1276 2517 1330 dillidentiam.
2582 1274 2797 1327 Juravit
2830 1288 3066 1341 namque
3092 1275 3352 1342 deinceps
3385 1288 3494 1327 non

1914 1369 2029 1424 fore
2079 1382 2324 1438 tempus,
2377 1377 2521 1422 recte
2566 1383 2630 1421 ac
2671 1381 2816 1427 vere,
2860 1364 2998 1434 quod
3034 1375 3234 1433 tempus
3263 1382 3367 1418 non
3393 1368 3494 1419 erit

1914 1462 2173 1528 amplius.
2252 1458 2499 1528 Spatium
2562 1459 2709 1512 enim
2781 1455 3096 1525 temporalis
3175 1455 3497 1509 substantiae

1913 1554 2056 1621 quod
2091 1561 2222 1604 tunc
2248 1550 2400 1612 ﬂuet.
2432 1550 2552 1604 sine
2581 1563 2806 1617 vespera
2835 1564 2898 1602 ac
2929 1547 3348 1616 interpolatione
3368 1549 3493 1612 erit,

1912 1657 1965 1699 ct
2003 1645 2072 1698 ita
2128 1659 2235 1696 non
2290 1645 2395 1696 erit
2428 1653 2667 1708 tempus.
2716 1640 2851 1705 Quis
2891 1641 3036 1693 enim
3099 1656 3234 1693 usus
3270 1641 3494 1695 luminis

1913 1736 2132 1797 solaris,
2182 1749 2306 1787 cum
2343 1733 2600 1786 animalia
2644 1733 2998 1799 requiescunt
3031 1747 3060 1784 a
3093 1731 3304 1784 diurnis
3342 1730 3496 1784 labo-

1914 1827 2106 1880 ribus?
2129 1825 2262 1879 Nam
2290 1825 2410 1879 sine
2441 1825 2529 1878 his
2560 1841 2682 1894 qum
2707 1834 2790 1879 est
2821 1825 3020 1880 solaris
3048 1825 3275 1880 luminis
3307 1840 3496 1880 neces-

1910 1919 2044 1972 sitas
2085 1920 2166 1972 vel
2197 1921 2361 1971 etiam
2405 1918 2584 1971 usus?
2620 1917 2712 1970 Sol
2750 1918 2970 1986 quidem
3003 1919 3129 1979 erit,
3156 1919 3285 1986 quia
3317 1934 3494 1988 neque

1907 2012 1976 2064 ad
2005 2013 2284 2064 interitum
2321 2012 2504 2064 tendet
2534 2026 2772 2078 praesens
2807 2011 3064 2074 mundus,
3091 2010 3187 2064 sed
3225 2011 3291 2064 ad
3331 2011 3492 2064 inno-

1906 2106 2204 2158 vatiouem.
2248 2103 2720 2169 Quemadmodum
2778 2118 2907 2156 vera
2968 2118 3117 2156 nunc
3168 2112 3314 2156 astra
3365 2115 3495 2158 sunt

1906 2197 2125 2266 quidem
2151 2198 2315 2250 etiam
2350 2197 2402 2248 in
2434 2197 2546 2259 die,
2578 2212 2684 2247 nou
2715 2205 2896 2247 tamen
2928 2195 3347 2265 conspiciuntur
3377 2197 3492 2248 viu-

1905 2298 2063 2343 cente
2120 2288 2468 2356 splendorem
2520 2287 2736 2340 illarmu
2791 2287 2922 2340 solis
2965 2288 3199 2356 fulgore,
3251 2288 3388 2341 adeo
3436 2300 3492 2343 ut

1905 2386 2222 2440 neseiantur
2277 2399 2400 2438 esse
2448 2383 2674 2437 incho
2718 2400 2731 2436 :
2787 2383 2860 2435 ita
2895 2389 2949 2435 et
3002 2390 3155 2436 tunc.
3208 2381 3488 2452 Siquidem

1905 2479 2161 2549 ignorare
2206 2478 2352 2546 quod
2389 2477 2536 2529 nulla
2581 2476 2651 2530 sit
2682 2490 2849 2528 causa
2899 2489 2999 2527 cur
3031 2489 3276 2543 praesens
3330 2493 3492 2530 mun-

1901 2573 2006 2626 dus
2039 2571 2284 2624 tenderet
2319 2570 2384 2621 ad
2423 2569 2722 2638 perlectum
2761 2566 3064 2633 interitum,
3097 2582 3207 2622 non
3250 2567 3493 2638 vulgaris

1904 2673 2049 2717 esset
2080 2663 2411 2730 ignorantia.

1976 2757 2128 2820 Quod
2163 2766 2365 2825 tempus
2397 2772 2499 2808 non
2539 2755 2640 2809 erit
2669 2755 2918 2822 amplius.
2955 2753 3195 2822 Tempus
3225 2770 3332 2808 non
3376 2752 3496 2809 fore

1898 2848 2105 2917 juravit
2129 2889 2144 2913 ,
2183 2863 2289 2902 non
2341 2847 2410 2900 ab
2457 2862 2524 2899 eo
2565 2858 2809 2914 tempore
2846 2859 2957 2913 quo
2991 2845 3104 2898 hinc
3136 2845 3490 2914 loquebatur,

1905 2941 1998 2994 sed
2059 2955 2169 3008 quo
2222 2941 2493 3009 septimus
2543 2937 2772 3005 angelus
2807 2937 2933 2990 tuba
2983 2937 3271 2990 caniturus
3321 2947 3490 2992 esset.

1903 3030 2028 3084 Ideo
2055 3046 2274 3100 quoque
2327 3032 2398 3083 ita
2446 3029 2858 3099 intelligendum
2891 3037 3009 3092 est,
3049 3045 3173 3083 cum
3209 3029 3492 3084 additioue

1903 3125 2049 3192 quod
2089 3135 2301 3191 tempus
2333 3123 2592 3191 deinceps
2617 3123 2686 3175 ab
2716 3137 2782 3175 eo
2810 3123 3032 3176 instanti
3073 3139 3181 3176 non
3213 3123 3338 3177 erit.
3381 3122 3491 3178 Ne-

216 3218 303 3268 ὃτι
332 3218 389 3267 ὲν
413 3217 531 3277 ταῖς
560 3217 795 3286 ἡμέραις
829 3217 925 3285 τῆς
945 3217 1129 3287 φωνῆς
1157 3217 1509 3299 τούρὲϐδὸμου
1540 3221 1795 3288 ἀγγέλου.
1824 3237 1869 3296 c

1824 3237 1869 3296 ε
1902 3232 2006 3285 quo
2038 3218 2183 3270 enim
2222 3218 2288 3269 de
2316 3216 2569 3284 praesenti
2604 3215 2810 3269 factum
2845 3225 2928 3271 est
2950 3217 3326 3285 juramentum
3352 3258 3367 3281 ,
3393 3217 3489 3272 sed

219 3309 382 3361 Κατὰ
417 3311 602 3377 σχῆμα
642 3307 697 3359 δὲ
749 3308 1036 3377 ἐλλείψεως
1067 3310 1301 3380 εἴρηται.
1364 3312 1631 3366 Ἐλλείπει
1687 3315 1797 3384 γὰρ

213 3402 299 3460 τὸ,
330 3400 452 3452 τότε
489 3399 645 3451 ἔσται
670 3399 765 3451 τοῦ
798 3401 990 3469 χρόνου
1037 3403 1069 3471 ἡ
1099 3404 1358 3466 ἀπουσία,
1400 3405 1495 3457 τοῦ
1528 3406 1619 3458 τὸν
1645 3406 1797 3476 ἣλιον

219 3494 296 3563 μὴ
341 3494 560 3562 μετρεῖν
591 3492 658 3544 τὰ
691 3494 919 3562 χρονικὰ
967 3494 1335 3565 διαστήματα.
1366 3498 1497 3550 Ὅτε
1525 3499 1635 3569 γὰρ
1671 3500 1799 3568 μὲλ-

212 3585 298 3635 λει
325 3582 610 3646 σαλπίζειν
631 3586 659 3634 6
687 3584 914 3654 ἕϐδομος
937 3586 1188 3652 ἄγγελος,
1213 3588 1333 3639 τότε
1354 3589 1447 3640 καὶ
1478 3590 1544 3642 τέι
1571 3592 1797 3658 χρονικὰ

214 3678 566 3745 διαστήματα
616 3676 874 3745 ἐλλείψει,
907 3680 1003 3730 κα)⁸
1042 3681 1191 3731 πᾶσα
1225 3682 1257 3749 ἡ
1286 3682 1394 3733 τῶν
1429 3682 1643 3734 ἀσεὸὦν
1677 3686 1798 3736 ἐπι-

218 3769 486 3836 στήσεται
539 3766 780 3829 κὸλασις,
851 3767 1130 3840 διαφόροις
1182 3771 1448 3835 ἐκδικίαις
1503 3774 1792 3826 συντελου-

215 3861 382 3930 μὲνὴ.
417 3859 611 3929 Καιρῷ
639 3859 932 3929 τοιγαροῦν
959 3862 1034 3930 τῷ
1059 3870 1392 3932 προσήκοντι
1417 3865 1791 3931 σαλπίζοντος,

214 3953 374 4005 ἕσται
409 3953 720 4016 συντέλεια,
755 3955 816 4006 οὐ
850 3953 944 4006 νῦν
976 3954 1063 4005 ὅτε
1089 3955 1146 4005 ὲν
1178 3957 1243 4025 τῇ
1271 3954 1473 4028 θεωρίᾳ
1505 3957 1566 4009 τὸ
1607 3959 1795 4012 σαλπί-
1824 4010 1840 4018 ,

216 4061 334 4098 σαι.
365 4046 522 4098 Κατὰ
563 4046 620 4098 δὲ
665 4047 756 4097 τὸν
783 4049 1130 4114 προσήκοντα
1161 4049 1355 4117 καιρὸν
1384 4051 1479 4101 καὶ
1504 4050 1571 4103 τὰ
1609 4052 1795 4104 σαλπί-

214 4138 383 4200 ζοντα
440 4137 593 4198 τέλος
642 4136 908 4204 λήψεται,
960 4139 1112 4208 φησὶ,
1164 4141 1258 4191 καὶ
1327 4141 1388 4193 τὸ
1443 4144 1794 4212 μυστήριοιὸ

211 4229 541 4299 εὐηγγέλισε
563 4229 692 4290 Θεὸς
721 4231 832 4292 τοῖς
857 4230 1051 4281 ἑαυτοῦ
1082 4230 1288 4294 δούλοις
1311 4235 1422 4294 τοῖς
1464 4238 1789 4302 προφήταις.

220 4320 387 4389 Ἀχρι
417 4322 527 4389 γὰρ
552 4321 652 4388 τῆς
691 4321 924 4389 κρίσεως
955 4322 1048 4372 καὶ
1081 4323 1177 4390 τῆς
1212 4323 1322 4374 τῶν
1350 4325 1566 4393 ἑκάστῳ
1603 4324 1792 4393 βεϐιω-

219 4413 398 4481 μένων
454 4411 798 4473 ἀντιδόσεως,
838 4414 1252 4481 προεφήτευσαν
1283 4416 1331 4467 oi
1384 4417 1683 4486 προφῆται.
1727 4420 1792 4469 Ὃ

211 4504 312 4556 καὶ
349 4502 549 4570 Παύλῳ
591 4502 670 4572 τῷ
710 4502 842 4573 θείῳ
875 4503 1042 4566 δοκεῖ,
1089 4505 1341 4572 γλώσσας
1370 4523 1430 4558 τε
1479 4508 1791 4562 παύσεσθαι

1901 3307 1954 3360 in
1990 3307 2206 3368 diebus,
2257 3306 2459 3375 inquit,
2492 3305 2645 3358 vocis
2686 3306 2900 3374 septimi
2932 3306 3130 3374 angeli.
3161 3303 3374 3359 Dictum
3404 3313 3493 3360 est

1902 3409 2082 3452 autem
2129 3414 2226 3467 per
2254 3387 2482 3465 liguriim
2509 3397 2741 3465 ellipsis,
2772 3398 2821 3451 id
2855 3409 2941 3452 est
2990 3396 3235 3452 delectus
3269 3397 3493 3453 :deticit

1900 3491 2067 3543 enim.
2100 3488 2256 3542 Tunc
2285 3490 2390 3542 erit
2419 3491 2686 3560 temporis
2719 3490 2840 3542 linis
2876 3490 2954 3542 vel
2985 3489 3234 3544 absentia
3255 3529 3270 3553 ,
3314 3498 3374 3546 ut
3406 3490 3490 3549 sol

1902 3597 2007 3634 non
2056 3583 2372 3636 dimetiatur
2440 3583 2762 3650 temporalia
2821 3581 3125 3638 intervalla.
3205 3581 3488 3650 Siquidem

1903 3674 1992 3727 tibi
2042 3674 2325 3726 caniturus
2365 3685 2447 3727 est
2508 3675 2774 3744 septimus
2825 3674 3084 3743 angelus,
3139 3683 3270 3726 tunc
3321 3673 3487 3729 etiam

1898 3766 2218 3834 temporalia
2251 3767 2422 3834 spatia
2454 3783 2549 3821 seu
2604 3767 2886 3846 intervalla
2919 3766 3173 3822 deﬁcient
3213 3785 3226 3820 :
3274 3773 3331 3826 et
3360 3767 3484 3822 uni-

1899 3874 2055 3911 versa
2118 3859 2413 3928 impiorum
2471 3860 2684 3929 punitio
2749 3859 3089 3926 imminebit,
3153 3875 3278 3930 quae
3320 3860 3489 3915 variis

1901 3951 2081 4020 panius
2134 3954 2464 4020 perﬁciatur.
2521 3953 2660 4006 Cum
2722 3953 2889 4023 igitur
2943 3968 3187 4022 congruo
3245 3963 3490 4023 tempore

1902 4044 2187 4097 cauiturus
2227 4055 2328 4107 est,
2362 4045 2470 4096 erit
2497 4044 2926 4109 consummatio,
2953 4058 3062 4098 non
3093 4061 3240 4099 nunc
3266 4046 3489 4115 quando

1900 4130 1954 4184 in
2002 4134 2460 4200 contemplaticne
2515 4135 2641 4186 tuba
2681 4135 2850 4188 canit.
2893 4135 3253 4189 Convenieuti
3301 4146 3486 4192 autem

1902 4233 2148 4293 tempore
2185 4226 2347 4278 linem
2379 4242 2598 4296 quoque
2646 4227 2920 4296 accipient
2953 4245 3075 4297 qua:
3109 4229 3236 4283 tuba
3279 4245 3487 4284 canuno

1901 4326 2009 4380 tur,
2055 4318 2251 4386 inquit,
2305 4329 2359 4373 et
2407 4321 2725 4390 mysterium
2757 4320 2902 4389 quod
2937 4322 3286 4376 annuntiavit
3342 4322 3485 4377 Deus

1899 4409 2074 4463 servis
2112 4411 2228 4464 suis
2278 4412 2576 4480 prophetis.
2611 4410 2747 4465 Nam
2806 4426 2982 4481 usque
3027 4413 3093 4467 ad
3125 4413 3392 4482 judicium
3431 4428 3486 4471 et

1897 4517 2087 4555 eorum
2143 4505 2518 4571 repcusionem
2574 4521 2696 4574 qum
2733 4507 2967 4574 quisque
3010 4506 3062 4560 in
3108 4508 3213 4561 vita
3253 4511 3480 4580 peregit,

213 4593 338 4646 κατ’
373 4595 550 4646 ἐκεῖνο
584 4595 802 4664 καιροῦ,
850 4596 946 4648 καὶ
986 4598 1322 4667 προφητείας
1367 4602 1786 4671 καταργηθήσε-
1828 4582 1868 4634 D

1828 4582 1868 4634 Ῑ)
1901 4594 2181 4649 vaticinati
2211 4604 2339 4649 sunt
2371 4597 2646 4665 prolihetze
2676 4615 2689 4651 :
2716 4599 2860 4666 quod
2897 4607 2950 4651 et
2979 4598 3106 4652 divo
3137 4598 3310 4654 Paulo
3339 4601 3480 4659 vide-

215 4687 364 4739 σθαι.
401 4685 816 4756 Εὑαγγελισμὸν
845 4688 902 4740 δὲ
947 4689 1047 4758 τὴν
1093 4690 1298 4742 τούτων
1341 4691 1567 4744 ἔκϐασιν
1605 4693 1783 4759 καλεῖ,

207 4773 299 4828 διὰ
327 4775 426 4846 τὴν
458 4777 873 4847 ἡτοιμασμένην
904 4782 1016 4841 τοῖς
1043 4779 1218 4845 ἁγίοις
1243 4781 1571 4837 ἀνάπαυσιν.

280 5039 392 5094 Καὶ
438 5040 476 5105 ἡ
502 5039 671 5107 φωνὴ
704 5039 783 5107 ἧν
820 5041 1056 5109 ἥκουσα
1078 5045 1145 5097 ἐκ
1175 5045 1281 5099 τοῦ
1311 5049 1570 5115 οὐρανοῦ
1601 5051 1788 5102 πάλιν

205 5132 489 5186 λαλοῦσα
539 5135 667 5200 μετ’
726 5134 874 5202 ἐμοῦ
914 5137 1012 5188 καὶ
1053 5137 1323 5204 λέγουσα
1350 5157 1363 5172 ·
1419 5142 1651 5210 ’Ὕπαγε
1684 5144 1784 5196 καὶ

203 5224 352 5277 λάϐε
401 5224 468 5276 τὸ
508 5224 886 5292 βιϐλιδὰριον
913 5232 978 5280 τὸ
1009 5230 1386 5299 ἀνεῳγμένον
1421 5234 1492 5286 ἐν
1516 5234 1588 5302 τῇ
1633 5237 1785 5304 χειρὶ

203 5316 311 5368 τοῦ
340 5314 604 5383 ἀγγέλου
627 5317 733 5370 τοῦ
761 5318 1020 5386 ἑστῶτος
1045 5322 1142 5376 ἐπὶ
1181 5321 1290 5390 τῆς
1315 5326 1636 5394 θαλάσσης
1685 5329 1781 5381 καὶ

201 5406 301 5456 ἐπὶ
355 5405 470 5474 τῆς
510 5407 646 5475 γῆς.
691 5410 803 5462 Καὶ
851 5410 1134 5478 ἀπῆλθον
1170 5415 1324 5481 πρὸς
1371 5418 1479 5470 τὸν
1515 5418 1782 5488 ἄγγελον

201 5498 401 5567 λέγων
431 5497 609 5566 αὐτῷ,
629 5500 843 5556 δοῦναί
867 5522 968 5571 μοι
999 5506 1063 5558 τὸ
1084 5508 1481 5576 βιϐλιὸἁριον,
1501 5513 1594 5564 καὶ
1625 5514 1788 5581 λέγει

198 5604 303 5652 μοι
327 5604 340 5616 ·
374 5588 532 5641 Λάϐε
562 5590 659 5642 καί
694 5592 1000 5662 κατάρατε
1027 5598 1197 5662 αὐτὸ,
1228 5599 1326 5651 καὶ
1368 5601 1645 5668 πικρανεῖ
1669 5619 1787 5656 σου

1899 4696 2007 4748 tur,
2051 4704 2245 4757 nempe
2303 4689 2513 4756 linguas
2564 4705 2630 4742 eo
2678 4699 2922 4758 tempore
2971 4703 3283 4747 cessaturas
3335 4710 3478 4760 esse,

1897 4780 2060 4849 739
2081 4791 2133 4833 ct
2164 4781 2476 4849 pmplietias
2509 4782 2830 4836 abolendas.
2865 4782 3070 4837 llurum
3098 4795 3282 4839 autem
3308 4802 3477 4840 even-

1897 4881 2012 4926 tum
2046 4885 2199 4927 rocat
2227 4875 2652 4944 εύαγγελισμὸν,
2688 4877 2739 4930 id
2774 4885 2858 4930 est
2890 4877 3068 4930 laetam
3100 4879 3478 4934 annuutiatios-

1901 4980 2044 5024 nem.
2087 4977 2304 5034 propter
2345 4981 2589 5035 paratam
2625 4973 2831 5024 sanctis
2865 4973 3134 5039 requiem.

1971 5055 2034 5109 lX
2049 5095 2064 5118 ,
2084 5058 2136 5120 8,
2153 5057 2209 5110 9.
2238 5057 2304 5109 Et
2332 5075 2601 5127 remquam
2619 5062 2794 5112 audivi
2810 5063 2872 5113 de
2889 5063 3015 5116 caelo
3037 5079 3247 5117 rursum
3260 5063 3474 5134 loquens

1896 5166 2114 5212 mecum,
2151 5161 2198 5204 et
2223 5152 2399 5204 dicens
2425 5168 2443 5205 :
2473 5153 2594 5216 Abi,
2623 5162 2671 5206 et
2709 5156 2884 5221 accipe
2907 5155 3138 5210 libellum
3157 5166 3389 5223 apertum
3410 5159 3474 5211 de

1895 5259 2056 5296 manu
2099 5243 2273 5311 angeli
2305 5246 2494 5297 stantis
2525 5261 2679 5313 super
2720 5263 2864 5299 mare
2893 5259 2938 5300 et
2965 5263 3119 5314 super
3151 5259 3370 5303 terram.
3403 5248 3472 5305 Et

1896 5333 2005 5387 abii
2029 5335 2098 5386 ad
2131 5336 2393 5402 angelum,
2432 5338 2648 5407 dixique
2677 5340 2754 5392 illi
2787 5352 2840 5392 ut
2871 5341 3018 5393 daret
3048 5341 3178 5394 mihi
3214 5343 3471 5410 libellum,

1889 5436 1938 5478 et
1967 5427 2042 5478 ait
2069 5427 2196 5479 mihi
2223 5442 2240 5480 :
2268 5428 2476 5496 Acripe,
2507 5439 2556 5483 et
2601 5432 2790 5485 devora
2824 5433 2998 5485 illum:
3024 5444 3070 5484 ei
3116 5433 3272 5500 faciet
3319 5451 3470 5488 ama-

1889 5517 2054 5571 iicari
2076 5529 2298 5572 ventrem
2328 5530 2499 5587 tuum,
2537 5524 2626 5576 sed
2660 5525 2713 5576 in
2743 5539 2831 5577 ore
2864 5536 2953 5580 tuo
3002 5527 3099 5580 erit
3135 5527 3307 5581 dulcis
3348 5539 3468 5585 tau-

1885 5625 2045 5677 quam
2079 5611 2196 5664 mel.

203 5682 321 5747 τὴν
345 5685 603 5747 κοιλίαν,
625 5686 763 5740 ἀλλ’
785 5688 855 5741 ἐν
883 5687 962 5753 τῷ
990 5693 1241 5761 στόματι
1262 5709 1378 5748 σου
1399 5695 1568 5749 ἔσται
1594 5699 1788 5764 γλυκὺ
1824 5701 1904 5768 ὡς
1923 5703 2080 5772 μέλι.

271 5841 320 5876 ⁸⁷
378 5839 515 5897 Gen.
552 5857 686 5905 ml.
722 5843 810 5897 16.
