4256 6440
171 408 283 473 6i!)

1266 404 1657 471 COMMENT.
1701 404 1784 465 ΙΝ
1824 403 2360 468 APOCALYPSIN.

3346 403 3452 469 6&6

171 525 481 592 τουτέστιν,
501 523 560 578 ὲν
595 521 763 596 πείρᾳ
786 521 883 578 τοῦ
905 520 1236 594 πράγματος
1258 522 1535 589 γενέσθαι,
1575 522 1665 574 καὶ
1693 520 1769 584 ὡς

1875 522 2007 574 tiam
2047 521 2367 590 designat),
2402 522 2496 577 scd
2528 521 2818 588 devorare,
2854 521 2957 577 hoe
3005 529 3088 578 est
3121 519 3336 592 plenam
3375 521 3454 579 rei

176 619 487 690 αὐτουργὸν
513 619 870 688 κομισθῆναι,
922 616 995 680 ὼς
1042 616 1132 671 διὰ
1168 615 1269 685 τῆς
1320 615 1524 684 πολλῆς
1570 615 1767 686 πείρας

177 709 513 780 ἐληλακότος
541 708 636 762 τοῦ
681 709 949 764 τοιούτου.
991 710 1072 762 Δι’
1123 709 1263 777 ὅπερ
1319 705 1602 777 καταρχὰς
1670 708 1771 778 μὲν

175 803 266 855 διά
297 803 400 873 τὴν
454 803 663 870 γνῶσιν
687 844 702 868 ,
745 803 870 873 ἥτις
902 802 992 857 ἀεὶ
1044 801 1514 872 περισπούδαστος
1553 797 1768 871 ἀνθρώ-

176 911 326 958 ποις,
360 895 697 966 γλυκύτητος
748 896 987 967 ἔμφασιν
1020 898 1323 966 παρασχεῖν
1355 897 1628 964 φαίνεται,
1678 912 1771 948 πι-

178 986 344 1054 κρίας
392 988 473 1050 δὲ,
504 990 592 1042 διὰ
643 989 744 1059 τὴν
792 987 1237 1058 ἀπαραλόγιστον
1271 988 1476 1056 γνῶσιν
1525 989 1637 1043 τῶν
1697 989 1766 1058 τῇ

179 1079 388 1150 ἀμοιϐῇ
419 1081 527 1134 τῶν
559 1082 960 1153 ἀνοσιουργιῶν
991 1081 1456 1152 ύποκεισομένων.

1337 1249 1342 1274 1

249 1343 354 1395 Δεῖ
380 1358 456 1396 σε
480 1342 667 1396 πάλιν
699 1343 1133 1413 προφητεῦσαι.
1183 1345 1286 1399 Διά
1319 1344 1525 1398 τούτων
1554 1344 1764 1400 δείκνυ-

179 1450 271 1488 ται
298 1435 375 1506 μὴ
403 1435 602 1488 αὐτίκα
630 1435 770 1505 μετά
785 1436 882 1506 τὴν
908 1437 1099 1506 ὅρασιν
1121 1436 1220 1507 τῆς
1245 1436 1643 1506 ἀποκαλύψεως
1665 1438 1766 1506 τὴν

182 1527 413 1579 ἔκϐασιν
442 1527 552 1579 τῶν
581 1529 893 1597 όραθέντων
922 1529 1335 1594 ἐπακολουθεῖν,
1366 1530 1502 1583 ἀλλά
1530 1529 1641 1583 δεῖν
1671 1530 1766 1582 τὸν

185 1621 462 1689 μακάριον
499 1621 690 1674 τοῦτον
715 1621 910 1675 πολλοῦ
942 1622 1037 1676 τοῦ
1079 1622 1274 1693 χρόνου
1303 1624 1765 1694 παρατεινομένου

190 1707 358 1777 μέχρι
412 1709 512 1777 τῆς
563 1709 871 1773 συντελείας
915 1711 1008 1764 τοῦ
1044 1711 1240 1781 θνητοῦ
1282 1713 1490 1782 κόσμου
1547 1711 1764 1778 τούτου,

183 1798 321 1851 καθὸ
352 1798 524 1852 ταῦτα
563 1799 662 1871 τὴν
718 1801 998 1872 πλήρωσιν
1049 1802 1244 1868 λάϐοι,
1277 1803 1491 1867 πολλοῖς
1551 1821 1765 1876 προφη-

1874 614 2266 682 experientiam
2319 629 2556 678 sumere,
2597 626 2652 671 et
2677 615 2836 687 quasi
2879 613 2955 669 rei
3002 624 3197 670 auctor
3251 617 3456 686 depor-

1877 709 2006 770 tari,
2050 717 2310 775 tanquam
2355 707 2521 762 multa
2549 707 2880 778 experientia
2919 707 2985 762 ad
3024 707 3126 762 hoc
3160 708 3451 776 pervenis-

1872 809 1953 853 sct
1984 817 1999 857 :
2031 809 2253 870 propter
2282 799 2428 870 quod
2472 801 2524 852 in
2549 800 2705 855 initio
2732 800 2976 870 quidem,
3007 809 3229 869 propter
3252 800 3446 869 cogni-

1872 891 2073 945 tionem
2108 906 2230 961 qua:
2274 906 2490 961 semper
2523 891 2593 945 ab
2647 891 2966 946 hominibus
3015 906 3216 962 magno
3271 892 3454 946 studio

1869 985 2196 1048 allectatur,
2267 983 2571 1039 dulcedinis
2639 983 3168 1038 demonstrationem
3225 998 3336 1052 pra:
3397 996 3457 1037 se

1869 1075 2015 1131 ferre
2044 1075 2298 1131 videtur:
2343 1075 2764 1132 amaricationis
2809 1090 2940 1130 vero
2978 1075 3204 1147 [ποριεῖ
3254 1075 3458 1131 ἱιιΐιιιιίο

1868 1168 2032 1222 bilem
2068 1168 2441 1238 cognitionem
2476 1183 2669 1223 eorum
2703 1183 2826 1239 qua:
2857 1168 3098 1238 reposita
3127 1175 3260 1223 sunt
3289 1167 3344 1222 in
3376 1182 3455 1222 re-

1776 1279 1781 1284 ’
1868 1260 2226 1314 tributionem
2257 1259 2623 1330 impietalum.

1941 1351 2158 1419 Oportet
2191 1362 2238 1407 te
2278 1369 2486 1406 rursum
2510 1353 2841 1422 prophetare.
2879 1350 2984 1406 Per
3011 1350 3127 1406 haec
3150 1351 3458 1406 ostenditur

1867 1443 2013 1513 quod
2047 1460 2154 1498 non
2182 1445 2366 1499 statim
2397 1453 2520 1514 post
2550 1445 2815 1499 visionem
2864 1443 3220 1498 rerelationis
3256 1457 3455 1512 seque-

1868 1545 2225 1591 returcornm
2249 1548 2476 1590 eventus
2496 1551 2618 1605 quae
2648 1536 2764 1590 visa
2784 1545 2963 1598 erant,
2989 1536 3082 1589 sed
3114 1535 3260 1604 quod
3285 1549 3456 1604 Opor-

1869 1637 2006 1683 tcret
2035 1631 2181 1684 hunc
2201 1631 2417 1684 beatum
2450 1629 2628 1683 virum
2656 1628 2830 1682 multo
2859 1639 3124 1698 tempore,
3155 1627 3300 1697 quod
3328 1640 3457 1695 pro-

1868 1725 2185 1778 tenderetur
2207 1738 2381 1795 usque
2404 1724 2470 1778 ad
2501 1722 2878 1792 corruptibilis
2911 1720 3076 1791 hujus
3110 1719 3300 1773 mundi
3327 1732 3450 1772 cono

1868 1815 2316 1883 summationem,
2347 1816 2478 1871 dum
2500 1815 2618 1870 haec
2638 1814 3100 1884 complementum
3122 1813 3454 1881 acciperent,

182 1891 420 1954 τεύσειν,
467 1891 576 1944 εἴτε
631 1892 721 1944 διὰ.
778 1896 1033 1961 γνώσεως
1083 1895 1179 1948 τοῦ
1225 1895 1556 1965 Εὐαγγελίου
1603 1898 1768 1951 αὑτοῦ

1877 1909 2063 1964 multis
2092 1910 2451 1980 prophetare:
2483 1908 2598 1963 sive
2628 1924 2726 1978 per
2755 1907 3126 1974 cognitionem
3160 1906 3245 1959 sui
3275 1904 3455 1958 Evan‘

184 1984 243 2031 ἐν
294 1974 339 2048 ᾧ
388 1984 513 2036 τινὰ
553 1983 662 2036 τῶν
696 1984 1002 2053 μελλόντων
1056 1986 1401 2055 ἐμφέρεται,
1456 1986 1488 2056 ἢ
1539 1987 1634 2038 καὶ
1678 1987 1765 2040 διὰ

182 2073 282 2142 τῆς
339 2076 708 2149 προκειμένης
774 2076 1219 2146 ’Δποκαλύψεως,
1270 2078 1345 2141 ὡς
1377 2078 1480 2149 ἤδη
1525 2078 1763 2148 εἴρηται.

182 2168 300 2218 0ρκ
351 2132 565 2236 ἀγθοεῖν
603 2168 660 2221 δὲ
708 2169 790 2222 δεῖ
826 2169 904 2234 ὠς
960 2170 1069 2223 ἀπὸ
1108 2171 1297 2225 τούτου
1321 2170 1417 2223 τοῦ
1451 2170 1614 2241 ῥητοῦ
1649 2171 1764 2236 τοῦ,

179 2257 284 2310 Δεῖ
352 2273 427 2312 σε
488 2259 678 2313 πάλιν
746 2262 1202 2332 προφητεῦσαι,
1262 2263 1448 2333 ἔχουσι
1499 2264 1658 2328 δόξαν
1715 2267 1766 2318 οἱ

180 2351 373 2405 πολλοὶ
402 2351 479 2416 ὡς
510 2354 676 2426 μέχρι
729 2356 829 2425 τῆς
883 2357 1197 2421 συντελείας
1243 2360 1271 2412 ό
1307 2358 1575 2430 μακάριος
1606 2353 1766 2422 οὗτος

187 2444 283 2514 (ᾗ,
314 2444 408 2496 καὶ
463 2444 585 2515 ἥξει
639 2447 780 2500 κατά
837 2448 1026 2520 καιρὸν
1072 2449 1169 2502 τοῦ
1225 2450 1593 2520 Ἀντιχρίστου
1629 2453 1770 2520 μετὰ

194 2537 371 2608 Ἑνὼχ
409 2541 504 2593 καὶ
565 2540 748 2594 Ἠλιοῦ
783 2543 899 2611 ἀμα
936 2543 1123 2605 αὐτοῖς
1147 2543 1618 2614 ἐπανορθούμενος
1645 2547 1770 2608 τοὺς

179 2630 487 2700 τηνικαῦτα
534 2633 880 2703 ἀνθρώπους,
915 2635 1012 2687 καὶ
1067 2635 1172 2689 ὑπὸ
1235 2636 1330 2690 τοῦ
1395 2639 1768 2709 ’Λντιχρξστου

179 2721 682 2792 ἀποκτανθήσεται.

255 2814 363 2866 Καὶ
391 2813 568 2884 ἐδόθη
589 2833 691 2883 μοι
726 2817 995 2886 κάλαμος
1040 2821 1243 2888 ὅμοιος
1281 2819 1508 2886 ῥάϐδῳ,
1545 2819 1768 2888 λέγων’

184 2907 472 2974 Ἕτειραι,
493 2907 594 2962 καὶ
618 2909 926 2977 μέτρησον
944 2914 1051 2965 τὸν
1071 2911 1227 2966 ναὸν
1253 2912 1360 2966 τοῦ
1379 2910 1550 2976 Θεοῦ,
1579 2911 1676 2964 καὶ
1702 2911 1769 2964 τὸ

181 3001 644 3068 θυσιαστήριον,
669 3002 765 3054 καὶ
797 3003 942 3069 τοὺς
961 3004 1466 3071 προσκυνοῦντας
1487 3007 1556 3056 ἐν
1584 3002 1768 3068 αὐτῷ,

181 3088 418 3157 καῖτὴν
434 3092 1006 3159 αὐλὴντὴνὲξωθεν
1043 3093 1148 3147 τοῦ
1188 3095 1340 3147 ναοῦ
1378 3095 1599 3147 ἔκϐαλε
1632 3094 1772 3156 ἔξω,

182 3182 285 3234 καὶ
310 3180 390 3248 μὴ
423 3184 618 3249 αὐτὴν
651 3186 978 3252 μετρήσῃς,
1023 3185 1110 3237 ὅτι
1155 3186 1333 3252 ἐδόθη
1381 3185 1504 3250 τοῖς
1545 3184 1770 3248 ἔθνεσι,

183 3274 288 3328 καὶ
321 3275 434 3343 τὴν
450 3277 632 3330 πόλιν
651 3282 762 3344 τὴν
777 3279 956 3343 ἁγίαν
971 3280 1318 3346 πατήσουσι
1330 3277 1531 3349 μῆνας
1558 3297 1771 3334 τεσσα-

173 3369 573 3436 ρακονταδύο.

259 3461 363 3513 Τὸν
394 3461 640 3531 κάλαμον
697 3463 755 3516 ὃν
795 3464 1041 3517 δεδόσθαι
1075 3465 1224 3530 αύτῷ
1283 3466 1311 3517 ὁ
1361 3465 1762 3536 εὐαγγελιστής

185 3571 377 3623 φησιν,
419 3559 466 3608 εἰ
499 3557 698 3623 γνῶσίν
732 3573 806 3618 ιις
843 3557 1014 3610 ἐθέλοι
1047 3558 1232 3609 καλεῖν
1270 3557 1472 3627 νοερῶν
1500 3561 1764 3628 πραγμά-

185 3663 320 3709 των,
353 3645 492 3699 καθὸ
523 3648 617 3699 καὶ
647 3646 810 3700 Δαυῒδ
834 3649 1079 3717 κάλαμον
1105 3649 1419 3718 ὀξυγράφου
1459 3652 1764 3718 κεκτῆσθαι

186 3741 289 3808 τὴν
324 3739 518 3792 ἑαυτοῦ
548 3740 800 3808 γλῶσσαν
835 3742 1012 3811 αὐχεῖ,
1057 3743 1157 3794 οῦκ
1186 3743 1251 3795 ἂν
1287 3745 1542 3810 ἁμάρτοι.
1581 3743 1772 3795 Ἰὀίνυν

186 3835 287 3885 καὶ
345 3835 374 3886 ὁ
428 3835 826 3902 εὐαγγελιστὴς
857 3837 955 3904 τὴν
990 3836 1191 3902 γνῶσιν
1229 3835 1327 3906 τὴν
1373 3838 1569 3906 νιερώ,
1621 3836 1771 3906 αύτῷ

188 3933 572 4001 ἐγγινομένην,
612 3932 699 3985 διὰ
734 3931 980 4002 καλάμου
1008 3931 1210 3994 δόσεὼς
1241 3949 1374 4002 φησι
1411 3931 1770 4002 χρηματίσαι,

187 4025 249 4088 ὂς
275 4026 371 4077 καὶ
396 4026 577 4096 ῥάϐδῳ
633 4029 700 4096 τῇ
752 4026 1018 4096 ὁμοιώσει
1080 4026 1404 4087 ἁπεῖκαστο,
1444 4026 1542 4092 τῆς
1576 4026 1772 4094 ῥάϐδου

124 4146 126 4148 τ
187 4120 357 4171 πάλιν
373 4119 433 4171 τὸ
459 4119 840 4190 ύπερειστικὺν
866 4119 1264 4189 αξνιττομένης.
1301 4118 1414 4188 Τὴν
1441 4118 1549 4170 τῶν
1572 4117 1775 4189 νοερῶν

187 4214 374 4266 τοίνυν
395 4213 596 4277 γνῶσιν
625 4211 902 4267 κάνταῦθα
931 4211 1019 4265 διὰ
1043 4212 1139 4278 τὴς
1168 4211 1262 4264 τοῦ
1304 4211 1552 4278 καλάμου
1577 4211 1777 4275 δόσεως

189 4305 511 4359 ὑποδιδόντα
549 4304 639 4356 τὸν
673 4305 1076 4375 χρηματισμὸν,
1105 4302 1178 4367 ὡς
1209 4303 1297 4356 διά
1319 4303 1495 4355 ἄλλων
1528 4301 1774 4372 ἀψύχων,

189 4400 286 4453 τοῦ
316 4397 703 4467 θυσιαστηρίου
730 4396 874 4464 λέγω
905 4397 1000 4450 καὶ
1029 4396 1219 4466 θρόνου
1253 4397 1345 4449 καὶ
1366 4395 1475 4448 τῶν
1496 4395 1772 4460 τοιούτων,

189 4501 293 4550 οὐκ
318 4497 547 4558 ἀπεικὸς
575 4495 885 4549 ὑπολαϐεῖν.
923 4496 996 4547 Ού
1035 4496 1144 4564 γὰρ
1200 4491 1570 4563 ἄθᾲυχαταῦτα
1611 4495 1772 4556 νοεῖν,

191 4585 304 4637 ούί⁹
336 4583 413 4645 ὡς
441 4584 658 4654 ὁρᾶται.
692 4587 833 4637 κατά
881 4585 944 4636 τὸ
993 4587 1238 4655 κρεῖττον
1259 4584 1315 4636 δὲ
1361 4582 1459 4651 τῆς
1493 4583 1776 4652 ὑπάρξεως

191 4678 291 4729 καὶ
322 4677 530 4746 νοερὸν,
568 4678 733 4746 ἠγονν
758 4676 856 4746 τὴν
886 4675 1231 4745 διακριτικὴν
1258 4675 1458 4742 γνῶσιν
1497 4674 1608 4726 τῶν
1639 4677 1780 4744 ὀρω-

195 4769 381 4839 μένων
404 4808 418 4832 ,
454 4769 532 4830 εῖς
575 4769 720 4820 δόσιν
750 4769 814 4822 ἄν
854 4785 938 4830 τις
986 4767 1297 4837 ἀλληγοροῖ.
1338 4767 1462 4830 Πῶς
1485 4767 1595 4838 γὰρ
1627 4768 1655 4819 ὁ
1687 4768 1777 4820 κά-

190 4863 368 4930 λαμος
404 4861 608 4930 ἄθυχος
646 4859 720 4912 ὢν
753 4860 972 4930 ἔλεγε-ν’
1014 4861 1276 4929 Ἔγειραι
1324 4859 1422 4911 καὶ
1475 4858 1783 4928 μέτρησον

193 4959 305 5009 τὸν
332 4955 488 5008 ναὸν
513 4955 618 5008 τοῦ
647 4954 831 5016 Θεοῦ;
883 4954 977 5006 Ὶίκ
1004 4954 1192 5006 τούτου
1218 4952 1310 5006 οῦν
1326 4953 1598 5005 δείκνυται
1619 4952 1785 5018 ἀγγε-

192 5050 323 5118 λικῇ
358 5047 572 5100 συνέσει
604 5047 924 5116 μετρεῖσθαι
953 5048 1046 5099 τὸν
1074 5046 1169 5098 τοῦ
1203 5045 1338 5099 Θεοῦ
1376 5047 1522 5100 ναόν.
1566 5043 1783 5113 Ἐπειδὴ

193 5143 254 5195 δέ
287 5157 431 5203 τινες
465 5141 666 5209 ἑτέρως
703 5140 831 5209 περὶ
861 5139 1065 5192 τούτων
1117 5138 1391 5209 διαφόρως
1443 5137 1782 5206 ἠνέχθησαν,

193 5235 345 5302 λέγω
376 5235 466 5301 δὴ,
499 5233 592 5286 τοῦ
628 5233 757 5286 ναοῦ
785 5235 880 5286 καὶ
906 5231 1000 5285 τοῦ
1032 5231 1420 5302 θυσιαστηρίου
1445 5269 1460 5293 ,
1490 5230 1525 5284 ὃ.
1558 5229 1652 5283 καὶ
1687 5246 1774 5298 με-

193 5325 473 5398 τρηθῆναι
520 5325 582 5376 τὸ
626 5325 974 5394 πρόσταγμα,
1017 5325 1110 5377 καὶ
1150 5324 1277 5384 τοὺς
1339 5321 1784 5391 προσκυνοῦντας

197 5422 258 5472 ὲν
290 5416 464 5486 αὐτῷ,
501 5417 630 5470 ναὸν
661 5416 798 5469 Θεοῦ
843 5418 938 5471 καὶ
971 5401 1358 5487 θυσιαστήριον
1407 5415 1506 5485 τὴν
1543 5413 1785 5467 Παλαιὰν

197 5511 485 5580 Διαθὴκην
536 5507 989 5579 ἀποφηνάμενοι,
1050 5509 1220 5578 αὐλὴν
1261 5509 1317 5562 δὲ
1373 5509 1471 5578 τὴν
1525 5507 1672 5559 Νέαν
1725 5506 1786 5558 οὐ

199 5607 346 5659 κατά
385 5603 594 5657 σκοποῦ
627 5603 913 5674 βάλλοντες
935 5602 1101 5672 (οῦτω
1147 5603 1256 5672 γὰρ
1283 5602 1349 5655 ἂν
1375 5603 1567 5670 εἴησαν
1597 5617 1787 5668 μυστι-

199 5700 425 5769 κώτερά
454 5717 510 5752 τε
536 5701 630 5752 καὶ
680 5699 948 5770 ἱερώτερα
983 5698 1168 5750 ἐκεῖνα
1224 5698 1322 5766 τῆς
1357 5697 1497 5749 κατά
1551 5694 1788 5763 Χριστὸν

201 5791 558 5862 ἑνδιαθήκης,
591 5793 705 5861 εἴτε
733 5790 826 5844 καὶ
860 5793 888 5844 ὁ
913 5792 1039 5854 ναὸς
1068 5790 1249 5843 καὶτὸ
1280 5788 1667 5857 θυσιαστήριον
1686 5784 1787 5855 τῆς

202 5885 382 5956 αὐλῆς
417 5886 765 5957 τιμιώτερα),
818 5885 915 5957 οὐχ
947 5884 1119 5948 οὕτως
1145 5885 1207 5938 τὸ
1237 5881 1666 5952 ἐπιτεταγμένον
1695 5878 1791 5933 τοῦ

1868 2001 1995 2072 gelii
2047 2002 2100 2054 in
2147 2016 2260 2070 quo
2289 2001 2472 2054 futura
2506 2000 2766 2055 nonnulla
2799 1998 3134 2060 inferuntur,
3171 1997 3452 2051 autetiam

1868 2110 1964 2163 per
1999 2103 2320 2162 praesentem
2350 2093 2755 2158 revelationcm,
2793 2091 2951 2163 74],
2993 2101 3053 2145 ut
3098 2090 3211 2159 jam
3243 2088 3450 2142 dictum

1868 2196 1973 2242 cst.
2013 2185 2126 2240 Non
2162 2199 2246 2242 est
2274 2198 2454 2240 autem
2479 2186 2844 2256 ignorandum
2886 2184 3030 2254 quod
3054 2199 3121 2237 ex
3156 2183 3260 2236 hoc
3282 2181 3452 2244 dicto,

1873 2278 2091 2346 Oportet
2121 2290 2169 2332 te
2190 2295 2402 2332 rursum
2440 2277 2771 2346 prophetare,
2798 2278 3094 2346 opinantur
3130 2273 3286 2328 inulti
3328 2272 3459 2326 bra-

1872 2379 1982 2424 tum
2042 2372 2188 2424 hunc
2235 2371 2422 2423 virum
2470 2385 2643 2439 usque
2690 2369 2758 2423 ad
2789 2368 2973 2424 s:eculi
3019 2367 3453 2422 consummatio-

1871 2479 1993 2517 nem
2035 2463 2238 2528 vivere,
2270 2477 2335 2517 ac
2360 2473 2648 2516 venturum
2679 2478 2800 2517 esse
2825 2462 2972 2517 circa
3021 2470 3267 2529 tempora
3296 2458 3454 2511 Anti-

1870 2552 2062 2608 christi
2095 2567 2220 2607 cum
2255 2553 2438 2607 Enocli
2465 2563 2518 2606 ct
2547 2551 2686 2614 Elia,
2722 2560 2782 2606 ut
2824 2567 2929 2604 una
2970 2564 3095 2604 cum
3141 2549 3248 2602 illis
3276 2547 3458 2600 corri-

1872 2651 1964 2714 gat
1993 2659 2088 2697 eos
2120 2643 2214 2711 qui
2245 2652 2375 2696 tunc
2402 2643 2588 2696 vivent
2615 2643 2885 2706 homines,
2917 2652 2971 2695 et
2997 2640 3141 2711 quod
3167 2637 3273 2692 sub
3298 2637 3458 2691 Aliti-

1873 2735 2081 2787 christo
2109 2732 2514 2787 interimendus
2544 2733 2632 2786 sit.

1945 2823 2044 2890 XI,
2067 2825 2123 2891 ί,
2150 2825 2209 2877 2.
2252 2823 2324 2876 Et
2349 2825 2509 2877 datus
2544 2834 2621 2876 est
2641 2824 2769 2875 mihi
2797 2822 3036 2875 calamus
3067 2821 3260 2874 similis
3290 2823 3451 2889 rit-gl!

1872 2915 2053 2969 dicens
2087 2930 2107 2969 :
2137 2913 2330 2984 Surge,
2361 2932 2423 2968 ac
2453 2915 2638 2969 metire
2669 2915 2919 2981 templum
2949 2913 3064 2973 Dei,
3096 2925 3144 2966 et
3177 2916 3369 2978 altare,
3391 2927 3457 2964 ac

1877 3008 2162 3063 adorantes
2200 3010 2333 3063 ineo
2362 3024 2380 3062 :
2421 3017 2470 3062 et
2505 3010 2700 3060 atrium
2732 3007 2870 3076 quod
2901 3018 3054 3059 extra
3096 3006 3343 3072 templum
3382 3012 3459 3057 est

1873 3103 2004 3172 ejice
2033 3103 2201 3171 foras,
2231 3111 2279 3154 et
2308 3119 2370 3154 ne
2407 3101 2650 3154 metiaris
2685 3100 2840 3162 illud,
2873 3101 2996 3168 quia
3022 3100 3206 3151 datum
3233 3108 3309 3151 est
3333 3114 3465 3167 gens

1877 3197 2014 3249 tibus
2045 3211 2063 3248 :
2084 3207 2128 3247 et
2160 3195 2425 3248 ciuitatem
2447 3207 2686 3247 sanctam
2719 3192 2999 3246 calcabam!
3035 3193 3300 3247 mensibus
3326 3207 3461 3261 qua-

1877 3289 2126 3360 draginta
2157 3290 2380 3342 duobus.

1950 3467 2005 3523 Si
2031 3468 2159 3539 quis
2185 3469 2456 3523 calamum
2480 3483 2640 3537 quem
2665 3467 2765 3522 sibi
2795 3467 2981 3522 datum
3006 3466 3081 3520 ait
3098 3465 3457 3536 evangelista,

1878 3564 2246 3631 (agnitionem
2296 3563 2570 3632 appellare
2619 3562 2745 3615 velit
2777 3577 2958 3614 rerum
3010 3559 3459 3628 intelligibilium,

1874 3656 2028 3723 juxta
2060 3657 2107 3709 id
2140 3656 2284 3725 quod
2335 3666 2389 3709 ct
2414 3655 2580 3709 David
2618 3655 2883 3724 gloriatur
2912 3654 3151 3719 linguam
3176 3667 3332 3706 suam
3366 3666 3466 3706 na-

1876 3762 2022 3803 c:am
2057 3765 2180 3804 esse
2211 3751 2483 3804 calamum
2519 3750 2712 3804 scribae
2753 3748 2978 3812 velocis,
3001 3762 3344 3817 nequaquam
3371 3760 3463 3799 er-

1882 3844 2044 3896 rabit.
2076 3842 2314 3897 Proinde
2346 3843 2676 3912 evangelista
2701 3857 2919 3911 quoque
2945 3842 3312 3911 cognitionem
3342 3853 3464 3909 quae

1879 3937 2237 4003 Spirilualilcr
2266 3937 2370 3989 sibi
2404 3936 2636 4006 contigit
2682 3935 2943 4005 appellari
2979 3935 3113 3989 dicit
3143 3949 3240 4004 per
3265 3933 3461 3989 calami

1878 4030 2178 4095 datiunem,
2201 4029 2298 4099 qui
2333 4029 2498 4083 etiam
2531 4029 2585 4084 in
2621 4029 2786 4100 virga:
2808 4028 3224 4084 similitudinem
3243 4026 3464 4097 efﬁgia-

1880 4132 1968 4176 tus
2016 4132 2121 4187 est,
2163 4122 2315 4190 virga
2354 4121 2472 4176 sive
2509 4121 2705 4175 baculo
2750 4135 2969 4175 rursum
2991 4121 3313 4190 designante
3352 4119 3463 4174 lul-

1879 4215 2202 4269 cimentum.
2230 4212 2349 4268 Non
2378 4212 2540 4269 fuerit
2573 4215 2757 4284 itaque
2792 4214 3058 4282 ineptum,
3085 4222 3146 4266 ut
3165 4214 3270 4267 hoc
3293 4212 3461 4267 etiam

1880 4307 1935 4360 in
1969 4307 2088 4361 loco
2113 4307 2158 4360 is
2190 4307 2282 4377 qui
2312 4307 2694 4361 subministrat
2719 4307 3002 4361 oraculum
3026 4306 3333 4375 percalami
3362 4305 3461 4359 da-
3551 4375 3554 4378 ἢ

1879 4401 2082 4454 tionem
2101 4399 2361 4468 intelligat
2382 4399 2747 4468 spiritualium
2766 4399 3134 4468 cognitionem
3156 4436 3173 4463 ,
3195 4397 3462 4466 quemad-

1882 4493 2103 4547 modum
2133 4508 2226 4560 per
2249 4493 2353 4545 alia
2395 4491 2720 4556 inanimata,
2747 4492 2920 4546 altare
2943 4491 3066 4546 dico
3091 4498 3147 4544 ct
3178 4490 3461 4551 thronum.

1815 4607 1855 4659 ι)
1884 4588 2102 4654 aliaque
2145 4585 2479 4654 liujusmodi.
2505 4583 2690 4655 Neque
2714 4585 2858 4638 enim
2887 4583 3237 4638 commodum
3265 4591 3350 4636 est
3375 4582 3462 4636 in-

1884 4679 2126 4731 animala
2151 4679 2264 4731 bare
2290 4678 2515 4745 intelligi
2549 4678 2712 4731 veluti
2745 4692 2854 4745 prae
2877 4692 2935 4729 se
2953 4673 3155 4738 ferunt,
3185 4674 3282 4729 sed
3305 4673 3463 4744 juxta

1886 4771 2164 4823 meliorem
2193 4769 2496 4824 exsistendi
2546 4767 2770 4823 modum
2799 4778 2854 4821 et
2885 4766 3230 4836 spiritualem
3268 4765 3468 4834 poterit

1887 4862 2160 4930 quispiam
2190 4863 2480 4930 allegorice
2510 4860 2736 4925 referre,
2782 4876 2976 4929 nempe
3007 4868 3065 4914 ut
3094 4861 3254 4914 detur
3271 4857 3466 4912 notitia

1885 4954 2229 5008 discernendi
2264 4968 2327 5007 ea
2359 4970 2479 5023 qua:
2511 4954 2784 5008 videntur.
2815 4952 3104 5018 Quomodo
3132 4950 3278 5005 enim
3318 4949 3468 5003 dice-

1889 5048 2321 5102 retinanimatus
2348 5048 2592 5102 calamus
2626 5065 2640 5102 :
2675 5045 2843 5118 Surge
2894 5059 2942 5101 et
2985 5047 3168 5100 metire
3217 5043 3468 5112 templum

1894 5140 2038 5196 Dei.’
2064 5139 2138 5194 Ex
2159 5141 2257 5194 hoc
2277 5141 2442 5209 igitur
2469 5139 2794 5211 intelligitur
2816 5154 2908 5209 per
2925 5139 3229 5207 angelicum
3261 5139 3473 5193 intelle-

1893 5241 2042 5283 ctum
2087 5239 2466 5283 mensuratum
2493 5244 2617 5283 esse
2651 5229 2912 5298 templum
2944 5229 3061 5282 Del.
3099 5226 3296 5282 Verum
3328 5243 3470 5296 quo-

1893 5323 2038 5376 niam
2070 5323 2318 5376 nonnulli
2342 5324 2408 5377 de
2440 5322 2526 5376 lllS
2555 5323 2665 5375 alio
2689 5323 2849 5376 modo
2866 5330 2920 5375 et
2943 5320 3296 5376 multifariam
3340 5337 3472 5389 pro-

1894 5415 2160 5479 tulerunt,
2208 5414 2334 5468 dico
2360 5429 2492 5470 sane
2518 5413 2587 5468 de
2617 5413 2820 5482 templo
2846 5425 2899 5468 et
2950 5413 3107 5467 altari
3144 5428 3268 5482 quae
3311 5415 3472 5466 etiam

1895 5508 2198 5563 mensurari
2225 5507 2637 5578 praecipiuntur,
2671 5517 2725 5561 et
2751 5509 2818 5561 de
2843 5507 3202 5561 ador-antibus
3234 5508 3288 5560 in
3324 5507 3465 5574 ipso:

1894 5602 2158 5670 templum
2178 5601 2270 5655 Dei
2297 5609 2351 5654 et
2374 5600 2546 5655 altare
2573 5599 2741 5655 Vetus
2759 5599 3169 5655 Testamentum
3191 5599 3476 5654 declarau-

1895 5707 2002 5760 tes,
2019 5696 2219 5749 atrium
2244 5708 2395 5758 vero,
2421 5691 2636 5748 Novum
2674 5709 2818 5748 :non
2852 5694 3180 5763 attingentes
3213 5708 3472 5760 scopum:

1904 5801 2032 5839 nam
2059 5785 2162 5839 hoc
2203 5783 2366 5837 modo
2403 5785 2773 5853 spiritualiora
2812 5800 2876 5839 ac
2905 5785 3200 5840 sacratiora
3246 5786 3480 5842 fuissent

1903 5878 2016 5945 illa,
2042 5891 2206 5946 quam
2250 5885 2634 5932 testamentum
2665 5876 2808 5946 quod
2841 5878 3060 5932 tradidit
3085 5877 3336 5936 Christus
3364 5895 3380 5935 :
3404 5881 3482 5936 si-
