4256 6440
793 385 895 450 647

1615 382 1944 442 ΛΠΕΤῘῘιΈ
1982 381 2362 442 Π.“Ε5ΛΠΕ.Ἐ
2401 383 2891 445 ΟΛΡΡΛΒΟωᾹΞ
2927 385 3271 448 EPISCOPI

3955 388 4073 453 διε

791 499 1018 569 quidem
1044 498 1307 569 templum
1336 510 1401 551 ac
1433 494 1607 548 altare
1633 494 1983 546 honoratiora
2017 501 2147 546 sunt
2182 494 2324 547 atrio
2359 509 2370 544 :
2403 502 2450 559 Α

2403 502 2450 559 Α
2479 496 2849 567 ἐξηγουμένου
2890 496 3211 568 προϐαίνειν
3237 498 3405 560 εἰκός.
3447 496 3590 550 Ἀλλ’
3623 500 3671 550 εἰ
3697 497 3796 567 μὲν
3817 498 3901 549 ὅτι
3923 513 4078 552 στοι-

794 610 905 647 non
938 596 1011 647 ita
1045 593 1338 647 verisimile
1354 600 1437 643 est
1455 588 1751 658 procedere
1765 589 1911 656 quod
1937 587 2207 641 narrando
2235 603 2374 657 prae-

792 694 1010 755 ceptum
1041 692 1143 736 est.
1176 682 1339 753 742
1371 680 1427 735 Si
1455 689 1639 734 tamen
1670 694 1735 733 eo
1772 679 1957 733 tendat
1989 678 2133 745 quod
2166 678 2255 732 illa
2284 693 2376 731 es-

800 787 921 831 sent
946 777 1161 830 rudiora
1192 776 1461 829 elementa
1481 774 1547 828 ad
1572 771 1783 827 Novum
1801 771 2238 836 Testamentum,
2260 775 2374 840 pri—

796 883 994 937 maque
1032 869 1099 921 ad
1144 866 1238 921 Dei
1294 868 1500 919 cultum
1553 866 1731 929 initia,
1766 880 1889 919 cum
1930 864 2095 919 etiam
2152 879 2375 919 mensu—

796 970 983 1012 rentur
1001 960 1094 1026 qui
1112 960 1266 1028 juxta
1293 959 1426 1011 illud
1450 958 1669 1028 praemia
1694 957 2019 1019 retulerunt,
2042 957 2255 1012 ratione
2272 975 2377 1012 non

798 1062 950 1105 caret
980 1051 1292 1104 intellectus
1342 1052 1452 1105 ille.
1488 1052 1542 1103 Si
1578 1065 1704 1103 vero
1728 1050 1793 1103 ad
1834 1051 2075 1103 divinam
2117 1051 2380 1119 respiciat

796 1141 1159 1194 humanorum
1186 1156 1405 1194 morum
1451 1142 1925 1201 instaurationem.
1953 1150 2117 1209 utque
2138 1141 2381 1210 apertius

795 1232 1305 1294 dicam,conditoris
1318 1248 1441 1299 erga
1461 1247 1559 1283 nos
1578 1246 1821 1284 amorem
1844 1246 1954 1299 quo
1979 1246 2077 1282 nos
2090 1231 2379 1298 gubernat,

796 1324 1031 1377 conferri
1069 1341 1173 1377 non
1207 1332 1382 1392 potest
1422 1324 1524 1377 hoc
1563 1323 1727 1375 modo
1771 1322 1940 1390 legale
1988 1331 2380 1375 testamentum

795 1415 947 1469 Novo
966 1414 1336 1469 Testamento.
1371 1414 1555 1468 Potest
1578 1416 1759 1482 itaque
1789 1414 1987 1467 atrium
2018 1430 2140 1467 esse
2161 1414 2250 1467 Dei
2285 1414 2382 1466 Ee-

722 1514 727 1519 ‘
799 1506 985 1567 elesia,
1010 1506 1153 1573 quod
1178 1506 1556 1559 circumscribi
1582 1523 1689 1560 non
1714 1506 2030 1574 possit,tum
2062 1515 2281 1575 propter
2303 1506 2385 1557 lo-

799 1615 948 1662 cum,
982 1609 1093 1651 tum
1122 1610 1341 1667 propter
1370 1598 1793 1652 innumerabiles
1821 1607 2010 1666 gentes
2034 1615 2154 1666 qua:
2190 1599 2243 1651 in
2270 1599 2387 1666 ejus

802 1694 921 1745 loco
951 1700 1323 1744 continentur.
1353 1690 1472 1744 Non
1509 1692 1746 1745 turberis
1783 1700 1964 1743 autem
1999 1689 2146 1760 quod
2178 1707 2386 1761 praeeu-

801 1790 953 1853 ptum
999 1784 1225 1852 jusserit
1264 1794 1417 1837 extra
1466 1785 1726 1853 templum
1779 1784 1911 1837 illud
1948 1784 2195 1853 ejicere:
2250 1786 2385 1839 nihil

2482 588 2843 660 χειωδέστερα
2870 591 2969 659 τῆς
2997 589 3143 652 Νέας
3176 592 3380 651 ἐκεῖνα,
3426 592 3521 643 καὶ
3564 592 3703 663 πρὸς
3750 590 4073 645 θεοσέϐειαν

2480 680 2833 749 ἀρχαϊζοντα,
2896 679 2956 743 ἐξ
3003 673 3064 733 οὗ
3112 680 3207 731 καὶ
3244 680 3505 751 μετρητοὶ
3541 681 3594 732 oi
3648 680 3768 732 κατ’
3803 677 3977 747 αὐτὴν
4007 680 4075 730 τὸ

2481 773 2754 843 ἀριστεῖον
2787 770 3245 840 ἀπενεγκάμενοι.
3265 770 3380 841 ἔχει
3402 771 3525 825 τινὰ
3547 770 3706 835 λόγον
3735 773 3769 841 ὴ
3806 768 4067 839 ἔκληψις.

2485 866 2545 918 El
2573 866 2630 918 δὲ
2659 866 2797 936 πρὸς
2826 866 3191 936 θεοπρέπειαν
3237 868 3331 918 καὶ
3370 865 3717 936 ἀνθρωπίνου
3748 864 3914 935 ἢθους
3963 881 4068 916 κα-

2484 960 2763 1018 τάστασιν,
2800 961 2915 1022 καὶ,
2951 959 3038 1012 ἵνα
3069 961 3399 1029 τρανότερον
3422 960 3529 1028 φῶ,
3562 960 3663 1031 τὴν
3688 957 3782 1010 τοῦ
3818 957 4071 1010 Πλᾶστυυ

2486 1051 2622 1122 πρὸς
2648 1053 2795 1119 ἡμᾶς
2827 1051 3195 1121 κηδεμονικὴν
3222 1053 3633 1120 φιλοστοργίαν,
3677 1050 4070 1121 ἀπαράὸλητος

2484 1147 2551 1213 τῇ
2584 1145 2698 1215 Νέᾳ
2722 1143 2965 1215 Διαθήκῃ
2993 1148 3025 1214 ὴ
3085 1146 3227 1198 κατὰ
3258 1145 3441 1215 νόμον.
3480 1145 3582 1213 Είη
3618 1144 3686 1197 ἂν
3727 1143 3820 1196 οὖν
3852 1144 3995 1212 αὐλὴ
4036 1146 4070 1210 ἡ

2483 1236 2578 1288 τοῦ
2627 1235 2763 1289 Θεοῦ
2812 1235 3132 1304 Ἐκκλησία,
3184 1237 3569 1305 ἀπεριόριστος
3607 1231 3742 1288 οὖσα
3777 1238 3871 1288 καὶ
3914 1236 4073 1304 τόπῳ

2486 1329 2713 1390 καὶτοῖς
2770 1326 2891 1380 κατ’
2929 1326 3098 1396 αὐτὴν
3149 1326 3558 1395 τοποχωροῦσιν
3594 1325 3804 1378 ἔθνεσιν
3846 1327 4075 1380 ἀνεικά-

2490 1437 2655 1482 στοις.
2692 1420 2785 1489 Μὴ
2836 1418 3133 1488 θορυσείτω
3161 1419 3218 1470 δὲ
3272 1421 3335 1470 τὸ
3382 1419 3716 1488 πρόσταγμα
3759 1418 3819 1470 τὸ
3866 1418 4074 1481 ἔξωθεν

2486 1512 2580 1565 τοῦ
2613 1511 2741 1564 ναοῦ
2777 1510 3059 1563 ἐκϐάλλειν
3105 1510 3296 1578 αὑτήν.
3332 1510 3406 1562 Ού
3439 1509 3549 1578 γάρ
3597 1526 3651 1561 τι
3686 1509 3837 1573 ἇλὲο,
3892 1508 3926 1578 ἢ
3971 1510 4074 1575 τῆς

2488 1606 2718 1674 νομικῆς
2755 1602 3120 1672 στενοχωρίας
3176 1600 3286 1653 τῶν
3331 1600 3788 1670 ἀκρισασμάτων,
3848 1617 4076 1669 περιτο-

2493 1698 2621 1766 μῆς,
2652 1694 3059 1763 σαϐϐατισμῶν,
3113 1694 3207 1746 καὶ
3256 1692 3366 1745 τῶν
3395 1693 3572 1746 ἄλλων
3608 1691 3882 1758 περιττῶν
3915 1693 4078 1759 ἁγνι-

2492 1792 2714 1858 σμάτων
2743 1785 3037 1856 ἐλευθέραν
3066 1784 3463 1854 ἀποφαίνοντος
3497 1786 3667 1839 ἐστιν.
3704 1783 3854 1838 Εἶναι
3894 1788 3951 1838 δὲ
3986 1786 4081 1837 τὸν

800 1876 946 1929 enim
975 1876 1120 1929 aliud
1151 1877 1253 1930 hoc
1279 1886 1548 1946 estquam
1574 1878 1718 1947 quod
1753 1878 2005 1931 ostendat
2027 1876 2252 1932 liberam
2270 1894 2391 1932 esse
2421 1874 2465 1933 Β

2421 1874 2465 1933 Β
2496 1880 2652 1946 λόγον
2679 1880 2771 1932 καὶ
2803 1878 2863 1932 τὸ
2918 1878 3091 1930 αἴτιον
3110 1919 3125 1941 ,
3162 1878 3245 1929 ὅτι
3278 1878 3712 1947 ἀπαρατήρητον
3744 1880 3859 1940 τοῖς
3894 1877 4078 1929 ἔθνεσι

806 1969 1105 2022 ΙιὶυιεΙυεῑαηι
1127 1970 1194 2022 ab
1212 1971 1462 2040 angustia
1484 1971 1878 2039 exquisiturum
1894 1972 2387 2035 examinationum,

796 2062 1235 2115 eireumcisionis
1264 2100 1278 2123 ,
1310 2061 1674 2115 Sabbatoruni
1709 2065 2050 2133 aliarumque
2085 2066 2391 2133 superﬂua-

800 2170 919 2205 rum
948 2155 1360 2224 purgationum.
1380 2154 1477 2209 Est
1502 2165 1682 2209 autem
1704 2158 1845 2211 ratio
1865 2172 1918 2212 et
1936 2173 2121 2220 causa,
2148 2157 2274 2227 quia
2290 2159 2388 2210 (la-

798 2258 912 2299 tum
944 2254 1029 2299 est
1055 2248 1263 2315 absque
1284 2247 1391 2301 ulla
1412 2249 1796 2303 observatione
1818 2252 2018 2304 atrium
2050 2251 2180 2304 illud
2211 2250 2389 2320 genti-

800 2336 900 2388 l:us
930 2352 1052 2405 qua:
1095 2338 1397 2390 secundum
1436 2335 1716 2391 Christum
1748 2339 1927 2393 vivere
1968 2342 2177 2394 volunt.
2212 2339 2385 2393 Porro

797 2426 1072 2481 civitatem
1140 2436 1387 2482 sanctam
1445 2429 1644 2483 calcari
1694 2431 1977 2485 mensibus
2022 2432 2386 2502 quadraginta

797 2520 1032 2584 duobus,
1054 2521 1325 2575 civitatem
1355 2537 1452 2577 san
1470 2533 1599 2577 :tam
1622 2526 1831 2579 vocavit
1855 2524 2177 2592 Ecelesiam,
2197 2542 2367 2596 quam

798 2628 828 2664 a
871 2613 1125 2681 gentibus
1156 2613 1355 2667 calcari
1384 2616 1661 2679 novimus,
1684 2617 1887 2683 quibus
1920 2617 2169 2671 videlicet
2197 2619 2383 2672 datum

797 2716 879 2758 est
905 2714 963 2757 ut
988 2704 1041 2756 in
1069 2719 1131 2757 ea
1166 2716 1645 2767 conversarentur,
1672 2708 1970 2761 Christiani
1997 2708 2216 2777 quidem
2276 2709 2385 2777 pie,

796 2795 1062 2851 increduli
1076 2811 1203 2851 vero
1216 2800 1641 2867 contemptimet
1662 2800 1727 2853 ad
1745 2799 2099 2869 perdendum.
2113 2799 2383 2866 Quoniam

798 2895 977 2939 autem
1012 2886 1254 2940 nonnulli
1279 2886 1514 2954 ejectum
1553 2904 1677 2942 esse
1696 2890 1920 2952 atrium,
1951 2900 2284 2960 acerperunt
2311 2892 2379 2944 de

2488 1974 2598 2034 τοῖς
2627 1971 2769 2024 κατὰ
2792 1970 3025 2040 Χριστὸν
3048 1968 3197 2039 βιοῦν
3231 1968 3512 2022 ἐθέλουσιν
3545 1969 3726 2039 ἐδόθη.
3760 1970 3851 2039 Τῷ
3882 1969 3940 2023 δὲ
3979 1969 4081 2039 τὴν

2490 2066 2646 2117 πόλιν
2671 2063 2769 2134 τὴν
2796 2064 2962 2130 ἁγίαν
2991 2061 3303 2132 πατηθῆναι
3329 2063 3507 2132 μῆνας
3539 2063 4079 2133 τεσσαρακονταδύο,

2491 2158 2647 2210 πόλιν
2706 2156 2868 2224 ἁγίαν
2924 2156 3025 2222 τὴν
3094 2155 3428 2224 Ἐκκλησίαν
3480 2144 3763 2217 ἐκάλεσεν,
3796 2156 3863 2224 ἣν
3918 2154 4083 2223 ἴσμεν

2490 2244 2788 2299 πατεῖσθαι
2820 2244 2925 2298 ὑπὸ
2942 2243 3134 2309 ἐθνῶν,
3176 2239 3258 2308 οἷς
3277 2244 3434 2316 ἐδόθη
3466 2246 3634 2297 οἱονεὶ
3660 2248 3719 2298 ὲν
3752 2246 3893 2314 αὐτῇ
3943 2245 4083 2297 ἀνα-

2495 2339 2846 2409 στρέφεσθαι,
2880 2339 2986 2391 ὑπὸ
3026 2337 3126 2408 μὲν
3172 2340 3515 2408 Χριστιανῶν
3546 2337 3844 2405 θεοφιλῶς,
3880 2338 3989 2390 ὑπὸ
4026 2337 4081 2388 δὲ

2495 2428 2739 2482 ἀπίστων
2789 2429 3280 2499 καταφρονητικῶς
3325 2427 3421 2481 uel.
3484 2427 3769 2498 ὀλεθρίως.
3813 2427 3971 2478 Ἐπεὶ
4025 2425 4083 2479 δέ

2494 2536 2639 2581 τινες
2664 2518 2726 2572 τὸ
2756 2518 3122 2588 ἐκϐεϐλῆσθαι
3169 2519 3270 2591 τὴν
3311 2520 3483 2590 αὐλὴν
3527 2520 3627 2590 τὴν
3663 2519 3772 2571 τῶν
3825 2518 4084 2570 ἀπίστων

2496 2607 2667 2661 ἐθνῶν
2690 2625 2747 2661 τε
2766 2611 2863 2661 καὶ.
2903 2610 3175 2662 Ἰουδαίων
3224 2611 3553 2680 συναγωγὴν
3609 2608 3949 2675 ἐξεδέξαντο,
3979 2608 4079 2669 οὓς

2495 2703 2588 2754 καὶ
2623 2702 2971 2771 ἐφυϐρίστως
3008 2704 3066 2754 ἐν
3102 2703 3240 2772 αύτῇ
3291 2703 3595 2755 διαδιώκειν
3638 2704 3774 2770 φασὶ
3820 2704 3953 2764 τοὺς
3991 2718 4083 2752 πι-

2496 2792 2677 2855 στοὺς,
2716 2792 2951 2861 μάλιστα
2986 2791 3132 2845 κατὰ
3158 2792 3249 2844 τὸν
3288 2794 3383 2848 τοῦ
3450 2793 3829 2862 Ἀντιχρίστου
3858 2792 4080 2862 καιρὸν,

2493 2886 2635 2938 κατᾶ
2663 2883 2773 2937 τῶν
2801 2886 3146 2955 Χριστιανῶν
3168 2886 3335 2939 τοῦτο
3365 2886 3706 2956 ὲξειλήφασι.

805 2993 1079 3048 synagoga
1112 2978 1414 3035 infidelium
1466 2983 1706 3051 gentium
1733 3000 1798 3039 ac
1846 2983 2185 3053 Judaeorum,
2237 2987 2331 3055 qui
2374 2996 2432 3038 ut
2485 2984 2641 3035 aiunt
2674 2982 2841 3033 etiam
2874 2982 3273 3037 contumeliose
3333 2981 3386 3035 in
3443 3000 3509 3036 eo
3542 2981 3800 3037 insectari
3820 2981 4086 3034 dicuntur

801 3072 1005 3135 titleles,
1068 3070 1226 3137 idque
1255 3075 1492 3125 maxime
1518 3082 1761 3141 tempore
1786 3074 2135 3141 Antichristi,
2179 3076 2442 3130 adversus
2468 3072 2811 3125 Christianos
2843 3070 2948 3125 hoc
2978 3072 3379 3127 intellexerunt.
3762 3066 3771 3077 ’

869 3163 936 3216 Et
963 3164 1226 3215 cicitutem
1259 3174 1499 3217 sanctam
1548 3164 1829 3218 calcabunt
1862 3166 2124 3219 mensibus
2160 3169 2393 3237 quadra-
2420 3177 2464 3239 ρ

2420 3177 2464 3239 C
2574 3163 2679 3215 Kal
2726 3161 2841 3229 τὴν
2874 3165 3060 3216 πόλιν
3102 3164 3218 3228 τὴν
3262 3166 3442 3233 ἁγίαν
3477 3164 3825 3231 πατήσουσι
3881 3164 4084 3235 μῆνας

798 3256 1182 3326 ginta'duobus.
1209 3256 1453 3325 Tempus
1474 3257 1838 3326 quadraginta
1859 3260 2092 3312 duorum
2112 3259 2378 3313 mensium

797 3352 1093 3421 opinamur
1123 3351 1551 3420 sigttilicativum
1596 3368 1719 3406 esse
1768 3354 2169 3407 contractionis
2216 3369 2381 3407 mor-.e

798 3444 942 3496 circa
967 3443 1258 3497 adventum
1288 3442 1616 3498 Antichristi
1647 3461 1663 3497 :
1692 3452 1910 3514 propter
1931 3460 2097 3515 quam
2129 3445 2380 3499 aﬂlictio-

799 3552 921 3590 nem
950 3536 1043 3591 Dei
1072 3536 1378 3590 cultoribus
1423 3536 1790 3602 inierendam,
1829 3554 1993 3593 verus
2028 3538 2171 3594 Deus
2220 3540 2381 3592 Chri-

806 3637 928 3681 stus
964 3628 1293 3681 breviandos
1316 3642 1439 3681 esse
1461 3628 1535 3681 ait
1558 3629 1675 3682 dies
1704 3630 1845 3684 illos.
1880 3630 2221 3685 Suntautem
2240 3647 2382 3701 qua-

801 3719 1052 3787 draginta
1082 3720 1193 3771 duo
1223 3733 1438 3773 menses
1490 3730 1599 3773 tres
1633 3722 1759 3774 anni
1785 3732 1837 3776 et
1866 3721 2149 3788 dimidius,
2176 3724 2229 3777 in
2259 3725 2382 3793 qui-

796 3808 901 3862 bus
930 3810 1209 3877 continget
1244 3808 1429 3863 lideles
1452 3823 1517 3863 ac
1546 3810 1804 3879 probatos
1820 3812 2133 3867 conculcari
2161 3828 2224 3869 ac
2257 3830 2381 3885 per-

796 3901 1135 3955 secutionem
1169 3902 1299 3970 pati.
1940 3919 1946 3925 '

1259 4016 1420 4087 743
1457 4018 1686 4073 CAPUT
1712 4019 1883 4076 xxx.

866 4127 944 4182 De
967 4127 1149 4182 Enoch
1188 4139 1236 4183 et
1279 4128 1428 4197 Elia,
1464 4134 1552 4201 qui
1587 4136 1967 4191 Antichrislum
1996 4148 2306 4208 coargucnt.

866 4296 941 4351 XI
960 4338 975 4362 ,
1004 4299 1130 4353 5-6.
1155 4297 1224 4352 Ει
1251 4301 1389 4353 dabo
1413 4305 1617 4358 duobus
1635 4308 1857 4361 testibus
1897 4311 2053 4374 meis,
2077 4321 2124 4364 et
2159 4312 2381 4381 prophe-

799 4394 983 4445 tabunt
1019 4392 1200 4444 diebus
1226 4393 1370 4447 mille
1404 4396 1644 4451 ducentis
1661 4402 1955 4469 sexaginta,
1988 4405 2167 4457 amicti
2189 4406 2376 4458 saccis.

798 4484 867 4537 lli
905 4495 1026 4536 sunt
1058 4485 1178 4536 dua:
1210 4484 1365 4537 oliva:
1416 4495 1465 4539 et
1498 4489 1604 4541 duo
1648 4491 1965 4545 candelabra
1995 4495 2048 4545 in
2103 4505 2379 4563 conspectu

797 4576 1009 4633 Domini
1035 4588 1188 4631 terra:
1209 4584 1429 4635 stantia.
1460 4581 1526 4636 Et
1554 4584 1599 4635 si
1619 4586 1735 4653 quis
1759 4585 1898 4653 ipsos
1933 4588 2150 4640 voluerit
2170 4588 2378 4652 (ledere,

798 4672 935 4738 ignis
963 4675 1259 4743 egredietur
1281 4678 1342 4730 de
1373 4692 1461 4729 ore
1489 4692 1692 4740 eorum,
1735 4686 1784 4730 et
1820 4679 2090 4733 devorabit
2138 4682 2378 4733 inimicos

799 4770 1053 4831 ipsorum.
1082 4767 1215 4823 Etsi
1242 4772 1358 4841 quis
1390 4771 1611 4824 voluerit
1644 4772 1785 4840 ipsos
1819 4772 2027 4832 (cedere,
2066 4774 2145 4825 ita
2178 4784 2378 4843 Oportet

801 4874 916 4910 cum
950 4862 1141 4913 occidi.
1184 4861 1256 4914 lli
1284 4872 1590 4929 potestatem
1637 4864 1826 4916 habent
1866 4866 2145 4918 claudendi
2194 4868 2377 4919 uelum

802 4965 863 5003 ne
890 4950 1039 5015 pluat
1070 4964 1295 5019 tempore
1318 4956 1601 5022 prophetia:
1630 4958 1863 5025 ipsorum
1902 4973 1919 5011 :
1962 4970 2009 5011 ct
2064 4968 2377 5027 potestatem

803 5041 991 5094 habent
1020 5060 1178 5107 super
1209 5062 1375 5113 aquas
1419 5050 1750 5101 convrrtcndi
1778 5066 1865 5102 eas
1893 5052 1945 5103 in
1976 5053 2303 5122 sanguinem,
2334 5066 2380 5106 et

797 5134 1116 5201 percutiendi
1177 5146 1371 5190 terram
1430 5141 1837 5213 quotiescunque
1895 5142 2146 5197 voluerint
2214 5146 2357 5197 omni

798 5224 979 5293 plaga.

874 5488 1148 5556 Quoniam
1181 5493 1235 5546 in
1266 5495 1477 5549 visione
1518 5505 1907 5565 repraesentata
1951 5505 2080 5551 sunt
2104 5499 2379 5568 evangeli-

804 5591 904 5635 sta:
966 5598 1089 5651 qum
1170 5584 1467 5641 Dominiea:
1527 5586 2380 5646 incarnationis'concernebant

803 5677 1293 5743 dispensationem,
1316 5696 1511 5749 nempe
1535 5685 1814 5744 nativitas,
1853 5682 2202 5746 tentationes,
2241 5700 2375 5753 prae-

810 5765 1029 5830 dicatio,
1060 5780 1217 5830 crux,
1253 5780 1306 5821 et
1342 5783 1536 5839 przeter
1571 5774 1685 5827 haec
1734 5775 1899 5829 etiam
1937 5774 2270 5827 resurrectio
2315 5792 2377 5829 ac

809 5862 1083 5915 secundus
1110 5860 1417 5919 adventus:
1460 5865 1525 5919 ad
1565 5866 1681 5922 haec
1711 5876 2025 5922 sanctorum
2071 5882 2289 5945 quoque
2315 5886 2378 5927 ac

2491 3254 3078 3321 τεσσαρακονταδύο.
3138 3256 3262 3309 Τῶν
3316 3258 3827 3327 τεσσαρακονταδύο
3893 3259 4083 3329 μηνῶν

2489 3344 2584 3397 τὸν
2618 3344 2813 3413 χρόνον
2871 3347 3165 3415 συντομίας
3198 3344 3337 3400 εἶναι
3366 3348 3662 3419 δηλωτικὸν
3692 3351 4082 3421 ὑπειλήφαμεν

2491 3436 2634 3489 κατὰ
2672 3436 2769 3504 τὴν
2798 3437 3103 3507 παρουσίαν
3142 3438 3235 3491 τοῦ
3279 3440 3671 3510 ’Λντιχρίστου,
3703 3441 3773 3493 δι’
3800 3444 3867 3513 ἢν
3902 3443 4083 3497 0).th-

2497 3530 2599 3599 ραν
2632 3527 2803 3581 οὖσαν
2833 3532 2944 3592 τοῖς
2999 3530 3292 3598 φιλοθέοις,
3320 3534 3350 3585 ὁ
3373 3533 3581 3603 ἀληθὴς
3612 3534 3745 3597 Θεὸς
3783 3538 3812 3587 ὁ
3842 3536 4079 3605 Χριστὸς

2491 3619 2850 3675 κολοϐοῦσθαι
2915 3622 3089 3685 αὑτὰς
3141 3623 3239 3685 τὰς
3298 3625 3511 3697 ἡμέρας
3539 3626 3711 3693 λέγει.
3753 3628 3873 3679 Εἰσὶ
3930 3629 3990 3681 δὲ
4031 3631 4079 3682 οἱ

2490 3713 2993 3781 τεσσαρακονταδύο
3024 3716 3212 3786 μῆνες,
3240 3714 3365 3785 τρία
3394 3715 3568 3785 ἥμισυ
3592 3716 3707 3786 ἔτη,
3737 3718 3796 3768 ὲν
3817 3714 3902 3780 οἷς
3934 3735 4071 3786 σιμ-

2492 3804 2719 3872 6ήσεται
2776 3807 2902 3867 τοὺς
2943 3810 3167 3871 πιστοὺς
3204 3809 3299 3860 καί⁵
3346 3808 3604 3878 δοκίμους
3660 3810 3956 3865 πατεῖσθαι
3985 3812 4081 3867 καὶ

2491 3893 2803 3951 διώκεσθαι.

3090 4013 3343 4067 ΚΕΦΛΛ.
3387 4013 3466 4069 Λ’.

2494 4124 2630 4192 Περὶ
2678 4124 2861 4193 Ἑνὼχ
2892 4126 2991 4179 καί
3024 4128 3186 4181 Ὴλιά
3223 4127 3557 4197 διελέγχειν
3574 4133 3933 4200 μελλόντων
3974 4132 4080 4185 τὸν

3069 4199 3115 4250 ’Λ
3124 4215 3188 4250 rt
3199 4200 3219 4251 ί
3222 4216 3490 4265 γριστον.

2560 4307 2669 4359 Kal
2703 4305 2873 4359 δώσω
2898 4308 3022 4374 τοῖς
3059 4308 3201 4363 δυσί
3219 4310 3487 4381 μάρτυσί
3512 4330 3669 4382 μου,
3710 4315 3807 4367 καί
3840 4333 4078 4386 προφη-

2491 4400 2820 4453 τεύσουσιν
2859 4401 3084 4469 ἡμέρας
3122 4406 3323 4472 χιλίας
3373 4406 3689 4473 διακοσίας
3745 4408 4074 4474 ἐξήκοντα,

2494 4493 2986 4560 περιϐεϐλημένοι
3055 4494 3351 4560 σάκκους.
3416 4495 3595 4553 Οὗτοί
3641 4502 3802 4552 είσιν
3859 4504 3921 4553 al
3965 4503 4077 4555 δύο

2490 4584 2683 4637 ἐλαῖαι
2733 4586 2831 4637 καί
2889 4588 2948 4637 ul
2999 4585 3110 4640 δύο
3139 4590 3383 4656 λυχνίαι
3423 4590 3682 4643 ἐνώπιον
3714 4592 3821 4644 τοῦ
3851 4597 4077 4662 Κυρίου

2489 4675 2598 4743 τῆς
2622 4675 2738 4744 γῆς
2785 4676 3065 4733 ἑστῶσαι.
3093 4679 3200 4735 Kal
3233 4681 3289 4734 εἷ
3313 4698 3409 4747 τις
3435 4683 3657 4748 αὐτοὺς
3676 4683 3833 4737 θέλει
3862 4687 4075 4757 ἀδικῆ-

2488 4782 2613 4832 σαι,
2640 4768 2761 4836 πῦρ
2783 4768 3164 4835 ἐκπορεύεται
3186 4770 3254 4823 ἐκ
3273 4772 3379 4824 τοῦ
3418 4775 3715 4842 στόματος
3746 4775 3949 4829 αὐτῶν
3972 4782 4072 4832 καί

2487 4862 2785 4913 κατεσθίει
2842 4861 2984 4925 τοὺς
3015 4862 3266 4929 ἐχθροὺς
3299 4864 3515 4919 αὐτῶν.
3559 4868 3669 4919 Kal
3694 4868 3751 4919 εἴ
3785 4886 3876 4935 τις
3911 4871 4073 4923 θέλει

2488 4952 2707 5015 αὐτοὺς
2736 4951 3045 5019 ἀδικῆσαι,
3074 4955 3226 5007 οὕτω
3246 4954 3341 5008 δεῖ
3365 4957 3554 5011 αὐτὸν
3591 4959 4072 5029 ἀποκτανθῆναι.

2490 5038 2667 5099 Οὗτοι
2696 5044 2911 5114 ἔχουσι
2940 5050 3046 5098 τὸν
3074 5049 3337 5114 οὐρανὸν
3357 5050 3650 5113 ἐξουσίαν
3681 5052 3946 5118 κλεῖσαι,
3973 5057 4075 5109 ἵνα

2482 5134 2565 5203 μὴ
2588 5135 2761 5201 ὑετὸς
2791 5136 2985 5207 βρέχῃ
3027 5139 3135 5204 τὰς
3173 5141 3397 5210 ἡμέρας
3436 5142 3549 5211 τῆς
3566 5148 3938 5213 προφητείας
3972 5150 4076 5202 αὐ-

2488 5225 2621 5278 τῶν.
2676 5227 2785 5280 Kal
2838 5228 3131 5291 ἐξουσίαν
3174 5231 3429 5298 ἔχουσιν
3485 5233 3585 5285 ἐπὶ
3627 5233 3745 5287 τῶν
3784 5237 4071 5302 warm,

2485 5320 2769 5387 στρέφειν
2798 5321 2950 5373 αὐτὰ
2982 5326 3070 5388 εἰς
3098 5319 3241 5391 αἷμα
3264 5365 3277 5389 ,
3330 5326 3425 5377 καί
3464 5327 3723 5390 πατάξαι
3767 5327 3886 5394 τὴν
3926 5330 4068 5398 γῆν,

2480 5410 2698 5478 ὁσάκις
2716 5413 2826 5467 ἐὰν
2850 5415 3217 5484 θελήσωσιν,
3248 5419 3319 5471 ἐν
3336 5420 3505 5487 πάσῃ
3540 5420 3767 5490 πληγῇ.

2570 5505 2792 5575 Ἐπειδὴ
2830 5506 3010 5561 πάντα
3039 5510 3097 5561 ὲν
3126 5512 3192 5580 τῇ
3237 5512 3474 5581 ὀπτασίᾳ
3507 5512 3803 5585 διεπλάσθη
3859 5516 3943 5587 τῷ
3980 5519 4073 5570 εὖ-

2485 5600 2808 5669 αγγελιστῇ.
2836 5598 2904 5652 τὰ
2931 5600 3074 5654 κατὰ
3111 5602 3211 5672 τὴν
3248 5603 3513 5676 ἐνσαρκον
3536 5606 3629 5660 τοῦ
3672 5608 3882 5678 Κυρίου
3925 5614 4073 5666 οἰκο-

2484 5689 2700 5757 νομίαν,
2732 5691 2766 5759 ἠ
2791 5692 3068 5762 γέννησις,
3094 5694 3144 5746 oi
3178 5700 3495 5765 πειρασμοὶ,
3521 5700 3579 5752 αἱ
3630 5698 4000 5767 διδασκαλίαι,
4042 5708 4071 5756 ὁ

2486 5780 2741 5849 σταυρὸς,
2771 5782 2865 5836 ἐπὶ
2894 5783 3104 5847 τούτοις
3130 5785 3226 5838 καὶ
3258 5788 3291 5857 η
3316 5788 3631 5853 ἀνάστασις,
3673 5791 3707 5860 ή
3746 5790 3980 5863 δευτέρα
4008 5814 4066 5848 τε

2484 5875 2796 5944 παρουσία,
2849 5878 2942 5931 καὶ
3002 5877 3139 5947 πρὸς
3185 5879 3419 5946 τούτοις,
3465 5884 3498 5951 η
3538 5880 3646 5935 τῶν
3673 5881 3847 5951 ἁγίων
3875 5900 3939 5939 τι
3972 5887 4071 5941 καὶ
