4256 6440
240 435 352 497 653

821 561 1068 615 ΚΕΦΛΛ.
1113 563 1230 616 AA'.

237 667 445 745 Ὅπως
491 672 904 741 ἀναιρεθέντες
933 677 1048 731 ὑπὸ
1091 677 1194 729 τοῦ
1235 678 1636 745 Ἀντιχρίστου
1675 678 1816 730 ἁνα-

315 742 648 815 σζήσονται
687 746 872 812 Ἑνὼχ
901 747 996 798 καὶ
1035 749 1259 812 Ἠλίας,
1297 742 1564 815 καῐῂτοὺς
1590 748 1812 815 ἠπατη-

307 811 534 880 μένους
565 811 1003 881 ἑκπλήξοὺσιν.

317 922 423 976 Kal
453 927 596 989 μετὰ
631 927 728 991 τὰς
779 926 934 994 τρεῖς
966 927 1188 996 ἡμέρας
1230 927 1328 980 καὶ
1361 928 1548 996 ἥμισυ
1583 927 1819 994 πνεῦμα

240 1013 394 1080 ζωῆς
421 1015 488 1067 ἐκ
514 1018 618 1069 τοῦ
645 1018 791 1070 Θεοῦ
816 1017 1105 1087 εἰσῆλθεν
1131 1021 1217 1083 εις
1242 1019 1483 1085 αὐτοὺς,
1514 1019 1613 1071 καὶ
1641 1019 1820 1087 ἔστ-η-

240 1120 365 1157 σαν
412 1107 510 1157 ἐπὶ
551 1107 690 1172 τοὺς
738 1109 926 1174 πόδας
979 1109 1200 1175 αὐτῶν,
1256 1101 1353 1164 καῖ
1404 1110 1588 1178 φόϐος
1633 1108 1819 1177 μέγας

241 1195 466 1250 ἔπεσεν
487 1197 583 1250 ἐπὶ
617 1203 756 1262 τοὺς
783 1199 1148 1268 θεωροῦντας
1168 1201 1409 1265 αὐτούς.
1444 1200 1549 1253 Kal
1580 1199 1819 1268 ἤκουσα

241 1289 456 1356 φωνὴν
498 1289 773 1358 μεγάλην
812 1291 880 1344 ἐκ
916 1291 1023 1345 τοῦ
1053 1293 1318 1360 οὐρανοῦ
1360 1292 1673 1360 λέγουσαν
1713 1293 1818 1345 ai)-

241 1379 400 1445 τοῖς·
474 1382 760 1448 Ἀνάϐητε
826 1379 961 1437 ὦδε.
1019 1385 1128 1438 Καὶ
1188 1384 1502 1450 ἀνέϐησαν
1567 1385 1654 1449 εὶς
1714 1384 1820 1436 τὸν

239 1473 504 1540 οίῬανύν
533 1476 602 1527 ἐν
629 1474 702 1542 τῇ
733 1476 980 1548 νεφέλῃ,
1013 1478 1111 1530 καὶ
1143 1475 1485 1545 ἐθεώρησαν
1509 1475 1730 1541 αὐτοὺς
1767 1479 1819 1532 οι

239 1559 443 1627 ἐχθροὶ
473 1562 691 1616 αὐτῶν.
734 1565 796 1617 Ἐ
803 1582 836 1614 ν
861 1565 1062 1632 ἐκείνῃ
1097 1563 1172 1633 τῇ
1210 1565 1400 1634 ἡμέρᾳ
1433 1564 1668 1635 ἐγένετο
1698 1582 1821 1618 σει-

240 1653 398 1719 σμὸς
419 1653 628 1722 μέγας,
664 1657 761 1709 καὶ
792 1659 856 1709 τὸ
883 1657 1140 1710 δέκατον
1179 1656 1290 1726 τῆς
1319 1659 1549 1723 πόλεως
1575 1659 1818 1712 ἔπεσεν.

239 1745 351 1796 Καὶ
390 1746 858 1814 ἀπεκτάνθησαν
906 1749 976 1801 ἐν
1017 1746 1096 1812 τῷ
1133 1747 1364 1818 σει-σμῷ
1408 1750 1669 1817 ὀνόματα
1716 1749 1823 1802 ἀνα

239 1836 491 1900 θρώπων
528 1837 798 1906 χιλιάδες
843 1840 1013 1904 ἑπτὰ,
1067 1838 1164 1892 καὶ
1217 1843 1272 1894 ol
1317 1841 1519 1894 λοιποὶ
1574 1842 1821 1910 ἔμφοϐοι

1309 443 1690 503 COMMENT.
1735 443 1815 502 ΙΝ
1857 445 1896 500 Α
1911 442 2382 502 POCALYI‘SIN.

1841 570 1890 622 Α

3389 449 3498 513 654

2488 561 2714 617 CAPUT
2746 561 2934 616 XXXI.

1930 674 2083 741 Quod
2107 677 2263 729 occisi
2287 678 2350 729 ab
2382 677 2706 730 Amic/"isto
2741 674 2919 728 Enorlt
2946 684 2992 727 et
3030 674 3179 728 Elius
3209 688 3498 744 resurgent,

1997 756 2043 798 et
2071 764 2157 800 eos
2181 750 2269 816 qui
2298 751 2498 801 seducti
2537 757 2746 817 fuerant
2782 756 2979 799 terrore
3001 747 3431 801 cettsteruabuut.

2001 925 2088 989 ΧΙ,
2125 925 2311 978 H-H.
2361 925 2423 978 Et
2457 937 2572 993 post
2607 937 2708 979 tres
2737 928 2845 978 dics
2875 942 2938 978 ac
2967 924 3245 978 dimidium
3280 925 3500 993 spiritus

1927 1015 2046 1067 uiue
2077 1016 2166 1084 qui
2192 1026 2350 1068 estex
2385 1015 2490 1069 Deo
2526 1017 2746 1068 intravit
2785 1019 2838 1068 in
2877 1015 3018 1076 iilos,
3041 1025 3090 1068 et
3125 1023 3378 1069 steterunt
3408 1033 3505 1069 eu.-

1925 1121 2016 1174 ρει·
2043 1106 2194 1175 pedes
2220 1122 2344 1159 suos
2377 1121 2396 1159 :
2428 1115 2476 1158 et
2531 1106 2690 1157 timor
2737 1124 2955 1176 magnus
3003 1108 3187 1161 cecidit
3238 1122 3394 1172 super
3417 1123 3504 1160 eos

1924 1199 2016 1267 qui
2045 1198 2286 1251 viderunt
2319 1198 2478 1266 ipsos.
2519 1197 2586 1250 Et
2609 1199 2788 1252 audivi
2821 1216 2986 1252 vocent
3014 1217 3258 1270 magnam
3280 1201 3343 1253 de
3376 1199 3504 1252 calo

1925 1291 2180 1344 dicentem
2234 1292 2407 1360 ipsis:
2452 1292 2732 1344 Asrendite
2770 1291 2891 1344 huc.
2949 1291 3016 1343 Et
3067 1291 3412 1344 ascenderunt
3448 1291 3504 1342 in

1922 1381 2114 1437 'cazlun;
2151 1384 2204 1435 iu
2249 1384 2366 1452 ipsa
2399 1385 2550 1446 nube,
2593 1394 2641 1437 et
2672 1385 2915 1437 viderunt
2946 1399 3031 1436 eos
3062 1385 3264 1436 inimici
3297 1398 3501 1437 eorum.

1928 1472 1996 1526 Et
2027 1475 2079 1527 in
2112 1473 2203 1528 illo
2229 1475 2314 1528 die
2344 1475 2518 1543 factus
2560 1484 2637 1528 est
2674 1484 3000 1528 terminatus
3037 1489 3276 1542 magnus,
3321 1483 3369 1526 et
3412 1474 3509 1526 de-

1927 1568 2063 1621 cima
2092 1584 2215 1636 pars
2249 1569 2474 1623 civitatis
2499 1570 2710 1623 cecidit.
2745 1567 2812 1620 Et
2843 1568 3015 1620 accisa
3052 1577 3173 1622 sunt
3225 1567 3278 1620 in
3327 1576 3512 1619 terra:-

1928 1669 2071 1712 utottt
2102 1661 2314 1714 nomina
2345 1661 2614 1713 hominum
2649 1671 2841 1729 septem
2871 1659 3044 1712 millia
3068 1700 3083 1722 ,
3112 1667 3160 1712 et
3191 1658 3375 1726 reliqui
3407 1666 3508 1708 ter-

1930 1753 2024 1804 riti
2051 1762 2172 1805 sunt
2203 1761 2251 1804 et
2281 1752 2534 1806 dederunt
2551 1752 2775 1819 gloriam
2805 1753 2909 1805 Deo
2933 1753 3069 1807 cali.
3112 1750 3197 1805 γω
3222 1749 3508 1803 secundum

1931 1842 2082 1906 abiit,
2115 1853 2164 1896 et
2191 1859 2304 1896 ecce
2338 1844 2545 1895 tertium
2581 1859 2653 1897 va:
2691 1844 2794 1897 cito
2827 1847 2984 1898 venit.

236 1927 552 1998 ἐγένοντο,
589 1931 688 1984 καὶ
753 1932 986 1985 ἔδωκαν
1017 1931 1206 1995 δόξαν
1274 1933 1354 1998 τῷ
1406 1931 1673 1998 Θεῴτοῡ
1744 1933 2029 2000 οὐρανοῦ.
2084 1934 2144 1990 Ἠ
2199 1935 2331 1988 οὐαὶ
2379 1935 2416 2003 ἡ
2465 1933 2715 2003 δευτέρα
2777 1934 3072 2002 ἀπῆλθεν.
3141 1935 3210 1988 Ἡ
3288 1932 3422 1987 οὐαὶ
3468 1931 3506 1998 ἡ

239 2022 432 2089 τρίτη,
464 2022 592 2076 ἰδοὺ
626 2024 859 2094 ἔρχεται
889 2027 1061 2094 ταχύ.

328 2115 671 2185 Ίσαρὶθμους
721 2119 930 2188 ἡμέρας
977 2121 1088 2182 τοῖς
1143 2117 1288 2172 ἔτεσι
1341 2117 1441 2186 τῆς
1486 2118 1822 2188 προφητείας
1857 2128 1897 2182 Β
1999 2116 2009 2166 1

1819 2137 1822 2175 ς
1857 2128 1897 2182 Β
1999 2115 2100 2170 Ubi
2129 2116 2323 2184 aequali
2355 2115 2568 2168 dierum
2613 2128 2844 2168 numero
2891 2115 3090 2169 mortui
3125 2115 3330 2170 fuerint
3376 2135 3500 2172 cum

239 2208 618 2276 νεκρωθέντας
649 2210 977 2280 ἀναστήσειν
1006 2213 1190 2282 φησὶν,
1227 2209 1286 2275 ἐξ
1322 2209 1401 2263 ἔτι
1439 2211 1533 2279 τῆς
1564 2211 1821 2280 χρονικῆς

243 2299 698 2370 παλινδηλώσεως
745 2304 854 2356 ἀπὸ
902 2303 1204 2372 μελλούσης
1239 2304 1546 2365 συντελείας
1575 2305 1652 2364 εἰς
1689 2320 1826 2373 τιαρ-

241 2395 539 2462 ῳχημένην
580 2396 1030 2486 μετακρουσθεὶς,
1069 2395 1344 2451 κάνταῦθα
1369 2395 1431 2448 τὸ
1468 2394 1824 2463 ἀπαράϐατον

242 2485 355 2538 τῶν
389 2485 735 2555 δηλουμένων
769 2488 946 2557 σοφῶς
975 2485 1097 2553 "tuo;
1125 2489 1366 2560 ἐμφανὲς
1394 2488 1532 2559 μετὰ
1567 2489 1666 2558 τῆς
1694 2505 1825 2556 πρε-

245 2575 454 2646 πούσης
484 2577 757 2631 καθιστῶν
785 2565 1092 2651 ἀκριϐείας.

319 2757 427 2812 Kal
455 2762 638 2827 φόϐος
675 2760 862 2828 μέγας
901 2760 1143 2815 ἔπεσεν.
1187 2761 1352 2825 Φόϐος
1393 2761 1565 2831 μέγας
1610 2765 1824 2832 εἴρηται

244 2851 368 2920 ἦτοι
411 2853 505 2903 καὶ
535 2851 811 2922 αἰσθητῶς
845 2853 1156 2922 συμὸαίνων
1182 2855 1326 2920 τότε,
1367 2855 1571 2907 τούτων
1606 2856 1825 2924 μελλόν-

244 2957 378 3005 των,
412 2944 443 3014 ἢ
479 2944 572 2994 καὶ
616 2943 839 3013 ἑτέρως.
882 2945 1154 3014 Παρουδὲν
1181 2944 1236 2997 δὲ
1269 2946 1396 3014 περὶ
1428 2946 1634 2998 τούτων
1661 2949 1826 3016 ἀσχο-

246 3031 462 3085 λεῖσθαι
492 3034 619 3104 χρὴ,
648 3033 740 3103 ἀφ’
770 3035 1033 3104 ἐκατέρου
1065 3038 1130 3104 τῇ
1154 3035 1299 3106 ψυχῇ
1332 3037 1441 3088 τῶν
1468 3039 1825 3107 ἐγρηγορέναι

247 3125 583 3194 φιλούντων,
637 3128 731 3179 τοῦ
776 3128 1043 3197 σωτηρίου
1093 3128 1400 3199 θεαρὲστως
1441 3130 1823 3198 ποριζομένου.

321 3309 428 3361 Kal
447 3309 852 3376 ἁνέόησανεις
876 3311 984 3363 τὸν
1007 3309 1432 3378 οἰιρανὸνὲντῇ
1447 3311 1692 3379 νεφέλῃ.
1719 3313 1829 3365 Νε-

249 3400 387 3468 φέλη
407 3400 494 3451 ἀεὶ
524 3400 631 3451 τῶν
655 3399 813 3452 θείων
835 3402 1178 3470 πραγμάτων
1200 3401 1494 3469 ὑπουργὸς,
1513 3401 1826 3490 ἡτοιιπερι-

1928 2209 2089 2262 annis
2129 2207 2424 2277 prophetia:
2453 2208 2721 2276 ipsorum,
2772 2207 2849 2260 ait
2907 2222 3002 2260 eos
3047 2217 3454 2262 resurrecturos
3488 2230 3505 2264 :

1927 2315 2145 2355 rursum
2173 2299 2352 2353 adhuc
2381 2315 2445 2352 ex
2477 2300 2760 2367 temporali
2803 2300 3200 2369 significatione
3238 2315 3268 2353 a
3318 2301 3502 2355 futura

1930 2393 2007 2446 rei
2040 2392 2518 2446 consummatione
2554 2392 2619 2443 ad
2657 2392 2984 2459 praeteritam
3029 2392 3396 2460 transpulsus,
3452 2402 3508 2447 et

1931 2484 1984 2537 itt
2036 2485 2138 2537 hoc
2185 2482 2692 2535 incommutabilem
2737 2497 2927 2536 eorum
2980 2499 3102 2552 qua!
3132 2485 3505 2553 significantur

1929 2577 2420 2629 manifestationem
2455 2575 2684 2643 sapienti
2712 2574 2946 2644 quodam
2975 2575 3134 2630 modo
3157 2581 3283 2633 cum
3326 2579 3506 2631 deb;ta

1927 2669 2203 2736 diligentia
2234 2668 2546 2721 ostendens.

2003 2761 2068 2814 Et
2096 2763 2253 2813 timor
2301 2777 2520 2829 magnus
2566 2762 2774 2814 cecidit.
2819 2761 3007 2815 Timor
3049 2776 3279 2830 magnus
3326 2763 3507 2816 dictus

1931 2861 2035 2916 cst,
2067 2853 2186 2915 sive
2209 2852 2301 2920 qui
2333 2853 2494 2904 etiam
2524 2851 2858 2904 sensibiliter
2905 2861 3035 2904 tunc
3071 2852 3354 2922 continget
3381 2869 3506 2906 cum

1933 2944 2049 2997 haec
2092 2943 2255 2996 fient:
2294 2950 2389 2994 aut
2419 2942 2585 2993 ctiam
2616 2941 2724 2994 alio
2749 2939 2913 2993 modo
2942 2958 2955 2995 :
2993 2942 3085 2995 sed
3135 2956 3328 3010 parum
3362 2944 3507 2999 circa

1935 3035 2047 3088 ha-e
2091 3032 2346 3101 occupari
2387 3040 2623 3101 oportet,
2673 3047 2798 3087 cum
2845 3040 3138 3102 utrumque
3178 3034 3332 3101 juxta
3370 3035 3532 3087 tlivi-‘

1935 3141 2064 3180 num
2114 3126 2509 3193 beneplacitnm
2567 3127 2804 3194 praebeat
2851 3125 2902 3179 id
2966 3126 3112 3195 quod
3162 3125 3506 3180 salutiferum

1935 3230 2018 3275 est
2048 3222 2233 3272 animo
2273 3234 2466 3273 eorum
2497 3223 2588 3288 qui
2624 3220 2852 3289 vigilare
2880 3221 3126 3288 cupiunt.

2006 3310 2165 3381 747
2180 3309 2248 3363 Et
2263 3311 2611 3363 ascenderunt
2633 3311 2686 3362 in
2709 3311 2893 3364 uelum
2909 3313 2961 3363 in
2977 3313 3090 3378 ipsa
3113 3310 3267 3363 nube.
3283 3308 3509 3377 Semper

1936 3405 2111 3457 nubes
2134 3404 2385 3458 ministra
2401 3404 2555 3456 estin
2569 3402 2768 3455 divinis
2785 3401 2968 3466 rebus,
2986 3402 3200 3471 illisque
3223 3401 3510 3454 familiaris

248 3491 515 3553 πολοῦσά,
543 3493 618 3554 ὡς
643 3493 701 3543 ὲν
731 3491 830 3561 τῷ,
858 3511 876 3542 t
902 3493 1118 3561 Νεφέλη
1156 3492 1250 3544 καὶ
1280 3493 1478 3560 γνόφος
1507 3481 1696 3562 κύκλῳ
1725 3493 1826 3546 αὑ·-
1852 3481 1897 3543 C

1818 3522 1826 3533 -
1852 3481 1897 3543 C
1931 3496 2209 3565 est,juxta
2229 3495 2359 3551 illud
2388 3513 2401 3550 :
2433 3515 2449 3546 ι
2475 3492 2660 3548 Nubes
2680 3503 2736 3547 et
2757 3494 2935 3563 caligo
2965 3495 3018 3548 in
3047 3495 3277 3547 circuitu
3313 3493 3454 3560 ejus.
3483 3510 3499 3542 ι

247 3582 371 3636 τοῦ.
407 3602 424 3634 i
471 3583 531 3635 Ἦ
560 3587 668 3654 γὰρ
698 3583 897 3652 νεφέλη
940 3584 1155 3653 εἴρηται
1188 3583 1298 3635 ἀπὸ
1331 3582 1541 3652 νεφῶν,
1587 3584 1649 3636 τὸ
1679 3584 1826 3653 παχὺ

248 3677 346 3728 καὶ
375 3675 639 3736 ὑδατῶδες
665 3674 1068 3737 ἀποϐαλόντων,
1101 3672 1136 3726 ἂ
1163 3673 1296 3742 νέφη
1323 3672 1382 3736 ἐξ
1413 3675 1829 3743 ἀναθυμιάσεως

249 3767 353 3836 τῆς
383 3766 771 3837 ὑγρᾶςίοὺσίας
813 3767 1025 3833 πέφυκε
1065 3767 1164 3835 την
1201 3766 1498 3818 ὑπόστασιν
1530 3765 1829 3836 λαμϐάνειν

247 3863 321 3930 τῇ
354 3859 652 3929 ἐξατμίσει.
695 3858 999 3928 Τοιγαροῦν
1028 3859 1138 3910 τῶν
1170 3859 1346 3927 νεφῶν
1375 3858 1472 3927 τῆς
1500 3858 1729 3928 νεφέλης
1769 3859 1830 3910 τδ

251 3951 396 4008 εἶναι
426 3953 844 4022 οἰκειουμένων,
879 3953 1228 4020 ὲνθεωρεῖται
1256 3954 1314 4003 ὲν
1341 3951 1478 4022 αὐτῇ
1519 3951 1712 4016 ἁδηλία
1747 3969 1831 4014 τις

251 4047 397 4114 μετὰ
453 4061 596 4107 τινος
646 4044 876 4113 αἴγλης,
935 4043 1054 4112 ἦτις
1091 4044 1151 4106 ἐξ
1203 4041 1554 4104 ἀνακλάσεως
1598 4041 1832 4110 ἡλιακῆς

249 4139 470 4199 ἀκτῖνος
518 4137 637 4189 κατ’
675 4138 960 4204 ἔμπτωσιν
1005 4134 1328 4188 ὲκτελεῖται.
1367 4135 1565 4203 Διόπερ
1618 4135 1710 4187 καὶ
1744 4134 1832 4186 ἀεὶ

250 4233 369 4292 τοῖς
399 4230 561 4292 θείοις
595 4229 879 4299 δηλώμασι
912 4229 1402 4297 συμπαρομαρτεί,
1449 4228 1625 4278 ἐκεῖνο
1660 4229 1834 4278 αἰνιτ-

252 4322 480 4392 τομένη,
535 4321 610 4382 ὡς
661 4321 728 4373 τὰ
769 4320 889 4373 θεῐα
923 4321 1048 4373 οὑτε
1084 4321 1261 4390 πάντη
1309 4319 1481 4388 ἄδηλα
1511 4321 1663 4388 ἡμῖν,
1709 4317 1832 4371 οὔτε

253 4416 475 4477 παντως
530 4408 770 4482 ἐκδήλως
822 4414 1211 4483 παρεχόμενα,
1259 4411 1375 4464 ἀλλ’
1421 4408 1534 4464 οἷον
1591 4413 1833 4479 ἀκράτου

253 4509 434 4577 φωτὸς
487 4507 754 4575 ἐλλαμψις
814 4509 880 4576 τῇ
937 4505 1262 4575 κρυφιότητι
1320 4502 1830 4572 ὑπογυμναζομένη.

253 4603 396 4655 ἱ(στ’
428 4603 556 4655 αὑτὸ
580 4602 644 4672 δὴ
684 4600 840 4654 τοῦτο
866 4601 960 4653 καὶ
993 4598 1088 4651 νῦν
1114 4600 1146 4668 ἡ
1173 4597 1371 4665 νεφέλη
1400 4599 1466 4666 τῇ
1499 4597 1633 4665 πρὸς
1669 4598 1834 4665 οὑραο-

255 4697 352 4749 νον
400 4697 571 4764 ἀνόδῳ
608 4694 719 4746 τῶν
765 4692 1065 4764 προφητῶν
1119 4692 1399 4761 ὑπηρετεῖ.
1454 4689 1545 4740 Διὸ
1586 4691 1710 4752 καὶ,
1760 4689 1835 4751 ὡς

255 4790 400 4852 ἔθος,
438 4788 506 4840 τὰ
533 4787 758 4840 τοιαῦτα
789 4787 926 4856 μετὰ
957 4785 1052 4838 τοῦ
1083 4785 1285 4855 ἄρθρου
1310 4784 1700 4852 παρείληπται.
1747 4783 1835 4836 Ἑν

1935 3588 2150 3658 Νεφέλη
2182 3587 2348 3651 enim,
2388 3587 2439 3640 id
2472 3595 2556 3641 est
2604 3585 2797 3648 nubes,
2829 3586 2971 3639 dicta
3006 3595 3087 3639 est
3134 3585 3245 3637 ἀπὸ
3274 3585 3382 3639 τῶν
3415 3603 3504 3637 νε-

1935 3681 2073 3750 φῶν,
2099 3682 2148 3733 id
2176 3690 2260 3735 est
2287 3695 2317 3734 a
2337 3679 2570 3741 nebulis,
2599 3678 2690 3732 ubi
2723 3678 3046 3732 densitatem
3072 3686 3125 3731 et
3147 3677 3507 3747 aquositatem

1934 3771 2291 3838 abjecernnt:
2329 3784 2450 3838 qua:
2485 3768 2698 3822 nebula:
2751 3783 2817 3821 ex
2867 3768 3216 3821 exhalatione
3270 3767 3509 3821 humida:

1933 3861 2252 3919 substantia:
2278 3872 2421 3916 naue
2451 3873 2579 3914 sunt
2621 3876 2717 3929 per
2766 3863 3208 3929 evaporationem
3265 3862 3512 3932 accipere

1932 3955 2368 4010 subsistentiam.
2400 3953 2568 4022 Igitur
2601 3968 2726 4006 cum
2766 3953 2976 4006 nebulae
3012 3955 3122 4006 sint
3149 3955 3511 4022 appropriatze

1934 4047 2001 4101 ad
2032 4062 2152 4102 esse
2179 4034 2361 4110 nubis,
2400 4046 2738 4113 conspicitur
2765 4046 2814 4098 in
2864 4046 2976 4113 ipsa
3022 4047 3272 4114 quaedam
3306 4047 3510 4100 obscu-

1934 4137 2070 4191 ritas
2095 4151 2221 4190 cum
2269 4137 2455 4205 aliquo
2482 4135 2799 4203 splendore,
2823 4137 2951 4203 quia
2992 4133 3321 4189 refraCtione
3370 4138 3509 4188 radit

1936 4229 2134 4283 solaris
2177 4243 2242 4283 ex
2287 4227 2580 4282 incidentia
2639 4225 2922 4295 perﬁcitur
2948 4267 2964 4290 ,
3015 4227 3250 4296 ideoque
3294 4243 3512 4296 semper

1936 4323 2137 4376 divinis
2174 4321 2712 4376 manifestationibns
2744 4319 3052 4373 attentando
3083 4321 3469 4376 commiscetur
3496 4339 3507 4372 :

1938 4417 2068 4469 illud
2101 4415 2576 4485 tlesignans,quotl
2597 4413 2779 4466 divina
2810 4427 2988 4479 neque
3014 4412 3512 4467 omninonobisin—

1937 4518 2086 4560 certa
2142 4515 2290 4568 sunt,
2339 4520 2514 4573 neque
2558 4505 2784 4556 omnino
2827 4502 3118 4558 manifeste
3152 4503 3507 4572 praebentur:

1935 4600 2029 4652 sed
2065 4599 2231 4652 veluti
2268 4613 2418 4667 parte
2467 4597 2602 4650 lucis
2655 4596 2949 4650 illustratio
2994 4610 3092 4664 per
3117 4595 3509 4650 obscuritatem

1938 4691 2342 4745 manifestatur.
2402 4689 2560 4744 Juxta
2638 4691 2784 4742 hunc
2854 4689 3031 4756 ipsum
3088 4703 3221 4742 sane
3284 4688 3508 4742 modum

1939 4784 2100 4838 etiam
2164 4799 2308 4836 nttne
2354 4783 2602 4835 ministra
2656 4781 2713 4833 fit
2759 4780 2938 4833 nubes
2989 4779 3240 4833 aseensui
3272 4787 3508 4848 prophe-

255 4884 325 4950 τῇ
361 4880 559 4951 νεφέλῃ
599 4880 708 4950 γὰρ
746 4877 1011 4948 ἁναὸἦναί
1042 4893 1230 4946 φησιν,
1259 4875 1402 4928 οὕτω
1435 4878 1533 4944 τῆς
1582 4877 1835 4944 μυήσεως
1870 4860 1914 4914 Ῑ)

1822 4860 1914 4938 ;Ῑ)
1942 4884 2119 4929 tarum
2171 4874 2227 4928 in
2262 4873 2485 4939 emittm,
2537 4885 2701 4941 atque
2732 4871 2803 4925 ob
2847 4871 2922 4934 id,
2981 4879 3041 4924 ut
3088 4872 3259 4924 moris
3305 4881 3390 4925 est
3451 4873 3503 4923 in

258 4973 667 5042 ἐντελλομένης,
698 4972 806 5023 τῶν
837 4970 1076 5040 ἄρθρων,
1115 4971 1191 5032 ὡς
1223 4970 1331 5039 πρὸ
1362 4967 1557 5039 μικροῦ
1587 4969 1835 5037 ὑπεμνή-

260 5081 470 5134 σαμεν,
513 5061 964 5131 προεγνωσμένου
1017 5060 1160 5122 τινὸς
1205 5058 1535 5128 ἀναπόλησιν
1583 5060 1837 5126 εἰσηγου-

261 5160 462 5228 μένων.
507 5156 616 5210 Καὶ
651 5158 780 5227 περὶ
811 5156 910 5226 μὲν
964 5155 1192 5223 νεφέλης
1232 5152 1402 5221 ταύτῃ
1441 5149 1835 5220 τεθεωρείσθω,

254 5253 401 5322 ἥτις,
432 5250 573 5303 κατὰ
596 5249 656 5301 τὸ
684 5249 902 5318 ἕτοιμον
922 5247 1018 5316 τῆς
1046 5243 1263 5307 λέξεως,
1285 5242 1482 5310 νεφέλη
1510 5242 1724 5310 εἴρηται
1750 5239 1839 5292 διὰ

253 5347 318 5398 τὸ
347 5345 456 5397 ἀπὸ
496 5344 691 5410 νέφους
731 5340 828 5411 τὴν
881 5340 1176 5392 ὑπόστασιν
1231 5334 1522 5403 ἐσχηκέναι
1573 5335 1831 5385 ἁποτινα·

256 5438 481 5508 χθέντος
504 5437 611 5488 πᾶν
634 5435 694 5486 τὸ
712 5434 856 5504 παχὺ
882 5431 976 5485 καὶ
999 5428 1283 5490 ὑδατῶδες.
1303 5426 1692 5494 Ἀναθυμιασις
1723 5423 1832 5493 γὰρ

256 5533 406 5603 ὑγρὰ
461 5530 526 5582 τὰ
573 5529 711 5599 νέφη
752 5528 1101 5596 συνίστησιν,
1135 5517 1203 5592 ἦς
1248 5517 1705 5587 ἀποτιναχθείσης
1756 5516 1834 5577 εἰς

257 5625 436 5687 ὑετὸν,
461 5624 551 5674 καὶ
580 5621 743 5674 οἱονεὶ
771 5618 984 5687 πέψεως
1009 5616 1120 5684 (52)
1150 5613 1467 5682 γενομένης,
1499 5610 1560 5661 τὸ
1595 5609 1834 5661 ἄπεπτον

255 5716 478 5780 τούτου,
513 5717 591 5778 εἰς
623 5714 854 5783 νεφέλης
877 5712 1048 5781 χωρεῖ
1069 5708 1344 5777 γέννησιν,
1366 5698 1511 5777 ᾗτινι
1539 5701 1626 5754 διὰ
1643 5701 1834 5753 λεπτός-

331 5879 446 5951 (5‘2)
491 5877 770 5948 πέμψεως,
798 5866 1094 5940 ειιιὶεδὲοῖιε,
1126 5871 1213 5925 etl.

1939 4968 2287 5037 hujusmodi,
2346 4981 2472 5020 cum
2521 4964 2753 5019 articulo
2818 4972 3095 5032 assumpta
3138 4971 3222 5018 est
3269 4980 3284 5015 :
3337 4965 3508 5032 siqui-

1936 5061 2059 5114 dem
2095 5062 2149 5114 in
2181 5060 2293 5129 ipsa
2329 5059 2474 5114 nube
2501 5074 2600 5112 eos
2625 5056 2939 5111 ascendisse
2969 5056 3122 5121 dicit,
3155 5056 3227 5120 ita
3260 5055 3507 5109 tradente

1937 5152 2288 5206 articulorum
2311 5151 2611 5206 initiatione
2637 5163 2759 5218 quae
2789 5149 2867 5202 rei
2901 5147 3134 5214 alicujus
3164 5146 3508 5215 praecognita:

1939 5244 2325 5312 expansionem
2357 5242 2633 5304 admonet,
2667 5240 2829 5295 veluti
2875 5238 3035 5307 paulo
3065 5245 3189 5290 ante
3229 5234 3509 5304 suggessi-

1942 5351 2083 5392 mus.
2116 5337 2179 5390 Et
2197 5336 2263 5388 de
2286 5335 2432 5388 nube
2453 5334 2675 5404 quidem
2705 5335 2968 5388 hactenus
2988 5330 3394 5386 consideratam
3418 5330 3508 5389 sit,

1943 5432 2088 5500 quod
2135 5427 2354 5498 νεφέλη,
2393 5427 2445 5482 id
2478 5437 2564 5483 est
2619 5428 2808 5491 nubes,
2843 5432 3114 5494 quantum
3157 5423 3224 5476 ad
3271 5430 3511 5491 etynittut

1946 5531 2152 5592 spectat
2182 5521 2461 5583 dictionis,
2485 5535 2549 5574 ex
2580 5535 2644 5573 eo
2685 5519 2831 5572 dicta
2863 5519 2936 5571 sit
2969 5517 3115 5586 quod
3151 5513 3512 5569 substantiam

1947 5615 2137 5668 habeat
2167 5614 2275 5666 ἀπὸ
2310 5613 2527 5681 νέφους,
2571 5612 2621 5666 id
2649 5620 2731 5665 est
2782 5626 2812 5665 a
2874 5609 3092 5672 nebula,
3125 5622 3247 5676 qua
3297 5619 3516 5659 omnem

1945 5708 2246 5761 crassitiem
2273 5717 2324 5760 et
2353 5705 2715 5775 aquositatem
2735 5701 3000 5767 excussit,
3025 5700 3247 5754 humida
3283 5709 3518 5763 namque
