4256 6440
809 400 915 465 655

1648 395 1971 457 ΑΗΕΤΠἉΕ
2005 395 2384 457 CESARE/E
2422 397 2905 459 CAPPADOCIIE
2946 398 3287 460 EPISCOPI

3964 400 4078 464 656

808 511 1082 567 exhalatio
1134 512 1360 567 nebulas
1405 510 1730 575 constituit,
1789 525 1895 579 qua
1934 509 2282 564 exhalatione
2333 510 2386 563 in
2417 520 2461 576 Α
2492 528 2629 581 τητα
2670 512 2766 567 καὶ
2820 512 2889 566 δι’

2492 528 2629 581 τητα
2670 512 2766 567 καὶ
2820 512 2889 566 δι’
2940 512 3205 580 ἀφάνειαν
3239 511 3336 565 καὶ
3361 511 3458 584 ἕλη
3480 553 3495 578 ,
3542 512 3661 581 ἤτοι
3696 510 3809 581 φῶς
3841 510 4073 582 ἡλιακὸν

812 606 1053 673 pluviam
1079 606 1348 669 discussa,
1387 612 1440 659 ct
1472 604 1618 658 velut
1640 603 2000 656 concoctione
2037 600 2207 661 facta.
2236 603 2384 671 quod

811 712 880 750 ex
908 712 971 751 ea
995 706 1175 751 manet
1214 696 1567 765 iudigestum,
1603 694 1669 747 ad
1709 693 1873 747 nubis
1899 694 2043 748 cedit
2074 696 2385 763 generatio-

2493 604 2899 673 ὲμφιλοχωρεῖ,
2934 604 3011 667 ὼς
3045 600 3185 657 εἶναι
3225 605 3391 657 οἱονεὶ
3439 603 3600 673 νέφος
3654 604 4073 675 πεφωτισμένον

2493 696 2587 748 καὶ
2612 695 2855 764 διαυγές.

813 808 938 847 nem
987 792 1081 846 :in
1111 806 1218 861 qua
1248 800 1472 861 propter
1500 790 1778 844 raritatem
1832 798 1888 845 et
1943 790 2237 860 quamdam
2272 791 2710 857 .obseuritatem,
2733 794 2980 849 ealiditas
3014 794 3178 849 etiam
3233 793 3348 849 sive
3378 793 3567 849 ’solare
3599 793 3784 848 lumen
3841 792 4079 848 libenter

813 885 1161 945 immoratur,
1182 891 1242 937 ut
1266 883 1338 937 sit
1364 883 1529 938 veluti
1558 882 1751 937 nebula
1788 882 2092 937 illnminata
2125 897 2189 935 ac
2219 882 2509 949 pellucida.

881 977 949 1030 Et
975 977 1147 1030 occisa
1184 988 1306 1031 sunt
1338 979 1393 1030 in
1447 987 1751 1031 terramtotu
1784 976 2020 1031 nomina.
2070 973 2392 1043 Specialiori

808 1085 945 1124 usus
970 1078 1054 1125 est
1075 1070 1537 1139 promulgatione.
1572 1067 1761 1138 Neque
1793 1067 1942 1123 enim
1962 1066 2183 1121 nomina
2210 1066 2393 1121 occisa

809 1173 980 1217 sunt:
1015 1162 1292 1233 quomodo
1338 1163 1484 1216 enim
1525 1160 1644 1215 licri
1682 1167 1868 1231 posset
1919 1170 1978 1214 ut
2034 1161 2088 1212 in
2137 1159 2385 1213 ordinem

810 1257 927 1311 sive
960 1257 1133 1310 aciem
1168 1258 1569 1325 redigerentur,
1615 1270 1737 1326 qua:
1772 1254 1980 1323 absque
2014 1251 2273 1320 subjecta:
2317 1253 2393 1305 rei

810 1348 1167 1417 productione
1204 1357 1258 1401 et
1283 1347 1659 1416 producuntur
1687 1355 1888 1401 etesse
1907 1343 2189 1407 desinunt,
2223 1343 2388 1397 veluti

806 1438 1086 1492 declarant
1110 1438 1213 1492 viri
1240 1440 1292 1493 in
1331 1439 1418 1493 his
1452 1440 1613 1493 rebus
1657 1435 1897 1491 eruditi?
1940 1434 2391 1505 Sed'intelligen-

806 1529 935 1584 dum
965 1530 1271 1586 estdietum
1310 1532 1432 1595 hoc,
1462 1531 1607 1600 quod
1641 1529 1717 1583 illi
1768 1528 1882 1583 sint
1930 1525 2097 1582 occisi
2129 1526 2393 1582 adversus

807 1635 946 1689 quos
974 1624 1191 1677 nomina
1226 1630 1350 1676 sunt
1382 1621 1581 1690 posita.

1269 1755 1434 1828 71,3
1471 1754 1700 1811 csrur
1741 1753 1956 1809 xxxn.

2568 980 2675 1034 Kal
2736 978 3208 1046 ἀπεκτάνθησαν
3259 979 3330 1031 ὲν
3380 977 3459 1044 τῷ
3496 977 3728 1047 σεισμῷ
3787 978 4075 1047 ενόματα,

2505 1067 2842 1137 Ἰδικώτερον
2898 1066 3164 1136 κέχρηται
3213 1070 3279 1138 τῇ
3335 1068 3658 1137 ἐπαγγελίᾳ.
3716 1068 3791 1119 Οὐ
3843 1072 3959 1139 γὰρ
4007 1070 4078 1121 τὶ

2491 1157 2731 1227 ὀνόματα
2761 1158 3078 1228 ἀπεκτάνθη
3102 1176 3117 1188 ο
3170 1159 3287 1221 πῶς
3319 1160 3425 1229 γὰρ
3453 1159 3522 1211 τὰ
3568 1160 3627 1210 ἐν
3666 1158 3819 1222 τάξει
3866 1158 4079 1228 συμϐεο

2495 1250 2741 1317 δηκότων
2793 1250 3061 1320 κείμενα,
3112 1249 3149 1303 ἃ
3199 1250 3367 1319 χωρὶς
3416 1249 3518 1319 τῆς
3560 1249 3657 1301 τοῦ
3706 1250 4080 1318 ὑποκειμένου

2499 1345 2705 1415 φθορᾶς
2743 1343 2952 1411 γίνεται
2987 1345 3081 1397 καὶ
3129 1345 3474 1411 ἀπογίνεται,
3522 1344 3598 1406 ὡς
3638 1345 3687 1396 οἱ
3739 1344 3871 1411 περὶ
3904 1343 4080 1396 ταῦτα

2495 1437 2658 1490 δεινοὶ
2714 1434 3145 1506 ἑμφανίξουσινς
3212 1435 3325 1489 ἀλλ’
3385 1436 3611 1489 ἐκείνων
3672 1436 4082 1505 ἀναιρεθέντων

2493 1528 2602 1580 τῶν
2656 1528 2777 1581 καθ’
2826 1521 2900 1581 ὧν
2952 1527 3021 1581 τὰ
3065 1528 3306 1597 ὀνόματα
3362 1528 3638 1590 τέθειται,
3672 1528 3733 1581 τὸ
3782 1528 4084 1598 λεγόμενον

2494 1619 2730 1687 νοητέον.

3080 1753 3332 1808 ΚΕΦΑΛ.
3375 1752 3492 1809 AB'.

808 1867 885 1924 De
916 1871 1136 1941 septima
1183 1871 1308 1923 tuba
1356 1880 1404 1923 et
1457 1871 1659 1923 sanctis
1702 1870 1871 1922 Deum
1914 1863 2259 1922 laudantibus
2322 1866 2385 1920 ob
2420 1864 2460 1923 ll
2492 1863 2631 1930 Περὶ
2674 1861 2781 1941 τῆς
2815 1864 2898 1941 ἐξϐὲ

2492 1863 2631 1930 Περὶ
2674 1861 2781 1941 τῆς
2815 1863 3081 1941 efﬁci;in
3116 1866 3482 1941 σάλπιγγος,
3519 1867 3614 1941 καὶ
3655 1863 3773 1941 τῶν
3814 1867 4082 1941 ὑμνούν-

1345 1941 1583 2009 1ἰιιιινιιηι
1638 1941 1921 2007 indicium.

878 2074 975 2140 XI,
1008 2074 1191 2129 iii-l8.
1225 2073 1292 2127 Et
1352 2076 1603 2143 septimus
1636 2076 1855 2146 angelus
1899 2080 2024 2131 tuba
2085 2077 2295 2143 cecinit,
2328 2085 2378 2130 et

805 2168 964 2236 [cette
987 2178 1110 2222 sunt
1151 2184 1295 2222 rores
1337 2183 1542 2238 magna:
1572 2169 1624 2221 in
1678 2168 1825 2234 creto,
1859 2171 2088 2224 dicentes
2110 2183 2130 2221 :
2163 2167 2390 2223 Factum

803 2268 1131 2331 est‘regnum
1168 2260 1324 2329 hujus
1359 2261 1541 2313 mundi
1577 2261 1790 2315 Domini
1820 2262 1988 2316 nostri
2015 2260 2142 2316 Jesu
2163 2261 2387 2325 Christi,

802 2362 852 2406 et
875 2350 1109 2422 regnabit
1144 2352 1198 2405 in
1239 2352 1437 2405 sarcula
1474 2354 1814 2408 siccutornm.
1840 2351 1908 2406 Et
1950 2352 2132 2422 viginti
2163 2360 2391 2422 quatuor

805 2444 1035 2498 seniores
1069 2443 1159 2513 qui
1187 2453 1306 2496 sunt
1335 2444 1390 2497 in
1421 2454 1705 2513 conspectu
1733 2444 1908 2498 throni
1944 2444 2062 2508 Dei,
2098 2444 2188 2513 qui
2212 2443 2388 2497 sedent

806 2552 964 2605 super
984 2535 1131 2589 sedes
1160 2552 1308 2598 suos,
1341 2535 1638 2589 ceciderunt
1667 2536 1723 2589 in
1747 2536 1911 2604 facies
1933 2552 2083 2599 suas,
2119 2545 2169 2589 et
2199 2534 2393 2588 adora-

806 2639 987 2683 rerunt
1012 2628 1201 2695 Deum,
1231 2629 1461 2683 dicentes
1487 2644 1505 2681 :
1526 2628 1745 2683 Gratias
1766 2629 1972 2699 agimus
2000 2627 2094 2681 tibi
2114 2666 2129 2692 ,
2162 2625 2389 2679 Domine

804 2719 944 2774 Deus
973 2720 1322 2790 omnipotens,
1344 2722 1434 2790 qui
1465 2736 1517 2774 es
1545 2730 1595 2774 et
1645 2721 1737 2790 qui
1767 2735 1909 2783 eras,
1944 2718 2196 2788 quoniam
2240 2731 2390 2771 acce-

804 2811 929 2877 pisti
951 2810 1240 2879 potentiam
1271 2820 1415 2863 tuam
1459 2827 1730 2881 magnam,
1757 2819 1806 2864 et
1833 2810 2088 2880 regnasti,
2136 2819 2184 2862 et
2219 2817 2392 2877 gentes

805 2902 1097 2970 indignata:
1116 2911 1258 2957 sunt.
1296 2900 1361 2953 Et
1385 2904 1520 2955 venit
1548 2904 1630 2955 ira
1652 2912 1743 2955 tua
1768 2912 1817 2955 et
1840 2912 2040 2969 tempus
2064 2909 2392 2954 mortuorum

805 3004 864 3047 ut
874 2993 1209 3062 judicentur,
1257 3002 1307 3047 et
1363 2993 1561 3055 reddas,
1597 2994 1884 3047 mercedem
1918 2993 2080 3047 servis
2136 2991 2240 3044 tuis
2272 3006 2393 3059 pro-

802 3085 971 3153 pltetis
987 3095 1037 3139 et
1058 3087 1277 3150 sanctis,
1302 3095 1350 3140 et
1377 3088 1444 3140 iis
1477 3087 1567 3156 qui
1600 3086 1787 3140 timent
1810 3102 1996 3140 nomen
2023 3096 2193 3145 tuum,
2222 3080 2392 3151 pusil-

805 3177 872 3236 lis
893 3185 943 3230 et
963 3178 1192 3247 magnis,
1217 3188 1267 3232 et
1290 3186 1479 3247 perdas
1506 3194 1591 3232 eos
1620 3178 1708 3246 qui
1741 3178 1963 3247 perdunt
1994 3186 2213 3231 terram.

2564 1951 2682 1987 των
2710 1934 2791 1999 τῷ
2821 1932 2942 1998 Θεῷ
2982 1935 3165 2003 ἁγίων
3194 1935 3291 1987 ἐπὶ
3326 1932 3411 2002 τῇ
3445 1938 3764 2005 μελλούσῃ
3797 1932 4012 2004 κρίσει.

2564 2065 2673 2119 Καί
2703 2068 2736 2119 ό
2759 2065 3006 2135 ἕϐδομος
3033 2064 3290 2135 ἅγγελος
3322 2065 3642 2133 ἐσάλπισε,
3670 2068 3768 2121 καί
3796 2068 4084 2137 ἐγένοντο

2493 2159 2681 2229 φωναί
2707 2158 2966 2229 μεγάλαι
3013 2159 3084 2213 ἐν
3113 2158 3193 2225 τῷ
3243 2159 3499 2229 οὐρανῷ,
3542 2162 3834 2229 λέγουσαι
3861 2177 3875 2189 ·
3929 2161 4084 2229 Ἐγέ-

2493 2271 2630 2309 νετο
2668 2255 2707 2323 ἡ
2751 2253 3044 2317 βασιλεία
3082 2252 3190 2307 τοῦ
3235 2253 3502 2321 κόσμου,
3550 2253 3647 2306 καί
3699 2252 3807 2307 τοῦ
3856 2254 4085 2322 Κιρίου

2494 2345 2663 2416 ἡμῶν
2721 2345 2925 2414 Ἰησοῦ
2968 2346 3248 2414 Χριστοῦ,
3292 2347 3388 2399 καί
3413 2346 3781 2411 βασιλεύσει
3812 2349 3900 2413 είς
3936 2347 4086 2413 τοὺς

2493 2438 2713 2505 αἰῶνας
2753 2436 2871 2492 τῶν
2901 2437 3150 2492 αίώνων.
3181 2438 3291 2491 Καὶ
3331 2441 3387 2492 οὶ
3421 2438 3911 2506 εἰκοσιτέσσαρες
3937 2456 4087 2507 πρε-

2493 2531 2793 2598 σϐύτεροι,
2843 2532 2897 2584 oi
2944 2529 3203 2584 ἐνώπιον
3243 2529 3349 2584 τοῦ
3396 2532 3615 2597 θρόνου
3650 2530 3755 2584 τοῦ
3803 2531 3991 2594 Θεοῦ,
4029 2533 4090 2584 οἳ

2494 2622 2784 2690 κάθηνται
2827 2621 2926 2676 ἐπὶ
2958 2621 3102 2689 τοὺς
3142 2624 3396 2690 θρόνους
3444 2621 3669 2685 αὐτῶν,
3715 2622 3943 2677 ἔπεσον
3981 2624 4087 2676 ἐπὶ

2494 2715 2566 2769 τὰ
2593 2715 2886 2782 πρόσωπα
2928 2715 3149 2780 αὐτῶν,
3192 2713 3291 2768 καί
3321 2716 3794 2781 προσεκύνησαν
3820 2714 3898 2779 τῷ
3932 2715 4084 2779 Θεῷ,

2494 2805 2809 2878 λέγοντες·
2850 2804 3348 2876 Εὐχαριστοῦμὲν
3401 2821 3500 2859 σοι
3521 2846 3535 2868 ,
3584 2808 3761 2873 Κύριε
3791 2810 3823 2859 ὀ
3855 2807 4005 2871 Θεὸς
4054 2810 4090 2859 ό

2496 2897 2940 2966 παντοκράτωρ,
2985 2900 3017 2952 ό
3047 2896 3132 2951 ὢν
3171 2897 3273 2951 καί
3302 2901 3335 2952 ό
3378 2898 3481 2966 ἦν,
3542 2898 3631 2951 ὅτι
3678 2899 3937 2967 εῑληφας
3966 2898 4091 2963 τὴν

2495 2985 2756 3055 δύναμιν
2796 3001 2914 3040 σου
2960 2983 3077 3054 τὴν
3118 2986 3425 3056 μεγάλην.
3486 2987 3585 3040 καὶ
3635 2987 4084 3053 ἐϐασίλευσας,

2496 3080 2595 3134 καὶ
2626 3081 2698 3134 τὰ
2722 3078 2867 3145 ἔθνη
2911 3076 3318 3147 ὠργίσθησαν.
3349 3081 3459 3134 Καὶ
3497 3077 3684 3147 ἦλθεν
3708 3080 3745 3146 ἡ
3790 3080 3937 3150 ὀργή
3962 3099 4088 3136 σου

2498 3172 2596 3226 καί
2642 3173 2675 3225 d
2726 3172 2932 3239 καιρὸς
2975 3170 3092 3225 τῶν
3123 3171 3355 3240 νεκρῶν
3393 3173 3666 3241 κριθῆναι
3714 3173 3813 3225 ναί
3868 3173 4087 3227 δοῦναι

805 3271 913 3324 τὸν
939 3271 1164 3340 μισθὸν
1192 3272 1317 3339 τοῖς
1345 3272 1589 3339 δούλοις
1623 3288 1741 3327 σου
1767 3273 1891 3340 τοῖς
1918 3271 2255 3341 προφήταις
2285 3270 2385 3324 καὶ
2417 3268 2541 3334 τοῖς
2579 3268 2769 3338 ἁγίοις
2790 3308 2805 3333 ,
2835 3266 2932 3321 καί
2985 3268 3111 3333 τοῖς
3165 3270 3561 3338 φιϐουμένοις
3597 3271 3664 3323 τὸ
3725 3270 3911 3338 ὄνομά
3940 3286 4087 3333 σου,

804 3358 931 3426 τοῖς
967 3359 1198 3429 μικροῖς
1239 3361 1338 3415 καὶ
1371 3361 1493 3428 τοῖς
1532 3363 1817 3432 μεγάλοις
1841 3404 1855 3426 ,
1903 3362 2003 3415 καὶ
2043 3360 2376 3430 διαφθεῖραι
2404 3359 2548 3427 τοὺς
2578 3359 3029 3429 διαφθείροντας
3056 3360 3169 3426 τὴν
3197 3358 3335 3429 γῆν.

881 3453 1196 3509 Buecinatio
1227 3455 1442 3524 septimi
1474 3455 1651 3524 angeli
1676 3454 1917 3511 ostendit
1941 3469 2064 3524 quae
2092 3462 2222 3510 sunt
2268 3463 2379 3533 ter:
2408 3456 2456 3518 c
2558 3453 2638 3506 Τὰ
2666 3452 2765 3521 τῆς
2797 3450 2898 3522 τρί·

2558 3453 2638 3506 Τὰ
2666 3452 2765 3521 τῆς
2797 3450 2989 3522 τρίτης
3031 3452 3154 3505 οὐαὶ
3212 3453 3246 3522 ἠ
3275 3450 3367 3505 τοῦ
3406 3450 3633 3522 ἑϐδόμου
3685 3452 3920 3521 ἀγγέλου
3954 3455 4087 3507 σάλ-

806 3544 871 3602 tii
909 3544 1016 3611 Vae,
1050 3560 1247 3615 nempe
1288 3561 1453 3602 voces
1486 3562 1712 3617 magnas
1745 3548 1800 3601 in
1854 3546 1994 3602 coelo
2044 3551 2387 3610 resonantes,

808 3635 1091 3693 decretum
1121 3652 1186 3693 ac
1235 3638 1565 3693 sententiam
1601 3638 1946 3703 inducentes,
1979 3652 2104 3693 nam
2156 3638 2260 3692 hoc
2287 3637 2390 3692 sibi

806 3729 927 3785 vult
950 3744 1143 3784 earum
1170 3729 1374 3785 dicere.
1404 3728 1541 3795 Quid
1560 3741 1643 3785 est
1672 3730 1839 3801 igitur
1869 3721 2015 3800 quod
2064 3738 2255 3786 notum
2301 3732 2393 3786 lit?

810 3817 1037 3873 Factum
1068 3828 1145 3874 est
1191 3836 1430 3891 regnum.
1478 3819 1704 3892 Semper
1738 3822 1959 3892 quidem
2006 3821 2150 3878 Deus
2180 3833 2387 3894 regnat,

810 3927 986 3982 neque
1026 3912 1249 3983 incepit,
1305 3927 1483 3983 neque
1527 3912 1758 3979 desinet,
1790 3915 1906 3970 sive
1957 3916 2141 3971 omnia
2188 3917 2391 3972 intelli-

808 4011 1030 4073 gantur,
1054 4003 1465 4063 sivejntellectu
1490 4020 1599 4060 non
1630 4007 1971 4076 attingantur
2005 4026 2018 4061 :
2046 4024 2223 4079 neque
2242 4011 2390 4064 enim

807 4105 1006 4151 iuncta
1035 4096 1420 4166 complectitur
1444 4097 1685 4152 humana
1720 4098 2096 4171 intelligentia,
2132 4101 2242 4156 imo
2270 4103 2391 4157 sine

809 4186 968 4242 initio
982 4195 1036 4241 et
1056 4186 1174 4241 sine
1204 4187 1310 4241 line
1341 4186 1722 4244 universorum
1748 4188 2014 4247 Dominus
2035 4193 2390 4248 estdomina-

812 4288 914 4334 tor.
948 4279 1219 4345 Quoniam
1252 4288 1434 4335 autem
1470 4282 1784 4338 mundanus
1827 4285 2169 4355 principatus
2196 4300 2261 4339 ac
2300 4301 2391 4341 rc-

808 4384 977 4437 gnum
994 4368 1321 4439 quandortue
1342 4368 1443 4438 ipsi
1471 4370 1778 4427 ostenditur
1801 4386 1908 4427 non
1928 4375 2255 4444 subjectum,
2273 4375 2390 4430 suis

812 4462 1184 4516 intumescens
1201 4460 1535 4516 vanitatibus
1560 4480 1573 4516 :
1598 4461 1726 4516 hinc
1760 4472 1942 4517 autem
1970 4465 2179 4521 accedit
2199 4480 2391 4521 corru-

810 4551 986 4622 ptibili
1009 4550 1136 4607 huic
1160 4553 1366 4607 mundo
1389 4552 1550 4606 veluti
1575 4567 1670 4624 per
1686 4555 1961 4609 somnium
1976 4555 2147 4625 gloria
2175 4557 2242 4611 ad
2267 4572 2389 4626 per-

811 4644 1100 4711 ditionem,
1125 4644 1257 4699 dum
1288 4644 1615 4714 quatiuntur
1650 4660 1714 4701 ac
1746 4657 2178 4716 compescuntur
2213 4649 2265 4703 hi
2293 4651 2386 4719 qui

812 4752 980 4808 super
1026 4746 1229 4792 terram
1272 4746 1506 4807 regnant
1552 4752 1618 4792 ac
1664 4738 2008 4808 tyrannidem
2051 4750 2243 4810 agunt,
2277 4757 2386 4797 non

811 4839 994 4885 tamen
1017 4844 1167 4893 vere,
1186 4830 1278 4885 sed
1304 4829 1469 4885 veluti
1494 4844 1590 4899 per
1606 4831 1891 4901 speculum
1909 4846 1977 4888 ae
2000 4834 2387 4889 simulacrum:

810 4923 964 4987 solus
1008 4924 1056 4977 is
1089 4924 1185 4993 qui
1223 4939 1349 4979 vere
1385 4922 1529 4980 Deus
1576 4938 1641 4979 ac
1686 4940 1781 4979 rex
1812 4934 1895 4981 est
1933 4935 2197 4995 perpetuo
2236 4927 2385 4996 prin-

810 5014 995 5084 cipatu
1045 5028 1109 5068 ac
1144 5017 1415 5084 potentia,
1454 5014 1619 5086 749
1650 5016 1833 5072 dictus
1897 5024 1981 5073 est
2020 5018 2385 5089 principatum

813 5114 1001 5158 tenere
1052 5118 1118 5159 ac
1156 5118 1385 5174 regnare
1434 5105 1486 5159 in
1522 5106 1743 5162 szecula.

881 5195 1194 5249 Ceciderunt
1239 5197 1293 5248 in
1324 5196 1487 5265 facies
1532 5214 1676 5252 suas.
1714 5198 1983 5265 Quoniam
2032 5216 2193 5255 casus
2218 5201 2381 5256 etiam

811 5282 1082 5352 signiticat
1117 5284 1391 5355 vulgarem
1423 5287 1666 5356 corporis
1696 5288 2149 5357 dispositionem,
2183 5306 2249 5343 ne
2283 5292 2386 5345 hoc

809 5374 1192 5445 suspicareris,
1227 5377 1510 5446 subjunxit
1547 5395 1561 5432 :
1606 5380 1659 5432 in
1694 5380 1856 5447 [acies
1887 5397 2010 5433 suas
2037 5397 2055 5435 :
2083 5382 2175 5449 qui
2213 5383 2384 5435 horror

808 5466 966 5519 debet
1000 5466 1144 5521 heris
1178 5467 1344 5521 tribui
1384 5469 1452 5523 ab
1484 5469 1569 5524 his
1603 5471 1695 5539 qui
1735 5471 1946 5524 minimi
2002 5484 2129 5526 sunt
2152 5490 2213 5527 ac
2246 5473 2383 5527 infe-

808 5557 981 5614 riores
1009 5558 1064 5612 in
1097 5559 1323 5615 honore.

2496 3562 2650 3607 πισις
2681 3546 2926 3615 παριστᾷ
2950 3583 2966 3608 ,
2998 3545 3182 3613 φωνὰς
3233 3545 3478 3615 μεγάλας
3507 3548 3566 3598 ὲν
3599 3544 3816 3615 οὐρανῷ
3859 3547 4085 3617 ὲξηχου-

2498 3640 2667 3709 μένας
2686 3677 2700 3701 ,
2730 3637 2967 3706 δήλωσιν
2997 3635 3352 3707 ὲμποιούσας.
3397 3634 3570 3689 Τοῦτο
3596 3637 3704 3708 γὰρ
3735 3635 3989 3705 βούλεται
4022 3639 4087 3691 τὸ

2495 3732 2698 3800 λέγειν.
2738 3732 2803 3785 Τί
2831 3728 2925 3785 οἷν
2964 3732 3024 3785 τὸ
3056 3728 3384 3801 δηλούμενον
3406 3727 4082 3798 ςἰἓγένετοήβασιλεία.

2508 3826 2620 3880 Ἀεὶ
2671 3826 2771 3897 μὲν
2815 3827 2844 3879 ὀ
2894 3826 3027 3890 Θεὸς
3060 3825 3369 3896 βασιλεύει,
3414 3824 3541 3878 οὔτε
3573 3822 3919 3893 ἀρξάμενος,
3949 3822 4083 3876 οὔτε

2496 3919 2871 3990 παυσάμενος,
2910 3918 3218 3989 νοουμένων
3263 3934 3324 3971 τε
3360 3918 3580 3970 πάντων
3618 3914 3713 3967 καὶ
3738 3914 4086 3983 ἀνεννοήτων

2496 4010 2599 4076 (ὅτι
2638 4010 2772 4080 μηδὲ
2806 4010 3023 4063 πάντων
3054 4014 3087 4079 ἡ
3134 4008 3453 4077 ἀνθρωπίνη
3501 4006 3921 4077 περιδρᾶττεται
3950 4007 4081 4077 νόη-

2500 4104 2642 4170 σις),
2675 4101 2810 4155 ἀλλὰ
2841 4102 2936 4155 καὶ
2965 4102 3219 4171 ἀνάρχως
3248 4103 3343 4154 καὶ
3369 4101 3746 4169 ἀτελευτήτως
3778 4101 3895 4153 ἐστὶ
3935 4102 4084 4154 πάνυ

2493 4209 2602 4245 των
2628 4192 2829 4260 Κύριος
2859 4194 2887 4246 ὁ
2916 4192 3215 4261 Δεσπότης.
3254 4190 3472 4261 Ἐπειδὴ
3503 4190 3560 4245 δὲ
3590 4191 3623 4260 ἡ
3658 4190 3902 4260 κοσμικὴ
3932 4192 4083 4263 ἀρχὴ

2496 4284 2591 4338 καὶ
2625 4283 2874 4354 βασιλεία
2922 4283 3038 4336 ἔσθ’
3080 4285 3170 4338 ὅτε
3223 4282 3287 4336 τὺ
3338 4283 3717 4337 ἀνυπότακτον
3759 4282 4085 4348 ἐπεδείξατο

2495 4375 2647 4447 αὐτῷ
2693 4376 2921 4439 οἰκείαις
2968 4376 3298 4446 ματαιότησι
3340 4375 3752 4447 κορυφουμένη,
3793 4369 3898 4446 ἧκε
3936 4375 3997 4427 δὲ
4023 4378 4086 4431 τδ

2492 4466 2601 4521 ἀπὸ
2649 4466 2842 4520 τούτου
2899 4466 3297 4536 ὀνειρώττουσα
3345 4465 3472 4529 δόξα
3530 4464 3609 4535 τῷ
3664 4464 3847 4536 θνητῷ
3901 4466 4085 4536 τούτῳ

2493 4560 2683 4630 κόσμῳ
2715 4558 2850 4628 πρὸς
2881 4557 3110 4628 φθορὰν,
3138 4558 3408 4611 λυθέντων
3441 4558 3536 4612 καὶ
3567 4560 3936 4629 παυσαμένων
3971 4562 4087 4613 τῶν

2492 4652 2584 4704 ἐπὶ
2616 4651 2720 4720 γῆς
2765 4651 3157 4722 βασιλευόντων
3199 4650 3296 4704 καὶ
3328 4651 3739 4719 τυραννούντων
3785 4651 3887 4705 οὐκ
3933 4651 4079 4723 ἁλη-

2496 4742 2605 4805 θῶς
2635 4742 2772 4812 (55),
2820 4741 2937 4795 ἀλλ’
2978 4744 3037 4795 ὲν
3064 4741 3316 4812 ἐσόπτρῳ
3344 4757 3404 4794 τε
3440 4742 3533 4795 καὶ
3567 4742 3871 4811 ίνδάλματι,
3919 4745 4087 4809 μόνος

2496 4832 2525 4884 ὁ
2549 4830 2628 4899 τῷ
2654 4832 2769 4884 ὄντι
2810 4831 2941 4893 θεὸς
2973 4832 3069 4883 καὶ
3098 4830 3350 4901 βασιλεὺς
3382 4833 3607 4895 κρατεῖν
3640 4832 3734 4884 καὶ
3770 4830 4086 4900 βασιλεύειν

2494 4924 2576 4987 είς
2622 4924 2747 4987 τοὺς
2798 4922 3003 4986 αἰῶνας
3056 4922 3325 4992 ἀδιαδόχῳ
3358 4921 3551 4993 κράτει
3587 4923 3680 4976 καὶ
3728 4922 3954 4995 ἐξουσίᾳ
4006 4926 4085 4977 εἰ·

2498 5033 2677 5085 purae

2572 5201 2841 5253 Ἔπεσεν
2872 5200 2969 5253 ἐπὶ
3019 5201 3090 5253 τὰ
3136 5200 3428 5267 πρόσωπα
3482 5194 3702 5252 αὐτῶν.
3771 5194 4001 5264 Ἐπειδὴ
4046 5196 4082 5264 ἡ

2492 5291 2698 5354 πτῶσις
2750 5293 2844 5344 καὶ
2900 5292 3000 5360 τὴν
3055 5291 3238 5354 ἁπλῶς
3279 5289 3500 5352 κάθεξιν
3558 5286 3837 5357 σημαίνει,
3877 5285 3967 5338 ἶνα
4008 5291 4085 5355 μὴ

2489 5383 2649 5435 τοῦτο
2710 5383 3086 5454 ὑποληφθείη,
3151 5384 3468 5451 ἐπήγαγεν,
3521 5380 3621 5433 ἐπὶ
3667 5378 3739 5431 τὰ
3782 5377 4085 5445 πρόσωπα

2490 5474 2739 5543 ἑαυτῶν,
2787 5478 2923 5543 ὅπερ
2954 5479 3021 5545 τῇ
3057 5477 3362 5545 Δεσποτιχῇ
3398 5472 3741 5541 ἐποφείλεται
3776 5470 3934 5539 παρὰ
3969 5468 4083 5522 τῶν

2495 5568 2899 5640 ὑποδεεστέρων
2928 5573 3081 5641 τιμῇ.

879 5741 993 5823 (3E5)
1184 5741 1407 5813 φθορὰν,
1437 5743 1578 5799 κατὰ
1607 5744 1712 5801 τῶν
1728 5746 2098 5803 σαλευθέντων
2130 5758 2221 5803 καὶ
2259 5752 2629 5822 παυσαμένων
2673 5753 2779 5807 τῶν
2822 5756 2912 5808 ἐπὶ
2972 5754 3076 5823 γῆς
3114 5753 3510 5823 βασιλευόντων
3538 5749 3631 5804 καὶ
3664 5747 4086 5821 τυραννοῦ-πων

808 5813 908 5866 οὐκ
928 5811 1164 5884 ἀληθῶς.
