4256 6440
308 396 414 458 657

1381 402 1766 463 COMMENT.
1809 401 1890 461 1N
1930 399 2453 463 APOCALYPSIN.

3448 398 3555 464 658

392 507 493 563 Kal
527 505 716 579 ἦλθεν
751 514 787 579 ἠ
824 512 971 582 ὀργή
1001 528 1141 569 σου.
1173 514 1370 578 Πολλὰ,
1412 515 1569 583 φησὶ,
1616 512 1889 583 μακροθυ·
1916 517 1963 573 Δ
2063 526 2073 564 Α

1873 542 1889 552 -
1916 517 1963 573 Α
2063 509 2380 565 Etuem'tira
2414 522 2526 567 tua.
2559 512 2697 569 Cum
2733 512 3001 567 hactenus
3033 526 3158 567 cum
3190 512 3275 566 his
3301 512 3394 581 qui
3425 514 3554 567 olim

319 603 496 668 μήσας
544 602 624 653 ἐτι
656 605 766 665 τοῖς
815 605 1009 669 nam},
1060 606 1184 657 ἐπεὶ
1238 606 1406 677 μηδὲν
1457 605 1744 681 ἀπώνανξο
1790 606 1887 673 τῆς

316 690 686 760 χρηστότητός
735 711 851 761 σου,
906 694 1002 749 νῦν
1037 697 1181 750 κατά
1223 698 1415 768 καιρὸν
1459 692 1644 767 ἦλθες.
1680 686 1889 767 Καιρὸν

314 781 369 834 δὲ
402 782 507 834 τῶν
533 785 742 854 νεκρῶν
780 787 872 841 τὸν
914 788 1012 857 τῆς
1054 789 1400 858 παγκοσμίου
1434 789 1598 859 φησὶν
1650 789 1888 843 ἀναστά-

318 887 479 935 σεως,
514 874 571 925 ἔν
600 868 646 940 ᾧ
691 876 906 948 ἑκάστῳ
952 881 1309 950 καταλλήλως
1339 879 1628 951 δοθήσεται
1655 879 1726 931 τὰ
1765 879 1889 933 ἀπί-

318 979 498 1032 χειρα.
553 965 652 1018 Διά
698 966 756 1019 δὲ
786 968 897 1021 τῶν
927 971 1247 1040 προφητῶν.
1294 971 1387 1024 καὶ
1423 970 1534 1023 τῶν
1560 969 1763 1037 ἁγίων,
1795 970 1892 1022 καὶ

319 1054 429 1105 τῶν
459 1056 832 1127 ’φοδουμένων
863 1061 955 1114 τὸν
983 1062 1137 1127 Θεὸν,
1176 1064 1245 1117 τὰ
1269 1063 1397 1133 τρία
1425 1064 1682 1133 τάγματα
1707 1063 1817 1114 τῶν
1846 1061 1888 1133 ρ’

321 1146 416 1195 καὶ
463 1144 526 1208 ξ’,
579 1147 675 1200 καὶ
720 1151 1003 1220 τεσσάρων
1044 1152 1537 1223 καρποφορούντων
1584 1151 1742 1221 φησὶ.
1789 1152 1891 1221 τῆς

322 1236 548 1308 πρώτης
601 1239 807 1309 λήξεως
862 1243 972 1296 τῶν
1025 1246 1339 1299 ἀποστόλων
1382 1245 1740 1314 ἀξιουμένων,
1798 1242 1894 1296 καὶ

322 1327 420 1394 τῆς
481 1331 574 1382 ἐπὶ
615 1330 822 1385 δώδεκα
870 1334 1077 1403 θρόνων
1131 1335 1410 1406 ἱδρύσεως.
1478 1334 1753 1397 Ὡσαύτως
1798 1333 1895 1386 καὶ

322 1420 452 1482 τοὺς
506 1425 791 1491 προφήτας
839 1426 1075 1494 μάλιστα
1126 1428 1253 1491 τοὺς
1309 1430 1721 1492 ὑπολυσσώσαος
1772 1431 1894 1481 κατ’

324 1514 505 1567 αὑτῶν
547 1517 814 1585 βασιλέων
851 1524 1142 1592 τιμωρίαις
1183 1524 1604 1593 ὑποὸληθέντας.
1648 1524 1896 1593 Μικροὺς

324 1603 383 1655 δὲ
416 1607 511 1658 καὶ
558 1609 845 1675 μεγάλους.
876 1614 1145 1683 Μικροὺς,
1185 1615 1313 1678 τοὺς
1352 1612 1516 1687 ἦττον
1544 1615 1754 1682 ἁγίους,
1798 1632 1895 1684 με-

326 1695 549 1761 γάλους,
587 1701 714 1764 τοὺς
770 1703 969 1770 μᾶλλον
1022 1704 1388 1776 ὑπερέχοντας
1415 1707 1685 1775 ἁγιότητι.
1742 1708 1899 1761 Ἐπεὶ

324 1783 383 1836 δὲ
409 1785 583 1850 διττὸς
623 1790 652 1840 ὁ
701 1791 884 1858 φόὸος,
936 1793 964 1845 ὁ
994 1794 1095 1863 μὶν
1122 1795 1617 1865 προκαταρκτοιδς,
1664 1798 1693 1847 ὁ
1717 1795 1774 1848 δὲ
1814 1813 1899 1848 τεο

328 1875 631 1941 λειωτικδς,
669 1883 883 1936 καὶτοῦ
916 1887 1017 1953 μὲν
1062 1888 1543 1958 προκαταρκτικοῦ
1600 1891 1711 1950 τοῖς
1744 1887 1899 1940 οὔπω

328 1968 430 2036 τὴν
459 1970 708 2025 ἀθὼωσιν
741 1976 988 2045 εἰληφόσι
1016 1979 1287 2043 συνόντος,
1343 1980 1438 2033 τοῦ
1467 1980 1813 2034 τελειωτικοῦ
1842 1980 1899 2033 δὲ

330 2062 441 2121 τοῖς
482 2063 584 2131 ήδη
630 2064 734 2118 ὑπὸ
782 2067 917 2120 Θεοῦ
976 2070 1417 2140 ἀνειλημμένοες⁹
1452 2068 1532 2135 οἷς
1559 2073 1655 2126 καλ⁵
1681 2073 1773 2126 διὰ
1802 2074 1900 2140 φό-

330 2150 429 2203 ϐου
462 2154 551 2206 ἀεὶ
580 2156 642 2208 τὸ
671 2159 745 2227 μή
780 2177 832 2211 τι
862 2162 1045 2223 αὑτοῖς
1080 2163 1244 2227 ἐνδεῖ,
1274 2164 1333 2217 ὃν
1365 2164 1509 2227 εἰκὸς
1536 2164 1753 2216 ὑπεῖναι
1792 2168 1903 2228 τοῖς

334 2244 541 2314 σφόδρα
564 2249 868 2314 ἀγαπῶσιν·
900 2254 1000 2306 οὑκ
1031 2255 1365 2325 ἀποϐλητέον
1388 2253 1544 2324 οἶμαι
1568 2256 1632 2308 τὸ
1660 2256 1769 2309 ἀπὸ
1796 2258 1907 2309 τῶν

334 2335 505 2402 ἀγὶων
540 2339 911 2411 ὑποσταλῆναι
949 2347 1075 2408 τοὺς
1113 2348 1505 2417 φοὸούμένους,
1538 2348 1615 2409 ὼς
1644 2348 1755 2400 τῶν
1807 2350 1906 2418 μὲν

339 2428 552 2497 μικρῶν
581 2432 658 2500 τῷ
704 2433 818 2488 ὄντι
848 2437 1000 2508 φόϐῳ
1038 2439 1395 2508 ἐνεχομένων,
1424 2438 1535 2493 τῶν
1562 2440 1621 2493 δι
1653 2440 1905 2510 μεγάλων

335 2519 386 2570 οἳ
410 2518 594 2590 ιχουσι
618 2524 680 2576 τὸ
704 2525 958 2597 θαρρεῖν,
990 2529 1181 2600 ὥσπερ
1214 2530 1450 2600 εἴρηται,
1486 2532 1581 2583 καὶ
1607 2530 1686 2599 τῷ
1711 2532 1905 2603 θάρρει

336 2612 429 2665 τὸν
459 2615 623 2682 φόϐον
669 2625 1066 2690 παρομαρτεῖν.
1118 2623 1434 2694 Ἐκατέροις
1462 2624 1640 2677 τοίνυν
1667 2628 1697 2677 ὁ
1741 2624 1907 2693 φόϐος

334 2704 423 2758 διὰ
454 2708 552 2777 τὴν
582 2710 849 2765 ἀντίδοσιν
891 2714 994 2783 τὴν
1050 2715 1184 2785 πρὸς
1216 2716 1371 2779 ἀξίαν
1413 2715 1523 2770 τῶν
1556 2716 1908 2786 βεϐιωμένων

339 2798 434 2847 καὶ
466 2798 563 2867 τὴν
588 2800 955 2871 ἀντιμισθίαν,
992 2810 1103 2868 τοῖς
1146 2807 1247 2873 μὲν
1280 2808 1557 2877 μεγάλοις.
1588 2809 1720 2861 αὑτὸ
1749 2808 1910 2863 τοῦτο

342 2886 420 2960 μὴ
450 2891 772 2948 πεποιθέναι
796 2896 1005 2963 ἑαυτοῖς
1038 2902 1333 2971 προσεῖναι
1350 2899 1730 2963 τὸνάνελὶιπὲς
1751 2942 1768 2966 ,
1794 2902 1907 2967 τοῖς

343 2986 559 3051 μικροῖς
586 2983 640 3036 δὲ
667 2987 1057 3053 ἀνενδοιάστως
1087 2992 1462 3061 ἐλπιζομένοις
1497 2992 1787 3057 σώζεσθαι,
1814 2997 1912 3049 καὶ

338 3074 430 3124 ὅτε
456 3076 579 3137 τοὺς
602 3076 692 3129 τοῦ
719 3078 853 3131 Θεοῦ
880 3081 1100 3147 δούλους
1119 3084 1420 3138 ὑπέϐαλλον
1442 3086 1674 3154 ἀπηνέσι
1696 3089 1906 3150 κακοῖς,

1991 602 2218 657 [uerunt
2250 603 2545 672 plurimum
2573 612 2883 659 remoratus
2907 603 3077 659 fueris
3103 622 3118 658 :
3156 605 3210 657 in
3232 604 3383 658 nullo
3409 606 3554 658 enim

1990 705 2083 751 tua
2124 696 2275 751 fruiti
2302 704 2434 752 sunt
2471 697 2710 753 bonitate
2738 714 2753 750 :
2781 712 2927 751 nunc
2974 706 3284 767 Opportune
3340 697 3556 750 venisti.

1991 786 2231 857 Tempus
2264 796 2445 842 autem
2480 795 2816 842 mortuorum
2835 787 2969 842 dicit
2998 794 3213 856 tempus
3238 786 3561 840 universalis

1991 878 2445 943 resurrectionis,
2488 878 2542 932 in
2589 893 2699 948 quo
2728 879 3023 949 unicuique
3050 878 3431 933 convenientia
3467 878 3563 930 da-

1992 968 2197 1023 buntur
2223 970 2464 1039 pra-tilia.
2491 968 2594 1022 Per
2620 968 2911 1038 prophetas
2936 979 3116 1024 autem
3160 978 3216 1023 et
3245 977 3467 1022 sanctos
3500 984 3565 1021 ac

1992 1059 2251 1114 timentes
2283 1060 2475 1124 Deum,
2508 1059 2760 1129 intelligit
2789 1067 2901 1114 tres
2940 1061 3160 1115 ordines
3191 1060 3410 1114 illorum
3434 1073 3566 1113 cen-

1995 1160 2110 1205 tum
2137 1151 2412 1221 octoginta
2454 1159 2694 1219 quatuor
2742 1151 2974 1204 millium
3026 1152 3118 1220 qui
3162 1151 3275 1206 Deo
3323 1150 3564 1205 fructum

1992 1244 2229 1300 aderunt
2261 1264 2274 1298 :
2302 1260 2494 1315 nempe
2548 1243 2921 1314 apostolorum
2965 1243 3059 1311 qui
3112 1243 3260 1312 digni
3297 1244 3566 1298 habentur

1993 1339 2168 1407 prima
2215 1348 2364 1393 sorte
2384 1380 2399 1402 ,
2450 1346 2503 1391 ct
2534 1348 2590 1392 ut
2620 1337 3032 1392 constituantur
3065 1349 3231 1403 super
3275 1334 3565 1389 duodecim

1996 1432 2176 1485 sedes.
2204 1430 2466 1484 Similiter
2510 1439 2564 1485 et
2614 1429 2907 1499 prophetas
2943 1426 3287 1497 potissimum
3311 1427 3440 1480 dicit
3471 1442 3568 1481 eos

1996 1525 2090 1595 qui
2111 1525 2371 1579 immania
2403 1525 2783 1592 sustinuerunt
2802 1539 2988 1593 regum
3019 1523 3283 1577 adversus
3320 1537 3381 1577 se
3411 1536 3571 1575 exas-

1998 1624 2314 1686 peratorum
2352 1614 2639 1684 supplicia.
2688 1613 2928 1669 Pusillos
2970 1627 3101 1667 vero
3151 1612 3285 1667 dicit
3327 1610 3571 1665 minores

1999 1701 2507 1777 sanctos,'magnos
2540 1713 2724 1760 autem
2775 1704 2869 1774 qui
2914 1704 3109 1773 majori
3156 1702 3571 1772 prmeclluerunt

2003 1800 2312 1856 sanctitate.
2378 1797 2574 1853 Verum
2625 1799 2753 1865 quia
2809 1795 3008 1865 duplex
3065 1800 3149 1848 est
3187 1793 3373 1859 timor,
3429 1806 3573 1845 unus

2002 1890 2225 1960 quidem
2261 1887 2489 1943 initialis
2520 1895 2574 1941 et
2620 1887 2757 1940 alter
2788 1884 3257 1940 consummativus
3291 1900 3303 1935 :
3348 1882 3574 1936 initialis

2004 1994 2091 2039 est
2117 1998 2311 2038 eorum
2340 1981 2433 2051 qui
2468 1981 2710 2036 nondum
2749 1988 3076 2047 acceperunt
3127 1987 3186 2032 ut
3222 1976 3447 2045 impune
3477 1990 3571 2028 au-

2004 2074 2197 2131 derent
2228 2074 2490 2129 accedere
2521 2090 2535 2127 :
2582 2071 2855 2141 perfectus
2887 2085 3018 2125 vero
3059 2083 3251 2124 eorum
3279 2068 3373 2138 qui
3400 2067 3513 2137 jam
3542 2082 3572 2121 a

2008 2167 2121 2221 Deo
2148 2166 2418 2234 assumpti
2447 2172 2603 2228 sunt,
2642 2164 2739 2235 qui
2777 2163 2946 2218 etiam
2978 2176 3191 2231 semper
3216 2171 3476 2214 verentur
3508 2174 3577 2212 nc

2008 2259 2140 2328 quid
2163 2257 2267 2314 sibi
2298 2256 2440 2313 desit
2453 2272 2646 2311 eorum
2668 2271 2791 2326 qua:
2811 2255 2966 2311 decet
2986 2268 3107 2309 esse
3147 2254 3200 2307 in
3250 2252 3337 2308 his
3364 2251 3459 2322 qui
3487 2265 3578 2305 vc-

2009 2352 2292 2406 bcmenter
2314 2359 2521 2405 amant.
2547 2348 2664 2403 Non
2686 2349 2882 2418 opinor
2902 2344 3260 2416 rejiciendum
3282 2359 3405 2400 esse
3429 2344 3579 2413 quod

2008 2455 2037 2493 a
2071 2439 2277 2494 sanctis
2321 2440 2555 2508 separati
2622 2437 2737 2492 sint
2784 2437 2822 2491 ii
2875 2436 2969 2505 qui
3011 2435 3251 2489 timent:
3281 2435 3439 2505 quasi
3481 2449 3580 2503 pu-

2006 2529 2117 2584 silli
2140 2528 2251 2585 sint
2272 2529 2368 2598 qui
2398 2543 2528 2582 vero
2557 2528 2755 2581 timore
2786 2532 3045 2579 tenentur
3066 2565 3080 2588 ,
3124 2525 3305 2593 magni
3328 2538 3460 2577 vero
3482 2523 3577 2593 qui

2010 2627 2243 2689 possunt
2275 2617 2551 2673 conﬁdere
2590 2616 2733 2670 sicut
2756 2616 2965 2670 dictum
2998 2623 3115 2680 est,
3149 2628 3215 2669 ac
3248 2614 3578 2669 confidentia

2010 2710 2265 2765 timorem
2300 2707 2578 2763 comitari.
2608 2706 2867 2775 Utrisque
2913 2707 3077 2795 igitur
3105 2707 3363 2761 convenit
3415 2707 3583 2764 timor

2008 2802 2080 2856 ob
2109 2800 2521 2855 retributionem
2548 2815 2672 2869 quae
2704 2799 2764 2852 iit
2807 2798 2961 2868 juxta
2996 2798 3218 2872 dignam
3243 2817 3434 2857 eorum
3461 2817 3585 2873 qua:

2012 2891 2067 2947 in
2093 2891 2204 2947 vita
2263 2900 2483 2963 peracta
2554 2899 2687 2945 sunt
2746 2895 3240 2949 remunerationem
3295 2910 3310 2946 :
3370 2890 3585 2960 magilis

2011 2985 2259 3056 quidem,
2286 2982 2432 3056 quod
2460 2997 2567 3040 non
2610 2982 2745 3041 satis
2775 2985 2942 3040 lidant
2968 2985 3072 3039 hoc
3099 2986 3278 3053 ipsum
3313 2982 3419 3038 sibi
3452 2996 3586 3037 con-

2014 3079 2225 3149 tingere
2270 3080 2476 3149 absque
2508 3078 2723 3134 deiectu
2754 3097 2767 3133 :
2796 3078 3010 3149 pusillis
3036 3093 3200 3141 vero,
3238 3077 3385 3146 quod
3432 3085 3587 3132 certo

340 3165 435 3265 καὶ
467 3159 557 3265 οἷς.
584 3167 763 3265 ἀλλοις
804 3172 1030 3237 ἀτόποις
1085 3175 1265 3229 αὐτῶν
1300 3176 1481 3246 ἔργοις
1531 3177 1762 3247 ἐμίαναν
1808 3178 1908 3239 τὴν
1936 3208 1980 3265 C
2014 3187 2021 3223 ε

1906 3198 1908 3213 ι
1936 3208 1980 3265 C
2014 3160 2625 3240 spcrentsesalvandos
2645 3169 2808 3223 etiam
2839 3168 2972 3222 dum
2997 3182 3189 3246 servos
3219 3167 3311 3222 Dei
3329 3168 3587 3236 gravibus

339 3256 445 3324 γῆν
473 3257 567 3309 καὶ
591 3257 923 3331 διέφθειραν.

926 3465 1172 3519 ΚΕΦᾹΛ.
1214 3465 1331 3522 ΛΓ.

343 3592 482 3644 Περὶ
529 3592 644 3643 τῶν
682 3594 952 3673 ὃιωγςμῶῄν
990 3596 1101 3673 τῆς
1146 3600 1507 3673 Ἕκκῖιησίας
1534 3603 1671 3673 ίτῶν
1707 3604 1913 3673 προτέ-

536 3680 684 3729 ρων,
728 3666 824 3717 καὶ
857 3666 973 3718 τῶν
1006 3668 1105 3720 ἐπὶ
1140 3669 1243 3721 τοῦ
1289 3670 1712 3739 Ἀντιχρίστου.

416 3798 523 3850 Καὶ
570 3798 818 3867 ἠνοίχθη
863 3804 896 3852 ὀ
922 3802 1066 3867 ναὸς
1099 3802 1167 3855 ἐν
1206 3802 1287 3867 τῷ
1312 3805 1564 3872 οὐρανῷ,
1616 3809 1710 3860 καί
1746 3810 1910 3877 ὤφθη

345 3891 382 3955 ἡ
419 3892 656 3956 κιϐωτὸς
702 3892 810 3959 τῆς
841 3893 1131 3960 διαθήκης
1174 3896 1279 3948 τοῦ
1308 3898 1527 3963 Kvplov
1562 3901 1633 3951 ἐν
1673 3900 1751 3963 τῷ
1788 3901 1913 3966 ναῷ

342 3981 551 4037 αὑτοῦ.
601 3983 707 4037 Kal
757 3983 1033 4053 ἐγένοντο
1085 3987 1386 4055 ἀστραπαὶ
1440 3991 1535 4045 καί
1579 3992 1767 4058 φωναί
1813 3994 1913 4047 καὶ

339 4076 613 4142 βρονταί,
644 4076 739 4128 καὶ
766 4076 991 4143 χάλαζα
1012 4078 1267 4144 μεγάλη.

420 4168 576 4221 Μετὰ
610 4170 706 4235 τὴν
758 4169 1179 4241 εὑχαριστήριον
1208 4171 1367 4235 δόξαν
1396 4173 1505 4226 τῶν
1544 4174 1790 4241 ἀγγέλων
1822 4176 1915 4228 καὶ

348 4260 456 4312 τῶν
489 4262 783 4328 ἰσαγγὲλως
810 4262 1110 4332 ζησάντων,
1141 4264 1384 4333 ὴνοῖχθαι
1411 4265 1504 4317 τὸν
1528 4268 1756 4335 οὐρανόν
1782 4286 1915 4338 φησι

349 4351 444 4402 καὶ
469 4349 700 4419 ὀφθῆναι
730 4352 827 4422 τὴν
859 4355 1089 4407 κιόωτὸν
1117 4356 1217 4424 τῆς
1246 4356 1534 4428 διαθήκης,
1563 4359 1792 4430 οὐρανὸν
1817 4362 1916 4433 τὴν

350 4440 781 4509 ὑπεράνθρωπον
822 4443 998 4511 λέγων
1031 4445 1255 4509 γνῶσιν,
1286 4449 1342 4499 ἐν
1374 4441 1419 4514 ᾧ
1469 4450 1562 4502 καὶ
1589 4450 1916 4523 τεθησαύρι-

2014 3262 2327 3317 aliiixerunt
2395 3263 2592 3328 malis,
2674 3263 2891 3331 aliaque
2946 3260 3185 3315 absurda
3234 3268 3588 3328 patraveruut

2014 3371 2207 3427 opera,
2223 3356 2873 3427 quibusconspurcarunt
2897 3369 2963 3408 ac
2973 3363 3339 3425 corruperunt
3355 3363 3583 3411 terram.

2440 3470 2605 3540 750
2646 3468 2878 3525 CAPUT
2912 3468 3157 3526 χχχιιι.

2020 3610 2093 3663 De
2119 3608 2383 3679 prioribus
2433 3604 2678 3679 Ecclesia:
2721 3556 3209 3679 ριἰ-ιιρξειιιὶοηὶίηιίξᾗ
3234 3615 3285 3659 et
3337 3605 3403 3658 iis
3471 3621 3589 3675 qua:

2486 3676 2580 3727 sub
2633 3674 2954 3727 Antichristo
2983 3674 3132 3742 ﬁent.

2087 3813 2177 3875 XI,
2223 3812 2303 3865 l9.
2339 3809 2401 3861 Et
2436 3817 2672 3873 apertum
2700 3814 2775 3857 est
2833 3804 3082 3873 templum
3115 3804 3210 3858 Dei
3258 3806 3313 3858 in
3364 3806 3513 3867 calo,
3538 3812 3589 3857 et

2016 3905 2261 3974 apparuit
2288 3920 2415 3955 arca
2446 3898 2744 3953 testamenti
2805 3895 3013 3948 Domini
3049 3897 3102 3949 in
3152 3897 3341 3965 templo
3368 3913 3481 3949 suo.
3523 3896 3590 3949 Et

2017 4001 2161 4067 locta
2206 4004 2325 4049 sunt
2364 3994 2577 4063 fulgura
2633 3999 2683 4042 et
2726 4003 2869 4041 voces
2899 4003 2962 4039 ac
3013 3987 3249 4040 tonitrua
3304 3988 3589 4076 et‘grando

2015 4106 2227 4160 magna.

2089 4183 2216 4236 Post
2246 4180 2545 4250 gratiarum
2574 4182 2844 4233 actionem
2901 4187 2957 4233 et
2998 4174 3228 4244 gloriam
3289 4170 3473 4225 datam
3521 4170 3589 4222 ab

2018 4276 2228 4343 angelis
2260 4284 2315 4329 et
2355 4274 2423 4327 iis
2450 4274 2544 4341 qui
2576 4273 2739 4325 vitam
2759 4272 3035 4324 duxerunt
3066 4264 3392 4335 angelicam,
3427 4277 3587 4330 aper-

2019 4381 2132 4424 tum
2174 4367 2343 4422 fuisse
2401 4366 2599 4420 caelum
2644 4365 2812 4427 dicit,
2846 4362 3130 4427 visamque
3178 4356 3351 4410 fuisse
3400 4368 3586 4408 arcam

2020 4460 2354 4521 testamenti,
2391 4458 2586 4511 coelum
2620 4468 2823 4508 vocans
2855 4450 3222 4519 cognitionem
3269 4446 3393 4515 plus
3421 4458 3587 4512 quam

350 4548 476 4583 σται
511 4550 529 4581 ι
575 4532 610 4584 ἃ
650 4532 924 4603 ὀφθαλμὸς
951 4537 1057 4588 οὑκ
1104 4532 1235 4602 εῐδε,
1284 4539 1378 4592 καὶ
1410 4538 1504 4602 οὖς
1545 4542 1647 4594 οὑκ
1696 4544 1919 4612 ἢκουσε,
1954 4545 2031 4601 Dl

1907 4585 1919 4609 ,
1954 4545 1997 4599 D
2024 4549 2361 4612 humanam,
2417 4545 2468 4597 in
2535 4557 2645 4611 quo
2684 4542 2848 4595 etiam
2904 4536 3185 4593 recondita
3236 4544 3365 4589 sunt
3405 4552 3423 4582 ι
3465 4548 3588 4600 qua:

350 4624 445 4678 καὶ
493 4626 585 4677 ἐπὶ
615 4627 843 4697 καρδίαν
872 4628 1161 4698 ἀνθρώπου
1194 4631 1293 4684 οὑκ
1324 4632 1513 4702 ἀνέϐη,
1551 4633 1587 4687 ἃ
1626 4637 1922 4706 ἡτοίμασεν

348 4717 377 4765 ὸ
416 4715 549 4777 Θεὸς
580 4718 690 4779 τοῖς
722 4718 1009 4785 ἀγαπῶσιν
1041 4722 1221 4774 αὑτόν.
1280 4742 1298 4773 ι
1360 4724 1447 4777 Ἐν
1490 4724 1665 4795 τούτῳ
1711 4726 1789 4797 τῷ
1820 4730 1920 4798 τῆς

350 4804 605 4870 γνώσεως
633 4807 849 4878 οὐρανῴ
912 4810 1005 4863 καὶ
1054 4813 1087 4881 ἠ
1123 4812 1351 4875 κιὸωτὸς
1389 4812 1548 4883 ὤφθη
1581 4816 1680 4884 τῆς
1726 4818 1915 4890 διαθή-

351 4912 473 4962 κης.
504 4896 569 4949 Τί
597 4897 652 4949 δὲ
673 4898 743 4951 δι’
770 4900 938 4968 αὑτῆς
960 4900 1153 4971 δηλοῦν
1179 4903 1465 4971 ἐθελούσης
1491 4906 1587 4974 τῆς
1615 4908 1877 4971 ὀπτασίας
1903 4925 1919 4975 ;

351 4987 425 5039 Τὸ
451 4987 554 5053 ὅτι,
585 4988 774 5060 ὥσπερ
801 4993 859 5043 ὲν
884 4991 1078 5062 ἐκείνῳ
1103 4993 1277 5063 καιρῷ
1304 4995 1517 5066 εἴρηται
1536 4999 1763 5068 Μωὺαῇ,
1782 5018 1921 5069 συμο

352 5079 545 5132 ϐολικὰ
597 5081 768 5135 ταῦτα
824 5082 894 5134 τὰ
952 5086 1409 5154 παραταττόμενα
1454 5087 1623 5157 αὑτῷ,
1677 5089 1790 5141 ἀλλ’
1821 5091 1923 5145 οὑκ

351 5172 629 5241 ἐνεργείας
689 5175 920 5244 ἐχόμενα
968 5178 1023 5244 (ι
1064 5178 1205 5246 Ὅρα
1252 5181 1396 5249 γὰρ,
1450 5182 1618 5250 φησὶ,
1676 5184 1922 5253 ποιήσεις

353 5267 532 5318 πάντα
555 5266 695 5319 κατά
710 5269 800 5319 τδν
821 5268 989 5321 τύπον
1016 5269 1104 5321 τὸν
1126 5270 1401 5340 δειχθέντα
1426 5290 1509 5325 σοι
1533 5277 1591 5327 ἐν
1613 5274 1689 5344 τῷ
1710 5274 1824 5344 ὄρει
1853 5278 1919 5347 ι)’

347 5355 493 5409 οὕτω
522 5357 615 5409 καὶ
647 5356 741 5409 νῦν
773 5357 945 5411 ταῦτα
975 5361 1296 5426 εἰσηγεῖται,
1330 5361 1435 5413 τῶν
1466 5365 1759 5434 ὁρωμένων
1790 5383 1923 5417 κατ-

349 5446 592 5515 αλλὴλως
621 5446 700 5517 τῷ
727 5449 963 5520 οὐρανίῳ
1004 5451 1127 5521 ὕψει
1183 5453 1529 5522 μετεωρίζων
1570 5456 1669 5524 τὴν
1697 5455 1920 5524 γνῶσιν.

350 5540 465 5621 καὶ
510 5540 696 5612 ἐπειδὴ
747 5544 813 5612 τῇ
858 5543 1128 5610 ὑποδείξει
1171 5546 1379 5615 Μωῦσῇ
1412 5546 1512 5614 τῆς
1542 5546 1778 5601 κιϐωτοῦ
1823 5548 1924 5619 τῆς

347 5631 619 5701 διαθήκης
662 5635 950 5703 προτέλεια
980 5637 1036 5689 αἱ
1089 5638 1369 5707 ἀστραπαὶ
1395 5638 1491 5692 καὶ
1518 5638 1741 5710 βρονταὶ⁸
1783 5640 1926 5699 κατά

423 5814 469 5845 ⁸⁸
502 5814 518 5868 1
549 5816 674 5870 (lor.
713 5831 774 5883 ιι,
807 5817 860 5870 9.
938 5818 981 5851 ⁸⁵
1013 5814 1181 5873 Exod.
1218 5836 1349 5886 xxv,
1402 5821 1488 5877 40.

2022 4640 2214 4696 oculus
2243 4654 2348 4691 non
2380 4636 2532 4699 vidit,
2564 4649 2662 4689 nec
2690 4632 2839 4686 auris
2870 4630 3103 4691 audivit,
3140 4642 3240 4681 nec
3281 4625 3334 4679 in
3364 4639 3462 4677 cur
3492 4623 3592 4676 hoc

2023 4728 2183 4784 min‘s
2215 4726 2609 4786 ascenderunt,
2643 4737 2765 4792 qua:
2795 4717 3120 4791 praeparavit
3174 4716 3318 4771 Deus
3357 4714 3591 4782 diligen-

2023 4821 2167 4876 tibus
2193 4835 2251 4875 se
2277 4820 2342 4871 “.
2385 4837 2403 4869 ι
2434 4818 2490 4871 ln
2525 4819 2627 4870 hoc
2669 4810 2998 4882 cognitionis
3033 4808 3171 4863 cmlo
3209 4822 3333 4861 arca
3368 4813 3617 4876 quoque‘

2025 4910 2331 4966 testamenti
2372 4910 2485 4962 visa
2513 4916 2598 4960 est
2629 4922 2642 4959 :
2673 4904 2803 4972 quid
2832 4910 3013 4955 autem
3040 4900 3207 4953 voluit
3239 4913 3333 4967 per
3358 4898 3460 4951 hoc
3504 4898 3552 4949 vi
3574 4926 3589 4935 -

2024 5003 2108 5057 sio
2128 5002 2241 5070 ipsa
2267 4998 2573 5068 signiﬁcare
2596 4998 2619 5049 ?
2644 4989 3298 5062 Quod,qucmadmodum
3333 4988 3428 5041 illo
3450 4996 3587 5040 tem-

2025 5110 2156 5164 pore
2188 5093 2320 5148 Mosi
2348 5092 2551 5146 dictum
2592 5098 2708 5149 est,
2742 5102 2804 5140 ea
2829 5100 2957 5155 qua;
3000 5082 3101 5152 ipsi
3140 5081 3478 5151 jubebantur
3508 5079 3588 5133 si-

2026 5186 2331 5256 gniﬁcativa
2383 5198 2524 5248 esse,
2574 5195 2675 5235 nec
2716 5175 2960 5231 veritatis
3005 5173 3303 5228 eﬂicaciam
3357 5170 3583 5222 habere:

2031 5298 2050 5330 ι
2094 5277 2249 5340 Vide,
2282 5276 2485 5344 inquit,
2522 5273 2704 5327 omnia
2742 5269 2912 5324 iacias
2940 5267 3093 5336 juxta
3143 5274 3331 5333 typum
3363 5262 3457 5329 qui
3488 5261 3585 5312 tibi

2023 5376 2278 5422 ostensus
2316 5373 2400 5418 est
2435 5365 2489 5416 in
2526 5359 2767 5415 monte"
2802 5376 2815 5411 :
2858 5376 2877 5408 ι
2913 5356 2987 5409 ita
3037 5366 3183 5405 nunc
3216 5364 3438 5419 quoque
3474 5351 3585 5401 lucc

2022 5464 2385 5518 cnarrautur,
2434 5448 2778 5507 convcnienti
2830 5444 2992 5500 modo
3046 5441 3345 5496 attollendo
3401 5437 3589 5506 mgni-

2024 5550 2226 5604 tionem
2251 5561 2440 5601 eorum
2491 5559 2612 5615 qua:
2644 5542 2894 5596 videntur
2920 5536 2986 5591 ad
3032 5535 3308 5591 ctelestem
3340 5529 3591 5584 sublimi-

2024 5651 2214 5699 tatem.
2246 5638 2311 5695 Et
2338 5637 2600 5708 quoniam
2632 5635 2759 5690 dum
2794 5644 2922 5687 arca
2968 5623 3277 5685 testamenti
3321 5621 3460 5679 Mosi
3498 5621 3591 5677 dc-
