4256 6440
229 395 332 462 661

1293 399 1681 462 COMMENT.
1724 399 1808 459 IN
1843 398 2376 462 APOCALYPSIN.

3392 397 3500 462 662

231 515 408 589 mean
439 513 596 569 αὑτὸν
629 513 734 584 ἐφη
763 511 1220 586 περιδεδληκέναι
1251 514 1350 586 τήν
1383 515 1620 586 μητέρα.
1652 516 1814 570 Ἔτε-
1839 515 1892 575 Α

1839 515 1892 575 Α
1917 518 2255 586 ρτοιοοιὶοηε
2281 518 2356 571 ait
2391 517 2570 588 ipsum
2597 515 3038 572 circumdedisse
3067 524 3319 569 matrem.
3351 517 3499 570 Itur-

231 608 397 678 ροιδὲ
445 605 607 661 πάλιν
657 606 863 677 ταύτην
917 605 1017 677 τὴν
1051 607 1286 674 γυναῖκα
1334 610 1435 679 τὴν
1482 608 1813 676 Ἐκκλησίαν

230 698 442 765 ἔφασαν
486 693 648 761 εἶναι,
682 697 805 767 ἥτις
849 695 942 750 τὸν
990 697 1087 768 τῆς
1115 697 1465 770 δικαιοσύνης
1493 699 1644 770 ἥλιον
1673 699 1810 768 Χρι-

233 788 357 840 στὸν
394 787 806 858 περιῦέόληται,
835 787 932 841 καὶ
959 787 1059 858 τὴν
1091 788 1324 860 σελήνην
1350 790 1450 861 τὴν
1479 790 1813 860 Συναγωγὴν

236 879 494 932 ὑποκάτω
523 878 648 932 τῶν·
682 879 882 946 ποδῶν,
913 879 988 944 ὡς
1018 880 1120 951 ήδη
1149 880 1578 947 παλαιωθεῖσαν,
1627 883 1814 953 ἐθηκε.

238 971 349 1024 Καὶ
380 970 448 1024 τὰ
477 970 606 1042 ἑξῆς
629 970 806 1026 πάντα
821 972 1121 1044 ἀρμοδίως,
1151 973 1226 1039 ὡς
1263 974 1518 1045 Ἀνδρέας
1545 975 1640 1030 καὶ
1669 975 1819 1030 Μεθ-

237 1061 401 1123 όδιος.

309 1155 421 1210 Καί
465 1154 565 1209 ἐπὶ
609 1155 721 1225 τῆς
756 1155 1031 1228 κεφαλῆς
1057 1157 1251 1227 αὐτῆς
1283 1159 1591 1228 στέφανοι.
1639 1160 1698 1214 Ὀ
1727 1161 1823 1214 ἐπὶ

237 1248 339 1317 τῆς
371 1250 612 1320 κεφαλῆς
641 1251 740 1320 τῆς
764 1251 1024 1318 γυναικὸς
1054 1250 1115 1315 ἐξ
1161 1251 1408 1323 ἀστέρων
1438 1251 1647 1306 δώδεκα
1698 1270 1823 1306 συν-

243 1339 536 1409 ιστάμενος
578 1341 867 1410 στέφανος,
901 1343 951 1395 οἱ
987 1342 1134 1411 ἀγιοί
1161 1343 1300 1394 είσιν
1325 1344 1635 1398 ἀπόστολοι.
1672 1344 1746 1395 Τὸ
1767 1345 1824 1398 δὲ

239 1432 341 1502 τὴν
389 1433 446 1486 έν
493 1435 693 1504 γαστρὶ
739 1434 970 1505 ἔχουσαν
1016 1435 1246 1506 κράζειν
1279 1435 1714 1507 βασανιζομένην
1747 1437 1826 1507 τῷ

241 1523 406 1594 τόκῳ,
431 1525 521 1578 τὸν
550 1525 644 1579 τοῦ
688 1526 871 1597 Ἀμώς
909 1544 1074 1595 φασιν
1113 1529 1339 1583 Ἡσαΐαν
1363 1530 1740 1584 ἀπολύσασθαι
1761 1531 1828 1583 δι’

243 1610 320 1668 ὧν
355 1617 556 1685 φάσκει
577 1635 592 1649 ο
636 1636 655 1665 ο
694 1620 831 1690 Πρὶν
863 1619 961 1691 τὴν
985 1622 1285 1675 ὠδίνουσαν
1330 1625 1532 1687 τεκεῖν,
1567 1624 1663 1677 καὶ
1699 1625 1831 1694 πρὶν

245 1708 425 1761 ἐλθεῖν
473 1709 562 1761 τὸν
615 1711 777 1766 πόνον
818 1711 929 1766 τῶν
975 1713 1202 1779 ὠδίνων,
1251 1713 1484 1783 ἐξέφυγε
1527 1716 1623 1768 καὶ
1647 1715 1834 1768 ἔτεκεν

243 1801 449 1870 ἄρρεν·
477 1819 496 1852 ι
541 1803 828 1873 ἀμφότερα
860 1804 918 1858 δὲ
957 1804 1155 1875 συνέϐη
1175 1808 1242 1876 τῇ
1276 1806 1558 1877 Παρθένῳ.
1593 1809 1700 1862 Καὶ
1727 1808 1833 1876 γὰρ

247 1892 452 1962 ἔκραζε
481 1895 574 1947 καὶ
619 1897 677 1948 ἐν
716 1895 928 1967 ἀθυμίᾳ
957 1891 1048 1968 ἦν,
1075 1897 1168 1951 τὸν
1199 1898 1489 1969 μνηστῆρα
1529 1898 1836 1952 ὑπονοοῦσα

251 1982 502 2051 μοιχείας
539 1983 710 2053 αὑτὴν
736 1986 1046 2058 ἐγκλήματι
1093 1989 1350 2042 ὑπόδικον
1392 1989 1781 2059 καταστήσειν,
1807 1988 1837 2041 δ

249 2079 348 2130 καὶ
376 2077 438 2130 τὸ
468 2079 800 2148 Εὐαγγέλιόν
833 2098 962 2152 φησι
990 2081 1078 2135 διά
1117 2081 1212 2135 τοῦ
1237 2081 1414 2154 λάθρα
1443 2082 1712 2137 ἀπολῦσαι
1731 2082 1832 2135 αύ-

249 2169 350 2237 τὴν
373 2169 746 2238 βουλεύεσθαι.
788 2171 942 2224 Ἐπεὶ
961 2170 1020 2224 δέ
1041 2171 1259 2242 ἀγγέλῳ
1286 2171 1416 2243 θείῳ
1441 2174 1540 2242 τῆς
1581 2173 1840 2236 ὑπονοίας

249 2258 458 2328 ταύτης
480 2259 769 2330 ἀπηλλάγη
793 2259 856 2313 ἐκ
885 2258 1201 2329 Πνεύματος
1228 2260 1386 2328 ἁγίου
1415 2261 1514 2331 τὴν
1542 2260 1842 2329 κυοφορίαν

252 2352 397 2408 εἶναι
419 2347 805 2424 ἐμπεδοῦντος,
824 2349 946 2402 τότε
972 2349 1067 2401 καὶ
1097 2348 1237 2419 αὑτὴ
1265 2349 1496 2418 ἐξέφυγε
1531 2350 1715 2402 πᾶσαν
1745 2348 1844 2418 τὴν

253 2447 555 2500 ὠδίνουσαν
575 2447 749 2516 αὐτὴν
771 2441 1183 2517 πραγματείαν.

335 2541 439 2593 Καὶ
479 2538 646 2609 ὤφθη
685 2540 843 2594 ἄλλο
896 2539 1152 2608 σημεῖον
1207 2539 1278 2591 ἐν
1316 2533 1396 2604 τῷ
1445 2535 1700 2607 οὐρανῷ.
1739 2535 1844 2592 Καὶ

259 2631 396 2685 ὶδοὺ
439 2630 676 2699 δράκων
717 2633 944 2700 πυρρὸς
969 2630 1177 2700 μέγας,
1213 2629 1371 2698 ἔχων
1404 2631 1672 2700 κεφαλὰς
1701 2631 1849 2684 ἑπτὰ

262 2724 361 2774 καὶ
400 2722 615 2790 κέρατα
663 2723 839 2776 δέκα·
885 2723 982 2776 καὶ
1041 2723 1140 2775 ἐπὶ
1189 2723 1297 2788 τὰς
1339 2724 1610 2791 κεφαλὰς
1662 2724 1850 2778 αὑτοῦ

263 2817 419 2870 ἑπτὰ
445 2815 802 2884 διαδήματα,
836 2817 932 2869 καί
966 2817 1004 2880 ἡ
1041 2817 1190 2885 οὐρὰ
1217 2817 1403 2870 αὑτοῦ
1432 2818 1606 2882 σύρει
1640 2818 1703 2869 τὸ
1737 2818 1854 2883 τρί-

266 2925 378 2962 tm-
419 2906 535 2961 τῶν
571 2908 840 2975 ἀστέρων
883 2909 988 2963 τοῦ
1041 2908 1326 2977 οὐρανοῦ,
1356 2909 1454 2961 καί
1487 2909 1709 2963 ἔϐαλεν
1746 2912 1854 2964 αὺ-

267 3000 415 3067 τυὺς
443 3004 531 3067 είς
554 3001 668 3068 τὴν
692 3000 826 3070 γῆν.

346 3096 626 3166 Δράκοντα
669 3095 762 3148 τὸν
820 3096 1063 3149 Σατανᾶν
1107 3097 1284 3161 καλεῖ,
1355 3096 1442 3149 διὰ
1492 3096 1554 3148 τὸ
1607 3096 1854 3150 σκολιόν*

273 3190 489 3263 «suppr
518 3189 596 3251 δὲ,
646 3188 736 3242 διὰ
768 3189 828 3243 τὸ
860 3189 1154 3260 αἱμοδόρον
1200 3190 1294 3243 καὶ
1322 3190 1558 3260 ὀργίλον.
1597 3190 1779 3261 Οὑράν
1804 3191 1860 3243 δέ

275 3280 511 3335 ἐνταῦθα
543 3280 633 3332 τὸν
678 3278 815 3350 ἀέρα
867 3280 1096 3348 φάσκει,
1129 3279 1205 3342 ὡς
1239 3280 1296 3346 ἐξ
1342 3279 1508 3333 αὑτοῦ
1543 3278 1618 3350 μὴ
1649 3295 1866 3332 πεπτω-

277 3375 439 3436 κότος
477 3372 570 3426 τοῦ
613 3371 884 3425 διαόόλου.
939 3371 1063 3433 Πῶς
1091 3371 1202 3441 γὰρ
1230 3372 1559 3424 ἐκπέπτωκε
1591 3372 1807 3437 τούτου,
1840 3375 1869 3426 ό

279 3467 382 3536 τὴν
415 3465 686 3529 ἐξουσίαν,
740 3463 880 3517 κατά
920 3462 1151 3528 Παῦλον,
1181 3462 1318 3532 ἔχων
1350 3465 1406 3516 ἐν
1433 3463 1612 3533 αύτῷ,
1651 3484 1669 3515 ι
1714 3464 1871 3520 Κατά

279 3559 376 3609 τὸν
411 3557 668 3627 ἄρχοντα,
710 3575 729 3609 ι
773 3554 1033 3622 λέγοντα,
1089 3572 1108 3606 ι
1145 3553 1239 3606 τοῦ
1296 3556 1523 3617 σκότους
1568 3555 1664 3607 τοῦ
1709 3556 1871 3624 ἀέρος

281 3651 501 3714 τούτου;
536 3669 555 3700 ι
592 3647 850 3718 Κεφαλάς
874 3648 932 3700 δέ
961 3646 1147 3710 αὐτοῦ,
1181 3647 1280 3710 τάς
1307 3648 1678 3716 πονηροτέρας
1706 3649 1874 3702 αὑτοῦ

282 3741 546 3810 δυνάμεις
600 3739 697 3792 καὶ
747 3740 867 3800 ταῖς
914 3739 1319 3807 πνευματικαῖς
1358 3737 1668 3807 ἐνεργείαις
1726 3739 1876 3791 am-

286 3834 501 3896 θέτους,
535 3832 568 3903 ἢ
600 3833 699 3895 τὰς
742 3830 882 3884 ἐτττά
908 3831 1106 3895 κακίας
1135 3829 1200 3895 ἀς
1241 3831 1270 3884 ὁ
1300 3829 1550 3902 Σολομὼν
1583 3833 1640 3884 ἐν
1679 3831 1877 3906 καρδίᾳ.

289 3922 436 3979 εἷναί
471 3943 606 3996 φησι
636 3924 728 3977 τοῦ
756 3922 976 3994 ἐχθροῦ.

365 4019 477 4072 Καὶ
545 4016 763 4085 κέρατα
818 4017 980 4071 δέκα.
1045 4017 1118 4069 Τὸ
1205 4015 1376 4087 κέρας
1455 4015 1734 4084 δυνάμεως
1786 4019 1880 4072 καὶ

291 4111 453 4181 δόξης
505 4108 840 4179 σημαντικόν
893 4110 1060 4162 ἐστιν.
1108 4107 1250 4161 Δέκα
1291 4109 1351 4161 δὲ
1385 4109 1452 4161 τά
1487 4109 1718 4179 κέρατα,
1751 4110 1782 4179 ἣ
1813 4111 1881 4164 τὰ

295 4201 843 4272 ἀντιδιαστελλόμενα
895 4204 1017 4264 ταῖς
1071 4201 1206 4255 δέκα
1260 4201 1502 4265 ἐντολαῖς
1560 4202 1655 4256 τοῦ
1713 4203 1882 4272 νόμου

299 4293 752 4365 πλημμελήματα
811 4292 908 4346 καὶ
951 4293 1020 4346 τά
1072 4292 1394 4345 τελειωτικά
1444 4293 1544 4363 τῆς
1589 4294 1886 4365 σατανικῆς

301 4387 641 4449 ἀποστασίας
671 4387 1073 4456 ἐγχειρήματα,
1098 4387 1129 4453 ἢ
1154 4386 1251 4448 τὰς
1281 4384 1574 4458 διαιρέσεις
1601 4388 1700 4457 τῆς
1729 4389 1885 4457 βασι-

302 4479 455 4542 λείας
492 4476 695 4548 κόσμον
726 4476 1000 4547 φερούσας
1035 4476 1210 4546 αὑτῷ,
1238 4477 1313 4540 ὼς
1344 4481 1463 4540 ταῖς
1510 4479 1888 4549 διχοστασίαις

1917 621 2038 664 sum
2067 623 2202 663 vero
2235 608 2328 662 alii
2366 609 2503 663 hanc
2536 608 2824 662 mulierem
2872 606 3130 662 dixerunt
3158 615 3282 662 esse
3312 606 3505 661 Eccle-

1919 705 2081 770 siam,
2138 719 2263 775 qua:
2320 704 2436 758 sole
2476 703 2706 773 justitia:
2753 700 2978 758 Christo
3034 701 3235 770 stipata
3285 709 3371 754 est
3403 715 3416 752 :
3452 711 3506 755 ιι

1919 798 2132 862 lunam,
2185 797 2236 851 id
2270 805 2355 850 est
2405 795 2749 866 Synagogam
2794 794 2897 849 sub
2932 793 3162 864 pedibus
3192 792 3349 862 eius,
3382 801 3508 846 tan-

1921 905 2084 959 quam
2126 891 2238 961 jam
2291 889 2647 944 vetustiorem
2688 887 2961 952 ellectam,
3014 886 3249 956 posuit:
3284 897 3340 940 et
3386 899 3510 955 qua:

1923 991 2235 1052 sequuntur
2275 984 2462 1038 omnia
2513 997 2753 1052 congruo
2809 981 2972 1036 modo
3027 979 3388 1051 adaptarunt,
3449 986 3512 1032 ut

1925 1077 2176 1131 Andreas
2207 1086 2261 1130 et
2293 1075 2623 1130 Mettiodius.

1997 1167 2066 1222 Et
2097 1169 2150 1223 in
2173 1169 2346 1238 capite
2374 1168 2490 1237 ejus
2507 1149 2967 1222 corona..Corona
2988 1165 3043 1220 in
3063 1165 3242 1235 capite
3268 1161 3516 1219 mulieris

1922 1275 1988 1315 ex
2011 1259 2294 1315 duodecim
2325 1258 2498 1313 stellis
2521 1256 2844 1323 constituta,
2876 1257 3054 1311 sancti
3095 1267 3224 1311 sunt
3255 1255 3515 1326 apostoli.

1926 1353 2095 1408 Porro
2113 1353 2257 1422 quod
2277 1365 2561 1421 praegnans
2578 1349 2772 1404 clamet
2791 1363 2912 1402 cum
2930 1347 3172 1402 cruciatu
3192 1349 3257 1401 ad
3278 1356 3515 1417 partum,

1927 1445 2083 1500 aiunt
2112 1445 2305 1497 Isaiam
2331 1443 2499 1497 lilium
2533 1441 2700 1498 Amos
2722 1439 3062 1503 dissolxisse,
3087 1454 3210 1494 eum
3239 1440 3314 1494 ait
3342 1440 3522 1509 prius-

1929 1550 2093 1606 quam
2111 1534 2405 1603 parturiret
2427 1534 2702 1602 peperisse
2722 1533 2789 1598 ",
2825 1543 2878 1586 et
2899 1531 3220 1603 priusquam
3241 1531 3525 1586 accederet

1933 1629 2090 1684 labor
2109 1626 2357 1698 pariendi
2384 1624 2642 1695 ell'ugisse
2663 1622 2715 1679 el
2741 1626 3015 1694 peperisse
3031 1620 3358 1680 masculum.
3386 1620 3522 1676 Nam

1935 1729 2236 1790 utrumque
2279 1718 2516 1790 contigit
2549 1717 2784 1788 Virgini.
2829 1715 3046 1770 Etenim
3081 1716 3339 1770 clamavit
3371 1724 3423 1769 ct
3469 1715 3522 1768 in

1939 1813 2194 1882 angustia
2242 1822 2381 1874 erat,
2436 1811 2610 1866 verita
2661 1824 2728 1863 ne
2777 1823 3016 1878 sponsus
3070 1808 3244 1878 ipsam
3300 1804 3524 1860 crimini

1945 1902 2198 1959 adulterii
2229 1900 2522 1956 obnoxiam
2553 1901 2777 1955 duceret
2810 1918 2822 1953 :
2861 1898 3008 1968 quod
3040 1899 3207 1952 etiam
3231 1895 3311 1950 ait
3347 1894 3528 1948 Evan-

1945 1995 2170 2066 gelium,
2202 2009 2328 2049 cum
2357 1993 2570 2048 occulte
2598 1993 2760 2047 vellet
2792 1993 3068 2046 dimittere
3087 2007 3228 2048 eam.
3256 1989 3530 2056 Quoniam

1946 2097 2128 2144 autem
2178 2089 2447 2143 successit
2491 2085 2655 2153 hujus
2703 2086 3039 2157 suspicionis
3085 2085 3363 2147 liberatio,
3390 2099 3530 2137 con-

1949 2181 2202 2236 ﬁrmante
2231 2178 2425 2247 angelo
2463 2177 2630 2232 fetum
2666 2193 2789 2232 esse
2825 2193 2890 2232 ex
2921 2175 3129 2246 Spiritu
3161 2187 3376 2238 saneto,
3405 2183 3536 2229 tunc

1949 2284 2003 2328 et
2035 2275 2150 2342 ipsa
2177 2269 2366 2340 etl‘ugit
2392 2283 2610 2323 onmem
2653 2284 2775 2338 qua:
2805 2284 2864 2324 se
2892 2268 3177 2325 cruciabat
3205 2264 3536 2322 molestiam.

2029 2541 2145 2609 XII,
2175 2544 2230 2605 ὅ.
2272 2543 2318 2601 i.
2366 2541 2428 2600 Et
2461 2542 2634 2601 risum
2661 2553 2735 2599 est
2765 2540 2914 2597 aliud
2946 2543 3153 2617 signum
3186 2545 3240 2598 in
3268 2536 3397 2599 cwlo
3436 2556 3456 2598 .'
3490 2548 3540 2599 et

1959 2657 2073 2693 ccce
2113 2641 2277 2692 draco
2321 2640 2472 2706 rufus
2516 2656 2738 2708 magnus
2783 2639 2978 2692 habens
3028 2641 3206 2706 capita
3257 2647 3452 2705 septem
3489 2645 3542 2690 et

1962 2749 2159 2787 cornua
2199 2734 2395 2792 decem.
2429 2745 2475 2785 et
2505 2747 2662 2799 super
2687 2748 2885 2785 cornua
2919 2732 3089 2801 ipsius
3128 2741 3322 2801 septem
3356 2731 3542 2784 diade-

1964 2834 2128 2888 mata,
2165 2835 2212 2878 et
2253 2825 2427 2878 cauda
2483 2824 2648 2892 ipsius
2701 2822 2864 2876 trahit
2905 2823 3120 2877 tertiam
3171 2831 3379 2894 partem
3412 2819 3545 2877 stel-

1967 2918 2142 2972 larum
2174 2918 2309 2983 cwli,
2346 2930 2394 2972 et
2431 2917 2574 2971 misit
2607 2933 2698 2971 eas
2732 2919 2789 2970 in
2832 2924 3053 2970 terram.

2045 3095 2346 3149 Draconcm
2402 3105 2561 3148 vocat
2613 3093 2893 3154 Satanam,
2942 3107 3008 3146 eo
3071 3089 3218 3161 quod
3266 3097 3549 3143 tortuosus

1972 3187 2044 3240 sit
2083 3207 2095 3240 :
2134 3185 2316 3238 rufum
2373 3195 2577 3247 autem,
2630 3184 2757 3252 quia
2807 3191 3075 3238 cruentus
3128 3181 3547 3236 et‘iracundus.

1967 3279 2212 3333 (lattdam
2248 3293 2376 3330 vero
2422 3277 2556 3330 tlicit
2606 3277 2710 3329 hoc
2749 3277 2870 3329 loco
2920 3289 3125 3340 aerem,
3158 3273 3304 3343 quod
3339 3272 3409 3326 ab
3458 3270 3552 3326 illo

1971 3387 2080 3425 non
2112 3370 2371 3425 ceciderit
2401 3369 2655 3423 diabolus
2690 3386 2702 3422 :
2752 3384 2877 3422 nam
2909 3382 3020 3437 quo
3066 3366 3229 3420 modo
3268 3364 3336 3418 ab
3369 3378 3434 3418 eo
3458 3379 3553 3418 ce-

1971 3466 2127 3531 cidit,
2160 3466 2251 3536 qui
2282 3465 2440 3534 juxta
2491 3463 2720 3518 l‘aulum
2753 3462 2918 3517 habet
2956 3461 3009 3514 in
3051 3460 3172 3530 ipso
3205 3467 3554 3530 potestatem,

1973 3559 2104 3613 dum
2155 3561 2231 3613 ait
2277 3579 2289 3614 :
2337 3577 2354 3610 ι
2404 3557 2569 3611 Juxta
2622 3556 2922 3628 principem
2965 3553 3252 3625 potestatis
3287 3552 3431 3607 aeris
3458 3550 3559 3604 bu-

1973 3652 2064 3722 jus
2117 3652 2182 3703 ‘3.
2230 3669 2246 3702 ι
2286 3650 2479 3720 Capita
2530 3660 2714 3703 autem
2761 3647 2935 3718 ipsius
2990 3646 3124 3701 dicit
3178 3643 3558 3700 sceleratiores

1977 3741 2098 3810 ejus
2146 3747 2467 3810 potestates,
2517 3747 2574 3794 et
2628 3736 3008 3807 spiritualibus
3055 3734 3316 3804 operibus
3367 3732 3561 3787 adver-

1978 3844 2165 3888 santes
2201 3850 2214 3886 :
2251 3842 2348 3886 aut
2379 3841 2584 3901 septem
2630 3830 2907 3900 nequitias
2948 3843 3086 3897 quas
3132 3825 3395 3881 Solomon
3427 3823 3563 3879 dicit

1977 3944 2100 3983 csse
2130 3928 2182 3983 in
2213 3927 2377 3982 corde
2412 3925 2640 3980 inimici.

2059 4020 2123 4074 Et
2168 4036 2368 4074 cornua
2409 4021 2607 4073 decem.
2640 4018 2820 4071 Cornu
2854 4015 3110 4085 potentia:
3160 4029 3223 4067 ac
3272 4010 3459 4083 gloria:
3489 4011 3566 4064 si-

1985 4113 2358 4182 gniticalivum
2403 4121 2507 4165 est.
2557 4111 2753 4163 Decem
2781 4123 2911 4163 vero
2953 4121 3186 4169 cornua,
3225 4115 3312 4159 aut
3343 4110 3566 4173 peccata

1987 4223 2108 4278 qua:
2131 4207 2319 4260 decem
2367 4202 2654 4272 praeceptis
2685 4199 2819 4269 legis
2853 4207 3236 4269 opponuntur,
3269 4203 3323 4247 ct
3354 4190 3568 4264 perfec-

1989 4311 2076 4355 tos
2132 4304 2368 4352 conatus
2417 4293 2681 4350 satanicm
2731 4289 3024 4359 apostasia:
3058 4305 3071 4341 :
3109 4294 3205 4342 aut
3241 4286 3392 4356 regni
3426 4285 3570 4340 divi-

1991 4393 2176 4446 siones
2211 4402 2334 4459 que:
2370 4385 2636 4440 mundum
2675 4383 2744 4436 ad
2778 4383 2957 4451 ipsum
2988 4378 3194 4442 ferunt,
3231 4387 3288 4431 ut
3318 4377 3407 4446 qui
3432 4391 3572 4443 gau-

1991 4484 2083 4538 det
2105 4496 2324 4551 semper
2349 4477 2610 4534 dissidiis.
2631 4474 2804 4529 Porro
2827 4481 3032 4541 septem
3057 4469 3387 4529 diademata.
3411 4465 3573 4536 753

305 4572 571 4642 χαίροντι.
615 4569 788 4624 Ἑπτά
829 4568 886 4623 δὲ
934 4569 1243 4640 διαδήματα
1296 4571 1365 4625 τὰ
1398 4573 1489 4625 ἐπὶ
1517 4572 1616 4636 τὰς
1647 4573 1888 4642 κεφαλὰς
1924 4581 1969 4635 ι)

1924 4581 1969 4635 ι)
1993 4589 2118 4644 quae
2145 4587 2311 4641 super
2349 4570 2528 4637 capita
2586 4567 2762 4637 ipsius
2813 4563 3067 4634 imposita
3109 4569 3257 4624 sunt,
3287 4570 3574 4630 aequantur

307 4660 496 4725 αὑτοῦ,
530 4660 793 4731 ἰσάριθμα
824 4662 943 4722 ταῖς
968 4659 1252 4728 κεφαλαῖς,
1281 4660 1416 4712 διότι
1457 4662 1506 4713 οί
1536 4661 1593 4714 ἐν
1617 4664 1738 4725 ταῖς
1769 4663 1889 4716 δαι-

311 4754 563 4822 μονικαίς
605 4750 911 4821 ἐνεργείαις
956 4751 1236 4816 νικῶντες,
1286 4751 1497 4805 ἐκεῖθεν
1522 4753 1649 4816 τοὺς
1674 4754 1891 4824 στεφά-

309 4863 433 4909 νους
468 4843 810 4916 κομίζονται,
855 4844 982 4899 ὅθεν
1019 4844 1203 4910 πόνοις
1245 4846 1340 4900 καὶ
1375 4844 1562 4917 ἱδρῶσι
1601 4847 1700 4918 τὴν
1733 4849 1892 4920 νίκην

311 4940 345 5010 ﬂ
353 4955 537 5007 ραν-ιο.

382 5030 495 5085 Καὶ
522 5031 560 5096 ἠ
591 5027 740 5097 οὐρὰ
770 5028 979 5095 αὑτοῦ,
1008 5028 1180 5097 σύρει
1212 5031 1278 5083 τὸ
1309 5031 1511 5098 τρίτον
1559 5030 1679 5084 τῶν
1707 5033 1890 5086 ἀστέ-

304 5141 452 5194 ρων.
485 5123 684 5194 Τρίτον
716 5122 880 5192 μέρος
905 5121 1013 5174 τῶν
1044 5122 1290 5193 ἀστέρων
1347 5123 1659 5194 ἐκλήθησαν
1690 5126 1737 5177 oi
1764 5126 1896 5196 περὶ

313 5218 413 5270 ἕνα
440 5214 535 5268 τοῦ
572 5214 685 5284 (34)
712 5212 950 5283 ἀριθμοῦ
990 5213 1090 5283 τῆς
1125 5213 1358 5284 Τριάδυς
1389 5214 1788 5285 διεσταλμένοι,
1819 5215 1895 5280 ὡς

1992 4666 2269 4735 capitibus
2309 4676 2579 4717 numero:
2610 4660 2705 4729 qui
2736 4657 2883 4711 enim
2928 4656 2983 4710 in
3014 4654 3368 4710 daemoniacis
3397 4653 3578 4717 operi-

1996 4763 2100 4817 bus
2131 4760 2378 4822 vincunt,
2415 4757 2538 4810 inde
2563 4769 2799 4808 coronas
2840 4757 3078 4819 gestant,
3112 4748 3257 4802 unde
3291 4747 3576 4802 laboribus

1999 4872 2062 4912 ac
2099 4853 2396 4911 sudoribus
2429 4849 2718 4905 victoriam
2755 4845 3084 4901 retulerunt.

2075 5031 2142 5085 Et
2181 5027 2356 5084 cauda
2397 5025 2564 5095 ipsius
2605 5023 2770 5078 trahit
2804 5020 3021 5074 tertiam
3049 5025 3252 5087 partem
3277 5014 3579 5069 stellarum.

1995 5123 2180 5180 Tertia
2209 5136 2340 5192 pars
2377 5117 2659 5173 stellarum
2692 5113 2824 5167 dicti
2856 5119 2990 5167 sunt
3033 5109 3089 5164 hi
3125 5108 3220 5178 qui
3255 5123 3424 5161 unum
3460 5105 3584 5159 Tri-

1999 5217 2188 5272 nitatis
2227 5224 2516 5266 numerum
2547 5223 2655 5262 non
2685 5205 3002 5268 admittunt,
3047 5201 3214 5254 veluti
3253 5207 3383 5254 sunt
3416 5198 3583 5252 Arius

319 5311 540 5378 ’Λρειος
561 5307 657 5359 καὶ
672 5305 1020 5368 Μακεδόνιος.
1061 5305 1124 5359 Ἢ
1151 5305 1450 5397 ἔρημοςδὲ,
1475 5308 1554 5370 εἰς
1577 5309 1642 5378 ἠν
1670 5306 1901 5361 ἐλθοῦσα

2001 5319 2056 5364 et
2112 5302 2482 5360 Macedonius.
2535 5299 2823 5354 Desertum
2869 5309 2998 5350 vero
3044 5293 3110 5347 ad
3163 5291 3310 5362 quod
3355 5289 3582 5344 veniens

314 5401 578 5472 τρέφεται
608 5399 642 5468 ή
677 5397 996 5468 Ἐκκλησία,
1047 5399 1081 5469 ὴ
1121 5381 1546 5470 κακῶν’ἐρήμη,
1585 5400 1681 5454 καὶ
1712 5403 1903 5471 στεῖρα

2004 5400 2251 5456 nutritur
2293 5393 2534 5449 Ecclesia
2573 5400 2677 5456 est,
2713 5387 2858 5459 quod
2893 5387 3112 5442 deserta
3144 5384 3274 5441 sita
3307 5381 3492 5447 malis,
3532 5390 3588 5435 et

318 5491 550 5564 φθορᾶς.
580 5490 655 5543 Τὸ
685 5489 741 5542 δὲ
771 5488 870 5560 τὴν
898 5487 1065 5560 οὐρὰν
1096 5488 1276 5544 ἕλκειν
1302 5490 1364 5543 τὸ
1389 5491 1571 5563 τρίτον
1602 5491 1712 5548 τῶν
1746 5491 1904 5547 ἀστέ-

396 5670 444 5701 ⁶¹
477 5666 584 5724 lsa.
613 5684 762 5734 uvr,
795 5668 849 5723 7.
930 5669 975 5702 ⁸⁸
1003 5669 1204 5742 Eplies.
1230 5683 1290 5735 tt,
1323 5669 1375 5725 5.

400 5825 515 5894 (Si)
557 5824 806 5880 Ἐννὰτου
839 5827 926 5882 cd.

2008 5492 2214 5550 sterilis
2245 5505 2272 5544 a
2305 5486 2680 5558 corruptione.
2718 5482 2991 5540 Caeterum
3024 5477 3173 5548 quod
3202 5474 3380 5533 cauda
3408 5474 3590 5530 trahat
