4256 6440
805 393 905 459 671

880 510 938 562 ltt
976 504 1298 577 praecedenti
1322 502 1525 555 visione
1565 497 1732 552 draco
1760 498 1917 553 rufus
1943 500 1997 553 in
2044 500 2185 555 caelo
2233 501 2389 554 vidc-
2421 509 2466 564 Α

809 611 919 664 tur,
954 614 1100 654 nunc
1138 608 1319 650 autem
1348 609 1379 647 e
1418 590 1553 646 mari
1612 592 1938 648 ascendens.
1980 592 2154 647 Draco
2200 593 2390 663 itaque

808 711 839 747 a
872 692 1013 749 ca-lo
1046 688 1319 757 signiﬁcat
1345 702 1471 742 eunt
1499 687 1591 756 qui
1623 684 1693 739 ab
1723 684 1881 739 initio
1903 684 2099 739 cecidit
2118 699 2148 738 a
2178 684 2387 739 caelesti

810 772 1003 855 gloria,
1039 794 1183 834 nunc
1216 792 1345 832 vero
1365 775 1619 832 eumdem
1649 791 1681 831 e
1710 775 1845 829 ntari
1876 775 2010 829 dicit
2066 773 2387 847 ascendere.

812 892 907 945 per
938 888 1088 927 mare
1116 870 1425 927 instabilem
1461 870 1603 923 hanc
1655 877 1713 922 et
1737 866 2035 936 inquietam
2093 866 2390 919 ostendens

810 969 976 1020 vitam
1021 980 1100 1021 :a
1157 977 1267 1033 qua
1320 962 1489 1017 etiam
1558 961 1727 1016 bestia
1786 958 2053 1019 ascendit,
2105 956 2388 1011 hominum

809 1058 1035 1112 vitiosas
1057 1065 1111 1110 et
1139 1053 1425 1110 instabiles
1461 1054 1514 1107 in
1547 1052 1709 1107 bonis
1742 1052 1988 1106 actiones
2013 1048 2391 1102 demonstran-

807 1148 907 1201 das
961 1161 1301 1203 assumens:
1345 1144 1491 1215 quod
1531 1160 1637 1198 non
1684 1141 1833 1197 aliud
1889 1139 2162 1209 designat,
2223 1155 2391 1211 quam

811 1238 957 1306 quod
1013 1238 1390 1293 Antichristus
1445 1248 1640 1307 ιιι-αξιοι·
1689 1235 1928 1304 primunt
1989 1240 2039 1286 et
2088 1235 2389 1288 secundum

812 1330 1070 1384 Satanam
1108 1330 1300 1385 tertius
1358 1329 1474 1397 ipse
1526 1326 1801 1397 procedat.
1846 1324 2021 1382 Porro
2084 1328 2391 1384 secundum

811 1438 876 1475 ac
905 1421 1166 1485 medium,
1202 1421 1345 1491 quod
1373 1429 1424 1473 ct
1458 1433 1606 1474 nunc
1637 1419 1705 1472 ad
1741 1420 2223 1488 contemplandum
2262 1434 2392 1489 pro-

810 1515 1053 1583 ponitur,
1086 1522 1323 1583 potestas
1347 1512 1597 1584 qnmdam
1631 1504 1798 1582 759
1824 1521 1910 1567 est
1942 1528 2066 1583 quae
2106 1528 2213 1567 una
2264 1525 2390 1566 cum

810 1614 1059 1673 apostata
1105 1606 1305 1661 Satana
1360 1605 1577 1669 cecidit,
1646 1605 1739 1659 illo
1775 1603 1996 1673 quidem
2047 1604 2249 1667 minor,
2295 1603 2391 1658 sed

810 1697 1025 1753 exteris
1051 1698 1119 1752 ad
1152 1697 1459 1753 nocendum
1487 1694 1834 1759 eminentior,
1876 1694 1968 1763 qui
1997 1704 2080 1749 cst
2112 1694 2391 1749 Antichri-

813 1800 954 1853 stus,
985 1790 1288 1859 procedens
1316 1786 1624 1841 secundum
1656 1788 2037 1856 operationem
2073 1785 2311 1853 Satanae,
2341 1796 2396 1842 et

1652 385 1982 446 ARETll/E
2023 386 2403 448 CAESAREE
2439 387 2921 448 CAPPADUCL'E
2960 386 3301 448 EPISCOPI

3968 389 4091 457 6'29.

2580 501 2669 554 ’Ev
2694 503 2791 571 μὲν
2814 506 2881 573 τῇ
2917 502 3024 573 πρὸ
3052 502 3260 572 ταύτης
3282 501 3511 574 θεωρίᾳ,
3532 504 3751 576 δράκων
3776 508 3992 578 πυρρὸς
4024 510 4090 561 ὲν

2492 596 2573 665 τῷ
2617 593 2834 666 οὐρανῷ
2880 596 3098 666 ὁρᾶται,
3148 594 3243 648 νῦν
3272 594 3331 650 δὲ
3369 596 3435 649 ὲκ
3464 596 3563 667 τῆς
3612 598 3886 670 θαλάσσης
3934 602 4088 655 dva-

2496 685 2719 739 6αίνων.
2780 684 2839 739 ’0
2888 684 2989 755 μὲν
3017 685 3113 739 οὖν
3154 686 3251 740 ἀπ’
3284 687 3517 759 οὐρανοῦ
3547 688 3785 760 δράκων,
3818 691 3914 744 τὸν
3948 693 4086 746 κατ’

2494 774 2673 843 ἀρχὰς
2702 777 2801 845 τῆς
2828 774 3083 845 οὐρανίου
3130 775 3291 846 δόξης
3345 779 3743 833 ἐκπεπτωκότα
3780 766 4083 852 σημαίνει.

2505 864 2568 918 '0
2596 864 2693 917 νῦν
2720 865 2776 918 δὲ
2810 865 2995 931 πάλιν,
3048 865 3140 920 τὸν
3169 867 3334 921 αὑτὸν
3374 869 3440 924 ὲκ
3459 870 3563 940 τῆς
3617 870 3894 943 θαλάσσης
3934 874 4084 928 ivu-

2498 956 2773 1020 δαίνοντα,
2801 955 3080 1011 Θάλασσαν
3101 957 3193 1012 τὸν
3213 959 3447 1014 ἄστατον
3467 960 3657 1015 τοῦτον
3678 968 3773 1015 καὶ
3797 963 4088 1034 ἀτάραχον

2499 1044 2785 1115 παριστῶν
2818 1044 2953 1115 βίον,
2987 1046 3081 1114 ἀφ’
3111 1042 3179 1119 ἧς
3206 1048 3303 1101 καὶ
3328 1049 3615 1104 ἀναϐαίνει
3643 1051 3705 1105 τὸ
3736 1051 3950 1122 θηρίον,
3976 1053 4086 1115 τάς

2497 1136 2606 1191 τῶν
2658 1135 2962 1208 ἀνθρώπων
3012 1139 3127 1209 (56)
3163 1140 3505 1212 πλημμιλιτς
3559 1143 3656 1197 καὶ
3708 1143 4086 1214 ἀστηρίκτους

2499 1230 2593 1284 ἰπὶ
2623 1230 2733 1293 τοῖς
2776 1228 3000 1297 ἀγαθοῖς
3029 1231 3259 1302 πράξεις
3286 1219 3483 1287 ’λαϐὼν
3533 1235 3614 1296 εἰς
3643 1236 3973 1304 ἐμφάνειαν.
4013 1237 4084 1289 Ὃ

2498 1322 2599 1376 οὐκ
2621 1321 2771 1386 ἄλλο,
2795 1321 2828 1393 ἢ
2853 1324 2881 1376 ό
2907 1322 3275 1394 Ἀντίχριστος
3298 1324 3482 1398 tum;
3503 1324 3706 1396 πρώτῳ
3727 1329 3815 1380 καὶ
3836 1326 4084 1397 δευτέρῳ

2500 1414 2737 1484 Σατανᾷ,
2789 1415 2969 1481 τρίτος
3018 1413 3178 1479 αὐτὸς
3227 1416 3457 1485 προϊών.
3490 1418 3565 1470 Τὸ
3599 1418 3856 1489 δεύτερον
3890 1419 3947 1472 δὲ
3985 1419 4083 1472 καὶ

2503 1504 2692 1575 μέσον,
2725 1503 2754 1555 δ
2779 1503 2877 1557 καὶ
2902 1503 2999 1556 νῦν
3027 1504 3318 1575 πρόκειται
3341 1506 3422 1568 είς
3445 1506 3702 1579 θεωρίαν,
3730 1503 3967 1577 eorum;
3998 1524 4082 1568 τις

2498 1597 2777 1665 τυγχάνει,
2817 1595 2896 1665 τῷ
2950 1596 3238 1673 ἀποστάτῃ
3282 1598 3497 1668 Σατανᾷ
3555 1602 4079 1663 συνεκπεπτωκυῖα,

2501 1688 2712 1742 ἐκείνου
2752 1687 2853 1757 μὲν
2879 1682 3063 1759 ἦττον,
3097 1688 3206 1742 τῶν
3238 1689 3295 1743 δὲ
3328 1689 3531 1744 λοιπῶν
3558 1691 3639 1755 είς
3678 1691 3876 1744 κακίαν
3904 1690 4082 1761 προῦ-

2502 1794 2695 1847 χουσα.
2724 1776 2824 1840 ’ος
2872 1778 3021 1831 ἐστιν
3049 1779 3079 1831 ό
3126 1778 3514 1850 ’Δντίχριστος,
3554 1780 3583 1833 ὁ
3621 1780 3740 1834 κατ’
3793 1780 4085 1850 ἐνέργειαν

809 1896 999 1933 carum
1044 1896 1165 1951 quae
1196 1896 1302 1934 una
1357 1895 1482 1933 cum
1520 1878 1615 1933 illo
1676 1876 1925 1948 deiectae,
1964 1881 2117 1949 prius
2172 1878 2393 1949 quidem
2427 1861 2593 1924 Βτοῦ
2653 1871 2869 1925 Σατανᾶ
2930 1872 3026 1924 καὶ
3087 1872 3198 1925 τῶν
3251 1888 3301 1926 σι

2498 1870 2593 1924 τοῦ
2653 1871 2869 1925 Σατανᾶ
2930 1872 3026 1924 καὶ
3087 1872 3198 1925 τῶν
3251 1874 3855 1945 ωγκαταὸεόλημιίνων
3904 1874 4081 1943 αὐτῷ,

809 1971 1069 2041 angelica:
1126 1981 1419 2041 potestates
1494 1980 1678 2031 erant.
1732 1970 2082 2039 postmodum
2137 1986 2267 2026 vero
2326 1986 2394 2026 ex

812 2078 1068 2133 perversa
1098 2064 1377 2118 voluntate
1428 2061 1496 2116 ad
1550 2061 1866 2116 daemonum
1920 2060 2217 2131 caliginem
2267 2067 2397 2116 sunt

813 2164 1212 2213 transmittam.
1248 2154 1468 2209 Cornua
1505 2170 1636 2211 vero
1695 2155 1889 2209 decem
1925 2154 2219 2226 designant
2258 2170 2394 2210 con-

813 2247 1237 2301 summationem
1283 2262 1476 2301 eorum
1524 2262 1649 2317 qua:
1704 2245 1904 2316 juvant
1971 2246 2039 2301 ad
2096 2246 2392 2311 malitiam,

812 2338 1133 2406 contingere
1188 2338 1529 2392 Antichristo
1563 2355 1577 2391 :
1635 2337 1776 2391 inter
1808 2352 1931 2406 qua:
1960 2334 2132 2406 gloria
2176 2350 2398 2405 quoque

815 2428 994 2497 ipsum
1054 2428 1371 2493 comitatur,
1402 2427 1666 2497 quoniam
1708 2443 1881 2482 cornu
1944 2427 2173 2499 gloriam
2220 2428 2397 2498 signi-

816 2521 985 2577 ticare
1012 2522 1172 2577 solet.
1209 2520 1315 2576 Sed
1347 2522 1486 2576 etde
1532 2523 1616 2576 his
1648 2521 1908 2579 dixerunt
1947 2522 2175 2593 quidant
2210 2526 2262 2576 itt
2303 2521 2398 2577 de-

814 2628 934 2665 cem
993 2629 1158 2685 regna
1215 2614 1452 2669 divisum
1507 2622 1637 2669 tunc
1712 2616 1779 2669 iri
1826 2614 2114 2670 mundum.
2175 2614 2394 2684 Septem

818 2713 999 2759 autem
1026 2706 1226 2776 capita.
1268 2722 1335 2761 eo
1371 2706 1515 2776 quod
1545 2722 1710 2777 regna
1763 2707 1816 2761 in
1855 2708 1960 2762 hoc
1994 2706 2200 2761 mundo
2253 2721 2391 2759 con-

817 2796 1061 2865 tingant,
1114 2798 1210 2867 qui
1270 2814 1393 2854 cum
1455 2797 1767 2867 septenario
1802 2812 2047 2852 numero
2098 2797 2393 2869 quamdam

819 2888 983 2942 habet
1028 2893 1432 2959 cognationem,
1476 2892 1654 2962 utqui
1688 2892 1852 2947 simul
1897 2891 2234 2947 dissolvatur
2269 2908 2395 2947 cum

818 2982 1062 3035 sensibili
1093 2992 1147 3037 et
1171 2984 1376 3039 carnali
1403 2984 1531 3049 vita,
1558 3000 1683 3039 cum
1718 2994 1900 3039 autent
1927 2986 2177 3040 exoritur
2219 2986 2398 3039 ineor-

820 3074 1097 3142 rnptibilis
1150 3084 1205 3130 et
1272 3086 1534 3146 perpetua
1590 3077 1722 3140 vita,
1771 3087 1901 3131 tunc
1939 3076 2102 3131 etiam
2169 3092 2395 3147 rcgnnnt

818 3175 901 3218 cst
922 3176 1243 3235 perpetuum
1271 3177 1327 3221 et
1354 3168 1703 3223 successione
1729 3184 1947 3222 carens.

896 3254 964 3308 Et
998 3258 1162 3311 bestia
1201 3275 1357 3327 quant
1392 3261 1497 3313 ridi
1533 3260 1733 3313 similis
1764 3272 1875 3313 erat
1911 3259 2104 3328 perdo.
2140 3257 2314 3312 Sintul
2344 3258 2396 3311 in

822 3345 1126 3415 principatu
1166 3347 1524 3417 blasphemia:
1551 3350 1718 3402 alium
1749 3349 1903 3417 sequi
1937 3349 2236 3419 signiﬁcat,
2295 3347 2399 3403 hoc

820 3448 922 3499 cst.
960 3439 1379 3493 Autichristunt.
1422 3442 1541 3510 Ipse
1561 3441 1707 3494 enint
1743 3440 1849 3494 erit
1883 3440 2279 3505 Antichristus,
2302 3440 2398 3509 qui

822 3532 972 3586 visus
996 3533 1064 3586 ab
1098 3534 1326 3587 exordio
1351 3534 1553 3588 Graecis
1590 3533 1950 3602 principibus,
1975 3545 2028 3586 ct
2062 3549 2193 3588 sane
2232 3533 2397 3588 etiam

824 3623 908 3675 his
940 3621 1031 3689 qui
1067 3633 1190 3690 post
1243 3622 1661 3677 Constantinum
1717 3622 1971 3693 Magnum
2014 3621 2167 3677 fuere
2208 3642 2221 3676 :
2258 3622 2400 3676 inter

827 3728 968 3781 quos
1002 3710 1258 3767 Julianus
1287 3725 1339 3767 et
1388 3712 1603 3775 Valens,
1636 3713 1841 3783 quique
1882 3722 2007 3783 post
2063 3729 2185 3768 eum
2221 3714 2398 3769 secuti

826 3812 956 3857 sunt
992 3803 1228 3859 hatret'rci
1275 3805 1678 3873 imperatores:
1722 3813 1853 3857 tunc
1897 3812 1950 3858 et
1996 3803 2111 3873 ipse
2157 3804 2404 3872 insurget

822 3896 998 3949 diiiso
1030 3897 1195 3965 paulo
1229 3904 1356 3949 ante
1385 3897 1558 3965 ipsius
1591 3896 1882 3952 adveniunt
1934 3895 2183 3951 Romano
2225 3898 2400 3968 impc-

823 3988 907 4040 rio
942 3988 996 4042 in
1032 3989 1220 4042 decent
1251 3988 1616 4058 principatus,
1652 3988 1741 4042 ubi
1766 3988 1879 4058 jam
1926 3988 2246 4043 innumeras
2279 4006 2401 4057 pcr-

824 4080 1008 4133 tulerit
1071 4079 1206 4135 lides
1257 4079 1573 4135 Christiana
1633 4080 2027 4151 blaspltemias.
2060 4080 2133 4135 De
2172 4096 2402 4135 numero

822 4179 1005 4224 autem
1062 4172 1248 4227 decent
1310 4188 1374 4227 ac
1417 4180 1623 4241 septem
1674 4173 1786 4242 jam
1810 4173 2019 4227 dictttm
2082 4178 2187 4227 est.
2233 4172 2402 4226 Porro

821 4263 1003 4332 qualis
1035 4263 1105 4318 sit
1154 4262 1355 4327 bestia,
1390 4264 1590 4318 similis
1622 4275 1727 4328 eSI,
1758 4263 1956 4334 inquit,
2001 4264 2193 4334 pardo,
2239 4264 2403 4332 pedes

823 4354 1033 4410 habens
1068 4356 1204 4418 ursi,
1235 4370 1291 4410 et
1324 4372 1387 4410 os
1446 4363 1707 4426 tauquam
1748 4356 1924 4411 leonis
1954 4370 1969 4408 :
2020 4370 2115 4425 per
2169 4356 2399 4425 pardum

822 4444 1045 4515 quidem
1083 4443 1378 4516 designans
1411 4446 1718 4500 Romanum
1749 4446 2043 4516 imperium
2079 4448 2225 4518 quod
2260 4446 2401 4501 cele-

2497 1961 2810 2030 άγγελικῶν
2864 1962 2965 2032 μὲν
3015 1962 3077 2017 τδ
3137 1964 3269 2035 πρὶν
3342 1966 3713 2035 ὑπαρχουσῶν
3768 1967 4081 2035 δυνάμεων,

2498 2052 2728 2125 ὕστερον
2787 2055 2868 2118 δὲ,
2904 2057 2970 2108 ὲκ
3015 2054 3454 2129 διαδεὸλημινης
3507 2059 3903 2129 προαιρέσεως,
3942 2058 4083 2127 πρὸς

2496 2144 2597 2216 τὴν
2633 2146 2742 2198 τῶν
2792 2145 3065 2217 δαιμόνων
3125 2149 3746 2219 μετασχηματισθεισῶν
3812 2149 4080 2218 ζόφωσιν.

2496 2238 2581 2292 Τά
2616 2238 2823 2309 κέρατα
2866 2240 2923 2292 δὲ
2954 2240 3025 2293 τὰ
3055 2241 3190 2296 δέκα
3244 2241 3306 2295 τὸ
3352 2241 3559 2296 τέλειον
3608 2241 3715 2295 τῶν
3748 2242 3827 2305 εἰς
3877 2241 4081 2295 κακίαν

2500 2329 2897 2387 συντελούντων
2928 2336 3210 2405 προσεῖναι
3249 2335 3326 2405 τῷ
3371 2336 3727 2404 ’Δντιχρίστῳ
3750 2332 4081 2405 παραδηλοῖ,

2498 2429 2559 2495 ἐξ
2587 2422 2663 2482 ῶν
2692 2428 2788 2482 καὶ
2835 2426 2963 2493 δόξα
3006 2427 3160 2497 αὐτῷ
3196 2430 3567 2499 παρομαρτεῖ,
3631 2426 3767 2480 διότι
3813 2426 3877 2479 τὸ
3913 2426 4082 2494 κέρας

2497 2526 2599 2595 τὴν
2666 2522 2826 2588 δόξαν
2863 2522 2985 2586 ἔθος
3023 2522 3331 2593 σημαίνειν.
3397 2521 3561 2576 Ἀλλὰ
3609 2523 3703 2575 καὶ
3745 2522 3811 2573 ὲκ
3873 2518 4084 2571 τούτων

2498 2618 2645 2682 τινὲς
2678 2620 2972 2689 εἰρήκασιν
3000 2618 3082 2680 είς
3122 2617 3257 2671 δίκα
3304 2616 3427 2669 τότε
3476 2615 3754 2685 βασιλείας
3787 2613 4083 2685 διῃρῆσθαι

2498 2712 2599 2782 τὴν
2636 2710 2985 2780 οἰκουμένην.
3022 2709 3132 2773 Τὰς
3164 2710 3222 2763 δὲ
3256 2710 3397 2762 ἑπτά
3426 2707 3692 2776 κεφαλάς,
3731 2705 3810 2774 τῷ
3839 2706 3943 2768 τὰς
3980 2705 4078 2773 βα-

2500 2803 2708 2866 σιλείας
2729 2804 2787 2856 ὲν
2804 2801 2940 2872 τῷδε
2960 2800 3037 2872 τῷ
3057 2801 3327 2871 συστοίχῳ
3342 2799 3435 2853 τοῦ
3456 2795 3820 2869 ὲόδοματικοῦ
3834 2796 3967 2866 apto
3977 2796 4081 2866 μοῦ

2501 2895 2691 2964 κόσμῳ
2722 2894 2987 2964 ὑπάρξαι,
3041 2892 3536 2963 συγκαταλυομένῳ
3579 2894 3655 2956 ὡς
3708 2890 3958 2959 αίσθητῷ
4014 2893 4079 2959 τῇ

2502 2986 2645 3039 κατὰ
2686 2987 2866 3056 σάρκα
2915 2984 3125 3054 βιώσει,
3171 2983 3551 3045 ἀνατέλλοντος
3581 2982 3639 3035 δὲ
3668 2980 3763 3035 τοῦ
3793 2982 4079 3050 ἀφθάρτου

2500 3094 2562 3130 τε
2593 3075 2685 3130 καὶ
2705 3076 3124 3139 διαιωνίζοντος,
3158 3076 3215 3127 ἐν
3260 3069 3305 3143 ᾧ
3338 3075 3433 3129 καὶ
3474 3078 3505 3137 ὴ
3542 3072 3793 3144 βασιλεία
3838 3070 4083 3125 διαιωνίο

2427 3205 2471 3263 c
2505 3166 2677 3231 ζουσά
2709 3182 2768 3218 τε
2798 3165 2896 3218 καὶ
2928 3165 3231 3233 ἁδιάδοχος.

2577 3258 2683 3314 Καὶ
2736 3258 2802 3312 τὸ
2834 3256 3043 3324 θηρίον
3094 3256 3125 3309 ὃ
3158 3252 3323 3310 εἴδω·
3373 3252 3454 3325 ἦν
3501 3256 3711 3323 ὅμοιον
3760 3254 4079 3323 παρδάλει.

2503 3351 2659 3418 ’Ἀμα
2685 3350 2753 3419 τῇ
2788 3348 2932 3418 ἀρχῇ
2969 3350 3066 3418 τῆς
3104 3346 3454 3418 βλασφημίας
3483 3348 3644 3401 ἄλλον
3689 3347 3923 3399 ἔπεσθαι
3974 3363 4084 3398 πα-

2506 3440 2749 3511 ραδηλοῖ,
2783 3440 3051 3503 τουτέστι,
3085 3440 3176 3493 τὸν
3212 3439 3609 3510 ’Δντίχριστον.
3642 3438 3813 3500 Αὐτὸς
3841 3437 3901 3490 δὲ
3928 3437 4083 3490 ἔσται

2501 3540 2531 3590 ό
2582 3537 2949 3606 ’Δντίχριστος
2977 3538 3006 3589 ὁ
3030 3537 3339 3605 προοιμίοις
3363 3536 3709 3605 χρησάμενος
3738 3535 3853 3594 τοῖς
3898 3532 4085 3601 Ἐλληο

2504 3632 2744 3695 νίζουσιν
2790 3631 3074 3698 ἄρχουσιν,
3116 3620 3210 3681 καὶ
3238 3628 3303 3699 δὴ
3335 3628 3567 3689 καὶτοῖς
3602 3625 3741 3694 μετὰ
3791 3626 4084 3677 Κωνστλν-

2502 3722 2648 3774 τίνον
2680 3720 2770 3773 τὸν
2828 3718 3024 3788 μέγαν,
3069 3714 3145 3771 ὧν
3188 3719 3334 3770 ἐστιν
3386 3717 3671 3777 Ἰουλιανὸς
3718 3715 3814 3769 καὶ
3842 3715 4083 3779 Οὐάλης,

2510 3815 2605 3866 καὶ
2638 3814 2688 3866 ei
2737 3812 2860 3867 καθ’
2906 3811 3035 3879 ἑξῆς
3073 3811 3442 3881 αἱρετίζοντες
3494 3809 3751 3877 βασιλεῖς.
3794 3809 3932 3860 Τότε
3994 3806 4086 3858 καὶ

2503 3907 2667 3970 αὐτὸς
2694 3907 3179 3976 ὲπιστήσετσι,είς
3205 3905 3337 3959 δέκα
3384 3904 3492 3974 πρὸ
3548 3902 3748 3973 μικροῦ
3784 3902 3883 3970 τῆς
3916 3900 4084 3954 αὐτοῦ

2503 3998 2741 4067 ἀφίξεως
2768 3997 3124 4069 μερισθείσης
3148 3997 3248 4065 τῆς
3286 3996 3599 4064 Ῥωμαῖκῆς
3629 3992 3827 4062 ἀρχῆς,
3852 3991 4084 4059 apro-Ja-

2502 4109 2613 4153 τως
2670 4088 3272 4160 μεταϐεϐλασφημένης
3318 4086 3419 4154 τῆς
3468 4085 3579 4136 τῶν
3614 4082 3961 4152 Χριστιανῶν
3997 4082 4080 4132 πί-

2506 4199 2700 4243 στεως.
2738 4180 2872 4251 Περὶ
2921 4179 3017 4234 τοῦ
3065 4176 3301 4248 ἀριθμοῦ
3352 4176 3408 4229 δὲ
3462 4176 3557 4227 τοῦ
3606 4175 3738 4226 δέκα
3788 4172 3888 4225 καὶ
3945 4172 4085 4225 ἑπτὰ

2504 4275 2743 4343 εἴρηται.
2790 4273 3006 4325 Ὀποῖον
3036 4272 3093 4324 δὲ
3124 4270 3183 4322 τὸ
3215 4268 3424 4339 θηρίον,
3472 4266 3659 4335 ὅμοιόν
3689 4281 3822 4334 φησι
3873 4262 4082 4333 παρδά-

2504 4364 2665 4428 λεως,
2696 4364 2789 4415 κοιλ⁵
2811 4363 2859 4415 οἱ
2893 4363 3053 4423 πόδες
3084 4362 3313 4429 ἄρκτου,
3335 4357 3431 4412 καὶ
3452 4358 3515 4410 τὸ
3544 4356 3716 4426 στόμα
3744 4354 3819 4417 ὼς
3845 4354 4081 4414 λέοντος,

2503 4455 2592 4508 διὰ
2646 4455 2746 4525 μὲν
2794 4455 2891 4523 τῆς
2946 4452 3265 4522 παρδάλεως
3298 4452 3398 4521 τὴν
3458 4449 3744 4518 Ῥωμαίων
3799 4445 4083 4515 σημαίνων

821 4540 958 4591 riter
1012 4539 1343 4606 processerit
1394 4538 1662 4595 adversus
1724 4554 2084 4610 quoscunque
2135 4539 2399 4609 impetum
2441 4559 2484 4616 ι)
2513 4546 2709 4617 ἀρχὴν,
2762 4546 2839 4609 ῶς
2866 4544 3165 4615 ταχυεργῆ,
3212 4543 3301 4597 καί

2513 4546 2709 4617 ἀρχὴν,
2762 4546 2839 4609 ὡς
2866 4544 3165 4615 ταχυεργῆ,
3212 4542 3335 4597 καθ’
3383 4534 3457 4594 ὧν
3493 4541 3560 4594 ἂν
3602 4539 3702 4610 τὴν
3733 4535 3914 4608 ὁρμὴν
3961 4539 4081 4606 σχῇ,

820 4629 1014 4686 habuit
1045 4641 1100 4685 ct
1143 4631 1432 4693 violenter,
1464 4631 1987 4702 donec'pertingeret
2003 4631 2071 4685 ad
2094 4632 2257 4685 linem
2285 4630 2407 4700 cjus

820 4720 968 4791 quod
1000 4721 1358 4778 inchoaverat
1398 4740 1415 4776 :
1443 4725 1587 4795 quod
1610 4722 1775 4778 etiam
1810 4723 2082 4795 signiﬁcat
2110 4736 2208 4794 per
2237 4724 2404 4795 pedes

824 4814 963 4869 ursi.
1005 4813 1341 4870 Referuutur
1392 4826 1575 4871 autem
1631 4826 1687 4871 et
1711 4816 1827 4870 hate
1888 4816 1954 4871 ad
1989 4814 2282 4871 Perstrqu
2318 4829 2405 4869 re-

824 4921 1016 4976 gnum.
1066 4906 1335 4963 Caeterum
1371 4923 1467 4977 per
1495 4923 1561 4964 os
1595 4907 1915 4979 designatur
1959 4920 2187 4976 regnum
2225 4903 2408 4976 Baby-

827 4997 1128 5064 loniorum,
1177 5000 1266 5053 cui
1300 4999 1550 5057 succedit
1588 5000 1811 5055 indubie
1858 5014 2086 5069 regnum
2135 4995 2398 5053 Sarrace-

827 5104 1042 5155 norum,
1077 5107 1142 5146 eo
1171 5092 1317 5162 quod
1351 5110 1496 5149 nunc
1517 5107 1741 5165 quoque
1768 5094 1823 5148 in
1856 5090 2133 5162 Babylone
2160 5092 2233 5146 sit
2254 5089 2405 5161 regia

826 5178 1069 5245 illorum,
1098 5182 1300 5251 quibus
1324 5184 1698 5243 dominabitur
1728 5184 2103 5241 Antichristus
2142 5193 2403 5253 tanquam

826 5270 1127 5339 imperator
1148 5274 1547 5332 Romanorum.

902 5361 972 5417 Et
1008 5364 1153 5419 dedit
1184 5366 1265 5421 illi
1298 5370 1463 5422 draco
1493 5370 1744 5423 uirtutem
1770 5385 1948 5425 suam.
1974 5369 2133 5426 Dabit
2171 5387 2408 5447 namque

832 5452 1069 5512 Satanas
1098 5458 1403 5527 spiritualis
1437 5464 1605 5518 draco
1650 5461 1992 5520 Antichristo
2019 5478 2241 5521 omnem
2297 5481 2409 5537 po-

834 5553 1086 5601 testatem
1118 5549 1184 5603 ad
1213 5550 1585 5607 seducendunt
1622 5550 1891 5610 duntaxat
1919 5553 2276 5622 inﬁrmiores,
2309 5570 2407 5627 per

832 5633 993 5705 signa
1034 5646 1088 5691 et
1115 5639 1361 5709 prodigia
1398 5641 1704 5700 mendacia.
1741 5641 1885 5711 Quid
1916 5652 2098 5699 autem
2136 5657 2235 5716 per
2258 5642 2408 5700 tlu'eo

909 5819 1021 5890 (se)
1048 5819 1225 5877 ἄλλων
1257 5823 1343 5878 od.

2510 4642 2605 4693 καὶ
2653 4638 2997 4710 καρτερικὴν
3049 4636 3240 4706 μέχρις
3273 4633 3339 4687 ἂν
3372 4632 3507 4703 πρὸς
3539 4632 3689 4691 τέλος
3728 4629 3820 4682 τοῦ
3854 4627 4085 4698 ἐνάρξα-

2508 4732 2632 4785 σθαι
2660 4732 2861 4803 φθάσῃ.
2894 4730 2923 4783 ὃ
2958 4731 3049 4784 καὶ
3078 4728 3167 4781 διὰ
3201 4727 3313 4781 τῶν
3343 4725 3442 4790 τῆς
3470 4726 3675 4795 ἄρκτου
3707 4722 3887 4774 ποδῶν
3917 4720 4081 4791 δηλοῖ.

2518 4823 2909 4892 Ἀναφέρονται
2934 4821 2991 4875 δὲ
3025 4821 3119 4875 καὶ
3144 4820 3224 4883 εἰς
3247 4819 3350 4889 τὴν
3377 4816 3603 4887 Περσῶν
3634 4813 3941 4881 βασιλείαν.
3990 4812 4085 4865 Διὶ

2503 4912 2560 4965 δὲ
2585 4912 2680 4964 τοῦ
2710 4910 2978 4983 στόματος
3009 4913 3043 4982 ἡ
3085 4910 3469 4972 Βαϐυλωνίων,
3502 4908 3569 4978 ἣν
3598 4907 3661 4959 ἄν
3689 4923 3775 4969 τις
3810 4904 4088 4974 άπαραλο-

2507 5006 2710 5074 γίστως
2757 5006 2858 5074 τὴν
2910 5004 3019 5058 τῶν
3071 5002 3448 5076 Σφρακηνῶν
3501 4999 3797 5066 ἐκδέξεται,
3851 4995 3977 5050 καθ’
4006 4998 4088 5048 δτι

2511 5101 2607 5151 καὶ
2641 5096 2698 5153 ὲν
2728 5094 3012 5152 Βαϐυλῶνι
3039 5093 3136 5148 νῦν
3166 5096 3287 5149 ἔστι
3319 5094 3382 5147 τὸ
3406 5094 3626 5163 ἀρχεῖον
3648 5088 3852 5153 αὐτῶν,
3870 5081 3947 5141 ῶν
3971 5087 4038 5159 δὴ
4061 5089 4089 5139 ὁ

2524 5189 2889 5261 ’Δντίχριστος
2913 5189 2990 5250 ὠς
3033 5185 3323 5257 Ῥωμαίων
3349 5183 3603 5256 βασιλεὺς
3627 5180 3920 5259 κρατήσει.

2582 5364 2693 5420 Καὶ
2731 5364 2958 5420 ἔδωκεν
3000 5348 3171 5428 αὐτῷ
3207 5365 3241 5418 ό
3270 5362 3505 5431 δράκων
3533 5358 3647 5427 τήν
3680 5358 3941 5429 δύναμιν
3982 5361 4087 5413 αὖ·

2510 5458 2638 5516 τοῦ.
2674 5458 2841 5511 Mum
2876 5458 2985 5530 γὰρ
3013 5455 3508 5527 τῷἊντιχρίστῳό
3541 5453 3809 5516 Σατανᾶς,
3847 5453 3878 5505 ό
3900 5452 4088 5521 νοητὸς

2509 5551 2753 5620 δράκων,
2789 5552 2971 5607 πᾶσαν
3020 5546 3273 5616 ἐξουσίαν
3325 5548 3384 5600 ὲν
3440 5546 3689 5617 σημείοις
3742 5543 3837 5597 καὶ
3901 5544 4089 5614 τέρασι

2510 5642 2757 5719 ψευδέσι,
2790 5640 2927 5717 πρὸς
2957 5636 3235 5712 ὲξαπιὶτην
3266 5640 3416 5711 ὅμως
3444 5637 3553 5694 τῶν
3586 5633 3960 5707 ἀστηρίκτων.
3990 5631 4090 5686 Τὸν
