4256 6440
225 419 333 485 6ῖ3

1288 415 1678 478 COMMENT.
1721 417 1802 479 IN
1845 417 2075 477 APOCA
2088 416 2371 476 LYPSIN.

3373 408 3482 477 01-1.

226 536 417 604 θρόνον
446 534 502 586 δὲ
532 531 583 585 τί
615 532 857 602 νοητέον,
897 533 945 584 εἰ
991 531 1066 599 μὴ
1098 531 1198 601 τὴν
1229 530 1479 598 ὲξουσέαν
1510 533 1606 586 τοῦ
1649 533 1810 603 ἀέρος
1843 546 1882 597 Α

1915 549 2045 588 num
2080 533 2490 603 intelligendum
2516 543 2598 588 est
2635 531 2740 587 nisi
2769 539 3011 601 potestas
3046 530 3190 586 aeris
3225 531 3451 587 tenebru

227 627 322 679 τοῦ
352 627 576 685 σκότους
613 624 828 687 τούτου,
861 623 927 693 ἣν
955 624 1049 675 καὶ
1081 623 1241 686 αὐτὸς
1266 623 1390 693 ἔσχε
1415 625 1516 694 τῆς
1547 625 1803 693 οὐρανίου

227 718 388 786 δόξης
420 718 553 769 ἐκπε
564 714 797 777 πτωκώς
824 731 839 778 ;

301 808 411 862 Kal
462 803 627 860 εἶδον
649 807 796 875 μίαν
843 805 912 858 ἐκ
943 805 1064 859 τῶν
1097 804 1381 874 κεφαλῶν
1413 807 1626 870 αὐτοῦ,
1665 808 1807 862 ὡσεὶ

226 896 618 966 ἐσφαγμένην
641 897 727 960 εἰς
759 893 1047 948 θάνατον·
1078 895 1177 947 καὶ
1196 894 1233 959 ἠ
1262 896 1467 963 πληγὴ
1496 896 1600 949 τοῦ
1633 897 1810 949 θανά-

227 1005 337 1041 του
367 986 555 1039 αὑτοῦ
583 986 947 1053 ἐθεραπεύθη
970 1002 983 1016 ·
1011 987 1108 1038 καὶ
1154 986 1497 1055 ἐθαύμασεν
1519 987 1630 1053 ὅλη
1668 990 1706 1055 ἠ
1733 988 1807 1058 γῆ

230 1079 428 1130 ὀπίσω
471 1077 576 1129 τοῦ
610 1077 851 1143 θηρίου·
887 1076 986 1128 καὶ
1021 1078 1500 1143 προσεκύνησαν
1548 1077 1625 1143 τῷ
1666 1078 1808 1146 δρά-

232 1188 401 1222 κοντι
449 1168 528 1234 τῷ
560 1167 842 1222 δεδωκότι
898 1169 1015 1238 τὴν
1045 1169 1335 1231 ἐξουσίαν
1368 1169 1448 1233 τῷ
1479 1171 1678 1236 θηρίῳ,
1712 1169 1810 1222 καὶ

232 1264 708 1329 προσεκύνησαν
745 1260 821 1324 τῷ
871 1261 1073 1328 θηρίῳ,
1107 1260 1424 1326 λέγοντες·
1471 1263 1565 1326 Τίς
1610 1261 1812 1329 ὅμοιοί

232 1355 315 1417 τῷ
346 1355 560 1420 θηρίῳ;
605 1355 695 1417 τίς
741 1354 1000 1416 δυνατός
1047 1353 1387 1421 πολεμῆσαι
1421 1356 1548 1421 μετ’
1587 1353 1813 1415 αὐτοῦ;

233 1449 330 1499 καὶ
361 1447 540 1514 ἐδόθη
563 1447 723 1510 αὑτῷ
754 1447 948 1514 στόμα
978 1446 1215 1498 ,λαλοῦν
1232 1445 1468 1514 μεγάλα
1492 1444 1587 1497 καὶ
1611 1445 1812 1508 ﬂlac-

233 1540 470 1606 gprutlar
492 1554 504 1566 '
541 1538 638 1591 καὶ
673 1537 851 1602 ἐδόθη
877 1536 1038 1601 αὐτῷ
1062 1537 1313 1600 ἐξουσία
1339 1540 1607 1603 πόλεμον
1639 1535 1811 1603 ποιῆ-

232 1647 341 1684 σαι
362 1630 564 1700 μῆνας
582 1628 1169 1696 τεσσαρακονταδύο.
1188 1629 1294 1682 Kal
1321 1627 1522 1694 ἤνοιξε
1535 1630 1596 1679 τὸ
1621 1628 1815 1694 στόμα

233 1724 424 1776 αὺτοῦ
453 1727 539 1787 εις
566 1722 968 1790 ,βλασφημίαν
1000 1722 1152 1790 πρὸς
1180 1721 1288 1773 τὸν
1329 1722 1496 1783 Θεὸν,
1529 1722 1814 1788 βλασφη-

229 1813 429 1882 μῆσαι
471 1812 537 1865 τὸ
595 1813 782 1878 ὄνομα
805 1811 1017 1874 αὑτοῦ,
1047 1811 1146 1863 καὶ
1190 1810 1306 1877 τὴν
1328 1811 1574 1878 σκηνὴν
1602 1811 1812 1875 αὑτοῦ,

1913 639 2034 678 rum
2092 624 2313 689 harum,
2351 624 2513 695 700
2544 640 2707 694 quam
2741 625 2858 694 ipse
2888 636 3109 694 quoque
3139 622 3352 693 accepit
3390 625 3485 692 qui

1911 735 1942 774 a
1975 719 2144 787 gloria
2181 717 2386 773 caelesti
2418 717 2651 771 cecidit?

1982 808 2123 876 Xlll,
2152 810 2267 862 3-7.
2297 808 2367 862 Et
2392 809 2498 862 vidi
2523 825 2683 860 unum
2718 810 2781 862 de
2802 808 3060 876 capitibus
3086 807 3201 876 ejus
3236 816 3487 875 tanquam

1914 902 2143 955 occisum
2175 900 2243 951 ad
2281 909 2521 961 mortem,
2559 907 2604 949 et
2633 897 2787 965 plaga
2819 897 3003 949 mortis
3029 895 3143 964 ejus
3169 905 3357 948 curata
3386 904 3485 948 est.

1918 990 1983 1043 Et
2017 991 2284 1042 admirata
2314 998 2390 1042 est
2425 990 2669 1042 universa
2694 997 2834 1040 terra
2862 999 2976 1056 post
3003 987 3243 1041 bestiam.
3276 984 3493 1038 Etado-

1914 1093 2161 1135 rarerunt
2193 1082 2475 1135 draconem
2502 1081 2594 1149 qui
2626 1081 2845 1134 dederat
2877 1089 3183 1147 potestatem
3209 1080 3410 1142 bestia,
3434 1086 3486 1131 et

1915 1176 2264 1229 adorarerunt
2285 1174 2508 1227 bestiam
2544 1174 2778 1226 dicentes
2811 1187 2828 1224 :
2859 1170 2990 1236 Quis
3019 1173 3207 1224 similis
3259 1171 3487 1225 bestire?

1912 1269 2031 1336 quis
2061 1268 2246 1335 poterit
2270 1283 2503 1335 pugnare
2529 1281 2644 1317 cum
2681 1265 2778 1318 ea?
2805 1262 2867 1315 Et
2907 1265 3089 1316 datum
3119 1274 3194 1317 est
3223 1265 3270 1316 ei
3308 1281 3366 1317 os
3407 1265 3490 1316 [0-

1913 1376 2075 1424 quens
2103 1375 2292 1424 magna
2331 1371 2380 1411 et
2411 1359 2762 1426 blasphemias
2793 1373 2810 1410 :
2837 1367 2885 1410 et
2922 1360 3050 1409 data
3069 1367 3144 1408 est
3181 1358 3228 1409 ei
3261 1365 3488 1424 potestas

1918 1450 2153 1520 faciendi
2175 1449 2414 1515 praelium
2449 1466 2644 1502 menses
2682 1447 3033 1518 quadraginta
3054 1450 3210 1500 duos.
3262 1446 3329 1499 Et
3359 1463 3487 1515 ape-

1919 1543 2025 1594 ruit
2057 1557 2113 1592 os
2162 1556 2315 1592 suum
2372 1543 2440 1590 ad
2491 1539 2869 1607 blasphemiam
2901 1539 3150 1592 adversus
3211 1537 3399 1601 Deum,
3433 1543 3493 1590 ut

1919 1631 2303 1699 blaspltcrnaret
2333 1645 2518 1682 nomen
2549 1630 2662 1697 ejus
2688 1640 2734 1681 et
2759 1628 3154 1680 tabernaculum
3186 1629 3299 1696 ejus
3329 1638 3376 1680 et
3401 1642 3490 1679 eos

1919 1724 2008 1791 qui
2042 1723 2094 1776 in
2127 1722 2253 1774 cazlo
2287 1721 2551 1773 habitant.
2589 1718 2656 1773 Et
2723 1722 2907 1771 datum
2947 1730 3020 1771 est
3070 1719 3150 1770 illi
3181 1717 3375 1770 bellum
3401 1718 3488 1779 [u-

1917 1828 2030 1865 rere
2059 1828 2177 1864 rum
2205 1811 2403 1864 sanctis
2436 1821 2482 1862 et
2525 1811 2728 1862 uincere
2750 1825 2858 1863 eos.

234 1906 335 1959 καὶ
377 1905 517 1970 τοὺς
575 1905 644 1957 ἐν
678 1902 756 1968 τῷ
815 1901 1048 1972 είφανῷ
1101 1903 1506 1970 σκηνοῦντας.
1568 1903 1675 1957 Kal
1723 1904 1900 1972 ἐδόθη
1953 1904 2114 1969 αὐτῷ
2170 1902 2416 1970 ποιῆσαι
2476 1902 2744 1970 πόλεμον
2791 1901 2941 1970 μετὰ
2988 1899 3108 1953 τῶν
3155 1899 3357 1969 ἁγίων,
3393 1894 3498 1953 καὶ

233 2000 480 2068 νικῆσαι
521 2001 762 2066 αὐτούς.

306 2089 478 2142 Τοῦτο
505 2089 779 2160 διαιρόρως
827 2089 1152 2158 ἐκληπτέον.
1185 2091 1343 2142 ’Ἤτοι
1386 2090 1495 2160 γάρ
1518 2089 1659 2143 οὕτω
1688 2108 1812 2158 νοη-
1847 2095 1888 2153 Β

235 2181 392 2234 τέονο
429 2181 737 2248 Κεφάλαιον
767 2180 862 2233 τοῦ
898 2181 1132 2246 Σατανᾶ,
1172 2180 1239 2233 τά
1273 2181 1364 2232 ὑπ’
1398 2181 1562 2235 αὑτοῦ
1606 2184 1814 2235 πεπλαο

236 2273 450 2342 νημένα
485 2273 632 2340 ἔθνη.
666 2273 886 2325 Τούτων
930 2273 986 2325 δὲ
1029 2275 1062 2342 ἡ
1116 2273 1255 2342 πρὸς
1301 2274 1579 2328 εὐσέϐειαν
1621 2277 1816 2327 ἐπανα-

237 2364 420 2432 γωγὴ,
457 2362 641 2433 σφαγὴ
683 2365 760 2424 εἰς
793 2362 1024 2416 θάνατον
1058 2363 1332 2434 ἐλογίσθη.
1375 2367 1484 2419 Καὶ
1515 2367 1598 2420 ὃτι
1637 2367 1696 2419 οὐ
1723 2384 1817 2420 κυο

240 2458 375 2524 ρὶως
413 2454 648 2522 σφαγὴν,
702 2454 815 2506 ἀλλ’
864 2456 941 2518 ὼς
973 2455 1190 2526 σφαγὴν
1232 2460 1295 2509 τὸ
1345 2457 1504 2527 ῥητὸν
1553 2461 1812 2530 παριστᾷ,

239 2549 345 2599 οὐκ
377 2547 754 2616 ἐσφαγμενην,
790 2547 905 2600 ἀλλ’
946 2548 1020 2610 ὡς
1067 2550 1418 2619 ἐσφαγμενην
1453 2552 1680 2620 φάσκον,
1725 2553 1818 2605 καὶ

241 2640 343 2708 τῷ,
395 2642 495 2703 ὡς,
555 2640 942 2711 ὁμοιωματικῷ
992 2642 1166 2711 μορίῳ
1213 2643 1576 2712 χρησάμενον.
1633 2645 1817 2716 Ταύτῃ

243 2732 380 2798 γοῦν
411 2733 570 2785 πάλιν
601 2735 666 2802 τῇ
698 2735 776 2794 εἰς
815 2732 1145 2799 θεογνωσίαν
1173 2733 1581 2806 ὲπαναστροφῇ,
1613 2737 1645 2804 ἡ
1683 2737 1821 2806 πρὸς

240 2823 339 2876 τὸν
369 2823 427 2888 ἐξ
475 2823 646 2891 ἀρχῆς
681 2822 818 2893 πρὸς
853 2822 1117 2875 ἀσέϐειαν
1147 2824 1519 2895 ὲπαναδρομὴ,
1557 2826 1822 2896 θεραπεὶα

242 2915 562 2982 ὠνόμασται
599 2914 834 2982 πληγῆς.
872 2915 940 2966 Ἢ
960 2914 1141 2966 τοίνυν
1163 2914 1335 2976 οὕτως
1363 2915 1432 2966 τά
1457 2917 1554 2984 τῆς
1579 2916 1820 2970 ἀναπτύ-

244 3008 386 3070 ξεως
411 3004 504 3055 τοῦ
536 3005 722 3074 ῥητοῦ,
747 3005 780 3074 ἢ
813 3005 904 3056 καὶ
933 3003 1130 3066 οὕτως·
1160 3006 1418 3075 Κεφαλὴν
1439 3006 1514 3069 ὡς
1539 3009 1822 3077 ἐσφαγμέο

242 3115 368 3166 νην,
407 3098 515 3147 εἴτε
550 3095 675 3147 τινὰ
724 3097 834 3146 τῶν
874 3096 1152 3166 ἀρχόντων
1197 3097 1362 3149 αὑτοῦ
1393 3097 1822 3163 τεθανατῶσθαι,

246 3189 343 3240 καὶ
378 3189 441 3238 ἐκ
473 3186 570 3254 τῆς
605 3188 696 3240 ὑπ’
747 3187 911 3239 αὑτοῦ
940 3188 1019 3249 εἰς
1053 3188 1222 3240 πολλὰ
1246 3187 1617 3258 διαιρεθείσης
1648 3190 1826 3259 ἀρχῆς

245 3279 338 3330 διὰ
393 3279 646 3347 γοητείας
692 3277 986 3345 άπατηλῶς
1039 3277 1362 3331 ἀνίστασθαι
1417 3278 1589 3343 δόξαι,
1642 3280 1675 3350 ἢ
1725 3281 1825 3350 τὴν

262 3371 551 3438 Ῥωμαίων
586 3371 762 3440 ἀρχὴν
815 3370 1198 3439 ἀπολλυμένην
1251 3370 1339 3422 διὰ
1396 3373 1492 3440 τῆς
1541 3374 1620 3434 εἰς
1656 3374 1826 3427 πολλὰ

246 3460 574 3531 διαιρέσεως
601 3463 812 3529 σφαγῆς
847 3461 1047 3532 τρόπον
1071 3460 1394 3529 νομισθῆναι
1413 3477 1427 3492 ’
1458 3463 1624 3515 αὑτοῦ
1651 3464 1706 3516 δὲ
1734 3465 1827 3518 τοῦ
1854 3433 1898 3491 C

264 3553 639 3620 ’Λντιχρίστου
670 3553 872 3616 ταύτας
903 3551 1366 3616 καταλελυκότος,
1400 3552 1498 3622 τὴν
1537 3556 1831 3610 κατάλυσιν

248 3645 552 3714 θεραπείαν
583 3645 927 3716 νομισθῆναι.

326 3825 432 3878 Kal
485 3825 826 3893 ἐθαύμασεν
859 3826 973 3894 ὅλη
1024 3827 1061 3894 ἠ
1103 3828 1178 3897 γῆ
1213 3830 1407 3883 ὀπίσω
1436 3831 1544 3884 τοῦ
1599 3831 1829 3897 θηρίου.

265 3917 413 3970 Ἀντὶ
446 3916 541 3969 τοῦ
589 3917 833 3987 θάμϐους
875 3920 1147 3989 ἐπλήσθη,
1189 3920 1381 3994 ὥσπερ
1421 3923 1831 3992 προηγουμένου

252 4010 352 4062 τοῦ
387 4009 582 4078 θηρίου
616 4009 708 4062 διὰ
752 4009 860 4062 τῶν
904 4012 1167 4079 τεράτων.
1217 4013 1397 4065 αὐτῶν
1439 4013 1496 4066 δὲ
1547 4013 1832 4077 ἐξόπισθεν

250 4100 771 4153 ἐπακολουθούντων
798 4105 864 4171 τῇ
897 4102 1319 4168 συγκαταθέσει.
1356 4105 1427 4155 Τὸ
1448 4105 1503 4157 δὲ
1533 4105 1643 4170 ὅλη
1672 4106 1708 4172 ἡ
1735 4103 1832 4171 γῆ,

251 4193 377 4248 ἀντὶ
419 4193 537 4257 τοῦ,
578 4194 684 4254 πᾶς
721 4193 1032 4260 ἄνθρωπος,
1090 4195 1306 4264 εἴρηται
1345 4195 1710 4265 μετωνυμικῷ
1757 4194 1834 4265 τῷ

249 4285 466 4354 τρόπῳ,
504 4284 612 4335 ἀπὸ
643 4282 736 4335 τοῦ
761 4287 1112 4355 περιέχοντος
1144 4286 1202 4337 τὸ
1228 4288 1637 4356 περιεχόμενον.

328 4378 439 4431 Kal
490 4379 969 4444 προσεκύνησαν
998 4376 1079 4442 τῷ
1116 4378 1414 4444 δράκοντι.
1461 4379 1536 4429 Τὸ
1589 4380 1693 4430 ὑπὸ
1741 4380 1834 4432 τοῦ

269 4468 645 4536 Ἀντιχρίστου
679 4467 866 4537 θαῦμα
919 4469 998 4530 εἰς
1027 4470 1118 4519 τὸν
1150 4468 1216 4520 δι’
1249 4468 1412 4520 αὑτοῦ
1445 4469 1836 4539 ὲνεργούμενον

253 4563 504 4616 διάῦολον
523 4565 620 4632 τὴν
644 4565 924 4635 ἀναφοράν
942 4564 1072 4630 ἔξει,
1103 4566 1181 4616 Δι’
1199 4566 1409 4617 ἐκείνου
1435 4567 1544 4634 γὰρ
1565 4566 1592 4616 ό
1621 4565 1835 4636 δράκων

257 4656 788 4724 προσκυνηθήςεται.

1992 2085 2107 2140 lloc
2131 2085 2279 2139 vario
2311 2085 2474 2138 modo
2519 2084 2693 2153 accipi
2727 2091 2904 2153 potest
2935 2101 2948 2137 :
2977 2089 3072 2136 aut
3112 2082 3258 2137 enim
3298 2083 3371 2136 ita
3407 2085 3496 2135 iu-

1920 2178 2269 2248 tclligendum
2319 2187 2424 2242 est,
2460 2185 2520 2231 ut
2562 2186 2727 2246 caput
2787 2173 3004 2229 Satanae
3037 2187 3222 2243 gentes
3267 2177 3371 2230 sint
3421 2179 3491 2230 ab

1919 2287 1985 2325 eo
2017 2272 2255 2326 seducta:
2290 2289 2303 2325 :
2342 2285 2465 2323 nam
2491 2269 2686 2322 harum
2723 2267 2966 2322 inductio
3003 2266 3070 2320 ad
3103 2267 3346 2320 divinum
3371 2269 3493 2321 culo

1918 2374 2032 2418 tum
2055 2375 2106 2417 et
2135 2364 2414 2432 pietatem,
2446 2361 2652 2415 occisio
2681 2361 2746 2414 ad
2800 2369 3034 2414 mortem
3084 2369 3334 2429 reputata
3387 2370 3492 2413 est.

1918 2456 2073 2522 Quod
2110 2464 2291 2508 autem
2326 2471 2431 2507 non
2481 2453 2647 2507 fuerit
2685 2454 2904 2523 proprie
2956 2453 3187 2515 occisio,
3222 2452 3316 2506 sed
3372 2461 3496 2505 tan-

1919 2561 2085 2616 quam
2115 2545 2346 2609 occisio,
2379 2545 2495 2613 ipsa
2539 2544 2732 2598 litterae
2767 2544 2939 2598 series
2974 2542 3330 2607 demonstrat,
3375 2555 3498 2610 quae

1923 2656 2031 2693 non
2052 2639 2292 2693 occisum
2312 2637 2467 2701 dicit,
2491 2637 2691 2691 utendo
2711 2637 2876 2689 etiam
2896 2636 2994 2699 ὡς,
3026 2635 3076 2688 id
3099 2643 3184 2688 est
3211 2642 3494 2702 tanquam,

1924 2731 2300 2786 similitudinis
2326 2730 2619 2799 particula.
2661 2728 2742 2782 Ad
2777 2729 2918 2781 hanc
2958 2727 3121 2797 igitur
3177 2726 3500 2781 conversio-

1926 2840 2045 2878 nem
2076 2826 2140 2877 ad
2177 2824 2267 2877 Dei
2305 2822 2693 2891 cognitionem,
2728 2835 2947 2873 rursum
2974 2818 3276 2873 succedens
3306 2831 3502 2872 recur-

1925 2932 2019 2970 sus
2072 2917 2138 2969 ad
2173 2917 2426 2984 iprimam
2482 2913 2840 2982 impietatem,
2885 2910 3201 2964 nominatus
3229 2917 3314 2963 est
3367 2923 3502 2964 cura

1930 3008 2120 3077 plaga).
2152 3009 2258 3060 Aut
2309 3004 2604 3070 liocigitur
2658 3003 2818 3056 modo
2870 3001 3003 3054 dicti
3056 2998 3349 3069 explicatio
3403 3015 3501 3053 su-

1929 3099 2121 3152 menda
2164 3106 2247 3152 est
2278 3117 2291 3151 :
2330 3107 2423 3150 aut
2458 3097 2622 3150 etiam
2655 3097 2760 3150 isto
2805 3095 2966 3149 modo
3001 3110 3015 3145 :
3049 3103 3213 3162 caput
3243 3103 3502 3161 tanquam

1929 3191 2197 3255 occisum,
2222 3191 2337 3244 sive
2357 3192 2500 3260 quod
2529 3189 2733 3259 aliquis
2754 3187 3062 3258 principum
3086 3185 3256 3256 ipsius
3287 3185 3504 3238 occisus

1930 3279 2115 3343 fuerit,
2136 3291 2187 3335 et
2215 3297 2280 3336 eo
2313 3281 2458 3349 quod
2516 3281 2631 3350 ipse
2675 3279 2991 3333 diviseritin
3047 3277 3157 3331 und
3184 3293 3211 3330 a
3238 3276 3509 3347 principa-

1931 3383 2068 3434 tum,
2118 3389 2213 3442 per
2264 3375 2623 3442 imposturam
2671 3370 3048 3430 fraudulenter
3109 3383 3393 3437 resurgere
3425 3369 3506 3420 vi-

1931 3465 2146 3519 deatur.
2176 3467 2286 3519 Aut
2315 3465 2496 3534 putari
2553 3463 2926 3517 Romanorum
2959 3461 3187 3530 periisse
3216 3461 3508 3528 imperium

1932 3558 1986 3612 in
2040 3559 2261 3613 modum
2298 3558 2617 3621 occisionis,
2644 3572 2709 3612 eo
2754 3557 2898 3627 quod
2931 3556 2984 3610 in
3035 3555 3207 3609 multa
3267 3554 3506 3610 divisum

1932 3650 2099 3706 fuerit
2126 3668 2140 3704 :
2173 3652 2287 3720 ipse
2317 3658 2497 3704 tamen
2533 3649 2904 3704 Anticliristus
2931 3648 3024 3718 qui
3051 3647 3102 3701 id
3151 3646 3507 3712 dissolverat,

1932 3743 2332 3799 existimaverit
2362 3743 2783 3798 dissolutionem
2805 3755 2930 3796 esse
2965 3755 3181 3794 curam.

2005 3835 2070 3889 Et
2102 3835 2375 3889 admirata
2407 3844 2482 3888 est
2515 3835 2759 3888 universa
2796 3844 2938 3888 terra
2967 3841 3084 3900 post
3119 3831 3367 3884 bestiam.
3389 3828 3505 3885 Hoc

1932 3937 2036 3995 est,
2067 3937 2288 3996 stupore
2307 3927 2556 3996 perculsa
2586 3934 2663 3981 cst
2697 3944 2710 3979 :
2739 3937 2999 3995 tanquam
3024 3933 3300 3994 praeunte
3328 3923 3504 3978 bestia

1936 4036 2031 4090 per
2053 4021 2231 4091 signa,
2283 4021 2416 4089 ipsis
2473 4035 2606 4074 vero
2665 4036 2760 4090 per
2799 4020 3247 4092 approbationem
3290 4034 3319 4073 a
3357 4027 3512 4088 tergo

1936 4111 2311 4180 sequentibus.
2344 4111 2598 4163 Universa
2632 4121 2813 4164 autem
2849 4121 2987 4163 terra
3013 4124 3108 4179 per
3164 4109 3510 4178 metonymia:

1938 4204 2163 4272 ﬁguram
2213 4205 2418 4258 dictum
2472 4213 2578 4266 est,
2611 4220 2718 4274 qua
2750 4220 2780 4258 a
2833 4204 3139 4258 continenti
3193 4210 3510 4257 contentum

1939 4296 2276 4365 intelligitur.

2013 4387 2080 4439 Et
2131 4389 2486 4440 adoraverunt
2511 4392 2815 4441 draconem.
2869 4386 3188 4440 Miraculum
3250 4386 3367 4440 sive
3422 4401 3512 4439 res

1938 4480 2244 4550 prodigiosa
2267 4495 2387 4549 qua:
2409 4480 2500 4533 ﬁet
2533 4480 2600 4532 ab
2619 4479 2958 4534 Anticliristo
2985 4479 3307 4532 relationem
3355 4478 3515 4530 liabe-

1938 4573 2016 4626 bit
2048 4572 2114 4625 ad
2167 4572 2472 4636 diabolum,
2530 4573 2622 4642 qui
2685 4587 2780 4641 per
2827 4587 2951 4626 eum
2992 4571 3342 4641 operaliitur:
3385 4586 3511 4624 nam

1938 4663 2105 4716 draco
2138 4678 2233 4731 per
2259 4662 2410 4714 illum
2449 4663 2785 4716 adorabitur.

329 4745 439 4800 Kal
488 4745 664 4811 ἐδόθη
718 4746 878 4810 αὺτῷ
917 4747 1111 4815 στόμα
1174 4747 1411 4801 λαλοῦν
1448 4748 1681 4817 μεγάλα
1733 4749 1828 4801 καὶ
1865 4775 1898 4830 ι]

1909 4803 1910 4806 η
2013 4755 2170 4825 ’161
2207 4753 2273 4806 Et
2301 4754 2486 4807 datum
2516 4764 2595 4808 est
2621 4757 2668 4808 ei
2695 4771 2751 4807 os
2785 4755 2998 4820 loquens
3034 4769 3227 4824 magna
3265 4763 3312 4806 et
3363 4752 3512 4806 blas-

264 4838 678 4907 ϐλασφημίαν.
717 4839 900 4890 Διττδν
948 4839 1010 4890 τὸ
1045 4839 1244 4906 λέγειν.
1287 4841 1357 4892 “ll
1389 4841 1495 4911 γάρ
1534 4842 1632 4906 τῆς
1671 4841 1834 4892 ἀνεκ-

258 4934 510 5002 φράστου
533 4931 628 4983 τοῦ
661 4931 798 4983 Θεοῦ
820 4931 1018 5000 ἀνοχῆς
1039 4931 1218 4995 τοῦτο,
1242 4933 1317 4994 ὡς
1346 4935 1646 5002 γυμνασίας
1682 4935 1840 5002 χάριν

260 5026 360 5078 καὶ
394 5024 625 5093 δοκιμῆς
667 5025 765 5094 τῆς
797 5025 933 5099 πρὸς
963 5025 1125 5077 αὐτὸν
1159 5025 1317 5093 ἡμῶν
1373 5026 1688 5088 διαθέσεως,
1743 5027 1839 5078 άν-

259 5116 524 5186 εχομένου
549 5118 615 5169 τὰ
647 5107 913 5169 τοιαῦταλ
939 5115 972 5184 ῆ
1007 5117 1087 5178 τὸ,
1119 5117 1318 5182 ἐδόθη,
1353 5117 1459 5169 ὑπὸ
1489 5117 1595 5168 τῶν
1629 5121 1841 5186 ἠπατη-

261 5212 444 5279 μένων
479 5209 983 5278 προσκυνησάντων
1014 5209 1162 5279 αὐτῷ
1191 5209 1515 5280 ἀνθρώπων.
1553 5211 1625 5262 Τὸ
1652 5210 1708 5261 δὲ
1747 5227 1841 5277 με·

258 5303 406 5368 γάλα
447 5301 652 5366 λαλεῖν,
685 5302 747 5354 τὸ
779 5302 1158 5372 ὑπερηφανίας
1199 5301 1372 5371 μεστὰ
1428 5304 1648 5371 ῥήματα
1700 5319 1836 5372 προσ

259 5398 470 5465 φέρειν.

319 5488 426 5542 Kal
459 5487 635 5554 ἐδόθη
666 5487 827 5552 αὐτῷ
858 5487 1111 5551 ἐξουσία
1144 5489 1242 5541 ἐπὶ
1269 5487 1477 5544 πᾶσαν
1498 5488 1706 5556 φυλὴν
1739 5488 1837 5540 καὶ

257 5581 414 5634 ,ιαίον
451 5579 548 5632 καὶ
580 5578 871 5646 γλῶσσαν
897 5579 998 5632 καὶ
1027 5579 1225 5645 ἔθνος,
1254 5581 1349 5634 καὶ
1375 5582 1838 5647 προσκυνήσει·-

258 5688 367 5723 vir
394 5671 580 5725 αὑτὸν
619 5671 839 5736 πάντες
873 5675 925 5724 οὶ
954 5670 1373 5735 κατοικοῦντες
1416 5669 1513 5722 ἐπὶ
1556 5668 1668 5737 τῆς
1702 5669 1836 5737 γῆς,

256 5758 348 5817 ὧν
378 5765 452 5816 οὺ
495 5761 818 5830 γέγραπται
860 5762 932 5816 τὰ
961 5763 1223 5830 ὀνόματα
1253 5762 1321 5813 ἐν
1361 5760 1441 5826 τῷ
1473 5761 1690 5825 ,ϐιϐλίῳ
1732 5761 1842 5827 τῆς

257 5852 409 5919 (tunc
429 5851 532 5907 τοῦ
567 5851 793 5921 Ὰρνίου
823 5851 929 5907 τοῦ
953 5849 1338 5921 ἐσφαγμένου
1363 5851 1482 5906 ἀπὸ
1503 5849 1845 5920 καταϐολῆς

1937 4846 2495 4917 pliemiam.Bil'ariain
2545 4848 2658 4902 liaac
2692 4847 2862 4916 accipi
2910 4855 3183 4916 possunt:
3220 4856 3313 4900 aut
3357 4845 3505 4900 enim

1940 4943 2042 4996 lioc
2079 4940 2380 4995 ineliabilis
2431 4941 2523 4993 Dei
2584 4940 2887 4994 tolerantia:
2933 4949 3035 4996 est.
3067 4937 3159 5007 qui
3197 4937 3512 5006 liujusmodi

1941 5034 2228 5097 sustineat,
2262 5033 2432 5101 gratia
2487 5032 2736 5086 exercitii
2785 5046 2849 5084 ac
2899 5031 3243 5100 probationis
3289 5029 3515 5085 allectus

1941 5125 2114 5178 nostri
2145 5140 2270 5192 erga
2321 5125 2501 5192 ipsum
2546 5143 2558 5176 :
2595 5133 2692 5176 aut
2717 5121 2860 5192 quod
2901 5122 3091 5174 datum
3116 5130 3200 5176 est
3238 5120 3306 5174 sb
3338 5120 3520 5174 homi-

1948 5216 2109 5269 nibus
2139 5216 2229 5283 qni
2267 5213 2474 5267 seducti
2515 5214 2693 5282 ipsum
2744 5215 3066 5268 adorarunt.
3104 5212 3295 5281 Magna
3327 5221 3512 5266 autem

1946 5308 2117 5377 loqui,
2155 5309 2270 5378 hoc.
2292 5317 2396 5371 est,
2414 5309 2592 5376 ,verba
2622 5307 2894 5376 superbia:
2919 5305 3078 5376 plena
3102 5304 3372 5376 proferre.

2023 5485 2161 5550 Xlll,
2181 5483 2333 5538 7—l0.
2356 5482 2416 5535 Et
2443 5484 2657 5538 dataest
2687 5485 2769 5536 illi
2785 5495 3014 5552 potestas
3028 5484 3082 5537 in
3097 5500 3299 5538 omnem
3320 5484 3515 5537 tribum

1909 5557 1919 5572 ’
1947 5587 1992 5630 et
2017 5579 2266 5645 populant
2300 5583 2348 5626 et
2380 5575 2612 5642 linguam
2643 5585 2692 5627 et
2725 5584 2963 5644 gentem:
2990 5584 3039 5627 et
3073 5575 3367 5627 adorabunt
3399 5592 3514 5627 eum

1950 5687 2124 5722 omnes
2175 5669 2262 5737 qui
2320 5667 2565 5721 habitant
2607 5670 2658 5721 in
2701 5679 2840 5722 terra
2876 5684 3096 5734 quorum
3155 5670 3370 5721 nomina
3414 5686 3515 5721 non

1951 5772 2071 5814 sunt
2098 5761 2294 5829 scripta
2355 5762 2407 5811 in
2451 5760 2586 5813 libro
2619 5762 2738 5812 vita:
2766 5761 2901 5830 Agni
2956 5761 3044 5826 qui
3071 5759 3275 5814 decisus
3329 5771 3406 5814 est
3454 5761 3518 5810 ab

1952 5856 2151 5923 origine
2180 5853 2382 5906 mundi.
2415 5851 2475 5906 Si
2501 5855 2617 5922 quis
2651 5853 2806 5908 liabet
2842 5869 3044 5919 aurem,
3074 5854 3284 5906 audiat.
3321 5852 3379 5907 Si
3407 5854 3523 5919 quis
