4256 6440
241 374 360 437 επ

846 485 1097 541 ΚΕΦΔΛ.
1126 487 1248 541 AZ'.

1315 379 1699 468 COMMEXT.
1743 379 1824 438 IN
1866 379 2391 441 APOCALYPSIN.

3450 395 3483 454 ’ί

3450 395 3483 454 ἰ

2431 487 2666 545 CAPUT
2712 478 2980 547 XXXVII.
3412 392 3446 456 6
3487 391 3525 458 8

248 598 398 666 Περὶ
443 597 649 676 ἑτέρου
682 599 892 676 θηρίου
921 596 1031 676 ddo
1061 598 1280 663 κέρατα
1308 598 1578 676 ἔχοντος,
1612 597 1710 649 καὶ
1759 594 1838 660 τῷ

1940 600 2018 664 De
2048 599 2159 653 alia
2200 601 2384 676 bestia
2414 602 2636 676 habente
2680 604 2786 660 duo
2815 623 3017 662 cornua
3042 625 3158 676 qua:
3183 611 3429 668 homines
3453 619 3522 670 ad

417 668 624 737 πρώτῳ
651 668 791 734 τοὺς
835 665 1190 735 ἀνθρώπους
1215 667 1659 736 προσάγοντος.

326 778 435 832 Καὶ
466 776 630 834 εἶδον
667 778 822 833 ἄλλο
851 779 1060 847 θηρίον
1088 778 1426 833 ἀναϐαῖνον
1461 780 1529 832 ἐκ
1564 777 1674 846 τῆς
1701 777 1833 849 γῆς,

244 870 351 921 καί
389 865 514 937 εἶχε
545 871 762 938 κέρατα
799 869 908 923 δύο
947 870 1119 938 ὅμοια
1149 871 1356 938 ἀρνίῳ,
1388 872 1484 924 καί
1520 870 1727 924 ἐλάλει
1755 872 1836 938 ὡς

243 959 508 1027 δράκων.
562 961 670 1014 Kal
703 960 816 1028 τὴν
866 960 1160 1023 ἐξουσίαν
1189 961 1296 1014 τοῦ
1347 962 1582 1028 πρώτου
1625 965 1834 1028 θηρίου

246 1048 464 1104 πᾶσαν
504 1051 660 1104 ποιεῖ
691 1051 948 1104 ἐνώπιον
975 1051 1187 1104 αὑτοῦ.
1223 1053 1334 1104 Καὶ
1363 1054 1551 1105 ἐποίει
1578 1053 1694 1118 τὴν
1719 1052 1834 1122 γῆν

250 1141 353 1193 καί
382 1141 525 1206 τοὺς
568 1141 638 1194 ὲν
669 1141 823 1210 αὐτῇ
860 1143 1318 1210 κατοικοῦντας,
1355 1146 1457 1197 ἵνα
1483 1146 1834 1213 προσκυνή-

246 1245 405 1282 σωσι
463 1232 529 1283 τὸ
577 1233 793 1298 θηρίον
842 1231 908 1284 τὸ
958 1232 1218 1299 πρῶτον,
1265 1229 1337 1288 οὗ
1393 1235 1758 1304 ἐθεραπεύθη
1794 1238 1832 1304 ἠ

245 1321 456 1388 πληγὴ
505 1321 613 1375 τοῦ
653 1323 913 1376 θανάτου
980 1326 1188 1378 αὑτοῦ.
1245 1326 1355 1378 Kal
1414 1327 1576 1380 ποιεῖ
1613 1329 1834 1396 σημεῖα

239 1413 503 1480 μεγάλα,
549 1417 644 1467 καὶ
683 1414 824 1482 πῦρ,
865 1416 964 1468 ἵνα
989 1418 1056 1469 ἐκ
1086 1417 1192 1470 τοῦ
1224 1419 1484 1484 οὐρανοῦ
1507 1421 1832 1488 καταϐαίνῃ

246 1504 350 1554 ἐπὶ
390 1504 503 1571 τὴν
529 1504 646 1573 γῆν
665 1505 926 1559 ἐνώπιον
955 1506 1075 1560 τῶν
1105 1509 1454 1577 ἀνθρώπων.
1485 1515 1590 1566 Καὶ
1629 1511 1835 1582 πλανᾷ
1873 1507 1876 1510 ’

244 1593 392 1658 τοὺς
420 1594 605 1662 ἐμοὺς
650 1597 794 1662 τοὺς
839 1599 1271 1666 κατοικοῦντας
1307 1603 1402 1656 ἐπὶ
1434 1603 1542 1671 τῆς
1571 1603 1702 1673 γῆς,
1738 1605 1834 1659 διὰ

245 1682 321 1735 τὰ
361 1684 581 1752 σημεῖα
617 1685 668 1740 (ι’
703 1687 881 1756 ἐδόθη
917 1688 1078 1754 αὐτῷ
1126 1691 1376 1760 ποιῆσαι
1411 1694 1672 1749 ἐνώπιον
1727 1696 1832 1750 τοῦ

245 1777 484 1842 θηρίου.

2301 673 2527 739 priorem
2557 674 2777 729 bestiant
2807 673 3131 735 adducebat.

2009 780 2152 849 XIII,
2181 785 2369 839 lI-Ib.
2402 783 2471 838 Et
2500 786 2606 840 vidi
2640 788 2804 847 aliam
2824 793 3046 846 bestiam
3073 796 3438 856 ascendentem
3462 800 3526 853 de

1940 880 2102 937 terra,
2132 885 2180 927 et
2209 876 2435 930 habebat
2460 877 2568 931 duo
2595 895 2791 935 cornua
2839 885 3043 939 similia
3071 904 3229 957 agno,
3262 901 3310 942 et
3343 890 3518 961 loque-

1939 965 2098 1018 batur
2119 969 2253 1021 sicut
2287 971 2451 1022 draco
2483 985 2502 1024 :
2544 979 2594 1024 et
2625 981 2938 1039 potestatem
2962 981 3150 1045 prima
3183 983 3364 1035 bestiae
3405 999 3509 1035 ont-

1938 1072 2052 1109 nem
2078 1058 2208 1126 facit
2238 1060 2292 1113 in
2315 1072 2595 1125 conspectu
2639 1063 2753 1131 ejus
2786 1080 2805 1119 :
2839 1075 2890 1119 et
2931 1068 3164 1136 faciebat
3229 1083 3427 1127 terram
3475 1085 3526 1128 et

1936 1159 2023 1196 eos
2045 1144 2137 1213 qui
2169 1145 2477 1202 habitabant
2505 1149 2559 1202 in
2599 1167 2663 1203 ea
2705 1152 2935 1207 adorare
2988 1156 3208 1211 bestiam
3268 1163 3521 1229 primam,

1937 1233 2088 1301 cujus
2127 1247 2312 1292 curata
2339 1239 2516 1307 fuerat
2538 1241 2696 1312 plaga
2721 1245 2928 1298 mortis.
2970 1245 3038 1302 Et
3063 1249 3198 1315 facit
3223 1253 3374 1321 signa
3408 1271 3526 1308 rna-

1938 1344 2066 1397 gna,
2123 1338 2171 1382 et
2205 1332 2376 1400 ignem
2439 1344 2495 1384 ut
2530 1332 2595 1387 de
2642 1333 2790 1387 caelo'
2822 1336 3104 1391 descendat
3131 1341 3186 1398 in
3246 1349 3526 1413 conspectu

1935 1418 2226 1484 hominum,
2292 1429 2341 1473 et
2397 1422 2596 1474 seducit
2648 1439 2788 1478 meos
2819 1427 2910 1494 qui
2940 1425 3189 1482 habitant
3243 1429 3298 1487 in
3357 1441 3525 1496 terra,

1934 1519 2150 1578 propter
2175 1512 2335 1580 fsigna
2375 1527 2493 1582 quis
2531 1513 2662 1566 data
2707 1521 2829 1567 sunt
2859 1515 2941 1572 illi
2973 1527 3032 1570 ut
3073 1519 3274 1588 faceret
3300 1522 3355 1580 in
3396 1539 3526 1578 con-

1911 1615 1913 1618 '
1935 1611 2115 1669 specta
2152 1603 2353 1672 bestiat.

324 1829 533 1934 ίιολλὰς
589 1865 864 1944 ίκδρομας
924 1878 1292 1947 ποιησάμενος
1365 1880 1429 1933 ἐκ
1502 1881 1671 1934 τῶνδε
1725 1829 1889 1934 τῶνΙ

2009 1857 2189 1914 Multis
2220 1859 2377 1914 factis
2405 1851 2736 1918 excursibus
2760 1873 2814 1919 et
2841 1865 2910 1920 ab
2942 1866 3028 1922 his
3050 1867 3213 1939 763
3243 1870 3526 1941 principa-

244 1962 455 2030 ἑρχῶν,
486 1965 565 2027 εἰς
617 1969 1053 2041 προγενεστέρας
1089 1971 1262 2039 ἀρχὰς
1318 1972 1548 2037 ἀναϐὰς,
1597 1972 1860 2041 ἔφθασεν,
1891 2029 1898 2036 _

243 2054 326 2116 si;
356 2054 417 2107 τὸ
467 2057 906 2128 σπουδαζόμενον
939 2075 954 2092 ο
1001 2061 1138 2135 ὅπερ
1165 2064 1264 2122 0st
1294 2064 1441 2130 ἄλλο,
1473 2065 1505 2134 ἦ
1549 2066 1606 2118 τὸ
1639 2065 1832 2138 διηγή-

245 2143 448 2197 σασθαι
485 2148 555 2199 τὰ
613 2149 742 2218 περὶ
782 2150 880 2220 τῆς
933 2152 1237 2222 παρουσίας
1291 2154 1387 2207 τοῦ
1431 2157 1828 2228 Ἀντιχρίστου.

245 2233 359 2286 Καὶ
392 2234 493 2302 ὅρα
551 2236 602 2288 τί
654 2255 788 2307 φησι
836 2242 964 2312 περὶ
1011 2243 1202 2308 αὐτοῦ,
1237 2245 1302 2296 ὲκ
1339 2245 1440 2315 τῆς
1481 2247 1582 2316 γῆς
1631 2248 1830 2319 δηλαδὴ

243 2327 562 2381 ἀναϐαίνειν
593 2331 776 2393 αὑτὸν,
810 2333 933 2388 ὅθεν
955 2335 1053 2387 καὶ
1075 2337 1241 2389 πᾶσιν
1271 2337 1582 2407 ἀνθρώποις
1612 2343 1644 2411 ἡ
1675 2343 1830 2409 γένε-

246 2436 356 2480 σις.
410 2423 727 2492 Ἄνθρωπος
758 2427 866 2494 γὰρ
901 2429 996 2480 καὶ
1030 2429 1194 2492 αὐτὸς
1245 2433 1364 2483 κατ’
1407 2434 1690 2504 ἐνέργειαν
1736 2435 1829 2488 τοῦ

245 2510 487 2578 Σατανᾶ,
522 2515 598 2577 ὡς
626 2517 720 2568 καὶ
754 2518 952 2589 Παύλῳ
979 2518 1056 2589 τῷ
1087 2519 1217 2591 θείῳ
1242 2521 1408 2576 δοκεῖ.
1437 2523 1516 2576 Τὰ
1539 2524 1742 2595 κέρατα
1775 2527 1831 2580 δὲ

242 2603 346 2655 οὐκ
379 2605 591 2674 ἀρνίου,
621 2607 736 2660 ἀλλ’
766 2610 926 2678 ὃμοια
956 2612 1151 2683 ἀρνίῳ,
1185 2614 1374 2684 ἐπειδὴ
1415 2617 1676 2683 φαντάζει
1707 2619 1830 2671 ἑαυ-

242 2695 337 2748 τὸν
375 2699 595 2768 ἐπιεικῆ
638 2699 712 2762 ὡς
747 2703 775 2754 ὁ
819 2703 1075 2771 Χριστὸς,
1113 2705 1199 2757 ἵνα
1246 2706 1443 2760 πλανᾶ.
1473 2709 1572 2761 Διὰ
1609 2710 1766 2762 τοῦτο
1794 2712 1828 2781 ή

241 2787 503 2857 ὁμοιότης
547 2789 656 2842 τῶν
714 2794 984 2862 κεράτων,
1044 2795 1215 2865 ἢγουν
1261 2798 1359 2867 τῆς
1391 2798 1570 2868 δόξης.
1619 2803 1726 2855 Καὶ
1753 2802 1828 2866 ὡς

237 2877 461 2947 δράκων
504 2882 677 2948 λαλεῖ,
708 2885 809 2936 οὐκ
841 2883 917 2938 ὢν
965 2885 1205 2956 δράκων.
1254 2890 1332 2942 Οὐ
1377 2891 1487 2962 γὰρ
1528 2894 1556 2945 ὁ
1586 2894 1829 2959 Σατανᾶς

241 2971 394 3024 ἐστιν
439 2973 786 3044 αὐτόχρημα,
836 2977 954 3028 ἀλλ’
996 2979 1071 3040 ὡς
1130 2982 1338 3045 ἐκεῖνος
1410 2983 1827 3049 ἐνεξουσιάζων,

241 3064 514 3125 τουτέστι,
536 3063 777 3134 διάδοχος
802 3067 1012 3132 γίνεται
1042 3069 1141 3138 τῆς
1162 3070 1412 3137 ἐξουσίας
1433 3073 1526 3126 τοῦ
1553 3076 1826 3132 διαϐόλου.

253 3150 520 3205 Ἐνώπιον
567 3154 644 3219 δὲ,
693 3158 858 3209 οἱονεὶ
889 3160 1200 3223 ἀκολούθως
1246 3163 1463 3235 ἐκείνῳ,
1521 3168 1643 3220 κατ’
1671 3170 1824 3224 οὐδὲν
1852 3179 1895 3239 c

241 3243 639 3313 παραλλάττων
670 3249 766 3317 τῆς
793 3252 1094 3319 παρουσίας
1123 3253 1217 3308 τοῦ
1255 3255 1474 3327 πρώτου
1508 3260 1747 3318 Σατανᾶ.

316 3505 397 3565 Οὗ
431 3511 794 3582 ἐθεραπεύθη
826 3518 862 3585 ἡ
911 3520 1116 3588 πληγὴ
1157 3523 1263 3574 τοῦ
1302 3525 1564 3581 θανάτου
1609 3531 1817 3584 αὑτοῦ.
1865 3529 1911 3553 ’⁴

240 3603 424 3656 Εἰπὼν
457 3606 537 3658 ὃτι
575 3607 672 3676 τὴν
721 3609 971 3672 ἐξουσίαν
1004 3613 1098 3665 τοῦ
1140 3615 1359 3684 πρώτου
1397 3618 1590 3688 θηρίου
1637 3625 1821 3676 πᾶσαν

239 3699 472 3749 ποιεῖται
529 3698 760 3752 ἐνώπιον
803 3703 968 3755 αὑτοῦ
1003 3705 1245 3773 (πρῶτον
1287 3708 1341 3760 δὲ
1370 3710 1586 3764 πάντων
1628 3715 1818 3783 εἴρηκε

237 3785 332 3838 τὸν
369 3788 637 3857 δράκοντα
672 3794 761 3844 τὸν
805 3796 1014 3866 πυρρὸν
1051 3798 1110 3849 ὃν
1147 3798 1349 3866 ἔδειξεν
1385 3804 1444 3854 ἐν
1497 3804 1572 3874 τῷ
1603 3807 1818 3878 οὐρανῷ

239 3883 625 3951 γεγραμμένον
657 3885 715 3935 ἐν
761 3889 824 3958 τῇ
883 3890 1166 3961 ὀπτασίᾳ),
1223 3893 1307 3944 ἵνα
1352 3895 1426 3962 μή
1481 3913 1564 3957 τις
1619 3897 1819 3970 νομίσῃ

238 3971 334 4023 νῦν
357 3974 536 4041 λέγειν
567 3977 730 4028 αὐτὸν
757 3981 884 4046 περὶ
909 3981 1143 4047 ἐκείνου,
1165 3984 1222 4046 ὃς
1253 3986 1352 4053 τὴν
1378 3987 1628 4050 ἐξουσίαν
1657 3989 1817 4042 ἔλαϐε

237 4063 332 4118 τοῦ
363 4065 578 4135 πρώτου
611 4068 825 4138 θηρίου,
857 4072 917 4123 οὐ
950 4077 1078 4143 περὶ
1109 4077 1319 4130 ἐκείνου
1344 4080 1499 4148 φησὶ,
1542 4079 1634 4133 τοῦ
1663 4081 1817 4153 apd».

234 4171 353 4219 τον,
395 4157 557 4225 λέγω,
599 4161 735 4213 ἀλλὰ
783 4162 877 4214 τοῦ
923 4166 1042 4234 μετ’
1071 4169 1277 4221 ἐκεῖνον
1323 4171 1443 4237 μὲν,
1494 4173 1600 4242 πρὸ
1628 4174 1684 4225 δὲ
1723 4173 1818 4227 τοῦ

249 4249 640 4320 Ἀντιχρίστου,
673 4253 729 4304 ὃν
761 4257 794 4324 ἡ
819 4257 1056 4310 ὀπτασία
1091 4260 1292 4326 ἔδειξεν
1318 4264 1381 4314 ὲκ
1411 4264 1510 4330 τῆς
1539 4264 1817 4335 Θαλάσσης

234 4343 567 4406 ἀναϐαίνειν,
603 4347 786 4413 ὅμοιον
839 4347 969 4401 ὄντα
1029 4352 1314 4420 παρδάλει.
1378 4356 1583 4408 Τούτου
1625 4357 1731 4428 γὰρ
1782 4359 1814 4428 ή

237 4435 426 4506 πληγὴ
457 4438 604 4506 ἰάθη,
653 4442 793 4493 κατὰ
845 4443 905 4493 τὸ
949 4445 1214 4513 πρότερον
1241 4449 1558 4517 εἰρημένον.
1608 4453 1818 4521 Σημεῖα

1937 1952 2085 2022 tiljus
2137 1955 2442 2009 ascendens
2474 1955 2540 2009 ad
2596 1959 2964 2025 praecedentes
3022 1963 3365 2031 principatus
3428 1966 3526 2032 qui

1925 2059 2044 2112 Inos
2073 2057 2496 2115 praecesserunt,
2534 2050 2785 2118 pervenit
2814 2052 2881 2105 ad
2915 2052 2965 2107 id
3008 2054 3154 2122 quod
3190 2055 3526 2123 intendebat,

1933 2137 2078 2207 quod
2108 2153 2215 2192 non
2245 2140 2391 2193 aliud
2415 2150 2533 2195 erat
2557 2158 2723 2211 quam
2742 2158 3005 2200 enarrare
3023 2161 3148 2215 quae
3183 2146 3252 2201 de
3284 2147 3524 2204 adventu

1933 2231 2260 2288 Antichristi
2321 2245 2451 2289 sunt
2495 2254 2508 2289 :
2548 2245 2603 2290 et
2647 2237 2769 2292 vide
2802 2239 2935 2307 quid
2963 2241 3033 2295 de
3059 2256 3126 2296 eo
3172 2241 3343 2306 dicat,
3370 2245 3520 2314 quod

1935 2323 2189 2377 videlicet
2213 2324 2327 2394 ipse
2364 2326 2432 2380 de
2463 2335 2605 2381 terra
2647 2329 2933 2397 ascendat,
2969 2331 3113 2388 unde
3144 2349 3338 2392 omnes
3381 2350 3528 2408 quo-

1933 2429 2044 2482 que
2075 2415 2326 2471 homines
2355 2417 2630 2474 oriuntur.
2665 2419 2797 2474 Nam
2821 2432 2876 2475 et
2908 2423 3024 2492 ipse
3059 2424 3226 2479 homo
3283 2427 3386 2481 erit
3431 2443 3520 2481 se-

1934 2506 2173 2560 cundum
2232 2510 2607 2578 operationem
2656 2511 2897 2576 Satanae,
2933 2515 3078 2569 sicut
3132 2517 3298 2571 etiam
3357 2520 3528 2573 sentit

1931 2599 2093 2654 divus
2137 2597 2362 2654 Paulus.
2413 2601 2632 2657 Cornua
2677 2619 2806 2658 vero
2854 2621 2961 2660 non
3002 2609 3153 2677 agni,
3204 2611 3296 2665 sed
3323 2612 3525 2666 similia

1931 2705 2095 2759 agno,
2129 2693 2392 2760 quoniam
2427 2693 2763 2764 imaginatur
2792 2712 2858 2752 ae
2881 2698 3039 2767 ﬁngit
3066 2715 3123 2754 se
3143 2700 3438 2772 benignum
3458 2719 3526 2758 ac

1933 2782 2244 2852 humanum,
2288 2800 2408 2840 esse
2459 2788 2603 2842 sicut
2636 2799 2722 2847 est
2780 2790 3058 2858 Christus,
3108 2802 3168 2846 ut
3218 2795 3457 2862 decipiat
3507 2813 3522 2850 :

1931 2884 2219 2944 propterea
2277 2886 2361 2933 est
2407 2878 2715 2934 similitudo
2761 2897 3032 2938 cornuum
3071 2885 3185 2940 sive
3215 2888 3421 2957 gloriae.
3460 2889 3526 2945 Et

1931 2965 2077 3020 sicut
2113 2965 2290 3038 ἀναεῖρ-
2323 2968 2587 3038 loquitur,
2650 2986 2775 3026 cum
2811 2971 2920 3027 non
2974 2974 3046 3028 sit
3076 2974 3246 3032 draco
3279 2995 3293 3032 :
3344 2995 3525 3049 neque

1930 3057 2084 3122 enim,
2118 3075 2185 3121 re
2221 3061 2351 3129 msh
2403 3071 2486 3117 est
2537 3063 2792 3130 Satanas,
2838 3067 2940 3127 sed
2983 3077 3308 3136 potestatem
3361 3088 3524 3126 exer-

1929 3161 2060 3201 cens
2093 3149 2284 3214 utille,
2320 3152 2422 3206 hoc
2479 3160 2565 3207 est
2605 3169 2896 3210 successor
2954 3156 3188 3212 edicitur
3227 3165 3519 3228 potestatis

1928 3239 2236 3294 diaboli.ln
2266 3253 2565 3313 conspectu
2611 3256 2792 3299 autem
2842 3246 2986 3318 ejus,
3039 3249 3090 3304 id
3132 3259 3217 3304 est
3259 3252 3526 3310 imitando

1933 3332 2113 3397 illum,
2148 3335 2200 3388 in
2225 3337 2389 3391 nullo
2428 3337 2688 3405 d_ill‘erens
2717 3354 2746 3394 a
2776 3341 3001 3410 prioris,
3039 3359 3235 3414 nempe
3266 3343 3520 3413 ,Sataazc,

1929 3427 2161 3480 adventu
2195 3431 2276 3483 vel
2317 3434 2629 3498 praesentia.

1966 3536 1968 3538 ·
2000 3521 2166 3589 Cujus
2197 3533 2384 3576 curata
2418 3537 2494 3578 est
2518 3526 2675 3595 plaga
2698 3529 2909 3586 mortis.
2944 3529 3084 3585 Cum
3119 3532 3354 3589 dixisset
3375 3536 3521 3605 quod

1928 3621 2254 3681 petestatetn
2308 3616 2499 3683 primae
2528 3617 2717 3673 bestiae
2776 3636 2997 3676 omnem
3054 3624 3261 3682 fecerat
3293 3627 3346 3681 in
3388 3645 3522 3684 con-

1927 3715 2118 3775 spectu
2152 3706 2281 3775 ejus-
2308 3708 2571 3777 (primum
2617 3722 2797 3768 autem
2856 3717 3104 3771 omnium
3150 3719 3289 3776 dixit
3315 3720 3517 3776 draco-

1927 3813 2048 3851 nem
2079 3797 2285 3860 rnl‘otn.
2318 3816 2478 3868 quem
2504 3804 2751 3857 ostendit
2787 3805 2839 3858 in
2863 3807 3006 3864 caalo
3034 3809 3369 3880 descriptum
3392 3827 3518 3867 esse

1927 3886 1982 3940 in
2019 3887 2279 3958 visione).
2313 3905 2381 3943 ne
2414 3892 2537 3960 quis
2567 3893 2749 3962 ipsum
2782 3911 2930 3953 nunc
2963 3899 3307 3954 existimaret
3334 3903 3398 3956 de
3428 3901 3524 3957 illo

1926 3978 2249 4047 loqui,cum
2279 3983 2356 4035 ait
2407 3984 2553 4050 quod
2607 3994 2936 4054 potestatem
3005 3992 3278 4060 acceperit
3327 3993 3521 4061 primae

1927 4072 2115 4126 hestiz
2146 4089 2161 4125 :
2199 4088 2305 4126 non
2331 4074 2397 4127 de
2421 4075 2540 4141 illo,
2593 4077 2810 4148 inquit.
2854 4082 3032 4150 primo
3061 4083 3276 4152 loquor,
3327 4088 3419 4139 sed
3456 4090 3523 4141 de

1927 4164 2019 4216 illo
2041 4165 2131 4232 qui
2158 4173 2283 4233 post
2308 4165 2460 4218 illum
2484 4168 2706 4235 quidem
2736 4169 2860 4236 fuit,
2884 4173 2980 4226 sed
3006 4183 3188 4227 tamen
3209 4186 3334 4230 ante
3362 4178 3520 4230 Anti-

1925 4255 2212 4322 christnm,
2266 4272 2427 4326 quem
2477 4260 2719 4315 ostendit
2750 4263 2892 4318 visio
2933 4265 3001 4318 de
3051 4266 3189 4321 mari
3220 4269 3522 4325 ascendere

1927 4350 2100 4419 pardo
2136 4352 2372 4405 similem
2425 4373 2439 4407 :
2491 4355 2654 4424 hujus
2687 4357 2834 4411 enim
2867 4359 3025 4430 plaga
3061 4360 3243 4417 fuerat
3296 4373 3510 4424 curata,

1921 4443 2074 4512 juxta
2109 4444 2159 4497 id
2192 4445 2339 4514 quod
2368 4449 2517 4514 prius
2545 4449 2753 4502 dictum
2787 4461 2891 4506 est.
2925 4451 3060 4507 Nam
3103 4456 3260 4523 signa
3296 4467 3350 4508 et
3386 4472 3517 4525 pro-

235 4529 348 4596 γὰρ
387 4529 480 4580 καὶ
508 4531 710 4599 τέρατα
732 4534 891 4585 αὑτὸν
924 4538 1098 4588 ποιεῖν
1127 4539 1247 4590 κατ’
1280 4539 1562 4608 ἐνέργειαν
1586 4542 1677 4595 τοῦ
1699 4544 1814 4597 δια-
1847 4542 1889 4600 D

1925 4535 2064 4600 digia
2092 4534 2254 4590 faciet
2274 4536 2432 4606 juxta
2463 4541 2840 4607 operationem
2864 4543 3107 4600 diaboli:
3142 4547 3298 4614 signa
3332 4558 3514 4601 autem

236 4618 418 4670 δόλου.
448 4620 528 4673 Τὰ
560 4621 617 4675 δὲ
647 4626 874 4692 σημεῖα,
908 4628 1079 4695 πυρὸς
1116 4630 1212 4680 ἀπ’
1244 4631 1474 4700 οὐρανοῦ
1501 4636 1811 4705 καταφορὰ,

238 4711 334 4763 καὶ
365 4711 528 4780 ἕτερα
566 4729 688 4768 τινα
719 4717 951 4784 μεγάλα,
980 4719 1055 4782 ὡς
1089 4723 1160 4789 τῇ
1193 4721 1576 4793 μεγαλειότητι
1612 4726 1815 4793 ἐκπτή-

241 4818 410 4854 σαντα
435 4803 616 4856 λαϐεῖν
650 4807 744 4859 καὶ
777 4811 900 4870 τοὺς
924 4810 1025 4878 ήδη
1074 4812 1325 4875 πιστούς.
1368 4813 1538 4867 Τοῦτο
1589 4817 1698 4888 γὰρ
1729 4817 1817 4872 δια

237 4892 334 4945 τοῦ
368 4896 560 4957 εἰπεῖν,
592 4897 700 4949 Καὶ
722 4898 925 4966 πλανᾷ
956 4901 1097 4966 τοὺς
1130 4903 1335 4970 ἐμοὺς,
1387 4907 1663 4974 σημαίνει.
1702 4909 1820 4963 Ἰνα

238 4981 297 5035 δὲ
341 4987 671 5057 παραστήσῃ
701 4987 850 5050 τίνας
876 4990 1124 5061 πλανήσῃ
1162 4991 1269 5043 τῶν
1303 4993 1541 5062 Χριστοῦ
1586 4995 1817 5062 πιστῶν,

239 5075 488 5144 ἐπήγαγε
544 5076 831 5148 γνώρισμα
882 5081 1111 5142 τούτων,
1170 5083 1312 5147 τοὺς
1363 5086 1816 5152 κατοικοῦντας,

241 5166 521 5236 προσθεὶς,
551 5168 647 5220 ἐπὶ
680 5167 787 5236 τῆς
816 5171 951 5238 τῆς,
980 5173 1042 5225 οὐ
1078 5174 1409 5229 διαστέλλων
1434 5178 1700 5244 ἀγγέλους
1727 5181 1820 5231 av-

242 5257 498 5325 θρώπων.
558 5259 691 5312 Τίνα
751 5262 860 5331 γὰρ
908 5264 1122 5329 ἕξουσιν
1162 5267 1380 5337 ἀπατᾶν
1425 5270 1534 5321 τῶν
1569 5271 1816 5338 ἀγγέλων

241 5345 380 5417 οἶςή
424 5351 627 5418 φυσικὴ
660 5350 991 5424 καθαριότης
1036 5357 1191 5410 οὐδὲν
1233 5361 1312 5421 είς
1341 5359 1638 5435 ἐπίκρυψιν
1672 5362 1821 5430 ἀλη-

243 5437 392 5500 θείας
424 5439 675 5504 ὲμποδὼν
691 5442 939 5508 γίνεσθαι
959 5445 1058 5514 ei;
1084 5447 1328 5510 ἐκείνους
1349 5447 1406 5500 δὲ
1431 5450 1602 5512 οὕτως
1622 5453 1820 5519 ἐκστή-

245 5546 327 5582 σει
361 5525 435 5584 ὧν
459 5532 518 5582 τό
568 5535 823 5602 φρόνημα
857 5535 957 5587 οὐκ
1012 5538 1374 5608 ἀνθρώπινον,
1424 5541 1557 5596 ἀλλὰ
1602 5545 1814 5610 γήϊνον.

1922 4636 2085 4684 erunt
2132 4628 2271 4697 ignis
2326 4629 2596 4685 demissio
2631 4633 2700 4687 de
2766 4633 2932 4698 caelo,
2991 4645 3046 4692 et
3099 4638 3205 4692 alia
3260 4639 3512 4708 qttzndam

1925 4734 2142 4789 magna,
2200 4721 2338 4774 adeo
2396 4732 2455 4776 ut
2503 4725 2590 4778 sui
2627 4727 3003 4795 magnitudine
3033 4729 3087 4780 in
3153 4738 3434 4798 stuporem
3469 4739 3523 4784 it

1926 4821 2197 4867 terrorem
2229 4813 2566 4869 inducantur
2593 4818 2759 4871 etiam
2788 4819 2974 4873 lideles
3001 4835 3015 4873 :
3045 4821 3146 4873 hoc
3173 4822 3322 4874 enim
3353 4821 3522 4890 signi-

1924 4904 2051 4959 licat
2082 4920 2177 4975 per
2206 4903 2259 4959 id
2288 4907 2435 4975 quod
2458 4908 2554 4969 ait,
2579 4908 2646 4962 Et
2675 4911 2878 4965 seducit
2901 4928 3062 4978 meos,
3092 4925 3150 4966 ut
3188 4915 3238 4965 in
3273 4912 3516 4983 Evange-

1926 4998 1999 5060 |io
2026 4999 2102 5051 ait
2127 4996 2404 5062 Christus,
2443 5019 2462 5051 ι
2505 5002 2578 5053 Ita
2613 5009 2669 5054 ut
2713 5003 2765 5055 in
2801 5018 3047 5057 errorem
3091 5003 3444 5066 inducantur.
3471 5006 3516 5058 si

1922 5085 2040 5141 ﬁeri
2068 5094 2260 5154 potest,
2287 5087 2452 5140 etiam
2485 5089 2642 5142 electi
2678 5089 2746 5142 ".
2781 5109 2799 5141 ι
2859 5088 2930 5145 Ut
2959 5100 3142 5147 autem
3173 5097 3517 5147 demonstret

1922 5191 2064 5246 quos
2112 5176 2338 5231 sedncat
2389 5176 2597 5231 Christi
2651 5179 2878 5246 ﬁdeles,
2917 5180 3181 5236 indicium
3229 5181 3518 5251 subjunxit

1925 5265 2144 5330 horum,
2173 5266 2378 5320 addens
2411 5283 2424 5319 :
2458 5268 2548 5334 qui
2588 5268 2836 5322 habitant
2876 5270 2931 5323 in
2965 5279 3127 5334 terra,
3160 5284 3269 5324 non
3303 5284 3515 5340 ponens

1923 5357 2327 5413 distinctionem
2353 5359 2493 5414 inter
2517 5362 2743 5430 angelos
2765 5369 2820 5416 et
2854 5361 3141 5417 homines:
3177 5376 3337 5431 quem
3367 5362 3512 5414 enim

1924 5461 2144 5522 possent
2173 5451 2493 5521 angelorum
2525 5453 2802 5523 decipere.
2848 5454 3051 5523 quibus
3086 5454 3362 5508 naturalis
3407 5467 3511 5520 pin-

1925 5544 2062 5598 ritas
2093 5544 2302 5598 nullum
2331 5545 2464 5599 sinit
2498 5544 2616 5599 ﬁeri
2663 5546 3112 5615 impedimentum
3144 5547 3210 5601 ad
3259 5545 3508 5600 veritatis

242 5628 701 5682 occultationem?
733 5629 828 5685 scd
860 5631 981 5688 illos
1016 5633 1090 5689 ita
1119 5637 1367 5705 terrebit,
1411 5654 1649 5709 quorum
1690 5655 1889 5697 sensus
1911 5655 2022 5697 non
2054 5639 2330 5695 humanus
2363 5648 2472 5709 est,
2499 5641 2593 5696 sed
2625 5647 2904 5698 terrenus.

316 5787 360 5820 ³⁷
384 5785 576 5841 Matth.
613 5800 762 5852 xxw,
786 5785 877 5842 24.
