4256 6440
207 444 316 510 681

1278 441 1664 502 COMMENT.
1708 442 1785 500 ΙΝ
1830 439 2360 501 APOCALYPSIN.

3374 435 3485 498 682

210 560 512 628 ὀνόματος
544 555 755 610 αὑτοῦ·
796 550 938 608 ’Ὧδε
974 557 1012 624 ἡ
1061 555 1248 622 σοφία
1280 555 1470 609 ἐστίν.
1537 555 1600 606 ’0
1650 555 1798 620 ἔχων

1870 583 1882 614 ι
1917 553 2072 605 minis
2097 553 2230 621 ejus.
2272 550 2374 604 llic
2405 552 2666 619 sapientia
2693 557 2793 604 est.
2827 550 2933 616 Qui
2957 548 3110 603 habet
3149 549 3474 604 intellectum

211 651 386 711 νοῦν.
423 650 746 718 ψηφισάτω
769 649 876 701 τὸν
893 647 1146 716 ἀριθμὸν
1181 647 1286 699 τοῦ
1340 649 1568 714 θηρίου.
1613 649 1800 712 Ἀριθ-

210 740 329 809 μὸς
382 738 492 809 τὰρ
536 739 853 807 ἀνθρώπου
915 738 1108 804 ἐστιν,
1164 738 1262 791 καί
1301 741 1333 791 ό
1383 738 1632 807 ἀριθμὸς
1691 743 1797 794 αὺ-

217 833 324 886 τοῦ
354 830 496 902 χξς⁹.

292 925 400 976 Καὶ
431 924 480 975 τί
525 923 585 976 τὸ
618 924 900 994 χάραγμα,
933 923 1209 995 ἐπιφέρει,
1256 925 1318 977 τὸ
1365 925 1536 994 ὄνομα
1571 924 1665 978 τοῦ
1700 925 1798 995 οη-

219 1015 361 1084 ρίου.
394 1018 432 1066 Δ
457 1017 558 1085 ττὴ
598 1015 654 1068 δέ
685 1016 875 1067 τούτου
927 1017 959 1085 ἡ
994 1016 1218 1084 γνῶσις,
1251 1014 1284 1086 ἢ
1345 1015 1432 1068 διὰ
1473 1019 1800 1085 παραφορᾶς

219 1107 390 1160 αὑτοῦ
420 1107 516 1159 τοῦ
547 1110 833 1175 ὀνόματος,
885 1110 916 1179 ἦ
955 1109 1049 1163 διὰ
1099 1109 1303 1180 ψήςξου,
1344 1109 1454 1162 Kal.
1489 1108 1590 1178 τὴν
1618 1109 1800 1179 ψῆφον

216 1200 274 1252 δέ
315 1202 407 1253 τοῦ
463 1202 727 1271 ὀνόματος
782 1203 877 1256 τοῦ
944 1203 1156 1272 Θηρίου,
1203 1201 1476 1271 πανταχοῦ
1531 1201 1800 1256 πλατῦναι

219 1294 580 1361 ἐπετηδεύθη,
609 1294 666 1345 ἐν
691 1311 748 1346 τε
785 1295 1022 1364 πράσεσι
1054 1297 1147 1347 καὶ
1168 1295 1353 1356 ὼναίς,
1384 1294 1452 1346 ἵν’
1479 1296 1504 1347 ό
1534 1295 1610 1364 μὴ
1639 1294 1803 1347 τοῦτο

217 1386 642 1456 ἐπιφερόμενος,
692 1389 749 1439 ἐν
788 1389 908 1448 ταῖς
937 1385 1044 1439 τῶν
1077 1386 1392 1453 ἀναγκαίων
1437 1387 1670 1449 ἐνδείαις
1711 1403 1802 1436 τε·

218 1478 479 1550 λευτήσῃ.
557 1477 814 1547 Ἀριθμὸν
855 1472 911 1531 δὲ
971 1478 1262 1548 ἀνθρώπου
1303 1478 1362 1530 τὸ
1407 1478 1577 1549 ὄνομα
1638 1473 1799 1536 εἶναι.

219 1568 344 1619 ἀντὶ
376 1567 471 1619 τοῦ
531 1566 679 1630 ξένον
709 1567 830 1619 οὐδὲ
877 1567 1020 1637 ἀήθη
1055 1570 1148 1620 καὶ
1196 1569 1678 1639 ἐπικεκρυμμένον
1708 1571 1803 1620 καὶ

218 1659 446 1728 διπλόης
473 1660 750 1729 ἐχόμενον,
800 1660 934 1713 ἀλλὰ
986 1660 1167 1730 ψῆφον
1201 1660 1422 1732 ἐντριϐῆ
1473 1661 1566 1713 καὶ
1625 1662 1798 1728 ἐγνω-

223 1751 436 1821 σμένην
497 1751 830 1820 ἁνθρὼποις.
881 1751 1134 1822 Ἀριθμὸς
1168 1751 1225 1803 δὲ
1289 1750 1384 1804 τοῦ
1418 1752 1680 1820 ὀνόματος
1707 1750 1802 1803 τοῦ

217 1841 428 1911 ψήφου,
483 1843 744 1906 ἑξακόσια
795 1843 1140 1912 ἑξηκονταὲξ.
1181 1842 1374 1910 Σαφῶς
1421 1842 1532 1912 γὰρ
1579 1843 1713 1896 αὐτὸ
1741 1846 1802 1896 τὸ

217 1932 391 2002 ὄνομα
423 1935 484 1986 οὐ
521 1933 811 2005 παρέθετο,
856 1935 944 1988 διὰ
975 1935 1035 1988 τὸ
1067 1919 1200 2002 μτηδὲ
1230 1935 1381 1999 ἄξιον
1432 1930 1574 1988 εἶναι
1610 1937 1706 2006 τῆς
1741 1939 1799 1988 ἐν

222 2025 417 2095 βιϐλίῳ
447 2030 685 2096 γραφῆς.
724 2029 928 2117 Διόπερ
977 2028 1288 2096 γυμνασίας
1333 2028 1495 2098 χάριν
1543 2031 1798 2081 ἐπανελέ-

231 2117 359 2168 σΟαι
391 2117 491 2168 οὐκ
548 2118 798 2186 ἄκαιρον,
843 2115 1036 2186 τὰτὴν
1061 2115 1242 2185 ψῆφον
1292 2117 1662 2186 ἐπιφερόμενα
1681 2116 1798 2168 ὀνό-

222 2226 370 2278 ματα
429 2209 593 2278 κύριά
644 2227 700 2262 τε
748 2209 842 2262 καὶ
893 2208 1291 2279 προσηγορικὰ.
1335 2209 1515 2279 Κύρια
1562 2211 1661 2280 μὲν
1687 2205 1799 2261 οἷον

219 2302 530 2370 Λαμπέτις,
568 2303 764 2355 Τειτᾶν
797 2320 811 2335 ο
842 2304 934 2355 καὶ
965 2302 1072 2355 ἀπὸ
1104 2301 1220 2368 τοῦ,
1265 2302 1424 2366 τενῶ,
1484 2302 1796 2371 μέλλοντος,

217 2390 409 2461 ὥσπερ
434 2395 526 2444 καὶ
555 2393 662 2445 ἀπὸ
689 2392 805 2457 τοῦ,
830 2392 1037 2466 σπερῶ,
1063 2392 1285 2462 σπόρος,
1309 2395 1565 2454 Λατεῖνος
1595 2392 1799 2461 ὁμοίω;

216 2483 306 2536 διὰ
334 2484 649 2554 διφθόγγου.
716 2486 1101 2556 Προσηγορικά
1131 2487 1210 2552 δὲ,
1264 2488 1293 2539 ό
1337 2487 1602 2555 Νικητῄς.
1642 2487 1799 2546 Ἰσως

218 2579 330 2648 γὰρ
358 2578 536 2640 οὕτως
564 2580 755 2632 ἐαυτὸν
781 2580 1062 2649 όνομάσει,
1096 2581 1191 2632 καὶ
1235 2580 1407 2644 κακὸς
1452 2580 1669 2650 ὁδηγὸς,
1704 2581 1799 2632 καὶ

219 2669 426 2739 ἀληθὴς
479 2671 762 2740 βλαϐερὸς,
809 2673 902 2725 καὶ
946 2675 1112 2727 πάλαι.
1145 2674 1438 2743 βάσκανος,
1491 2673 1584 2725 καὶ
1626 2672 1798 2740 ἀμνὸς

217 2761 426 2826 ἄδικος,
465 2763 501 2815 ἃ
539 2765 603 2816 ἐκ
656 2766 767 2818 τῶν
827 2766 1089 2818 ἐναντίων
1136 2766 1286 2836 αὐτῷ
1342 2765 1793 2835 ἐπικληθήσεται,

216 2849 318 2919 τὴν
344 2852 552 2905 οἰκείαν
577 2854 738 2917 δόξαν
767 2856 824 2906 ἐν
858 2857 923 2924 τῇ
949 2855 1177 2926 αἰσχύνῃ
1203 2855 1609 2925 καρπούμενος.

1902 653 2162 712 computet
2193 660 2468 697 numerum
2499 645 2677 698 bestia:
2722 662 2740 699 :
2784 659 3035 696 numerus
3083 645 3219 696 enim
3253 643 3480 696 hominis

1902 746 2000 797 est,
2029 745 2077 789 et
2111 753 2356 790 numerus
2391 753 2505 804 ejus
2529 748 2771 791 sexcenta
2799 739 3078 806 sexaginta
3108 754 3220 793 sex.

1973 915 2260 980 Quodnam
2314 915 2388 968 sit
2452 914 2780 984 cognitionis
2835 915 3103 969 indicium
3175 915 3480 985 subjungit.

1906 1022 2100 1074 nempe
2134 1021 2334 1061 nomen
2368 1005 2578 1062 bestiae.
2621 1007 2824 1076 Duplex
2869 1019 2953 1062 est
2985 1018 3168 1062 autem
3196 1008 3362 1077 hujus
3396 1009 3482 1061 in-

1907 1099 2175 1161 tellectus,
2239 1107 2334 1152 aut
2388 1098 2536 1168 quod
2590 1097 2859 1151 inferatur
2895 1098 3070 1166 ipsum
3123 1115 3345 1164 nomen,
3389 1111 3486 1155 aut

1905 1192 2048 1261 quod
2079 1191 2324 1246 calculus
2356 1192 2474 1246 sive
2508 1206 2796 1245 numerus.
2839 1191 2903 1244 Et
2937 1203 3088 1246 certe
3127 1209 3292 1261 opera
3320 1193 3482 1248 datur

1905 1295 1965 1338 ut
2003 1285 2250 1340 calculus
2307 1285 2546 1341 nominis
2610 1285 2799 1337 bestiae
2866 1285 3071 1353 ubique
3116 1285 3477 1347 diﬂundatur,

1906 1389 2016 1432 tam
2074 1378 2127 1431 in
2159 1379 2534 1446 emptionibus
2583 1394 2747 1446 quam
2799 1379 2852 1432 in
2899 1379 3303 1433 venditionibus
3345 1396 3361 1434 :
3424 1391 3486 1431 ut

1904 1472 1996 1542 qui
2029 1471 2180 1524 illum
2205 1486 2309 1524 non
2343 1471 2553 1535 atlerat,
2603 1473 2675 1525 ob
2702 1472 2978 1527 defectum
3012 1489 3194 1526 rerum
3229 1489 3484 1528 necessa-

1906 1567 2112 1619 riarum
2143 1566 2430 1620 moriatur.
2464 1566 2635 1621 Porro
2673 1569 2816 1637 quod
2854 1583 3055 1622 nomen
3088 1568 3160 1622 sit
3214 1582 3481 1621 numerus

1908 1655 2165 1718 hominis,
2205 1658 2309 1710 hoc
2353 1667 2439 1710 est
2485 1658 2756 1712 familiare
2791 1671 2844 1712 et
2902 1677 3007 1714 non
3059 1663 3336 1714 insuetum
3385 1677 3485 1713 nec

1905 1749 2240 1801 occultatum
2298 1764 2363 1802 ac
2409 1750 2681 1818 duplicem
2731 1751 2938 1806 habens
2992 1753 3354 1816 intellectum,
3389 1755 3483 1806 sed

1907 1850 2208 1895 consuetus
2237 1842 2477 1897 calculus
2516 1853 2569 1898 et
2601 1844 2743 1897 inter
2787 1844 3040 1898 homines
3064 1847 3335 1914 cognitus.
3371 1845 3484 1897 Nu.

1835 1913 1873 1967 Β
1906 1945 2093 1986 merus
2122 1941 2303 1986 autem
2331 1933 2527 1986 calculi
2562 1935 2803 1988 nominis
2832 1946 2914 1990 est
2940 1947 3195 1990 sexcenta
3228 1938 3485 2005 sexagin-

1909 2031 1962 2075 ta
2010 2037 2124 2075 sex.
2159 2022 2439 2091 Siquidem
2483 2038 2591 2076 non
2621 2025 2877 2093 produxit
2909 2037 3095 2093 aperte
3138 2027 3191 2078 iu
3240 2028 3480 2080 medium

1909 2113 2088 2181 ipsum
2126 2127 2350 2176 nomen,
2381 2128 2448 2167 co
2477 2114 2621 2182 quod
2653 2131 2719 2169 ne
2748 2127 3050 2170 mereretur
3077 2117 3296 2187 quidem
3342 2119 3482 2173 libro

1909 2205 2156 2259 inscribi.
2190 2204 2324 2261 Ideo
2379 2223 2487 2261 non
2539 2209 2982 2278 intempestivum
3033 2209 3201 2264 fuerit
3229 2212 3482 2267 exercitii

1911 2297 2085 2366 gratia
2118 2298 2224 2352 huc
2258 2301 2519 2353 reducere
2552 2301 2778 2354 nomina
2808 2311 2914 2355 tam
2942 2303 3160 2372 propria
3193 2318 3358 2372 qualn
3391 2319 3487 2371 ap-

1911 2391 2161 2459 pellativa
2222 2406 2657 2460 quaznumerum
2699 2392 2842 2447 hunc
2889 2394 3202 2448 conficiant.
3256 2393 3486 2465 Propria

1907 2481 2126 2552 quidem
2161 2482 2543 2552 υιΛαμπέτις,
2568 2483 2765 2537 Τειτᾶν
2791 2501 2804 2538 :
2828 2493 2882 2538 et
2912 2500 2942 2539 a
2982 2484 3165 2539 futuro
3193 2484 3332 2538 τενῶ
3355 2486 3486 2555 (sic-

1908 2585 1967 2630 ut
2011 2578 2172 2630 etiam
2204 2592 2232 2629 a
2270 2577 2738 2647 σπερῶςισπόρος)
2775 2578 3029 2641 Λατείνος
3079 2578 3331 2634 similiter
3388 2592 3490 2649 per

1905 2671 2327 2742 diphthongum.
2383 2672 2720 2741 Appellativa
2793 2688 2922 2727 vero
2953 2678 2980 2727 ὁ
3009 2675 3269 2746 Νικητὸς,
3310 2675 3362 2729 id
3379 2687 3486 2740 est,

1907 2766 2082 2819 victor
2126 2784 2138 2820 :
2173 2767 2426 2822 fortassis
2479 2768 2626 2821 enim
2685 2768 2757 2821 ita
2789 2769 3028 2838 seipsum
3061 2770 3380 2840 appellabit,
3431 2779 3488 2824 ct

1906 2859 2074 2920 κακὸς
2107 2857 2323 2929 ὁδηγὸς,
2355 2859 2406 2912 id
2433 2868 2540 2924 est,
2565 2875 2769 2929 pravus
2785 2860 3031 2932 duxbvel
3055 2861 3262 2932 ἀληθὴς
3288 2861 3486 2931 βλαϐε-

225 2945 340 3011 ρὸς,
383 2944 433 2997 id
467 2957 574 3009 est,
611 2962 736 3000 vere
768 2964 993 3011 nocens,
1023 2948 1104 3001 γει
1145 2949 1314 3002 πάλαι
1347 2948 1638 3018 βάσκανος,
1670 2949 1720 3002 id
1757 2966 1798 3002 cs

1893 2951 2005 3019 jam
2055 2917 2465 3016 oliriinitiridus,
2661 2953 2831 3022 ἀμνὸς
2865 2917 3072 3019 ᾰδῖκος,
3102 2917 3157 3007 id
3179 2917 3487 3022 est,.agnus

223 3057 428 3095 nocens
467 3060 480 3096 :
521 3043 814 3111 quibusex
871 3047 938 3099 iis
968 3061 1090 3115 quae
1113 3047 1218 3100 sibi
1263 3047 1540 3100 contraria
1603 3057 1733 3101 sunt
1788 3047 2290 3117 coguomiuabitur,
2357 3064 2513 3103 suam
2561 3049 2791 3119 gloriam
2835 3064 2930 3118 per
2961 3065 3024 3104 ea
3087 3063 3209 3119 qum
3259 3047 3486 3104 infamia

216 3142 350 3186 sunt
380 3135 660 3205 colligens.

305 3227 404 3280 ἐκ
433 3227 552 3279 τῶν
580 3229 685 3282 τοῦ
727 3229 1019 3299 Ἀνδρέου.
1073 3230 1182 3300 Τὴν
1233 3232 1332 3300 μὲν
1374 3233 1664 3302 ἀκρίϐειαν
1703 3232 1798 3300 τῆς

1870 3279 1872 3296 ί
1977 3227 2062 3281 Ex
2085 3227 2322 3280 Δηώ-θα.
2356 3224 2614 3280 Exactam
2648 3227 2865 3281 numeri
2912 3226 3183 3291 notitiam,
3215 3232 3480 3299 quemad-

215 3319 424 3387 ψήφου,
453 3321 527 3384 ὡς
569 3324 750 3376 καὶτὰ
781 3324 944 3376 λοιπὰ
977 3325 1103 3395 περὶ
1129 3325 1299 3377 αὑτοῦ
1346 3327 1736 3396 γεγραμμένα,
1775 3327 1802 3378 ὁ

218 3412 413 3480 χρόνος
437 3414 778 3484 ἀποκαλύψει
832 3417 927 3468 καὶ
958 3418 991 3487 ἡ
1026 3420 1193 3485 πεῖρα
1253 3421 1366 3479 τοῖς
1426 3420 1704 3487 νήφουσιν.
1739 3419 1802 3470 Εἰ

217 3505 330 3574 γὰρ
364 3506 491 3566 ἔδει.
521 3508 704 3571 καθώς
737 3510 868 3577 φασί
902 3527 1045 3573 τινες
1079 3511 1190 3562 τῶν
1220 3511 1580 3578 διδασκάλων,
1612 3511 1801 3580 σαφῶς

219 3596 538 3664 γνωσθῆναι
565 3599 625 3651 τὸ
656 3600 900 3654 τοιοῦτον
929 3602 1121 3670 ὄνομα,
1144 3605 1172 3655 ό
1205 3602 1538 3672 τεθεαμένος
1573 3602 1705 3655 αὐτὸ
1735 3604 1802 3654 ἂν

220 3685 598 3755 ἀπεκάλυψεν.
639 3688 779 3741 Ἀλλ’
821 3690 923 3743 οὑκ
957 3691 1262 3761 ηὐδόκησεν
1312 3692 1345 3762 ή
1378 3691 1498 3745 θεία
1538 3694 1698 3761 χάρις
1745 3695 1804 3745 ἐν

222 3775 345 3845 Θείᾳ
375 3776 544 3847 βίϐλῳ
569 3780 628 3832 τὸ
656 3780 750 3833 τοῦ
783 3782 1062 3852 λυμεῶνος
1110 3784 1345 3854 ταγῆναι
1391 3783 1586 3853 ὄνομα.
1633 3783 1720 3847 Ὠς
1745 3785 1803 3838 δὲ

219 3869 281 3920 ἐν
303 3873 612 3937 γυμνασίας
659 3873 824 3943 λόγῳ,
863 3874 1036 3928 πολλὰ
1069 3876 1238 3929 ἐστιν
1287 3877 1495 3946 εὑρεῖν,
1535 3877 1678 3931 κατὰ
1711 3877 1802 3930 τὸν

224 3963 500 4033 μακάριον
539 3966 858 4020 Ἱππόλυτον
888 3971 980 4021 καὶ
1015 3969 1234 4039 ἐτέρους
1275 3970 1526 4033 πολλοὺς,
1561 3971 1804 4040 ὀνόματα

219 4055 314 4106 τὸν
343 4057 579 4127 ἀριθμὸν
605 4058 799 4113 τοῦτον
831 4062 1158 4132 περιέχοντα
1184 4065 1568 4135 προσηγορικὰ
1615 4081 1671 4117 τε
1707 4064 1804 4116 καὶ

221 4163 408 4216 κυρια.

791 4287 1042 4342 ΚΕΦΑΛ.
1109 4287 1234 4343 ΛΘ’.

220 4417 356 4486 Περὶ
388 4418 507 4473 τῶν
535 4420 652 4492 ρμδ’
680 4422 970 4490 χιλιάδων
991 4422 1109 4475 τῶν
1136 4424 1260 4477 σὺν
1293 4423 1371 4490 τῷ
1409 4426 1596 4493 ἀρνίῳ
1623 4425 1803 4479 ἑστώ-

715 4510 831 4545 των
867 4495 938 4546 ἐν
970 4494 1092 4561 ὄρει
1137 4495 1308 4549 Σιών.

291 4608 398 4661 Καὶ
431 4604 616 4673 εἶδον,
652 4609 748 4661 καὶ
783 4609 912 4662 ιδοὺ
947 4611 1015 4662 τὸ
1055 4611 1282 4677 Ἀρνίον
1307 4611 1566 4679 ἑστηκὸς
1594 4609 1693 4664 ἐπὶ
1729 4613 1796 4664 τὸ

212 4697 355 4764 ἔρος
382 4697 555 4761 Σιὼν,
591 4699 686 4751 καὶ
717 4699 846 4768 μετ’
869 4700 1058 4753 αὑτοῦ
1079 4701 1326 4769 ἀριθμὸς
1360 4700 1477 4772 ρμδ¹
1503 4701 1795 4768 χιλιάδες,

209 4792 467 4857 ἔχουσαι
511 4789 575 4841 τὸ
609 4791 797 4859 ὄνομα
831 4793 1042 4857 αὺτοῦ,
1079 4793 1271 4846 καὶτὸ
1298 4794 1485 4862 ὄνομα
1537 4793 1642 4846 τοῦ
1683 4810 1796 4846 πα-

210 4882 357 4948 τρὸς
384 4882 570 4935 αὐτοῦ
602 4884 1012 4952 τετραμμένον
1051 4885 1149 4938 ἐπὶ
1202 4884 1321 4938 τῶν
1360 4886 1650 4954 μετώπων
1688 4890 1796 4940 αὺ-

211 4973 355 5027 τῶν.
415 4975 524 5027 Καὶ
573 4975 812 5043 ἤκουσα
853 4978 1064 5046 φωνὴν
1113 4979 1182 5031 ἐκ
1240 4980 1347 5034 τοῦ
1404 4981 1684 5047 οὐρανοῦ,
1718 4983 1798 5048 ὡς

210 5061 427 5128 φωνὴν
454 5061 694 5116 ὐδάτών
728 5065 996 5126 πολλῶν.
1033 5065 1128 5120 καὶ
1165 5069 1244 5133 ὡς
1268 5069 1480 5137 φωνὴν
1527 5071 1797 5138 βροντῆς

201 5154 499 5224 μεγάλης.
536 5157 645 5208 Καὶ
673 5158 711 5224 ἡ
743 5159 912 5226 φωνὴ
951 5161 1027 5228 ἢν
1047 5161 1304 5230 ἤκουσα,
1341 5164 1422 5227 ὡς
1459 5164 1798 5232 κιθαρῳδῶν

207 5247 632 5314 κιθαριζόντων
656 5251 726 5302 ἐν
748 5252 874 5317 ταῖς
912 5252 1180 5320 κιθάραις
1209 5254 1426 5310 αὐτῶν.
1461 5257 1567 5309 Καὶ
1616 5255 1796 5322 ᾅδου-

207 5355 320 5392 σιν
344 5339 511 5407 ᾠόὴν
545 5343 764 5411 καινὴν
787 5343 1047 5397 ἐνώπιον
1085 5346 1190 5400 τοῦ
1235 5349 1473 5414 θρόνου,
1513 5350 1608 5401 καί
1652 5348 1794 5402 ἐνώ-

207 5447 354 5484 πιον
380 5430 502 5485 τῶν
529 5435 842 5503 τεσσάρων
869 5436 1027 5496 ζώων
1062 5440 1161 5492 καὶ
1192 5439 1310 5492 τῶν
1351 5443 1790 5509 πρεσϐυτέρων.

207 5527 322 5580 Καὶ
353 5528 552 5593 οὐδεὶς
582 5529 835 5583 ἐδύνατο
874 5531 1090 5599 μαθεῖν
1134 5532 1247 5600 τὴν
1286 5533 1473 5600 ᾠδὴν,
1528 5539 1578 5588 εὶ
1619 5536 1704 5602 μὴ
1735 5539 1794 5589 ιιὶ

209 5621 334 5690 ρμ.δ¹
361 5621 628 5689 χιλιάδες
658 5627 713 5676 ol
739 5624 1144 5694 ἠγορασμένοι
1183 5627 1302 5680 ἀπὸ
1326 5626 1438 5695 τῆς
1479 5628 1613 5696 γῆς.

294 5717 418 5767 Ἐπί
450 5717 517 5768 τὸ
557 5717 697 5783 ὄρος
733 5717 902 5771 Σιών.
961 5721 1036 5772 Οὔ
1067 5721 1165 5789 τῆς
1225 5721 1486 5783 παλαιᾶς,
1521 5725 1604 5775 ὅτι
1657 5723 1792 5792 μηδὲ

206 5808 350 5878 αὑτὴ
399 5811 639 5879 ὑπήκοος
667 5810 747 5878 τῷ
787 5813 1009 5882 Ἀρνίῳ,
1060 5814 1088 5866 ὃ
1119 5817 1266 5866 ἐστιν
1292 5818 1319 5867 ὁ
1378 5814 1637 5882 Χριστὸς.
1677 5814 1791 5866 ἀλλ’

203 5905 307 5960 ἐπὶ
345 5903 445 5973 τῆς
477 5903 622 5966 νέας,
663 5905 783 5973 ἥτις
812 5905 930 5958 ἐστὶ
973 5907 1129 5968 πόλις
1167 5908 1305 5962 Θεοῦ
1346 5909 1570 5975 ζῶντος,
1603 5905 1670 5982 ἧς
1701 5907 1794 5963 νῦν

571 6001 844 6061 l’nnon.
890 6003 1005 6063 Gn.
1051 6002 1210 6064 CVI.

1908 3322 2127 3376 modum
2160 3330 2216 3375 et
2258 3329 2454 3374 caetera
2495 3335 2618 3389 qua:
2646 3321 2712 3374 de
2754 3319 2876 3390 ipso
2906 3321 3110 3390 scripta
3145 3333 3298 3387 sunt,
3344 3335 3488 3379 tent-

1907 3427 2008 3481 pus
2036 3423 2090 3465 et
2113 3411 2451 3481 experientia
2485 3410 2808 3464 revelabunt
2832 3411 2918 3465 his
2955 3412 3051 3481 qui
3106 3412 3478 3483 vigilaverint.

1909 3504 2041 3557 Nam
2080 3504 2125 3557 si
2147 3505 2447 3572 expediret,
2487 3514 2545 3556 ut
2572 3504 2760 3557 volunt
2799 3505 3046 3559 nonnulli
3073 3508 3345 3571 doctores,
3382 3509 3487 3561 hu-

1903 3593 2144 3662 jusmodi
2175 3602 2360 3661 aperte
2377 3593 2632 3662 cognosci
2655 3608 2876 3657 nomen,
2899 3594 2944 3648 is
2975 3595 3166 3664 utique
3189 3599 3283 3666 qui
3307 3600 3485 3667 ipsum

1908 3682 2044 3736 vidit
2068 3682 2386 3746 revelassct,
2427 3682 2524 3737 sed
2571 3698 2681 3736 non
2730 3683 2936 3753 placuit
2971 3685 3173 3741 divina:
3205 3689 3394 3756 gratia
3429 3698 3491 3744 ut

1911 3793 2108 3832 nomen
2137 3776 2382 3842 pestiferi
2405 3775 2647 3830 hominis
2689 3776 2746 3830 in
2801 3776 2989 3832 divino
3019 3778 3159 3834 libro
3189 3780 3492 3836 referretur

1907 3870 1960 3924 in
1995 3870 2242 3924 ordinem
2287 3891 2299 3925 :
2336 3879 2573 3925 attamen
2628 3869 2882 3946 exercitii
2925 3873 3098 3940 gratia
3152 3873 3324 3927 multa
3355 3889 3488 3944 pos-

1905 3970 2036 4016 sunt
2093 3962 2326 4017 inveniri
2375 3963 2598 4017 nomina
2647 3963 2802 4032 juxta
2850 3963 3069 4018 beatum
3136 3965 3487 4035 Hippolytum

1906 4054 2071 4125 766
2100 4054 2350 4123 aliosque
2380 4055 2582 4110 multos
2611 4071 2736 4121 qua:
2776 4056 2924 4111 hunc
2948 4057 3268 4113 contineant
3293 4074 3488 4113 nume-

1907 4161 2028 4199 rum
2064 4155 2173 4200 tam
2204 4146 2422 4216 propria
2452 4133 2617 4214 quam
2650 4148 2999 4216 appellativa.

2433 4277 2661 4334 CAPUT
2713 4279 2959 4336 XXXIX.

1910 4393 1987 4448 De
2020 4403 2230 4447 centum
2282 4394 2642 4463 quadraginta
2680 4405 2909 4462 quatuor
2971 4397 3203 4450 millibus
3250 4401 3340 4468 qui
3372 4414 3489 4451 cum

2211 4471 2410 4533 ,Agno
2441 4467 2653 4517 stabant
2691 4468 2742 4517 in
2765 4477 2939 4519 monte
2973 4468 3124 4521 Sion.

1979 4587 2131 4669 XIV’}
2155 4603 2274 4658 1-5.
2304 4603 2372 4658 Et
2404 4605 2511 4658 uidi
2544 4615 2592 4657 et
2630 4620 2745 4658 tcre
2785 4607 2966 4676 Agnus
3012 4607 3190 4662 stabat
3228 4609 3284 4661 in
3318 4619 3493 4664 monte

1905 4695 2120 4761 Sion,et
2148 4712 2267 4748 cum
2291 4712 2349 4748 eo
2381 4712 2628 4750 numerus
2654 4710 2860 4751 centum
2877 4701 3242 4770 quadraginta
3260 4716 3492 4771 quatuor

1903 4790 2130 4843 millium
2153 4789 2458 4844 habentium
2494 4807 2678 4845 nomen
2721 4793 2836 4860 ejus
2867 4803 2914 4846 et
2953 4809 3140 4846 nomen
3172 4797 3339 4861 patris
3368 4797 3485 4864 ejus

1905 4885 2159 4951 scriptum
2191 4882 2244 4934 in
2269 4884 2534 4947 frontibus
2570 4885 2703 4938 suis.
2733 4883 2799 4937 Et
2823 4885 3007 4938 audivi
3049 4901 3220 4939 vocem
3267 4887 3332 4940 de
3360 4889 3491 4941 caelo

1905 4988 2160 5046 tanquam
2186 4993 2361 5030 vocem
2391 4995 2652 5046 aquarum
2688 4979 3003 5042 multarunt,
3036 4989 3084 5032 et
3112 4991 3366 5048 tanquam
3395 4997 3486 5035 vo-

1906 5087 2016 5125 cem
2057 5071 2275 5124 tonitrui
2313 5073 2491 5137 magni
2534 5088 2552 5124 :
2578 5083 2624 5124 et
2655 5085 2753 5123 vox
2792 5086 2953 5140 quam
2991 5071 3172 5125 audivi
3212 5073 3373 5126 veluti
3412 5076 3490 5126 ci-

1905 5165 2259 5217 thariedornm
2282 5164 2715 5217 citharizamium
2761 5164 2817 5216 in
2852 5162 3074 5217 citharis
3103 5165 3234 5218 suis.
3287 5164 3356 5218 Et
3397 5183 3490 5220 ca-
3521 5228 3523 5231 I

1903 5266 2033 5308 nunt
2062 5258 2216 5325 quasi
2250 5257 2520 5308 canticum
2563 5273 2753 5309 novum
2797 5268 2919 5309 ante
2971 5257 3239 5323 thronum,
3277 5267 3330 5310 et
3367 5269 3489 5311 ante

1901 5359 2131 5418 quatuor
2163 5349 2422 5401 animalia
2471 5360 2520 5403 et
2579 5350 2828 5402 seniores.
2860 5347 2929 5401 Et
2965 5364 3116 5401 nemo
3145 5357 3351 5415 poterat
3404 5351 3492 5401 di-

1900 5457 2041 5494 scere
2073 5441 2337 5493 canticum
2368 5440 2504 5492 illud
2560 5441 2664 5492 nisi
2712 5440 2810 5493 illa
2857 5449 3066 5493 centum
3125 5439 3488 5510 quadraginta

1899 5545 2128 5604 quatuor
2159 5535 2328 5587 millia
2351 5535 2442 5603 qui
2473 5534 2634 5602 empti
2663 5547 2783 5588 sunt
2804 5535 2868 5588 de
2893 5544 3057 5588 terra.

1973 5713 2040 5767 In
2063 5723 2234 5767 monte
2264 5714 2414 5767 Sion.
2442 5712 2560 5768 Non
2590 5716 2644 5769 in
2687 5715 2854 5769 veteri
2900 5714 3058 5777 Sion,
3122 5715 3249 5783 quia
3302 5728 3482 5782 neque

1903 5808 2021 5863 lucc
2050 5809 2466 5875 obtemperabat
2511 5809 2668 5878 Agno
2716 5808 2812 5875 qui
2843 5815 2930 5860 est
2979 5804 3254 5868 Christus,
3289 5806 3382 5860 sed
3425 5808 3482 5861 in

1901 5919 2042 5961 nova
2065 5920 2186 5974 quae
2215 5913 2298 5961 est
2327 5903 2519 5958 civitas
2544 5902 2635 5955 Dei
2665 5900 2899 5957 Viventis
2932 5914 3099 5970 quam
3141 5912 3289 5952 nunc
3333 5897 3471 5953 dici-

2997 5995 3077 6055 2‘2
