4256 6440
784 412 889 477 683

1597 414 1924 477 ΑΗΕΤΗίΕ
1965 412 2343 476 CESAREE
2380 411 2869 474 CAPPADOCUE
2909 412 3249 474 EPISCOPI

3936 410 4054 475 684

788 532 875 577 tur
900 521 1089 593 Agnus
1143 520 1479 583 ascendisse.
1523 522 1913 577 manifestante
1963 523 2174 577 visione
2230 536 2361 575 COII-
2389 519 2738 583 Αδείκνυται
2788 521 2844 572 ἐτη

2463 519 2738 573 δείκνυται
2788 520 3118 589 ἐπιϐεὸηκδς
3179 521 3240 574 τὸ
3284 518 3474 590 ἀρνίον
3520 519 3615 589 τὴν
3662 519 3747 572 ἐπ’
3800 520 4055 588 ἐσχάτων

781 615 1091 670 versionem
1138 614 1302 667 Israel
1346 628 1468 683 qua:
1510 613 1601 666 ﬁet
1654 613 1954 681 postremis
1996 613 2356 679 temporibus,

784 723 950 780 quam
977 718 1030 761 et
1066 707 1225 760 divus
1249 706 1429 760 innuit
1461 705 1664 761 Paulus
1691 706 1819 760 dum
1848 708 1923 760 ait
1958 723 1971 759 :
2011 723 2028 756 ι
2079 705 2217 760 Cum
2246 705 2360 774 ple-

788 788 978 855 nitudo
1004 798 1245 869 gentium
1285 799 1594 861 intraverit,
1625 808 1756 852 tunc
1778 798 1957 851 omnis
1993 796 2156 851 Israel
2176 797 2360 853 salvus

782 894 890 948 erit
918 892 985 959 ⁷⁸,
1024 910 1042 944 ι
1074 891 1128 945 in
1161 890 1363 945 Christi
1396 890 1652 944 videlicet
1697 891 1950 944 redactus
2000 887 2357 943 famulitium.

854 981 923 1036 Et
955 998 1075 1036 cum
1103 997 1161 1035 eo
1206 996 1453 1034 numerus
1501 989 1707 1033 centum
1747 976 2105 1047 quadraginta
2132 984 2392 1046 quatuor’

783 1075 1031 1128 miltiam.
1056 1071 1330 1127 Numerus
1359 1072 1554 1126 Iterum
1589 1069 1845 1134 millium,
1878 1083 1989 1122 non
2018 1068 2242 1122 illorum
2275 1075 2364 1121 est

783 1169 850 1223 de
876 1168 1078 1237 quibus
1110 1166 1429 1236 praedictum
1460 1170 1545 1216 est
1573 1160 1719 1232 quod
1760 1175 1825 1216 ex
1851 1174 2184 1230 unaquaque
2213 1154 2361 1213 tribu

783 1261 1133 1316 crediderunt
1164 1259 1216 1311 in
1248 1258 1526 1310 Christum
1560 1273 1573 1309 :
1628 1269 1751 1307 nam
1809 1254 1854 1308 si
1908 1254 1961 1307 id
1995 1252 2210 1314 fuisset,
2239 1265 2361 1306 cum

785 1351 1014 1407 articulo
1052 1348 1374 1418 protulisset
1404 1346 1618 1410 dicens,
1644 1342 1850 1397 Horum
1880 1352 2097 1396 centum
2126 1340 2366 1410 quadra-

782 1448 929 1515 ginta
961 1454 1199 1515 quatuor
1234 1444 1463 1497 millium
1499 1460 1513 1494 :
1540 1440 1802 1509 quoniam
1859 1445 2043 1491 autem
2076 1438 2196 1492 siue
2228 1435 2365 1489 arti-

782 1537 907 1591 culo
955 1534 1200 1606 protulit,
1257 1533 1529 1602 reliquum
1598 1540 1685 1585 est
1751 1537 1812 1583 ut
1869 1527 2213 1596 intelligatur
2264 1527 2364 1579 hos

783 1631 987 1685 divisse
1018 1629 1109 1697 qui
1143 1642 1207 1680 ex
1256 1626 1514 1696 gentibus
1572 1623 1928 1678 crediderunt
1976 1640 1988 1675 :
2023 1621 2152 1675 dum
2190 1618 2366 1689 gratia

783 1721 953 1776 divini
987 1719 1216 1775 seminis
1242 1732 1365 1789 qua:
1388 1718 1441 1771 in
1469 1729 1801 1783 unoquoque
1835 1713 1935 1767 fuit
1963 1711 2364 1782 apostolorum,

784 1814 1082 1869 duodecies
1113 1820 1332 1880 operata
1365 1811 1436 1865 sit
1466 1810 1518 1862 in
1551 1806 1865 1877 millecuplo
1915 1804 2152 1859 fructum
2190 1801 2366 1873 perfe-

783 1915 930 1962 ctum
962 1904 1083 1958 ﬁdei
1116 1917 1308 1957 eorum
1341 1900 1433 1971 qui
1467 1899 1603 1955 salvi
1636 1898 1811 1962 ﬁunt;
1856 1895 2021 1967 767
2053 1894 2254 1965 quibus
2283 1904 2367 1946 at-
2398 1942 2440 1995 Β

784 2005 1013 2053 testatur
1043 1995 1190 2065 quod
1221 1993 1592 2064 virginitatem
1626 1987 1981 2060 praestiterint
2028 1995 2135 2040 tam
2169 1998 2362 2052 corpo-

786 2090 864 2144 ris
916 2102 1082 2157 quam
1123 2086 1346 2148 animm,
1401 2097 1525 2153 qua:
1571 2068 1713 2151 apud
1745 2078 2006 2132 Hebrtcos
2057 2090 2181 2131 rara
2236 2074 2359 2128 fuit.

783 2182 940 2248 Quod
974 2189 1157 2234 autem
1194 2179 1432 2232 habeant
1488 2189 1688 2230 nomen
1737 2170 1920 2225 Patris
1956 2170 2077 2238 ejus
2129 2177 2184 2222 et
2241 2166 2362 2221 Filii

783 2275 1050 2344 scriptum
1100 2274 1156 2327 in
1190 2271 1483 2337 frontibus,
1533 2267 1806 2338 signiﬁcat
1845 2263 1990 2335 quod
2030 2261 2212 2317 divina
2244 2260 2366 2314 luce

783 2366 960 2438 ipsius
992 2365 1162 2420 divini
1196 2364 1386 2418 vul’tus
1419 2360 1803 2429 obsignentur,
1837 2370 1935 2426 per
1967 2351 2119 2424 quod
2150 2348 2366 2405 aemulis

785 2462 841 2515 in
872 2462 974 2515 hoc
1007 2467 1060 2513 et
1089 2455 1412 2527 perniciosis
1436 2450 1776 2508 dmmonibus
1818 2446 2013 2502 terrori
2046 2452 2198 2499 sunt.

860 2551 1135 2620 Tanquam
1172 2564 1346 2603 vocem
1398 2561 1657 2616 aquarum
1708 2539 1999 2595 multarum
2031 2545 2080 2591 et
2116 2544 2367 2604 tanquam

785 2662 959 2702 vocent
1003 2643 1226 2698 tonitrui
1270 2640 1471 2710 magni.
1495 2638 1779 2707 Aquarum
1820 2644 1876 2688 et
1906 2630 2137 2686 tonitrui
2184 2643 2248 2681 ac
2287 2625 2367 2680 ci-

787 2741 959 2794 tharae
1004 2753 1135 2800 vox,
1187 2734 1462 2804 signiﬁcat
1506 2731 1813 2784 claritatem
1867 2724 2075 2780 auditui
2128 2720 2366 2791 perviam

786 2830 1111 2904 bymnidici,
1148 2827 1337 2883 canori
1415 2823 1603 2880 suavis
1651 2835 1717 2876 ac
1764 2819 1995 2876 consoni
2047 2822 2367 2871 sanctorum

784 2934 1004 2988 cantus,
1036 2922 1131 2993 qui
1183 2921 1498 2975 universam
1540 2913 1930 2986 complectitur
1981 2907 2370 2981 primogenita-

786 3034 911 3074 rum
944 3017 1003 3071 in
1033 3014 1189 3071 etelis
1239 3012 1638 3081 descriptorum
1698 3006 2000 3062 Ecclesium
2055 3011 2371 3070 coetumque

784 3112 1088 3184 publicum,
1124 3126 1155 3164 a
1201 3109 1401 3178 quibus
1442 3104 1603 3159 laude
1651 3100 1961 3156 celebratur
2008 3096 2371 3167 primogenita

784 3204 1025 3261 vocatio.
1054 3203 1167 3273 Ego
1192 3209 1376 3254 autem
1424 3196 1623 3267 opinor
1647 3193 1791 3263 quod
1825 3205 1893 3245 ne
1925 3190 2117 3244 audire
2146 3188 2370 3258 quidem

2461 612 2818 683 ἐπιστροφὴν,
2839 612 3260 683 παραδηλούσης
3272 612 3371 682 τῆς
3391 611 3655 675 ὀπτασίας
3672 610 3766 664 τοῦ
3792 611 4042 682 Ἰσραήλ.

2467 702 2569 754 Ἢν
2602 703 2698 756 καὶ
2724 703 2980 765 Παῦλοςό
3008 703 3150 766 θεῖος
3178 704 3399 774 ᾐνίξατο
3426 702 3494 755 δι’
3512 696 3588 756 ὧν
3614 719 3778 771 φησιν
3809 718 3822 731 ο
3861 720 3879 752 ι
3912 703 4049 753 Ὅτε

2461 795 2523 847 τὸ
2552 795 2831 865 πλήρωμα
2860 794 2969 847 τῶν
2996 795 3168 849 ἐθνῶν
3213 794 3456 865 εἰσέλθῃ,
3515 794 3637 847 τότε
3666 794 3774 856 πᾶς
3826 792 4049 864 Ἰσραὴλ

2463 886 2785 957 σωθήσεται,
2822 905 2840 938 ι
2878 886 3180 950 οίκειωθεὶς
3205 886 3284 956 τῷ
3313 885 3556 957 Χριστῷ.

2534 976 2641 1029 Καὶ
2676 978 2802 1046 μετ’
2826 976 3013 1030 αὐτοῦ
3034 977 3281 1046 ἀριθμὸς
3316 974 3435 1047 ρμδ¹
3462 974 3750 1045 χιλιάδες.
3798 976 3860 1028 '0
3881 973 4046 1045 αριθ·

2466 1069 2564 1139 μδς
2596 1068 2652 1122 δὲ
2680 1065 2789 1122 τῶν
2827 1068 3082 1137 χιλιάδων
3111 1069 3210 1139 οὐχ
3260 1071 3288 1121 ὁ
3320 1068 3485 1129 αὐτὸς
3525 1068 3634 1120 τῶν
3681 1068 3775 1135 ἀφ’
3805 1068 4052 1130 ἑκάστης

2464 1161 2637 1230 φυλῆς
2668 1160 3082 1232 προειρημένων
3106 1159 3537 1214 πεπιστευκέναι
3579 1158 3659 1230 τῷ
3693 1160 3941 1230 Χριστῷ.
3969 1155 4050 1211 Ἦ

2463 1252 2573 1321 γὰρ
2598 1250 2665 1304 ἂν
2696 1251 2836 1320 μετὰ
2864 1251 2959 1304 τοῦ
3006 1250 3211 1321 ἄρθρου
3256 1252 3621 1321 προήνεγκεν,
3652 1250 3718 1302 Δί
3755 1248 3876 1320 ρμδ
3906 1247 4053 1319 χιλι-

2465 1344 2612 1407 άδες,
2681 1342 2872 1396 εἰπών.
2940 1341 3079 1394 Ἀλλ’
3135 1342 3324 1411 ἐπειδὴ
3376 1341 3751 1412 άσυνάρθρως,
3794 1341 4049 1393 λείπεται

2462 1435 2590 1497 τοὺς
2619 1434 2728 1487 ἀπὸ
2779 1432 2888 1487 τῶν
2938 1432 3107 1486 ἐθνῶν
3164 1436 3303 1486 νοεῖν
3334 1433 3496 1486 αὑτὸν
3529 1434 3828 1504 εἰρηκέναι,
3855 1434 3958 1502 τῆς
3989 1436 4051 1485 ἐν

2467 1527 2682 1596 ἑκάστῳ
2714 1526 2937 1597 χάριτος
2967 1525 3062 1579 τοῦ
3097 1526 3245 1579 θείου
3280 1528 3482 1597 σπόρου
3540 1530 3636 1581 καὶ
3658 1525 4049 1580 ἀποστολικοῦ

2464 1618 2769 1680 δωδεκάκις
2825 1618 3093 1687 χιλιοστὸν
3156 1617 3639 1688 ἀπεργαζομένης,
3696 1618 3881 1671 τέλεον
3951 1618 4053 1668 τὸν

2467 1711 2681 1782 καρπὸν
2706 1710 2805 1780 τῆς
2830 1710 2940 1762 τῶν
2977 1709 3299 1779 σωζομένων
3339 1711 3595 1776 πίστεως,
3626 1706 3707 1772 οἷς
3740 1709 4052 1779 παρθενίαν

2468 1801 2892 1871 κατωρθωκέναι
2948 1804 3363 1873 προσμαρτυρεῖ
3389 1802 3512 1873 [ὅση
3558 1803 3781 1869 σαρκὸς.
3815 1801 4054 1870 ὂσηοψυο

2471 1898 2570 1966 χῆς
2604 1894 2765 1967 (4οη,
2798 1895 2826 1949 ὃ
2854 1896 3082 1948 σπάνιον
3134 1895 3264 1967 παρ’
3303 1894 3597 1964 Ἑϐραίοις.
3624 1895 3697 1946 Τὸ
3715 1893 3771 1946 δὲ
3816 1894 3960 1961 ἐχειν
3990 1894 4056 1944 τὸ

2470 1992 2643 2061 ὄνομα
2705 1989 2799 2043 τοῦ
2868 1988 3079 2059 Πατρὸς
3135 1987 3302 2043 αὑτοῦ
3365 1987 3750 2057 γεγραμμένον
3809 1989 3906 2039 καὶ
3952 1984 4053 2037 τοῦ

2467 2080 2598 2135 Υἱοῦ
2635 2082 2747 2153 (41)
2778 2081 2872 2133 ἐπὶ
2901 2078 3192 2150 μετώπων,
3223 2077 3395 2148 δηλοῖ,
3424 2078 3502 2142 ὡς
3523 2077 3601 2147 τῷ
3633 2076 3763 2146 θείῳ
3781 2078 3922 2144 φωτὶ
3942 2075 4046 2129 τοῦ

2466 2171 2760 2243 προσώπου
2793 2170 2958 2225 αὑτοῦ
2984 2170 3082 2225 τοῦ
3117 2169 3265 2224 θείου
3289 2167 3706 2241 σφραγίζονται,
3736 2167 3807 2222 δι’
3836 2162 3899 2221 οὖ
3927 2169 4049 2231 τοῖς

2467 2265 2785 2335 άντιμίμοις
2828 2265 2923 2317 ἐπὶ
2960 2262 3152 2318 τούτου
3193 2262 3463 2333 ὀλεθρίοις
3518 2261 3763 2330 δαίμοσι,
3817 2260 4051 2331 φοῦεροὶ

2466 2358 2725 2426 γίνονται.

2551 2535 2649 2602 Ὠς
2699 2538 2912 2607 φωνὴν
2953 2536 3191 2593 ὑδάτων
3236 2537 3507 2603 πολλῶν,
3548 2538 3645 2592 καὶ
3696 2537 3778 2602 ὠς
3838 2536 4056 2605 φωνὴν

2463 2627 2734 2697 ,ϐροντῆς
2763 2629 3059 2699 μεγάλης.
3108 2629 3173 2684 Ἡ
3202 2630 3312 2684 τῶν
3348 2630 3557 2684 ὑδάτων
3598 2630 3695 2683 καὶ
3746 2628 3856 2682 τῶν
3889 2629 4059 2697 βρον-

2470 2720 2579 2775 τῶν
2618 2722 2829 2791 καὶτῆς
2860 2721 3093 2793 κιθάρας
3122 2721 3295 2794 φωνὴ,
3324 2722 3386 2776 τὸ
3411 2720 3736 2792 διαπρύσιον
3768 2720 3920 2791 δηλοῖ
3951 2720 4059 2788 τῆς

2471 2809 2581 2864 τῶν
2632 2810 2806 2878 ἁγίων
2837 2810 3112 2882 ὑμνῳδίας
3147 2812 3242 2865 καὶ
3295 2814 3392 2882 τῆς
3440 2811 3713 2882 ἐμμελοῦς
3740 2810 3922 2863 αὐτῶν
3956 2810 4061 2862 καὶ

2473 2902 2671 2972 εὑήχου
2705 2904 2800 2956 καὶ¹
2834 2904 3129 2974 συμφώνου
3157 2904 3300 2974 ᾠδῆς
3333 2904 3433 2973 τῆς
3472 2905 3655 2957 πᾶσαν
3682 2900 4061 2972 περιηχούσης

2472 2993 2572 3067 τὴν
2607 2994 2716 3048 τῶν
2763 2996 2822 3049 ἐν
2854 2997 3106 3067 οὐρανοῖς
3146 2996 3663 3067 ἀπογεγραμμένων
3721 2993 4059 3063 Ἐκκλησίαν

2476 3090 2836 3158 πρωτοτόκων
2886 3091 2980 3142 καὶ
3030 3091 3340 3160 πανήγυριν
3365 3084 3448 3151 οἷς
3486 3090 3519 3158 ἡ
3555 3089 3903 3158 πρωτότοκος
3928 3090 4059 3136 ἐπι-

2477 3179 2775 3251 φημίζεται
2808 3179 3020 3250 κλῆσις.
3062 3178 3205 3248 Ἐγὼ
3230 3179 3287 3232 δὲ
3316 3174 3494 3247 οἶμαι,
3539 3180 3621 3231 ὅτι
3652 3177 3773 3231 οὐδὲ
3819 3175 4061 3229 ἀκοῦσαί

786 3297 961 3368 possit
981 3269 1249 3366 quispiam
1304 3289 1429 3344 novi
1466 3295 1660 3341 cantus
1719 3281 2002 3350 mysteria,
2038 3279 2145 3334 nisi
2181 3278 2236 3332 bi
2274 3278 2367 3347 qui
2397 3282 2443 3346 ς,
2472 3289 2557 3333 τις
2594 3270 2819 3324 δύναται

2472 3289 2557 3333 τις
2594 3270 2819 3324 δύναται
2846 3272 2913 3324 τὰ
2942 3272 3044 3342 τῆς
3078 3272 3277 3341 καινῆς
3309 3271 3453 3341 ᾠδῆς
3491 3276 3789 3342 μυστήρια,
3821 3272 3870 3323 εί
3904 3269 3980 3338 μὴ
4010 3270 4065 3323 οι

787 3404 854 3445 ea
881 3402 1078 3444 canere
1102 3384 1251 3454 digni
1277 3390 1426 3437 sunt.
1459 3379 1669 3448 Cuique
1719 3374 1867 3431 enim
1921 3373 2084 3428 datur
2131 3369 2370 3442 cognitio

784 3484 941 3553 juxta
970 3478 1227 3551 puritatis
1251 3476 1682 3546 proportionem.

860 3570 1003 3637 XIV,
1035 3571 1090 3635 4,
1120 3569 1173 3623 5.
1210 3562 1276 3622 Hi
1306 3575 1428 3620 sunt
1460 3562 1552 3635 qui
1581 3578 1698 3616 cunt
1735 3557 2047 3613 mulieribus
2100 3572 2204 3609 non
2247 3563 2370 3609 sunt

786 3665 1117 3735 coinquinati
1151 3679 1169 3717 :
1197 3661 1418 3730 virgines
1453 3658 1591 3712 enim
1620 3664 1766 3709 sunt.
1786 3652 1857 3705 Ili
1885 3660 2004 3705 sunt
2030 3650 2121 3719 qui
2146 3665 2373 3719 sequun-

788 3768 875 3812 tur
906 3758 1111 3828 Agnnnt
1153 3766 1461 3823 quocunque
1483 3749 1622 3803 ierit.
1651 3744 1723 3799 Ili
1757 3762 1790 3798 a
1817 3743 1947 3798 Iesu
1974 3742 2137 3810 empti
2165 3749 2285 3793 sunt
2306 3754 2373 3793 ea:

782 3849 1105 3910 hominibus,
1137 3846 1390 3915 primitia:
1420 3841 1528 3896 Dee
1560 3850 1610 3894 et
1642 3840 1817 3909 Agno,
1850 3846 1898 3891 et
1938 3836 1994 3889 in
2023 3850 2113 3887 ore
2135 3834 2371 3895 ipsorum

786 3961 889 3999 non
944 3951 1022 3997 est
1078 3942 1345 3995 inventum
1395 3934 1749 3990 mendacium.
1804 3930 1929 3985 Sine
1974 3928 2187 3981 macula
2234 3925 2371 3978 enim

785 4046 929 4093 sunt.
955 4035 1029 4089 Hi
1055 4043 1174 4089 sunt
1202 4034 1290 4101 qui
1319 4038 1608 4099 sequuntur
1637 4026 1861 4094 Agitur».

855 4211 975 4267 Non
1018 4212 1133 4266 [nec
1175 4212 1230 4265 in
1279 4206 1609 4277 vituperium
1675 4200 2014 4256 matrimonii
2088 4198 2367 4251 dicuntur.

786 4306 1073 4378 Siquidem
1102 4302 1427 4359 bonorabile
1449 4308 1534 4354 est
1563 4296 1899 4352 connubium
1929 4312 1941 4346 :
1965 4308 2062 4345 nec
2087 4291 2370 4359 indignum

785 4401 1036 4456 redditur
1077 4394 1423 4465 conjugium,
1489 4406 1557 4445 eo
1615 4388 1763 4459 quod
1810 4385 2101 4455 virginitas
2147 4383 2369 4451 dignam

786 4493 1051 4562 suscipiat
1084 4489 1324 4544 laudem.
1361 4485 1467 4540 Sed
1526 4484 1787 4553 quoniam
1836 4479 1995 4533 stella
2027 4493 2055 4530 a
2086 4476 2241 4529 stella
2271 4474 2374 4526 dif-

784 4585 966 4641 fertin
1002 4582 1198 4654 gloria,
1236 4580 1338 4635 nos
1367 4576 1680 4649 praecellere
1722 4584 1952 4629 caeteros
1992 4571 2376 4624 existimamus

2473 3362 2565 3417 τοῦ
2591 3363 2741 3435 ᾄδειν
2798 3364 2941 3417 αὐτὰ
2976 3363 3293 3434 ἠξιωμένοι.
3341 3365 3589 3435 Ἐκάστῳ
3621 3364 3729 3435 γὰρ
3777 3366 3810 3434 ἡ
3852 3363 4060 3431 γνῶσις

2474 3457 2618 3511 κατὰ
2645 3456 2745 3526 τὴν
2770 3456 3062 3525 ἀναλογίαν
3084 3458 3182 3527 τῆς
3211 3456 3604 3527 καθαρότητος.

2548 3548 2729 3608 οὗτοί
2753 3552 2932 3613 εἰσιν,
2970 3549 3027 3602 οἳ
3047 3549 3198 3618 μετὰ
3240 3547 3544 3619 γυναικῶν
3576 3550 3688 3602 οὐκ
3719 3548 4064 3616 ἐμολύνθη-

2474 3658 2627 3696 σαν·
2661 3639 2947 3710 παρθένοι
2969 3640 3081 3710 γάρ
3107 3642 3289 3695 εἰσιν.
3323 3636 3503 3695 Οὗτοί
3532 3641 3694 3693 εἰσιν
3720 3642 3775 3692 οι
3796 3641 4063 3693 ἀκολου-

2475 3734 2717 3796 θοῦντες
2742 3731 2822 3798 τῷ
2864 3734 3065 3802 Ὰρνίῳ
3118 3733 3272 3786 ὅπου
3304 3733 3413 3786 ἐὰν
3443 3732 3678 3801 ὑπάγῃο
3710 3728 3883 3788 οὗτοι
3942 3732 4066 3787 ὑπὸ

2489 3824 2695 3894 Ἰησοῦ
2710 3824 3150 3894 ἠγοράσθησαν
3168 3824 3287 3879 ἀπὸ
3310 3822 3428 3878 τῶν
3442 3823 3792 3893 ἀνιδρὼπωνν
3813 3824 4065 3893 ἀπαρχὴ

2477 3919 2555 3983 τῷ
2585 3917 2709 3980 Θεῷ
2754 3915 2964 3983 καὶτῷ
3029 3916 3252 3985 Ἀρνίφ,
3303 3915 3404 3969 καί
3432 3917 3548 3983 οὐχ
3599 3916 3813 3983 εὑρέθη
3862 3916 3938 3968 ἐν
3985 3915 4067 3981 τῷ

2476 4011 2725 4079 στόματι
2755 4007 2955 4063 αὐτῶν
2985 4007 3212 4077 ψεῦδος
3236 4024 3249 4036 ·
3280 4007 3507 4077 ἄμωμοι
3536 4006 3645 4076 γάρ
3669 4010 3850 4062 εἰσιν.
3885 4002 4069 4063 Οὗτοί

2477 4105 2635 4157 εἰσιν
2662 4104 2717 4156 οι
2743 4101 3231 4165 ἀκολουθοῦντες
3256 4099 3335 4165 τῷ
3370 4101 3592 4167 Ἀρνίῳ.

2549 4196 2662 4249 Οὐκ
2696 4194 3063 4265 ἀτιμουμένου
3095 4192 3188 4246 τοῦ
3236 4195 3417 4263 γάμου
3446 4193 3513 4246 τὰ
3561 4193 3831 4263 παρόντα.
3867 4194 4066 4262 Τίμιος

2478 4290 2588 4360 γὰρ
2617 4289 2646 4340 ὁ
2673 4289 2851 4358 γάμος
2873 4303 2885 4316 ·
2914 4287 3008 4339 κα)⁵
3039 4286 3098 4338 οὐ
3125 4285 3202 4355 τῷ
3230 4283 3534 4352 άξιεπαίνῳ
3574 4283 3676 4350 τῆς
3710 4283 4017 4354 παρθενίας
4038 4286 4068 4336 ὁ

2478 4384 2657 4453 γάμος
2691 4381 2985 4434 ὑποδύεται
3014 4381 3075 4433 τὸ
3108 4379 3348 4444 ἀνάξιον,
3389 4378 3507 4431 ἀλλ’
3545 4376 3734 4448 ἐπειδὴ
3760 4376 3859 4430 καὶ
3889 4378 4069 4447 ἀστὴρ

2479 4474 2710 4543 ἀστέρος
2744 4474 2993 4545 διαφέρει
3026 4474 3084 4524 ἐν
3109 4471 3257 4544 δόξῃ,
3278 4471 3503 4533 τούτους
3537 4469 3674 4539 μετὰ
3700 4470 3829 4530 τοὺς
3867 4470 4072 4521 εἰκοσι-

2480 4570 2755 4639 τέσσαρας
2786 4566 3195 4638 πρεσσυτέρους
3230 4564 3339 4617 τῶν
3364 4563 3570 4617 λοιπῶν
3609 4556 3751 4615 εἶναι
3781 4561 4073 4632 ἡγούμεθα

788 4691 912 4749 post
950 4639 1143 4746 viginti
1174 4682 1417 4745 quatuor
1449 4670 1721 4733 seniores,
1754 4674 1977 4736 propter
2003 4661 2372 4731 virginitatem
2409 4639 2452 4695 Ῑ)
2482 4661 2842 4732 προῦχοντας,

2482 4661 2842 4732 προῦχοντας,
2880 4661 2970 4712 διά
3000 4676 3059 4711 τε
3087 4658 3186 4727 τὴν
3219 4656 3521 4728 παρθενίαν
3550 4654 3643 4708 καὶ
3672 4653 3731 4707 τὸ
3753 4656 3811 4706 ἐν
3846 4653 4074 4726 γλώσσῃ

786 4779 839 4822 et
867 4779 976 4821 tam
1009 4768 1207 4834 lingua:
1249 4776 1415 4833 quam
1453 4773 1718 4813 manuum
1754 4755 2148 4816 innocentiam,
2187 4752 2371 4821 splen-

788 4862 1089 4926 darentque
1123 4856 1406 4919 virtutum,
1439 4867 1602 4922 quem
1657 4858 1780 4920 post
1827 4847 2033 4902 Cbristi
2078 4844 2371 4899 adventum

790 4952 935 5007 nacti
959 4958 1128 5006 sunt:
1166 4964 1262 5019 per
1291 4962 1454 5018 quem
1486 4947 1651 5001 etiam
1687 4957 1888 4998 novum
1937 4942 2210 4996 docentur
2248 4954 2376 4993 can-

791 5052 985 5115 ticum,
1010 5047 1157 5118 quod
1187 5046 1348 5116 vulgo
1370 5042 1710 5112 incognitum
1732 5047 1815 5094 est
1851 5057 1863 5093 :
1895 5053 2002 5093 non
2031 5038 2084 5091 in
2123 5034 2376 5107 praesenti

793 5151 1006 5196 tantum
1037 5139 1171 5203 vita,
1197 5135 1292 5192 sed
1321 5135 1483 5189 etiam
1521 5133 1574 5187 in
1594 5130 1782 5185 futuro
1805 5128 2024 5184 saeculo.
2048 5126 2374 5193 Quanquam

793 5239 938 5293 enim
968 5234 1214 5306 perfecta
1234 5233 1306 5287 sit
1338 5232 1410 5286 ibi
1437 5227 1847 5299 cognitiojuxta
1878 5221 2219 5293 Apostolum,
2251 5218 2375 5272 uni-

795 5331 995 5400 cuique
1030 5338 1211 5384 tamen
1252 5324 1573 5396 rependitur
1613 5321 1854 5392 cognitio
1901 5318 2061 5388 juxta
2117 5311 2376 5384 puritatis

795 5423 1065 5495 cujusque
1104 5420 1537 5492 proportionem.

872 5515 947 5571 Hi
976 5524 1100 5569 sunt
1133 5517 1223 5585 qui
1246 5520 1536 5583 sequuntur
1564 5513 1792 5579 Agnum.
1826 5505 1940 5562 Non
1976 5515 2060 5561 est
2103 5504 2155 5559 id
2188 5511 2375 5559 osten-

871 5695 919 5730 "
946 5696 1109 5752 Rom.
1134 5710 1210 5758 ιι,
1237 5693 1327 5748 25.

874 5856 988 5930 (ιο)
1030 5854 1248 5913 inclusa
1282 5852 1568 5909 omittebat
1600 5849 1689 5906 ed.

2482 4772 2541 4808 τε
2583 4753 2677 4808 καὶ
2711 4754 2769 4807 ἐν
2814 4753 3003 4824 χερσὶν
3056 4752 3310 4822 ἄμωμον,
3348 4748 3487 4819 μετὰ
3536 4747 3637 4817 τὴν
3674 4747 3769 4800 τοῦ
3824 4746 4073 4817 Χριστοῦ

2487 4848 2793 4919 παρουσίαν
2817 4845 3132 4916 κτωμένους
3165 4845 3267 4914 τὴν
3314 4843 3374 4897 ἐν
3422 4843 3646 4913 ἀρεταῖς
3678 4839 4073 4910 λαμπρότητα,

2485 4940 2552 4993 δι’
2583 4935 2651 5010 ἦς
2680 4938 2777 4991 καὶ
2814 4938 2912 5008 τὴν
2950 4936 3142 5007 καινὴν
3176 4934 3323 5006 ᾠδὴν
3365 4933 3733 4996 διδάσκονται,
3766 4934 3881 4995 τοῖς
3939 4932 4075 4985 πολ-

2488 5033 2599 5097 λοῖς
2628 5033 2690 5085 οὐ
2732 5033 2896 5103 μόνον
2932 5030 3074 5084 κατὰ
3112 5029 3203 5082 τὸν
3242 5028 3488 5098 παρόντα
3534 5028 3672 5094 βίον,
3711 5024 3849 5078 ἀλλὰ
3884 5026 3978 5077 καὶ
4017 5028 4077 5077 ἐν

2488 5125 2566 5195 τῷ
2601 5123 2858 5195 μέλλοντι
2886 5122 3046 5175 αἰῶνι
3074 5119 3371 5187 ἄγνωστον.
3405 5119 3468 5172 Εἰ
3494 5117 3603 5187 γὰρ
3636 5116 3729 5170 καὶ
3766 5116 3827 5167 τὸ
3866 5114 4077 5168 τέλειον

2487 5218 2585 5286 τῆς
2621 5218 2879 5285 γνώσεως
2908 5216 3047 5279 ἐκεῖ,
3080 5213 3225 5286 κατὰ
3251 5212 3348 5266 τὸν
3384 5209 3736 5271 ’Δπόστολον,
3766 5208 3909 5261 ἀλλὰ
3941 5210 4079 5261 ἀνα-

2488 5314 2662 5381 λόγως
2695 5314 2761 5382 τῇ
2821 5274 3043 5363 ἑαυτοῦ*
3083 5274 3353 5377 ὲαθάρσει
3395 5306 3612 5376 ἑκάστῳ
3642 5302 4077 5374 ἐφαπλουμένης

2488 5405 2585 5472 τῆς
2620 5402 2897 5470 γνώσεως.

2555 5493 2733 5552 Οὗτοί
2756 5499 2913 5550 εἰσιν
2927 5497 2981 5550 οὶ
3002 5490 3478 5555 ἀκολουθοῦντες
3496 5487 3577 5553 τῷ
3612 5488 3843 5558 ’Δρνι’ῳ.
3860 5486 3938 5542 Οὐ
3959 5486 4076 5542 δια-

2583 5837 2696 5908 (Η)
2726 5837 2835 5890 Καὶ
2872 5834 3036 5891 αὑτοῦ
3055 5836 3144 5893 ed.
