4256 6440
240 409 350 474 689

1309 418 1696 481 COMMENT.
1745 421 1825 480 ΙΝ
1866 421 2394 483 APOCALYI’SIN.

3404 420 3514 484 690

204 567 208 571 .
243 523 359 591 ρεῖν
401 521 571 593 ἀκοῆς
613 522 681 576 τὰ
720 522 1026 595 δηλούμενα
1084 526 1388 596 σημαίνει·
1412 529 1446 598 ἡ
1492 531 1549 584 δὲ
1592 530 1686 582 τοῦ
1724 531 1824 601 Θη-
1853 531 1902 590 Α

1929 548 2052 600 qua:
2078 533 2458 601 signiﬁcantur
2487 546 2708 587 omnem
2747 539 3038 599 penetrem
3079 529 3345 585 auditum.
3414 530 3516 582 Br-

246 617 362 686 ρίου
393 615 768 688 προσκύνησις
795 618 889 670 καὶ
918 617 978 671 τὸ
1003 617 1188 671 λαῦεῖν
1223 620 1389 673 αὐτοῦ
1411 621 1509 692 τὴν
1531 625 1823 694 σφραγῖδα,

241 708 302 760 τὸ
354 707 444 760 τὸν
498 709 872 778 Ἀντίχριστον
926 711 1238 780 ἡγήσασθαι
1279 713 1436 776 Θεὸν,
1474 719 1566 769 καὶ
1616 716 1825 788 λόγῳῆ

242 800 394 868 ἔργῳ
427 799 492 852 τά
526 801 840 870 καταθύμια
873 801 1049 872 τούτῳ
1087 804 1342 869 διεξιέναι
1376 809 1468 860 καὶ
1508 809 1826 879 κηρύσσειν.

242 893 415 945 Τοῦτο
445 894 552 963 γὰρ
591 893 652 946 τὸ
676 897 769 946 ἐπὶ
805 894 898 947 τοῦ
934 896 1185 964 μετώπου
1236 900 1456 970 καὶτῆς
1487 903 1669 971 χειρὸς
1720 903 1822 970 χά-

243 1003 438 1054 ραγμα
492 987 770 1055 σημαίνει,
812 987 934 1040 ἀντὶ
960 990 1054 1041 τοῦ
1087 990 1248 1056 λόγου
1279 991 1373 1044 τοῦ
1414 994 1694 1062 μετώπου,
1733 995 1828 1048 καὶ

242 1076 371 1127 ἀντὶ
424 1076 587 1146 ἔργου
619 1077 720 1138 τῆς
771 1078 954 1146 χειρὸς
1010 1079 1500 1149 παραληφθέντων.
1542 1085 1739 1137 Εἰκόνα
1771 1088 1828 1141 δὲ

240 1172 343 1232 τὴν
372 1167 609 1237 δυσσεϐῆ
645 1169 919 1222 πολιτείαν
943 1170 1115 1222 καλείο
1153 1168 1296 1225 οϊνον
1319 1175 1376 1226 δὲ
1406 1176 1498 1246 τὴν
1527 1176 1696 1249 ὀργὴν
1726 1180 1827 1231 οὐκ

241 1263 355 1314 ἀπ’»
401 1264 500 1331 τῆς
553 1262 892 1332 εὐφροσύνης
926 1261 1185 1328 ἔφασκεν,
1219 1265 1336 1318 ἀλλ’
1369 1268 1432 1318 ix
1484 1267 1585 1336 τῆς
1617 1271 1826 1323 σκοτώ-

246 1372 384 1416 σεως
424 1355 518 1408 καὶ
551 1354 649 1422 τῆς
679 1355 1006 1424 παραφορᾶς
1038 1369 1053 1383 ⁸
1072 1357 1282 1410 τοιοῦτο
1309 1361 1418 1430 γὶνρ
1444 1363 1536 1413 καὶ
1566 1365 1592 1414 ὁ
1617 1364 1826 1431 θυμός·

243 1456 684 1524 κ;κεράσθαιδὲ,
718 1459 839 1512 ἀντὶ
897 1458 990 1512 τοῦ
1049 1458 1329 1528 ἐκκεῖσθαι
1381 1457 1414 1526 ἢ
1467 1456 1823 1510 ὲπιδίδοσθαι.

248 1547 478 1614 Εἴρηται
512 1548 568 1601 δὲ
599 1549 742 1602 οὕτω
766 1550 887 1604 καθ’
911 1552 992 1604 ὅτι
1016 1551 1252 1618 ἑκάτερα
1279 1548 1428 1616 παρᾶ
1448 1549 1558 1606 τοῖς
1579 1547 1830 1609 παλαιοῖς

242 1640 314 1690 τὰ
347 1641 603 1710 ποτήρια.
642 1637 797 1706 Οἷνος
821 1645 876 1696 δὲ
907 1642 1079 1712 θυμοῦ
1111 1641 1440 1712 είρηται.ώς
1475 1641 1564 1693 καὶ
1599 1639 1829 1708 εὐφραί-

247 1747 360 1783 νων
397 1728 559 1796 οἶνοςο
591 1732 668 1796 ὡς
692 1734 804 1804 γὰρ
838 1736 866 1787 ὁ
898 1733 1207 1802 εὐφραίνων
1238 1727 1378 1796 οἶνος
1415 1732 1587 1801 λήθην
1614 1734 1831 1800 ἐμποιεῖ

245 1821 357 1874 τῶν
395 1823 696 1895 δυσχερῶν,
727 1824 871 1878 οὕτω
899 1826 993 1878 καὶ
1022 1825 1117 1878 νῦν
1150 1819 1293 1886 οἶνος
1325 1824 1503 1894 θυμοῦ
1539 1823 1758 1894 εἴρηται
1795 1825 1828 1894 ή

243 1915 468 1982 κόλασις
497 1917 938 1990 ἐπακολούθημα.

327 2193 438 2246 Τοῦ
475 2191 921 2261 κεκερασμένου
960 2190 1225 2259 ἀκράτου
1246 2189 1415 2255 ἐντῷ
1437 2190 1696 2259 ποτηρίῳ
1725 2189 1837 2258 τῆς

242 2284 454 2354 ὁρτῆς.
511 2285 937 2348 Ἐπιτευκτικῶς
993 2286 1053 2338 τὸ
1089 2286 1330 2354 ἄκρατον
1357 2283 1452 2336 τοῦ
1479 2284 1654 2354 θυμοῦ
1706 2283 1837 2355 οἴνῳ

238 2377 552 2430 ἀπείκασεν
586 2377 813 2448 ἀκράτῳ
854 2377 1248 2448 κεκερασμένῳ
1303 2379 1360 2430 ὲν
1413 2376 1492 2447 τῷ
1549 2376 1830 2448 ποτηρίῳ·

242 2470 490 2539 ἄκρατος
536 2470 645 2540 γὰρ
695 2467 837 2532 οἶνος
897 2469 1196 2539 μεθύσκειν
1245 2469 1469 2522 δύναται
1511 2468 1696 2522 πλεῖον
1738 2467 1833 2523 τοῦ

245 2562 616 2632 κεκραμένου,
646 2564 766 2616 ἐπεὶ
798 2564 896 2616 καὶ
951 2562 1094 2615 κατὰ
1134 2562 1225 2615 τὸν
1262 2561 1526 2631 μέλλοντα
1556 2563 1730 2616 αἰῶνα
1785 2561 1836 2614 οἱ

247 2655 727 2724 ἁνταποδιδὸμενοι
776 2656 884 2708 τῶν
944 2655 1290 2725 βεϐιωμένων
1347 2657 1551 2727 μισθοὶ,
1607 2660 1836 2729 ἄκρατοι

247 2747 344 2797 καὶ
379 2747 600 2816 ἀμιγεῖς
631 2749 725 2801 τοῦ
772 2748 1015 2802 ἐναντίου
1049 2749 1221 2808 ἐλέου,
1259 2752 1352 2802 καὶ
1396 2749 1618 2817 ἀγαθῶν
1651 2750 1832 2820 ἔργων

247 2833 633 2904 ἁειμνηστίας,
666 2839 746 2889 ὅτι
771 2839 865 2890 καὶ
894 2840 921 2890 ὁ
950 2839 1065 2890 ἐκεῖ
1118 2839 1230 2908 βίος
1257 2839 1467 2908 ἀληθὴς
1511 2843 1605 2894 καὶ
1636 2841 1838 2905 παντὸς

248 2925 503 2991 ἁγνεύων
550 2927 647 2980 τοῦ
682 2930 1054 2998 προσποιητοῦ
1088 2932 1184 2982 καὶ
1212 2931 1572 2986 ὲπιπλάστου.
1620 2933 1759 2985 Ἀλλ’
1787 2935 1836 2988 εί

244 3019 527 3085 τοιοῦτος,
585 3021 705 3080 πῶς
786 3023 1122 3092 κεκέρασται
1186 3026 1246 3077 ἐν
1299 3025 1376 3095 τῷ
1454 3027 1742 3097 ποτηρίῳς
1798 3029 1832 3098 ἢ

245 3111 413 3178 δῆλον
434 3113 506 3174 ὡς
539 3113 600 3166 τὸ
622 3117 955 3186 κεκερᾶσθαι
979 3117 1079 3168 οὐκ
1103 3119 1384 3187 ἐπιμιξίαν
1411 3120 1532 3172 τινὰ
1557 3120 1832 3189 σημαίνει,

244 3203 368 3257 ἀλλ’
401 3205 658 3267 ἐπίδοσιν,
691 3209 765 3269 ὡς
817 3208 882 3260 ἂν
911 3208 1054 3260 οὕτω
1095 3212 1268 3262 νοοῖτο
1289 3225 1300 3237 ·
1337 3209 1443 3262 Τοῦ
1486 3213 1833 3282 κεκερασμέ-
1862 3246 1906 3306 C

246 3314 369 3359 νου,
405 3299 670 3364 τουτέστι,
707 3300 798 3352 τοῦ
849 3302 1192 3366 ἐπιδοθέντος
1243 3307 1298 3356 ὲν
1347 3305 1424 3375 τῷ
1457 3307 1702 3376 ποτηρίῳ
1734 3308 1834 3377 τῆς

244 3387 443 3457 ὀργῆς,
469 3387 536 3440 δι’
567 3389 702 3458 ὅπερ
745 3391 1055 3454 ἀκολούθως
1084 3396 1148 3462 τῇ
1180 3393 1342 3463 ὀργῇ,
1377 3397 1471 3447 καὶ
1525 3398 1558 3465 ή
1597 3395 1836 3466 βάσανος

249 3482 318 3533 ἐκ
373 3483 546 3548 πυρίς
583 3483 678 3537 καὶ⁵
708 3482 852 3535 Θείου
906 3484 1108 3552 ἀμφοῖν
1143 3489 1626 3550 καυστικωτᾶτοιν,
1665 3489 1838 3558 πυρός

249 3577 376 3646 μὲν,
407 3578 621 3644 φλέγειν
680 3581 1007 3647 πεφυκότος,
1043 3578 1135 3631 τοῦ
1183 3579 1336 3631 θείου
1377 3580 1432 3633 δὲ
1495 3581 1834 3652 ἁνερεθίζειν

245 3668 486 3738 sum;
521 3670 772 3732 εἰωθότος
801 3687 814 3700 ο
848 3670 907 3721 τὺ
939 3669 993 3722 δὲ
1025 3669 1254 3724 ἐνώπιον
1290 3672 1400 3722 τῶν
1456 3673 1628 3738 ἁγίων
1660 3674 1832 3741 ἀγγέο

245 3761 360 3814 λων
390 3762 480 3813 καὶ
535 3762 629 3814 τοῦ
675 3763 913 3832 Ἀρνίον,
947 3763 1104 3814 τοῦτο
1129 3763 1378 3832 βούλεται
1415 3766 1708 3834 παριστᾷ-ι,
1748 3764 1837 3818 διὰ

251 3855 358 3920 μὲν
390 3855 496 3906 τῶν
540 3855 811 3921 ἀγγέλων,
841 3855 899 3907 τὸ
942 3854 1298 3926 ἀδυσώπητον
1332 3857 1394 3908 τὸ
1425 3858 1560 3926 πρὸς
1595 3859 1693 3928 τὴν
1735 3858 1831 3927 βά-

251 3964 439 4010 σανον,
474 3947 559 4000 διὰ
585 3947 641 3999 δὲ
663 3949 757 3999 τοῦ
799 3948 1034 4017 ’Δρνίου,
1070 3949 1378 4019 ἀνάμνησιν
1422 3951 1678 4020 φέροντος
1730 3952 1834 4020 τῆς

247 4038 395 4107 ὖπὲρ
430 4040 702 4107 σωτηρίας
734 4039 1037 4108 ἀνθρώπων
1072 4039 1238 4093 αὑτοῦ
1281 4043 1520 4111 συαγῆς,
1554 4044 1699 4106 ὅπως
1730 4045 1829 4096 αὺ-

247 4131 344 4193 τὸς
397 4131 493 4200 μὲν
543 4131 629 4184 διὰ
685 4131 857 4201 πυρὸς
917 4133 1212 4202 ἀγαπήσας
1262 4134 1560 4186 ἐκδέδωκεν
1615 4136 1831 4201 ἐαυτδν,

248 4226 410 4277 αὐτοὶ
435 4224 490 4276 δὲ
530 4227 627 4293 τῆς
679 4225 888 4278 ἑαυτῶν
946 4226 1331 4295 ἀπαλλαγῆναι
1399 4227 1677 4288 ἀπωλείας
1729 4229 1829 4281 οὐκ

249 4317 653 4386 ἐϐουλήθησαν.
698 4318 919 4370 Καπνὸν
965 4319 1019 4370 δὲ
1087 4319 1180 4370 τοῦ
1245 4317 1602 4387 βασανισμοῦ,
1651 4320 1682 4389 ἦ
1734 4320 1836 4390 τὴν

252 4405 394 4475 πρὸς
425 4407 630 4470 πάντας
653 4407 885 4476 δήλωσιν
916 4408 1008 4460 τοῦ
1031 4409 1118 4461 διὰ
1147 4409 1317 4478 πυρὸς
1347 4409 1684 4461 ἐκτελεῖσθαι
1738 4410 1836 4479 τὴν

249 4497 547 4565 τιμωρίαν,
604 4497 833 4568 [καπνὸς
887 4499 995 4568 γὰρ
1035 4499 1206 4568 πυρὸς
1254 4500 1556 4569 τεκμήριον
1598 4499 1828 4572 (ί5)ἶ,ῆ

1936 625 2096 677 stiam
2132 641 2262 677 vero
2307 624 2537 679 adorare
2560 635 2615 680 et
2670 626 2792 695 ejus
2843 626 3062 691 signum
3109 625 3379 692 accipere,
3432 630 3516 676 est

1934 719 2252 771 existimare
2284 715 2683 773 Antichristum
2734 733 2857 773 esse
2889 716 3060 771 Deum
3120 716 3396 785 verboque
3464 723 3519 768 ct

1936 822 2098 876 opere
2131 825 2254 878 quze
2307 808 2435 862 huic
2456 817 2606 876 grata
2633 818 2761 862 sunt
2816 823 3254 862 commemorare
3293 821 3356 860 ac
3380 821 3516 876 prmo

1939 901 2148 954 dicare.
2178 901 2312 954 Nam
2348 901 2451 954 hoc
2483 901 2756 970 signiﬁcat
2783 905 3071 956 character
3133 901 3186 954 in
3244 899 3421 954 fronte
3467 907 3522 952 et

1941 993 1993 1046 in
2027 1008 2189 1048 manu
2227 1011 2239 1047 :
2284 993 2464 1046 fronte
2491 1002 2772 1061 assumpta
2803 1009 2898 1062 pro
2963 1007 3238 1056 sermone,
3273 1000 3327 1044 et
3352 1004 3518 1042 manu

1939 1098 2039 1152 pro
2069 1097 2252 1153 opere.
2293 1084 2586 1152 Imaginem
2613 1092 2797 1136 autem
2830 1094 2990 1137 vorat
3016 1085 3241 1154 impiam
3268 1096 3520 1138 convcr-

1921 1176 2230 1230 esationem.
2263 1175 2437 1230 Porro
2473 1175 2662 1228 vinum
2715 1174 2854 1228 dixit
2899 1175 3058 1240 iram,
3115 1190 3223 1229 non
3271 1175 3342 1229 ob
3378 1172 3519 1226 laeti—

1939 1268 2068 1321 tiam
2105 1284 2268 1338 quam
2297 1267 2563 1331 immittit,
2594 1268 2687 1322 sed
2746 1267 2816 1322 ob
2863 1266 3059 1335 capitis
3091 1267 3411 1336 vertiginem
3447 1279 3513 1319 ac

1937 1360 2102 1414 veluti
2133 1359 2395 1415 furorem:
2424 1358 2743 1428 hujusmodi
2777 1359 2924 1412 enim
2948 1367 3032 1413 est
3060 1359 3138 1411 ira
3172 1371 3296 1426 qua:
3314 1357 3516 1410 dicitur

1939 1453 2129 1523 θυμός.
2165 1451 2386 1508 Mistun‘l
2417 1467 2549 1507 vero
2577 1466 2723 1514 esse,
2757 1451 2862 1506 hoc
2905 1460 2990 1506 est
3038 1450 3298 1505 diﬂ'usum
3329 1458 3386 1503 et
3417 1465 3521 1502 au-

1939 1555 2300 1616 gmentatum.
2333 1547 2410 1598 Ita
2442 1554 2625 1598 autem
2677 1542 2884 1596 dictum
2927 1551 3033 1607 est,
3080 1555 3148 1596 eo
3190 1539 3336 1610 quod
3372 1539 3517 1608 apud

1939 1646 2152 1694 veteres
2185 1648 2419 1706 utraque
2469 1643 2630 1691 erant
2665 1635 2885 1705 pocula.
2917 1635 3144 1688 Demum
3180 1634 3368 1687 viuum
3426 1631 3519 1685 irae

1940 1730 2057 1786 sive
2089 1728 2294 1784 furoris
2321 1728 2530 1782 dictum
2559 1735 2662 1789 est,
2710 1727 3172 1796 quemadmodum
3232 1726 3398 1779 etiam
3442 1724 3522 1777 vi-

1940 1839 2072 1878 num
2105 1822 2413 1877 lmtiﬁcans.
2439 1820 2593 1876 Sicut
2623 1819 2769 1873 enim
2797 1819 2954 1889 771
2993 1819 3179 1872 vinum
3229 1817 3376 1887 quod
3431 1817 3522 1871 lae-

1863 1902 1906 1958 Β
1937 1914 2106 1970 tiﬁcat
2131 1912 2464 1968 oblivionem
2516 1910 2764 1964 immittit
2800 1925 2982 1964 rerum
3016 1910 3375 1964 molestarum
3401 1949 3416 1973 ,
3447 1909 3519 1963 ita

1937 2017 1990 2062 et
2018 2021 2164 2060 nunc
2182 2003 2370 2057 vinum
2396 2001 2488 2056 ira!
2513 1999 2600 2056 vel
2623 1999 2828 2056 furoris
2855 2001 3060 2056 dictum
3081 2011 3166 2056 est
3189 2000 3520 2070 supplicium

1937 2095 2082 2164 quod
2133 2093 2512 2164 subsequitur.

2008 2185 2158 2252 Quod
2194 2187 2406 2241 mistum
2439 2196 2516 2242 est
2545 2203 2688 2242 mero
2718 2187 2772 2241 in
2797 2193 3001 2241 cratere
3033 2185 3149 2240 irin.
3185 2184 3392 2240 Herum
3432 2184 3522 2240 ιυ-

1939 2281 2082 2336 roris
2119 2279 2326 2336 aﬂabre
2355 2282 2698 2351 comparavit
2747 2281 2878 2335 vino
2916 2295 3068 2335 mero
3095 2279 3238 2346 quod
3273 2279 3327 2333 in
3351 2280 3524 2335 calice

1939 2374 2164 2428 mistum
2200 2381 2308 2429 est.
2343 2373 2629 2443 Siquidem
2661 2373 3091 2428 vinum-merum
3121 2371 3341 2427 [acilius
3401 2373 3519 2426 ine-

1941 2467 2124 2522 briare
2183 2474 2364 2537 potest
2406 2482 2572 2537 quam
2622 2467 2870 2533 mistum,
2917 2466 3180 2537 quoniam
3232 2465 3286 2520 in
3337 2463 3522 2519 futuro

1937 2575 2158 2630 quoque
2195 2560 2399 2614 saeculo
2447 2558 2844 2614 retributiones
2897 2573 3089 2612 eorum
3131 2573 3254 2627 qua:
3302 2557 3355 2611 in
3418 2559 3522 2612 hac

1939 2650 2046 2704 vita
2080 2659 2303 2720 peracta
2332 2660 2485 2715 sunt,
2525 2664 2678 2720 purae
2729 2659 2913 2714 erunt,
2955 2659 3009 2703 et
3065 2665 3172 2702 non
3223 2649 3524 2704 commista:

1939 2759 2063 2799 cum
2093 2744 2342 2814 opposita
2376 2744 2756 2799 misericordia
2803 2754 2898 2798 ant
2951 2744 3210 2799 continua
3251 2745 3522 2798 honorum

1937 2853 2166 2906 operum
2201 2837 2465 2890 memoria
2517 2855 2530 2890 :
2580 2837 2843 2907 quoniam
2897 2836 3104 2924 futura1
3134 2853 3356 2908 quoquc
3407 2837 3536 2924 vita‘

1939 2946 2066 2984 vera
2091 2931 2219 2994 erit,
2246 2939 2302 2984 et
2330 2931 2559 3000 expians
2589 2931 2657 2985 ab
2677 2931 2827 2984 omni
2859 2929 3212 2986 simulatione
3264 2940 3318 2985 et
3373 2929 3521 2984 fuco.

1941 3023 2146 3078 Verum
2179 3024 2226 3078 si
2260 3024 2382 3078 talis
2429 3034 2535 3089 est,
2569 3025 2844 3093 quomodo
2901 3026 3104 3080 dicitur
3145 3019 3332 3079 vinum
3387 3025 3525 3079 mis-

1941 3125 2055 3170 ttnn
2089 3116 2141 3169 in
2174 3118 2426 3171 cratere?
2450 3116 2803 3170 Manifestum
2836 3127 2923 3172 est
2965 3119 3132 3188 igitur
3166 3119 3313 3187 quod
3335 3117 3396 3171 τὸ
3427 3134 3520 3170 κε-

1941 3203 2230 3273 κερᾶσθαι,
2269 3204 2319 3257 id
2340 3212 2444 3269 est,
2480 3206 2698 3259 mistum
2726 3219 2871 3268 esse,
2899 3222 3007 3260 non
3025 3207 3526 3278 signiticattempe-

1945 3305 2187 3349 raturam
2223 3298 2487 3366 aliquam,
2519 3299 2614 3352 sed
2642 3298 3002 3361 additionem,
3041 3310 3098 3354 ut
3128 3301 3199 3354 sit
3231 3301 3334 3354 iste
3398 3315 3527 3354 sen-

1943 3402 2038 3441 sus
2063 3405 2074 3440 :
2102 3387 2256 3452 Quod
2287 3390 2509 3443 mistum
2538 3400 2643 3451 est.
2679 3390 2730 3444 id
2760 3401 2864 3456 est,
2903 3393 3213 3461 appositum
3245 3393 3525 3458 ineratere

1943 3480 2057 3545 im,
2102 3491 2325 3550 propter
2353 3483 2496 3550 quod
2525 3498 2764 3552 congrue
2797 3484 2864 3536 ad
2899 3483 3036 3537 iram
3099 3485 3348 3554 sequitur
3411 3493 3526 3537 tor-

1943 3580 2189 3625 mentum
2223 3573 2365 3642 ignis
2393 3583 2446 3628 et
2468 3574 2772 3643 sulphuris,
2799 3592 2922 3645 qum
2948 3577 3110 3631 ambo
3139 3577 3527 3630 ardentissime

1941 3674 2181 3718 exurunt
2217 3684 2228 3719 :
2265 3681 2388 3720 cum
2418 3667 2560 3736 ignis
2601 3668 2821 3737 quidem
2856 3678 3018 3723 natus
3043 3670 3113 3724 sit
3147 3668 3519 3732 inﬂammare,

1941 3758 2395 3824 sulphurcantrm
2432 3761 2694 3834 continue
2741 3761 2807 3815 ad
2849 3763 3100 3827 ardorem
3150 3761 3388 3815 excitare
3434 3777 3527 3814 so-

1941 3850 2066 3904 leat.
2105 3852 2278 3906 Porro
2312 3854 2459 3922 quod
2494 3852 2698 3908 dicitur
2749 3873 2762 3909 :
2838 3870 3025 3909 coram
3064 3856 3274 3919 sanctis
3319 3856 3526 3924 angelis

1941 3957 1995 4000 et
2023 3947 2202 4016 Agno,
2239 3949 2344 4004 hoc
2369 3950 2681 4016 signiﬁcare
2720 3950 2876 4005 vult:
2911 3967 3004 4020 per
3027 3950 3249 4021 angelos
3301 3950 3526 4020 quidem

1943 4038 2443 4108 implacabilitatcm
2475 4045 2542 4097 ad
2609 4044 2939 4107 cruciatum,
2988 4059 3083 4108 per
3131 4046 3342 4112 Agnum
3398 4060 3528 4099 vero

1941 4134 2088 4201 quod
2121 4134 2587 4191 reininiseentiam
2629 4152 2816 4191 secum
2851 4137 3040 4191 aﬂ‘erat
3080 4152 3194 4191 sua:
3225 4137 3392 4191 caedis
3425 4152 3524 4205 pro

1944 4225 2122 4279 salute
2163 4227 2474 4294 hominum,
2529 4231 2675 4297 quod
2741 4231 2856 4299 ipse
2910 4231 3030 4284 illos
3080 4229 3377 4298 diligendo.
3435 4245 3530 4297 per

1946 4316 2126 4390 ignem
2161 4319 2399 4385 seipsmn
2434 4321 2739 4384 tradiderit,
2775 4322 2852 4374 illi
2891 4323 3022 4376 vero
3072 4336 3101 4375 a
3157 4322 3379 4390 propria
3403 4337 3528 4390 per-

1942 4405 2153 4461 ditione
2210 4407 2430 4462 liberari
2476 4410 2769 4465 noluerint.
2803 4411 2973 4466 Porro
3015 4412 3275 4465 tormenti
3312 4411 3525 4464 funium

1943 4509 2204 4568 tanquam
2249 4502 2674 4570 nchnlanudixit
2724 4504 3071 4558 ascendere:
3114 4503 3216 4558 hoc
3273 4511 3377 4569 est,
3435 4511 3531 4557 aut

260 4588 366 4640 τῶν
405 4589 513 4641 ἀπὸ
561 4588 654 4642 τοῦ
694 4589 974 4660 ᾄσθματος
1015 4589 1397 4661 κολαζομένων
1445 4591 1545 4661 τῆς
1588 4593 1835 4663 οἰμωγῆς
1869 4612 1906 4667 ῃ

1907 4591 2444 4657 ,manifestationem
2475 4594 2539 4647 ad
2583 4609 2776 4650 omnes
2826 4595 2972 4663 quod
3025 4595 3351 4664 supplicium
3403 4596 3528 4666 igne

251 4681 418 4732 οἱονεὶ
446 4680 604 4750 νέφος
628 4683 687 4735 οὐ
719 4683 854 4754 «pb;
887 4683 1086 4751 ὀλίγον,
1128 4684 1246 4736 ἀλλ’
1277 4683 1508 4746 αἰωνίως
1543 4686 1835 4739 ἀναϐαῖνον

253 4773 503 4844 εἴρηκεν.

322 4956 462 5016 Ὧδε
489 4960 765 5029 ὑπομονὴ
803 4960 921 5013 τῶν
958 4961 1140 5029 ἁγίων
1189 4961 1455 5025 ἐστὶν,οί
1511 4961 1837 5028 τηροῦντες

256 5056 365 5119 τὰς
399 5055 651 5120 ἐντολὰς
690 5053 796 5107 τοῦ
837 5055 1006 5116 Θεοῦ,
1046 5054 1144 5107 καὶ
1201 5055 1311 5120 τὴν
1355 5055 1563 5109 πίστιν
1615 5054 1830 5120 Ἰησοῦ.

259 5147 369 5201 Καὶ
401 5147 642 5215 ἥκουσα
680 5146 884 5214 φωνῆς
930 5147 1000 5199 ἐκ
1055 5147 1162 5200 τοῦ
1197 5149 1457 5223 οὐρανρῦ
1492 5150 1796 5216 λεγούσης
1825 5165 1837 5178 ·

256 5242 308 5294 Γ
305 5239 546 5307 ράψον·
576 5238 862 5306 Μακάριοι
909 5243 959 5292 oi
998 5238 1193 5305 νεκροί
1241 5241 1293 5290 οἱ
1333 5227 1406 5292 ἕν’
1444 5243 1564 5307 Κυρ
1580 5241 1637 5305 ’ῳ
1694 5240 1841 5292 ἁπο-

255 5333 634 5400 θνήσκοντες
679 5334 916 5406 ἁπάρτι.
949 5334 1084 5399 Ναὶ,
1112 5333 1275 5401 λέγει
1317 5333 1380 5386 τὸ
1426 5334 1696 5401 Πνεῦμα,
1738 5335 1840 5386 ἵνα

251 5427 725 5482 ἀνακαύσωνται
761 5427 829 5479 ἐκ
859 5424 980 5477 τῶν
1008 5426 1211 5478 κόπων
1231 5424 1447 5488 αὐτῶν,
1478 5423 1548 5476 τιί
1578 5424 1646 5477 δὲ
1693 5425 1836 5492 ἔργα

253 5540 290 5572 u
301 5518 456 5574 ὺτῶν
491 5518 819 5573 ἀκολουθεῖ
828 5518 953 5587 μετ’
971 5517 1194 5571 αὐτῶν.

340 5613 430 5666 Ἐν
453 5610 652 5680 τούτῳ,
685 5611 839 5680 φησι,
867 5609 945 5679 τῷ
980 5609 1159 5680 καιρῷ
1185 5610 1264 5680 τῷ
1304 5609 1397 5663 τοῦ
1456 5609 1835 5679 ’Λντιχρίστου

253 5707 286 5775 η
324 5703 574 5773 ὑπομονὴ
603 5704 710 5756 τῶν
747 5702 917 5768 ἁγίων
949 5702 1248 5757 δείκνυται.
1279 5698 1410 5757 Εἶτα
1430 5704 1505 5768 ὡς
1535 5702 1591 5768 ἐξ
1625 5703 1833 5772 ἐρωτή-

329 5883 444 5954 iiii)
479 5883 688 5939 Inclusa
731 5883 929 5940 omittit
956 5883 1044 5938 ed.

1947 4685 2263 4755 perﬁciatur
2295 4685 2502 4756 (fumus
2526 4688 2671 4741 enim
2715 4688 2894 4758 ignem
2947 4687 3216 4758 denotat),
3278 4697 3375 4742 aut
3426 4702 3530 4743 eo-

1949 4792 2070 4832 rum
2104 4778 2195 4847 qui
2253 4779 2562 4846 puniuntur
2590 4780 2855 4849 ejulatum
2883 4820 2896 4844 ,
2956 4795 3063 4834 non
3103 4781 3170 4834 ad
3203 4781 3364 4835 breve
3388 4789 3527 4835 tem-

1950 4885 2076 4938 pus,
2108 4870 2200 4924 sed
2236 4879 2520 4939 perpetuo.

2023 4962 2164 5024 XIV,
2205 4962 2290 5029 12,
2337 4964 2419 5017 15.
2471 4963 2569 5017 llic
2602 4967 2858 5032 patientia
2917 4975 3222 5020 sanctorum
3271 4976 3396 5018 est:
3432 4980 3528 5017 cu-

1946 5053 2229 5106 stodientes
2264 5065 2526 5124 prwccpta
2559 5055 2654 5110 Dei
2692 5065 2742 5109 et
2775 5057 2934 5125 ﬁdem
2959 5058 3107 5111 Jesu.
3141 5055 3207 5109 Et
3237 5057 3421 5110 audivi
3448 5072 3533 5109 vo-

1949 5161 2055 5198 cem
2084 5148 2147 5198 de
2177 5147 2304 5199 calo
2337 5147 2594 5201 dicentem
2635 5166 2653 5201 :
2691 5146 2907 5255 Scp'ibe:
2938 5148 3093 5201 Beati
3127 5149 3324 5201 mortui
3355 5149 3524 5217 quiin

1951 5239 2178 5294 Domino
2222 5243 2520 5295 moriuntur
2561 5239 2774 5297 amodd.
2813 5243 3085 5313 Profecto,
3112 5245 3239 5298 dicit
3267 5241 3521 5312 Spiritus,

1953 5342 2008 5385 ut
2038 5334 2365 5401 requiescant
2389 5351 2420 5386 a
2449 5334 2721 5389 laboribus
2749 5336 2884 5400 suis,
2903 5335 2993 5388 sed
3024 5351 3181 5401 opera
3210 5333 3426 5387 illorum
3452 5349 3507 5385 se

1945 5437 2187 5494 quuutur
2222 5429 2382 5493 ipsos.

2016 5601 2148 5668 lloc,
2185 5603 2379 5672 inquit,
2430 5604 2752 5659 Antichristi
2795 5611 3042 5674 tempore
3077 5602 3386 5658 ostenditur
3416 5617 3482 5671 pa

1943 5698 2134 5755 tientia
2174 5705 2513 5752 sanctorum.
2549 5697 2750 5753 Deinde
2791 5704 3056 5768 tanquam
3101 5696 3172 5751 ab
3216 5695 3524 5763 interroga-
