4256 6440
1647 386 1977 448 ΑΗΕἸῚΙΑΞ
2018 388 2398 450 (ΖΑΞΞΑΒΕΕ
2434 388 2916 450 ΟΑΡΡΑΒΟΟΙΕ
2955 388 3295 451 EPISCOPI

2434 389 2664 450 CAPPA
2674 388 2916 450 DUCIJE
2955 388 3295 451 EPISCOPI
3969 392 4084 459 679.

2574 503 2663 557 Ἐν
2688 505 2786 573 μὲν
2809 508 2876 575 τῇ
2911 504 3018 575 πρὸ
3047 504 3253 575 ταύτης
3277 503 3505 577 θεωρίᾳ,
3526 506 3744 579 δράκων
3769 509 3992 580 πυρῤὸς
4025 512 4086 563 ὲν

805 612 914 665 tur,
949 615 1095 655 nunc
1134 610 1314 651 autem
1342 610 1374 649 e
1414 592 1548 647 mari
1608 593 1933 649 ascendens.
1975 593 2149 649 Draco
2194 594 2385 665 itaque

2487 597 2568 667 τῷ
2612 595 2828 667 οὐρανῷ
2874 598 3092 668 ὁρᾶται,
3142 596 3238 650 νῦν
3267 596 3324 652 δὲ
3362 598 3429 651 ἐκ
3458 598 3557 669 τῆς
3606 600 3880 672 θαλάσσης
3934 604 4082 657 ἀνα-

800 394 900 461 δτι

876 511 933 564 Ιιι
971 505 1293 578 prmedenti
1317 502 1521 556 tisiottc
1560 498 1727 553 draco
1755 499 1911 555 rufus
1938 501 1992 554 in
2038 502 2180 557 cado
2228 502 2384 556 vidc-
2416 510 2460 565 Α

804 712 835 749 a
868 693 1008 750 calo
1041 689 1314 758 signiﬁcat
1340 703 1467 743 eum
1494 688 1587 757 qui
1618 685 1688 740 ab
1718 686 1876 740 initio
1899 686 2094 741 cecidit
2113 700 2143 740 a
2173 685 2381 741 caelesti

806 773 999 856 gloria,
1034 795 1178 835 nunc
1210 793 1340 833 vero
1360 776 1615 833 eumdem
1644 792 1676 833 e
1705 777 1839 830 mari
1872 775 2005 830 dicit
2061 774 2382 849 ascendere,

808 892 902 947 per
934 888 1083 929 mare
1110 870 1420 929 instabilem
1456 870 1599 925 hanc
1650 879 1707 924 et
1732 868 2030 937 inquietam
2088 867 2385 920 ostendens

805 970 971 1021 vitam
1016 981 1095 1021 :a
1152 978 1262 1033 qua
1315 963 1483 1018 etiam
1552 962 1722 1017 bestia
1781 959 2048 1020 ascendit,
2100 958 2383 1013 hominum

804 1059 1030 1114 vitiosas
1052 1066 1105 1111 et
1134 1054 1420 1111 instabiles
1456 1054 1509 1108 in
1542 1053 1704 1108 bonis
1737 1053 1983 1107 actiones
2008 1049 2386 1103 demonstran-

803 1149 902 1203 das
956 1162 1296 1204 assumens:
1340 1146 1486 1216 quod
1526 1161 1632 1199 non
1679 1142 1828 1198 aliud
1884 1140 2157 1210 designat,
2218 1156 2385 1212 quam

806 1239 952 1306 quod
1008 1239 1386 1294 Antichristus
1440 1248 1635 1308 przeter
1684 1236 1923 1305 primum
1984 1242 2034 1287 ct
2082 1237 2385 1290 secundum

807 1331 1065 1385 Satanam
1103 1332 1295 1386 tertius
1354 1331 1469 1398 ipse
1521 1327 1796 1398 procedat.
1842 1326 2016 1384 Porro
2078 1329 2385 1385 secundum

806 1438 871 1476 ac
901 1422 1161 1486 medium,
1197 1422 1341 1492 quod
1369 1430 1419 1474 ct
1454 1435 1600 1475 nunc
1632 1420 1699 1474 ad
1736 1421 2218 1490 contemplamlum
2257 1435 2386 1490 pro-

806 1516 1048 1583 ponitur,
1081 1523 1318 1584 potestas
1342 1513 1591 1586 qnzndam
1626 1504 1793 1584 759
1819 1522 1905 1568 est
1938 1529 2060 1585 qu:e
2100 1529 2207 1568 una
2259 1527 2384 1567 eum

806 1616 1053 1675 apostata
1100 1607 1300 1662 Satana
1355 1606 1573 1671 cecidit,
1641 1606 1734 1660 illo
1770 1605 1990 1675 quidem
2041 1605 2243 1668 minor,
2290 1605 2386 1659 sed

806 1699 1020 1755 exteris
1047 1699 1114 1754 ad
1147 1698 1453 1754 nocendum
1482 1696 1828 1761 eminentior,
1871 1696 1963 1765 qui
1992 1706 2075 1750 est
2106 1695 2385 1750 Antichri-

808 1801 950 1855 stus,
981 1792 1283 1860 procedens
1312 1787 1619 1843 secundum
1651 1789 2031 1858 operationem
2067 1787 2306 1854 Satanae,
2336 1797 2392 1844 et

2490 686 2714 741 ϐαίνων.
2775 686 2834 740 ’0
2883 686 2983 758 μὲν
3012 686 3107 740 οὖν
3148 688 3245 742 ἀπ’
3278 689 3512 761 οὐρανοῦ
3541 691 3778 763 δράκων,
3812 693 3910 746 τὸν
3950 695 4083 749 κατ’

2488 777 2667 845 ἀρχὰς
2696 778 2796 846 τῆς
2822 776 3076 846 οὐρανίου
3124 777 3285 848 δόξης
3339 782 3737 835 ἐκπεπτωκότα
3785 784 4082 854 σημαίνει.

2500 866 2563 919 'O
2591 866 2687 919 νῦν
2714 866 2770 920 δὲ
2804 868 2990 933 πάλιν,
3042 867 3135 922 τὺν
3163 870 3328 923 αὐτὸν
3368 871 3434 927 ἐκ
3453 872 3556 943 τῆς
3610 872 3889 944 Θαλάσσης
3935 876 4083 929 ἀνα-

2492 957 2768 1022 ϐαίνοντα,
2796 957 3074 1013 θάλασσαν
3095 959 3186 1014 τὸν
3208 961 3440 1016 ἄστατον
3461 961 3651 1017 τοῦτον
3672 970 3767 1017 καὶ
3791 965 4087 1036 ἀτάραχον

2493 1046 2780 1117 παριστῶν
2812 1046 2947 1116 βίον,
2981 1048 3075 1117 ἀφ’
3105 1044 3173 1122 ἧς
3200 1050 3297 1104 καὶ
3322 1051 3609 1106 ἀναϐαίνει
3637 1053 3699 1107 τὸ
3730 1053 3951 1125 θηρίον,
3977 1056 4085 1117 τάς

2491 1138 2600 1192 τῶν
2652 1136 2956 1209 ἀνθρώπων
3007 1140 3122 1211 (56)
3157 1142 3499 1214 πλημμιλεῖς
3553 1145 3650 1199 καὶ
3701 1146 4085 1216 ἀστηρίκτους

2494 1232 2587 1285 ἰπὶ
2617 1232 2728 1295 τοῖς
2770 1229 2995 1299 ἀγαθοῖς
3023 1233 3253 1303 πράξεις
3279 1222 3476 1289 ’λαϐὼν
3527 1238 3607 1299 είς
3637 1238 3975 1307 ἐμφάνειαν.
4014 1240 4085 1291 ὐ

2493 1323 2593 1377 οὐκ
2616 1322 2765 1388 ἄλλο,
2789 1322 2823 1394 ἢ
2847 1325 2876 1377 ό
2902 1323 3269 1395 Ἀντίχριστος
3292 1327 3476 1400 ὲπὶτῷ
3497 1326 3699 1398 πρώτῳ
3720 1331 3810 1383 καὶ
3831 1329 4084 1399 δευτέρῳ

2494 1415 2731 1485 Σατανᾷ,
2783 1416 2964 1483 τρίτος
3012 1416 3172 1481 αὐτὸς
3222 1418 3451 1488 προῖὼν.
3484 1420 3559 1473 Τδ
3594 1421 3851 1491 δεύτερον
3885 1421 3947 1475 δὲ
3985 1421 4084 1474 καὶ

2498 1439 2731 1485 ωτανᾳ,
2783 1439 2963 1483 τριτος
3012 1439 3172 1481 αυτος
3222 1439 3451 1488 xpetunt.
3498 1439 3559 1473 ιο
3594 1439 3819 1491 οευτερο
3885 1439 3947 1475 οε
3985 1439 4084 1474 και

2498 1505 2687 1576 μέσον,
2720 1504 2748 1557 δ
2774 1505 2871 1558 καὶ
2897 1505 2993 1558 νῦν
3021 1506 3312 1577 πρόκειται
3335 1507 3416 1570 είς
3439 1507 3695 1581 θεωρίαν,
3724 1439 3966 1579 δύηίζμίς
3998 1526 4084 1571 τις

2493 1598 2771 1667 τυγχάνει,
2811 1596 2890 1666 τῷ
2944 1598 3232 1674 ἀποστάτῃ
3276 1600 3491 1670 Σατανᾷ
3550 1604 4080 1664 συνεκπεπτωκυῖα.

2496 1690 2707 1743 ἐκείνου
2746 1688 2847 1758 μὲν
2873 1684 3058 1760 ἦττον,
3092 1690 3201 1744 τῶν
3232 1692 3290 1745 δὲ
3322 1692 3526 1747 λοιπῶν
3553 1693 3633 1757 είς
3671 1692 3871 1746 κακίαν
3899 1692 4084 1763 προῦ-

2497 1795 2690 1849 χουσα.
2719 1777 2819 1841 ’ος
2866 1780 3015 1833 ἐστιν
3043 1780 3073 1833 ό
3121 1780 3508 1852 ’Λντίχριστος,
3547 1782 3577 1835 ό
3615 1781 3734 1836 κατ’
3786 1782 4086 1852 ἐνέργειαν

805 1896 995 1935 earum
1040 1898 1160 1952 qua:
1191 1898 1297 1936 una
1352 1896 1477 1936 cmn
1515 1880 1610 1935 illo
1670 1878 1920 1950 deiectae,
1958 1884 2111 1951 prius
2166 1880 2388 1951 quidem
2422 1862 2465 1918 Β

2422 1862 2465 1918 Β
2493 1872 2588 1926 τοῦ
2648 1872 2864 1926 Σατανᾶ
2924 1873 3021 1926 καὶ
3082 1873 3193 1927 τῶν
3245 1876 3850 1947 ωγκαταὸεδλημένων
3898 1875 4082 1945 αὐτῷ.

806 1972 1064 2042 angelica:
1122 1983 1415 2043 potestates
1489 1982 1673 2033 erant.
1727 1972 2076 2041 postmodum
2131 1988 2261 2028 vero
2320 1988 2389 2028 ex

808 2079 1064 2134 perversa
1094 2065 1373 2119 voluntate
1424 2063 1491 2117 ad
1545 2063 1861 2118 damonum
1915 2062 2211 2134 caliginem
2261 2069 2391 2118 sunt

808 2165 1208 2213 transmutata}.
1243 2156 1464 2210 Cornua
1500 2172 1630 2212 vero
1690 2156 1883 2211 decem
1919 2156 2213 2228 designant
2252 2173 2389 2212 con-

809 2248 1233 2301 summationem
1278 2262 1472 2302 eorum
1519 2263 1645 2318 quae
1698 2247 1898 2317 juvant
1966 2248 2033 2303 ad
2090 2247 2386 2313 malitiam,

808 2339 1129 2407 contingere
1184 2338 1524 2393 Antichristo
1558 2356 1572 2392 :
1630 2338 1770 2392 inter
1802 2354 1925 2408 qua:
1955 2336 2126 2407 gloria
2171 2353 2392 2407 quoquc

810 2429 989 2498 ipsum
1049 2429 1367 2493 comitatur,
1398 2428 1661 2499 quoniam
1702 2444 1875 2483 cornu
1938 2429 2167 2500 gloriam
2215 2430 2391 2500 signi-

811 2522 980 2578 ﬁcare
1008 2523 1167 2578 solet.
1204 2522 1310 2577 Sed
1342 2532 1399 2577 et
1416 2523 1482 2577 dc
1527 2523 1611 2577 his
1643 2523 1903 2580 dixerunt
1942 2524 2169 2594 quidam
2205 2528 2257 2578 in
2297 2522 2393 2579 de.

809 2629 929 2667 cem
988 2630 1153 2685 regna
1209 2614 1447 2670 divisum
1502 2622 1632 2671 tunc
1707 2617 1774 2670 iri
1820 2616 2108 2672 mundum.
2170 2616 2389 2686 Septem

812 2714 995 2759 autem
1021 2706 1221 2777 capita,
1263 2722 1329 2762 eo
1365 2708 1509 2777 quod
1540 2722 1705 2778 regna
1757 2708 1811 2763 in
1849 2709 1954 2763 hoc
1988 2707 2194 2762 mundo
2248 2723 2386 2761 con-

812 2797 1056 2866 tingant,
1109 2799 1205 2868 qui
1265 2815 1388 2855 cum
1450 2798 1761 2868 septenario
1809 2813 2042 2854 numero
2092 2798 2387 2870 quamdam

814 2889 978 2943 habet
1023 2893 1427 2960 cognationem,
1471 2893 1649 2962 utqui
1682 2893 1847 2948 simul
1892 2892 2229 2949 dissolvatur
2264 2909 2389 2949 eum

813 2983 1057 3036 sensibili
1088 2993 1141 3039 et
1166 2985 1371 3040 carnali
1398 2986 1526 3050 vita,
1553 3001 1677 3040 cum
1712 2994 1895 3040 autent
1921 2988 2171 3041 exoritur
2214 2987 2392 3041 ineor-

814 3075 1092 3143 ruptibilis
1145 3085 1199 3131 et
1267 3088 1529 3147 perpetua
1584 3077 1716 3141 vita,
1765 3088 1895 3133 tunc
1933 3078 2096 3133 etiam
2164 3094 2389 3149 regnum

814 3176 896 3219 est
917 3177 1237 3236 perpetuum
1266 3178 1321 3221 et
1348 3169 1697 3223 successione
1723 3184 1942 3224 carens.

890 3255 959 3308 Et
993 3258 1157 3312 bestia
1196 3276 1352 3329 quam
1387 3262 1492 3314 ridi
1527 3262 1727 3314 similis
1758 3273 1870 3314 erat
1906 3261 2098 3330 perdo.
2134 3260 2308 3314 Simul
2338 3259 2390 3313 in

818 3345 1121 3415 principatu
1162 3348 1519 3418 blasphemia:
1546 3351 1713 3403 alium
1743 3351 1897 3419 sequi
1932 3350 2231 3420 signiﬁcat,
2290 3348 2393 3405 hoc

814 3448 917 3500 est,
954 3439 1374 3494 Antichristum.
1418 3443 1535 3511 Ipse
1556 3443 1702 3495 enim
1738 3442 1844 3495 erit
1878 3442 2274 3506 Anticln-istus,
2297 3442 2392 3511 qui

817 3533 967 3588 visus
991 3534 1059 3586 ab
1093 3535 1321 3588 exordio
1345 3534 1548 3589 Graecis
1585 3534 1944 3603 principibus,
1970 3546 2022 3588 et
2057 3550 2188 3589 sane
2226 3536 2391 3589 etiam

819 3623 903 3675 his
935 3622 1026 3690 qui
1062 3634 1185 3691 post
1237 3623 1656 3677 Constantinum
1712 3623 1966 3693 Magnum
2008 3622 2161 3678 luere
2202 3643 2215 3677 :
2252 3624 2394 3677 inter

822 3728 963 3782 quos
997 3710 1253 3767 Julianus
1281 3726 1334 3768 et
1382 3713 1598 3776 Valens,
1631 3714 1835 3784 quique
1876 3723 2002 3784 post
2057 3730 2179 3769 cum
2215 3715 2392 3769 secuti

821 3812 952 3858 sunt
987 3804 1223 3859 hmreti‘ei
1270 3806 1673 3874 imperatores:
1717 3814 1848 3858 tunc
1891 3814 1945 3859 et
1990 3804 2105 3873 ipse
2152 3805 2399 3873 insurget

817 3896 993 3949 ιίιιὶεο
1025 3897 1190 3966 paulo
1224 3906 1350 3950 ante
1379 3898 1552 3966 ipsius
1585 3897 1877 3953 adventum
1928 3896 2178 3952 Romano
2220 3899 2394 3969 impc-

819 3989 902 4040 rio
937 3988 992 4042 in
1027 3990 1216 4042 decem
1245 3989 1611 4059 principatus,
1646 3990 1736 4043 ubi
1761 3989 1873 4059 jam
1921 3990 2241 4044 innumeras
2274 4007 2395 4057 per-

819 4080 1003 4133 tulerit
1066 4080 1201 4135 ﬁdes
1252 4080 1567 4135 Christiana
1627 4080 2021 4151 hlasphemias.
2054 4080 2127 4135 De
2167 4097 2396 4136 numero

817 4179 1001 4224 autem
1057 4171 1243 4227 decem
1305 4188 1368 4227 ac
1411 4180 1618 4241 septem
1668 4174 1781 4242 jam
1805 4174 2013 4227 dictum
2076 4180 2181 4228 cst.
2226 4173 2396 4227 Porro

816 4264 998 4332 qualis
1031 4263 1101 4318 sit
1149 4263 1350 4327 bestia,
1384 4264 1585 4319 similis
1617 4276 1722 4328 εει,
1752 4264 1950 4335 inquit,
1996 4265 2187 4335 pardo,
2234 4265 2397 4333 pedes

818 4354 1029 4410 habens
1064 4356 1199 4419 ursi,
1230 4370 1285 4410 et
1319 4372 1382 4411 os
1440 4364 1701 4427 tanquam
1742 4356 1919 4411 leonis
1949 4370 1963 4409 :
2014 4371 2110 4426 per
2163 4356 2393 4426 pardum

818 4444 1041 4515 quidem
1079 4445 1373 4517 designans
1406 4446 1712 4501 Romanum
1744 4447 2038 4517 imperium
2073 4449 2219 4519 quod
2254 4448 2395 4501 cele-

2492 1963 2804 2032 ἀγγελικῶν
2858 1964 2959 2034 μὲν
3009 1964 3071 2019 τδ
3131 1966 3263 2037 πρὶν
3336 1967 3705 2037 ὑπαρχουσῶν
3761 1969 4081 2037 δυναμεων,

2493 2054 2722 2127 ὕστερον
2781 2056 2862 2121 δὲ,
2899 2058 2965 2110 ὲκ
3010 2056 3449 2131 διαϐεϐλημένης
3501 2062 3897 2131 προαιρέσεως.
3940 2060 4083 2129 πρὸς

2490 2146 2591 2219 τὴν
2627 2148 2736 2200 τῶν
2786 2148 3060 2219 δαιμόνων
3119 2151 3739 2221 μιτασχηματισθεισῶν
3806 2151 4080 2220 ζόφωσιν.

2490 2240 2575 2293 Τὰ
2610 2240 2816 2311 κέρατα
2860 2241 2918 2295 δὲ
2948 2242 3020 2295 τὰ
3048 2242 3184 2298 δέκα
3238 2242 3300 2297 τὸ
3346 2242 3553 2298 τέλειον
3601 2243 3709 2297 τῶν
3742 2244 3822 2307 εἰς
3872 2242 4082 2297 κακίαν

2494 2331 2891 2389 συντελούντων
2922 2339 3204 2408 προσεῖναι
3243 2336 3320 2407 τῷ
3366 2338 3719 2407 Ἀντιχρίστψ
3744 2334 4081 2407 παραδηλοῖ,

2492 2431 2553 2497 ἐξ
2582 2424 2657 2483 ῶν
2687 2430 2783 2484 καὶ
2829 2428 2957 2495 δόξα
3001 2430 3153 2499 αὑτῷ
3190 2431 3561 2501 παρομαρτεῖ,
3624 2428 3761 2482 διότι
3808 2428 3871 2481 τὸ
3908 2427 4082 2495 κέρας

2491 2528 2593 2597 τὴν
2660 2525 2820 2591 δόξαν
2857 2525 2979 2588 ἔθος
3016 2525 3324 2596 σημαίνειν.
3390 2523 3554 2577 Ἀλλά
3602 2525 3696 2576 καὶ
3739 2523 3805 2574 ἐκ
3867 2520 4083 2573 τούτων

2492 2620 2639 2684 τινὲς
2672 2622 2966 2691 εἰρήκασιν
2994 2621 3076 2682 τίς
3116 2619 3249 2673 δέκα
3297 2618 3420 2671 τότε
3469 2616 3747 2687 βασιλείας
3781 2614 4082 2687 διῃρῆσθαι

2492 2714 2593 2784 τὴν
2630 2712 2979 2782 οἰκουμένην.
3015 2712 3125 2774 Τὰς
3157 2712 3214 2765 δὲ
3249 2711 3390 2764 ὲπτά
3419 2708 3685 2778 κεφαλὰς,
3724 2707 3804 2776 τῷ
3832 2708 3940 2770 τὰς
3977 2707 4076 2774 βα-

2494 2804 2702 2868 σιλείας
2723 2805 2782 2858 ὲν
2798 2803 2935 2874 τῷδε
2955 2802 3031 2874 τῷ
3050 2802 3320 2873 συστοίχῳ
3334 2801 3428 2855 τοῦ
3448 2797 3814 2871 ὲὸδοματικοῦ
3828 2798 3964 2869 ἀριθ
3974 2797 4079 2868 μοῦ

2495 2898 2685 2966 κόσμῳ
2716 2896 2981 2965 ὑπάρξαι,
3035 2894 3529 2965 συγκαταλυομὲνῳ
3572 2895 3649 2958 ὡς
3702 2892 3955 2961 αἰσθητῷ
4011 2894 4077 2960 τῇ

2496 2987 2639 3040 κατά
2680 2988 2861 3057 σάρκα
2910 2986 3118 3056 βιώσει,
3164 2985 3544 3048 ἀνατέλλοντος
3574 2984 3631 3037 δὲ
3662 2982 3757 3037 τοῦ
3786 2984 4076 3053 ἀφθάρτου

2494 3095 2555 3131 τε
2586 3077 2679 3132 καὶ
2700 3078 3117 3141 διαιωνίζοντος.
3151 3078 3209 3129 ἐν
3253 3072 3298 3145 ᾧ
3331 3076 3425 3131 καὶ
3466 3079 3498 3139 ἡ
3535 3074 3787 3146 βασιλεία
3832 3072 4081 3127 διαιωνί-

2499 3167 2671 3232 ζουσά
2703 3184 2763 3220 τε
2793 3167 2891 3219 καὶ
2923 3167 3224 3235 ἁδιάδοχος.

2570 3260 2677 3316 Καὶ
2730 3259 2796 3313 τὸ
2828 3258 3036 3325 θηρίον
3088 3257 3119 3310 ὂ
3152 3254 3315 3311 εἶδον
3365 3254 3446 3327 ἦν
3493 3258 3704 3326 ὅμοιον
3753 3256 4077 3324 παρδάλει.

2497 3352 2654 3420 "Atta.
2679 3352 2747 3421 τῇ
2782 3350 2925 3419 ἀρχῇ
2963 3351 3059 3420 τῆς
3097 3348 3446 3419 βλασφημίας
3476 3349 3637 3403 ἄλλον
3682 3349 3920 3403 ἔπεσθαι
3972 3365 4080 3400 πα-

2500 3442 2743 3513 ραδηλοί,
2777 3442 3045 3505 τουτέστι,
3078 3442 3169 3494 τὸν
3205 3441 3602 3511 Ἀντίχριστον.
3635 3440 3806 3502 Αὐτὸς
3834 3440 3896 3493 δὲ
3926 3440 4080 3492 ἔσται

2495 3542 2525 3592 ὁ
2576 3539 2943 3608 ’Δντίχριστος
2971 3540 2999 3590 ὁ
3024 3538 3331 3607 προοιμίοις
3355 3539 3702 3607 χρησάμενος
3731 3538 3845 3597 τοῖς
3895 3534 4081 3602 Ἐλλη-

2498 3634 2738 3696 νίξουσιν
2786 3632 3068 3700 ἄρχουσιν,
3110 3622 3204 3683 καὶ
3232 3630 3297 3701 δὴ
3328 3631 3559 3691 καὶτοῖς
3595 3627 3735 3696 μετά
3784 3629 4082 3680 Κωνστανο

2496 3724 2642 3776 τῖνον
2674 3722 2764 3775 τὸν
2822 3720 3017 3789 μέγαν,
3063 3715 3138 3772 ὧν
3182 3721 3327 3772 ἐστιν
3379 3719 3664 3779 Ἰουλιανὸς
3712 3717 3807 3770 καὶ
3835 3718 4079 3781 Οὐάλης,

2504 3816 2599 3868 καὶ
2632 3815 2682 3868 ei
2732 3813 2854 3868 καθ’
2899 3812 3028 3881 ἑξῆς
3066 3812 3435 3882 αίρετίζοντες
3488 3811 3745 3879 βασιλεῖς.
3788 3810 3931 3863 Τότε
3992 3808 4083 3860 καὶ

2497 3909 2661 3971 αὐτὸς
2689 3908 3172 3977 ὲπιστήσετσι,είς
3198 3906 3330 3959 δέκα
3377 3906 3485 3975 πρὸ
3541 3904 3742 3974 μικροῦ
3777 3904 3879 3971 τῆς
3914 3901 4081 3956 αὐτοῦ

2497 3999 2735 4067 ἀφίξεως
2762 3998 3117 4069 μερισθείσης
3141 3998 3241 4066 τῆς
3279 3997 3593 4066 Ῥωμαῖκῆς
3622 3994 3821 4065 ἀρχῆς,
3845 3993 4083 4061 ἀρκούν-

2496 4109 2607 4154 τως
2664 4089 3265 4161 μεταϐεὸλασφημένης
3312 4087 3411 4155 τῆς
3462 4087 3572 4138 τῶν
3608 4085 3959 4155 Χριστιανῶν
3995 4084 4079 4135 πίε

2500 4181 2866 4251 στε.ως.11ερὶ⁵
2915 4180 3011 4235 τοῦ
3059 4178 3295 4249 ἀριθμοῦ
3345 4178 3402 4230 δὲ
3456 4178 3551 4229 τοῦ
3599 4176 3732 4229 δέκα
3782 4174 3881 4229 καὶ
3944 4173 4085 4228 ἑπτὰ

2498 4276 2736 4344 εἴρηται.
2784 4274 3000 4325 ὐποῖον
3030 4272 3087 4325 δὲ
3117 4271 3178 4323 τὸ
3209 4269 3418 4340 θηρίον,
3466 4268 3652 4337 ὅμοιόν
3683 4284 3816 4337 φησι
3865 4265 4082 4337 παρδά-

2498 4364 2659 4429 λεως,
2690 4365 2782 4417 καὶ
2804 4364 2853 4416 οἱ
2887 4364 3047 4424 πόδες
3078 4363 3307 4430 ἄρκτου,
3330 4359 3425 4413 καὶ
3446 4360 3508 4412 τὸ
3538 4358 3711 4428 στόμα
3738 4357 3813 4420 ὡς
3838 4357 4082 4417 λέοντος,

2497 4455 2585 4509 διὰ
2640 4456 2740 4526 μὲν
2788 4456 2885 4525 τῆς
2939 4453 3259 4523 παρδάλεως
3292 4453 3393 4523 τὴν
3453 4450 3739 4521 Ῥωμαίων
3794 4449 4085 4517 σημαίνων

816 4540 953 4591 riter
1008 4539 1338 4607 processerit
1388 4539 1657 4596 adversus
1719 4555 2079 4611 quoscunque
2129 4540 2392 4610 impetum
2435 4560 2478 4617 ι)

2435 4560 2478 4617 D
2507 4546 2704 4618 ἀρχὴν,
2756 4546 2833 4609 ὡς
2860 4546 3159 4615 ταχυεργῆ,
3206 4543 3330 4599 καθ’
3377 4536 3451 4596 ὧν
3486 4543 3554 4595 ἂν
3596 4540 3696 4612 τὴν
3728 4537 3911 4610 ὁρμὴν
3961 4541 4081 4608 σχῇ.

816 4630 1009 4687 habuit
1040 4642 1095 4685 et
1138 4632 1426 4695 violenter,
1458 4632 1980 4703 donee'pertiugeret
1998 4632 2065 4686 ad
2089 4632 2252 4686 linem
2280 4631 2401 4701 ejus

815 4720 963 4791 quod
995 4721 1353 4779 inchoaverat
1392 4742 1409 4778 :
1438 4726 1581 4796 quod
1605 4724 1770 4779 etiam
1804 4723 2077 4795 signiﬁcat
2104 4738 2202 4794 per
2232 4724 2398 4795 pedes

820 4813 959 4869 ursi.
1000 4814 1335 4871 lleferuntur
1386 4827 1569 4872 autem
1626 4817 1821 4872 other:
1881 4817 1948 4872 ad
1982 4815 2276 4873 Persarum
2312 4830 2399 4870 re-

820 4920 1011 4977 gnum.
1061 4906 1330 4962 Caeterum
1365 4924 1461 4978 per
1490 4924 1556 4965 os
1589 4908 1909 4980 designatur
1953 4921 2181 4977 regnum
2219 4904 2402 4977 Baby-

823 4998 1123 5065 loniorum,
1171 5000 1260 5054 cui
1295 5000 1545 5057 succedit
1582 5001 1805 5056 indubie
1852 5014 2080 5071 regnum
2129 4997 2392 5057 Sarrace-

822 5105 1037 5157 norum,
1071 5108 1136 5147 eo
1166 5092 1312 5162 quod
1346 5111 1491 5150 nunc
1511 5108 1735 5166 quoque
1763 5094 1818 5149 in
1850 5092 2126 5163 Babylone
2154 5093 2227 5147 sit
2248 5090 2399 5161 regia

822 5179 1063 5246 illorum,
1092 5183 1295 5252 quibus
1319 5184 1693 5242 dominabitur
1722 5185 2096 5241 Antichrisms
2136 5193 2396 5253 tanquam

822 5271 1121 5339 imperator
1142 5274 1543 5333 Romanorum.

897 5362 967 5418 Et
1003 5365 1148 5419 dedit
1179 5367 1261 5421 illi
1294 5371 1458 5422 draco
1488 5371 1738 5424 virtutem
1764 5386 1942 5426 suam.
1968 5370 2127 5427 Dabit
2164 5387 2401 5449 namque

828 5452 1063 5512 Satanas
1093 5459 1398 5528 spiritualis
1431 5464 1599 5519 draco
1644 5462 1985 5520 Antichristo
2013 5479 2234 5522 omnem
2290 5481 2402 5538 po—

829 5553 1081 5601 testatem
1113 5549 1178 5603 aJ
1208 5550 1580 5607 sedueendum
1617 5551 1885 5610 duntaxat
1912 5553 2269 5623 inﬁrmiores,
2302 5572 2399 5627 per

828 5632 988 5704 signa
1030 5646 1083 5690 et
1110 5639 1356 5710 prodigia
1394 5640 1699 5700 mendacia.
1736 5642 1878 5711 Quid
1909 5652 2092 5700 autem
2130 5657 2228 5716 per
2252 5643 2401 5701 thro-

905 5818 1017 5890 (δίε)
1044 5818 1221 5877 ἄλλων
1252 5823 1338 5878 0d.

2504 4643 2599 4694 καὶ
2648 4638 2991 4711 καρτερικὴν
3043 4637 3235 4707 μέχρις
3267 4634 3333 4689 ἂν
3366 4633 3501 4704 πρὸς
3533 4633 3684 4693 τέλος
3723 4631 3815 4683 τοῦ
3852 4630 4086 4701 ἐνάρξα-

2502 4734 2626 4786 σθαι
2654 4732 2855 4804 φθάσῃ.
2887 4732 2917 4784 ὃ
2951 4731 3043 4784 καὶ⁸
3072 4728 3161 4783 διὰ
3196 4728 3308 4783 τῶν
3336 4726 3437 4792 τῆς
3465 4727 3670 4796 ἄρκτου
3702 4724 3885 4777 ποδῶν
3914 4722 4081 4793 δηλοῖ.

2512 4824 2903 4893 ’Δναφέρονται
2928 4822 2986 4876 δὲ
3019 4823 3113 4876 καὶ
3139 4822 3219 4883 εἰς
3242 4820 3343 4890 τὴν
3371 4817 3598 4889 Περσῶν
3630 4815 3942 4883 βασιλείαν.
3989 4812 4085 4866 Διά

2497 4913 2555 4966 δὲ
2579 4912 2674 4965 τοῦ
2704 4911 2972 4983 στόματος
3003 4914 3037 4983 ἡ
3079 4912 3463 4973 Βαϐυλωνίων,
3496 4909 3563 4979 ῆν
3592 4909 3657 4961 ἄν
3684 4925 3769 4970 τις
3804 4906 4086 4978 ἀπαραλο-

2501 5007 2704 5074 γίστως
2752 5006 2852 5076 τὴν
2904 5005 3013 5059 τῶν
3066 5003 3442 5077 iuppitquth
3495 5000 3792 5067 ἐκδέξεται,
3844 4998 3977 5053 καθ’
4005 4998 4086 5049 ὅτι

2505 5102 2601 5151 καὶ
2634 5098 2692 5152 ὲν
2721 5095 3006 5153 Βαϐυλῶνι
3033 5094 3131 5149 νῦν
3160 5097 3281 5149 ἔστι
3313 5095 3376 5149 τὸ
3400 5096 3621 5165 ἀρχεῖον
3643 5090 3845 5155 αὐτῶν,
3863 5083 3946 5145 ὧν
3971 5088 4034 5159 δὴ
4058 5088 4085 5139 ό

2518 5190 2883 5261 Ἀντίχριστος
2906 5190 2983 5251 ὡς
3026 5186 3317 5259 Ῥωμαίων
3342 5185 3598 5256 βασιλεὺς
3622 5184 3915 5254 κρατήσει.

2577 5363 2687 5421 Καὶ
2726 5364 2952 5420 ἔδωκεν
2994 5350 3166 5429 αὐτῷ
3202 5367 3235 5420 ὀ
3265 5363 3500 5433 δράκων
3527 5361 3643 5429 τὴν
3675 5361 3936 5432 δύναμιν
3975 5360 4075 5414 αι’)-

2504 5459 2631 5516 τοῦ.
2668 5458 2836 5511 Mica:
2870 5458 2980 5530 γὰρ
3007 5457 3503 5527 τῷἊντιχρίστῳό
3536 5456 3804 5519 Σατανᾶς,
3841 5456 3871 5508 ό
3892 5454 4073 5523 voth

2503 5552 2747 5621 δράκων,
2783 5552 2966 5607 πᾶσαν
3014 5547 3266 5617 ἐξουσίαν
3319 5550 3378 5602 ὲν
3434 5548 3684 5619 σημείοις
3738 5546 3832 5601 καὶ
3893 5546 4070 5616 τέρατι

2504 5643 2750 5721 ψευδέσι,
2784 5641 2921 5718 πρὸς
2951 5638 3229 5713 ἑξαπέιτην
3260 5641 3411 5711 ὅμως
3438 5638 3548 5695 τῶν
3582 5636 3948 5710 ἀστηρίκτων.
3977 5632 4069 5686 Τὲν
