4256 6440
191 419 299 484 6ἷ3

1255 416 1644 478 COMMENT.
1687 418 1768 479 IN
1811 415 2337 476 APOCALYPSIN.

3338 407 3447 477 614

193 536 383 605 θρόνον
412 534 468 587 δὲ
498 531 549 586 τί
581 533 824 602 νοητὲον,
863 533 912 584 εξ
957 532 1032 600 μὴ
1065 531 1165 602 τὴν
1195 530 1445 598 ἐξουσίαν
1477 533 1572 586 τοῦ
1615 533 1776 603 ἀέρος
1809 545 1848 596 Α

1881 549 2011 588 num
2047 532 2457 602 intelligendum
2482 543 2564 588 est
2601 531 2706 586 nisi
2734 538 2977 602 potestas
3012 529 3156 585 aeris
3191 531 3417 586 tenebra

193 627 288 679 τοῦ
318 627 542 685 σκότους
579 624 794 687 τούτου,
828 624 893 693 ἣν
921 625 1015 676 καὶ
1047 623 1207 686 αὐτὸς
1232 623 1356 694 ἔσχε
1381 625 1482 694 τῆς
1513 625 1769 693 οὐρανίου

194 718 354 786 δόξης
385 718 519 769 sm;
529 714 763 777 πτωκώς
791 731 806 778 ;

269 808 377 863 Kal
428 803 594 861 εἶδον
615 807 762 876 μίαν
811 805 878 858 ἐκ
910 805 1030 859 τῶν
1063 805 1347 874 κεφαλῶν
1380 807 1592 870 αὑτοῦ,
1631 809 1773 862 ὡσεὶ

193 896 584 966 ἐσφαγμένην
607 897 694 961 εὶς
725 893 1014 948 θάνατον·
1046 895 1143 947 καὶ
1162 895 1200 960 ἠ
1228 896 1433 963 πληγὴ
1463 897 1566 949 τοῦ
1599 897 1776 949 θανά-

196 1005 304 1041 του
334 986 522 1040 αὑτοῦ
550 986 914 1054 ἐθεραπεύθη
937 1003 950 1016 ·
977 987 1074 1038 καὶ
1121 986 1464 1055 ἐθαύμασεν
1485 988 1597 1053 ὅλη
1635 991 1672 1056 η
1700 988 1773 1058 γῆ

198 1080 394 1130 ὀπίσω
437 1077 542 1130 τοῦ
576 1077 784 1143 θηρίου
805 1091 818 1104 ο
854 1077 952 1128 καὶ
987 1078 1466 1143 προσεκύνησαν
1514 1077 1592 1143 τῷ
1633 1078 1775 1145 δρά-

200 1188 366 1222 κοντι
416 1168 494 1234 τῷ
526 1168 808 1222 δεδωκότι
865 1169 981 1238 τὴν
1012 1169 1302 1231 ἐξουσίαν
1335 1169 1414 1233 τῷ
1445 1171 1645 1237 θηρίῳ,
1679 1169 1776 1222 καὶ

200 1264 675 1329 προσεκύνησαν
711 1261 787 1325 τῷ
838 1261 1040 1328 θηρίῳ,
1073 1260 1391 1327 λέγοντες·
1437 1262 1530 1325 Τίς
1577 1261 1778 1328 ὅμοιος

201 1355 282 1417 τῷ
313 1355 526 1419 θηρίῳς
572 1355 662 1417 τίς
707 1355 966 1416 δυνατὸς
1014 1353 1354 1422 πολεμῆσαι
1388 1356 1514 1421 μετ’
1554 1353 1780 1415 αὑτοῦ;

202 1450 297 1499 καὶ
329 1448 506 1514 ἐδόθη
530 1446 690 1510 αὐτῷ
720 1447 915 1514 στόμα
943 1446 1182 1498 λαλοῦν
1199 1445 1435 1514 μεγάλα
1459 1444 1554 1498 καὶ
1578 1445 1779 1508 βλασ-

202 1540 437 1606 φημίαν
458 1555 470 1566 ·
507 1538 605 1591 xal
639 1537 818 1603 ἐδόθη
844 1537 1005 1601 αὺτῷ
1029 1536 1280 1600 ἐξουσία
1305 1540 1574 1603 πόλεμον
1605 1535 1778 1603 ποιῆ-

201 1648 306 1684 σαι
329 1630 531 1700 μῆνας
547 1627 1135 1696 τεσσαρακονταδύο.
1155 1629 1261 1682 Kal
1287 1627 1488 1694 ἤνοιξε
1502 1630 1564 1680 τὸ
1587 1628 1780 1695 στόμα

202 1725 390 1776 αὐτοῦ
418 1727 505 1788 εις
533 1722 935 1791 ,ϐλασφημίαν
967 1722 1118 1790 πρὸς
1147 1721 1254 1773 τόν
1295 1722 1462 1784 Θεὸν,
1495 1722 1781 1788 ,βλασφη-

197 1813 395 1882 μῆσαι
437 1812 504 1865 τὸ
561 1813 749 1879 ὄνομα
772 1811 983 1874 αὑτοῦ,
1013 1811 1113 1863 καὶ
1157 1810 1272 1877 τὴν
1295 1811 1541 1878 σκηνὴν
1569 1811 1778 1874 αὐτοῦ,

1879 639 2000 678 rum
2059 624 2279 688 harum,
2317 624 2479 695 730
2510 640 2673 693 quam
2707 625 2823 694 ipse
2854 636 3075 693 quoque
3105 621 3318 693 accepit
3355 624 3450 692 qui

1877 735 1908 774 a
1941 719 2110 787 gloria
2146 717 2352 773 caelesti
2384 717 2617 770 cecidit?

1949 808 2089 876 XIII,
2118 810 2233 862 3-7.
2265 808 2333 862 Et
2358 809 2463 862 vidi
2488 825 2649 860 unum
2684 809 2748 862 de
2768 807 3027 876 capitibus
3052 806 3168 875 ejus
3202 816 3453 875 tanquam

1880 902 2109 955 occisum
2141 900 2210 951 ad
2247 909 2486 959 mortem,
2524 907 2570 949 et
2599 897 2753 965 plaga
2786 897 2969 949 mortis
2995 895 3109 964 ejus
3135 904 3323 948 curata
3352 903 3450 948 est.

1884 990 1950 1043 Et
1983 991 2250 1042 admirata
2280 999 2356 1042 est
2391 990 2635 1042 universa
2661 997 2800 1040 terra
2829 998 2942 1055 post
2969 987 3210 1040 bestiam.
3241 983 3458 1037 Etado-

1880 1093 2127 1135 rarerunt
2159 1083 2441 1135 draconem
2468 1081 2560 1148 qui
2592 1081 2812 1133 dederat
2844 1089 3150 1147 potestatem
3175 1080 3376 1141 bestiae,
3400 1085 3452 1131 et

1882 1177 2231 1228 adorat-erunt
2251 1175 2474 1227 bestiam
2511 1174 2744 1226 dicentes
2777 1187 2794 1224 :
2825 1169 2956 1236 Quis
2986 1172 3173 1224 similis
3225 1171 3453 1224 bestiae?

1879 1269 1997 1336 quis
2028 1268 2212 1336 poterit
2237 1283 2469 1335 pugnare
2495 1281 2610 1317 cum
2647 1265 2744 1318 ea.’
2770 1262 2834 1315 Et
2873 1265 3055 1315 datum
3085 1273 3161 1316 est
3189 1265 3236 1315 ei
3275 1280 3332 1317 os
3373 1265 3456 1315 ιο-

1880 1376 2041 1423 quens
2070 1375 2258 1424 nmgna
2298 1370 2346 1412 et
2377 1359 2728 1426 blaspltentias
2759 1373 2776 1409 .'
2804 1366 2851 1410 et
2888 1359 3016 1408 data
3036 1367 3111 1408 est
3148 1358 3194 1408 ei
3227 1365 3454 1423 potestas

1884 1449 2120 1519 faciendi
2142 1449 2379 1514 praelium
2415 1465 2610 1502 menses
2647 1447 2999 1517 quadraginta
3020 1450 3177 1500 duas.
3230 1445 3296 1498 Et
3326 1463 3454 1514 ape-

1885 1542 1992 1594 ruit
2025 1557 2080 1592 os
2129 1556 2281 1591 suum
2338 1542 2405 1590 ad
2457 1539 2835 1606 blasphemiam
2867 1539 3116 1591 adversus
3177 1537 3365 1600 Deum,
3399 1543 3459 1590 ul

1886 1631 2269 1699 blasphcmarel
2300 1645 2484 1682 nomen
2515 1630 2628 1697 ejus
2653 1639 2700 1681 et
2725 1628 3120 1680 tabernaculum
3153 1628 3266 1696 ejus
3295 1637 3342 1680 et
3367 1642 3457 1679 eos

1886 1724 1974 1792 qui
2009 1723 2061 1775 in
2093 1722 2220 1774 cmlo
2254 1721 2516 1772 habitant.
2556 1718 2622 1772 Et
2689 1723 2873 1770 datum
2913 1729 2986 1770 est
3036 1719 3117 1769 illi
3147 1717 3341 1770 bellum
3368 1719 3455 1778 [n-

1884 1827 1997 1864 ccre
2026 1828 2143 1864 cum
2171 1811 2369 1863 sanctis
2402 1820 2448 1862 et
2491 1810 2694 1862 vincere
2716 1825 2824 1862 eos.

203 1907 301 1959 καὶ
343 1905 484 1970 τοὺς
541 1905 612 1957 ἐν
644 1902 724 1968 τῷ
782 1902 1015 1972 οὐρανῷ
1068 1903 1472 1970 σκηνοῦντας.
1535 1903 1641 1957 Kal
1689 1904 1866 1972 ἐδόθη
1919 1904 2080 1969 αὐτῴ
2137 1901 2382 1970 ποιῆσαι
2442 1901 2711 1969 πόλεμον
2757 1900 2906 1969 μετὰ
2955 1898 3075 1952 τῶν
3121 1898 3323 1968 ἁγίων,
3360 1893 3464 1952 καὶ

201 2001 446 2068 νικῆσαι
488 2002 729 2066 αὐτούς.

272 2090 445 2142 Τοῦτο
472 2090 745 2160 διαφόρως
794 2089 1118 2158 ὲκληπτέον.
1151 2091 1309 2142 ἿΙτοι
1353 2090 1462 2160 γάρ
1484 2089 1625 2144 οὕτω
1655 2107 1778 2158 var;
1813 2095 1854 2152 Β

203 2181 358 2234 τέον·
394 2181 704 2249 Κεφάλαιον
734 2180 830 2234 τοῦ
865 2181 1099 2245 Σατανᾶ,
1139 2181 1205 2233 τά
1240 2181 1331 2232 ὑπ’
1364 2181 1528 2235 αὑτοῦ
1572 2184 1781 2235 πεπλα-

204 2274 416 2343 νημένα
451 2273 600 2340 ἔθνη.
633 2273 853 2326 Τούτων
897 2273 953 2325 δὲ
997 2276 1029 2342 ἡ
1083 2273 1221 2342 πρὸς
1267 2275 1545 2327 εὐσέϐειαν
1587 2277 1783 2326 ἐπανα-

205 2365 386 2432 γωγὴ,
424 2362 608 2433 σφαγὴ
650 2364 726 2425 εἰς
761 2362 991 2416 Θάνατον
1025 2364 1299 2434 ἐλογίσθη.
1342 2367 1450 2418 Kal
1482 2367 1564 2419 ὅτι
1603 2367 1662 2419 οὺ
1690 2384 1783 2420 κυ-

208 2458 342 2524 ρίως
378 2455 615 2522 σφαγὴν,
669 2455 782 2506 ἀλλ’
831 2456 908 2518 ὼς
940 2456 1156 2525 σφαγὴν
1199 2460 1262 2509 τὸ
1311 2457 1471 2527 ῥητὸν
1520 2461 1778 2529 παριστᾷ,

207 2550 312 2600 οὐκ
343 2547 720 2616 ἐσφαγμένην,
757 2547 871 2600 ἀλλ’
913 2548 988 2610 ὡς
1033 2550 1384 2620 ἐσφαγμένην
1419 2552 1646 2619 φάσκον,
1691 2553 1785 2604 καὶ

211 2641 309 2708 τῷ,
362 2642 462 2703 ὡς,
522 2640 909 2710 ὁμοιωματικῷ
959 2642 1133 2710 μορίῳ
1180 2642 1542 2712 χρησάμενον.
1599 2645 1784 2716 Ταύτῃ

213 2732 347 2798 γοῦν
377 2732 538 2785 πάλιν
568 2735 633 2802 τῇ
665 2735 743 2794 εἰς
781 2732 1112 2799 θεογνωσίαν
1139 2733 1547 2806 ἐπαναστροφῇ,
1580 2737 1612 2804 ἡ
1649 2736 1788 2806 πρὸς

210 2823 305 2876 τδν
336 2823 394 2888 ἐξ
441 2823 614 2891 ἀρχῆς
649 2822 785 2893 πρὸς
820 2823 1084 2875 ἀσέϐειαν
1114 2824 1486 2895 ἐπαναδρομὴ,
1523 2826 1789 2896 Θεραπεία

212 2915 530 2983 ὠνόμασται
566 2914 800 2982 πληγῆς.
839 2914 907 2966 Ἦ
927 2914 1108 2966 τοίνυν
1130 2914 1301 2976 οὕτως
1330 2915 1399 2966 τά
1424 2916 1520 2984 τῆς
1545 2916 1787 2970 ἀναπτύ-

214 3007 352 3070 ξεως
377 3004 472 3056 τοῦ
504 3005 689 3074 ῥητοῦ,
714 3005 747 3074 ἢ
780 3005 871 3056 ml.
900 3003 1097 3066 οὕτως·
1127 3006 1385 3074 Κεφαλήν
1405 3006 1480 3069 ὠς
1505 3008 1788 3076 ἐσφαγμέ-

212 3115 335 3166 νην,
373 3098 482 3147 εἴτε
518 3095 642 3147 τινὰ
690 3096 800 3146 τῶν
841 3096 1118 3166 ἀρχόντων
1163 3096 1329 3148 αὑτοῦ
1360 3097 1789 3164 τεΟανατῶσθαι,

216 3189 309 3240 καὶ
344 3190 408 3238 ἐκ
440 3186 537 3254 τῆς
573 3188 663 3239 ὑπ’
713 3186 878 3239 αὑτοῦ
907 3188 986 3248 εἰς
1020 3187 1188 3240 πολλὰ
1213 3187 1583 3258 διαιρεθείσης
1615 3190 1793 3259 ἀρχῆς

214 3279 303 3331 διά
359 3279 614 3347 γοητείας
659 3277 953 3345 ἁπατηλῶς
1005 3277 1329 3331 ἀνίστασθαι
1385 3278 1556 3343 δόξαι,
1609 3280 1642 3350 ἢ
1692 3281 1793 3350 τὴν

231 3371 519 3439 Ὶδωμαὶων
553 3371 728 3440 ἀρχὴν
782 3370 1165 3439 ἀπολλυμένην
1218 3370 1306 3422 διὰ
1363 3372 1459 3440 τῆς
1509 3374 1588 3434 εἰς
1623 3374 1793 3427 πολλὰ

216 3461 540 3531 διαιρέσεως
568 3464 779 3529 σφαγῆς
813 3461 1014 3532 τρόπον
1038 3460 1361 3529 νομισθῆναι
1380 3477 1394 3492 ο
1425 3463 1591 3516 αὑτοῦ
1618 3463 1674 3516 δὲ
1702 3465 1794 3517 τοῦ
1821 3433 1865 3491 c

232 3553 606 3621 Ἀυτιχρίστου
636 3554 839 3616 ταύτας
870 3551 1300 3614 καταλελυκότος
1319 3591 1334 3616 ,
1367 3552 1465 3622 τὴν
1505 3556 1798 3609 κατάλυσιν

218 3645 520 3715 θεραπείαν
549 3646 894 3716 νομισθῆναι.

293 3825 399 3878 Kal
452 3825 794 3892 ἐθαύμασεν
827 3826 940 3894 ὅλη
991 3827 1029 3894 ἡ
1071 3828 1144 3897 γῆ
1181 3830 1374 3884 ὀπίσω
1405 3831 1511 3884 τοῦ
1566 3831 1797 3896 θηρίου.

234 3918 380 3970 ’Λντὶ
414 3916 508 3970 τοῦ
556 3917 800 3986 οάμϐους
842 3920 1115 3989 ἐπλήσθη,
1157 3920 1348 3994 ὥσπερ
1389 3923 1798 3992 προηγουμένου

223 4010 320 4062 τοῦ
354 4009 549 4078 Θηρίου
584 4009 675 4062 διά
719 4009 827 4062 τῶν
873 4012 1135 4079 τεράτων.
1184 4013 1364 4066 αὐτῶν
1407 4013 1463 4065 δὲ
1515 4013 1800 4076 ἐξόπισθεν

222 4101 738 4153 ἐπακολουθούντων
765 4104 831 4172 τῇ
865 4102 1287 4168 συγκαταθέσει.
1323 4105 1395 4155 Τὸ
1416 4105 1470 4156 δὲ
1500 4105 1611 4170 ὅλη
1640 4105 1675 4172 ή
1702 4103 1800 4171 γῆ,

222 4193 345 4247 ἀντὶ
386 4193 505 4257 τοῦ,
545 4194 652 4255 πᾶς
688 4193 1000 4260 ἄνθρωπος,
1057 4195 1274 4264 εἴρηται
1312 4196 1678 4265 μετωνυμικῷ
1726 4194 1802 4264 τῷ

222 4284 434 4353 τρόπῳ,
471 4284 580 4336 ἀπὸ
611 4283 704 4335 τοῦ
729 4287 1080 4355 περιέχοντος
1112 4287 1170 4337 τὸ
1195 4288 1605 4356 περιεχόμενον.

297 4378 406 4431 Kal
457 4379 937 4445 προσεκύνησαν
966 4376 1047 4442 τῷ
1084 4378 1381 4444 δράκοντι.
1429 4379 1502 4429 Τὸ
1557 4379 1660 4431 ὑπὸ
1709 4379 1801 4432 τοῦ

240 4468 613 4537 ’Δντιχρίστου
647 4468 834 4537 Οαῦμα
887 4469 966 4530 εἰς
995 4469 1086 4519 τὸν
1119 4469 1185 4520 δι’
1217 4468 1380 4519 αὐτοῦ
1413 4469 1803 4539 ὲνεργούμενον

226 4563 472 4616 διάϐολον
491 4565 588 4632 τὴν
612 4565 892 4634 ἀναφορὰν
909 4564 1040 4630 ἕξει.
1071 4565 1149 4615 Δι’
1168 4566 1376 4616 ἐκείνου
1403 4567 1511 4634 γὰρ
1533 4567 1560 4616 ὁ
1589 4565 1803 4635 δράκων

229 4656 756 4725 προσκυνηθήσεται.

1959 2085 2073 2139 lloc
2098 2085 2245 2138 vario
2277 2085 2440 2138 modo
2485 2083 2659 2153 accipi
2693 2090 2870 2152 potest
2902 2101 2914 2136 :
2943 2089 3037 2135 aut
3079 2081 3224 2136 cnim
3264 2083 3338 2136 ita
3374 2083 3462 2135 in-

1886 2177 2235 2247 telligendum
2285 2187 2390 2240 est,
2427 2185 2486 2230 ut
2529 2185 2693 2245 caput
2754 2173 2971 2229 Satana:
3003 2186 3189 2242 gentes
3233 2177 3338 2230 sint
3388 2178 3457 2229 ab

1885 2286 1952 2325 eo
1983 2272 2222 2326 seducta:
2257 2289 2269 2324 :
2308 2285 2432 2323 nam
2457 2268 2653 2322 harum
2689 2267 2932 2321 inductio
2970 2265 3036 2319 ad
3069 2266 3312 2320 divinum
3338 2268 3460 2320 cul-

1885 2373 1999 2417 tum
2022 2375 2072 2417 et
2101 2364 2381 2432 pietatem,
2413 2361 2618 2415 oecisio
2647 2360 2713 2414 ad
2767 2369 3000 2413 mortem
3050 2367 3300 2428 reputata
3354 2369 3458 2412 est.

1885 2455 2039 2521 Quod
2077 2463 2258 2508 autem
2292 2471 2398 2507 non
2447 2453 2614 2507 fuerit
2652 2454 2871 2523 proprie
2922 2453 3154 2514 oceisio.
3188 2451 3282 2505 sed
3339 2461 3462 2504 tan-

1885 2560 2052 2616 quam
2081 2545 2313 2609 occisio,
2345 2545 2462 2613 ipsa
2506 2544 2699 2597 litterae
2733 2543 2906 2597 series
2941 2542 3297 2606 demonstrat,
3341 2555 3465 2610 qua:

1889 2656 1998 2693 non
2018 2639 2259 2692 occisum
2279 2637 2433 2700 dicit,
2458 2637 2658 2691 utendo
2678 2637 2843 2689 etiam
2863 2637 2961 2698 ὼς,
2992 2634 3042 2687 id
3065 2642 3150 2688 est
3178 2642 3460 2701 tanquam,

1891 2731 2267 2785 similitudinis
2294 2729 2586 2799 particula.
2627 2727 2708 2782 Ad
2744 2729 2885 2781 hanc
2925 2727 3088 2797 igitur
3143 2726 3466 2780 conversio-

1893 2841 2012 2878 nem
2043 2826 2107 2877 ad
2143 2824 2234 2877 Dei
2272 2822 2660 2891 cognitionem,
2696 2835 2914 2873 rursum
2941 2817 3242 2872 succedens
3273 2831 3469 2872 recur-

1892 2931 1986 2970 sus
2039 2917 2105 2969 ad
2140 2917 2393 2984 iprimam
2448 2913 2806 2982 impietatem,
2852 2911 3167 2964 nominatus
3195 2917 3280 2962 est
3333 2923 3468 2963 cura

1897 3008 2087 3078 plaga.
2119 3009 2224 3060 Aut
2275 3007 2376 3060 hoc
2407 3005 2571 3071 igitur
2625 3004 2785 3056 modo
2836 3002 2970 3055 dicti
3023 2998 3315 3069 explicatio
3369 3014 3468 3053 su-

1896 3099 2088 3152 menda
2131 3106 2214 3152 est
2245 3116 2258 3151 :
2297 3107 2390 3151 aut
2425 3097 2589 3150 etiam
2623 3097 2726 3150 isto
2772 3096 2933 3149 modo
2969 3110 2981 3145 :
3016 3103 3179 3162 caput
3209 3103 3468 3161 tanquam

1896 3191 2164 3255 occisum,
2189 3191 2304 3244 sive
2323 3192 2467 3260 quod
2495 3189 2699 3259 aliquis
2721 3187 3027 3258 principum
3052 3185 3222 3256 ipsius
3253 3185 3471 3238 occisus

1897 3280 2155 3343 l'nerit,et
2182 3297 2248 3336 eo
2280 3281 2424 3349 quod
2483 3281 2598 3349 ipse
2642 3279 2957 3333 diviseritin
3013 3277 3123 3330 mnl
3150 3293 3178 3329 a
3205 3276 3475 3347 principa-

1897 3383 2036 3434 tum,
2086 3389 2180 3442 per
2231 3374 2590 3442 imposturam
2639 3371 3014 3429 fraudulenter
3075 3383 3359 3437 resurgere
3391 3369 3472 3419 vi-

1899 3466 2112 3519 deatur.
2143 3467 2253 3519 Aut
2281 3465 2462 3535 putari
2519 3463 2893 3517 Romanorum
2926 3461 3153 3530 periisse
3182 3461 3474 3528 imperium

1900 3558 1953 3613 in
2007 3559 2229 3613 modum
2265 3559 2584 3621 occisionis,
2611 3572 2676 3612 eo
2722 3557 2865 3627 quod
2898 3556 2950 3609 in
3001 3555 3173 3608 multa
3233 3554 3473 3610 divisum

1901 3650 2066 3706 fuerit
2094 3668 2107 3704 :
2141 3652 2255 3720 ipse
2284 3659 2464 3704 tamen
2501 3649 2871 3703 Anticltristns
2897 3648 2990 3718 qui
3017 3647 3069 3700 id
3117 3646 3473 3711 dissolverat,

1900 3743 2300 3799 existimaverit
2329 3743 2750 3797 dissolutionem
2773 3755 2897 3796 esse
2931 3755 3147 3794 curam.

1972 3834 2038 3888 Et
2070 3835 2343 3888 admirata
2375 3845 2450 3888 est
2482 3835 2726 3888 universa
2763 3843 2905 3888 terra
2935 3841 3050 3900 post
3085 3831 3333 3885 bestiam.
3355 3828 3471 3885 Hoc

1899 3937 2004 3994 est,
2035 3936 2256 3996 stupore
2274 3927 2524 3996 perculsa
2553 3934 2630 3980 est
2663 3943 2676 3979 :
2707 3937 2966 3995 tanquam
2991 3933 3266 3993 praeeunte
3295 3923 3471 3977 bestia

1904 4036 1998 4090 per
2021 4021 2198 4090 signa,
2251 4021 2382 4089 ipsis
2442 4035 2573 4074 vero
2631 4035 2728 4090 per
2767 4019 3213 4091 approbationem
3256 4033 3285 4072 a
3323 4026 3478 4087 tergo

1903 4110 2278 4180 sequentibus.
2311 4110 2566 4163 Universa
2599 4120 2781 4164 autem
2817 4120 2954 4162 terra
2981 4124 3075 4178 per
3130 4108 3476 4178 metonymia:

1905 4203 2131 4272 ﬁguram
2181 4204 2386 4258 dictum
2439 4214 2546 4265 est,
2579 4220 2685 4274 qua
2717 4219 2747 4258 a
2801 4203 3105 4258 continenti
3159 4209 3477 4256 contentum

1906 4296 2244 4365 intelligitur.

1981 4387 2048 4439 Et
2098 4388 2783 4440 adoraveruntdraconem.
2836 4385 3154 4440 Miraculum
3216 4385 3333 4440 sive
3389 4400 3479 4438 res

1905 4480 2213 4550 prodigiosa
2235 4495 2355 4549 quae
2378 4479 2468 4533 ﬁet
2501 4480 2568 4532 ab
2587 4479 2926 4533 Anticliristo
2953 4479 3273 4532 relationem
3321 4477 3482 4530 liabe-

1905 4573 1985 4626 bit
2016 4572 2082 4625 ad
2135 4572 2441 4636 diabolum,
2497 4573 2589 4641 qui
2652 4587 2747 4640 per
2794 4587 2918 4626 eum
2959 4571 3308 4641 operabitur:
3351 4585 3477 4623 nam

1907 4663 2073 4716 draco
2106 4677 2200 4731 per
2227 4662 2378 4714 illum
2416 4662 2753 4716 adorabitur.

297 4745 407 4800 Kal
455 4745 632 4812 ἐδόθη
687 4746 846 4810 αὺτῷ
885 4747 1079 4815 στόμα
1142 4746 1378 4801 λαλοῦν
1415 4747 1648 4816 μεγάλα
1701 4749 1796 4801 καὶ
1833 4775 1865 4830 η

1877 4798 1878 4808 η
1982 4754 2137 4824 761
2175 4753 2241 4806 Ει
2269 4754 2453 4806 datum
2484 4763 2562 4807 est
2589 4756 2636 4807 ei
2663 4771 2718 4807 os
2752 4755 2966 4820 loquens
3002 4769 3192 4822 magna
3231 4762 3278 4805 et
3329 4751 3478 4804 blas-

235 4838 646 4907 ϐλασφημίαν.
684 4840 868 4890 Διττὴν
916 4839 978 4890 τὸ
1013 4839 1212 4906 λέγειν.
1255 4841 1325 4892 Ἣ
1357 4841 1463 4910 γάρ
1502 4842 1600 4906 τῆς
1639 4841 1802 4892 avex-

230 4934 478 5001 φράστου
501 4931 596 4983 τοῦ
629 4930 766 4983 Θεοῦ
788 4931 987 5000 ἀνοχῆς
1007 4931 1186 4995 τοῦτο,
1209 4933 1284 4994 ὡς
1314 4934 1615 5002 γυμνασίας
1651 4935 1807 5002 χάριν

232 5027 326 5078 καὶ
360 5024 593 5093 δοκιμῆς
634 5025 734 5093 τῆς
764 5024 901 5098 πρὸς
931 5025 1094 5076 αὑτὸν
1128 5025 1286 5093 ἡμῶν
1340 5025 1656 5088 διαθέσεως,
1712 5027 1807 5078 ἁν-

232 5117 492 5186 εχομένου
517 5118 583 5169 τά
615 5107 880 5170 τοιαῦτα·
907 5116 940 5185 ἢ
975 5116 1055 5178 τὸ,
1087 5116 1286 5182 ἐδόθη,
1322 5117 1427 5169 ὑπὸ
1457 5117 1563 5168 τῶν
1597 5120 1810 5187 ἠπατη-

233 5212 412 5278 μένων
447 5210 951 5279 προσκυνησάντων
982 5209 1130 5280 αὐτῷ
1159 5209 1483 5280 ἀνθρώπων.
1520 5211 1592 5262 Τὸ
1620 5210 1676 5261 δὲ
1715 5227 1809 5276 με-

231 5303 372 5367 γάλα
414 5302 620 5367 λαλεῖν,
653 5302 716 5355 τὺ
748 5302 1125 5372 ὑπερηφανίας
1167 5301 1340 5372 μεστὰ
1397 5304 1616 5371 ῥήματα
1669 5319 1804 5371 προ-

232 5398 438 5465 φέρειν.

289 5489 393 5542 Καὶ
426 5488 604 5553 ἐδόθη
635 5487 796 5552 αὐτῷ
827 5487 1079 5551 ἐξουσία
1112 5489 1210 5541 ἐπὶ
1237 5487 1445 5544 πᾶσαν
1466 5488 1674 5556 φυλὴν
1707 5487 1805 5540 καὶ

231 5581 382 5632 λαὸν
419 5579 517 5632 xal
549 5579 840 5647 γλῶσσαν
866 5579 967 5632 καὶ
995 5580 1193 5645 ἔθνος,
1222 5581 1318 5634 καὶ
1344 5581 1737 5647 προσκυνήσω
1749 5599 1806 5631 ι’-

233 5689 335 5723 c'tr
362 5671 549 5726 αὑτὸν
587 5672 808 5736 πάντες
843 5675 894 5725 ol
922 5670 1341 5735 κατοικοῦντες
1384 5669 1481 5721 ἐπὶ
1524 5668 1636 5736 τῆς
1670 5669 1804 5736 γῆς,

231 5757 318 5816 ὧν
346 5766 420 5817 οὺ
464 5762 786 5832 γέγραπται
829 5762 900 5816 τὰ
929 5763 1191 5830 ὀνόματα
1221 5762 1289 5814 ἐν
1330 5759 1409 5825 τῷ
1441 5761 1658 5825 ,βιϐλίῳ
1700 5760 1810 5827 τῆς

233 5851 377 5920 (tunc
397 5852 500 5908 τοῦ
536 5852 762 5922 Ἇρνίου
792 5851 897 5907 τοῦ
922 5850 1305 5922 ἐσφαγμένου
1331 5850 1451 5906 ἀπὸ
1471 5849 1813 5919 καταϐολῆς

1905 4837 2462 4917 ρΙιεηιὶιιηι.Βὶ[τιι·ἰιιιη
2513 4847 2626 4902 haec
2660 4847 2830 4915 accipi
2877 4855 3150 4916 possunt:
3187 4855 3279 4899 aut
3323 4844 3472 4899 enim

1909 4943 2010 4994 hoc
2047 4939 2348 4994 inellabilis
2399 4940 2490 4992 Dei
2552 4940 2855 4993 tolerantia:
2900 4947 3002 4996 est.
3035 4937 3125 5006 qui
3163 4937 3480 5005 lmjusmodi

1909 5033 2195 5096 sustineat,
2230 5032 2400 5100 gratia
2455 5031 2704 5086 exercitii
2753 5045 2817 5084 ac
2866 5030 3210 5099 probationis
3256 5028 3482 5084 allectus

1909 5125 2082 5177 nostri
2113 5139 2238 5192 erga
2289 5124 2469 5192 ipsum
2515 5141 2526 5175 :
2563 5132 2660 5176 aut
2685 5121 2828 5192 quod
2869 5122 3058 5174 datum
3083 5129 3167 5175 est
3205 5120 3273 5174 ab
3304 5119 3486 5174 homi-

1917 5216 2077 5269 nibus
2107 5216 2198 5282 qui
2235 5213 2443 5267 seducti
2483 5214 2661 5282 ipsum
2712 5215 3034 5268 adorarunt.
3072 5211 3261 5280 Magna
3293 5221 3480 5266 autem

1914 5308 2085 5377 Ιοιμιὶ,
2123 5309 2238 5377 hoc
2261 5316 2364 5370 est,
2396 5308 2561 5360 verba
2591 5306 2861 5375 superbia:
2887 5305 3046 5375 plena
3070 5303 3338 5375 proferre.

1990 5484 2129 5549 XIII,
2149 5483 2300 5537 7—I0.
2323 5481 2384 5534 Et
2411 5484 2626 5537 dataest
2656 5484 2736 5535 illi
2754 5483 3050 5552 potestasin
3065 5499 3266 5537 onmem
3287 5483 3482 5535 tribum

1877 5557 1886 5570 ’
1916 5587 1961 5630 et
1986 5578 2234 5643 populant
2267 5584 2316 5626 et
2347 5575 2580 5642 linguam
2612 5584 2661 5626 et
2693 5583 2930 5643 gentem:
2957 5583 3007 5626 et
3041 5573 3334 5626 adorabunt
3365 5590 3481 5625 eum

1919 5687 2092 5722 omnes
2143 5669 2230 5737 qui
2288 5667 2533 5720 habitant
2575 5670 2628 5720 in
2670 5679 2808 5720 terra
2843 5684 3063 5734 quorum
3122 5669 3337 5720 nomina
3381 5685 3482 5719 non

1919 5771 2040 5814 sunt
2067 5761 2263 5828 scripta
2323 5761 2376 5810 in
2419 5761 2554 5812 libro
2587 5762 2706 5812 vita'
2733 5760 2868 5829 Agni
2923 5761 3010 5826 qui
3038 5759 3242 5812 decisus
3295 5769 3372 5814 est
3421 5759 3485 5809 ab

1920 5855 2120 5923 origine
2149 5853 2350 5906 mundi.
2383 5851 2443 5906 Si
2469 5855 2585 5922 quis
2619 5851 2773 5908 liabet
2810 5868 3011 5918 aurem,
3041 5853 3250 5906 audiat.
3287 5852 3346 5906 Si
3373 5853 3490 5918 quis
