4256 6440
773 419 879 480 675

1610 400 1938 463 ARETII.‘E
1976 396 2353 459 C/ESARE/E
2387 393 2872 458 CAPPADOCIE
2915 392 3258 456 EPISCOPI

3924 386 4036 451 076

771 522 1132 594 captivitatem
1183 516 1352 582 ducit,
1400 515 1457 567 in
1516 509 1879 579 captivitate»:
1929 505 2073 559 vadit
2111 524 2125 559 ι
2163 504 2208 557 si
2238 502 2359 574 quis
2387 505 2436 564 Α

2357 525 2359 546 :
2387 505 2436 564 Λ
2462 504 2719 572 κόσμου.
2747 501 2818 555 Εἴ
2850 518 2941 566 τις
2958 501 3084 570 ἔχει
3109 494 3240 566 οὖς,
3265 496 3606 553 ἀκουσάτω*
3634 497 3691 550 εἴ
3744 512 3834 560 τις
3863 498 4038 564 01th-

773 617 955 691 gladio
1009 613 1224 674 occidit,
1259 616 1461 678 oportet
1490 619 1606 657 cum
1668 599 1849 671 gladio
1902 597 2092 656 occidi.
2122 594 2227 650 Hic
2271 602 2349 650 est

773 706 1030 780 patientia
1060 711 1109 757 et
1148 702 1279 768 ﬁdes
1304 703 1632 752 sanctorum.

851 994 909 1047 In
937 985 1374 1062 praecedentibus
1417 981 1623 1037 dictum
1659 989 1743 1033 est
1792 974 1941 1047 quod
2001 983 2219 1041 tempus
2257 970 2356 1026 ad-

774 1096 969 1141 ventus
995 1075 1318 1135 Antichristi
1358 1084 1413 1128 et
1445 1071 1807 1127 fraudulentae
1842 1065 2018 1137 ipsius
2071 1062 2358 1134 potestatis

775 1177 950 1231 tribus
970 1171 1130 1227 annis
1144 1178 1198 1224 et
1221 1165 1451 1222 dimidio
1472 1168 1886 1218 consummetur
1909 1176 1921 1211 :
1944 1170 2067 1210 nam
2090 1154 2193 1209 hoc
2210 1160 2357 1207 tem-

777 1266 967 1337 porale
1032 1261 1269 1331 spatium
1342 1255 1641 1312 coniiciunt
1709 1262 1929 1305 menses
1994 1244 2356 1317 quadraginta

777 1360 939 1414 duos.

851 1446 923 1501 Et
951 1443 1249 1498 adorabunt
1296 1454 1417 1493 eum
1451 1451 1628 1490 omnes
1672 1434 1761 1504 qui
1793 1429 2039 1483 habitant
2086 1428 2143 1481 in
2191 1436 2357 1480 terra.

780 1539 916 1597 Cum
958 1533 1224 1604 particula
1268 1530 1401 1595 πᾶς,
1459 1528 1511 1582 id
1543 1536 1627 1581 est
1678 1523 1883 1587 onmis,
1939 1522 2121 1575 trahat
2173 1531 2358 1573 secum

780 1626 1293 1700 contprehensivam
1316 1619 1755 1692 intelligentiam,
1787 1630 1853 1669 ne
1888 1615 1991 1668 hoc
2035 1611 2200 1665 etiam
2241 1609 2362 1662 loco

786 1725 860 1778 ita
896 1719 1070 1789 accipi
1116 1716 1448 1785 intelligatur
1480 1721 1540 1766 ut
1568 1708 1944 1763 Antichristus
1986 1701 2360 1757 adorationem

787 1817 986 1870 haheat
1030 1809 1271 1866 universi
1325 1803 1540 1877 generis
1592 1798 1842 1863 humani,
1884 1798 2101 1867 signum
2142 1790 2364 1846 tradidit

2454 595 2730 648 αλωσίαν
2752 592 3027 662 συνάγει,
3044 594 3130 656 εὶς
3154 590 3575 660 αἰχμαλωσίαν
3600 589 3815 658 ὑπάγει
3836 604 3851 616 ·
3876 588 3931 640 ετ
3951 605 4035 651 τις

2454 682 2525 735 ἐν
2559 683 2827 751 μαχαίρᾳ
2874 679 3214 744 ἀποκτενεῖ,
3269 680 3364 733 δεῖ
3411 680 3600 734 αὑτὸν
3648 680 3721 732 ἐν
3769 680 4039 747 μαχαίρᾳ

2455 773 2930 843 ἀποκτανθῆναι.
2961 766 3101 827 Ὧδέ
3142 773 3315 828 ἐστιν
3351 774 3390 842 ἡ
3422 771 3700 842 ὑπομονὴ
3729 772 3828 825 καί
3870 773 3909 840 ἡ
3942 774 4041 824 πί-

2457 881 2596 932 στις
2632 864 2752 923 τῶν
2782 865 2993 934 ἁγίων.

2539 957 2628 1009 Ἐν
2657 959 2770 1021 τοῖς
2803 955 3075 1026 φθάσασιν
3123 957 3366 1027 εἴρηται,
3401 955 3478 1018 ὡς
3524 953 3553 1007 ό
3597 952 3699 1021 τῆς
3747 952 4044 1021 ἐπιδημίας

2458 1047 2552 1102 τοῦ
2597 1049 2972 1119 Ἀντιχρίστου
3020 1050 3238 1118 καιρὸς,
3285 1047 3379 1103 καὶ
3406 1047 3505 1117 τῆς
3537 1043 3825 1116 ἀπατηλῆς
3876 1044 3979 1095 αὐτ
4012 1042 4042 1095 ὖ

2460 1141 2731 1209 ἔξουσίας,
2760 1143 2841 1206 είς
2867 1140 2995 1215 τρία
3022 1141 3190 1212 ἣμισυ
3218 1140 3313 1213 ἐτη
3336 1140 3691 1193 συντελεῖται.
3729 1137 3904 1190 Τοῦτο
3934 1137 4044 1205 γὰρ

2460 1238 2512 1290 oi
2537 1233 3047 1307 τεσσαρακονταδύο
3090 1233 3257 1304 μῆνες
3316 1230 3569 1303 χρονικδν
3596 1229 3876 1297 διάστημα
3911 1245 4039 1280 συν-

2464 1328 2599 1395 ἀγου
2608 1345 2710 1381 σιν.

2534 1420 2644 1474 Καὶ
2688 1416 3235 1487 προσκυνήσουσιν
3273 1415 3463 1470 αὐτὸν
3501 1416 3725 1480 πάντες
3763 1419 3816 1469 οι
3850 1430 4047 1467 κατοι-

2463 1510 2717 1575 κοῦντες
2744 1510 2843 1563 ἐπὶ
2874 1508 2983 1575 τῆς
3010 1507 3146 1578 γῆς.
3179 1507 3585 1578 Περιληπτικὴν
3608 1506 3818 1559 ἔννοιαν
3852 1508 4051 1557 ἐπισυ-

2467 1604 2699 1674 ρομένου
2725 1602 2840 1666 τοῦ,
2878 1601 3020 1666 πᾶς,
3076 1601 3265 1670 μορίου
3296 1601 3408 1672 (ἵνα
3444 1601 3521 1670 μὴ
3587 1596 3865 1653 κάνταῦθα
3889 1596 4051 1649 τοῦτο

2466 1694 2823 1766 παραληφθὲν
2851 1694 2932 1757 είς
2966 1692 3169 1755 παντὸς
3189 1691 3535 1764 ἀνθρωπίνου
3564 1690 3756 1758 γένους
3780 1692 3931 1759 σχεῖν
3961 1687 4055 1741 τὸν

2480 1787 2847 1857 Ἀντίχριστον
2896 1785 3123 1856 ἑννοηθῇ
3172 1784 3272 1855 τὴν
3305 1784 3729 1855 προσκύνησιν),
3762 1782 4054 1852 γνώρισμα

782 1922 976 1964 eorum
1006 1903 1101 1974 qui
1148 1902 1329 1971 ipsum
1383 1898 1704 1958 adorarent,
1734 1892 1859 1947 illos
1896 1889 2086 1944 dicens
2134 1886 2364 1940 adorare
2398 1880 2438 1935 Β

2398 1880 2438 1935 Β
2467 1885 2711 1954 παρέσχε
2745 1883 2853 1936 τῶν
2886 1879 3343 1953 προσκυνούντων
3372 1881 3571 1949 τούτῳ,
3603 1878 3845 1938 ἐκείνους
3878 1877 3964 1943 λέγ
3977 1893 4054 1929 ων

784 2000 877 2071 qui
921 1997 1171 2052 habitant
1215 1993 1270 2046 in
1323 2002 1469 2045 terra
1505 2005 1519 2041 :
1560 2001 1699 2056 quos
1730 1984 1897 2038 etiam
1956 1980 2226 2036 cecidisse
2269 1990 2363 2031 ca-

788 2067 869 2139 nit
897 2083 1100 2139 Isaias:
1127 2100 1144 2131 ι
1181 2077 1297 2132 Non
1329 2080 1610 2139 cademus,
1645 2092 1664 2124 ι
1688 2072 1965 2142 inquiens,
2000 2088 2019 2121 ι
2042 2068 2138 2123 sed
2172 2067 2368 2122 cadent

786 2176 881 2247 qui
909 2174 1153 2228 habitant
1173 2172 1227 2223 in
1255 2178 1395 2223 terra
1420 2168 1490 2230 ⁷⁵,
1520 2183 1539 2215 ι
1565 2166 1665 2219 hoc
1689 2171 1794 2227 est,
1820 2161 1915 2230 qui
1945 2159 2151 2213 trullam
2194 2157 2366 2212 (tele-

787 2265 955 2317 stiutn
981 2275 1171 2315 curam
1201 2258 1405 2311 habent
1442 2264 1495 2309 ct
1516 2253 1638 2324 ejus
1669 2268 1790 2323 qua:
1818 2252 1889 2306 ibi
1920 2258 2004 2307 est
2036 2248 2243 2320 glorize,
2271 2248 2367 2302 sed

788 2362 1023 2405 terrente
1078 2345 1402 2402 habitationi
1450 2354 1505 2398 et
1557 2342 1756 2397 brutali
1798 2341 1953 2411 juxta
1988 2355 2107 2395 eam
2145 2338 2266 2393 vita:
2310 2352 2371 2393 se

789 2449 1049 2515 adaptant
1101 2459 1116 2497 :
1151 2442 1273 2496 ideo
1293 2453 1512 2510 quoque
1542 2436 1795 2493 frustrati
1851 2445 1982 2491 sunt
2014 2434 2371 2505 inscriptione

789 2537 916 2592 libri
949 2537 1095 2591 vine.

868 2714 991 2770 Non
1012 2725 1134 2769 sunt
1163 2715 1363 2779 scripta
1389 2728 1443 2766 in
1464 2714 1601 2765 libro
1629 2718 1750 2765 vita:
1776 2712 1919 2779 Agm'
1942 2724 2033 2778 qui
2063 2705 2267 2760 occisus
2295 2713 2371 2757 est

794 2811 859 2863 ab
885 2809 1085 2878 origine
1103 2806 1308 2859 mundi.
1332 2804 1435 2859 Per
1457 2803 1796 2875 hyperbaton
1825 2803 1930 2855 hoc
1958 2797 2370 2865 intelligendum

793 2910 898 2962 est,
929 2907 989 2953 ut
1038 2898 1110 2953 sit
1142 2897 1232 2951 hic
1282 2909 1480 2949 sensus
1519 2894 1807 2959 :Quorum
1867 2907 1969 2944 non
2018 2899 2137 2942 sunt
2178 2888 2377 2955 scripta

798 2993 1012 3045 nomina
1052 2992 1116 3043 ab
1162 2988 1367 3058 origine
1415 2986 1602 3039 muudi
1651 2986 1707 3038 in
1741 2984 1877 3038 libro
1938 2983 2061 3037 vim
2113 2982 2249 3050 Δροιὶ
2290 2980 2378 3049 qui

795 3086 999 3139 occisus
1057 3091 1154 3136 est.
1222 3080 1505 3149 Siquidem
1546 3085 1783 3148 quorunt‘
1846 3077 2049 3144 scripta
2111 3083 2258 3137 sunt,
2309 3072 2378 3126 ab

790 3167 1007 3243 'origiue
1039 3170 1228 3224 mundi
1262 3171 1466 3237 scripta
1494 3177 1629 3233 sunt
1664 3181 1678 3218 :
1715 3168 1786 3220 ita
1832 3166 1978 3219 enim
2022 3172 2239 3232 oportet
2292 3163 2375 3215 itt-

2469 1976 2879 2047 προσκυνῆσαι,
2908 1975 3034 2037 τοὺς
3072 1972 3466 2034 κατοικοῦντας
3499 1972 3593 2024 ἐπὶ
3646 1970 3743 2041 τῆς
3783 1970 3910 2039 γῆς,
3962 1966 4055 2029 οὓς

2468 2068 2564 2121 καὶ
2604 2066 2831 2130 Ἡσαΐας
2858 2065 3146 2118 πεσεῖσθαι
3196 2063 3449 2135 μελῳδεῖ,
3482 2080 3499 2112 ι
3539 2061 3616 2116 Οὐ
3646 2060 3995 2131 πεσούμεθα,
4028 2077 4049 2109 ι

2471 2162 2718 2231 φάσκων,
2761 2178 2780 2211 ι
2818 2158 2953 2211 ἀλλὰ
2987 2154 3281 2211 πεσοῦνται
3319 2156 3369 2208 oi
3425 2152 3764 2208 ἐνοικοῦντες
3812 2153 3905 2204 ἐπὶ
3959 2151 4060 2216 τῆς

2471 2254 2598 2323 γῆς,
2641 2271 2658 2304 ι
2694 2251 2997 2313 τουτέστιν,
3049 2250 3099 2300 οἱ
3158 2246 3324 2319 μηδὲν
3358 2244 3467 2298 τῶν
3512 2245 3776 2313 οὐρανίων
3824 2241 3917 2295 καὶ
3959 2241 4061 2301 τίς

2473 2348 2594 2399 ἐκεῖ
2634 2344 2791 2413 δόξης
2833 2339 3285 2412 πεφροντικότες,
3316 2337 3455 2392 ἀλλὰ
3482 2340 3550 2408 τῇ
3581 2338 3745 2407 γηῒνῃ
3777 2335 3933 2404 ἑστίᾳ
3965 2334 4060 2386 καὶ

2472 2439 2539 2507 τῇ
2581 2436 2703 2490 κατ’
2748 2436 2922 2504 αὐτὴν
2971 2432 3225 2503 χοιρώδει
3281 2430 3469 2501 βιώσει
3523 2428 4060 2499 προσαρμοζόμενοι.

2475 2528 2571 2582 Διὸ
2614 2528 2708 2582 καὶ
2742 2530 2854 2590 τοῖς
2908 2525 3002 2579 τοῦ
3054 2523 3259 2595 βιὸλίου
3291 2524 3385 2593 τῆς
3422 2522 3569 2592 ζωῆς
3619 2520 4065 2591 διημαρτήκασιν

2475 2620 2782 2689 ἐγγραφῆς.

2554 2712 2665 2765 Τοῦ
2713 2711 2952 2778 Ἀρνίου
2984 2710 3091 2763 τοῦ
3136 2709 3520 2778 ἐσφαγμένου
3554 2706 3673 2761 ἀπὸ
3722 2702 4070 2769 καταϐολῆς

2480 2806 2738 2873 κόσμου.
2791 2804 2880 2856 Ἐν
2935 2801 3235 2873 ὑπερϐατῴ
3280 2802 3574 2853 ἀκουστέον
3604 2800 3682 2863 τὺ,
3711 2792 3824 2852 Ὧν
3852 2801 3923 2850 οὺ
3967 2796 4067 2866 τέ-

2480 2910 2732 2966 τραπται
2761 2895 2834 2949 τὰ
2867 2896 3132 2964 ὀνόματα
3159 2894 3231 2947 ἐν
3260 2891 3335 2961 τῇ
3369 2893 3566 2957 βίϐλῳ
3607 2890 3718 2959 τῆς
3759 2889 3909 2958 ζωῆς
3960 2888 4069 2942 τοῦ

2494 2990 2733 3058 Ἀρνίου
2762 2988 2871 3041 τοῦ
2892 2987 3001 3055 ea;
3015 2985 3298 3055 αγμένου.
3318 2985 3468 3037 Ἐπεὶ
3497 2977 3571 3036 ὧν
3605 2984 3936 3051 γέγραπται,
3961 2982 4074 3034 ἀπὸ

2484 3082 2799 3150 καταϐολῆς
2839 3082 3048 3148 κόσμου
3099 3079 3434 3149 γέγραπται.
3470 3076 3628 3130 Οὕτω
3657 3077 3766 3145 γὰρ
3793 3075 3875 3127 δεῖ
3903 3076 4071 3136 νοεῖν,

2485 3177 2583 3245 οὐχ
2602 3176 2675 3238 ὡς
2698 3176 2730 3244 ἡ
2759 3175 2795 3226 Γ
2805 3173 2950 3243 pagi;
2981 3172 3117 3241 ἕχει,
3139 3171 3222 3223 ὅτι
3240 3169 3375 3239 μηδὲ
3396 3170 3503 3221 ἀπὸ
3530 3166 3835 3235 καταϐολῆς
3862 3165 4074 3232 κόσμου

796 3266 1061 3335 telligere,
1100 3279 1207 3316 non
1263 3270 1322 3314 ut
1362 3250 1631 3330 scriptura
1688 3258 1869 3322 habet,
1897 3257 2025 3326 quia
2078 3270 2254 3323 neque
2312 3255 2380 3308 ab
2411 3250 2453 3309 C

2411 3250 2453 3309 ε
2485 3272 2519 3338 ἡ
2570 3267 2665 3318 τοῦ
2732 3266 2947 3335 Ἀρνίου
3007 3264 3216 3332 σφαγή.
3254 3262 3428 3314 Τίνων
3468 3261 3526 3313 δὲ
3576 3260 3644 3312 τὰ
3697 3250 3940 3328 ὀνόματα
3996 3257 4075 3326 μὴ

796 3361 1009 3430 origine
1040 3358 1224 3412 mundi
1254 3358 1394 3411 facta
1422 3366 1506 3410 est
1526 3356 1650 3423 agni
1674 3354 1901 3407 occisio.
1926 3350 2162 3417 Quinam
2194 3360 2375 3422 autem

797 3464 929 3511 sunt
975 3454 1067 3523 qui
1112 3468 1218 3505 non
1263 3452 1567 3503 adorarunt
1618 3445 1939 3506 draconem,
1987 3458 2219 3513 quorum
2252 3451 2383 3497 sunt

798 3546 1002 3615 scripta
1041 3542 1263 3597 nomina
1322 3541 1374 3592 in
1404 3539 1544 3591 libro
1573 3537 1695 3589 vitae
1726 3534 1906 3605 Agni?
1930 3536 2063 3603 Age,
2088 3548 2154 3586 ex
2193 3531 2383 3586 alieni-

800 3637 953 3707 genis
980 3639 1116 3688 tales
1151 3647 1273 3687 esse
1299 3630 1550 3684 dicamus
1579 3628 1759 3697 qualis
1784 3635 1903 3679 erat
1934 3623 2037 3678 Job
2065 3633 2118 3678 et
2147 3632 2386 3693 quatuor

799 3731 919 3797 ejus
948 3727 1135 3789 amici,
1187 3724 1349 3794 762
1389 3730 1443 3775 et
1473 3737 1537 3775 ex
1597 3718 1764 3774 Israel
1808 3717 1980 3771 sancti
2015 3717 2295 3785 propheta:
2332 3723 2387 3769 ct

801 3836 998 3875 omnes
1028 3820 1122 3888 qui
1152 3819 1205 3870 in
1243 3815 1420 3869 Veteri
1450 3811 1806 3866 Te>tatneulo
1844 3819 2066 3879 propter
2120 3808 2383 3876 pietatem

804 3912 1133 3983 martyrium
1174 3908 1441 3963 tulerunt.
1476 3903 1652 3975 Ilujus
1680 3918 1897 3977 quoque
1935 3902 2057 3955 libri
2089 3901 2267 3954 Lucas
2311 3899 2387 3953 ait

802 4008 969 4060 etiam
1008 4003 1300 4055 Dominum
1344 4010 1596 4052 nostrum
1627 3993 1816 4049 Jesum
1845 3992 2143 4061 ,Christum
2188 3991 2386 4045 fecisse

803 4098 1158 4160 mentionem,
1189 4095 1320 4147 dum
1354 4092 1471 4145 ait:
1506 4109 1523 4141 ι
1565 4088 1814 4143 Gaudete
1846 4085 1992 4157 quod
2039 4086 2261 4139 nomina
2296 4099 2388 4137 re-

802 4198 914 4243 stra
941 4188 1141 4256 setipltt
1180 4197 1306 4239 sunt
1334 4183 1387 4237 in
1410 4182 1566 4237 caelis
1600 4180 1668 4233 ⁷⁸.
1712 4199 1729 4230 ι

876 4279 936 4333 Si
979 4281 1095 4347 quis
1138 4278 1293 4329 habet
1325 4290 1533 4335 aurem,
1570 4272 1781 4325 audiat.
1811 4271 1866 4325 Si
1905 4269 2031 4339 quis
2085 4268 2247 4322 habet
2286 4284 2389 4320 an-

803 4391 916 4430 rctn
936 4371 1358 4428 transmittendo
1376 4370 1759 4438 depromptant
1778 4382 1870 4435 per
1889 4364 2053 4418 verba
2078 4363 2386 4431 intelligen-

804 4472 936 4521 tiam
963 4467 1031 4519 ad
1066 4475 1327 4529 tuentem,
1358 4462 1547 4515 audiat
1581 4475 1703 4529 qua:
1735 4460 1875 4511 dicta
1913 4466 2062 4519 sunt,
2092 4465 2147 4509 et
2179 4469 2389 4524 cogno-

805 4558 1082 4627 scatquod
1106 4556 1151 4610 is
1170 4556 1262 4624 qui
1290 4561 1577 4623 promptus
1594 4561 1676 4604 est
1703 4549 1770 4602 ad
1799 4548 2110 4602 ducendum
2147 4546 2290 4599 alios
2332 4546 2385 4597 itt

2485 3357 2987 3426 προσκυνησάντων
3005 3356 3081 3424 τῷ
3105 3354 3362 3423 δράκοντι
3391 3353 3449 3403 ἐν
3469 3355 3532 3422 τῇ
3550 3350 3717 3421 βίϐλῳ
3738 3349 3835 3402 τοῦ
3852 3348 4073 3419 Ἀρνίου

2488 3451 2847 3519 ἑγράφησανς
2892 3447 2989 3499 Ἐκ
3018 3446 3127 3498 τῶν
3168 3443 3363 3507 ἐθνῶν,
3396 3443 3529 3512 φέρε
3572 3444 3768 3506 εἰπεῖν,
3802 3442 3879 3504 ὡς
3905 3439 4021 3508 (57)
4048 3442 4074 3492 ἐ

2500 3541 2619 3596 Ἰὼδ
2648 3543 2743 3594 καὶ
2765 3541 2814 3593 ὑί
2832 3539 3093 3609 τέσσαρες
3113 3535 3276 3589 αὐτοῦ
3304 3536 3468 3604 φίλοι,
3494 3535 3610 3606 [καὶ
3633 3536 3695 3585 ὲκ
3721 3532 3815 3584 τοῦ
3854 3533 4075 3599 Ἰσραὴλ

2488 3638 2539 3688 οἱ
2569 3636 2713 3703 ἆγιοι
2738 3634 3015 3703 προφῆται
3053 3630 3222 3704 (58),]
3255 3631 3349 3683 καὶ
3382 3630 3582 3690 πάντες
3610 3628 3661 3680 οἱ
3686 3626 3755 3678 δι’
3786 3626 4077 3677 εὑσέσειαν

2494 3726 2937 3798 μαρτυρούμενοι
2964 3726 3021 3777 ὲν
3065 3724 3132 3792 τῇ
3185 3722 3422 3791 [Ιαλαιᾷ.
3463 3719 3667 3773 Τούτου
3713 3716 3807 3770 τοῦ
3869 3717 4081 3786 βιϐλίου

2491 3821 2585 3873 καὶ
2618 3818 2711 3871 τον
2747 3804 2956 3887 Κύριον
3000 3814 3212 3883 Ἰησοῦν
3245 3813 3482 3882 Χριστὸν
3516 3814 3608 3864 καὶ
3645 3812 3862 3873 Λουκᾶς
3908 3828 4081 3878 φησιν

2489 3913 2548 3963 ἐν
2571 3909 2646 3978 τῷ
2688 3907 3004 3976 Εὖαγγελίῳ
3042 3904 3440 3975 μνημονεῦσαι,
3465 3902 3626 3972 ἡνίκα
3654 3901 3804 3969 λέγει
3827 3917 3840 3930 ·
3882 3920 3900 3951 ι
3948 3901 4083 3954 Χαῖ-

2493 4017 2615 4072 ρετε
2644 4002 2725 4053 ὅτι
2743 4000 2809 4052 τά
2830 3998 3069 4067 ὀνόματα
3089 3996 3119 4048 ὑ
3129 3994 3245 4066 μῶν
3268 3995 3486 4065 ἐγράφη
3516 3996 3571 4047 ὲν
3593 3995 3706 4055 τοῖς
3736 3993 4019 4061 οὐρανοῖς.
4053 4010 4075 4042 ι

2565 4269 2637 4322 El
2679 4284 2768 4333 τις
2790 4262 2927 4335 ’ἔχει
2958 4260 3097 4329 οὖς,
3136 4260 3477 4316 ἀκουσάτω.
3522 4257 3709 4321 Εῖτις,
3735 4257 3924 4328 φησὶν,
3965 4257 4082 4325 ἔχει

2491 4359 2606 4427 οὖς,
2633 4362 2711 4431 τῷ
2735 4360 2966 4431 ἡγεμόνι
2997 4356 3083 4427 νῷ
3101 4356 3492 4426 παραπέμπων
3518 4352 3618 4423 τὴν
3639 4353 3728 4404 διὰ
3757 4352 3864 4403 τῶν
3892 4350 4082 4419 {imii-

2491 4473 2601 4508 των
2632 4450 3016 4522 ἐκφερομένην
3040 4450 3271 4509 ἔννοιαν,
3301 4448 3589 4499 ἀκουσάτω
3614 4444 3725 4496 τῶν
3745 4442 4083 4511 εἰρημένων,

2495 4548 2595 4601 καὶ
2642 4543 2862 4614 γνώτω,
2915 4543 2997 4594 ὅτι
3029 4543 3057 4593 ό
3101 4539 3232 4608 περὶ
3274 4539 3337 4590 τὸ
3392 4535 3817 4606 αἰχμαλωτίζειν
3860 4534 4088 4602 ἐτέρους

805 4654 1177 4722 captivitatem
1205 4691 1221 4713 ,
1257 4647 1491 4714 accipiet
1537 4645 1719 4698 debita
1771 4643 1887 4697 suis
1935 4641 2093 4694 factis
2144 4638 2390 4707 praemia.
2423 4608 2467 4662 ί)

2423 4608 2467 4662 ί)
2502 4638 2819 4708 πρόχειρος,
2864 4633 3075 4696 δέξεται
3107 4632 3175 4683 τὰ
3222 4630 3475 4698 ἐπίχειρα
3520 4626 3628 4679 τίον
3673 4624 4088 4694 πεπραγμένων

804 4742 941 4796 Nam
982 4740 1085 4793 Itoc
1124 4736 1413 4790 ostendere
1453 4733 1568 4786 vult
1607 4732 1756 4802 quod
1800 4734 1897 4796 ait,
1942 4729 2112 4790 radit,
2155 4731 2256 4782 hoc
2288 4735 2395 4790 est,

809 4834 1049 4887 laborem
1084 4830 1137 4883 in
1181 4828 1431 4896 seipsum
1464 4823 1531 4878 ad
1566 4825 1830 4876 ultionem
1863 4821 2061 4890 rejicit,
2089 4829 2140 4872 ut
2188 4828 2241 4871 et
2282 4820 2397 4886 ipse

808 4924 1061 4992 captivus
1111 4922 1349 4974 ducatur
1380 4934 1410 4971 a
1466 4918 1662 4980 bestia,
1700 4916 1904 4969 nullam
1973 4924 2223 4967 ttitClttStt
2281 4911 2392 4964 Deo

808 5016 1256 5073 ret'oeillatiouem
1324 5025 1382 5064 ut
1440 5024 1551 5063 non
1605 5010 1927 5063 abducatur.
1993 5004 2091 5058 llic
2146 5004 2391 5072 conspici

807 5112 967 5166 datur
996 5108 1257 5180 patientia
1287 5117 1499 5167 eorum,
1533 5104 1628 5172 qui
1665 5116 1759 5171 per
1788 5098 2111 5152 alllictiones
2138 5096 2243 5166 piis
2295 5094 2390 5149 Dei

811 5204 1117 5257 cultoribus
1153 5215 1183 5253 a
1246 5200 1449 5253 Satana
1508 5197 1761 5249 inductas
1799 5191 2099 5245 fortissime
2155 5189 2391 5242 transic-

813 5306 1033 5359 runt,et
1060 5303 1380 5349 sanctorum
1410 5290 1502 5358 qui
1530 5304 1624 5357 per
1650 5287 1809 5340 Iidem
1848 5283 2056 5353 probati
2082 5294 2229 5347 sunt,
2268 5283 2395 5351 quia

812 5394 867 5439 et
891 5385 993 5452 ipsi
1023 5398 1118 5451 per
1153 5381 1314 5434 Iidem
1351 5378 1568 5448 egregie
1619 5376 1989 5444 prmstiteratnt
2037 5382 2230 5427 cuncta
2275 5384 2398 5441 quae

812 5477 974 5531 laude
1002 5476 1167 5544 digna
1196 5481 1345 5536 sunt,
1398 5470 1444 5525 si
1474 5468 1646 5523 Paulo
1672 5464 2010 5521 credendum
2038 5474 2142 5527 est,
2173 5465 2264 5534 qui
2284 5465 2397 5518 Iure

812 5571 887 5623 ita
922 5569 1088 5623 latius
1117 5566 1345 5635 epistola
1377 5564 1442 5617 ad
1472 5561 1731 5617 Hebraeos
1761 5567 2077 5613 enumerat.

883 5707 932 5741 ³⁸
971 5709 1080 5801 Isa1
1117 5723 1267 5770 nrt,
1300 5706 1381 5760 I8.
1460 5706 1509 5737 "
1540 5704 1675 5757 Luc.
1711 5718 1764 5767 κ,
1800 5700 1891 5754 9.0.

891 5850 1008 5922 (37)
1043 5850 1211 5919 Edit.,
1247 5853 1296 5906 οί
1328 5850 1558 5906 τοιοῦτοι
1584 5851 1713 5922 φέρε
1735 5849 1934 5913 εἰπεῖν,
1962 5848 2059 5909 ὡς.

2502 4731 2674 4799 αὐτῷ.
2720 4726 2895 4779 Τοῦτο
2925 4723 3033 4791 γάρ
3083 4722 3334 4791 βούλεται
3401 4718 3673 4786 παριστᾷν
3714 4716 3798 4775 τὸ,
3844 4714 4089 4782 ὑπάγει,

2498 4821 2687 4883 οἱονεὶ,
2719 4822 2797 4882 εἰς
2822 4817 3135 4872 ἁντέκτισιν
3168 4812 3346 4881 ἑαυτῷ
3379 4811 3472 4863 τὸν
3499 4809 3695 4881 μόχθον
3721 4807 4087 4868 κοταόάλλει,

2500 4912 2597 4965 τοῦ
2630 4910 2725 4965 καὶ
2764 4908 2926 4962 αὑτὸν
2954 4903 3460 4975 αἰχμαλωτισθῆναι
3492 4901 3597 4953 ὑπὸ
3622 4899 3715 4951 τοῦ
3742 4898 3937 4967 θηρίου
3976 4914 4091 4965 μη-

2501 5006 2694 5075 δεμιᾶς
2742 5001 3068 5069 ἀναλήψεως
3108 4997 3393 5066 τυγχάνων
3429 4994 3535 5046 ὑπὸ
3582 4992 3674 5045 τοῦ
3715 4991 3851 5044 Θεοῦ
3881 4988 3978 5041 τοῦ
4009 4990 4092 5060 μὴ

2500 5095 2836 5166 ἀπαχθῆναι.
2878 5087 3009 5145 Ὧδε
3042 5091 3298 5159 ἐνορᾶται
3347 5090 3379 5157 ἡ
3416 5084 3665 5154 ὑπομονὴ
3698 5082 3814 5137 ,τῶν
3853 5080 3945 5135 διά
3986 5084 4092 5145 τὰς

2501 5186 2707 5255 θλίψεις
2730 5186 2828 5247 τὰς
2856 5184 2962 5237 ὑπὸ
2993 5182 3087 5233 τοῦ
3136 5180 3351 5232 Σατανᾶ
3399 5176 3758 5245 ἐγγινομένας
3792 5176 3905 5236 τοῖς
3938 5176 4095 5226 εὐσε-

2501 5279 2623 5332 ϐέσι
2682 5272 3137 5346 καρτερικώτατα
3196 5269 3637 5339 διαϐεϐηκότων,
3696 5266 3791 5319 καὶ
3843 5265 3934 5317 διά
3986 5265 4095 5332 τῆς

2512 5372 2749 5433 πίστεως
2771 5365 3255 5435 δεδοκιμασμένων
3280 5361 3472 5430 ἁγίων,
3492 5361 3572 5413 ὅτι
3593 5358 3687 5412 καὶ
3719 5358 3874 5411 αὐτοὶ
3903 5358 4096 5410 πίστει

2505 5466 2878 5536 κατώρθωσαν
2917 5467 2987 5515 τὰ
3019 5460 3283 5515 ἐπαινετὰ
3318 5457 3518 5521 πάντα,
3561 5453 3678 5521 είγε
3715 5451 3914 5520 Παύλῳ
3966 5467 4096 5503 πει-

2512 5557 2669 5610 στέον
2713 5551 2988 5625 Ἑϐραίοις
3017 5550 3162 5604 οὓτω
3186 5549 3434 5613 διεξιόντι
3458 5544 3630 5601 ταῦτα
3655 5542 4016 5611 πλατύτερον.

2603 5837 2713 5907 (38)
2739 5834 2954 5891 Inclusa
2982 5829 3185 5888 omittit
3211 5828 3300 5885 cd.
