4256 6440
270 379 377 442 67⁸1

863 492 1113 548 ΚΕΦΔΔ.
1142 494 1264 548 AZ'.

1332 387 1715 477 COMMEXT.‘
1761 387 1841 446 IN
1882 388 2407 450 APOCALYPSIN.

1885 504 1932 558 Α

3466 408 3498 465 ’1

3466 408 3498 465 Ἱ

2448 496 2683 555 CAPUT
2728 489 2996 557 XXXVII.
3427 404 3463 468 ϐ
3503 404 3541 470 8

274 604 414 671 Περὶ
460 604 665 687 ἐτέρου
699 605 908 687 (inplet)
938 603 1047 687 ρὺο
1078 605 1295 670 κέρατα
1324 605 1594 687 ἔχοντος.
1629 605 1726 657 καί
1775 603 1854 669 τῷ

1957 609 2034 671 De
2064 609 2175 662 alia
2216 610 2400 687 bestia-
2430 612 2652 687 habente
2696 615 2801 670 duo
2830 633 3033 672 cornua
3058 637 3174 687 (μω
3199 622 3444 680 homines
3468 630 3537 682 ad

433 674 641 743 πρώτῳ
668 674 807 740 τοὺς
851 672 1206 742 ἀνθρώπους
1231 675 1675 744 προσάγοντος.

342 783 451 837 Καὶ
482 782 647 840 εἶδον
683 785 838 839 ἄλλο
867 786 1076 853 θηρίον
1104 785 1441 840 ἀναϐαῖνον
1477 788 1545 840 ἐκ
1580 786 1689 854 τῆς
1717 785 1848 857 γῆς,

268 875 367 927 καί
404 871 531 943 εἶχε
562 877 778 944 κέρατα
814 876 924 929 δύο
963 876 1134 945 ὅμοια
1165 879 1370 945 ἀρνίῳ,
1404 880 1499 931 καὶ
1535 879 1742 932 ἐλάλει
1770 881 1851 945 ὡς

266 965 524 1032 δράκων.
578 967 685 1020 Καὶ
719 967 832 1034 τὴν
882 967 1175 1030 ἐξουσίαν
1204 968 1311 1021 τοῦ
1362 970 1596 1036 πρώτου
1640 973 1849 1037 θηρίου

267 1054 479 1109 πᾶσαν
520 1058 675 1110 ποιεῖ
707 1057 964 1111 ἐνώπιον
990 1059 1202 1112 αὑτοῦ.
1238 1060 1347 1112 Καὶ
1378 1061 1566 1113 ἐποίει
1593 1062 1709 1126 τὴν
1733 1061 1848 1130 γῆν

268 1147 368 1199 καὶ
396 1146 540 1212 τοὺς
583 1147 653 1199 ὲν
684 1147 838 1216 αὐτῇ
874 1150 1332 1217 κατοικοῦντας,
1371 1154 1472 1204 ἵνα
1497 1155 1849 1221 προσκυνή-

264 1251 419 1288 σωσι
479 1238 544 1288 τὸ
592 1239 808 1305 θηρίον
857 1238 923 1291 τὸ
973 1239 1232 1306 πρῶτον,
1280 1237 1351 1295 οὗ
1407 1242 1773 1312 ἐθεραπεύθη
1809 1246 1847 1312 ἡ

263 1327 471 1394 πληγὴ
520 1328 627 1381 τοῦ
667 1330 928 1382 θανάτου
994 1333 1202 1385 αὐτοῦ.
1259 1334 1369 1385 Καὶ
1428 1335 1589 1388 ποιεῖ
1628 1337 1848 1404 σημεῖα

257 1419 518 1485 μεγάλα,
564 1423 658 1473 καὶ
697 1420 838 1489 πῦρ,
880 1423 979 1474 ἵνα
1004 1425 1071 1476 ἐκ
1100 1424 1206 1477 τοῦ
1238 1426 1498 1492 οὐρανοῦ
1521 1430 1846 1497 καταϐαίνῃ

264 1509 363 1560 ἐπὶ
405 1510 517 1577 τὴν
543 1510 659 1579 γῆν
680 1511 940 1566 ἐνώπιον
970 1514 1089 1567 τῶν
1119 1516 1467 1584 ἀνθρώπων.
1500 1523 1604 1575 Καὶ
1643 1520 1849 1590 πλανᾷ

260 1598 406 1664 τοὺς
434 1600 618 1668 ἐμοὺς
664 1603 808 1669 τοὺς
854 1606 1285 1673 κατοικοῦντας
1321 1610 1416 1663 ἐπὶ
1448 1611 1556 1677 τῆς
1584 1611 1715 1681 γῆς,
1752 1613 1848 1667 διὰ

262 1687 335 1740 τὰ
374 1690 595 1758 σημεῖα
630 1692 667 1746 d
716 1694 895 1763 ἐδόθη
930 1694 1091 1760 αὐτῷ
1140 1699 1389 1768 ποιῆσαι
1424 1702 1686 1757 ἐνώπιον
1741 1704 1845 1759 τοῦ

260 1783 497 1847 θηρίου.

2317 682 2543 748 priorem
2574 684 2793 739 bestiam
2823 682 3146 746 adducebat.

2025 790 2167 858 XIII,
2196 794 2384 848 II-H.
2418 793 2487 847 Et
2517 796 2621 850 vidi
2655 798 2821 857 aliam
2840 803 3061 857 bestiam
3089 808 3453 867 ascendentem
3478 813 3541 865 de

1955 889 2117 947 terra,
2147 895 2194 936 et
2224 886 2450 939 habebat
2476 887 2583 941 duo
2610 905 2806 945 cornua
2854 895 3058 950 similia
3086 914 3244 967 agno.
3277 912 3325 954 et
3359 902 3533 972 tuque-

1954 974 2112 1026 batur
2133 978 2269 1031 sicut
2302 981 2466 1032 draco
2498 995 2516 1033 :
2559 989 2609 1033 et
2639 992 2953 1049 potestatem
2977 991 3164 1056 prima:
3197 994 3378 1046 bestia:
3420 1011 3525 1047 om-

1954 1081 2067 1118 nem
2092 1067 2222 1135 facit
2253 1071 2307 1122 in
2330 1082 2610 1135 conspectu
2653 1073 2767 1141 ejus
2800 1090 2819 1129 :
2854 1086 2904 1129 et
2945 1079 3179 1146 faciebat
3244 1094 3442 1138 terram
3490 1098 3540 1140 et

1950 1168 2037 1205 eos
2059 1154 2151 1221 qui
2184 1154 2492 1211 habitabant
2519 1160 2573 1211 in
2614 1177 2677 1213 ea
2720 1161 2949 1218 adorare
3002 1167 3222 1223 bestiam
3283 1175 3536 1240 primam,

1951 1242 2102 1309 cujus
2141 1256 2327 1301 curata
2353 1249 2530 1317 fuerat
2552 1251 2711 1321 plaga
2735 1256 2942 1308 mortis.
2985 1257 3053 1316 Et
3078 1261 3212 1325 facit
3237 1265 3389 1332 signa
3422 1283 3539 1320 rna-

1952 1353 2080 1406 gna,
2137 1348 2185 1391 et
2219 1341 2390 1409 ignem
2453 1354 2509 1394 ut
2544 1342 2608 1396 de
2656 1345 2805 1397 cmlo'
2837 1346 3119 1402 descendat
3146 1352 3200 1408 in
3260 1370 3540 1425 conspectu

1949 1427 2239 1494 hominum,
2306 1439 2355 1483 et
2410 1432 2610 1485 seducit
2662 1450 2801 1488 meos
2833 1438 2923 1505 qui
2954 1436 3203 1493 habitant
3257 1442 3311 1498 in
3372 1453 3538 1508 terra,

1948 1528 2163 1587 propter
2189 1521 2348 1589 fsigna
2389 1537 2506 1591 qua
2544 1523 2675 1577 data
2720 1533 2842 1577 sunt
2873 1526 2954 1583 illi
2987 1538 3045 1582 ut
3087 1530 3288 1599 faceret
3315 1534 3369 1591 in
3410 1551 3539 1589 con-

1949 1621 2129 1678 spectu
2165 1612 2366 1681 bestiaz.

338 1830 546 1939 ίιολλάς
601 1871 877 1951 ίκδρομας
937 1885 1305 1955 ποιησάμενος
1378 1888 1442 1941 ὲκ
1515 1890 1683 1942 τῶνδε
1738 1890 1845 1943 τῶν
1876 1838 1908 1899 Ε

2022 1830 2202 1924 nutus
2233 1869 2390 1924 factis
2418 1854 2748 1929 excursibus
2772 1885 2827 1929 et
2854 1877 2923 1931 ab
2955 1877 3041 1933 his
3063 1879 3225 1950 733
3256 1882 3538 1953 principa-

259 1967 469 2036 ἐρχὼν,
499 1971 578 2033 εἰς
629 1976 1066 2048 προγενεστέρας
1102 1979 1275 2047 ἀρχὰς
1330 1980 1561 2045 ἀναϐὰς,
1610 1980 1911 2049 ἔφθασεν,

258 2059 338 2120 εἰς
369 2060 430 2113 τὸ
479 2063 918 2134 σπουδαζόμενον
952 2082 966 2099 ⁸
1014 2069 1151 2142 ὅπερ
1178 2071 1276 2129 οὐκ
1307 2072 1453 2138 ἄλλο,
1486 2074 1517 2142 ἢ
1561 2075 1619 2127 τὸ
1652 2074 1843 2146 διηγή-

261 2149 461 2203 σασθαι
497 2154 567 2205 τά
626 2156 755 2224 περὶ
795 2156 893 2225 τῆς
945 2160 1250 2229 παρουσίας
1304 2162 1399 2214 τοῦ
1444 2165 1840 2236 Ἀντιχρίστου,

260 2239 373 2290 Καὶ
404 2240 505 2308 δρα
564 2242 614 2293 τί
667 2261 800 2313 φησι
848 2250 976 2318 περὶ
1023 2250 1214 2315 αὑτοῦ,
1250 2254 1314 2303 ὲκ
1352 2253 1452 2322 τῆς
1494 2255 1595 2324 γῆς
1643 2257 1842 2327 δηλαδὴ

256 2332 574 2387 ἀναϐαίνειν
605 2337 788 2400 αὑτὸν,
822 2340 945 2394 ὅθεν
968 2342 1064 2394 καὶ
1087 2344 1252 2395 πᾶσιν
1283 2345 1594 2414 ἀνθρώποις
1624 2351 1656 2418 ἡ
1688 2352 1842 2417 γένε-

261 2441 368 2486 σις.
421 2428 739 2498 ’Ἄνθρωπος
770 2434 877 2501 γὰρ
913 2437 1008 2486 καὶ
1043 2436 1206 2499 αὐτὸς
1257 2440 1376 2491 κατ’
1419 2442 1702 2511 ἐνέργειαν
1748 2444 1841 2497 τοῦ

259 2515 498 2583 Σατανᾶ,
535 2520 609 2582 ὡς
637 2522 731 2574 καὶ
766 2525 964 2595 Παύλῳ
991 2525 1067 2596 τῷ
1098 2526 1229 2598 θείῳ
1254 2529 1420 2584 δοκεῖ.
1448 2531 1527 2584 Τὰ
1551 2533 1754 2604 κέρατα
1787 2536 1843 2589 δὲ

256 2608 357 2660 οὐκ
391 2611 601 2679 ἀρνίου,
632 2614 747 2665 ἀλλ’
778 2616 938 2683 ὅμοια
968 2618 1162 2690 ἀρνίῳ,
1197 2621 1386 2691 ἐπειδὴ
1426 2625 1687 2691 φαντάζει
1719 2628 1842 2680 ἐαυ-

256 2701 349 2753 τὸν
386 2705 606 2773 ἐπιεικῆ
650 2705 723 2769 ὡς
758 2710 785 2760 ὁ
830 2709 1086 2777 Χριστὸς,
1125 2712 1210 2764 ἶνα
1258 2713 1454 2768 πλανᾶ.
1484 2717 1583 2769 Διά
1620 2719 1839 2790 τοῦτοή

255 2792 515 2862 ὁμοιότης
558 2795 667 2847 τῶν
725 2800 996 2867 κεράτων,
1055 2802 1226 2871 ἦγουν
1272 2806 1370 2874 τῆς
1403 2806 1580 2875 δόξης.
1630 2811 1737 2863 Καὶ
1764 2811 1839 2874 ὼς

250 2881 471 2952 δράκων
515 2888 687 2954 λαλεῖ,
719 2890 819 2943 οὐκ
852 2890 927 2943 ὢν
976 2892 1215 2962 δράκων.
1266 2897 1343 2949 Οὐ
1388 2899 1498 2970 γὰρ
1540 2903 1567 2952 ό
1598 2903 1839 2968 Σατανᾶς

253 2976 404 3028 ἔστιν
450 2979 796 3050 αὐτόχρημα,
847 2984 964 3035 ἀλλ’
1007 2986 1081 3047 ὡς
1141 2989 1349 3051 ἐκεῖνος
1421 2991 1837 3058 ἐνεξουσιάζων,

253 3069 524 3129 τουτέστι,
546 3068 787 3140 διάδοχος
814 3073 1022 3139 γίνεται
1052 3076 1151 3145 τῆς
1172 3078 1422 3145 ἐξουσίας
1444 3082 1537 3134 τοῦ
1564 3084 1845 3141 διαϐόλου,

265 3155 530 3209 Ἐνὼπιον
577 3159 654 3224 δὲ,
703 3164 868 3215 οἱονεὶ
900 3166 1211 3230 ἀκολούθως
1256 3171 1473 3242 ἐκείνῳ,
1531 3176 1653 3228 κατ’
1681 3178 1835 3232 οὐδὲν
1862 3188 1906 3248 c

251 3248 649 3317 παραλλάττων
680 3256 777 3323 τῆς
804 3258 1105 3326 παρουσίας
1134 3261 1227 3315 τοῦ
1266 3262 1485 3334 πρώτου
1519 3268 1756 3326 Σατανᾶ.

326 3510 407 3569 Οὗ
441 3516 804 3588 ἐθεραπεύθη
836 3524 872 3591 ἡ
922 3527 1126 3594 πληγὴ
1167 3531 1273 3581 τοῦ
1312 3533 1573 3589 θανάτου
1619 3539 1827 3592 αὐτοῦ.

248 3607 433 3661 Εἰπὼν
467 3611 546 3663 ὅτι
586 3613 682 3682 τὴν
731 3616 980 3678 ὲξουσέαν
1014 3620 1107 3672 τοῦ
1150 3623 1369 3691 πρώτου
1407 3625 1599 3696 θηρίου
1647 3634 1831 3685 πᾶσαν

247 3704 483 3754 ποιεῖται
539 3704 769 3757 ἐνώπιον
813 3710 978 3761 αὑτοῦ
1013 3712 1254 3780 (πρῶτον
1296 3716 1350 3767 δὲ
1379 3718 1595 3772 πάντων
1638 3723 1827 3791 εἴρηκε

244 3791 341 3842 τὸν
377 3793 646 3862 δράκοντα
682 3799 770 3851 τὸν
815 3804 1023 3873 πυρρὸν
1061 3804 1119 3855 ὃν
1156 3806 1358 3873 ἔδειξεν
1396 3811 1454 3861 ἐν
1506 3812 1581 3881 τῷ
1613 3814 1827 3886 οὐρανῷ

247 3889 633 3956 γεγραμμένον
667 3891 725 3941 ἐν
769 3895 833 3963 τῇ
892 3896 1175 3967 ὀπτασίᾳ),
1232 3900 1315 3951 ἵνα
1361 3902 1435 3969 μή
1490 3920 1573 3965 τις
1628 3906 1828 3979 νομίσῃ

245 3976 343 4028 νῦν
366 3978 545 4046 λέγειν
576 3984 739 4034 αὐτὸν
766 3987 893 4052 περὶ
917 3988 1151 4054 ἐκείνου,
1174 3991 1231 4053 ὃς
1262 3994 1362 4060 τὴν
1387 3994 1637 4057 ἐξουσίαν
1666 3998 1826 4050 ἔλαϐε

244 4069 341 4123 τοῦ
372 4070 587 4140 πρώτου
620 4074 833 4144 θηρίου,
866 4079 925 4129 οὐ
959 4083 1087 4149 περὶ
1118 4084 1327 4137 ἐκείνου
1353 4088 1507 4155 φησὶ,
1551 4088 1643 4141 τοῦ
1672 4089 1826 4161 πρώ-

242 4176 361 4226 του,
404 4164 566 4230 λέγω,
608 4167 743 4219 ἀλλὰ
792 4168 886 4220 τοῦ
932 4173 1051 4240 μετ’
1079 4176 1285 4227 ἐκεῖνον
1332 4178 1451 4245 μὲν,
1502 4182 1608 4249 πρὸ
1637 4182 1693 4232 δὲ
1732 4182 1826 4235 τοῦ

257 4254 648 4325 Ἀντιχρίστου,
681 4260 737 4311 ὃν
769 4263 801 4331 ἡ
828 4264 1065 4317 όπτασία
1099 4267 1300 4333 ἔδειξεν
1327 4271 1390 4321 ἐκ
1420 4272 1518 4339 τῆς
1548 4272 1825 4344 θαλάσσης

243 4348 575 4412 ἀναϐαίνειν,
612 4354 793 4419 ὅμοιον
847 4354 977 4407 ὄντα
1037 4360 1323 4427 παρδάλει.
1386 4364 1591 4416 Τούτου
1633 4365 1739 4437 γὰρ
1791 4368 1822 4437 ὴ

245 4440 433 4512 πληγὴ
465 4443 611 4511 ίάθη,
661 4449 801 4498 κατά
852 4450 912 4499 τὸ
957 4451 1223 4520 πρότερον
1250 4456 1565 4524 εἰρημένον.
1616 4461 1826 4529 Σημεῖα

1950 1961 2098 2033 tibus
2150 1965 2453 2019 ascendens
2486 1966 2553 2019 ad
2608 1970 2977 2035 precedentes
3034 1976 3377 2043 principatus
3440 1979 3537 2045 qui

1938 2069 2056 2123 .nos
2086 2067 2508 2124 praecesserunt,
2548 2061 2797 2128 pervenit
2826 2064 2893 2116 ad
2927 2064 2977 2118 id
3020 2066 3166 2133 quod
3203 2067 3537 2135 intendebat,

1946 2148 2090 2215 quod
2120 2162 2227 2201 non
2257 2151 2403 2203 aliud
2427 2161 2545 2205 erat
2570 2168 2735 2222 quam
2755 2170 3017 2211 enarrare
3035 2173 3160 2226 qua:
3195 2158 3264 2213 de
3296 2160 3535 2217 adventu

1945 2241 2272 2297 Antichristi
2334 2256 2462 2299 sunt
2508 2265 2521 2300 :
2560 2257 2615 2300 et
2659 2248 2780 2303 vide
2815 2250 2947 2318 quid
2975 2252 3045 2307 de
3072 2268 3138 2308 eo
3184 2253 3354 2318 dicat.
3382 2258 3531 2326 quod

1947 2333 2201 2387 videlicet
2225 2334 2339 2403 ipse
2376 2336 2444 2390 de
2474 2345 2617 2391 terra
2659 2340 2944 2408 ascendat,
2981 2343 3125 2399 unde
3156 2360 3349 2404 omnes
3394 2363 3539 2419 quo—

1945 2438 2055 2491 que
2088 2424 2338 2480 homines
2368 2428 2642 2484 oriuntur.
2677 2430 2808 2484 Nam
2833 2444 2886 2486 et
2920 2434 3035 2503 ipse
3071 2436 3237 2491 homo
3294 2439 3397 2494 erit
3442 2455 3532 2494 se-

1946 2516 2185 2569 cundum
2244 2521 2618 2587 Operationem
2668 2522 2907 2587 Samum,
2944 2526 3089 2580 sicut
3144 2530 3309 2583 etiam
3369 2532 3539 2585 sentit

1943 2608 2104 2663 divus
2149 2607 2373 2664 Paulus.
2424 2610 2643 2667 Cornua
2688 2630 2816 2669 vero
2866 2632 2972 2671 non
3013 2620 3164 2689 agni,
3216 2623 3307 2676 sed
3334 2624 3536 2678 similia

1943 2714 2106 2768 agno,
2140 2703 2403 2769 quoniam
2438 2704 2773 2775 imaginatur
2803 2723 2868 2763 ac
2892 2710 3049 2778 ﬁngit
3077 2726 3135 2766 se
3154 2712 3448 2784 benignum
3469 2732 3536 2770 ac

1944 2791 2267 2862 humanum,
2299 2810 2419 2851 esse
2470 2798 2614 2853 sicut
2647 2809 2733 2857 est
2792 2801 3068 2869 Christus,
3120 2814 3179 2858 ut
3229 2807 3467 2875 decipiat
3517 2826 3532 2863 :

1942 2894 2230 2953 pr0pterea
2288 2896 2372 2943 est
2418 2888 2726 2945 similitudo
2772 2908 3042 2949 cornuum
3081 2897 3196 2952 sive
3226 2900 3431 2968 gloriae.
3471 2901 3537 2957 Et

1943 2975 2087 3029 sicut
2124 2975 2301 3048 drago'
2334 2978 2597 3048 loquitur,
2661 2997 2785 3036 cum
2822 2982 2930 3039 non
2985 2986 3056 3040 sit
3087 2986 3256 3043 draco
3289 3006 3303 3044 :
3355 3007 3535 3061 neque

1941 3067 2085 3132 enim
2129 3084 2195 3123 re
2231 3071 2361 3139 ipsa
2414 3082 2497 3127 est
2548 3073 2802 3140 Satanas,
2848 3078 2951 3131 sed
2994 3088 3318 3147 potestatem
3372 3100 3533 3138 exer—

1940 3170 2070 3211 cens
2103 3170 2160 3212 ut
2183 3159 2293 3223 ille,
2330 3162 2431 3216 hoc
2489 3171 2575 3217 est
2616 3180 2907 3221 successor
2964 3168 3197 3224 eIIicitur
3237 3177 3529 3239 potestatis

1939 3248 2246 3304 diaboli.lu
2277 3264 2575 3323 conspectu
2622 3266 2802 3310 autem
2852 3258 2995 3329 ejus,
3048 3261 3101 3315 id
3142 3271 3227 3316 est
3268 3264 3536 3322 imitando

1943 3342 2123 3406 illum,
2158 3345 2210 3397 in
2234 3347 2397 3399 nullo.
2438 3347 2698 3415 diderens
2726 3365 2755 3405 a
2786 3353 3011 3422 prioris,
3049 3371 3244 3425 nempe
3276 3354 3529 3425 ,Satautc,

1940 3437 2171 3490 adventu
2205 3440 2285 3492 vel
2326 3445 2639 3508 praesentia.

1974 3547 1977 3550 ‘
2010 3531 2176 3598 Cujus
2208 3543 2393 3585 curata
2427 3547 2503 3587 est
2527 3536 2684 3605 plaga
2708 3541 2918 3597 mortis.
2954 3540 3093 3596 Cum
3128 3544 3363 3600 dixisset
3384 3548 3530 3616 quod

1938 3631 2263 3690 petestatem
2318 3627 2509 3693 prima:
2538 3627 2727 3683 bestia:
2786 3647 3005 3687 omnem
3064 3635 3269 3693 fecerat
3302 3639 3355 3692 in
3396 3657 3531 3696 con-

1938 3725 2127 3784 spectu
2162 3716 2290 3784 ejnsl
2317 3718 2580 3785 (primum
2626 3732 2805 3777 autem
2865 3728 3112 3781 omnium
3158 3730 3297 3788 dixit
3323 3732 3525 3789 draco-

1937 3822 2057 3859 nem
2088 3807 2294 3868 rufutn.
2326 3826 2487 3877 quem
2514 3814 2759 3867 OSIendit
2796 3815 2847 3868 in
2872 3818 3015 3875 cazlo
3042 3819 3378 3891 descriptum
3401 3839 3527 3880 esse

1936 3895 1990 3949 in
2028 3896 2288 3967 visione),
2323 3915 2389 3953 ne
2423 3902 2545 3969 quis
2576 3903 2757 3972 ipsum
2791 3921 2938 3963 nunc
2972 3911 3315 3967 existimaret
3343 3915 3408 3968 de
3436 3914 3533 3970 illo

1935 3987 2257 4055 loqui,cum
2288 3993 2364 4044 ait
2416 3995 2561 4059 quod
2615 4005 2944 4063 potestatem
3013 4004 3287 4072 acceperit
3335 4006 3529 4074 prima:

1936 4080 2123 4135 bestia:
2154 4098 2169 4135 :
2207 4097 2313 4135 non
2340 4084 2405 4136 tle
2430 4085 2549 4151 illo,
2601 4088 2819 4158 inquit,
2862 4092 3041 4161 primo
3070 4094 3284 4163 loquor,
3335 4100 3428 4151 sed
3464 4103 3531 4153 de

1935 4173 2027 4225 illo
2049 4174 2140 4241 qui
2167 4182 2291 4242 post
2316 4175 2468 4228 illum
2492 4179 2714 4245 quidem
2744 4180 2868 4247 fuit,
2892 4185 2987 4237 sed
3014 4194 3196 4239 tamen
3217 4198 3341 4241 ante
3370 4191 3528 4243 Anti-

1933 4264 2219 4332 christum,
2274 4282 2435 4336 quem
2484 4270 2727 4325 ostendit
2758 4274 2900 4329 visio
2941 4276 3009 4330 de
3059 4278 3197 4333 mari
3228 4281 3530 4337 ascendere

1935 4360 2107 4427 pardo
2144 4362 2379 4415 similem
2433 4383 2447 4417 :
2499 4365 2662 4434 hujus
2695 4369 2842 4421 enim
2875 4371 3032 4441 piaga
3071 4371 3251 4428 fuerat
3304 4385 3516 4433 curata.

1929 4453 2081 4521 juxta
2116 4454 2166 4507 id
2200 4454 2347 4523 quod
2376 4459 2525 4523 prius
2552 4459 2760 4513 dictum
2795 4472 2898 4517 est.
2932 4462 3067 4517 Nam
3111 4467 3268 4534 signa
3304 4478 3357 4520 et
3394 4484 3523 4536 pro-

244 4534 355 4601 γάρ
396 4535 488 4587 καὶ
515 4536 717 4605 τέρατα
740 4540 899 4592 αὑτὸν
933 4545 1105 4594 ποιεῖν
1136 4547 1255 4597 κατ’
1288 4547 1570 4616 ἐνέργειαν
1593 4551 1685 4603 τοῦ
1707 4552 1822 4605 διαο
1855 4550 1901 4609 D

1927 4544 2071 4609 digia
2100 4543 2261 4599 faciet
2281 4546 2439 4615 juxta
2471 4552 2847 4617 operationem
2872 4554 3113 4610 diaboli:
3149 4558 3305 4625 signa
3339 4534 3521 4613 autem

243 4623 424 4676 δόλου.
456 4625 535 4679 Τά
568 4627 625 4680 δὲ
655 4633 881 4698 σημεῖα,
916 4635 1087 4702 πυρὸς
1124 4637 1221 4687 ἀπ’
1252 4638 1481 4708 οὐρανοῦ
1509 4644 1818 4713 καταφορὰ,

245 4716 340 4767 καὶ
372 4717 535 4785 ’ἐτερά
572 4735 695 4773 τινα
727 4724 959 4790 μεγάλα,
988 4726 1062 4789 ὠς
1096 4730 1167 4796 τῇ
1201 4729 1584 4801 μεγαλειότητι
1619 4735 1822 4802 ἐκπτή-

247 4823 417 4859 σαντα
443 4808 623 4862 λαϐεῖν
658 4813 750 4865 καὶ
784 4817 907 4876 τοὺς
932 4817 1033 4885 ἤδη
1082 4820 1333 4883 πιστούς.
1375 4820 1545 4875 Τοῦτο
1596 4826 1705 4895 γὰρ
1736 4826 1823 4881 διὰ

243 4896 339 4949 τοῦ
375 4901 567 4962 εἰπεῖν,
599 4903 708 4955 Καὶ
729 4904 933 4973 πλανᾷ
963 4907 1104 4972 τοὺς
1137 4910 1342 4976 ἐμοὺς,
1394 4914 1670 4982 σημαίνει.
1709 4917 1827 4971 Ἵνα

243 4986 303 5039 δὲ
348 4992 678 5063 παραστήσῃ
709 4994 858 5055 τίνας
883 4996 1131 5067 πλανήσῃ
1169 4998 1276 5051 τῶν
1311 5001 1548 5069 Χριστοῦ
1593 5004 1823 5071 πιστῶν,

244 5079 495 5149 ἐπήγαγε
551 5081 839 5153 γνώρισμα
889 5087 1117 5149 τούτων,
1177 5091 1318 5154 τοὺς
1370 5094 1822 5160 κατοικοῦντας,

246 5172 527 5241 προσθεὶς,
558 5174 654 5226 ἐπὶ
687 5174 795 5241 τῆς
824 5177 958 5245 τῆς,
987 5180 1049 5231 οὐ
1085 5181 1415 5236 διαστέλλων
1440 5185 1706 5252 ἀγγέλους
1733 5189 1826 5238 ἀν-

247 5263 505 5331 θρώπων.
565 5266 698 5318 Τίνα
758 5269 867 5336 γὰρ
915 5270 1128 5336 ἕξουσιν
1169 5275 1385 5344 ἀπατᾷν
1431 5277 1540 5329 τῶν
1576 5279 1822 5346 ἀγγέλων

246 5350 385 5422 οἷςή
431 5357 633 5423 φυσικὴ
667 5356 998 5431 καθαριότης
1043 5363 1197 5416 οὐδὲν
1239 5368 1318 5428 είς
1347 5367 1644 5442 ἐπίκρυψιν
1678 5371 1827 5439 ἀλη-

247 5443 397 5506 θείας
430 5444 681 5511 ὲμποδὼν
698 5448 945 5513 γίνεσθαι
966 5452 1064 5521 ἐᾷς
1090 5453 1333 5517 ἐκείνους
1355 5454 1411 5507 δὲ
1436 5457 1607 5520 οὕτως
1628 5461 1825 5527 ἐκστή-

250 5552 332 5587 σει
366 5531 441 5590 ὦν
465 5538 524 5588 τὸ
574 5541 829 5607 φρόνημα
863 5542 963 5594 οὐκ
1018 5544 1380 5614 ἀνθρώπινον,
1430 5550 1563 5603 ἀλλὰ
1607 5553 1820 5618 γήῖνον.

1930 4645 2091 4692 erunt
2139 4638 2278 4706 ignis
2333 4639 2603 4695 demissio
2639 4643 2707 4697 de
2773 4644 2939 4708 cado,
2998 4656 3053 4703 et
3106 4649 3211 4703 alia
3268 4651 3519 4719 quurdam

1932 4744 2148 4798 magna,
2207 4731 2344 4783 adeo
2403 4742 2462 4785 ut
2511 4735 2597 4787 sui
2634 4738 3009 4805 magnitudine
3039 4739 3093 4791 in
3160 4750 3440 4809 stuporem
3476 4751 3529 4795 tt

1933 4830 2203 4875 terrorem
2237 4822 2572 4878 inducantur
2600 4828 2765 4881 etiam
2795 4829 2980 4883 Iideles
3007 4846 3021 4884 :
3051 4832 3153 4883 hoc
3180 4834 3327 4885 enim
3359 4832 3528 4902 signi-

1931 4913 2058 4968 Iicat
2089 4929 2183 4983 per
2212 4913 2265 4969 id
2294 4916 2441 4984 quod
2465 4918 2561 4979 ait,
2585 4918 2653 4972 Et
2683 4922 2884 4975 seducit
2907 4938 3068 4988 meos,
3098 4936 3155 4976 ut
3195 4926 3244 4976 in
3279 4923 3521 4993 Evange-

1932 5006 2005 5069 |io
2033 5008 2108 5060 ait
2134 5005 2410 5071 Christus,
2449 5029 2469 5061 ι
2512 5011 2584 5063 Ita
2620 5019 2675 5063 ut
2719 5013 2771 5065 in
2807 5028 3053 5068 errorem
3097 5015 3449 5077 inducantur,
3477 5018 3521 5069 si

1929 5094 2045 5149 ﬁeri
2075 5103 2266 5163 potest,
2293 5096 2458 5150 etiam
2491 5099 2648 5152 eiecti
2684 5099 2751 5152 ”.
2786 5118 2804 5151 ι
2865 5098 2935 5155 Ut
2966 5110 3148 5157 autem
3179 5108 3522 5158 demonstret

1928 5200 2069 5254 quos
2119 5186 2344 5239 seducat
2395 5186 2602 5241 Christi
2657 5189 2883 5255 ﬁdeles,
2922 5190 3186 5246 indicium
3235 5193 3523 5262 subjunxit

1931 5274 2149 5339 horum,
2179 5275 2384 5328 addens
2416 5293 2429 5328 :
2463 5277 2553 5344 qui
2593 5278 2841 5332 habitant
2882 5280 2936 5333 in
2970 5289 3131 5345 terra,
3165 5295 3274 5335 non
3308 5295 3519 5350 ponens

1929 5366 2333 5421 distinctionem
2359 5368 2499 5423 inter
2523 5371 2748 5439 angelos
2770 5379 2825 5425 et
2859 5372 3145 5427 homines:
3182 5386 3342 5442 quem
3372 5374 3516 5425 enim

1929 5470 2149 5530 possent
2178 5460 2497 5529 angelorum
2530 5464 2807 5532 decipere.
2853 5464 3056 5533 quibus
3091 5465 3366 5519 naturalis
3412 5477 3515 5531 pw-

1930 5553 2067 5607 ritas
2098 5553 2307 5606 nullum
2336 5554 2469 5608 sinit
2504 5554 2620 5608 ﬁeri
2668 5556 3117 5624 impedimentum
3148 5557 3214 5611 ad
3264 5556 3512 5611 veritatis

247 5634 707 5688 occultationem?
739 5636 833 5690 sed
866 5638 987 5694 illos
1021 5640 1096 5695 ita
1125 5645 1372 5713 terrebit,
1417 5662 1655 5716 quorum
1695 5664 1894 5705 sensus
1917 5664 2028 5706 non
2059 5649 2334 5704 humanus
2368 5658 2476 5717 est,
2504 5650 2597 5706 scd
2630 5657 2908 5707 terrenus.

321 5792 364 5825 "
388 5790 581 5847 Matth.
618 5806 768 5857 xxw,
792 5791 882 5847 24.
