  <div class='ocr_page' id='page_1' title='image "/cluster/home/n/w/nwhite01/storage/ocr_20150623/106/nnc1.0046979980/368.png"; bbox 0 0 4256 6440; ppageno 0'>
   <div class='ocr_carea' id='block_1_1' title="bbox 189 447 298 513">
    <p class='ocr_par' dir='ltr' id='par_1_1' title="bbox 189 447 298 513">
     <span class='ocr_line' id='line_1_1' title="bbox 189 447 298 513; baseline 0.046 -5"><span class='ocrx_word' id='word_1_1' title='bbox 189 447 298 513; x_wconf 78' lang='lat'><strong>681</strong></span> 
     </span>
    </p>
   </div>
   <div class='ocr_carea' id='block_1_2' title="bbox 1261 444 2342 506">
    <p class='ocr_par' dir='ltr' id='par_1_2' title="bbox 1261 444 2342 506">
     <span class='ocr_line' id='line_1_2' title="bbox 1261 444 2342 506; baseline 0 -3"><span class='ocrx_word' id='word_1_2' title='bbox 1261 445 1647 506; x_wconf 72' lang='lat' dir='ltr'><strong>COMMENT.</strong></span> <span class='ocrx_word' id='word_1_3' title='bbox 1689 445 1767 504; x_wconf 67' lang='lat' dir='ltr'><strong>IN</strong></span> <span class='ocrx_word' id='word_1_4' title='bbox 1813 444 2342 505; x_wconf 68' lang='lat' dir='ltr'><strong>APOCALYPSIN.</strong></span> 
     </span>
    </p>
   </div>
   <div class='ocr_carea' id='block_1_3' title="bbox 3355 440 3468 503">
    <p class='ocr_par' dir='ltr' id='par_1_3' title="bbox 3355 440 3468 503">
     <span class='ocr_line' id='line_1_3' title="bbox 3355 440 3468 503; baseline -0.009 0"><span class='ocrx_word' id='word_1_5' title='bbox 3355 440 3468 503; x_wconf 78' lang='lat'><strong>682</strong></span> 
     </span>
    </p>
   </div>
   <div class='ocr_carea' id='block_1_4' title="bbox 192 553 1873 630">
    <p class='ocr_par' dir='ltr' id='par_1_4' title="bbox 192 553 1864 630">
     <span class='ocr_line' id='line_1_4' title="bbox 192 553 1864 630; baseline -0.004 -16"><span class='ocrx_word' id='word_1_6' title='bbox 192 563 494 630; x_wconf 71' lang='grc' dir='ltr'>ὀνόματος</span> <span class='ocrx_word' id='word_1_7' title='bbox 525 558 737 613; x_wconf 81' lang='grc' dir='ltr'>αὐτοῦ·</span> <span class='ocrx_word' id='word_1_8' title='bbox 779 553 920 612; x_wconf 78' lang='grc' dir='ltr'><strong>Ὧδε</strong></span> <span class='ocrx_word' id='word_1_9' title='bbox 957 560 994 627; x_wconf 75' lang='grc' dir='ltr'><strong><em>ἡ</em></strong></span> <span class='ocrx_word' id='word_1_10' title='bbox 1044 559 1231 626; x_wconf 56' lang='grc' dir='ltr'>σοφία</span> <span class='ocrx_word' id='word_1_11' title='bbox 1264 559 1453 612; x_wconf 76' lang='grc' dir='ltr'>ἐστίν.</span> <span class='ocrx_word' id='word_1_12' title='bbox 1519 558 1582 610; x_wconf 84' lang='grc'><strong>’0</strong></span> <span class='ocrx_word' id='word_1_13' title='bbox 1633 559 1790 625; x_wconf 75' lang='grc' dir='ltr'>ἔχων</span> <span class='ocrx_word' id='word_1_14' title='bbox 1823 566 1864 619; x_wconf 72' lang='grc' dir='ltr'>Α</span> 
     </span>
    </p>
   </div>
   <div class='ocr_carea' id='block_1_5' title="bbox 1774 553 3455 630">
    <p class='ocr_par' dir='ltr' id='par_1_5' title="bbox 1774 553 3455 625">
     <span class='ocr_line' id='line_1_5' title="bbox 1774 553 3455 625; baseline 0.001 -17"><span class='ocrx_word' id='word_1_15' title='bbox 1774 575 1790 588; x_wconf 90' lang='grc'>·</span> <span class='ocrx_word' id='word_1_16' title='bbox 1823 566 1864 619; x_wconf 72' lang='grc' dir='ltr'>Α</span> <span class='ocrx_word' id='word_1_17' title='bbox 1899 557 2053 609; x_wconf 84' lang='lat' dir='ltr'><strong>minis</strong></span> <span class='ocrx_word' id='word_1_18' title='bbox 2079 557 2211 625; x_wconf 81' lang='lat' dir='ltr'><strong>ejus.</strong></span> <span class='ocrx_word' id='word_1_19' title='bbox 2255 555 2356 608; x_wconf 84' lang='lat' dir='ltr'><strong>llic</strong></span> <span class='ocrx_word' id='word_1_20' title='bbox 2387 556 2648 624; x_wconf 75' lang='lat' dir='ltr'><strong>sapientia</strong></span> <span class='ocrx_word' id='word_1_21' title='bbox 2675 562 2775 609; x_wconf 88' lang='lat' dir='ltr'><strong>est.</strong></span> <span class='ocrx_word' id='word_1_22' title='bbox 2809 555 2915 621; x_wconf 80' lang='lat' dir='ltr'><strong>Qui</strong></span> <span class='ocrx_word' id='word_1_23' title='bbox 2939 553 3091 608; x_wconf 75' lang='lat' dir='ltr'><strong>habet</strong></span> <span class='ocrx_word' id='word_1_24' title='bbox 3131 554 3455 610; x_wconf 81' lang='lat' dir='ltr'><strong>intellectum</strong></span> 
     </span>
    </p>
   </div>
   <div class='ocr_carea' id='block_1_6' title="bbox 192 650 1782 721">
    <p class='ocr_par' dir='ltr' id='par_1_6' title="bbox 192 650 1782 721">
     <span class='ocr_line' id='line_1_6' title="bbox 192 650 1782 721; baseline -0.004 -14"><span class='ocrx_word' id='word_1_25' title='bbox 192 654 367 714; x_wconf 83' lang='grc' dir='ltr'>νοῦν,</span> <span class='ocrx_word' id='word_1_26' title='bbox 405 653 728 721; x_wconf 67' lang='grc' dir='ltr'>ψηφισάτω</span> <span class='ocrx_word' id='word_1_27' title='bbox 751 652 858 704; x_wconf 83' lang='grc' dir='ltr'>τὸν</span> <span class='ocrx_word' id='word_1_28' title='bbox 876 650 1129 719; x_wconf 75' lang='grc' dir='ltr'>ἀριθμὸν</span> <span class='ocrx_word' id='word_1_29' title='bbox 1164 650 1269 703; x_wconf 82' lang='grc' dir='ltr'>τοῦ</span> <span class='ocrx_word' id='word_1_30' title='bbox 1322 653 1550 717; x_wconf 77' lang='grc' dir='ltr'>θηρίου.</span> <span class='ocrx_word' id='word_1_31' title='bbox 1596 652 1782 716; x_wconf 78' lang='grc' dir='ltr'>Ἀριθο</span> 
     </span>
    </p>
   </div>
   <div class='ocr_carea' id='block_1_7' title="bbox 192 741 1779 812">
    <p class='ocr_par' dir='ltr' id='par_1_7' title="bbox 192 741 1779 812">
     <span class='ocr_line' id='line_1_7' title="bbox 192 741 1779 812; baseline 0.001 -16"><span class='ocrx_word' id='word_1_32' title='bbox 192 744 310 812; x_wconf 51' lang='lat' dir='ltr'><strong>nec</strong></span> <span class='ocrx_word' id='word_1_33' title='bbox 363 742 473 812; x_wconf 61' lang='grc' dir='ltr'><strong>γὰρ</strong></span> <span class='ocrx_word' id='word_1_34' title='bbox 518 743 835 810; x_wconf 83' lang='grc' dir='ltr'>ἀνθρώπου</span> <span class='ocrx_word' id='word_1_35' title='bbox 897 741 1090 808; x_wconf 75' lang='grc' dir='ltr'>ἐστὶν,</span> <span class='ocrx_word' id='word_1_36' title='bbox 1146 742 1245 794; x_wconf 79' lang='grc' dir='ltr'>καὶ</span> <span class='ocrx_word' id='word_1_37' title='bbox 1283 745 1316 795; x_wconf 83' lang='grc' dir='ltr'><em>ὀ</em></span> <span class='ocrx_word' id='word_1_38' title='bbox 1365 742 1615 811; x_wconf 73' lang='grc' dir='ltr'>ἀριθμὸς</span> <span class='ocrx_word' id='word_1_39' title='bbox 1673 747 1779 798; x_wconf 82' lang='grc' dir='ltr'><strong>αὐ-</strong></span> 
     </span>
    </p>
   </div>
   <div class='ocr_carea' id='block_1_8' title="bbox 200 833 477 906">
    <p class='ocr_par' dir='ltr' id='par_1_8' title="bbox 200 833 477 906">
     <span class='ocr_line' id='line_1_8' title="bbox 200 833 477 906; baseline -0.004 -16"><span class='ocrx_word' id='word_1_40' title='bbox 200 837 305 890; x_wconf 89' lang='grc' dir='ltr'>τοῦ</span> <span class='ocrx_word' id='word_1_41' title='bbox 335 833 477 906; x_wconf 83' lang='grc' dir='ltr'>χξς’.</span> 
     </span>
    </p>
   </div>
   <div class='ocr_carea' id='block_1_9' title="bbox 273 927 1780 999">
    <p class='ocr_par' dir='ltr' id='par_1_9' title="bbox 273 927 1780 999">
     <span class='ocr_line' id='line_1_9' title="bbox 273 927 1780 999; baseline 0.003 -21"><span class='ocrx_word' id='word_1_42' title='bbox 273 929 383 979; x_wconf 63' lang='grc' dir='ltr'><strong>Καὶ</strong></span> <span class='ocrx_word' id='word_1_43' title='bbox 412 927 461 978; x_wconf 83' lang='grc' dir='ltr'><strong>τί</strong></span> <span class='ocrx_word' id='word_1_44' title='bbox 506 927 567 980; x_wconf 80' lang='grc' dir='ltr'>τὸ</span> <span class='ocrx_word' id='word_1_45' title='bbox 600 928 882 997; x_wconf 74' lang='grc' dir='ltr'>χάραγμα,</span> <span class='ocrx_word' id='word_1_46' title='bbox 915 927 1192 999; x_wconf 73' lang='grc' dir='ltr'>ἐπιφέρει,</span> <span class='ocrx_word' id='word_1_47' title='bbox 1239 929 1301 981; x_wconf 78' lang='grc' dir='ltr'><strong>τὸ</strong></span> <span class='ocrx_word' id='word_1_48' title='bbox 1348 929 1518 998; x_wconf 76' lang='grc' dir='ltr'>ὄνομα</span> <span class='ocrx_word' id='word_1_49' title='bbox 1553 928 1647 982; x_wconf 79' lang='grc' dir='ltr'><strong>τοῦ</strong></span> <span class='ocrx_word' id='word_1_50' title='bbox 1683 930 1780 999; x_wconf 76' lang='grc' dir='ltr'><strong>οη-</strong></span> 
     </span>
    </p>
   </div>
   <div class='ocr_carea' id='block_1_10' title="bbox 201 1019 1781 1090">
    <p class='ocr_par' dir='ltr' id='par_1_10' title="bbox 201 1019 1781 1090">
     <span class='ocr_line' id='line_1_10' title="bbox 201 1019 1781 1090; baseline 0.003 -22"><span class='ocrx_word' id='word_1_51' title='bbox 201 1019 343 1087; x_wconf 84' lang='grc' dir='ltr'>ρὶου.</span> <span class='ocrx_word' id='word_1_52' title='bbox 376 1021 414 1069; x_wconf 91' lang='grc' dir='ltr'>Δ</span> <span class='ocrx_word' id='word_1_53' title='bbox 438 1021 540 1088; x_wconf 81' lang='grc' dir='ltr'>ττὴ</span> <span class='ocrx_word' id='word_1_54' title='bbox 579 1019 635 1070; x_wconf 78' lang='grc' dir='ltr'><strong>δὲ</strong></span> <span class='ocrx_word' id='word_1_55' title='bbox 667 1019 856 1071; x_wconf 80' lang='grc' dir='ltr'>τούτου</span> <span class='ocrx_word' id='word_1_56' title='bbox 909 1021 941 1088; x_wconf 83' lang='grc' dir='ltr'>ἡ</span> <span class='ocrx_word' id='word_1_57' title='bbox 976 1020 1200 1087; x_wconf 83' lang='grc' dir='ltr'>γνῶσις,</span> <span class='ocrx_word' id='word_1_58' title='bbox 1233 1019 1266 1090; x_wconf 76' lang='grc' dir='ltr'>ἢ</span> <span class='ocrx_word' id='word_1_59' title='bbox 1327 1019 1415 1072; x_wconf 85' lang='grc' dir='ltr'>διά</span> <span class='ocrx_word' id='word_1_60' title='bbox 1455 1023 1781 1089; x_wconf 77' lang='grc' dir='ltr'>παραφορᾶς</span> 
     </span>
    </p>
   </div>
   <div class='ocr_carea' id='block_1_11' title="bbox 867 1112 1782 1184">
    <p class='ocr_par' dir='ltr' id='par_1_11' title="bbox 867 1112 1782 1184">
     <span class='ocr_line' id='line_1_11' title="bbox 867 1112 1782 1184; baseline -0.002 -18"><span class='ocrx_word' id='word_1_61' title='bbox 867 1114 898 1183; x_wconf 80' lang='grc' dir='ltr'><strong>ἢ</strong></span> <span class='ocrx_word' id='word_1_62' title='bbox 937 1113 1030 1166; x_wconf 76' lang='grc' dir='ltr'>διὰ</span> <span class='ocrx_word' id='word_1_63' title='bbox 1081 1113 1286 1184; x_wconf 65' lang='grc' dir='ltr'>ψήφου.</span> <span class='ocrx_word' id='word_1_64' title='bbox 1326 1113 1436 1166; x_wconf 77' lang='grc' dir='ltr'><strong>Καὶ</strong></span> <span class='ocrx_word' id='word_1_65' title='bbox 1472 1112 1573 1182; x_wconf 78' lang='grc' dir='ltr'>τὴν</span> <span class='ocrx_word' id='word_1_66' title='bbox 1601 1113 1782 1183; x_wconf 68' lang='grc' dir='ltr'>ψῆφον</span> 
     </span>
    </p>
   </div>
   <div class='ocr_carea' id='block_1_12' title="bbox 198 1203 1782 1276">
    <p class='ocr_par' dir='ltr' id='par_1_12' title="bbox 198 1203 1782 1276">
     <span class='ocr_line' id='line_1_12' title="bbox 198 1203 1782 1276; baseline 0 -20"><span class='ocrx_word' id='word_1_67' title='bbox 198 1203 256 1256; x_wconf 86' lang='grc' dir='ltr'><strong>δὲ</strong></span> <span class='ocrx_word' id='word_1_68' title='bbox 297 1205 388 1256; x_wconf 76' lang='grc' dir='ltr'>τοῦ</span> <span class='ocrx_word' id='word_1_69' title='bbox 445 1205 709 1274; x_wconf 82' lang='grc' dir='ltr'>ὀνόματος</span> <span class='ocrx_word' id='word_1_70' title='bbox 764 1207 859 1259; x_wconf 79' lang='grc' dir='ltr'><strong>τοῦ</strong></span> <span class='ocrx_word' id='word_1_71' title='bbox 926 1206 1139 1276; x_wconf 80' lang='grc' dir='ltr'>θηρίου,</span> <span class='ocrx_word' id='word_1_72' title='bbox 1186 1205 1458 1275; x_wconf 77' lang='grc' dir='ltr'><strong>πανταχοῦ</strong></span> <span class='ocrx_word' id='word_1_73' title='bbox 1513 1205 1782 1260; x_wconf 78' lang='grc' dir='ltr'><strong>πλατῦναι</strong></span> 
     </span>
    </p>
   </div>
   <div class='ocr_carea' id='block_1_13' title="bbox 202 1297 1785 1368">
    <p class='ocr_par' dir='ltr' id='par_1_13' title="bbox 202 1297 1785 1368">
     <span class='ocr_line' id='line_1_13' title="bbox 202 1297 1785 1368; baseline 0.003 -22"><span class='ocrx_word' id='word_1_74' title='bbox 202 1297 562 1365; x_wconf 72' lang='grc' dir='ltr'>ἐπετηδεύθη,</span> <span class='ocrx_word' id='word_1_75' title='bbox 591 1297 648 1349; x_wconf 80' lang='grc' dir='ltr'>ἒν</span> <span class='ocrx_word' id='word_1_76' title='bbox 672 1315 730 1349; x_wconf 89' lang='grc' dir='ltr'><strong>τε</strong></span> <span class='ocrx_word' id='word_1_77' title='bbox 766 1299 1004 1368; x_wconf 75' lang='grc' dir='ltr'>πράσεσι</span> <span class='ocrx_word' id='word_1_78' title='bbox 1036 1301 1129 1352; x_wconf 74' lang='grc' dir='ltr'><strong>καὶ</strong></span> <span class='ocrx_word' id='word_1_79' title='bbox 1150 1299 1336 1360; x_wconf 79' lang='grc' dir='ltr'>ὠναῖς,</span> <span class='ocrx_word' id='word_1_80' title='bbox 1367 1298 1434 1350; x_wconf 79' lang='grc' dir='ltr'>ἵν’</span> <span class='ocrx_word' id='word_1_81' title='bbox 1461 1301 1487 1351; x_wconf 87' lang='grc' dir='ltr'>ὁ</span> <span class='ocrx_word' id='word_1_82' title='bbox 1517 1299 1592 1368; x_wconf 79' lang='grc' dir='ltr'>μὴ</span> <span class='ocrx_word' id='word_1_83' title='bbox 1621 1298 1785 1351; x_wconf 77' lang='grc' dir='ltr'>τοῦτο</span> 
     </span>
    </p>
   </div>
   <div class='ocr_carea' id='block_1_14' title="bbox 199 1389 1784 1460">
    <p class='ocr_par' dir='ltr' id='par_1_14' title="bbox 199 1389 1784 1460">
     <span class='ocr_line' id='line_1_14' title="bbox 199 1389 1784 1460; baseline 0.001 -21"><span class='ocrx_word' id='word_1_84' title='bbox 199 1389 624 1460; x_wconf 75' lang='grc' dir='ltr'><strong>ἐπιφερόμενος,</strong></span> <span class='ocrx_word' id='word_1_85' title='bbox 674 1393 731 1443; x_wconf 86' lang='grc' dir='ltr'>ἐν</span> <span class='ocrx_word' id='word_1_86' title='bbox 770 1392 890 1452; x_wconf 80' lang='grc' dir='ltr'>ταῖς</span> <span class='ocrx_word' id='word_1_87' title='bbox 919 1389 1025 1443; x_wconf 83' lang='grc' dir='ltr'><strong>τῶν</strong></span> <span class='ocrx_word' id='word_1_88' title='bbox 1059 1390 1375 1457; x_wconf 73' lang='grc' dir='ltr'><strong>ἀναγκαίων</strong></span> <span class='ocrx_word' id='word_1_89' title='bbox 1420 1391 1652 1453; x_wconf 76' lang='grc' dir='ltr'>ἐνδείαις</span> <span class='ocrx_word' id='word_1_90' title='bbox 1693 1407 1784 1441; x_wconf 85' lang='grc' dir='ltr'>τε-</span> 
     </span>
    </p>
   </div>
   <div class='ocr_carea' id='block_1_15' title="bbox 201 1475 1780 1554">
    <p class='ocr_par' dir='ltr' id='par_1_15' title="bbox 201 1475 1780 1554">
     <span class='ocr_line' id='line_1_15' title="bbox 201 1475 1780 1554; baseline 0.001 -23"><span class='ocrx_word' id='word_1_91' title='bbox 201 1481 460 1554; x_wconf 79' lang='grc' dir='ltr'>λευτήσῃ.</span> <span class='ocrx_word' id='word_1_92' title='bbox 539 1481 796 1550; x_wconf 73' lang='grc' dir='ltr'>’Δριθμὸν</span> <span class='ocrx_word' id='word_1_93' title='bbox 836 1475 892 1535; x_wconf 78' lang='grc' dir='ltr'><strong>δὲ</strong></span> <span class='ocrx_word' id='word_1_94' title='bbox 953 1483 1244 1552; x_wconf 81' lang='grc' dir='ltr'>ἀνθρώπου</span> <span class='ocrx_word' id='word_1_95' title='bbox 1285 1482 1344 1534; x_wconf 88' lang='grc' dir='ltr'><strong>τὸ</strong></span> <span class='ocrx_word' id='word_1_96' title='bbox 1389 1482 1560 1552; x_wconf 68' lang='grc' dir='ltr'>ὄνομα</span> <span class='ocrx_word' id='word_1_97' title='bbox 1620 1477 1780 1541; x_wconf 78' lang='grc' dir='ltr'>εἶναι.</span> 
     </span>
    </p>
   </div>
   <div class='ocr_carea' id='block_1_16' title="bbox 202 1570 1785 1643">
    <p class='ocr_par' dir='ltr' id='par_1_16' title="bbox 202 1570 1785 1643">
     <span class='ocr_line' id='line_1_16' title="bbox 202 1570 1785 1643; baseline 0.001 -21"><span class='ocrx_word' id='word_1_98' title='bbox 202 1571 326 1622; x_wconf 76' lang='grc' dir='ltr'>ἀντὶ</span> <span class='ocrx_word' id='word_1_99' title='bbox 357 1570 452 1622; x_wconf 81' lang='grc' dir='ltr'>τοῦ</span> <span class='ocrx_word' id='word_1_100' title='bbox 512 1570 661 1634; x_wconf 76' lang='grc' dir='ltr'>ξένον</span> <span class='ocrx_word' id='word_1_101' title='bbox 691 1571 812 1623; x_wconf 77' lang='grc' dir='ltr'>οὐδὲ</span> <span class='ocrx_word' id='word_1_102' title='bbox 859 1571 1001 1641; x_wconf 62' lang='lat' dir='ltr'><strong>aiqu</strong></span> <span class='ocrx_word' id='word_1_103' title='bbox 1036 1574 1130 1624; x_wconf 72' lang='grc' dir='ltr'><strong>καὶ</strong></span> <span class='ocrx_word' id='word_1_104' title='bbox 1177 1573 1660 1643; x_wconf 78' lang='grc' dir='ltr'><strong>ἐπικεκρυμμένον</strong></span> <span class='ocrx_word' id='word_1_105' title='bbox 1690 1575 1785 1625; x_wconf 72' lang='grc' dir='ltr'><strong>καὶ</strong></span> 
     </span>
    </p>
   </div>
   <div class='ocr_carea' id='block_1_17' title="bbox 201 1663 1780 1736">
    <p class='ocr_par' dir='ltr' id='par_1_17' title="bbox 201 1663 1780 1736">
     <span class='ocr_line' id='line_1_17' title="bbox 201 1663 1780 1736; baseline 0.001 -20"><span class='ocrx_word' id='word_1_106' title='bbox 201 1663 427 1732; x_wconf 73' lang='grc' dir='ltr'>διπλόης</span> <span class='ocrx_word' id='word_1_107' title='bbox 454 1664 732 1732; x_wconf 76' lang='grc' dir='ltr'>ἐχόμενον,</span> <span class='ocrx_word' id='word_1_108' title='bbox 782 1664 915 1717; x_wconf 73' lang='grc' dir='ltr'>ἀλλὰ</span> <span class='ocrx_word' id='word_1_109' title='bbox 968 1664 1149 1734; x_wconf 72' lang='grc' dir='ltr'>ψῆφον</span> <span class='ocrx_word' id='word_1_110' title='bbox 1183 1665 1404 1736; x_wconf 77' lang='grc' dir='ltr'>ὲντριὸἦ</span> <span class='ocrx_word' id='word_1_111' title='bbox 1455 1666 1548 1717; x_wconf 71' lang='grc' dir='ltr'><strong>καὶ</strong></span> <span class='ocrx_word' id='word_1_112' title='bbox 1607 1667 1780 1732; x_wconf 78' lang='grc' dir='ltr'>ἐγνω-</span> 
     </span>
    </p>
   </div>
   <div class='ocr_carea' id='block_1_18' title="bbox 205 1754 1783 1826">
    <p class='ocr_par' dir='ltr' id='par_1_18' title="bbox 205 1754 1783 1826">
     <span class='ocr_line' id='line_1_18' title="bbox 205 1754 1783 1826; baseline 0.003 -22"><span class='ocrx_word' id='word_1_113' title='bbox 205 1754 417 1824; x_wconf 78' lang='grc' dir='ltr'>σμένην</span> <span class='ocrx_word' id='word_1_114' title='bbox 479 1755 812 1824; x_wconf 76' lang='grc' dir='ltr'>ἀνθρὼποις.</span> <span class='ocrx_word' id='word_1_115' title='bbox 861 1755 1116 1826; x_wconf 80' lang='grc' dir='ltr'>’Λριθμὸς</span> <span class='ocrx_word' id='word_1_116' title='bbox 1149 1755 1207 1807; x_wconf 84' lang='grc' dir='ltr'><strong>δὲ</strong></span> <span class='ocrx_word' id='word_1_117' title='bbox 1271 1754 1366 1808; x_wconf 79' lang='grc' dir='ltr'>τοῦ</span> <span class='ocrx_word' id='word_1_118' title='bbox 1400 1755 1662 1824; x_wconf 79' lang='grc' dir='ltr'>ὀνόματος</span> <span class='ocrx_word' id='word_1_119' title='bbox 1689 1754 1783 1808; x_wconf 81' lang='grc' dir='ltr'>τοῦ</span> 
     </span>
    </p>
   </div>
   <div class='ocr_carea' id='block_1_19' title="bbox 200 1844 1784 1916">
    <p class='ocr_par' dir='ltr' id='par_1_19' title="bbox 200 1844 1784 1916">
     <span class='ocr_line' id='line_1_19' title="bbox 200 1844 1784 1916; baseline 0.002 -20"><span class='ocrx_word' id='word_1_120' title='bbox 200 1844 408 1915; x_wconf 55' lang='grc' dir='ltr'>ψήφσυ,</span> <span class='ocrx_word' id='word_1_121' title='bbox 465 1846 726 1909; x_wconf 82' lang='grc' dir='ltr'>ἑξακόσια</span> <span class='ocrx_word' id='word_1_122' title='bbox 777 1847 1122 1915; x_wconf 75' lang='grc' dir='ltr'>ἑξηκονταὲξ.</span> <span class='ocrx_word' id='word_1_123' title='bbox 1162 1846 1356 1914; x_wconf 80' lang='grc' dir='ltr'>Σαφῶς</span> <span class='ocrx_word' id='word_1_124' title='bbox 1404 1846 1514 1916; x_wconf 76' lang='grc' dir='ltr'>γὰρ</span> <span class='ocrx_word' id='word_1_125' title='bbox 1560 1848 1695 1899; x_wconf 74' lang='grc' dir='ltr'>αὐτὸ</span> <span class='ocrx_word' id='word_1_126' title='bbox 1723 1850 1784 1900; x_wconf 80' lang='grc' dir='ltr'><strong>τὸ</strong></span> 
     </span>
    </p>
   </div>
   <div class='ocr_carea' id='block_1_20' title="bbox 199 1923 1780 2010">
    <p class='ocr_par' dir='ltr' id='par_1_20' title="bbox 199 1923 1780 2010">
     <span class='ocr_line' id='line_1_20' title="bbox 199 1923 1780 2010; baseline 0.003 -22"><span class='ocrx_word' id='word_1_127' title='bbox 199 1935 372 2006; x_wconf 72' lang='grc' dir='ltr'>δνομα</span> <span class='ocrx_word' id='word_1_128' title='bbox 404 1938 466 1989; x_wconf 81' lang='grc' dir='ltr'><strong>οὐ</strong></span> <span class='ocrx_word' id='word_1_129' title='bbox 502 1937 792 2008; x_wconf 77' lang='grc' dir='ltr'>παρέθετο,</span> <span class='ocrx_word' id='word_1_130' title='bbox 838 1939 925 1992; x_wconf 71' lang='grc' dir='ltr'>διὰ</span> <span class='ocrx_word' id='word_1_131' title='bbox 957 1939 1016 1991; x_wconf 82' lang='grc' dir='ltr'><strong>τὸ</strong></span> <span class='ocrx_word' id='word_1_132' title='bbox 1049 1923 1182 2006; x_wconf 66' lang='grc' dir='ltr'><strong>μῆδὲ</strong></span> <span class='ocrx_word' id='word_1_133' title='bbox 1212 1939 1363 2002; x_wconf 81' lang='grc' dir='ltr'>ἀξιον</span> <span class='ocrx_word' id='word_1_134' title='bbox 1414 1934 1556 1992; x_wconf 75' lang='grc' dir='ltr'>εἶναι</span> <span class='ocrx_word' id='word_1_135' title='bbox 1591 1941 1688 2010; x_wconf 84' lang='grc' dir='ltr'><strong>τῆς</strong></span> <span class='ocrx_word' id='word_1_136' title='bbox 1723 1943 1780 1993; x_wconf 89' lang='grc' dir='ltr'>ἐν</span> 
     </span>
    </p>
   </div>
   <div class='ocr_carea' id='block_1_21' title="bbox 203 2029 1780 2120">
    <p class='ocr_par' dir='ltr' id='par_1_21' title="bbox 203 2029 1780 2120">
     <span class='ocr_line' id='line_1_21' title="bbox 203 2029 1780 2120; baseline 0.004 -40"><span class='ocrx_word' id='word_1_137' title='bbox 203 2029 398 2098; x_wconf 75' lang='grc' dir='ltr'>βιϐλίῳ</span> <span class='ocrx_word' id='word_1_138' title='bbox 428 2033 666 2100; x_wconf 78' lang='grc' dir='ltr'>γραφῆς.</span> <span class='ocrx_word' id='word_1_139' title='bbox 705 2033 910 2120; x_wconf 79' lang='grc' dir='ltr'>Διόπερ</span> <span class='ocrx_word' id='word_1_140' title='bbox 959 2032 1270 2100; x_wconf 76' lang='grc' dir='ltr'>γυμνασίας</span> <span class='ocrx_word' id='word_1_141' title='bbox 1315 2032 1477 2102; x_wconf 80' lang='grc' dir='ltr'>χάριν</span> <span class='ocrx_word' id='word_1_142' title='bbox 1525 2034 1780 2086; x_wconf 75' lang='grc' dir='ltr'>ἐπανελέ-</span> 
     </span>
    </p>
   </div>
   <div class='ocr_carea' id='block_1_22' title="bbox 212 2119 1780 2190">
    <p class='ocr_par' dir='ltr' id='par_1_22' title="bbox 212 2119 1780 2190">
     <span class='ocr_line' id='line_1_22' title="bbox 212 2119 1780 2190; baseline 0.001 -20"><span class='ocrx_word' id='word_1_143' title='bbox 212 2119 340 2171; x_wconf 83' lang='grc' dir='ltr'>σοαι</span> <span class='ocrx_word' id='word_1_144' title='bbox 372 2121 472 2171; x_wconf 67' lang='grc' dir='ltr'><strong>οὐκ</strong></span> <span class='ocrx_word' id='word_1_145' title='bbox 530 2121 780 2189; x_wconf 78' lang='grc' dir='ltr'>ἄκαιρον,</span> <span class='ocrx_word' id='word_1_146' title='bbox 824 2119 1018 2189; x_wconf 76' lang='grc' dir='ltr'>τάτὴν</span> <span class='ocrx_word' id='word_1_147' title='bbox 1043 2120 1224 2188; x_wconf 74' lang='grc' dir='ltr'>ψῆφον</span> <span class='ocrx_word' id='word_1_148' title='bbox 1273 2121 1644 2190; x_wconf 79' lang='grc' dir='ltr'>ἐπιφερόμενα</span> <span class='ocrx_word' id='word_1_149' title='bbox 1663 2120 1780 2172; x_wconf 81' lang='grc' dir='ltr'>ὀνό-</span> 
     </span>
    </p>
   </div>
   <div class='ocr_carea' id='block_1_23' title="bbox 203 2209 1781 2283">
    <p class='ocr_par' dir='ltr' id='par_1_23' title="bbox 203 2209 1781 2283">
     <span class='ocr_line' id='line_1_23' title="bbox 203 2209 1781 2283; baseline 0.001 -21"><span class='ocrx_word' id='word_1_150' title='bbox 203 2229 351 2281; x_wconf 76' lang='grc' dir='ltr'>ματα</span> <span class='ocrx_word' id='word_1_151' title='bbox 411 2211 575 2282; x_wconf 81' lang='grc' dir='ltr'>κύριά</span> <span class='ocrx_word' id='word_1_152' title='bbox 625 2231 682 2265; x_wconf 88' lang='grc' dir='ltr'><strong>τε</strong></span> <span class='ocrx_word' id='word_1_153' title='bbox 730 2213 824 2266; x_wconf 80' lang='grc' dir='ltr'>καὶ</span> <span class='ocrx_word' id='word_1_154' title='bbox 874 2213 1274 2283; x_wconf 68' lang='grc' dir='ltr'>προσηγορικὰ.</span> <span class='ocrx_word' id='word_1_155' title='bbox 1317 2213 1496 2283; x_wconf 79' lang='grc' dir='ltr'>Κύρια</span> <span class='ocrx_word' id='word_1_156' title='bbox 1544 2215 1642 2283; x_wconf 76' lang='grc' dir='ltr'><strong>μὲν</strong></span> <span class='ocrx_word' id='word_1_157' title='bbox 1669 2209 1781 2265; x_wconf 78' lang='grc' dir='ltr'>οἷον</span> 
     </span>
    </p>
   </div>
   <div class='ocr_carea' id='block_1_24' title="bbox 200 2305 1778 2375">
    <p class='ocr_par' dir='ltr' id='par_1_24' title="bbox 200 2305 1778 2375">
     <span class='ocr_line' id='line_1_24' title="bbox 200 2305 1778 2375; baseline 0.002 -20"><span class='ocrx_word' id='word_1_158' title='bbox 200 2305 511 2374; x_wconf 80' lang='grc' dir='ltr'>Λαμπέτις,</span> <span class='ocrx_word' id='word_1_159' title='bbox 550 2307 746 2358; x_wconf 81' lang='grc' dir='ltr'>Τειτᾶν</span> <span class='ocrx_word' id='word_1_160' title='bbox 778 2324 792 2338; x_wconf 80' lang='grc' dir='ltr'><strong>ο</strong></span> <span class='ocrx_word' id='word_1_161' title='bbox 823 2307 915 2359; x_wconf 79' lang='grc' dir='ltr'><strong>καὶ</strong></span> <span class='ocrx_word' id='word_1_162' title='bbox 947 2306 1054 2359; x_wconf 80' lang='grc' dir='ltr'>ἀπὸ</span> <span class='ocrx_word' id='word_1_163' title='bbox 1086 2305 1202 2371; x_wconf 74' lang='grc' dir='ltr'>τοῦ,</span> <span class='ocrx_word' id='word_1_164' title='bbox 1246 2305 1406 2370; x_wconf 86' lang='grc' dir='ltr'>τενῶ,</span> <span class='ocrx_word' id='word_1_165' title='bbox 1465 2307 1778 2375; x_wconf 77' lang='grc' dir='ltr'>μέλλοντος,</span> 
     </span>
    </p>
   </div>
   <div class='ocr_carea' id='block_1_25' title="bbox 197 2394 1780 2469">
    <p class='ocr_par' dir='ltr' id='par_1_25' title="bbox 197 2394 1780 2469">
     <span class='ocr_line' id='line_1_25' title="bbox 197 2394 1780 2469; baseline 0.001 -24"><span class='ocrx_word' id='word_1_166' title='bbox 197 2394 390 2465; x_wconf 76' lang='grc' dir='ltr'>ὥσπερ</span> <span class='ocrx_word' id='word_1_167' title='bbox 416 2398 507 2448; x_wconf 76' lang='grc' dir='ltr'><strong>καὶ</strong></span> <span class='ocrx_word' id='word_1_168' title='bbox 537 2397 644 2448; x_wconf 83' lang='grc' dir='ltr'><strong>ἀπὸ</strong></span> <span class='ocrx_word' id='word_1_169' title='bbox 671 2396 786 2460; x_wconf 74' lang='grc' dir='ltr'>τοῦ,</span> <span class='ocrx_word' id='word_1_170' title='bbox 812 2396 1018 2469; x_wconf 80' lang='grc' dir='ltr'>σπερῶ,</span> <span class='ocrx_word' id='word_1_171' title='bbox 1043 2396 1266 2465; x_wconf 85' lang='grc' dir='ltr'>σπόρος,</span> <span class='ocrx_word' id='word_1_172' title='bbox 1290 2399 1547 2458; x_wconf 79' lang='grc' dir='ltr'>Λατείνος</span> <span class='ocrx_word' id='word_1_173' title='bbox 1577 2396 1780 2464; x_wconf 78' lang='grc' dir='ltr'>ὁμοίως</span> 
     </span>
    </p>
   </div>
   <div class='ocr_carea' id='block_1_26' title="bbox 195 2487 1780 2560">
    <p class='ocr_par' dir='ltr' id='par_1_26' title="bbox 195 2487 1780 2560">
     <span class='ocr_line' id='line_1_26' title="bbox 195 2487 1780 2560; baseline 0.001 -22"><span class='ocrx_word' id='word_1_174' title='bbox 195 2487 286 2539; x_wconf 75' lang='grc' dir='ltr'>διὰ</span> <span class='ocrx_word' id='word_1_175' title='bbox 315 2487 630 2557; x_wconf 72' lang='grc' dir='ltr'>διφθόγγου.</span> <span class='ocrx_word' id='word_1_176' title='bbox 697 2490 1082 2560; x_wconf 70' lang='grc' dir='ltr'>Προσηγορικὰ</span> <span class='ocrx_word' id='word_1_177' title='bbox 1113 2491 1191 2555; x_wconf 80' lang='grc' dir='ltr'><strong>δὲ,</strong></span> <span class='ocrx_word' id='word_1_178' title='bbox 1245 2492 1274 2542; x_wconf 86' lang='grc' dir='ltr'>ὀ</span> <span class='ocrx_word' id='word_1_179' title='bbox 1318 2491 1584 2560; x_wconf 69' lang='grc' dir='ltr'>Νικητής.</span> <span class='ocrx_word' id='word_1_180' title='bbox 1623 2490 1780 2550; x_wconf 85' lang='grc' dir='ltr'>Ἰσως</span> 
     </span>
    </p>
   </div>
   <div class='ocr_carea' id='block_1_27' title="bbox 198 2581 1781 2654">
    <p class='ocr_par' dir='ltr' id='par_1_27' title="bbox 198 2581 1781 2654">
     <span class='ocr_line' id='line_1_27' title="bbox 198 2581 1781 2654; baseline 0.002 -22"><span class='ocrx_word' id='word_1_181' title='bbox 198 2583 311 2652; x_wconf 75' lang='grc' dir='ltr'>γὰρ</span> <span class='ocrx_word' id='word_1_182' title='bbox 339 2581 517 2644; x_wconf 73' lang='grc' dir='ltr'>οὓτως</span> <span class='ocrx_word' id='word_1_183' title='bbox 546 2584 737 2636; x_wconf 75' lang='grc' dir='ltr'>ἑαυτὸν</span> <span class='ocrx_word' id='word_1_184' title='bbox 762 2584 1044 2653; x_wconf 80' lang='grc' dir='ltr'>ὀνομάσει,</span> <span class='ocrx_word' id='word_1_185' title='bbox 1077 2585 1172 2636; x_wconf 74' lang='grc' dir='ltr'><strong>καὶ</strong></span> <span class='ocrx_word' id='word_1_186' title='bbox 1216 2584 1388 2647; x_wconf 84' lang='grc' dir='ltr'>κακὸς</span> <span class='ocrx_word' id='word_1_187' title='bbox 1433 2583 1651 2654; x_wconf 66' lang='grc' dir='ltr'>ὀδηγὸς,</span> <span class='ocrx_word' id='word_1_188' title='bbox 1686 2585 1781 2636; x_wconf 73' lang='grc' dir='ltr'><strong>καὶ</strong></span> 
     </span>
    </p>
   </div>
   <div class='ocr_carea' id='block_1_28' title="bbox 199 2673 1780 2746">
    <p class='ocr_par' dir='ltr' id='par_1_28' title="bbox 199 2673 1780 2746">
     <span class='ocr_line' id='line_1_28' title="bbox 199 2673 1780 2746; baseline 0.003 -22"><span class='ocrx_word' id='word_1_189' title='bbox 199 2673 408 2743; x_wconf 76' lang='grc' dir='ltr'>ἀληθὴς</span> <span class='ocrx_word' id='word_1_190' title='bbox 460 2675 744 2744; x_wconf 70' lang='grc' dir='ltr'>βλαϐερὸς,</span> <span class='ocrx_word' id='word_1_191' title='bbox 791 2678 884 2729; x_wconf 84' lang='grc' dir='ltr'><strong>καὶ</strong></span> <span class='ocrx_word' id='word_1_192' title='bbox 927 2678 1093 2730; x_wconf 80' lang='grc' dir='ltr'>πάλαι</span> <span class='ocrx_word' id='word_1_193' title='bbox 1127 2677 1419 2746; x_wconf 77' lang='grc' dir='ltr'>βάσκανος,</span> <span class='ocrx_word' id='word_1_194' title='bbox 1471 2677 1566 2729; x_wconf 77' lang='grc' dir='ltr'>καὶ</span> <span class='ocrx_word' id='word_1_195' title='bbox 1607 2675 1780 2745; x_wconf 84' lang='grc' dir='ltr'>ἀμνὸς</span> 
     </span>
    </p>
   </div>
   <div class='ocr_carea' id='block_1_29' title="bbox 197 2764 1774 2840">
    <p class='ocr_par' dir='ltr' id='par_1_29' title="bbox 197 2764 1774 2840">
     <span class='ocr_line' id='line_1_29' title="bbox 197 2764 1774 2840; baseline 0.003 -25"><span class='ocrx_word' id='word_1_196' title='bbox 197 2764 407 2830; x_wconf 74' lang='grc' dir='ltr'>ἄδικος,</span> <span class='ocrx_word' id='word_1_197' title='bbox 447 2766 482 2819; x_wconf 71' lang='grc' dir='ltr'>ἃ</span> <span class='ocrx_word' id='word_1_198' title='bbox 520 2769 584 2819; x_wconf 79' lang='grc' dir='ltr'>ἐκ</span> <span class='ocrx_word' id='word_1_199' title='bbox 638 2769 748 2822; x_wconf 83' lang='grc' dir='ltr'><strong>τῶν</strong></span> <span class='ocrx_word' id='word_1_200' title='bbox 808 2769 1070 2822; x_wconf 81' lang='grc' dir='ltr'>ἐναντίων</span> <span class='ocrx_word' id='word_1_201' title='bbox 1117 2770 1267 2840; x_wconf 71' lang='grc' dir='ltr'>αὐτῷ</span> <span class='ocrx_word' id='word_1_202' title='bbox 1323 2768 1774 2839; x_wconf 72' lang='grc' dir='ltr'>ὲπικληθήσεται,</span> 
     </span>
    </p>
   </div>
   <div class='ocr_carea' id='block_1_30' title="bbox 196 2851 1590 2929">
    <p class='ocr_par' dir='ltr' id='par_1_30' title="bbox 196 2851 1590 2929">
     <span class='ocr_line' id='line_1_30' title="bbox 196 2851 1590 2929; baseline 0.007 -27"><span class='ocrx_word' id='word_1_203' title='bbox 196 2851 299 2922; x_wconf 80' lang='grc' dir='ltr'>τὴν</span> <span class='ocrx_word' id='word_1_204' title='bbox 325 2855 534 2909; x_wconf 84' lang='grc' dir='ltr'>οἰκείαν</span> <span class='ocrx_word' id='word_1_205' title='bbox 559 2857 720 2921; x_wconf 84' lang='grc' dir='ltr'>δόξαν</span> <span class='ocrx_word' id='word_1_206' title='bbox 747 2859 805 2910; x_wconf 83' lang='grc' dir='ltr'><strong>ἐν</strong></span> <span class='ocrx_word' id='word_1_207' title='bbox 839 2861 904 2928; x_wconf 84' lang='grc' dir='ltr'>τῇ</span> <span class='ocrx_word' id='word_1_208' title='bbox 930 2858 1158 2929; x_wconf 82' lang='grc' dir='ltr'>αἰσχύνῃ</span> <span class='ocrx_word' id='word_1_209' title='bbox 1184 2859 1590 2929; x_wconf 81' lang='grc' dir='ltr'>καρπούμενος.</span> 
     </span>
    </p>
   </div>
   <div class='ocr_carea' id='block_1_31' title="bbox 202 1110 815 1179">
    <p class='ocr_par' dir='ltr' id='par_1_31' title="bbox 202 1110 815 1179">
     <span class='ocr_line' id='line_1_31' title="bbox 202 1110 815 1179; baseline 0 -15"><span class='ocrx_word' id='word_1_210' title='bbox 202 1110 372 1164; x_wconf 79' lang='grc' dir='ltr'>αὑτοῦ</span> <span class='ocrx_word' id='word_1_211' title='bbox 402 1110 498 1162; x_wconf 74' lang='grc' dir='ltr'>τοῦ</span> <span class='ocrx_word' id='word_1_212' title='bbox 529 1113 815 1179; x_wconf 81' lang='grc' dir='ltr'>ὀνόματος,</span> 
     </span>
    </p>
   </div>
   <div class='ocr_carea' id='block_1_32' title="bbox 1885 649 3462 716">
    <p class='ocr_par' dir='ltr' id='par_1_32' title="bbox 1885 649 3462 716">
     <span class='ocr_line' id='line_1_32' title="bbox 1885 649 3462 716; baseline 0.001 -16"><span class='ocrx_word' id='word_1_213' title='bbox 1885 657 2144 716; x_wconf 79' lang='lat' dir='ltr'><strong>computet</strong></span> <span class='ocrx_word' id='word_1_214' title='bbox 2175 665 2451 701; x_wconf 85' lang='lat' dir='ltr'><strong>numerum</strong></span> <span class='ocrx_word' id='word_1_215' title='bbox 2481 649 2659 702; x_wconf 70' lang='lat' dir='ltr'><strong>bestite</strong></span> <span class='ocrx_word' id='word_1_216' title='bbox 2704 667 2723 704; x_wconf 83' lang='lat'><em>:</em></span> <span class='ocrx_word' id='word_1_217' title='bbox 2767 663 3017 700; x_wconf 85' lang='lat' dir='ltr'><strong>numerus</strong></span> <span class='ocrx_word' id='word_1_218' title='bbox 3065 649 3201 701; x_wconf 84' lang='lat' dir='ltr'><strong>enim</strong></span> <span class='ocrx_word' id='word_1_219' title='bbox 3235 649 3462 701; x_wconf 78' lang='lat' dir='ltr'><strong>hominis</strong></span> 
     </span>
    </p>
   </div>
   <div class='ocr_carea' id='block_1_33' title="bbox 1884 744 3203 811">
    <p class='ocr_par' dir='ltr' id='par_1_33' title="bbox 1884 744 3203 811">
     <span class='ocr_line' id='line_1_33' title="bbox 1884 744 3203 811; baseline 0.004 -19"><span class='ocrx_word' id='word_1_220' title='bbox 1884 750 1982 801; x_wconf 66' lang='grc' dir='ltr'>εει,</span> <span class='ocrx_word' id='word_1_221' title='bbox 2011 750 2059 792; x_wconf 89' lang='lat' dir='ltr'><strong>et</strong></span> <span class='ocrx_word' id='word_1_222' title='bbox 2093 757 2338 795; x_wconf 76' lang='lat' dir='ltr'><strong>numerus</strong></span> <span class='ocrx_word' id='word_1_223' title='bbox 2373 757 2487 808; x_wconf 75' lang='lat' dir='ltr'><strong>ejus</strong></span> <span class='ocrx_word' id='word_1_224' title='bbox 2512 753 2753 795; x_wconf 73' lang='lat' dir='ltr'><strong>sexcenta</strong></span> <span class='ocrx_word' id='word_1_225' title='bbox 2782 744 3060 811; x_wconf 76' lang='lat' dir='ltr'><strong>sexaginta</strong></span> <span class='ocrx_word' id='word_1_226' title='bbox 3090 759 3203 797; x_wconf 68' lang='grc' dir='ltr'>ερατ.</span> 
     </span>
    </p>
   </div>
   <div class='ocr_carea' id='block_1_34' title="bbox 1956 918 3462 990">
    <p class='ocr_par' dir='ltr' id='par_1_34' title="bbox 1956 918 3462 990">
     <span class='ocr_line' id='line_1_34' title="bbox 1956 918 3462 990; baseline 0.001 -18"><span class='ocrx_word' id='word_1_227' title='bbox 1956 919 2242 984; x_wconf 83' lang='lat' dir='ltr'><strong>Quodnam</strong></span> <span class='ocrx_word' id='word_1_228' title='bbox 2296 919 2370 973; x_wconf 88' lang='lat' dir='ltr'><strong>sit</strong></span> <span class='ocrx_word' id='word_1_229' title='bbox 2435 918 2762 988; x_wconf 78' lang='lat' dir='ltr'><strong>cognitionis</strong></span> <span class='ocrx_word' id='word_1_230' title='bbox 2818 919 3084 974; x_wconf 90' lang='lat' dir='ltr'><strong>indicium</strong></span> <span class='ocrx_word' id='word_1_231' title='bbox 3157 920 3462 990; x_wconf 79' lang='lat' dir='ltr'><strong>subjungit,</strong></span> 
     </span>
    </p>
   </div>
   <div class='ocr_carea' id='block_1_35' title="bbox 1888 1010 3464 1082">
    <p class='ocr_par' dir='ltr' id='par_1_35' title="bbox 1888 1010 3464 1082">
     <span class='ocr_line' id='line_1_35' title="bbox 1888 1010 3464 1082; baseline 0.002 -19"><span class='ocrx_word' id='word_1_232' title='bbox 1888 1027 2082 1079; x_wconf 84' lang='lat' dir='ltr'><strong>nempe</strong></span> <span class='ocrx_word' id='word_1_233' title='bbox 2117 1025 2316 1065; x_wconf 84' lang='lat' dir='ltr'><strong>nomen</strong></span> <span class='ocrx_word' id='word_1_234' title='bbox 2350 1010 2561 1066; x_wconf 70' lang='lat' dir='ltr'><strong>bestiae.</strong></span> <span class='ocrx_word' id='word_1_235' title='bbox 2603 1012 2806 1080; x_wconf 78' lang='lat' dir='ltr'><strong>Duplex</strong></span> <span class='ocrx_word' id='word_1_236' title='bbox 2851 1023 2935 1067; x_wconf 84' lang='lat' dir='ltr'><strong>est</strong></span> <span class='ocrx_word' id='word_1_237' title='bbox 2967 1023 3150 1067; x_wconf 89' lang='lat' dir='ltr'><strong>autem</strong></span> <span class='ocrx_word' id='word_1_238' title='bbox 3177 1013 3344 1082; x_wconf 87' lang='lat' dir='ltr'><strong>hujus</strong></span> <span class='ocrx_word' id='word_1_239' title='bbox 3377 1014 3464 1066; x_wconf 89' lang='lat' dir='ltr'><strong>in-</strong></span> 
     </span>
    </p>
   </div>
   <div class='ocr_carea' id='block_1_36' title="bbox 1889 1102 3468 1173">
    <p class='ocr_par' dir='ltr' id='par_1_36' title="bbox 1889 1102 3468 1173">
     <span class='ocr_line' id='line_1_36' title="bbox 1889 1102 3468 1173; baseline 0.002 -18"><span class='ocrx_word' id='word_1_240' title='bbox 1889 1103 2157 1165; x_wconf 89' lang='lat' dir='ltr'><strong>tellectus,</strong></span> <span class='ocrx_word' id='word_1_241' title='bbox 2221 1111 2316 1156; x_wconf 90' lang='lat' dir='ltr'><strong>aut</strong></span> <span class='ocrx_word' id='word_1_242' title='bbox 2370 1103 2518 1173; x_wconf 86' lang='lat' dir='ltr'><strong>quod</strong></span> <span class='ocrx_word' id='word_1_243' title='bbox 2571 1102 2841 1156; x_wconf 82' lang='lat' dir='ltr'><strong>inferatur</strong></span> <span class='ocrx_word' id='word_1_244' title='bbox 2877 1103 3053 1171; x_wconf 88' lang='lat' dir='ltr'><strong>ipsum</strong></span> <span class='ocrx_word' id='word_1_245' title='bbox 3106 1121 3327 1169; x_wconf 91' lang='lat' dir='ltr'><strong>nomen,</strong></span> <span class='ocrx_word' id='word_1_246' title='bbox 3371 1116 3468 1159; x_wconf 87' lang='lat' dir='ltr'><strong>aut</strong></span> 
     </span>
    </p>
   </div>
   <div class='ocr_carea' id='block_1_37' title="bbox 1886 1195 3464 1266">
    <p class='ocr_par' dir='ltr' id='par_1_37' title="bbox 1886 1195 3464 1266">
     <span class='ocr_line' id='line_1_37' title="bbox 1886 1195 3464 1266; baseline 0.001 -17"><span class='ocrx_word' id='word_1_247' title='bbox 1886 1197 2031 1266; x_wconf 88' lang='lat' dir='ltr'><strong>quod</strong></span> <span class='ocrx_word' id='word_1_248' title='bbox 2061 1196 2306 1251; x_wconf 84' lang='lat' dir='ltr'><strong>calculus</strong></span> <span class='ocrx_word' id='word_1_249' title='bbox 2338 1197 2456 1250; x_wconf 87' lang='lat' dir='ltr'><strong>sive</strong></span> <span class='ocrx_word' id='word_1_250' title='bbox 2490 1211 2778 1250; x_wconf 86' lang='lat' dir='ltr'><strong>numerus.</strong></span> <span class='ocrx_word' id='word_1_251' title='bbox 2822 1195 2885 1248; x_wconf 89' lang='lat' dir='ltr'><strong>Et</strong></span> <span class='ocrx_word' id='word_1_252' title='bbox 2919 1208 3070 1250; x_wconf 90' lang='lat' dir='ltr'><strong>certe</strong></span> <span class='ocrx_word' id='word_1_253' title='bbox 3109 1213 3274 1266; x_wconf 83' lang='lat' dir='ltr'><strong>opera</strong></span> <span class='ocrx_word' id='word_1_254' title='bbox 3302 1199 3464 1253; x_wconf 85' lang='lat' dir='ltr'><strong>datur</strong></span> 
     </span>
    </p>
   </div>
   <div class='ocr_carea' id='block_1_38' title="bbox 1888 1289 3459 1358">
    <p class='ocr_par' dir='ltr' id='par_1_38' title="bbox 1888 1289 3459 1358">
     <span class='ocr_line' id='line_1_38' title="bbox 1888 1289 3459 1358; baseline 0.004 -20"><span class='ocrx_word' id='word_1_255' title='bbox 1888 1300 1947 1343; x_wconf 89' lang='lat' dir='ltr'><strong>nt</strong></span> <span class='ocrx_word' id='word_1_256' title='bbox 1985 1289 2232 1344; x_wconf 86' lang='lat' dir='ltr'><strong>calculus</strong></span> <span class='ocrx_word' id='word_1_257' title='bbox 2289 1289 2529 1345; x_wconf 86' lang='lat' dir='ltr'><strong>nominis</strong></span> <span class='ocrx_word' id='word_1_258' title='bbox 2592 1289 2780 1342; x_wconf 73' lang='lat' dir='ltr'><strong>bestia:</strong></span> <span class='ocrx_word' id='word_1_259' title='bbox 2848 1289 3053 1358; x_wconf 89' lang='lat' dir='ltr'><strong>uhique</strong></span> <span class='ocrx_word' id='word_1_260' title='bbox 3098 1290 3459 1352; x_wconf 78' lang='lat' dir='ltr'><strong>dittundatur,</strong></span> 
     </span>
    </p>
   </div>
   <div class='ocr_carea' id='block_1_39' title="bbox 1888 1383 3467 1451">
    <p class='ocr_par' dir='ltr' id='par_1_39' title="bbox 1888 1383 3467 1451">
     <span class='ocr_line' id='line_1_39' title="bbox 1888 1383 3467 1451; baseline -0.001 -14"><span class='ocrx_word' id='word_1_261' title='bbox 1888 1394 1998 1437; x_wconf 87' lang='lat' dir='ltr'><strong>tam</strong></span> <span class='ocrx_word' id='word_1_262' title='bbox 2056 1383 2109 1436; x_wconf 94' lang='lat' dir='ltr'><strong>in</strong></span> <span class='ocrx_word' id='word_1_263' title='bbox 2141 1384 2516 1451; x_wconf 87' lang='lat' dir='ltr'><strong>emptionibus</strong></span> <span class='ocrx_word' id='word_1_264' title='bbox 2565 1399 2729 1451; x_wconf 82' lang='lat' dir='ltr'><strong>quam</strong></span> <span class='ocrx_word' id='word_1_265' title='bbox 2781 1384 2834 1437; x_wconf 92' lang='lat' dir='ltr'><strong>in</strong></span> <span class='ocrx_word' id='word_1_266' title='bbox 2881 1385 3284 1438; x_wconf 82' lang='lat' dir='ltr'><strong>venditionibus</strong></span> <span class='ocrx_word' id='word_1_267' title='bbox 3327 1401 3342 1439; x_wconf 87' lang='lat'><strong>:</strong></span> <span class='ocrx_word' id='word_1_268' title='bbox 3406 1396 3467 1436; x_wconf 87' lang='lat' dir='ltr'><strong>ut</strong></span> 
     </span>
    </p>
   </div>
   <div class='ocr_carea' id='block_1_40' title="bbox 1886 1476 3466 1546">
    <p class='ocr_par' dir='ltr' id='par_1_40' title="bbox 1886 1476 3466 1546">
     <span class='ocr_line' id='line_1_40' title="bbox 1886 1476 3466 1546; baseline 0 -16"><span class='ocrx_word' id='word_1_269' title='bbox 1886 1477 1978 1546; x_wconf 89' lang='lat' dir='ltr'><strong>qui</strong></span> <span class='ocrx_word' id='word_1_270' title='bbox 2010 1476 2162 1529; x_wconf 88' lang='lat' dir='ltr'><strong>illum</strong></span> <span class='ocrx_word' id='word_1_271' title='bbox 2187 1491 2290 1529; x_wconf 92' lang='lat' dir='ltr'><strong>non</strong></span> <span class='ocrx_word' id='word_1_272' title='bbox 2325 1476 2534 1539; x_wconf 77' lang='lat' dir='ltr'><strong>aﬂerat,</strong></span> <span class='ocrx_word' id='word_1_273' title='bbox 2585 1477 2658 1530; x_wconf 88' lang='lat' dir='ltr'><strong>ob</strong></span> <span class='ocrx_word' id='word_1_274' title='bbox 2685 1477 2959 1532; x_wconf 80' lang='lat' dir='ltr'><strong>delectum</strong></span> <span class='ocrx_word' id='word_1_275' title='bbox 2993 1493 3175 1531; x_wconf 88' lang='lat' dir='ltr'><strong>rcrmn</strong></span> <span class='ocrx_word' id='word_1_276' title='bbox 3211 1494 3466 1533; x_wconf 86' lang='lat' dir='ltr'><strong>necessa—</strong></span> 
     </span>
    </p>
   </div>
   <div class='ocr_carea' id='block_1_41' title="bbox 1888 1570 3462 1641">
    <p class='ocr_par' dir='ltr' id='par_1_41' title="bbox 1888 1570 3462 1641">
     <span class='ocr_line' id='line_1_41' title="bbox 1888 1570 3462 1641; baseline 0.001 -18"><span class='ocrx_word' id='word_1_277' title='bbox 1888 1572 2094 1624; x_wconf 84' lang='lat' dir='ltr'><strong>riarum</strong></span> <span class='ocrx_word' id='word_1_278' title='bbox 2125 1571 2412 1624; x_wconf 88' lang='lat' dir='ltr'><strong>moriatur.</strong></span> <span class='ocrx_word' id='word_1_279' title='bbox 2445 1570 2617 1625; x_wconf 86' lang='lat' dir='ltr'><strong>Porro</strong></span> <span class='ocrx_word' id='word_1_280' title='bbox 2654 1573 2798 1641; x_wconf 85' lang='lat' dir='ltr'><strong>quod</strong></span> <span class='ocrx_word' id='word_1_281' title='bbox 2836 1588 3037 1626; x_wconf 88' lang='lat' dir='ltr'><strong>nomen</strong></span> <span class='ocrx_word' id='word_1_282' title='bbox 3070 1573 3142 1626; x_wconf 87' lang='lat' dir='ltr'><strong>sit</strong></span> <span class='ocrx_word' id='word_1_283' title='bbox 3196 1587 3462 1626; x_wconf 87' lang='lat' dir='ltr'><strong>numerus</strong></span> 
     </span>
    </p>
   </div>
   <div class='ocr_carea' id='block_1_42' title="bbox 1890 1661 3467 1724">
    <p class='ocr_par' dir='ltr' id='par_1_42' title="bbox 1890 1661 3467 1724">
     <span class='ocr_line' id='line_1_42' title="bbox 1890 1661 3467 1724; baseline 0.003 -11"><span class='ocrx_word' id='word_1_284' title='bbox 1890 1661 2146 1724; x_wconf 86' lang='lat' dir='ltr'><strong>hominis,</strong></span> <span class='ocrx_word' id='word_1_285' title='bbox 2186 1663 2290 1715; x_wconf 92' lang='lat' dir='ltr'><strong>hoc</strong></span> <span class='ocrx_word' id='word_1_286' title='bbox 2334 1672 2420 1715; x_wconf 93' lang='lat' dir='ltr'><strong>est</strong></span> <span class='ocrx_word' id='word_1_287' title='bbox 2467 1663 2738 1717; x_wconf 78' lang='lat' dir='ltr'><strong>familiare</strong></span> <span class='ocrx_word' id='word_1_288' title='bbox 2773 1675 2826 1717; x_wconf 83' lang='lat' dir='ltr'><strong>et</strong></span> <span class='ocrx_word' id='word_1_289' title='bbox 2884 1681 2989 1719; x_wconf 81' lang='lat' dir='ltr'><strong>non</strong></span> <span class='ocrx_word' id='word_1_290' title='bbox 3041 1667 3318 1719; x_wconf 73' lang='lat' dir='ltr'><strong>insuetum</strong></span> <span class='ocrx_word' id='word_1_291' title='bbox 3367 1682 3467 1718; x_wconf 84' lang='lat' dir='ltr'><strong>nec</strong></span> 
     </span>
    </p>
   </div>
   <div class='ocr_carea' id='block_1_43' title="bbox 1886 1753 3464 1822">
    <p class='ocr_par' dir='ltr' id='par_1_43' title="bbox 1886 1753 3464 1822">
     <span class='ocr_line' id='line_1_43' title="bbox 1886 1753 3464 1822; baseline 0.003 -17"><span class='ocrx_word' id='word_1_292' title='bbox 1886 1753 2222 1806; x_wconf 79' lang='lat' dir='ltr'><strong>occultatum</strong></span> <span class='ocrx_word' id='word_1_293' title='bbox 2281 1769 2344 1806; x_wconf 86' lang='lat' dir='ltr'><strong>ac</strong></span> <span class='ocrx_word' id='word_1_294' title='bbox 2391 1755 2662 1822; x_wconf 82' lang='lat' dir='ltr'><strong>duplicem</strong></span> <span class='ocrx_word' id='word_1_295' title='bbox 2713 1756 2921 1810; x_wconf 82' lang='lat' dir='ltr'><strong>habens</strong></span> <span class='ocrx_word' id='word_1_296' title='bbox 2975 1758 3335 1821; x_wconf 80' lang='lat' dir='ltr'><strong>intellectum,</strong></span> <span class='ocrx_word' id='word_1_297' title='bbox 3371 1759 3464 1810; x_wconf 85' lang='lat' dir='ltr'><strong>sed</strong></span> 
     </span>
    </p>
   </div>
   <div class='ocr_carea' id='block_1_44' title="bbox 1888 1847 3467 1919">
    <p class='ocr_par' dir='ltr' id='par_1_44' title="bbox 1888 1847 3467 1919">
     <span class='ocr_line' id='line_1_44' title="bbox 1888 1847 3467 1919; baseline 0.001 -20"><span class='ocrx_word' id='word_1_298' title='bbox 1888 1853 2190 1900; x_wconf 88' lang='lat' dir='ltr'><strong>consuetus</strong></span> <span class='ocrx_word' id='word_1_299' title='bbox 2219 1847 2458 1902; x_wconf 87' lang='lat' dir='ltr'><strong>calculus</strong></span> <span class='ocrx_word' id='word_1_300' title='bbox 2497 1859 2550 1902; x_wconf 92' lang='lat' dir='ltr'><strong>et</strong></span> <span class='ocrx_word' id='word_1_301' title='bbox 2582 1849 2725 1902; x_wconf 87' lang='lat' dir='ltr'><strong>inter</strong></span> <span class='ocrx_word' id='word_1_302' title='bbox 2768 1849 3022 1903; x_wconf 84' lang='lat' dir='ltr'><strong>homines</strong></span> <span class='ocrx_word' id='word_1_303' title='bbox 3046 1852 3316 1919; x_wconf 76' lang='lat' dir='ltr'><strong>cognitus.</strong></span> <span class='ocrx_word' id='word_1_304' title='bbox 3353 1850 3467 1902; x_wconf 75' lang='lat' dir='ltr'><strong>Nu—</strong></span> 
     </span>
    </p>
   </div>
   <div class='ocr_carea' id='block_1_45' title="bbox 1817 1917 3466 2010">
    <p class='ocr_par' dir='ltr' id='par_1_45' title="bbox 1817 1917 3466 2010">
     <span class='ocr_line' id='line_1_45' title="bbox 1817 1917 3466 2010; baseline 0.002 -20"><span class='ocrx_word' id='word_1_305' title='bbox 1817 1917 1855 1972; x_wconf 70' lang='grc' dir='ltr'><strong>Β</strong></span> <span class='ocrx_word' id='word_1_306' title='bbox 1887 1951 2074 1990; x_wconf 89' lang='lat' dir='ltr'><strong>merus</strong></span> <span class='ocrx_word' id='word_1_307' title='bbox 2104 1946 2285 1991; x_wconf 82' lang='lat' dir='ltr'><strong>autem</strong></span> <span class='ocrx_word' id='word_1_308' title='bbox 2312 1937 2508 1991; x_wconf 83' lang='lat' dir='ltr'><strong>calculi</strong></span> <span class='ocrx_word' id='word_1_309' title='bbox 2544 1940 2785 1993; x_wconf 85' lang='lat' dir='ltr'><strong>nominis</strong></span> <span class='ocrx_word' id='word_1_310' title='bbox 2814 1951 2896 1994; x_wconf 89' lang='lat' dir='ltr'><strong>est</strong></span> <span class='ocrx_word' id='word_1_311' title='bbox 2922 1952 3176 1995; x_wconf 81' lang='lat' dir='ltr'><strong>sexcenta</strong></span> <span class='ocrx_word' id='word_1_312' title='bbox 3209 1942 3466 2010; x_wconf 79' lang='lat' dir='ltr'><strong>sexagin—</strong></span> 
     </span>
    </p>
   </div>
   <div class='ocr_carea' id='block_1_46' title="bbox 1891 2026 3462 2098">
    <p class='ocr_par' dir='ltr' id='par_1_46' title="bbox 1891 2026 3462 2098">
     <span class='ocr_line' id='line_1_46' title="bbox 1891 2026 3462 2098; baseline 0.004 -19"><span class='ocrx_word' id='word_1_313' title='bbox 1891 2036 1944 2079; x_wconf 86' lang='lat' dir='ltr'><strong>ta</strong></span> <span class='ocrx_word' id='word_1_314' title='bbox 1992 2041 2106 2079; x_wconf 86' lang='lat' dir='ltr'><strong>sex.</strong></span> <span class='ocrx_word' id='word_1_315' title='bbox 2141 2026 2420 2096; x_wconf 77' lang='lat' dir='ltr'><strong>Siquidem</strong></span> <span class='ocrx_word' id='word_1_316' title='bbox 2464 2043 2572 2081; x_wconf 93' lang='lat' dir='ltr'><strong>non</strong></span> <span class='ocrx_word' id='word_1_317' title='bbox 2602 2030 2858 2097; x_wconf 80' lang='lat' dir='ltr'><strong>produxit</strong></span> <span class='ocrx_word' id='word_1_318' title='bbox 2891 2041 3076 2098; x_wconf 79' lang='lat' dir='ltr'><strong>aperte</strong></span> <span class='ocrx_word' id='word_1_319' title='bbox 3120 2032 3172 2083; x_wconf 90' lang='lat' dir='ltr'><strong>in</strong></span> <span class='ocrx_word' id='word_1_320' title='bbox 3221 2033 3462 2085; x_wconf 87' lang='lat' dir='ltr'><strong>medium</strong></span> 
     </span>
    </p>
   </div>
   <div class='ocr_carea' id='block_1_47' title="bbox 1892 2117 3464 2192">
    <p class='ocr_par' dir='ltr' id='par_1_47' title="bbox 1892 2117 3464 2192">
     <span class='ocr_line' id='line_1_47' title="bbox 1892 2117 3464 2192; baseline 0.004 -22"><span class='ocrx_word' id='word_1_321' title='bbox 1892 2117 2070 2185; x_wconf 90' lang='lat' dir='ltr'><strong>ipsum</strong></span> <span class='ocrx_word' id='word_1_322' title='bbox 2107 2132 2332 2180; x_wconf 89' lang='lat' dir='ltr'><strong>nomen,</strong></span> <span class='ocrx_word' id='word_1_323' title='bbox 2362 2133 2429 2171; x_wconf 90' lang='lat' dir='ltr'><strong>co</strong></span> <span class='ocrx_word' id='word_1_324' title='bbox 2458 2119 2602 2187; x_wconf 88' lang='lat' dir='ltr'><strong>quod</strong></span> <span class='ocrx_word' id='word_1_325' title='bbox 2634 2135 2700 2174; x_wconf 91' lang='lat' dir='ltr'><strong>ne</strong></span> <span class='ocrx_word' id='word_1_326' title='bbox 2729 2132 3030 2175; x_wconf 80' lang='lat' dir='ltr'><strong>mereretur</strong></span> <span class='ocrx_word' id='word_1_327' title='bbox 3059 2122 3278 2192; x_wconf 89' lang='lat' dir='ltr'><strong>quidem</strong></span> <span class='ocrx_word' id='word_1_328' title='bbox 3323 2124 3464 2178; x_wconf 88' lang='lat' dir='ltr'><strong>libro</strong></span> 
     </span>
    </p>
   </div>
   <div class='ocr_carea' id='block_1_48' title="bbox 1891 2209 3464 2282">
    <p class='ocr_par' dir='ltr' id='par_1_48' title="bbox 1891 2209 3464 2282">
     <span class='ocr_line' id='line_1_48' title="bbox 1891 2209 3464 2282; baseline 0.006 -20"><span class='ocrx_word' id='word_1_329' title='bbox 1891 2209 2138 2263; x_wconf 87' lang='lat' dir='ltr'><strong>inscribi.</strong></span> <span class='ocrx_word' id='word_1_330' title='bbox 2172 2209 2306 2266; x_wconf 89' lang='lat' dir='ltr'><strong>Ideo</strong></span> <span class='ocrx_word' id='word_1_331' title='bbox 2360 2227 2468 2266; x_wconf 91' lang='lat' dir='ltr'><strong>non</strong></span> <span class='ocrx_word' id='word_1_332' title='bbox 2520 2213 2963 2282; x_wconf 75' lang='lat' dir='ltr'><strong>intempestivum</strong></span> <span class='ocrx_word' id='word_1_333' title='bbox 3014 2213 3182 2269; x_wconf 77' lang='lat' dir='ltr'><strong>fuerit</strong></span> <span class='ocrx_word' id='word_1_334' title='bbox 3211 2217 3464 2272; x_wconf 86' lang='lat' dir='ltr'><strong>exercitii</strong></span> 
     </span>
    </p>
   </div>
   <div class='ocr_carea' id='block_1_49' title="bbox 1893 2301 3468 2377">
    <p class='ocr_par' dir='ltr' id='par_1_49' title="bbox 1893 2301 3468 2377">
     <span class='ocr_line' id='line_1_49' title="bbox 1893 2301 3468 2377; baseline 0.003 -24"><span class='ocrx_word' id='word_1_335' title='bbox 1893 2301 2066 2370; x_wconf 78' lang='lat' dir='ltr'><strong>gratia</strong></span> <span class='ocrx_word' id='word_1_336' title='bbox 2100 2303 2205 2357; x_wconf 90' lang='lat' dir='ltr'><strong>huc</strong></span> <span class='ocrx_word' id='word_1_337' title='bbox 2240 2306 2501 2357; x_wconf 77' lang='lat' dir='ltr'><strong>reducere</strong></span> <span class='ocrx_word' id='word_1_338' title='bbox 2534 2306 2758 2358; x_wconf 85' lang='lat' dir='ltr'><strong>nomina</strong></span> <span class='ocrx_word' id='word_1_339' title='bbox 2789 2316 2895 2360; x_wconf 86' lang='lat' dir='ltr'><strong>tam</strong></span> <span class='ocrx_word' id='word_1_340' title='bbox 2923 2308 3142 2376; x_wconf 85' lang='lat' dir='ltr'><strong>propria</strong></span> <span class='ocrx_word' id='word_1_341' title='bbox 3174 2323 3340 2377; x_wconf 85' lang='lat' dir='ltr'><strong>quam</strong></span> <span class='ocrx_word' id='word_1_342' title='bbox 3372 2325 3468 2376; x_wconf 81' lang='lat' dir='ltr'><strong>ap-</strong></span> 
     </span>
    </p>
   </div>
   <div class='ocr_carea' id='block_1_50' title="bbox 1893 2394 3466 2471">
    <p class='ocr_par' dir='ltr' id='par_1_50' title="bbox 1893 2394 3466 2471">
     <span class='ocr_line' id='line_1_50' title="bbox 1893 2394 3466 2471; baseline 0.005 -25"><span class='ocrx_word' id='word_1_343' title='bbox 1893 2394 2143 2462; x_wconf 88' lang='lat' dir='ltr'><strong>pellativa</strong></span> <span class='ocrx_word' id='word_1_344' title='bbox 2204 2411 2325 2464; x_wconf 83' lang='lat' dir='ltr'><strong>qua:</strong></span> <span class='ocrx_word' id='word_1_345' title='bbox 2351 2411 2638 2450; x_wconf 91' lang='lat' dir='ltr'><strong>numerum</strong></span> <span class='ocrx_word' id='word_1_346' title='bbox 2681 2397 2822 2452; x_wconf 92' lang='lat' dir='ltr'><strong>hunc</strong></span> <span class='ocrx_word' id='word_1_347' title='bbox 2870 2399 3184 2453; x_wconf 82' lang='lat' dir='ltr'><strong>conﬁciant.</strong></span> <span class='ocrx_word' id='word_1_348' title='bbox 3237 2398 3466 2471; x_wconf 85' lang='lat' dir='ltr'><strong>Pr0pria</strong></span> 
     </span>
    </p>
   </div>
   <div class='ocr_carea' id='block_1_51' title="bbox 1889 2485 3467 2561">
    <p class='ocr_par' dir='ltr' id='par_1_51' title="bbox 1889 2485 3467 2561">
     <span class='ocr_line' id='line_1_51' title="bbox 1889 2485 3467 2561; baseline 0.004 -23"><span class='ocrx_word' id='word_1_349' title='bbox 1889 2485 2108 2555; x_wconf 86' lang='lat' dir='ltr'><strong>quidem</strong></span> <span class='ocrx_word' id='word_1_350' title='bbox 2143 2486 2524 2556; x_wconf 83' lang='grc' dir='ltr'>υιΛαμπέτις,</span> <span class='ocrx_word' id='word_1_351' title='bbox 2549 2488 2746 2542; x_wconf 83' lang='grc' dir='ltr'>Τειτᾶν</span> <span class='ocrx_word' id='word_1_352' title='bbox 2771 2506 2785 2542; x_wconf 89' lang='lat'><strong>:</strong></span> <span class='ocrx_word' id='word_1_353' title='bbox 2809 2497 2863 2543; x_wconf 89' lang='lat' dir='ltr'><strong>et</strong></span> <span class='ocrx_word' id='word_1_354' title='bbox 2894 2504 2924 2543; x_wconf 87' lang='lat' dir='ltr'><strong>a</strong></span> <span class='ocrx_word' id='word_1_355' title='bbox 2963 2489 3146 2543; x_wconf 79' lang='lat' dir='ltr'><strong>futuro</strong></span> <span class='ocrx_word' id='word_1_356' title='bbox 3175 2489 3313 2543; x_wconf 80' lang='grc' dir='ltr'>τενῶ</span> <span class='ocrx_word' id='word_1_357' title='bbox 3337 2491 3467 2561; x_wconf 80' lang='lat' dir='ltr'><strong>(sie-</strong></span> 
     </span>
    </p>
   </div>
   <div class='ocr_carea' id='block_1_52' title="bbox 1890 2581 3471 2654">
    <p class='ocr_par' dir='ltr' id='par_1_52' title="bbox 1890 2581 3471 2654">
     <span class='ocr_line' id='line_1_52' title="bbox 1890 2581 3471 2654; baseline 0.003 -21"><span class='ocrx_word' id='word_1_358' title='bbox 1890 2589 1949 2634; x_wconf 85' lang='lat' dir='ltr'><strong>ut</strong></span> <span class='ocrx_word' id='word_1_359' title='bbox 1992 2582 2154 2634; x_wconf 79' lang='lat' dir='ltr'><strong>etiam</strong></span> <span class='ocrx_word' id='word_1_360' title='bbox 2185 2595 2213 2633; x_wconf 86' lang='lat' dir='ltr'><strong>a</strong></span> <span class='ocrx_word' id='word_1_361' title='bbox 2252 2581 2720 2652; x_wconf 73' lang='grc' dir='ltr'>σπερῶςισπὸρος)</span> <span class='ocrx_word' id='word_1_362' title='bbox 2757 2583 3010 2645; x_wconf 87' lang='grc' dir='ltr'>Λατεῖνος</span> <span class='ocrx_word' id='word_1_363' title='bbox 3060 2584 3312 2638; x_wconf 85' lang='lat' dir='ltr'><strong>similiter</strong></span> <span class='ocrx_word' id='word_1_364' title='bbox 3370 2597 3471 2654; x_wconf 87' lang='lat' dir='ltr'><strong>per</strong></span> 
     </span>
    </p>
   </div>
   <div class='ocr_carea' id='block_1_53' title="bbox 1886 2674 3467 2750">
    <p class='ocr_par' dir='ltr' id='par_1_53' title="bbox 1886 2674 3467 2750">
     <span class='ocr_line' id='line_1_53' title="bbox 1886 2674 3467 2750; baseline 0.004 -22"><span class='ocrx_word' id='word_1_365' title='bbox 1886 2674 2308 2745; x_wconf 77' lang='lat' dir='ltr'><strong>diphthongum.</strong></span> <span class='ocrx_word' id='word_1_366' title='bbox 2364 2676 2701 2745; x_wconf 83' lang='lat' dir='ltr'><strong>Appellativa</strong></span> <span class='ocrx_word' id='word_1_367' title='bbox 2774 2693 2904 2732; x_wconf 82' lang='lat' dir='ltr'><strong>vero</strong></span> <span class='ocrx_word' id='word_1_368' title='bbox 2934 2683 2962 2732; x_wconf 83' lang='grc' dir='ltr'>ὁ</span> <span class='ocrx_word' id='word_1_369' title='bbox 2990 2679 3250 2750; x_wconf 74' lang='grc' dir='ltr'>Νικητὸς,</span> <span class='ocrx_word' id='word_1_370' title='bbox 3291 2680 3467 2744; x_wconf 84' lang='lat' dir='ltr'><strong>idest,</strong></span> 
     </span>
    </p>
   </div>
   <div class='ocr_carea' id='block_1_54' title="bbox 1889 2769 3470 2845">
    <p class='ocr_par' dir='ltr' id='par_1_54' title="bbox 1889 2769 3470 2845">
     <span class='ocr_line' id='line_1_54' title="bbox 1889 2769 3470 2845; baseline 0.004 -22"><span class='ocrx_word' id='word_1_371' title='bbox 1889 2769 2064 2823; x_wconf 78' lang='lat' dir='ltr'><strong>victor</strong></span> <span class='ocrx_word' id='word_1_372' title='bbox 2107 2771 2407 2826; x_wconf 83' lang='lat' dir='ltr'><strong>:fnrtassis</strong></span> <span class='ocrx_word' id='word_1_373' title='bbox 2461 2772 2608 2825; x_wconf 89' lang='lat' dir='ltr'><strong>enim</strong></span> <span class='ocrx_word' id='word_1_374' title='bbox 2666 2773 2738 2826; x_wconf 85' lang='lat' dir='ltr'><strong>ita</strong></span> <span class='ocrx_word' id='word_1_375' title='bbox 2770 2773 3008 2843; x_wconf 76' lang='lat' dir='ltr'><strong>scipsum</strong></span> <span class='ocrx_word' id='word_1_376' title='bbox 3043 2775 3360 2845; x_wconf 70' lang='lat' dir='ltr'><strong>appellabit,</strong></span> <span class='ocrx_word' id='word_1_377' title='bbox 3412 2784 3470 2829; x_wconf 80' lang='lat' dir='ltr'><strong>cl.</strong></span> 
     </span>
    </p>
   </div>
   <div class='ocr_carea' id='block_1_55' title="bbox 1887 2861 3467 2936">
    <p class='ocr_par' dir='ltr' id='par_1_55' title="bbox 1887 2861 3467 2936">
     <span class='ocr_line' id='line_1_55' title="bbox 1887 2861 3467 2936; baseline 0.001 -22"><span class='ocrx_word' id='word_1_378' title='bbox 1887 2863 2056 2924; x_wconf 71' lang='grc' dir='ltr'>κακδς</span> <span class='ocrx_word' id='word_1_379' title='bbox 2088 2861 2305 2933; x_wconf 72' lang='grc' dir='ltr'>ὁδηγὺς,</span> <span class='ocrx_word' id='word_1_380' title='bbox 2337 2863 2387 2916; x_wconf 95' lang='lat' dir='ltr'><strong>id</strong></span> <span class='ocrx_word' id='word_1_381' title='bbox 2414 2873 2521 2928; x_wconf 90' lang='lat' dir='ltr'><strong>est,</strong></span> <span class='ocrx_word' id='word_1_382' title='bbox 2546 2879 2750 2933; x_wconf 75' lang='lat' dir='ltr'><strong>pravus</strong></span> <span class='ocrx_word' id='word_1_383' title='bbox 2767 2865 3011 2936; x_wconf 42' lang='lat' dir='ltr'><strong>duxhvel</strong></span> <span class='ocrx_word' id='word_1_384' title='bbox 3037 2865 3243 2936; x_wconf 73' lang='grc' dir='ltr'>ἀληθὴς</span> <span class='ocrx_word' id='word_1_385' title='bbox 3269 2865 3467 2936; x_wconf 74' lang='grc' dir='ltr'>βλαϐε-</span> 
     </span>
    </p>
   </div>
   <div class='ocr_carea' id='block_1_56' title="bbox 207 2921 1888 3027">
    <p class='ocr_par' dir='ltr' id='par_1_56' title="bbox 207 2947 1888 3023">
     <span class='ocr_line' id='line_1_56' title="bbox 207 2947 1888 3023; baseline 0.006 -25"><span class='ocrx_word' id='word_1_386' title='bbox 207 2948 321 3014; x_wconf 80' lang='grc' dir='ltr'>ρδς,</span> <span class='ocrx_word' id='word_1_387' title='bbox 364 2947 414 3001; x_wconf 89' lang='lat' dir='ltr'><strong>id</strong></span> <span class='ocrx_word' id='word_1_388' title='bbox 448 2961 555 3012; x_wconf 91' lang='lat' dir='ltr'><strong>est,</strong></span> <span class='ocrx_word' id='word_1_389' title='bbox 591 2966 718 3003; x_wconf 89' lang='lat' dir='ltr'><strong>vere</strong></span> <span class='ocrx_word' id='word_1_390' title='bbox 749 2968 973 3014; x_wconf 88' lang='lat' dir='ltr'><strong>nocens,</strong></span> <span class='ocrx_word' id='word_1_391' title='bbox 1003 2952 1085 3005; x_wconf 78' lang='lat' dir='ltr'><strong>vel</strong></span> <span class='ocrx_word' id='word_1_392' title='bbox 1126 2952 1295 3005; x_wconf 80' lang='grc' dir='ltr'>πάλαι</span> <span class='ocrx_word' id='word_1_393' title='bbox 1329 2953 1619 3021; x_wconf 84' lang='grc' dir='ltr'>βάσκανος,</span> <span class='ocrx_word' id='word_1_394' title='bbox 1651 2953 1701 3006; x_wconf 93' lang='lat' dir='ltr'><strong>id</strong></span> <span class='ocrx_word' id='word_1_395' title='bbox 1738 2962 1843 3018; x_wconf 74' lang='lat' dir='ltr'><strong>est,</strong></span> <span class='ocrx_word' id='word_1_396' title='bbox 1874 2955 1888 3023; x_wconf 87' lang='lat' dir='ltr'>j</span> 
     </span>
    </p>
   </div>
   <div class='ocr_carea' id='block_1_57' title="bbox 1786 2921 3467 3027">
    <p class='ocr_par' dir='ltr' id='par_1_57' title="bbox 1786 2921 3467 3027">
     <span class='ocr_line' id='line_1_57' title="bbox 1786 2921 3467 3027; baseline 0.001 -19"><span class='ocrx_word' id='word_1_397' title='bbox 1786 2962 1843 3018; x_wconf 76' lang='lat' dir='ltr'><strong>il,</strong></span> <span class='ocrx_word' id='word_1_398' title='bbox 1874 2955 1986 3023; x_wconf 89' lang='lat' dir='ltr'><strong>jam</strong></span> <span class='ocrx_word' id='word_1_399' title='bbox 2036 2921 2446 3020; x_wconf 47' lang='lat' dir='ltr'><strong>olim-invidus,</strong></span> <span class='ocrx_word' id='word_1_400' title='bbox 2498 2921 2593 3010; x_wconf 70' lang='lat' dir='ltr'><strong>aut</strong></span> <span class='ocrx_word' id='word_1_401' title='bbox 2642 2957 2813 3027; x_wconf 79' lang='grc' dir='ltr'>ἀμνὸς</span> <span class='ocrx_word' id='word_1_402' title='bbox 2846 2921 3053 3024; x_wconf 46' lang='lat' dir='ltr'><strong>aliine;</strong></span> <span class='ocrx_word' id='word_1_403' title='bbox 3083 2921 3138 3012; x_wconf 78' lang='lat' dir='ltr'><strong>id</strong></span> <span class='ocrx_word' id='word_1_404' title='bbox 3159 2921 3467 3027; x_wconf 48' lang='lat' dir='ltr'><strong>esi,.agnns</strong></span> 
     </span>
    </p>
   </div>
   <div class='ocr_carea' id='block_1_58' title="bbox 204 3047 3467 3124">
    <p class='ocr_par' dir='ltr' id='par_1_58' title="bbox 204 3047 3467 3124">
     <span class='ocr_line' id='line_1_58' title="bbox 204 3047 3467 3124; baseline 0.003 -28"><span class='ocrx_word' id='word_1_405' title='bbox 204 3060 410 3099; x_wconf 84' lang='lat' dir='ltr'><strong>noeens</strong></span> <span class='ocrx_word' id='word_1_406' title='bbox 448 3064 461 3099; x_wconf 89' lang='lat'>:</span> <span class='ocrx_word' id='word_1_407' title='bbox 503 3047 702 3115; x_wconf 82' lang='lat' dir='ltr'><strong>quibus</strong></span> <span class='ocrx_word' id='word_1_408' title='bbox 729 3064 795 3102; x_wconf 75' lang='lat' dir='ltr'><strong>ex</strong></span> <span class='ocrx_word' id='word_1_409' title='bbox 852 3050 919 3102; x_wconf 80' lang='lat' dir='ltr'><strong>iis</strong></span> <span class='ocrx_word' id='word_1_410' title='bbox 949 3065 1071 3118; x_wconf 74' lang='lat' dir='ltr'><strong>qua:</strong></span> <span class='ocrx_word' id='word_1_411' title='bbox 1094 3050 1199 3104; x_wconf 80' lang='lat' dir='ltr'><strong>sibi</strong></span> <span class='ocrx_word' id='word_1_412' title='bbox 1244 3051 1521 3104; x_wconf 78' lang='lat' dir='ltr'><strong>contraria</strong></span> <span class='ocrx_word' id='word_1_413' title='bbox 1583 3061 1713 3105; x_wconf 88' lang='lat' dir='ltr'><strong>sunt</strong></span> <span class='ocrx_word' id='word_1_414' title='bbox 1769 3052 2272 3121; x_wconf 77' lang='lat' dir='ltr'><strong>cognominabitur,</strong></span> <span class='ocrx_word' id='word_1_415' title='bbox 2339 3068 2494 3107; x_wconf 85' lang='lat' dir='ltr'><strong>suam</strong></span> <span class='ocrx_word' id='word_1_416' title='bbox 2543 3054 2772 3123; x_wconf 74' lang='lat' dir='ltr'><strong>gloriam</strong></span> <span class='ocrx_word' id='word_1_417' title='bbox 2816 3068 2911 3124; x_wconf 87' lang='lat' dir='ltr'><strong>per</strong></span> <span class='ocrx_word' id='word_1_418' title='bbox 2942 3070 3006 3108; x_wconf 88' lang='lat' dir='ltr'><strong>ea</strong></span> <span class='ocrx_word' id='word_1_419' title='bbox 3069 3069 3190 3124; x_wconf 78' lang='lat' dir='ltr'><strong>qua:</strong></span> <span class='ocrx_word' id='word_1_420' title='bbox 3240 3052 3467 3109; x_wconf 71' lang='lat' dir='ltr'><strong>infamia</strong></span> 
     </span>
    </p>
   </div>
   <div class='ocr_carea' id='block_1_59' title="bbox 197 3138 641 3208">
    <p class='ocr_par' dir='ltr' id='par_1_59' title="bbox 197 3138 641 3208">
     <span class='ocr_line' id='line_1_59' title="bbox 197 3138 641 3208; baseline 0.009 -19"><span class='ocrx_word' id='word_1_421' title='bbox 197 3145 330 3189; x_wconf 88' lang='lat' dir='ltr'><strong>sunt</strong></span> <span class='ocrx_word' id='word_1_422' title='bbox 361 3138 641 3208; x_wconf 82' lang='lat' dir='ltr'><strong>colligens.</strong></span> 
     </span>
    </p>
   </div>
   <div class='ocr_carea' id='block_1_60' title="bbox 285 3229 1966 3306">
    <p class='ocr_par' dir='ltr' id='par_1_60' title="bbox 285 3230 1966 3306">
     <span class='ocr_line' id='line_1_60' title="bbox 285 3230 1966 3306; baseline 0.002 -24"><span class='ocrx_word' id='word_1_423' title='bbox 285 3230 386 3283; x_wconf 78' lang='grc' dir='ltr'>Ἐκ</span> <span class='ocrx_word' id='word_1_424' title='bbox 415 3230 534 3282; x_wconf 81' lang='grc' dir='ltr'>τῶν</span> <span class='ocrx_word' id='word_1_425' title='bbox 561 3232 665 3286; x_wconf 87' lang='grc' dir='ltr'>τοῦ</span> <span class='ocrx_word' id='word_1_426' title='bbox 707 3233 999 3302; x_wconf 77' lang='grc' dir='ltr'><strong>Ἀνδρέου.</strong></span> <span class='ocrx_word' id='word_1_427' title='bbox 1054 3234 1162 3304; x_wconf 80' lang='grc' dir='ltr'>Τὴν</span> <span class='ocrx_word' id='word_1_428' title='bbox 1214 3236 1313 3304; x_wconf 84' lang='grc' dir='ltr'>μὲν</span> <span class='ocrx_word' id='word_1_429' title='bbox 1355 3236 1645 3306; x_wconf 75' lang='grc' dir='ltr'>ἀκρίϐειαν</span> <span class='ocrx_word' id='word_1_430' title='bbox 1683 3236 1780 3304; x_wconf 76' lang='grc' dir='ltr'>τῆς</span> <span class='ocrx_word' id='word_1_431' title='bbox 1809 3246 1852 3304; x_wconf 79' lang='lat' dir='ltr'><strong>c</strong></span> <span class='ocrx_word' id='word_1_432' title='bbox 1957 3265 1966 3285; x_wconf 79' lang='grc' dir='ltr'>ι</span> 
     </span>
    </p>
   </div>
   <div class='ocr_carea' id='block_1_61' title="bbox 1779 3229 3460 3306">
    <p class='ocr_par' dir='ltr' id='par_1_61' title="bbox 1779 3229 3460 3304">
     <span class='ocr_line' id='line_1_61' title="bbox 1779 3229 3460 3304; baseline 0.004 -20"><span class='ocrx_word' id='word_1_433' title='bbox 1779 3257 1780 3261; x_wconf 57' lang='grc' dir='ltr'><strong>η</strong></span> <span class='ocrx_word' id='word_1_434' title='bbox 1809 3246 1852 3304; x_wconf 66' lang='grc' dir='ltr'>(ς</span> <span class='ocrx_word' id='word_1_435' title='bbox 1957 3231 2042 3285; x_wconf 81' lang='lat' dir='ltr'><strong>Ea:</strong></span> <span class='ocrx_word' id='word_1_436' title='bbox 2066 3231 2302 3285; x_wconf 77' lang='lat' dir='ltr'><strong>Andrea.</strong></span> <span class='ocrx_word' id='word_1_437' title='bbox 2338 3229 2596 3285; x_wconf 85' lang='lat' dir='ltr'><strong>Exactam</strong></span> <span class='ocrx_word' id='word_1_438' title='bbox 2629 3231 2846 3286; x_wconf 86' lang='lat' dir='ltr'><strong>numeri</strong></span> <span class='ocrx_word' id='word_1_439' title='bbox 2893 3231 3164 3296; x_wconf 84' lang='lat' dir='ltr'><strong>notitiam,</strong></span> <span class='ocrx_word' id='word_1_440' title='bbox 3196 3237 3460 3304; x_wconf 85' lang='lat' dir='ltr'><strong>quemad-</strong></span> 
     </span>
    </p>
   </div>
   <div class='ocr_carea' id='block_1_62' title="bbox 196 3323 1784 3400">
    <p class='ocr_par' dir='ltr' id='par_1_62' title="bbox 196 3323 1784 3400">
     <span class='ocr_line' id='line_1_62' title="bbox 196 3323 1784 3400; baseline 0.006 -27"><span class='ocrx_word' id='word_1_441' title='bbox 196 3323 405 3390; x_wconf 69' lang='grc' dir='ltr'>ψήφου,</span> <span class='ocrx_word' id='word_1_442' title='bbox 435 3325 509 3387; x_wconf 84' lang='grc' dir='ltr'>ὡς</span> <span class='ocrx_word' id='word_1_443' title='bbox 550 3327 643 3378; x_wconf 75' lang='grc' dir='ltr'><strong>καὶ</strong></span> <span class='ocrx_word' id='word_1_444' title='bbox 665 3328 731 3379; x_wconf 73' lang='grc' dir='ltr'>τὰ</span> <span class='ocrx_word' id='word_1_445' title='bbox 762 3328 925 3380; x_wconf 73' lang='grc' dir='ltr'>λοιπὰ</span> <span class='ocrx_word' id='word_1_446' title='bbox 958 3329 1084 3398; x_wconf 76' lang='grc' dir='ltr'>περὶ</span> <span class='ocrx_word' id='word_1_447' title='bbox 1111 3329 1280 3381; x_wconf 79' lang='grc' dir='ltr'>αὑτοῦ</span> <span class='ocrx_word' id='word_1_448' title='bbox 1327 3331 1718 3400; x_wconf 85' lang='grc' dir='ltr'>γεγραμμένα,</span> <span class='ocrx_word' id='word_1_449' title='bbox 1756 3331 1784 3382; x_wconf 80' lang='grc' dir='ltr'><strong>ό</strong></span> 
     </span>
    </p>
   </div>
   <div class='ocr_carea' id='block_1_63' title="bbox 200 3415 1783 3491">
    <p class='ocr_par' dir='ltr' id='par_1_63' title="bbox 200 3415 1783 3491">
     <span class='ocr_line' id='line_1_63' title="bbox 200 3415 1783 3491; baseline 0.004 -25"><span class='ocrx_word' id='word_1_450' title='bbox 200 3415 395 3483; x_wconf 78' lang='grc' dir='ltr'>χρόνος</span> <span class='ocrx_word' id='word_1_451' title='bbox 419 3418 759 3487; x_wconf 76' lang='grc' dir='ltr'>ἀποκαλύψει</span> <span class='ocrx_word' id='word_1_452' title='bbox 813 3421 908 3472; x_wconf 77' lang='grc' dir='ltr'><strong>καὶ</strong></span> <span class='ocrx_word' id='word_1_453' title='bbox 939 3423 972 3490; x_wconf 75' lang='grc' dir='ltr'><strong>ἡ</strong></span> <span class='ocrx_word' id='word_1_454' title='bbox 1007 3425 1174 3489; x_wconf 80' lang='grc' dir='ltr'>πεῖρα</span> <span class='ocrx_word' id='word_1_455' title='bbox 1234 3424 1347 3482; x_wconf 82' lang='grc' dir='ltr'>τοῖς</span> <span class='ocrx_word' id='word_1_456' title='bbox 1406 3425 1685 3491; x_wconf 78' lang='grc' dir='ltr'>νήφουσιν.</span> <span class='ocrx_word' id='word_1_457' title='bbox 1720 3422 1783 3473; x_wconf 83' lang='grc' dir='ltr'><strong>Εἰ</strong></span> 
     </span>
    </p>
   </div>
   <div class='ocr_carea' id='block_1_64' title="bbox 199 3508 1782 3584">
    <p class='ocr_par' dir='ltr' id='par_1_64' title="bbox 199 3508 1782 3584">
     <span class='ocr_line' id='line_1_64' title="bbox 199 3508 1782 3584; baseline 0.004 -25"><span class='ocrx_word' id='word_1_458' title='bbox 199 3508 312 3577; x_wconf 80' lang='grc' dir='ltr'><strong>γὰρ</strong></span> <span class='ocrx_word' id='word_1_459' title='bbox 346 3510 472 3570; x_wconf 77' lang='grc' dir='ltr'>ἔδει,</span> <span class='ocrx_word' id='word_1_460' title='bbox 503 3512 686 3575; x_wconf 78' lang='grc' dir='ltr'>καθώς</span> <span class='ocrx_word' id='word_1_461' title='bbox 718 3514 848 3581; x_wconf 83' lang='grc' dir='ltr'>φασί</span> <span class='ocrx_word' id='word_1_462' title='bbox 883 3531 1026 3578; x_wconf 81' lang='grc' dir='ltr'>τινες</span> <span class='ocrx_word' id='word_1_463' title='bbox 1059 3515 1171 3566; x_wconf 85' lang='grc' dir='ltr'><strong>τῶν</strong></span> <span class='ocrx_word' id='word_1_464' title='bbox 1201 3514 1562 3582; x_wconf 77' lang='grc' dir='ltr'>διδασκάλων,</span> <span class='ocrx_word' id='word_1_465' title='bbox 1593 3515 1782 3584; x_wconf 78' lang='grc' dir='ltr'>σαφῶς</span> 
     </span>
    </p>
   </div>
   <div class='ocr_carea' id='block_1_65' title="bbox 201 3599 1783 3675">
    <p class='ocr_par' dir='ltr' id='par_1_65' title="bbox 201 3599 1783 3675">
     <span class='ocr_line' id='line_1_65' title="bbox 201 3599 1783 3675; baseline 0.006 -26"><span class='ocrx_word' id='word_1_466' title='bbox 201 3599 519 3666; x_wconf 80' lang='grc' dir='ltr'>γνωσθῆναι</span> <span class='ocrx_word' id='word_1_467' title='bbox 547 3603 606 3654; x_wconf 87' lang='grc' dir='ltr'>τὸ</span> <span class='ocrx_word' id='word_1_468' title='bbox 637 3603 880 3657; x_wconf 87' lang='grc' dir='ltr'>τοιοῦτον</span> <span class='ocrx_word' id='word_1_469' title='bbox 910 3606 1101 3674; x_wconf 73' lang='grc' dir='ltr'>ὄνομα,</span> <span class='ocrx_word' id='word_1_470' title='bbox 1125 3608 1152 3659; x_wconf 92' lang='grc' dir='ltr'><strong>ὁ</strong></span> <span class='ocrx_word' id='word_1_471' title='bbox 1185 3606 1519 3675; x_wconf 80' lang='grc' dir='ltr'>τεθεαμένος</span> <span class='ocrx_word' id='word_1_472' title='bbox 1554 3607 1686 3660; x_wconf 77' lang='grc' dir='ltr'>αὐτὸ</span> <span class='ocrx_word' id='word_1_473' title='bbox 1716 3609 1783 3659; x_wconf 83' lang='grc' dir='ltr'>ἂν</span> 
     </span>
    </p>
   </div>
   <div class='ocr_carea' id='block_1_66' title="bbox 201 3688 1785 3766">
    <p class='ocr_par' dir='ltr' id='par_1_66' title="bbox 201 3688 1785 3766">
     <span class='ocr_line' id='line_1_66' title="bbox 201 3688 1785 3766; baseline 0.006 -28"><span class='ocrx_word' id='word_1_474' title='bbox 201 3688 580 3758; x_wconf 78' lang='grc' dir='ltr'>ἀπεκάλυψεν.</span> <span class='ocrx_word' id='word_1_475' title='bbox 621 3692 760 3745; x_wconf 81' lang='grc' dir='ltr'>Ἀλλ’</span> <span class='ocrx_word' id='word_1_476' title='bbox 802 3694 903 3747; x_wconf 74' lang='grc' dir='ltr'><strong>οὐκ</strong></span> <span class='ocrx_word' id='word_1_477' title='bbox 938 3695 1243 3765; x_wconf 80' lang='grc' dir='ltr'>ηὐδόκησεν</span> <span class='ocrx_word' id='word_1_478' title='bbox 1293 3695 1479 3766; x_wconf 82' lang='grc' dir='ltr'>ἡθεία</span> <span class='ocrx_word' id='word_1_479' title='bbox 1519 3697 1679 3766; x_wconf 80' lang='grc' dir='ltr'>χάρις</span> <span class='ocrx_word' id='word_1_480' title='bbox 1726 3699 1785 3749; x_wconf 86' lang='grc' dir='ltr'>ὲν</span> 
     </span>
    </p>
   </div>
   <div class='ocr_carea' id='block_1_67' title="bbox 203 3777 1784 3858">
    <p class='ocr_par' dir='ltr' id='par_1_67' title="bbox 203 3777 1784 3858">
     <span class='ocr_line' id='line_1_67' title="bbox 203 3777 1784 3858; baseline 0.006 -27"><span class='ocrx_word' id='word_1_481' title='bbox 203 3777 327 3847; x_wconf 72' lang='grc' dir='ltr'>θείᾳ</span> <span class='ocrx_word' id='word_1_482' title='bbox 357 3779 526 3850; x_wconf 78' lang='grc' dir='ltr'>βίϐλῳ</span> <span class='ocrx_word' id='word_1_483' title='bbox 550 3783 609 3835; x_wconf 84' lang='grc' dir='ltr'><strong>τὸ</strong></span> <span class='ocrx_word' id='word_1_484' title='bbox 638 3784 732 3837; x_wconf 83' lang='grc' dir='ltr'><strong>τοῦ</strong></span> <span class='ocrx_word' id='word_1_485' title='bbox 765 3785 1043 3855; x_wconf 81' lang='grc' dir='ltr'>λυμεῶνος</span> <span class='ocrx_word' id='word_1_486' title='bbox 1090 3788 1325 3858; x_wconf 75' lang='grc' dir='ltr'>ταγῆναι</span> <span class='ocrx_word' id='word_1_487' title='bbox 1372 3787 1567 3858; x_wconf 73' lang='grc' dir='ltr'>ὄνομα.</span> <span class='ocrx_word' id='word_1_488' title='bbox 1613 3788 1700 3850; x_wconf 82' lang='grc' dir='ltr'>Ὠς</span> <span class='ocrx_word' id='word_1_489' title='bbox 1726 3789 1784 3842; x_wconf 74' lang='grc' dir='ltr'><strong>δὲ</strong></span> 
     </span>
    </p>
   </div>
   <div class='ocr_carea' id='block_1_68' title="bbox 201 3873 1783 3950">
    <p class='ocr_par' dir='ltr' id='par_1_68' title="bbox 201 3873 1783 3950">
     <span class='ocr_line' id='line_1_68' title="bbox 201 3873 1783 3950; baseline 0.006 -26"><span class='ocrx_word' id='word_1_490' title='bbox 201 3873 262 3924; x_wconf 75' lang='grc' dir='ltr'>ιν</span> <span class='ocrx_word' id='word_1_491' title='bbox 287 3877 594 3940; x_wconf 73' lang='grc' dir='ltr'>γυμνασίας</span> <span class='ocrx_word' id='word_1_492' title='bbox 641 3876 805 3946; x_wconf 86' lang='grc' dir='ltr'>λόγῳ,</span> <span class='ocrx_word' id='word_1_493' title='bbox 844 3878 1017 3932; x_wconf 79' lang='grc' dir='ltr'>πολλά</span> <span class='ocrx_word' id='word_1_494' title='bbox 1068 3880 1219 3933; x_wconf 80' lang='grc' dir='ltr'>ἔστιν</span> <span class='ocrx_word' id='word_1_495' title='bbox 1268 3881 1476 3950; x_wconf 80' lang='grc' dir='ltr'>εὑρεῖν,</span> <span class='ocrx_word' id='word_1_496' title='bbox 1516 3881 1658 3935; x_wconf 64' lang='grc' dir='ltr'>κατὰ</span> <span class='ocrx_word' id='word_1_497' title='bbox 1692 3881 1783 3934; x_wconf 79' lang='grc' dir='ltr'><strong>τὸν</strong></span> 
     </span>
    </p>
   </div>
   <div class='ocr_carea' id='block_1_69' title="bbox 205 3965 1784 4044">
    <p class='ocr_par' dir='ltr' id='par_1_69' title="bbox 205 3965 1784 4044">
     <span class='ocr_line' id='line_1_69' title="bbox 205 3965 1784 4044; baseline 0.006 -27"><span class='ocrx_word' id='word_1_498' title='bbox 205 3965 482 4036; x_wconf 84' lang='grc' dir='ltr'>μακάριον</span> <span class='ocrx_word' id='word_1_499' title='bbox 521 3969 839 4024; x_wconf 73' lang='grc' dir='ltr'>Ἱππόλυτον</span> <span class='ocrx_word' id='word_1_500' title='bbox 869 3975 961 4024; x_wconf 74' lang='grc' dir='ltr'>καὶ</span> <span class='ocrx_word' id='word_1_501' title='bbox 996 3973 1214 4043; x_wconf 76' lang='grc' dir='ltr'>ἐτέρους</span> <span class='ocrx_word' id='word_1_502' title='bbox 1256 3974 1506 4037; x_wconf 78' lang='grc' dir='ltr'>πολλοὺς,</span> <span class='ocrx_word' id='word_1_503' title='bbox 1542 3975 1784 4044; x_wconf 77' lang='grc' dir='ltr'>ὀνόματα</span> 
     </span>
    </p>
   </div>
   <div class='ocr_carea' id='block_1_70' title="bbox 199 4058 1784 4139">
    <p class='ocr_par' dir='ltr' id='par_1_70' title="bbox 199 4058 1784 4139">
     <span class='ocr_line' id='line_1_70' title="bbox 199 4058 1784 4139; baseline 0.006 -29"><span class='ocrx_word' id='word_1_504' title='bbox 199 4058 297 4110; x_wconf 79' lang='grc' dir='ltr'>τὸν</span> <span class='ocrx_word' id='word_1_505' title='bbox 326 4060 561 4130; x_wconf 80' lang='grc' dir='ltr'>ἀριθμὸν</span> <span class='ocrx_word' id='word_1_506' title='bbox 586 4062 780 4116; x_wconf 81' lang='grc' dir='ltr'>τοῦτον</span> <span class='ocrx_word' id='word_1_507' title='bbox 812 4065 1138 4136; x_wconf 82' lang='grc' dir='ltr'>περιέχοντα</span> <span class='ocrx_word' id='word_1_508' title='bbox 1165 4069 1550 4139; x_wconf 74' lang='grc' dir='ltr'>προσηγορικὰ</span> <span class='ocrx_word' id='word_1_509' title='bbox 1596 4085 1651 4121; x_wconf 83' lang='grc' dir='ltr'><strong>τε</strong></span> <span class='ocrx_word' id='word_1_510' title='bbox 1687 4068 1784 4120; x_wconf 80' lang='grc' dir='ltr'>καὶ</span> 
     </span>
    </p>
   </div>
   <div class='ocr_carea' id='block_1_71' title="bbox 200 4166 390 4220">
    <p class='ocr_par' dir='ltr' id='par_1_71' title="bbox 200 4166 390 4220">
     <span class='ocr_line' id='line_1_71' title="bbox 200 4166 390 4220; baseline 0.016 -18"><span class='ocrx_word' id='word_1_511' title='bbox 200 4166 390 4220; x_wconf 86' lang='grc' dir='ltr'>κυρια.</span> 
     </span>
    </p>
   </div>
   <div class='ocr_carea' id='block_1_72' title="bbox 773 4291 1215 4346">
    <p class='ocr_par' dir='ltr' id='par_1_72' title="bbox 773 4291 1215 4346">
     <span class='ocr_line' id='line_1_72' title="bbox 773 4291 1215 4346; baseline 0.007 -3"><span class='ocrx_word' id='word_1_512' title='bbox 773 4291 1023 4345; x_wconf 68' lang='grc' dir='ltr'><strong>ΚΕΦᾹΛ.</strong></span> <span class='ocrx_word' id='word_1_513' title='bbox 1090 4291 1215 4346; x_wconf 82' lang='grc' dir='ltr'><strong>ΔΘ’.</strong></span> 
     </span>
    </p>
   </div>
   <div class='ocr_carea' id='block_1_73' title="bbox 200 4421 1784 4497">
    <p class='ocr_par' dir='ltr' id='par_1_73' title="bbox 200 4421 1784 4497">
     <span class='ocr_line' id='line_1_73' title="bbox 200 4421 1784 4497; baseline 0.003 -21"><span class='ocrx_word' id='word_1_514' title='bbox 200 4421 338 4490; x_wconf 76' lang='grc' dir='ltr'>Περὶ</span> <span class='ocrx_word' id='word_1_515' title='bbox 370 4421 489 4476; x_wconf 85' lang='grc' dir='ltr'>τῶν</span> <span class='ocrx_word' id='word_1_516' title='bbox 517 4423 633 4494; x_wconf 80' lang='grc' dir='ltr'>ρμδ⁹</span> <span class='ocrx_word' id='word_1_517' title='bbox 660 4425 951 4493; x_wconf 73' lang='grc' dir='ltr'><strong>χιλιάδων</strong></span> <span class='ocrx_word' id='word_1_518' title='bbox 972 4425 1090 4479; x_wconf 86' lang='grc' dir='ltr'>τῶν</span> <span class='ocrx_word' id='word_1_519' title='bbox 1117 4428 1240 4480; x_wconf 85' lang='grc' dir='ltr'>σὺν</span> <span class='ocrx_word' id='word_1_520' title='bbox 1274 4427 1352 4493; x_wconf 82' lang='grc' dir='ltr'>τῷ</span> <span class='ocrx_word' id='word_1_521' title='bbox 1390 4429 1576 4497; x_wconf 78' lang='grc' dir='ltr'>ἀρνίῳ</span> <span class='ocrx_word' id='word_1_522' title='bbox 1603 4429 1784 4483; x_wconf 81' lang='grc' dir='ltr'>ἑστώ-</span> 
     </span>
    </p>
   </div>
   <div class='ocr_carea' id='block_1_74' title="bbox 696 4497 1288 4565">
    <p class='ocr_par' dir='ltr' id='par_1_74' title="bbox 696 4497 1288 4565">
     <span class='ocr_line' id='line_1_74' title="bbox 696 4497 1288 4565; baseline 0.01 -18"><span class='ocrx_word' id='word_1_523' title='bbox 696 4513 812 4548; x_wconf 86' lang='grc' dir='ltr'><strong>των</strong></span> <span class='ocrx_word' id='word_1_524' title='bbox 848 4499 918 4549; x_wconf 78' lang='grc' dir='ltr'>ἐν</span> <span class='ocrx_word' id='word_1_525' title='bbox 951 4497 1072 4565; x_wconf 79' lang='grc' dir='ltr'>ὄρει</span> <span class='ocrx_word' id='word_1_526' title='bbox 1118 4499 1288 4553; x_wconf 81' lang='grc' dir='ltr'>Σιών.</span> 
     </span>
    </p>
   </div>
   <div class='ocr_carea' id='block_1_75' title="bbox 273 4607 1776 4682">
    <p class='ocr_par' dir='ltr' id='par_1_75' title="bbox 273 4607 1776 4682">
     <span class='ocr_line' id='line_1_75' title="bbox 273 4607 1776 4682; baseline 0.003 -18"><span class='ocrx_word' id='word_1_527' title='bbox 273 4611 380 4664; x_wconf 78' lang='grc' dir='ltr'><strong>Καὶ</strong></span> <span class='ocrx_word' id='word_1_528' title='bbox 411 4607 597 4676; x_wconf 76' lang='grc' dir='ltr'>εἶδον,</span> <span class='ocrx_word' id='word_1_529' title='bbox 632 4612 729 4664; x_wconf 75' lang='grc' dir='ltr'>καὶ</span> <span class='ocrx_word' id='word_1_530' title='bbox 764 4611 894 4666; x_wconf 72' lang='grc' dir='ltr'><strong>ἰδοὺ</strong></span> <span class='ocrx_word' id='word_1_531' title='bbox 928 4614 996 4666; x_wconf 82' lang='grc' dir='ltr'>τὸ</span> <span class='ocrx_word' id='word_1_532' title='bbox 1036 4614 1263 4681; x_wconf 83' lang='grc' dir='ltr'>Ἀρνίον</span> <span class='ocrx_word' id='word_1_533' title='bbox 1287 4615 1547 4682; x_wconf 78' lang='grc' dir='ltr'><strong>ἑστηκὸς</strong></span> <span class='ocrx_word' id='word_1_534' title='bbox 1575 4613 1673 4668; x_wconf 70' lang='grc' dir='ltr'><strong>ἐπὶ</strong></span> <span class='ocrx_word' id='word_1_535' title='bbox 1709 4616 1776 4668; x_wconf 90' lang='grc' dir='ltr'>τὸ</span> 
     </span>
    </p>
   </div>
   <div class='ocr_carea' id='block_1_76' title="bbox 196 4700 1776 4774">
    <p class='ocr_par' dir='ltr' id='par_1_76' title="bbox 196 4700 1776 4774">
     <span class='ocr_line' id='line_1_76' title="bbox 196 4700 1776 4774; baseline 0.004 -24"><span class='ocrx_word' id='word_1_536' title='bbox 196 4700 336 4768; x_wconf 68' lang='grc' dir='ltr'>ἔρος</span> <span class='ocrx_word' id='word_1_537' title='bbox 363 4701 536 4764; x_wconf 86' lang='grc' dir='ltr'>Σιὼν,</span> <span class='ocrx_word' id='word_1_538' title='bbox 572 4703 667 4754; x_wconf 75' lang='grc' dir='ltr'>καὶ</span> <span class='ocrx_word' id='word_1_539' title='bbox 698 4702 827 4770; x_wconf 81' lang='grc' dir='ltr'>μετ’</span> <span class='ocrx_word' id='word_1_540' title='bbox 849 4703 1039 4756; x_wconf 81' lang='grc' dir='ltr'>αὑτοῦ</span> <span class='ocrx_word' id='word_1_541' title='bbox 1059 4704 1306 4772; x_wconf 77' lang='grc' dir='ltr'>ἀριθμὸς</span> <span class='ocrx_word' id='word_1_542' title='bbox 1340 4704 1457 4774; x_wconf 82' lang='grc' dir='ltr'>ρμδ¹</span> <span class='ocrx_word' id='word_1_543' title='bbox 1483 4705 1776 4772; x_wconf 76' lang='grc' dir='ltr'><strong>χιλιάδες,</strong></span> 
     </span>
    </p>
   </div>
   <div class='ocr_carea' id='block_1_77' title="bbox 193 4793 1776 4866">
    <p class='ocr_par' dir='ltr' id='par_1_77' title="bbox 193 4793 1776 4866">
     <span class='ocr_line' id='line_1_77' title="bbox 193 4793 1776 4866; baseline 0.004 -22"><span class='ocrx_word' id='word_1_544' title='bbox 193 4795 448 4860; x_wconf 71' lang='grc' dir='ltr'>ἔχουσαι</span> <span class='ocrx_word' id='word_1_545' title='bbox 491 4793 556 4845; x_wconf 82' lang='grc' dir='ltr'>τὸ</span> <span class='ocrx_word' id='word_1_546' title='bbox 589 4794 777 4862; x_wconf 82' lang='grc' dir='ltr'>ὄνομα</span> <span class='ocrx_word' id='word_1_547' title='bbox 811 4796 1022 4860; x_wconf 82' lang='grc' dir='ltr'>αὑτοῦ,</span> <span class='ocrx_word' id='word_1_548' title='bbox 1059 4797 1251 4849; x_wconf 80' lang='grc' dir='ltr'>καὶτὸ</span> <span class='ocrx_word' id='word_1_549' title='bbox 1278 4797 1466 4866; x_wconf 82' lang='grc' dir='ltr'>ὄνομα</span> <span class='ocrx_word' id='word_1_550' title='bbox 1517 4797 1622 4850; x_wconf 84' lang='grc' dir='ltr'>τοῦ</span> <span class='ocrx_word' id='word_1_551' title='bbox 1663 4813 1776 4850; x_wconf 74' lang='grc' dir='ltr'>παι</span> 
     </span>
    </p>
   </div>
   <div class='ocr_carea' id='block_1_78' title="bbox 195 4885 1776 4958">
    <p class='ocr_par' dir='ltr' id='par_1_78' title="bbox 195 4885 1776 4958">
     <span class='ocr_line' id='line_1_78' title="bbox 195 4885 1776 4958; baseline -0.004 -7"><span class='ocrx_word' id='word_1_552' title='bbox 195 4885 336 4951; x_wconf 69' lang='grc' dir='ltr'><strong>τρὸς</strong></span> <span class='ocrx_word' id='word_1_553' title='bbox 364 4885 551 4938; x_wconf 77' lang='grc' dir='ltr'><strong>αὺτοῦ</strong></span> <span class='ocrx_word' id='word_1_554' title='bbox 583 4887 993 4956; x_wconf 75' lang='grc' dir='ltr'>γεγραμμένον</span> <span class='ocrx_word' id='word_1_555' title='bbox 1031 4889 1129 4941; x_wconf 78' lang='grc' dir='ltr'><strong>ἐπὶ</strong></span> <span class='ocrx_word' id='word_1_556' title='bbox 1183 4887 1301 4942; x_wconf 84' lang='grc' dir='ltr'>τῶν</span> <span class='ocrx_word' id='word_1_557' title='bbox 1340 4890 1631 4958; x_wconf 75' lang='grc' dir='ltr'>μετώπων</span> <span class='ocrx_word' id='word_1_558' title='bbox 1668 4894 1776 4944; x_wconf 79' lang='grc' dir='ltr'><strong>αὺ-</strong></span> 
     </span>
    </p>
   </div>
   <div class='ocr_carea' id='block_1_79' title="bbox 195 4975 1778 5052">
    <p class='ocr_par' dir='ltr' id='par_1_79' title="bbox 195 4975 1778 5052">
     <span class='ocr_line' id='line_1_79' title="bbox 195 4975 1778 5052; baseline 0.006 -24"><span class='ocrx_word' id='word_1_559' title='bbox 195 4975 334 5030; x_wconf 87' lang='grc' dir='ltr'>τῶν.</span> <span class='ocrx_word' id='word_1_560' title='bbox 395 4978 505 5030; x_wconf 81' lang='grc' dir='ltr'><strong>Καὶ</strong></span> <span class='ocrx_word' id='word_1_561' title='bbox 553 4979 793 5046; x_wconf 77' lang='grc' dir='ltr'>ἥκουσα</span> <span class='ocrx_word' id='word_1_562' title='bbox 833 4982 1044 5048; x_wconf 76' lang='grc' dir='ltr'>φωνὴν</span> <span class='ocrx_word' id='word_1_563' title='bbox 1094 4983 1162 5035; x_wconf 70' lang='grc' dir='ltr'>ἐκ</span> <span class='ocrx_word' id='word_1_564' title='bbox 1219 4983 1327 5037; x_wconf 87' lang='grc' dir='ltr'>τοῦ</span> <span class='ocrx_word' id='word_1_565' title='bbox 1384 4985 1664 5051; x_wconf 81' lang='grc' dir='ltr'>οὐρανοῦ,</span> <span class='ocrx_word' id='word_1_566' title='bbox 1699 4987 1778 5052; x_wconf 83' lang='grc' dir='ltr'><strong>ὡς</strong></span> 
     </span>
    </p>
   </div>
   <div class='ocr_carea' id='block_1_80' title="bbox 195 5064 1777 5142">
    <p class='ocr_par' dir='ltr' id='par_1_80' title="bbox 195 5064 1777 5142">
     <span class='ocr_line' id='line_1_80' title="bbox 195 5064 1777 5142; baseline 0.009 -28"><span class='ocrx_word' id='word_1_567' title='bbox 195 5064 408 5131; x_wconf 66' lang='grc' dir='ltr'>φωνὴν</span> <span class='ocrx_word' id='word_1_568' title='bbox 435 5064 675 5119; x_wconf 84' lang='grc' dir='ltr'>ὐδάτών</span> <span class='ocrx_word' id='word_1_569' title='bbox 709 5069 976 5130; x_wconf 74' lang='grc' dir='ltr'>πολλῶν.</span> <span class='ocrx_word' id='word_1_570' title='bbox 1013 5070 1108 5123; x_wconf 71' lang='grc' dir='ltr'>καὶ</span> <span class='ocrx_word' id='word_1_571' title='bbox 1145 5073 1224 5137; x_wconf 83' lang='grc' dir='ltr'>ὡς</span> <span class='ocrx_word' id='word_1_572' title='bbox 1248 5073 1460 5140; x_wconf 68' lang='grc' dir='ltr'>φωνὴν</span> <span class='ocrx_word' id='word_1_573' title='bbox 1508 5075 1777 5142; x_wconf 76' lang='grc' dir='ltr'>βροντῆς</span> 
     </span>
    </p>
   </div>
   <div class='ocr_carea' id='block_1_81' title="bbox 188 5157 1778 5236">
    <p class='ocr_par' dir='ltr' id='par_1_81' title="bbox 188 5157 1778 5236">
     <span class='ocr_line' id='line_1_81' title="bbox 188 5157 1778 5236; baseline 0.007 -27"><span class='ocrx_word' id='word_1_574' title='bbox 188 5157 480 5226; x_wconf 67' lang='grc' dir='ltr'>μεγάλης.</span> <span class='ocrx_word' id='word_1_575' title='bbox 517 5159 626 5211; x_wconf 84' lang='lat' dir='ltr'><strong>Kal</strong></span> <span class='ocrx_word' id='word_1_576' title='bbox 655 5161 692 5227; x_wconf 78' lang='grc' dir='ltr'>ἡ</span> <span class='ocrx_word' id='word_1_577' title='bbox 724 5163 893 5230; x_wconf 69' lang='grc' dir='ltr'>φωνὴ</span> <span class='ocrx_word' id='word_1_578' title='bbox 931 5164 1008 5230; x_wconf 76' lang='grc' dir='ltr'>ἣν</span> <span class='ocrx_word' id='word_1_579' title='bbox 1028 5165 1284 5233; x_wconf 75' lang='grc' dir='ltr'>ἥκουσα,</span> <span class='ocrx_word' id='word_1_580' title='bbox 1322 5168 1401 5230; x_wconf 87' lang='grc' dir='ltr'>ὡς</span> <span class='ocrx_word' id='word_1_581' title='bbox 1438 5169 1778 5236; x_wconf 72' lang='grc' dir='ltr'>κιθαρῳδῶν</span> 
     </span>
    </p>
   </div>
   <div class='ocr_carea' id='block_1_82' title="bbox 192 5251 1776 5325">
    <p class='ocr_par' dir='ltr' id='par_1_82' title="bbox 192 5251 1776 5325">
     <span class='ocr_line' id='line_1_82' title="bbox 192 5251 1776 5325; baseline 0.006 -22"><span class='ocrx_word' id='word_1_582' title='bbox 192 5251 613 5318; x_wconf 79' lang='grc' dir='ltr'>κιθαριζόντων</span> <span class='ocrx_word' id='word_1_583' title='bbox 637 5254 707 5304; x_wconf 84' lang='grc' dir='ltr'>ἐν</span> <span class='ocrx_word' id='word_1_584' title='bbox 729 5255 854 5320; x_wconf 83' lang='grc' dir='ltr'>ταῖς</span> <span class='ocrx_word' id='word_1_585' title='bbox 892 5255 1160 5324; x_wconf 81' lang='grc' dir='ltr'>κιθάραις</span> <span class='ocrx_word' id='word_1_586' title='bbox 1189 5258 1406 5314; x_wconf 83' lang='grc' dir='ltr'>αὐτῶν.</span> <span class='ocrx_word' id='word_1_587' title='bbox 1441 5261 1547 5313; x_wconf 77' lang='grc' dir='ltr'><strong>Καὶ</strong></span> <span class='ocrx_word' id='word_1_588' title='bbox 1596 5259 1776 5325; x_wconf 79' lang='grc' dir='ltr'>ᾅδου-</span> 
     </span>
    </p>
   </div>
   <div class='ocr_carea' id='block_1_83' title="bbox 192 5343 1774 5418">
    <p class='ocr_par' dir='ltr' id='par_1_83' title="bbox 192 5343 1774 5418">
     <span class='ocr_line' id='line_1_83' title="bbox 192 5343 1774 5418; baseline 0.005 -23"><span class='ocrx_word' id='word_1_589' title='bbox 192 5359 300 5395; x_wconf 86' lang='grc' dir='ltr'><strong>σιν</strong></span> <span class='ocrx_word' id='word_1_590' title='bbox 322 5343 492 5410; x_wconf 81' lang='grc' dir='ltr'><strong>ῲδὴν</strong></span> <span class='ocrx_word' id='word_1_591' title='bbox 526 5346 745 5413; x_wconf 80' lang='grc' dir='ltr'>καινὴν</span> <span class='ocrx_word' id='word_1_592' title='bbox 769 5347 1028 5401; x_wconf 79' lang='grc' dir='ltr'>ἐνώπιον</span> <span class='ocrx_word' id='word_1_593' title='bbox 1065 5350 1170 5403; x_wconf 87' lang='grc' dir='ltr'>τοῦ</span> <span class='ocrx_word' id='word_1_594' title='bbox 1215 5353 1453 5418; x_wconf 74' lang='grc' dir='ltr'>θρόνου,</span> <span class='ocrx_word' id='word_1_595' title='bbox 1493 5353 1588 5404; x_wconf 66' lang='grc' dir='ltr'>καὶ</span> <span class='ocrx_word' id='word_1_596' title='bbox 1631 5353 1774 5405; x_wconf 76' lang='grc' dir='ltr'><strong>ἐνώ-</strong></span> 
     </span>
    </p>
   </div>
   <div class='ocr_carea' id='block_1_84' title="bbox 191 5434 1770 5512">
    <p class='ocr_par' dir='ltr' id='par_1_84' title="bbox 191 5434 1770 5512">
     <span class='ocr_line' id='line_1_84' title="bbox 191 5434 1770 5512; baseline 0.008 -26"><span class='ocrx_word' id='word_1_597' title='bbox 191 5451 333 5488; x_wconf 72' lang='grc' dir='ltr'>πιον</span> <span class='ocrx_word' id='word_1_598' title='bbox 361 5434 483 5488; x_wconf 80' lang='grc' dir='ltr'>τῶν</span> <span class='ocrx_word' id='word_1_599' title='bbox 509 5438 822 5506; x_wconf 85' lang='grc' dir='ltr'>τεσσάρων</span> <span class='ocrx_word' id='word_1_600' title='bbox 850 5439 1007 5500; x_wconf 79' lang='grc' dir='ltr'>ζώων</span> <span class='ocrx_word' id='word_1_601' title='bbox 1043 5445 1140 5495; x_wconf 68' lang='lat' dir='ltr'><strong>iud</strong></span> <span class='ocrx_word' id='word_1_602' title='bbox 1172 5443 1290 5496; x_wconf 83' lang='grc' dir='ltr'>τῶν</span> <span class='ocrx_word' id='word_1_603' title='bbox 1331 5446 1770 5512; x_wconf 74' lang='grc' dir='ltr'>πρεσῦυτέρων.</span> 
     </span>
    </p>
   </div>
   <div class='ocr_carea' id='block_1_85' title="bbox 189 5531 1773 5606">
    <p class='ocr_par' dir='ltr' id='par_1_85' title="bbox 189 5531 1773 5606">
     <span class='ocr_line' id='line_1_85' title="bbox 189 5531 1773 5606; baseline 0.006 -23"><span class='ocrx_word' id='word_1_604' title='bbox 189 5531 300 5583; x_wconf 78' lang='grc' dir='ltr'><strong>Καὶ</strong></span> <span class='ocrx_word' id='word_1_605' title='bbox 332 5531 533 5596; x_wconf 73' lang='grc' dir='ltr'>οὐδεὶς</span> <span class='ocrx_word' id='word_1_606' title='bbox 562 5533 815 5586; x_wconf 82' lang='grc' dir='ltr'>ἐδύνατο</span> <span class='ocrx_word' id='word_1_607' title='bbox 855 5535 1070 5602; x_wconf 79' lang='grc' dir='ltr'>μαθεῖν</span> <span class='ocrx_word' id='word_1_608' title='bbox 1114 5536 1227 5603; x_wconf 81' lang='grc' dir='ltr'>τὴν</span> <span class='ocrx_word' id='word_1_609' title='bbox 1266 5537 1452 5604; x_wconf 66' lang='grc' dir='ltr'>ᾠδὴν,</span> <span class='ocrx_word' id='word_1_610' title='bbox 1509 5543 1558 5592; x_wconf 80' lang='grc' dir='ltr'>εὶ</span> <span class='ocrx_word' id='word_1_611' title='bbox 1599 5540 1684 5606; x_wconf 72' lang='grc' dir='ltr'>μὴ</span> <span class='ocrx_word' id='word_1_612' title='bbox 1715 5542 1773 5592; x_wconf 81' lang='lat' dir='ltr'><strong>ui</strong></span> 
     </span>
    </p>
   </div>
   <div class='ocr_carea' id='block_1_86' title="bbox 192 5624 1592 5700">
    <p class='ocr_par' dir='ltr' id='par_1_86' title="bbox 192 5624 1592 5700">
     <span class='ocr_line' id='line_1_86' title="bbox 192 5624 1592 5700; baseline 0.006 -26"><span class='ocrx_word' id='word_1_613' title='bbox 192 5642 220 5692; x_wconf 92' lang='grc' dir='ltr'><strong>ρ</strong></span> <span class='ocrx_word' id='word_1_614' title='bbox 229 5625 312 5693; x_wconf 79' lang='grc' dir='ltr'><strong>μδ¹</strong></span> <span class='ocrx_word' id='word_1_615' title='bbox 339 5624 608 5692; x_wconf 77' lang='grc' dir='ltr'>χιλιάδες</span> <span class='ocrx_word' id='word_1_616' title='bbox 638 5631 693 5680; x_wconf 89' lang='lat' dir='ltr'><strong>ol</strong></span> <span class='ocrx_word' id='word_1_617' title='bbox 720 5628 1124 5698; x_wconf 74' lang='grc' dir='ltr'>ἠγορασμένοι</span> <span class='ocrx_word' id='word_1_618' title='bbox 1163 5631 1281 5684; x_wconf 82' lang='grc' dir='ltr'>ἀπὸ</span> <span class='ocrx_word' id='word_1_619' title='bbox 1306 5629 1418 5698; x_wconf 75' lang='grc' dir='ltr'>τῆς</span> <span class='ocrx_word' id='word_1_620' title='bbox 1459 5632 1592 5700; x_wconf 65' lang='grc' dir='ltr'>γῆς.</span> 
     </span>
    </p>
   </div>
   <div class='ocr_carea' id='block_1_87' title="bbox 273 5721 1771 5796">
    <p class='ocr_par' dir='ltr' id='par_1_87' title="bbox 273 5721 1771 5796">
     <span class='ocr_line' id='line_1_87' title="bbox 273 5721 1771 5796; baseline 0.006 -27"><span class='ocrx_word' id='word_1_621' title='bbox 273 5721 398 5771; x_wconf 71' lang='grc' dir='ltr'><strong>Ἐπὶ</strong></span> <span class='ocrx_word' id='word_1_622' title='bbox 431 5721 497 5772; x_wconf 83' lang='grc' dir='ltr'>τὸ</span> <span class='ocrx_word' id='word_1_623' title='bbox 538 5721 677 5787; x_wconf 82' lang='grc' dir='ltr'>ὄρος</span> <span class='ocrx_word' id='word_1_624' title='bbox 713 5721 883 5774; x_wconf 81' lang='grc' dir='ltr'>Σιών.</span> <span class='ocrx_word' id='word_1_625' title='bbox 941 5725 1015 5776; x_wconf 73' lang='lat'><strong>0-3</strong></span> <span class='ocrx_word' id='word_1_626' title='bbox 1047 5724 1145 5793; x_wconf 82' lang='grc' dir='ltr'><strong>τῆς</strong></span> <span class='ocrx_word' id='word_1_627' title='bbox 1205 5725 1466 5787; x_wconf 74' lang='grc' dir='ltr'>παλαιᾶς,</span> <span class='ocrx_word' id='word_1_628' title='bbox 1501 5728 1584 5779; x_wconf 75' lang='grc' dir='ltr'>ὅτι</span> <span class='ocrx_word' id='word_1_629' title='bbox 1636 5726 1771 5796; x_wconf 76' lang='grc' dir='ltr'>μηδὲ</span> 
     </span>
    </p>
   </div>
   <div class='ocr_carea' id='block_1_88' title="bbox 189 5812 1770 5886">
    <p class='ocr_par' dir='ltr' id='par_1_88' title="bbox 189 5812 1770 5886">
     <span class='ocr_line' id='line_1_88' title="bbox 189 5812 1770 5886; baseline 0.002 -22"><span class='ocrx_word' id='word_1_630' title='bbox 189 5812 329 5882; x_wconf 77' lang='grc' dir='ltr'>αὐτὴ</span> <span class='ocrx_word' id='word_1_631' title='bbox 379 5814 618 5882; x_wconf 79' lang='grc' dir='ltr'>ὑπήκοος</span> <span class='ocrx_word' id='word_1_632' title='bbox 648 5814 727 5882; x_wconf 83' lang='grc' dir='ltr'>τῷ</span> <span class='ocrx_word' id='word_1_633' title='bbox 767 5815 988 5886; x_wconf 82' lang='grc' dir='ltr'>Ἀρνίῳ,</span> <span class='ocrx_word' id='word_1_634' title='bbox 1040 5818 1068 5869; x_wconf 85' lang='grc' dir='ltr'><strong>ὃ</strong></span> <span class='ocrx_word' id='word_1_635' title='bbox 1099 5820 1246 5870; x_wconf 81' lang='grc' dir='ltr'>ἐστιν</span> <span class='ocrx_word' id='word_1_636' title='bbox 1272 5822 1299 5871; x_wconf 87' lang='grc' dir='ltr'><strong>ὁ</strong></span> <span class='ocrx_word' id='word_1_637' title='bbox 1358 5818 1616 5886; x_wconf 75' lang='grc' dir='ltr'>Χριστὸς.</span> <span class='ocrx_word' id='word_1_638' title='bbox 1656 5818 1770 5870; x_wconf 81' lang='grc' dir='ltr'>ἀλλ’</span> 
     </span>
    </p>
   </div>
   <div class='ocr_carea' id='block_1_89' title="bbox 187 5906 1773 5985">
    <p class='ocr_par' dir='ltr' id='par_1_89' title="bbox 187 5906 1773 5985">
     <span class='ocr_line' id='line_1_89' title="bbox 187 5906 1773 5985; baseline 0.005 -27"><span class='ocrx_word' id='word_1_639' title='bbox 187 5909 286 5964; x_wconf 76' lang='grc' dir='ltr'>ὶπὶ</span> <span class='ocrx_word' id='word_1_640' title='bbox 324 5906 426 5977; x_wconf 81' lang='grc' dir='ltr'><strong>τῆς</strong></span> <span class='ocrx_word' id='word_1_641' title='bbox 458 5907 602 5971; x_wconf 85' lang='grc' dir='ltr'>νέας,</span> <span class='ocrx_word' id='word_1_642' title='bbox 643 5909 764 5977; x_wconf 73' lang='grc' dir='ltr'>ἥτις</span> <span class='ocrx_word' id='word_1_643' title='bbox 793 5909 910 5962; x_wconf 70' lang='grc' dir='ltr'>ἐστὶ</span> <span class='ocrx_word' id='word_1_644' title='bbox 953 5911 1109 5972; x_wconf 87' lang='grc' dir='ltr'>πόλις</span> <span class='ocrx_word' id='word_1_645' title='bbox 1148 5911 1285 5966; x_wconf 82' lang='grc' dir='ltr'><strong>Θεοῦ</strong></span> <span class='ocrx_word' id='word_1_646' title='bbox 1325 5912 1550 5978; x_wconf 71' lang='grc' dir='ltr'>ζῶντος,</span> <span class='ocrx_word' id='word_1_647' title='bbox 1583 5909 1650 5985; x_wconf 78' lang='grc' dir='ltr'>ἧς</span> <span class='ocrx_word' id='word_1_648' title='bbox 1680 5911 1773 5966; x_wconf 79' lang='grc' dir='ltr'>νῦν</span> 
     </span>
    </p>
   </div>
   <div class='ocr_carea' id='block_1_90' title="bbox 550 6004 1190 6068">
    <p class='ocr_par' dir='ltr' id='par_1_90' title="bbox 550 6004 1190 6068">
     <span class='ocr_line' id='line_1_90' title="bbox 550 6004 1190 6068; baseline 0.009 -6"><span class='ocrx_word' id='word_1_649' title='bbox 550 6004 824 6065; x_wconf 68' lang='lat' dir='ltr'><strong>Damon.</strong></span> <span class='ocrx_word' id='word_1_650' title='bbox 870 6007 984 6066; x_wconf 78' lang='lat' dir='ltr'><strong>GR.</strong></span> <span class='ocrx_word' id='word_1_651' title='bbox 1031 6005 1190 6068; x_wconf 79' lang='lat' dir='ltr'><strong>CVI.</strong></span> 
     </span>
    </p>
   </div>
   <div class='ocr_carea' id='block_1_91' title="bbox 1889 3324 3468 3395">
    <p class='ocr_par' dir='ltr' id='par_1_91' title="bbox 1889 3324 3468 3395">
     <span class='ocr_line' id='line_1_91' title="bbox 1889 3324 3468 3395; baseline 0.003 -15"><span class='ocrx_word' id='word_1_652' title='bbox 1889 3326 2108 3380; x_wconf 90' lang='lat' dir='ltr'><strong>modum</strong></span> <span class='ocrx_word' id='word_1_653' title='bbox 2141 3335 2196 3380; x_wconf 91' lang='lat' dir='ltr'><strong>et</strong></span> <span class='ocrx_word' id='word_1_654' title='bbox 2239 3334 2436 3378; x_wconf 69' lang='lat' dir='ltr'><strong>caetera</strong></span> <span class='ocrx_word' id='word_1_655' title='bbox 2476 3339 2599 3394; x_wconf 69' lang='lat' dir='ltr'><strong>quae</strong></span> <span class='ocrx_word' id='word_1_656' title='bbox 2627 3325 2692 3378; x_wconf 89' lang='lat' dir='ltr'><strong>de</strong></span> <span class='ocrx_word' id='word_1_657' title='bbox 2735 3324 2857 3394; x_wconf 89' lang='lat' dir='ltr'><strong>ipso</strong></span> <span class='ocrx_word' id='word_1_658' title='bbox 2887 3327 3091 3395; x_wconf 84' lang='lat' dir='ltr'><strong>scripta</strong></span> <span class='ocrx_word' id='word_1_659' title='bbox 3126 3339 3279 3392; x_wconf 83' lang='lat' dir='ltr'><strong>sunt,</strong></span> <span class='ocrx_word' id='word_1_660' title='bbox 3325 3340 3468 3384; x_wconf 83' lang='lat' dir='ltr'><strong>tent-</strong></span> 
     </span>
    </p>
   </div>
   <div class='ocr_carea' id='block_1_92' title="bbox 1888 3414 3459 3488">
    <p class='ocr_par' dir='ltr' id='par_1_92' title="bbox 1888 3414 3459 3488">
     <span class='ocr_line' id='line_1_92' title="bbox 1888 3414 3459 3488; baseline 0.004 -19"><span class='ocrx_word' id='word_1_661' title='bbox 1888 3432 1988 3485; x_wconf 83' lang='lat' dir='ltr'><strong>pus</strong></span> <span class='ocrx_word' id='word_1_662' title='bbox 2017 3427 2071 3470; x_wconf 88' lang='lat' dir='ltr'><strong>et</strong></span> <span class='ocrx_word' id='word_1_663' title='bbox 2094 3416 2432 3485; x_wconf 84' lang='lat' dir='ltr'><strong>experientia</strong></span> <span class='ocrx_word' id='word_1_664' title='bbox 2466 3414 2789 3469; x_wconf 87' lang='lat' dir='ltr'><strong>revelabunt</strong></span> <span class='ocrx_word' id='word_1_665' title='bbox 2813 3416 2900 3470; x_wconf 89' lang='lat' dir='ltr'><strong>his</strong></span> <span class='ocrx_word' id='word_1_666' title='bbox 2936 3417 3032 3485; x_wconf 90' lang='lat' dir='ltr'><strong>qui</strong></span> <span class='ocrx_word' id='word_1_667' title='bbox 3087 3418 3459 3488; x_wconf 71' lang='lat' dir='ltr'><strong>vigilaverint.</strong></span> 
     </span>
    </p>
   </div>
   <div class='ocr_carea' id='block_1_93' title="bbox 1890 3507 3468 3576">
    <p class='ocr_par' dir='ltr' id='par_1_93' title="bbox 1890 3507 3468 3576">
     <span class='ocr_line' id='line_1_93' title="bbox 1890 3507 3468 3576; baseline 0.003 -15"><span class='ocrx_word' id='word_1_668' title='bbox 1890 3507 2022 3561; x_wconf 78' lang='lat' dir='ltr'><strong>Nam</strong></span> <span class='ocrx_word' id='word_1_669' title='bbox 2061 3508 2106 3562; x_wconf 86' lang='lat' dir='ltr'><strong>si</strong></span> <span class='ocrx_word' id='word_1_670' title='bbox 2128 3509 2428 3576; x_wconf 87' lang='lat' dir='ltr'><strong>expediret,</strong></span> <span class='ocrx_word' id='word_1_671' title='bbox 2469 3518 2526 3560; x_wconf 93' lang='lat' dir='ltr'><strong>ut</strong></span> <span class='ocrx_word' id='word_1_672' title='bbox 2553 3508 2741 3562; x_wconf 88' lang='lat' dir='ltr'><strong>volunt</strong></span> <span class='ocrx_word' id='word_1_673' title='bbox 2781 3510 3028 3564; x_wconf 89' lang='lat' dir='ltr'><strong>nonnulli</strong></span> <span class='ocrx_word' id='word_1_674' title='bbox 3054 3513 3326 3576; x_wconf 84' lang='lat' dir='ltr'><strong>doctores,</strong></span> <span class='ocrx_word' id='word_1_675' title='bbox 3362 3515 3468 3566; x_wconf 81' lang='lat' dir='ltr'><strong>hu-</strong></span> 
     </span>
    </p>
   </div>
   <div class='ocr_carea' id='block_1_94' title="bbox 1884 3597 3466 3672">
    <p class='ocr_par' dir='ltr' id='par_1_94' title="bbox 1884 3597 3466 3672">
     <span class='ocr_line' id='line_1_94' title="bbox 1884 3597 3466 3672; baseline 0.004 -22"><span class='ocrx_word' id='word_1_676' title='bbox 1884 3597 2125 3666; x_wconf 89' lang='lat' dir='ltr'><strong>jusmodi</strong></span> <span class='ocrx_word' id='word_1_677' title='bbox 2156 3607 2341 3666; x_wconf 89' lang='lat' dir='ltr'><strong>aperte</strong></span> <span class='ocrx_word' id='word_1_678' title='bbox 2358 3597 2614 3665; x_wconf 76' lang='lat' dir='ltr'><strong>cognosci</strong></span> <span class='ocrx_word' id='word_1_679' title='bbox 2636 3612 2857 3662; x_wconf 87' lang='lat' dir='ltr'><strong>nomen,</strong></span> <span class='ocrx_word' id='word_1_680' title='bbox 2880 3599 2925 3652; x_wconf 88' lang='lat' dir='ltr'><strong>is</strong></span> <span class='ocrx_word' id='word_1_681' title='bbox 2956 3600 3147 3668; x_wconf 88' lang='lat' dir='ltr'><strong>utique</strong></span> <span class='ocrx_word' id='word_1_682' title='bbox 3169 3605 3263 3671; x_wconf 87' lang='lat' dir='ltr'><strong>qui</strong></span> <span class='ocrx_word' id='word_1_683' title='bbox 3289 3605 3466 3672; x_wconf 86' lang='lat' dir='ltr'><strong>ipsum</strong></span> 
     </span>
    </p>
   </div>
   <div class='ocr_carea' id='block_1_95' title="bbox 1889 3686 3472 3760">
    <p class='ocr_par' dir='ltr' id='par_1_95' title="bbox 1889 3686 3472 3760">
     <span class='ocr_line' id='line_1_95' title="bbox 1889 3686 3472 3760; baseline 0.006 -20"><span class='ocrx_word' id='word_1_684' title='bbox 1889 3687 2025 3741; x_wconf 85' lang='lat' dir='ltr'><strong>vidit</strong></span> <span class='ocrx_word' id='word_1_685' title='bbox 2049 3687 2366 3751; x_wconf 83' lang='lat' dir='ltr'><strong>revelassct,</strong></span> <span class='ocrx_word' id='word_1_686' title='bbox 2408 3686 2506 3741; x_wconf 88' lang='lat' dir='ltr'><strong>sed</strong></span> <span class='ocrx_word' id='word_1_687' title='bbox 2552 3702 2662 3740; x_wconf 92' lang='lat' dir='ltr'><strong>non</strong></span> <span class='ocrx_word' id='word_1_688' title='bbox 2711 3688 2917 3757; x_wconf 75' lang='lat' dir='ltr'><strong>placuit</strong></span> <span class='ocrx_word' id='word_1_689' title='bbox 2953 3689 3155 3745; x_wconf 69' lang='lat' dir='ltr'><strong>divinae</strong></span> <span class='ocrx_word' id='word_1_690' title='bbox 3186 3694 3375 3760; x_wconf 75' lang='lat' dir='ltr'><strong>gratiae</strong></span> <span class='ocrx_word' id='word_1_691' title='bbox 3411 3703 3472 3749; x_wconf 90' lang='lat' dir='ltr'><strong>ut</strong></span> 
     </span>
    </p>
   </div>
   <div class='ocr_carea' id='block_1_96' title="bbox 1891 3779 3472 3847">
    <p class='ocr_par' dir='ltr' id='par_1_96' title="bbox 1891 3779 3472 3847">
     <span class='ocr_line' id='line_1_96' title="bbox 1891 3779 3472 3847; baseline 0.003 -12"><span class='ocrx_word' id='word_1_692' title='bbox 1891 3797 2089 3836; x_wconf 87' lang='lat' dir='ltr'><strong>nomen</strong></span> <span class='ocrx_word' id='word_1_693' title='bbox 2117 3780 2363 3847; x_wconf 76' lang='lat' dir='ltr'><strong>pestiferi</strong></span> <span class='ocrx_word' id='word_1_694' title='bbox 2386 3779 2628 3834; x_wconf 84' lang='lat' dir='ltr'><strong>hominis</strong></span> <span class='ocrx_word' id='word_1_695' title='bbox 2671 3780 2727 3834; x_wconf 92' lang='lat' dir='ltr'><strong>in</strong></span> <span class='ocrx_word' id='word_1_696' title='bbox 2783 3781 2970 3835; x_wconf 87' lang='lat' dir='ltr'><strong>divino</strong></span> <span class='ocrx_word' id='word_1_697' title='bbox 3000 3782 3140 3838; x_wconf 85' lang='lat' dir='ltr'><strong>libro</strong></span> <span class='ocrx_word' id='word_1_698' title='bbox 3169 3785 3472 3840; x_wconf 80' lang='lat' dir='ltr'><strong>referretur</strong></span> 
     </span>
    </p>
   </div>
   <div class='ocr_carea' id='block_1_97' title="bbox 1887 3874 3469 3950">
    <p class='ocr_par' dir='ltr' id='par_1_97' title="bbox 1887 3874 3469 3950">
     <span class='ocr_line' id='line_1_97' title="bbox 1887 3874 3469 3950; baseline 0.003 -22"><span class='ocrx_word' id='word_1_699' title='bbox 1887 3875 1940 3928; x_wconf 89' lang='lat' dir='ltr'><strong>in</strong></span> <span class='ocrx_word' id='word_1_700' title='bbox 1976 3875 2223 3929; x_wconf 90' lang='lat' dir='ltr'><strong>ordinem</strong></span> <span class='ocrx_word' id='word_1_701' title='bbox 2267 3896 2280 3930; x_wconf 89' lang='lat'><strong>:</strong></span> <span class='ocrx_word' id='word_1_702' title='bbox 2317 3884 2554 3930; x_wconf 81' lang='lat' dir='ltr'><strong>attamen</strong></span> <span class='ocrx_word' id='word_1_703' title='bbox 2609 3874 2863 3950; x_wconf 74' lang='lat' dir='ltr'><strong>exercitii</strong></span> <span class='ocrx_word' id='word_1_704' title='bbox 2905 3877 3079 3944; x_wconf 70' lang='lat' dir='ltr'><strong>gratia</strong></span> <span class='ocrx_word' id='word_1_705' title='bbox 3133 3877 3304 3932; x_wconf 88' lang='lat' dir='ltr'><strong>multa</strong></span> <span class='ocrx_word' id='word_1_706' title='bbox 3336 3893 3469 3948; x_wconf 86' lang='lat' dir='ltr'><strong>pos-</strong></span> 
     </span>
    </p>
   </div>
   <div class='ocr_carea' id='block_1_98' title="bbox 1886 3966 3469 4040">
    <p class='ocr_par' dir='ltr' id='par_1_98' title="bbox 1886 3966 3469 4040">
     <span class='ocr_line' id='line_1_98' title="bbox 1886 3966 3469 4040; baseline 0.004 -20"><span class='ocrx_word' id='word_1_707' title='bbox 1886 3974 2017 4021; x_wconf 86' lang='lat' dir='ltr'><strong>sunt</strong></span> <span class='ocrx_word' id='word_1_708' title='bbox 2073 3966 2307 4022; x_wconf 75' lang='lat' dir='ltr'><strong>inveniri</strong></span> <span class='ocrx_word' id='word_1_709' title='bbox 2356 3968 2578 4021; x_wconf 83' lang='lat' dir='ltr'><strong>nomina</strong></span> <span class='ocrx_word' id='word_1_710' title='bbox 2628 3967 2782 4037; x_wconf 86' lang='lat' dir='ltr'><strong>juxta</strong></span> <span class='ocrx_word' id='word_1_711' title='bbox 2831 3967 3050 4022; x_wconf 90' lang='lat' dir='ltr'><strong>beatum</strong></span> <span class='ocrx_word' id='word_1_712' title='bbox 3116 3970 3469 4040; x_wconf 77' lang='lat' dir='ltr'><strong>Hippolytum</strong></span> 
     </span>
    </p>
   </div>
   <div class='ocr_carea' id='block_1_99' title="bbox 1887 4058 3470 4129">
    <p class='ocr_par' dir='ltr' id='par_1_99' title="bbox 1887 4058 3470 4129">
     <span class='ocr_line' id='line_1_99' title="bbox 1887 4058 3470 4129; baseline 0.004 -18"><span class='ocrx_word' id='word_1_713' title='bbox 1887 4058 2052 4129; x_wconf 78' lang='lat'><strong>766</strong></span> <span class='ocrx_word' id='word_1_714' title='bbox 2080 4058 2330 4128; x_wconf 83' lang='lat' dir='ltr'><strong>aliosque</strong></span> <span class='ocrx_word' id='word_1_715' title='bbox 2361 4059 2562 4114; x_wconf 87' lang='lat' dir='ltr'><strong>multos</strong></span> <span class='ocrx_word' id='word_1_716' title='bbox 2593 4076 2716 4125; x_wconf 70' lang='lat' dir='ltr'><strong>quae</strong></span> <span class='ocrx_word' id='word_1_717' title='bbox 2757 4061 2903 4115; x_wconf 91' lang='lat' dir='ltr'><strong>hunc</strong></span> <span class='ocrx_word' id='word_1_718' title='bbox 2928 4061 3249 4117; x_wconf 86' lang='lat' dir='ltr'><strong>contineant</strong></span> <span class='ocrx_word' id='word_1_719' title='bbox 3273 4079 3470 4118; x_wconf 86' lang='lat' dir='ltr'><strong>nume-</strong></span> 
     </span>
    </p>
   </div>
   <div class='ocr_carea' id='block_1_100' title="bbox 1889 4137 2979 4220">
    <p class='ocr_par' dir='ltr' id='par_1_100' title="bbox 1889 4137 2979 4220">
     <span class='ocr_line' id='line_1_100' title="bbox 1889 4137 2979 4220; baseline 0.001 -18"><span class='ocrx_word' id='word_1_720' title='bbox 1889 4166 2008 4203; x_wconf 87' lang='lat' dir='ltr'><strong>rum</strong></span> <span class='ocrx_word' id='word_1_721' title='bbox 2045 4159 2154 4204; x_wconf 89' lang='lat' dir='ltr'><strong>tam</strong></span> <span class='ocrx_word' id='word_1_722' title='bbox 2185 4150 2403 4220; x_wconf 74' lang='lat' dir='ltr'><strong>propria</strong></span> <span class='ocrx_word' id='word_1_723' title='bbox 2433 4137 2598 4219; x_wconf 81' lang='lat' dir='ltr'><strong>quam</strong></span> <span class='ocrx_word' id='word_1_724' title='bbox 2631 4152 2979 4220; x_wconf 68' lang='lat' dir='ltr'><strong>appellativa.</strong></span> 
     </span>
    </p>
   </div>
   <div class='ocr_carea' id='block_1_101' title="bbox 2413 4282 2938 4340">
    <p class='ocr_par' dir='ltr' id='par_1_101' title="bbox 2413 4282 2938 4340">
     <span class='ocr_line' id='line_1_101' title="bbox 2413 4282 2938 4340; baseline 0.004 -2"><span class='ocrx_word' id='word_1_725' title='bbox 2413 4282 2641 4338; x_wconf 78' lang='lat' dir='ltr'><strong>CAPUT</strong></span> <span class='ocrx_word' id='word_1_726' title='bbox 2693 4283 2938 4340; x_wconf 71' lang='lat' dir='ltr'><strong>XXXIX.</strong></span> 
     </span>
    </p>
   </div>
   <div class='ocr_carea' id='block_1_102' title="bbox 1890 4397 3470 4472">
    <p class='ocr_par' dir='ltr' id='par_1_102' title="bbox 1890 4397 3470 4472">
     <span class='ocr_line' id='line_1_102' title="bbox 1890 4397 3470 4472; baseline 0.002 -20"><span class='ocrx_word' id='word_1_727' title='bbox 1890 4397 1968 4452; x_wconf 83' lang='lat' dir='ltr'><strong>Dc</strong></span> <span class='ocrx_word' id='word_1_728' title='bbox 2001 4407 2210 4451; x_wconf 82' lang='lat' dir='ltr'><strong>centum</strong></span> <span class='ocrx_word' id='word_1_729' title='bbox 2263 4398 2622 4466; x_wconf 82' lang='lat' dir='ltr'><strong>quadraginta</strong></span> <span class='ocrx_word' id='word_1_730' title='bbox 2660 4410 2889 4467; x_wconf 85' lang='lat' dir='ltr'><strong>quatuor</strong></span> <span class='ocrx_word' id='word_1_731' title='bbox 2951 4401 3184 4455; x_wconf 81' lang='lat' dir='ltr'><strong>millibus</strong></span> <span class='ocrx_word' id='word_1_732' title='bbox 3231 4405 3321 4472; x_wconf 86' lang='lat' dir='ltr'><strong>qui</strong></span> <span class='ocrx_word' id='word_1_733' title='bbox 3353 4419 3470 4455; x_wconf 81' lang='lat' dir='ltr'><strong>cum</strong></span> 
     </span>
    </p>
   </div>
   <div class='ocr_carea' id='block_1_103' title="bbox 2191 4472 3104 4538">
    <p class='ocr_par' dir='ltr' id='par_1_103' title="bbox 2191 4472 3104 4538">
     <span class='ocr_line' id='line_1_103' title="bbox 2191 4472 3104 4538; baseline 0.005 -17"><span class='ocrx_word' id='word_1_734' title='bbox 2191 4512 2222 4535; x_wconf 46' lang='grc' dir='ltr'><strong>μ</strong></span> <span class='ocrx_word' id='word_1_735' title='bbox 2243 4476 2391 4538; x_wconf 75' lang='lat' dir='ltr'><strong>Agna</strong></span> <span class='ocrx_word' id='word_1_736' title='bbox 2421 4472 2634 4521; x_wconf 82' lang='lat' dir='ltr'><strong>stabunt</strong></span> <span class='ocrx_word' id='word_1_737' title='bbox 2671 4473 2721 4522; x_wconf 87' lang='lat' dir='ltr'><strong>in</strong></span> <span class='ocrx_word' id='word_1_738' title='bbox 2745 4481 2919 4524; x_wconf 84' lang='lat' dir='ltr'><strong>monte</strong></span> <span class='ocrx_word' id='word_1_739' title='bbox 2953 4473 3104 4526; x_wconf 72' lang='lat' dir='ltr'><strong>Sion.</strong></span> 
     </span>
    </p>
   </div>
   <div class='ocr_carea' id='block_1_104' title="bbox 1960 4591 3474 4680">
    <p class='ocr_par' dir='ltr' id='par_1_104' title="bbox 1960 4591 3474 4680">
     <span class='ocr_line' id='line_1_104' title="bbox 1960 4591 3474 4680; baseline 0.005 -20"><span class='ocrx_word' id='word_1_740' title='bbox 1960 4591 2111 4672; x_wconf 54' lang='grc' dir='ltr'>χιιι</span> <span class='ocrx_word' id='word_1_741' title='bbox 2135 4607 2254 4662; x_wconf 72' lang='grc'><strong>1-5.</strong></span> <span class='ocrx_word' id='word_1_742' title='bbox 2285 4608 2352 4662; x_wconf 80' lang='lat' dir='ltr'><strong>Et</strong></span> <span class='ocrx_word' id='word_1_743' title='bbox 2385 4609 2491 4662; x_wconf 78' lang='lat' dir='ltr'><strong>uidi</strong></span> <span class='ocrx_word' id='word_1_744' title='bbox 2524 4619 2572 4661; x_wconf 90' lang='lat' dir='ltr'><strong>et</strong></span> <span class='ocrx_word' id='word_1_745' title='bbox 2610 4625 2725 4663; x_wconf 60' lang='lat' dir='ltr'><strong>(cce</strong></span> <span class='ocrx_word' id='word_1_746' title='bbox 2765 4611 2946 4680; x_wconf 77' lang='lat' dir='ltr'><strong>Agnus</strong></span> <span class='ocrx_word' id='word_1_747' title='bbox 2992 4612 3170 4666; x_wconf 83' lang='lat' dir='ltr'><strong>stabat</strong></span> <span class='ocrx_word' id='word_1_748' title='bbox 3209 4613 3264 4666; x_wconf 89' lang='lat' dir='ltr'><strong>in</strong></span> <span class='ocrx_word' id='word_1_749' title='bbox 3299 4624 3474 4668; x_wconf 83' lang='lat' dir='ltr'><strong>monte</strong></span> 
     </span>
    </p>
   </div>
   <div class='ocr_carea' id='block_1_105' title="bbox 1885 4699 3473 4776">
    <p class='ocr_par' dir='ltr' id='par_1_105' title="bbox 1885 4699 3473 4776">
     <span class='ocr_line' id='line_1_105' title="bbox 1885 4699 3473 4776; baseline 0.004 -22"><span class='ocrx_word' id='word_1_750' title='bbox 1885 4699 2100 4764; x_wconf 87' lang='lat' dir='ltr'><strong>Sion,et</strong></span> <span class='ocrx_word' id='word_1_751' title='bbox 2129 4716 2247 4752; x_wconf 91' lang='lat' dir='ltr'><strong>cum</strong></span> <span class='ocrx_word' id='word_1_752' title='bbox 2272 4717 2330 4752; x_wconf 87' lang='lat' dir='ltr'><strong>eo</strong></span> <span class='ocrx_word' id='word_1_753' title='bbox 2361 4716 2609 4754; x_wconf 63' lang='lat' dir='ltr'><strong>numerus</strong></span> <span class='ocrx_word' id='word_1_754' title='bbox 2633 4713 2840 4755; x_wconf 87' lang='lat' dir='ltr'><strong>centum</strong></span> <span class='ocrx_word' id='word_1_755' title='bbox 2857 4705 3223 4774; x_wconf 79' lang='lat' dir='ltr'><strong>quadraginta</strong></span> <span class='ocrx_word' id='word_1_756' title='bbox 3241 4721 3473 4776; x_wconf 82' lang='lat' dir='ltr'><strong>quatuor</strong></span> 
     </span>
    </p>
   </div>
   <div class='ocr_carea' id='block_1_106' title="bbox 1884 4793 3466 4869">
    <p class='ocr_par' dir='ltr' id='par_1_106' title="bbox 1884 4793 3466 4869">
     <span class='ocr_line' id='line_1_106' title="bbox 1884 4793 3466 4869; baseline 0.004 -23"><span class='ocrx_word' id='word_1_757' title='bbox 1884 4794 2110 4846; x_wconf 81' lang='lat' dir='ltr'><strong>millium</strong></span> <span class='ocrx_word' id='word_1_758' title='bbox 2133 4793 2438 4848; x_wconf 78' lang='lat' dir='ltr'><strong>habentium</strong></span> <span class='ocrx_word' id='word_1_759' title='bbox 2474 4812 2658 4849; x_wconf 83' lang='lat' dir='ltr'><strong>nomen</strong></span> <span class='ocrx_word' id='word_1_760' title='bbox 2701 4797 2816 4864; x_wconf 81' lang='lat' dir='ltr'><strong>ejus</strong></span> <span class='ocrx_word' id='word_1_761' title='bbox 2847 4808 2894 4850; x_wconf 89' lang='lat' dir='ltr'><strong>et</strong></span> <span class='ocrx_word' id='word_1_762' title='bbox 2933 4813 3120 4850; x_wconf 82' lang='lat' dir='ltr'><strong>nomen</strong></span> <span class='ocrx_word' id='word_1_763' title='bbox 3151 4801 3320 4865; x_wconf 84' lang='lat' dir='ltr'><strong>patris</strong></span> <span class='ocrx_word' id='word_1_764' title='bbox 3349 4801 3466 4869; x_wconf 86' lang='lat' dir='ltr'><strong>ejus</strong></span> 
     </span>
    </p>
   </div>
   <div class='ocr_carea' id='block_1_107' title="bbox 1885 4887 3472 4955">
    <p class='ocr_par' dir='ltr' id='par_1_107' title="bbox 1885 4887 3472 4955">
     <span class='ocr_line' id='line_1_107' title="bbox 1885 4887 3472 4955; baseline 0.003 -15"><span class='ocrx_word' id='word_1_765' title='bbox 1885 4889 2140 4955; x_wconf 84' lang='lat' dir='ltr'><strong>scriptum</strong></span> <span class='ocrx_word' id='word_1_766' title='bbox 2171 4887 2224 4938; x_wconf 90' lang='lat' dir='ltr'><strong>in</strong></span> <span class='ocrx_word' id='word_1_767' title='bbox 2249 4888 2514 4951; x_wconf 75' lang='lat' dir='ltr'><strong>frontibus</strong></span> <span class='ocrx_word' id='word_1_768' title='bbox 2550 4889 2684 4942; x_wconf 87' lang='lat' dir='ltr'><strong>suis.</strong></span> <span class='ocrx_word' id='word_1_769' title='bbox 2714 4888 2779 4941; x_wconf 80' lang='lat' dir='ltr'><strong>Et</strong></span> <span class='ocrx_word' id='word_1_770' title='bbox 2804 4889 2986 4942; x_wconf 82' lang='lat' dir='ltr'><strong>audivi</strong></span> <span class='ocrx_word' id='word_1_771' title='bbox 3028 4905 3200 4943; x_wconf 70' lang='lat' dir='ltr'><strong>vocem</strong></span> <span class='ocrx_word' id='word_1_772' title='bbox 3248 4892 3312 4944; x_wconf 81' lang='lat' dir='ltr'><strong>de</strong></span> <span class='ocrx_word' id='word_1_773' title='bbox 3340 4895 3472 4946; x_wconf 65' lang='lat' dir='ltr'><strong>calo</strong></span> 
     </span>
    </p>
   </div>
   <div class='ocr_carea' id='block_1_108' title="bbox 1885 4984 3468 5053">
    <p class='ocr_par' dir='ltr' id='par_1_108' title="bbox 1885 4984 3468 5053">
     <span class='ocr_line' id='line_1_108' title="bbox 1885 4984 3468 5053; baseline 0.004 -20"><span class='ocrx_word' id='word_1_774' title='bbox 1885 4992 2141 5050; x_wconf 86' lang='lat' dir='ltr'><strong>tanquam</strong></span> <span class='ocrx_word' id='word_1_775' title='bbox 2166 4998 2341 5034; x_wconf 86' lang='lat' dir='ltr'><strong>vocem</strong></span> <span class='ocrx_word' id='word_1_776' title='bbox 2372 4999 2633 5050; x_wconf 88' lang='lat' dir='ltr'><strong>aquarum</strong></span> <span class='ocrx_word' id='word_1_777' title='bbox 2668 4984 2983 5046; x_wconf 89' lang='lat' dir='ltr'><strong>multarum,</strong></span> <span class='ocrx_word' id='word_1_778' title='bbox 3015 4994 3063 5037; x_wconf 81' lang='lat' dir='ltr'><strong>et</strong></span> <span class='ocrx_word' id='word_1_779' title='bbox 3091 4995 3347 5053; x_wconf 87' lang='lat' dir='ltr'><strong>tanquam</strong></span> <span class='ocrx_word' id='word_1_780' title='bbox 3376 5003 3468 5039; x_wconf 78' lang='lat' dir='ltr'><strong>vo-</strong></span> 
     </span>
    </p>
   </div>
   <div class='ocr_carea' id='block_1_109' title="bbox 1886 5076 3470 5143">
    <p class='ocr_par' dir='ltr' id='par_1_109' title="bbox 1886 5076 3470 5143">
     <span class='ocr_line' id='line_1_109' title="bbox 1886 5076 3470 5143; baseline 0.002 -15"><span class='ocrx_word' id='word_1_781' title='bbox 1886 5091 1996 5129; x_wconf 85' lang='lat' dir='ltr'><strong>cem</strong></span> <span class='ocrx_word' id='word_1_782' title='bbox 2037 5076 2255 5128; x_wconf 88' lang='lat' dir='ltr'><strong>tonitrui</strong></span> <span class='ocrx_word' id='word_1_783' title='bbox 2293 5078 2471 5141; x_wconf 80' lang='lat' dir='ltr'><strong>magni</strong></span> <span class='ocrx_word' id='word_1_784' title='bbox 2514 5092 2532 5128; x_wconf 88' lang='lat'><em>:</em></span> <span class='ocrx_word' id='word_1_785' title='bbox 2558 5087 2605 5128; x_wconf 87' lang='lat' dir='ltr'><strong>et</strong></span> <span class='ocrx_word' id='word_1_786' title='bbox 2635 5089 2734 5127; x_wconf 72' lang='lat' dir='ltr'><strong>vos:</strong></span> <span class='ocrx_word' id='word_1_787' title='bbox 2771 5091 2933 5143; x_wconf 88' lang='lat' dir='ltr'><strong>quam</strong></span> <span class='ocrx_word' id='word_1_788' title='bbox 2970 5076 3152 5129; x_wconf 81' lang='lat' dir='ltr'><strong>audivi</strong></span> <span class='ocrx_word' id='word_1_789' title='bbox 3193 5078 3352 5130; x_wconf 74' lang='lat' dir='ltr'><strong>veluti</strong></span> <span class='ocrx_word' id='word_1_790' title='bbox 3392 5081 3470 5132; x_wconf 87' lang='lat' dir='ltr'><strong>ci-</strong></span> 
     </span>
    </p>
   </div>
   <div class='ocr_carea' id='block_1_110' title="bbox 1885 5166 3470 5224">
    <p class='ocr_par' dir='ltr' id='par_1_110' title="bbox 1885 5166 3470 5224">
     <span class='ocr_line' id='line_1_110' title="bbox 1885 5166 3470 5224; baseline 0.003 -5"><span class='ocrx_word' id='word_1_791' title='bbox 1885 5170 2239 5221; x_wconf 75' lang='lat' dir='ltr'><strong>tharoedorum</strong></span> <span class='ocrx_word' id='word_1_792' title='bbox 2262 5169 2696 5221; x_wconf 74' lang='lat' dir='ltr'><strong>cit/mrisamium</strong></span> <span class='ocrx_word' id='word_1_793' title='bbox 2741 5168 2797 5220; x_wconf 87' lang='lat' dir='ltr'><strong>in</strong></span> <span class='ocrx_word' id='word_1_794' title='bbox 2832 5166 3054 5221; x_wconf 77' lang='lat' dir='ltr'><strong>citharis</strong></span> <span class='ocrx_word' id='word_1_795' title='bbox 3084 5169 3214 5223; x_wconf 85' lang='lat' dir='ltr'><strong>suis.</strong></span> <span class='ocrx_word' id='word_1_796' title='bbox 3268 5169 3336 5222; x_wconf 81' lang='lat' dir='ltr'><strong>Et</strong></span> <span class='ocrx_word' id='word_1_797' title='bbox 3378 5188 3470 5224; x_wconf 91' lang='lat' dir='ltr'><strong>ca-</strong></span> 
     </span>
    </p>
   </div>
   <div class='ocr_carea' id='block_1_111' title="bbox 1883 5261 3469 5329">
    <p class='ocr_par' dir='ltr' id='par_1_111' title="bbox 1883 5261 3469 5329">
     <span class='ocr_line' id='line_1_111' title="bbox 1883 5261 3469 5329; baseline 0.003 -17"><span class='ocrx_word' id='word_1_798' title='bbox 1883 5271 2013 5312; x_wconf 79' lang='lat' dir='ltr'><strong>nunt</strong></span> <span class='ocrx_word' id='word_1_799' title='bbox 2042 5262 2196 5329; x_wconf 86' lang='lat' dir='ltr'><strong>quasi</strong></span> <span class='ocrx_word' id='word_1_800' title='bbox 2230 5261 2500 5313; x_wconf 86' lang='lat' dir='ltr'><strong>canticum</strong></span> <span class='ocrx_word' id='word_1_801' title='bbox 2543 5277 2733 5313; x_wconf 83' lang='lat' dir='ltr'><strong>novum</strong></span> <span class='ocrx_word' id='word_1_802' title='bbox 2778 5272 2898 5313; x_wconf 88' lang='lat' dir='ltr'><strong>ante</strong></span> <span class='ocrx_word' id='word_1_803' title='bbox 2951 5261 3219 5327; x_wconf 81' lang='lat' dir='ltr'><strong>thronum,</strong></span> <span class='ocrx_word' id='word_1_804' title='bbox 3257 5271 3310 5315; x_wconf 85' lang='lat' dir='ltr'><strong>et</strong></span> <span class='ocrx_word' id='word_1_805' title='bbox 3347 5274 3469 5316; x_wconf 88' lang='lat' dir='ltr'><strong>ante</strong></span> 
     </span>
    </p>
   </div>
   <div class='ocr_carea' id='block_1_112' title="bbox 1881 5351 3472 5422">
    <p class='ocr_par' dir='ltr' id='par_1_112' title="bbox 1881 5351 3472 5422">
     <span class='ocr_line' id='line_1_112' title="bbox 1881 5351 3472 5422; baseline 0.001 -18"><span class='ocrx_word' id='word_1_806' title='bbox 1881 5363 2111 5422; x_wconf 87' lang='lat' dir='ltr'><strong>quatuor</strong></span> <span class='ocrx_word' id='word_1_807' title='bbox 2143 5353 2401 5405; x_wconf 85' lang='lat' dir='ltr'><strong>animalia</strong></span> <span class='ocrx_word' id='word_1_808' title='bbox 2451 5363 2500 5406; x_wconf 90' lang='lat' dir='ltr'><strong>et</strong></span> <span class='ocrx_word' id='word_1_809' title='bbox 2559 5354 2808 5406; x_wconf 74' lang='lat' dir='ltr'><strong>seniores.</strong></span> <span class='ocrx_word' id='word_1_810' title='bbox 2840 5351 2909 5405; x_wconf 82' lang='lat' dir='ltr'><strong>Et</strong></span> <span class='ocrx_word' id='word_1_811' title='bbox 2945 5368 3096 5406; x_wconf 74' lang='lat' dir='ltr'><strong>nemo</strong></span> <span class='ocrx_word' id='word_1_812' title='bbox 3125 5361 3331 5420; x_wconf 80' lang='lat' dir='ltr'><strong>potemt</strong></span> <span class='ocrx_word' id='word_1_813' title='bbox 3384 5356 3472 5405; x_wconf 84' lang='lat' dir='ltr'><strong>di-</strong></span> 
     </span>
    </p>
   </div>
   <div class='ocr_carea' id='block_1_113' title="bbox 1880 5443 3467 5514">
    <p class='ocr_par' dir='ltr' id='par_1_113' title="bbox 1880 5443 3467 5514">
     <span class='ocr_line' id='line_1_113' title="bbox 1880 5443 3467 5514; baseline 0 -18"><span class='ocrx_word' id='word_1_814' title='bbox 1880 5461 2020 5498; x_wconf 81' lang='lat' dir='ltr'><strong>scere</strong></span> <span class='ocrx_word' id='word_1_815' title='bbox 2052 5445 2317 5497; x_wconf 87' lang='lat' dir='ltr'><strong>canticum</strong></span> <span class='ocrx_word' id='word_1_816' title='bbox 2348 5444 2484 5496; x_wconf 86' lang='lat' dir='ltr'><strong>illud</strong></span> <span class='ocrx_word' id='word_1_817' title='bbox 2539 5445 2642 5496; x_wconf 87' lang='lat' dir='ltr'><strong>nisi</strong></span> <span class='ocrx_word' id='word_1_818' title='bbox 2692 5445 2790 5497; x_wconf 83' lang='lat' dir='ltr'><strong>illa</strong></span> <span class='ocrx_word' id='word_1_819' title='bbox 2837 5453 3046 5497; x_wconf 81' lang='lat' dir='ltr'><strong>centum</strong></span> <span class='ocrx_word' id='word_1_820' title='bbox 3105 5443 3467 5514; x_wconf 80' lang='lat' dir='ltr'><strong>quadraginta</strong></span> 
     </span>
    </p>
   </div>
   <div class='ocr_carea' id='block_1_114' title="bbox 1879 5538 3037 5607">
    <p class='ocr_par' dir='ltr' id='par_1_114' title="bbox 1879 5538 3037 5607">
     <span class='ocr_line' id='line_1_114' title="bbox 1879 5538 3037 5607; baseline 0 -15"><span class='ocrx_word' id='word_1_821' title='bbox 1879 5549 2108 5607; x_wconf 88' lang='lat' dir='ltr'><strong>quatuor</strong></span> <span class='ocrx_word' id='word_1_822' title='bbox 2139 5539 2308 5592; x_wconf 89' lang='lat' dir='ltr'><strong>millia</strong></span> <span class='ocrx_word' id='word_1_823' title='bbox 2332 5540 2422 5607; x_wconf 87' lang='lat' dir='ltr'><strong>qui</strong></span> <span class='ocrx_word' id='word_1_824' title='bbox 2452 5538 2613 5606; x_wconf 84' lang='lat' dir='ltr'><strong>empti</strong></span> <span class='ocrx_word' id='word_1_825' title='bbox 2643 5551 2762 5593; x_wconf 86' lang='lat' dir='ltr'><strong>sunt</strong></span> <span class='ocrx_word' id='word_1_826' title='bbox 2783 5539 2847 5592; x_wconf 85' lang='lat' dir='ltr'><strong>de</strong></span> <span class='ocrx_word' id='word_1_827' title='bbox 2872 5548 3037 5592; x_wconf 83' lang='lat' dir='ltr'><strong>terra.</strong></span> 
     </span>
    </p>
   </div>
   <div class='ocr_carea' id='block_1_115' title="bbox 1953 5716 3461 5788">
    <p class='ocr_par' dir='ltr' id='par_1_115' title="bbox 1953 5716 3461 5788">
     <span class='ocr_line' id='line_1_115' title="bbox 1953 5716 3461 5788; baseline -0.001 -17"><span class='ocrx_word' id='word_1_828' title='bbox 1953 5717 2214 5772; x_wconf 81' lang='lat' dir='ltr'><strong>Inmonte</strong></span> <span class='ocrx_word' id='word_1_829' title='bbox 2244 5717 2393 5772; x_wconf 84' lang='lat' dir='ltr'><strong>Sion.</strong></span> <span class='ocrx_word' id='word_1_830' title='bbox 2422 5716 2539 5772; x_wconf 84' lang='lat' dir='ltr'><strong>Non</strong></span> <span class='ocrx_word' id='word_1_831' title='bbox 2569 5720 2623 5772; x_wconf 91' lang='lat' dir='ltr'><strong>in</strong></span> <span class='ocrx_word' id='word_1_832' title='bbox 2666 5719 2834 5774; x_wconf 86' lang='lat' dir='ltr'><strong>veteri</strong></span> <span class='ocrx_word' id='word_1_833' title='bbox 2880 5719 3037 5781; x_wconf 86' lang='lat' dir='ltr'><strong>Sion,</strong></span> <span class='ocrx_word' id='word_1_834' title='bbox 3101 5719 3229 5788; x_wconf 89' lang='lat' dir='ltr'><strong>quia</strong></span> <span class='ocrx_word' id='word_1_835' title='bbox 3283 5732 3461 5787; x_wconf 84' lang='lat' dir='ltr'><strong>neque</strong></span> 
     </span>
    </p>
   </div>
   <div class='ocr_carea' id='block_1_116' title="bbox 1883 5809 3461 5881">
    <p class='ocr_par' dir='ltr' id='par_1_116' title="bbox 1883 5809 3461 5881">
     <span class='ocr_line' id='line_1_116' title="bbox 1883 5809 3461 5881; baseline 0 -16"><span class='ocrx_word' id='word_1_836' title='bbox 1883 5811 2000 5866; x_wconf 79' lang='lat' dir='ltr'><strong>lucc</strong></span> <span class='ocrx_word' id='word_1_837' title='bbox 2029 5813 2445 5879; x_wconf 79' lang='lat' dir='ltr'><strong>obtemperabat</strong></span> <span class='ocrx_word' id='word_1_838' title='bbox 2490 5813 2648 5881; x_wconf 80' lang='lat' dir='ltr'><strong>Agno</strong></span> <span class='ocrx_word' id='word_1_839' title='bbox 2696 5812 2792 5880; x_wconf 90' lang='lat' dir='ltr'><strong>qui</strong></span> <span class='ocrx_word' id='word_1_840' title='bbox 2823 5819 2910 5865; x_wconf 85' lang='lat' dir='ltr'><strong>est</strong></span> <span class='ocrx_word' id='word_1_841' title='bbox 2959 5809 3234 5872; x_wconf 88' lang='lat' dir='ltr'><strong>Christus,</strong></span> <span class='ocrx_word' id='word_1_842' title='bbox 3269 5811 3361 5865; x_wconf 88' lang='lat' dir='ltr'><strong>sed</strong></span> <span class='ocrx_word' id='word_1_843' title='bbox 3405 5813 3461 5865; x_wconf 90' lang='lat' dir='ltr'><strong>in</strong></span> 
     </span>
    </p>
   </div>
   <div class='ocr_carea' id='block_1_117' title="bbox 1880 5901 3449 5978">
    <p class='ocr_par' dir='ltr' id='par_1_117' title="bbox 1880 5901 3449 5978">
     <span class='ocr_line' id='line_1_117' title="bbox 1880 5901 3449 5978; baseline -0.004 -15"><span class='ocrx_word' id='word_1_844' title='bbox 1880 5922 2021 5964; x_wconf 87' lang='lat' dir='ltr'><strong>nova</strong></span> <span class='ocrx_word' id='word_1_845' title='bbox 2044 5923 2166 5978; x_wconf 79' lang='lat' dir='ltr'><strong>quae</strong></span> <span class='ocrx_word' id='word_1_846' title='bbox 2195 5915 2278 5964; x_wconf 86' lang='lat' dir='ltr'><strong>cst</strong></span> <span class='ocrx_word' id='word_1_847' title='bbox 2306 5906 2498 5962; x_wconf 74' lang='lat' dir='ltr'><strong>civitas</strong></span> <span class='ocrx_word' id='word_1_848' title='bbox 2523 5905 2615 5959; x_wconf 89' lang='lat' dir='ltr'><strong>Dei</strong></span> <span class='ocrx_word' id='word_1_849' title='bbox 2645 5904 2878 5961; x_wconf 82' lang='lat' dir='ltr'><strong>viventis</strong></span> <span class='ocrx_word' id='word_1_850' title='bbox 2911 5919 3079 5975; x_wconf 85' lang='lat' dir='ltr'><strong>quam</strong></span> <span class='ocrx_word' id='word_1_851' title='bbox 3122 5917 3268 5957; x_wconf 89' lang='lat' dir='ltr'><strong>nunc</strong></span> <span class='ocrx_word' id='word_1_852' title='bbox 3313 5901 3449 5958; x_wconf 86' lang='lat' dir='ltr'><strong>dici-</strong></span> 
     </span>
    </p>
   </div>
   <div class='ocr_carea' id='block_1_118' title="bbox 2977 5999 3057 6059">
    <p class='ocr_par' dir='ltr' id='par_1_118' title="bbox 2977 5999 3057 6059">
     <span class='ocr_line' id='line_1_118' title="bbox 2977 5999 3057 6059; baseline 0 0"><span class='ocrx_word' id='word_1_853' title='bbox 2977 5999 3057 6059; x_wconf 75' lang='lat'><strong>2&#39;2</strong></span> 
     </span>
    </p>
   </div>
  </div>
