4256 6440
767 400 872 464 683

1579 400 1907 462 ΑΗΕΤΗῘΕ
1947 396 2326 461 ΟΑΞΒΛΒΕΕ
2362 396 2597 458 CAPPA
2612 396 2851 457 DOCl/E
2891 395 3231 457 EPISCOPI

3920 391 4031 455 684

771 520 859 565 tur
882 508 1072 579 Agnus
1126 507 1462 569 ascendisse.
1505 508 1896 563 manilcstautc
1945 508 2158 562 visione
2213 520 2344 560 con-
2372 504 2721 567 Αδείκνυται
2770 505 2827 555 ἔτι

2471 504 2721 558 ἐείκνυται
2770 503 3099 572 ἔπιὸεόηκὸς
3162 503 3223 557 τὸ
3267 501 3456 573 ἀρνίον
3503 502 3597 571 τὴν
3645 501 3730 553 ἐπ’
3782 502 4033 569 ἐσχάτων

765 601 1075 657 versionem
1121 600 1286 654 Israel
1330 614 1452 668 qua:
1493 599 1583 652 ﬁet
1636 598 1937 667 postremis
1978 598 2339 664 temporibus,

767 710 934 768 quam
961 705 1013 749 et
1050 694 1208 746 divus
1232 692 1412 747 innuit
1444 690 1647 747 Paulus
1674 692 1803 746 dum
1831 693 1906 745 ait
1941 708 1954 745 :
1994 708 2011 741 ι
2062 689 2200 745 Cum
2228 690 2343 759 ple-

2445 595 2800 667 ἐπιστροφὴν,
2822 595 3242 666 παραδηλούσης
3254 595 3354 665 τῆς
3373 594 3638 657 ὀπτασίας
3655 591 3749 646 τοῦ
3775 593 4021 664 Ἰσραήλ.

2449 686 2552 739 Ἦν
2585 687 2681 739 καὶ
2707 686 2963 748 Παῦλοςὸ
2990 686 3133 749 θεῖος
3161 686 3382 756 ᾐνίξατο
3409 683 3477 738 δι’
3495 678 3570 738 ὧν
3596 700 3761 753 φησιν
3791 699 3805 713 ’
3845 702 3863 733 ι
3894 684 4029 735 Ὅτε

771 775 961 843 nitudo
987 785 1229 856 gentium
1268 785 1578 848 intraverit,
1608 794 1739 838 tunc
1762 783 1940 837 omnis
1977 781 2139 836 Israel
2159 781 2343 837 salvus
2444 779 2506 831 τὸ
2536 779 2813 849 πλήρωμα

2471 779 2506 831 λδ
2536 779 2813 849 πλήρωμα
2843 778 2952 831 τῶν
2979 778 3151 831 ἐθνῶν
3195 776 3439 848 εἰσέλθῃ,
3499 777 3619 829 τότε
3649 777 3758 838 πᾶς
3808 773 4029 846 Ἰσραὴλ

765 882 874 935 erit
902 879 969 946 ’⁸,
1007 897 1026 931 ι
1057 879 1111 931 in
1145 876 1346 932 Christi
1380 876 1636 931 videlicet
1680 876 1933 930 redactus
1984 872 2341 927 famulitium.

838 969 907 1023 Et
939 985 1059 1023 cum
1086 984 1145 1022 eo
1189 982 1437 1021 numerus
1485 974 1691 1019 centum
1731 961 2089 1033 quadraginta
2116 969 2375 1031 quatuor’

768 1062 1014 1116 millium.
1040 1058 1315 1113 Numerus
1343 1058 1538 1112 borum
1572 1054 1829 1119 millium,
1862 1068 1973 1107 non
2002 1053 2226 1107 illorum
2259 1059 2348 1105 est

767 1156 834 1209 de
860 1155 1062 1224 quibus
1094 1152 1414 1222 praedictum
1444 1157 1529 1202 est
1556 1146 1703 1217 quod
1744 1161 1810 1201 ex
1835 1159 2167 1215 unaquaque
2197 1139 2346 1198 tribu

768 1248 1118 1303 crediderunt
1149 1245 1200 1297 in
1232 1244 1510 1297 Christum
1544 1258 1557 1294 :
1612 1255 1735 1293 nam
1793 1240 1839 1293 si
1892 1239 1945 1293 id
1980 1237 2194 1299 fuisset,
2222 1250 2345 1291 cum

769 1338 999 1394 articulo
1037 1334 1358 1405 protulisset
1388 1333 1603 1396 dicens,
1629 1328 1835 1382 Horum
1864 1337 2080 1381 centum
2110 1324 2349 1395 quadra-

767 1435 913 1503 ginta
946 1442 1184 1502 quatuor
1219 1430 1448 1483 millium
1484 1446 1497 1480 :
1525 1426 1787 1495 quoniam
1842 1431 2027 1477 autem
2061 1422 2181 1477 sine
2213 1419 2349 1473 arti-

767 1524 892 1577 culo
941 1521 1185 1593 protulit,
1242 1520 1514 1589 reliquum
1583 1525 1670 1571 est
1736 1522 1797 1568 ut
1854 1513 2197 1582 intelligatur
2248 1512 2350 1564 hos

768 1617 972 1672 divisse
1002 1617 1094 1685 qui
1128 1629 1192 1666 ex
1241 1612 1499 1683 gentibus
1557 1608 1913 1664 crediderunt
1961 1625 1973 1660 :
2008 1606 2136 1660 dum
2175 1602 2351 1673 gratia

769 1709 938 1764 divini
972 1706 1201 1762 seminis
1228 1719 1350 1775 quae
1374 1704 1427 1757 in
1454 1715 1785 1770 unoquoque
1820 1698 1920 1753 fuit
1948 1697 2348 1767 apostolorum,

770 1801 1068 1856 duodecies
1099 1807 1317 1868 Operata
1350 1797 1421 1852 sit
1452 1796 1503 1848 in
1537 1792 1851 1863 milleeuplo
1901 1791 2137 1845 fructum
2175 1786 2351 1858 perfe-

769 1903 916 1950 ctum
947 1891 1069 1945 lldei
1102 1904 1294 1944 eorum
1327 1886 1419 1957 qui
1452 1884 1588 1940 salvi
1622 1885 1797 1948 ﬁunt;
1842 1880 2006 1953 767
2038 1880 2239 1950 quibus
2268 1888 2352 1931 at-
2383 1927 2424 1981 Β

771 1993 999 2040 testatur
1029 1982 1175 2052 quod
1207 1980 1578 2050 virginitatem
1612 1973 1966 2045 praestiterint
2013 1980 2120 2025 tam
2154 1983 2347 2036 corpo-

773 2078 850 2132 ris
903 2089 1069 2144 quam
1109 2073 1331 2134 animm,
1387 2083 1511 2139 quae
1557 2054 1698 2137 apud
1731 2064 1992 2118 Hebraeos
2043 2075 2168 2115 rara
2221 2058 2345 2113 fuit.

769 2168 926 2235 Quod
960 2176 1142 2222 autem
1180 2165 1418 2219 habeant
1474 2175 1673 2216 nomen
1723 2156 1906 2211 Patris
1942 2155 2063 2223 ejus
2114 2162 2169 2206 et
2226 2151 2347 2205 Filii

770 2262 1037 2331 scriptum
1086 2260 1141 2313 in
1176 2258 1469 2322 frontibus,
1519 2253 1792 2324 signiﬁcat
1831 2248 1976 2320 quod
2016 2246 2198 2302 divina
2230 2245 2352 2299 luce

769 2354 947 2425 ipsius
979 2352 1149 2407 divini
1183 2350 1373 2405 vuhus
1406 2347 1789 2415 obsignentur,
1823 2356 1921 2412 per
1953 2336 2105 2409 quod
2136 2333 2351 2390 aemulis

772 2449 827 2502 in
859 2449 961 2502 hoc
993 2454 1047 2500 et
1076 2442 1399 2515 perniciosis
1422 2436 1763 2494 diemonibus
1804 2432 1999 2488 terrori
2033 2436 2184 2485 sunt.

847 2538 1122 2607 Tanquam
1159 2551 1333 2589 vocem
1384 2546 1643 2603 aquarum
1694 2524 1986 2581 multarum
2018 2530 2066 2576 et
2102 2530 2353 2588 tanquam

772 2649 947 2690 vocem
990 2630 1213 2685 tonitrui
1256 2626 1458 2697 magni.
1482 2624 1766 2693 Aquarum
1807 2630 1862 2673 et
1893 2615 2123 2671 tonitrui
2171 2628 2234 2666 ac
2273 2611 2353 2664 ci-

775 2729 947 2782 thara:
992 2740 1122 2788 vox,
1174 2720 1449 2791 signiﬁcat
1493 2717 1800 2771 claritatem
1854 2709 2062 2765 anditui
2112 2705 2353 2776 perviam

774 2817 1098 2891 bymnidici,
1135 2814 1324 2870 canori
1402 2809 1590 2865 suavis
1638 2821 1703 2862 ae
1751 2804 1981 2861 consoni
2034 2807 2353 2856 sanctorum

772 2921 991 2974 cantus,
1024 2909 1119 2979 qui
1172 2908 1485 2962 universam
1527 2899 1917 2972 complectitur
1968 2892 2358 2965 primogenitoo

774 3021 899 3061 rum
932 3004 991 3059 in
1021 3001 1177 3057 etelis
1226 2998 1625 3067 descriptorum
1684 2991 1987 3048 Ecclesium
2042 2995 2358 3055 coetumque

772 3100 1076 3171 publicum,
1111 3113 1143 3151 a
1188 3095 1389 3165 quibus
1429 3090 1590 3145 laude
1638 3086 1949 3142 celebratur
1994 3080 2359 3152 primogenita

772 3191 1013 3248 vocatio.
1043 3189 1155 3260 Ego
1180 3195 1363 3241 autem
1412 3182 1610 3253 Opinor
1634 3179 1779 3249 quod
1813 3190 1880 3230 ne
1912 3175 2105 3229 audire
2134 3172 2358 3243 quidem

2447 870 2768 941 σωθήσεται,
2805 889 2823 922 ι
2861 870 3163 933 οίκειωθεὶς
3188 869 3267 939 τῷ
3296 868 3540 939 Χριστῷ.

2516 960 2625 1014 Καὶ
2659 962 2786 1030 μετ’
2809 959 2996 1014 αὑτοῦ
3017 960 3264 1029 ἀριθμὸς
3299 956 3418 1029 ρμδ’
3446 957 3734 1027 χιλιάδες.
3781 958 3844 1009 '0
3865 954 4027 1027 αριθ-

2450 1053 2547 1123 μδς
2579 1053 2635 1106 δὲ
2663 1053 2773 1106 τῶν
2810 1052 3065 1121 χιλιάδων
3094 1052 3193 1121 οὐχ
3243 1053 3272 1104 ὁ
3304 1050 3468 1112 αὐτὸς
3508 1050 3616 1103 τῶν
3664 1050 3759 1117 ἀφ’
3789 1050 4033 1112 ἑκάστης

2447 1145 2621 1214 φυλῆς
2651 1144 3066 1215 προειρημένων
3090 1142 3521 1197 πεπιστευκέναι
3563 1141 3643 1212 τῷ
3676 1142 3925 1212 Χριστῷ.
3955 1136 4032 1191 Ἦ

2447 1236 2556 1305 γὰρ
2581 1234 2649 1288 ἂν
2680 1234 2820 1303 μετὰ
2848 1235 2943 1287 τού
2989 1232 3195 1303 ἄρθρου
3240 1235 3605 1303 προήνεγκεν,
3636 1232 3701 1284 Δί
3740 1229 3861 1301 ρμδ
3890 1229 4035 1300 χιλι-

2450 1328 2596 1390 άδες,
2665 1326 2856 1380 εἰπών.
2924 1324 3064 1377 Ἀλλ’
3120 1325 3308 1394 ἐπειδὴ
3359 1323 3736 1393 ἀσυνὰρθρως,
3777 1323 4032 1375 λείπεται

2446 1420 2574 1481 τοὺς
2603 1418 2712 1471 ἀπὸ
2763 1416 2872 1470 τῶν
2922 1416 3092 1469 ὲθνῶν
3147 1418 3287 1469 νοεῖν
3318 1416 3481 1469 αὑτὸν
3514 1416 3813 1486 εἰρηκέναι,
3840 1416 3945 1484 τῆς
3974 1417 4035 1467 ὲν

2450 1512 2667 1581 ἑκάστῳ
2698 1509 2922 1581 χάριτος
2951 1508 3047 1562 τοῦ
3081 1509 3230 1562 θείου
3263 1510 3466 1579 σπόρου
3525 1512 3620 1563 καὶ
3641 1506 4033 1563 ’ἀποστολικοῦ

2449 1602 2753 1665 δωδεκάκις
2809 1600 3078 1671 χιλιοστὺν
3140 1599 3623 1671 ἀπεργαζομένης,
3680 1600 3865 1653 τέλεον
3938 1598 4037 1650 τὶν

2452 1695 2666 1767 καρπὸν
2691 1694 2791 1763 τῆς
2816 1694 2926 1746 τῶν
2961 1693 3283 1763 σωζομένων
3324 1693 3580 1758 πίστεως,
3611 1688 3691 1754 οἷς
3726 1691 4037 1761 παρθενίαν

2453 1786 2877 1855 κατωρθωκέναι
2933 1787 3347 1856 προσμαρτυρεῖ
3374 1784 3498 1855 [ὅση
3543 1784 3765 1851 σαρκὸς.
3800 1783 4039 1852 bard-J-

2456 1882 2555 1950 χῆς
2589 1878 2750 1951 (40)},
2782 1880 2811 1933 ὃ
2839 1880 3067 1931 σπάνιον
3118 1878 3248 1950 παρ’
3288 1876 3582 1947 Ἑϐραίοις.
3609 1877 3682 1928 Τὸ
3700 1875 3757 1927 δὲ
3800 1876 3949 1943 ἔχειν
3976 1875 4041 1925 τὸ

2455 1976 2628 2045 ὄνομα
2691 1972 2784 2026 τοῦ
2853 1972 3064 2042 Πατρὸς
3119 1970 3287 2025 αὐτοῦ
3350 1969 3736 2039 γεγραμμένον
3794 1970 3894 2021 καὶ
3942 1966 4039 2019 τοῦ

2453 2065 2583 2119 Υἱοῦ
2620 2065 2732 2137 (41)
2764 2064 2857 2117 ἐπὶ
2886 2061 3177 2134 μετώπων,
3208 2061 3381 2130 δηλοῖ,
3410 2060 3488 2124 ὡς
3508 2059 3587 2129 τῷ
3618 2058 3749 2128 θείῳ
3766 2060 3910 2126 φωτὶ
3932 2056 4031 2111 τοῦ

2452 2156 2746 2226 προσώπου
2778 2154 2943 2208 αὑτοῦ
2969 2154 3067 2208 τοῦ
3102 2152 3250 2206 θείου
3274 2150 3692 2223 σφραγίζονται,
3723 2149 3792 2203 δι’
3823 2144 3886 2202 οὗ
3917 2151 4034 2213 τοῖς

2453 2250 2771 2319 ἀντιμίμοις
2814 2248 2909 2301 ἐπὶ
2946 2246 3137 2301 τούτου
3179 2244 3449 2316 ὀλεθρίοις
3504 2244 3749 2313 δαίμοσι,
3804 2242 4037 2312 φοὸεροὶ

2452 2342 2710 2410 γίνονται.

2537 2520 2636 2586 Ὠς
2686 2522 2898 2591 φωνὴν
2939 2520 3177 2576 ὑδάτων
3222 2519 3493 2585 πολλῶν,
3535 2521 3631 2575 καὶ
3682 2519 3763 2584 ὡς
3826 2517 4043 2587 φωνὴν

2450 2611 2720 2682 βροντῆς
2749 2613 3045 2683 μεγάλης.
3093 2613 3159 2667 Ἠ
3188 2612 3298 2666 τῶν
3334 2612 3543 2667 ὑδάτων
3585 2612 3681 2665 καὶ
3733 2610 3844 2664 τῶν
3878 2611 4046 2679 βρον-

2457 2704 2565 2759 τῶν
2605 2705 2816 2774 καὶτῆς
2847 2704 3080 2776 κιθάρας
3108 2704 3281 2777 φωνὴ,
3310 2705 3372 2759 τὸ
3397 2702 3722 2774 διαπρύσιον
3754 2702 3910 2773 δηλοῖ
3943 2702 4047 2770 τῆς

2457 2793 2568 2848 τῶν
2619 2794 2793 2862 ἁγίων
2824 2794 3098 2865 ὑμνῳδίαις
3133 2795 3229 2848 καὶ
3281 2796 3379 2865 τῆς
3426 2792 3699 2864 ἐμμελοῦς
3726 2792 3912 2845 αὐτῶν
3948 2791 4049 2844 καὶ

2460 2886 2658 2956 εύήχου
2691 2888 2787 2940 καὶ
2820 2887 3116 2957 συμφώνου
3143 2886 3287 2957 ᾠδῆς
3320 2886 3419 2956 τῆς
3459 2887 3642 2939 πᾶσαν
3668 2883 4049 2953 περιηχούσης

2459 2978 2558 3051 τὴν
2595 2978 2703 3032 τῶν
2751 2980 2810 3032 ἐν
2840 2981 3093 3050 οὐρανοῖς
3132 2978 3651 3049 ἀπογεγραμμένων
3708 2975 4049 3045 Ἐκκλησίαν

2462 3073 2824 3142 πρωτοτόκων
2872 3074 2968 3125 καὶ
3018 3074 3327 3143 πανήγυριν
3352 3066 3435 3134 οἷς
3473 3072 3507 3141 ἡ
3543 3070 3892 3140 πρωτότοκος
3919 3071 4048 3118 ἐπι-

2464 3163 2763 3235 φημίζεται
2795 3162 3007 3232 κλῆσις.
3049 3160 3192 3230 Ἐγὼ
3217 3161 3275 3215 δὲ
3304 3157 3482 3229 οἶμαι,
3526 3162 3608 3213 ὅτι
3639 3159 3760 3212 οὐδὲ
3807 3157 4050 3211 ἀκοῦσαί

775 3284 949 3355 possit
970 3282 1237 3352 quispiam
1292 3275 1417 3330 novi
1455 3280 1648 3326 cautus
1707 3266 1990 3336 mysteria,
2026 3264 2132 3319 nisi
2170 3262 2223 3316 bi
2263 3262 2356 3332 qui
2385 3266 2431 3330 ο
2460 3273 2545 3317 τις
2582 3254 2807 3308 δύναται

2471 3273 2545 3317 τις
2582 3254 2807 3308 δύναται
2834 3255 2901 3308 τὰ
2930 3255 3032 3325 τῆς
3066 3254 3265 3324 καινῆς
3297 3253 3440 3324 ᾠδῆς
3479 3257 3775 3324 μυστήρια,
3810 3254 3858 3304 εἰ
3892 3251 3969 3320 μὴ
3999 3252 4054 3305 οἱ

775 3354 843 3431 ea
870 3388 1067 3431 canere
1090 3371 1241 3441 digni
1266 3376 1414 3423 sunt.
1447 3365 1657 3434 Cuique
1707 3359 1855 3416 enim
1909 3358 2072 3413 datur
2119 3354 2358 3426 cognitio

773 3470 929 3540 juxta
958 3465 1216 3537 puritatis
1239 3461 1671 3532 proportionem.

848 3556 992 3624 XIV,
1024 3558 1079 3622 ι,
1110 3555 1162 3610 5.
1198 3548 1265 3608 Hi
1296 3561 1416 3607 sunt
1448 3549 1541 3620 qui
1570 3563 1687 3601 cum
1724 3543 2035 3599 mulieribus
2089 3557 2193 3593 non
2236 3547 2358 3593 sunt

775 3652 1105 3722 roinquinati
1140 3666 1157 3703 .'
1186 3647 1406 3716 virgines
1442 3644 1581 3697 enim
1609 3648 1754 3695 sunt.
1774 3636 1846 3691 Ili
1874 3644 1993 3689 sunt
2018 3635 2109 3704 qui
2134 3649 2362 3703 sequun-

776 3755 865 3799 tur
895 3745 1100 3814 Agnnm
1142 3752 1449 3809 quocunque
1472 3735 1612 3789 ierit.
1641 3729 1711 3784 Hi
1746 3747 1779 3783 a
1806 3728 1935 3783 Jesu
1962 3727 2125 3796 empti
2153 3733 2361 3778 suntex

772 3837 1095 3897 hominibus,
1126 3832 1379 3901 primitiw
1409 3827 1517 3881 Dea
1549 3835 1599 3880 et
1632 3826 1807 3894 Agna,
1839 3830 1887 3876 et
1928 3821 1982 3874 in
2013 3835 2102 3872 ore
2124 3819 2360 3880 ipsorum

776 3948 879 3986 non
934 3938 1012 3985 est
1067 3930 1335 3981 inreutnm
1384 3919 1738 3975 mendacium.
1794 3915 1918 3969 Sine
1963 3913 2176 3966 macula
2223 3909 2360 3962 enim

774 4034 918 4079 sunt.
946 4022 1019 4076 Hi
1045 4030 1163 4075 sunt
1192 4020 1279 4088 qui
1308 4025 1598 4085 sequuntur
1626 4011 1850 4079 Agnum.

845 4199 965 4255 Non
1008 4199 1123 4252 haec
1165 4198 1220 4251 in
1269 4192 1598 4264 vituperium
1665 4184 2003 4242 matrimonii
2077 4183 2356 4236 dicuntur.

776 4292 1063 4366 Siquidem
1092 4287 1417 4345 honorabile
1439 4294 1524 4341 est
1553 4280 1889 4337 conuubium
1919 4296 1931 4331 :
1955 4293 2052 4331 nec
2077 4275 2360 4344 indignant

776 4387 1025 4443 redditur
1068 4380 1413 4452 conjugium,
1479 4392 1547 4431 eo
1605 4372 1753 4444 quod
1801 4370 2090 4440 virginitas
2137 4367 2359 4435 dignam

777 4480 1042 4549 suscipiat
1075 4476 1315 4530 laudem.
1351 4470 1457 4526 Sed
1516 4469 1778 4539 quoniam
1827 4464 1985 4519 stella
2017 4478 2045 4515 a
2076 4461 2231 4514 stella
2261 4457 2363 4510 dif-

2461 3346 2553 3400 τοῦ
2579 3346 2729 3419 ᾅδειν
2785 3347 2928 3400 αὖτὰ
2964 3346 3281 3417 ἠξιωμένοι.
3329 3346 3576 3417 Ἐκάστῳ
3608 3346 3717 3417 γάρ
3763 3348 3798 3415 ἡ
3842 3344 4049 3413 γνῶσις

2462 3440 2606 3494 κατὰ
2633 3440 2733 3509 τὴν
2758 3440 3049 3508 ἀναλογίαν
3072 3441 3171 3510 τῆς
3199 3438 3591 3510 καθαρότητος.

2537 3531 2717 3592 Οὗτοί
2740 3536 2920 3597 εἰσιν,
2958 3532 3015 3586 οἳ
3035 3532 3186 3601 μετὰ
3229 3529 3532 3601 γυναικῶν
3565 3531 3675 3584 οὐκ
3707 3529 4055 3598 ἐμολύνθη-

2462 3642 2615 3681 σανο
2649 3622 2936 3693 παρθένοι
2958 3623 3069 3693 γάρ
3095 3624 3277 3677 εἰσιν.
3311 3618 3492 3678 Οὗτοί
3520 3623 3681 3675 εἰσιν
3709 3624 3763 3673 οι
3785 3622 4055 3674 ἀκολου-

2464 3719 2705 3780 θοῦντες
2730 3715 2809 3782 τῷ
2851 3717 3053 3785 Ἀρνίῳ
3107 3715 3261 3769 ὅπου
3293 3715 3402 3768 ἐὰν
3431 3714 3666 3783 ὑπὰγῃο
3698 3709 3869 3769 οὗτοι
3929 3712 4058 3768 ὑπὸ

2477 3808 2683 3877 Ἰησοῦ
2699 3807 3138 3877 ἠγοράσθησαν
3158 3807 3276 3861 ἀπὸ
3299 3804 3417 3860 τῶν
3431 3804 3781 3875 ἁνρρὡπων,
3802 3806 4056 3874 ἀπαρκὴ

2466 3903 2544 3967 τῷ
2574 3900 2697 3963 Θεῷ
2742 3898 2952 3965 καὶτῷ
3018 3900 3241 3968 Ἀρνίῳ,
3292 3898 3393 3951 καὶ
3421 3900 3536 3966 οὐχ
3587 3897 3802 3964 εὑρέθη
3850 3898 3925 3949 ἐν
3972 3897 4058 3962 τῷ

2465 3994 2714 4063 στόματι
2744 3990 2944 4046 αὐτῶν
2974 3990 3201 4060 ψεῦδος
3226 4006 3239 4018 ·
3269 3990 3495 4060 ἄμωμοι
3524 3988 3635 4059 γάρ
3658 3992 3838 4043 εἰσιν.
3870 3984 4060 4043 Οὗτοί

2465 4089 2624 4141 εισιν
2651 4088 2706 4139 οί
2732 4084 3220 4148 ἀκολουθοῦντες
3246 4082 3325 4147 τῷ
3359 4083 3581 4149 Ἀρνίῳ.

2509 4181 2652 4233 “Οὒκ
2685 4177 3051 4248 ἀτιμουμένου
3084 4175 3177 4229 τοῦ
3225 4177 3407 4245 γάμου
3436 4175 3503 4228 τά
3551 4175 3820 4245 παρόντα.
3854 4175 4059 4243 Τίμιος

2468 4273 2577 4343 γὰρ
2607 4273 2635 4323 ὁ
2662 4272 2840 4341 γάμος
2862 4286 2876 4300 ο
2904 4270 2998 4322 καὶ
3029 4270 3088 4321 οὐ
3115 4268 3191 4338 τῷ
3220 4265 3523 4333 άξιεπαίνῳ
3563 4265 3665 4332 τῆς
3699 4265 4005 4335 παρθενίας
4029 4268 4061 4318 ὁ

2468 4367 2647 4437 γάμος
2680 4364 2975 4418 ὑποδύεται
3004 4364 3065 4416 τὸ
3098 4361 3337 4426 ἀνάξιον,
3379 4360 3496 4414 ἀλλ’
3534 4357 3725 4430 ἐπειδὴ
3750 4358 3848 4411 καὶ
3876 4360 4061 4427 ἀστὴρ

2469 4458 2699 4526 ἀστέρος
2734 4456 2983 4527 διαφέρει
3016 4457 3074 4507 ὲν
3098 4454 3246 4526 δόξῃ,
3268 4453 3492 4515 τούτους
3526 4451 3664 4521 μετά
3690 4451 3819 4512 τοὺς
3854 4450 4066 4502 εἰκοσι-

775 4572 882 4628 fert
904 4573 957 4625 in
992 4568 1189 4641 gloria,
1228 4567 1329 4621 bos
1358 4561 1670 4635 praecellere
1712 4569 1943 4614 caeteros
1982 4555 2365 4609 existimamus
2399 4622 2439 4641 ﬁ
2470 4554 2745 4623 τέσσαρας
2776 4568 2827 4621 π,

2471 4554 2745 4623 τέσσαρας
2776 4549 3185 4621 πρεσϐυτέρους
3220 4546 3328 4599 τῶν
3354 4545 3560 4599 λοιπῶν
3599 4538 3741 4597 εἶναι
3770 4543 4067 4613 ἡγούμεθα

778 4678 902 4736 post
941 4622 1134 4732 viginti
1165 4668 1407 4731 quatuor
1440 4655 1712 4718 seniores,
1743 4659 1968 4721 propter
1994 4646 2362 4716 virginitatem
2399 4622 2443 4679 Ῑ)
2472 4622 2827 4717 προῦχοντας,

2472 4622 2832 4717 προῦχοντας,
2870 4644 2959 4695 διά
2990 4659 3049 4694 τε
3077 4641 3176 4710 τὴν
3210 4638 3511 4710 παρθενίαν
3540 4636 3634 4690 καὶ
3663 4635 3722 4689 τὸ
3743 4637 3802 4688 ἐν
3836 4634 4069 4708 γλώσσῃ

776 4766 830 4810 et
858 4766 967 4808 tam
1000 4755 1198 4820 lingua:
1240 4762 1406 4819 quam
1444 4758 1709 4800 manuum
1744 4740 2138 4801 innocentiam,
2177 4737 2362 4806 splen-

779 4850 1081 4913 doremque
1113 4842 1397 4905 virtutmn,
1430 4852 1593 4908 quem
1648 4843 1771 4906 post
1818 4832 2024 4888 Christi
2068 4829 2362 4884 adventum

780 4939 927 4995 nacti
950 4945 1121 4993 sunt:
1158 4950 1253 5005 per
1283 4947 1446 5004 quem
1477 4932 1642 4987 etiam
1677 4943 1879 4983 novum
1928 4926 2200 4981 docentur
2238 4939 2367 4978 can-

783 5040 977 5103 ticum,
1001 5034 1148 5105 quod
1178 5032 1340 5102 vulgo
1362 5028 1702 5098 incognitum
1723 5032 1806 5080 est
1842 5043 1854 5078 :
1886 5038 1993 5077 non
2022 5022 2075 5075 in
2114 5019 2367 5092 praesenti

785 5139 998 5183 tantum
1029 5126 1163 5189 vita,
1188 5120 1283 5178 sed
1312 5120 1475 5175 etiam
1513 5118 1566 5172 in
1585 5116 1773 5171 futuro
1796 5113 2015 5169 saeculo.
2040 5110 2365 5178 Quanquam

785 5226 930 5281 enim
961 5220 1205 5293 perfecta
1226 5220 1298 5274 sit
1330 5218 1402 5271 ibi
1429 5212 1839 5285 cognitiojuxta
1869 5205 2210 5277 Apostolum,
2242 5202 2366 5257 uni-

787 5319 987 5387 cuique
1022 5325 1202 5371 tamen
1244 5310 1565 5382 rependitur
1605 5306 1845 5377 cognitio
1893 5303 2051 5372 juxta
2108 5295 2367 5369 puritatis

788 5410 1057 5482 cujusque
1096 5406 1530 5478 proportionem.

864 5502 938 5559 Hi
968 5511 1092 5556 sunt
1125 5504 1215 5571 qui
1238 5506 1528 5570 sequuntur
1556 5498 1784 5564 Agnnm.
1818 5491 1932 5547 Non
1968 5500 2052 5546 est
2093 5487 2146 5543 id
2179 5495 2367 5543 osten-

863 5682 911 5717 "
938 5682 1102 5739 Rom.
1126 5696 1203 5745 χι,
1230 5679 1320 5735 25.

866 5843 981 5917 (ιο)
1023 5840 1241 5899 lnclusa
1276 5838 1561 5895 omittebat
1594 5835 1683 5891 ed.

2472 4757 2531 4792 τε
2574 4737 2668 4791 καὶ
2701 4738 2760 4791 ὲν
2804 4736 2993 4807 χερσὶν
3046 4734 3300 4805 ἄμωμον,
3338 4730 3477 4802 μετὰ
3528 4729 3628 4799 τὴν
3665 4729 3759 4782 τοῦ
3815 4728 4068 4798 Χριστοῦ

2477 4831 2783 4903 παρουσίαν
2808 4829 3123 4899 κτωμένους
3156 4827 3257 4896 τὴν
3304 4826 3365 4879 ὲν
3412 4825 3636 4895 ἀρεταῖς
3669 4821 4068 4892 λαμπρότητα,

2475 4924 2543 4976 δι’
2575 4919 2641 4993 ἧς
2671 4922 2768 4975 καὶ
2804 4921 2903 4990 τὴν
2940 4918 3133 4989 καινὴν
3167 4916 3313 4988 ᾠδὴν
3355 4915 3724 4977 διδάσκονται,
3756 4915 3869 4976 τοῖς
3929 4913 4071 4965 πολ-

2479 5016 2589 5080 λοῖς
2618 5017 2681 5068 οὑ
2723 5016 2887 5086 μόνον
2922 5013 3065 5067 κατὰ
3102 5012 3194 5065 τὸν
3233 5010 3479 5081 παρόντα
3526 5009 3663 5075 βίον,
3703 5006 3839 5060 ἀλλὰ
3872 5006 3967 5058 καὶ
4010 5008 4074 5058 ἐν

2479 5109 2557 5178 τῷ
2592 5107 2849 5178 μέλλοντι
2877 5104 3037 5158 αἰῶνι
3066 5103 3361 5170 ἄγνωστον.
3396 5102 3460 5153 Εἰ
3485 5099 3595 5169 γὰρ
3627 5098 3721 5152 καί
3756 5097 3818 5149 τὸ
3854 5095 4075 5149 τέλειον

2478 5202 2577 5271 τῆς
2612 5201 2869 5268 γνώσεως
2900 5199 3038 5262 ἐκεῖ,
3071 5195 3217 5271 κατά
3242 5194 3339 5248 τὸν
3374 5191 3727 5253 Ἀπόστολον,
3757 5189 3899 5243 ἀλλὰ
3932 5191 4079 5243 ἀνα-

2479 5298 2653 5364 λόγως
2686 5297 2753 5365 τῇ
2812 5292 3007 5346 ἑαυτοῦ
3074 5258 3344 5359 ιδἀθάρσει
3387 5288 3603 5358 ἑκάστῳ
3634 5284 4078 5355 γὲφαπλουμένης

2479 5388 2576 5456 τῆς
2611 5385 2888 5453 γνώσεως.

2546 5476 2725 5535 Οὗτοί
2747 5482 2905 5533 εἰσιν
2919 5479 2973 5533 οἱ
2995 5472 3470 5537 ἀκολουθοῦντες
3487 5469 3569 5536 τῷ
3603 5468 3835 5540 ‘Apri'ip.
3851 5467 3929 5523 Οὐ
3950 5466 4079 5523 δια-

2576 5820 2688 5892 (il)
2718 5820 2826 5873 Καὶ
2864 5817 3029 5873 αὑτοῦ
3047 5818 3137 5875 ed.
