4256 6440
255 404 363 466 €553

1324 400 1714 464 COMMENT.
1759 399 1831 458 IN
1879 397 2408 456 APOCALYPSIS.

3421 402 3526 466 686

255 517 431 586 φορὰν
463 517 841 588 παριστῶντος
870 517 963 570 τοῦ
1010 517 1243 588 ’Λρνίου,
1280 517 1414 573 ἀλλὰ
1445 520 1506 571 τὸ
1538 518 1675 587 πρὸς
1706 520 1837 582 ἀρε·
1867 547 1880 574 λ

1943 511 2125 565 dentis
2167 508 2303 577 Agni
2335 509 2628 562 discrimen
2663 517 2756 564 aut
2791 509 2967 580 ipsius
2991 510 3396 579 excellentiam,
3430 519 3524 571 sed

254 612 354 681 τὴν
379 612 637 681 διάφορον
659 611 950 680 δηλοῦντος
981 612 1070 664 τὸν
1100 613 1198 680 τῆς
1227 613 1519 683 μαθήσεως
1549 616 1647 683 τῆς
1691 614 1833 682 ᾠδῆς

253 702 804 771 κατευτυχησάντων.
838 703 901 754 Οἱ
939 703 1035 771 μὲν
1070 704 1177 770 γάρ
1207 703 1470 772 ἁπλότητι
1517 703 1694 773 ψυχῆς
1743 707 1830 756 καῖ

251 792 458 862 ἀκακία
490 793 974 862 περικροτυύμενοι
1027 794 1161 860 (i2),
1187 793 1500 845 ἀκολουθεῖν
1527 793 1604 862 τῷ
1643 792 1836 862 Ἀρνίῳ

252 886 550 954 ἐπιτήδειοι
596 885 904 952 γεγόνασιν.
942 887 1005 938 υἱ
1035 886 1088 938 δὲ
1129 883 1526 956 ἀνδρικώτερον
1554 885 1833 952 διακείμεο

251 994 332 1027 νοι
366 976 460 1027 καὶ
490 975 854 1048 λελογισμένῃ
877 977 1120 1029 διαθέσει
1164 976 1698 1046 περιστοιχούμενοι,
1759 975 1836 1042 τῷ

251 1068 584 1136 ἀίδρωθέντι
646 1070 866 1139 Χριστῴ
918 1070 1394 1139 προσηνέχθησαν,
1451 1069 1588 1138 πρός
1655 1085 1715 1119 τε
1769 1070 1836 1119 τά

254 1160 428 1229 πάθη,
461 1160 596 1228 πρός
628 1178 686 1213 τε
726 1162 855 1223 τοὺς
880 1163 1179 1232 τυράννους
1202 1163 1263 1214 τὸ
1296 1163 1618 1232 νικητήριον
1652 1160 1837 1213 ἀνελόο

255 1266 410 1319 μενοι
445 1251 666 1320 κράτος.
704 1252 767 1304 Οἳ
800 1255 894 1305 καὶ
937 1254 1025 1306 διὰ
1069 1254 1132 1306 τὸ
1169 1255 1519 1324 μιμήσασθαι
1565 1256 1692 1316 τοὺς
1738 1255 1838 1324 μὲν

251 1343 354 1409 τὴν
385 1344 625 1395 ἀκακίαν
672 1345 910 1414 Χριστοῦ
947 1346 1041 1398 τοῦ
1099 1346 1448 1409 sianum,
1501 1347 1628 1409 τοὺς
1674 1346 1731 1398 δὲ
1777 1347 1838 1398 τὸ

252 1437 479 1502 ερνικὸν
518 1439 652 1508 πρὸς
701 1439 801 1509 τὴν
838 1440 977 1510 ὑπὲρ
1018 1439 1184 1492 αὐτοῦ
1239 1441 1333 1494 τοῦ
1385 1441 1710 1494 διδασκάλου
1741 1440 1836 1494 τοῦ

258 1527 393 1579 ἰδίου
435 1529 666 1598 αἵματος
690 1531 937 1600 ἔκχυσιν,
972 1532 1117 1586 οὕτω
1147 1533 1245 1603 τῆς
1267 1536 1362 1586 ἀπ’
1392 1534 1558 1588 αὑτοῦ
1588 1535 1838 1604 κτήσεως

253 1618 468 1686 ἔτυχον.
503 1620 715 1692 Ὠσπερ
776 1623 830 1675 δὲ
881 1623 980 1693 τῆς
1003 1624 1162 1694 δόξης
1234 1625 1289 1677 αἱ
1347 1627 1507 1694 μοναὶ
1563 1627 1836 1696 διάφορθιι

252 1708 399 1761 οὓτω
434 1712 526 1764 καὶ
557 1714 850 1778 κολάσεως.
887 1717 975 1768 Διὸ
996 1717 1089 1769 καὶ
1133 1718 1349 1788 εἴρηται
1387 1718 1447 1770 τὸ
1480 1719 1712 1772 ’ἑκαστον
1748 1719 1837 1771 τὸν

252 1801 452 1855 ἑαυτοῦ
484 1805 677 1874 μισθὸν
712 1807 979 1878 λήψεσθαι
1021 1809 1163 1863 κατὰ
1200 1808 1292 1862 τὸν
1317 1809 1446 1862 ἴδιον
1476 1810 1665 1863 κόπον.

831 2036 1084 2092 ΚΕΦΑΛ.
1162 2040 1253 2093 Μ’.

249 2169 391 2238 Περὶ
420 2171 681 2242 ἀγγέλου
715 2176 1223 2249 προαγορεύοντος
1253 2178 1367 2244 τὴν
1390 2179 1682 2248 ἐγγύτητα
1729 2179 1836 2249 τῆς

645 2249 898 2313 κρίσεως
931 2246 1040 2316 τῆς
1071 2246 1445 2317 μελλούσης-ζ

324 2382 436 2436 Καὶ
490 2378 654 2437 εἶδον
695 2383 958 2454 ἄγγελον
986 2388 1320 2457 πετόμενον
1361 2389 1432 2443 ἐν
1460 2392 1836 2460 ιιεσοιιοανιὶο

243 2490 412 2542 ματι,
479 2474 701 2542 ἔχοντα
737 2477 1108 2547 Εὑαγγέλιον
1153 2479 1399 2534 αἰώνιον
1446 2484 1832 2552 εὐαγγελίσαι

248 2566 396 2632 τοὺς
420 2566 797 2637 καθημένους
839 2570 939 2623 ἐπὶ
996 2570 1108 2639 τῆς
1160 2571 1291 2642 γῆς,
1331 2576 1430 2628 καὶ
1475 2575 1597 2630 πᾶν
1634 2578 1830 2644 ἔθνος.

249 2660 348 2712 καὶ
375 2661 604 2728 φυλὴν,
654 2662 749 2715 καὶ
802 2663 1117 2731 γλῶσσαν,
1173 2667 1272 2719 καὶ
1321 2668 1491 2732 λαὸν,
1528 2669 1723 2739 λέγων
1764 2674 1835 2726 ἐν

247 2750 418 2818 φωνῇ
442 2750 712 2820 μεγάλῃ·
761 2752 1062 2821 Φοϐήθητε
1119 2757 1226 2809 τὸν
1273 2759 1511 2824 Κύριον,
1558 2763 1657 2813 καὶ
1698 2762 1835 2816 δότε

249 2842 414 2907 αὐτῷ
448 2843 660 2908 δόξαν,
693 2843 782 2898 ὅτι
809 2841 995 2916 ἦλθεν
1036 2849 1073 2916 ἡ
1106 2848 1227 2916 ὥρα
1281 2850 1392 2918 τῆς
1433 2853 1692 2920 κρίσεως
1730 2856 1834 2908 αἰν-

250 2935 378 2988 τοῦ.
421 2935 527 2989 Καὶ
576 2938 1047 3006 προσκυνήσατε
1075 2941 1285 3004 αὑτὸν,
1340 2945 1448 2995 τὸν
1492 2945 1835 3012 ποιήσαντα

245 3025 358 3078 τὸν
409 3027 670 3092 οὐρανὸν
720 3029 820 3082 καὶ
876 3030 990 3099 τὴν
1045 3029 1162 3099 γῆν
1201 3030 1316 3091 ,καὶ
1352 3031 1466 3098 τὴν
1514 3032 1835 3089 θάλασσαι·

247 3120 350 3173 καὶ
380 3119 576 3189 πηγὰς
601 3119 857 3175 ὑδάτων.

322 3236 416 3301 Τὸ,
468 3236 886 3307 μεπυράνημα,
955 3237 1138 3306 διττὴν
1177 3240 1364 3308 νόησιν
1431 3242 1675 3310 ἐμποιεῖ.
1727 3247 1836 3300 Καὶ

246 3330 360 3398 γὰρ
388 3330 447 3382 τὸ
470 3329 675 3400 ὑψηλὸν
707 3331 802 3384 καὶ
836 3331 1115 3401 μετέωρον
1143 3335 1236 3386 καὶ
1268 3336 1364 3387 ἀπ’
1393 3337 1650 3405 οὐρανοῦ,
1685 3337 1745 3388 τό
1774 3355 1834 3390 τε

246 3422 744 3493 εὐαγγελιζόμενον
785 3424 881 3477 ὑπ’
926 3424 1114 3489 αὐτοῦ,
1143 3427 1237 3478 καὶ
1287 3428 1450 3490 αὐτὸς
1476 3429 1504 3481 ὁ
1545 3429 1650 3483 ὑπὸ
1697 3431 1834 3484 Θεοῦ

247 3514 602 3578 ἀποσταλεὶς,
640 3514 737 3567 καὶ
764 3516 847 3568 ὃτι
879 3516 1108 3584 ῆγγικεν
1155 3517 1255 3586 ἤδη
1294 3518 1354 3571 τὸ
1382 3519 1480 3572 ἀπ’
1520 3521 1718 3584 αἰῶνος
1747 3522 1835 3574 ὲλ-

249 3607 550 3675 ⁸πιξόμενον
600 3610 906 3678 κριτήριον.
951 3610 1061 3662 Καὶ
1110 3611 1298 3682 ἐπειδὴ
1355 3615 1625 3684 σωτήριον
1675 3616 1835 3669 τοῦτο

247 3705 363 3765 τοῖς
395 3704 460 3756 ἐκ
491 3703 694 3767 παντὸς
724 3704 913 3769 ἔθνους
946 3705 1015 3758 τὰ
1042 3707 1316 3776 εὐάρεστα
1363 3709 1834 3779 διαπραξαμένοις

247 3794 392 3864 Θεῷ,
439 3796 578 3849 ἀλλὰ
611 3799 707 3851 καὶ
762 3799 1001 3867 ἔμφοὸον
1052 3799 1270 3868 δαίμοσι
1323 3803 1415 3854 καὶ
1457 3804 1830 3872 ἁμαρτωλοῖς.

262 3887 578 3956 Ἀμφότερα
600 3889 654 3941 δὲ
687 3889 985 3959 ὑπῃνίξατο
1012 3891 1045 3959 ὴ
1077 3891 1230 3960 φωνὴ
1257 3891 1392 3961 (45),
1426 3897 1536 3955 τοῖς
1569 3894 1666 3962 μὲν
1695 3896 1832 3961 ἀγα-

249 3978 365 4040 θοῖς
393 3978 479 4032 διὰ
502 3979 595 4032 τοῦ
632 3980 894 4049 μεγάλου,
926 3981 987 4033 τὸ
1023 3983 1364 4052 καταθύμιον
1412 3980 1551 4036 εἶναι
1590 3989 1688 4054 τὴν
1737 3987 1845 4054 τοῦ,

247 4071 467 4125 δικαίου
495 4073 685 4143 κριτοῦ
721 4075 1051 4146 παρουσίαν,
1097 4077 1188 4130 καὶ
1241 4076 1324 4129 ὅτι
1379 4078 1832 4147 ἀποκαταστήσει

248 4164 449 4227 αὐτοὺς
475 4165 612 4235 πρὸς
639 4163 730 4218 τὸν
762 4166 830 4219 δι’
865 4166 925 4218 ὃν
972 4166 1220 4220 ὲναθλεῖν
1275 4169 1473 4231 αὖτοὺς
1517 4169 1726 4238 ὑπῆρξε
1756 4170 1833 4239 τῷ

254 4256 519 4328 μοχθηρῷ
545 4259 720 4327 τούτῳ
761 4259 861 4330 βίῳ
896 4259 1004 4313 τῶν
1037 4263 1488 4331 προσταγμάτων
1515 4263 1684 4316 αὑτοῦ
1742 4267 1834 4317 ἁν-

248 4351 586 4420 τεχομένοις,
622 4355 735 4413 τοῖς
759 4353 982 4422 δαίμοσι
1022 4353 1078 4406 δὲ
1117 4355 1211 4406 καὶ
1244 4356 1356 4416 τοῖς
1386 4355 1479 4406 ὑπ’
1513 4353 1695 4407 αὐτῶν
1736 4357 1829 4408 ἐκ·

247 4444 638 4514 ϐακχευθεῖσιν
679 4446 997 4516 ἀνθρώποις
1030 4447 1216 4516 φόϐον,
1240 4448 1302 4500 οὐ
1338 4448 1476 4520 πρὸς
1503 4449 1829 4517 ἀσφάλειαν,

246 4535 368 4590 ἀλλ’
416 4538 478 4589 ἐκ
507 4539 836 4605 προσδοκίας
870 4540 981 4593 τῶν
1013 4540 1192 4608 ἔργων
1223 4534 1299 4594 ὧν
1324 4541 1591 4611 ἔπραξαν,
1624 4542 1706 4595 διὸ
1738 4543 1831 4595 καὶ
1869 4557 1886 4576 ν

243 4630 277 4681 ό
308 4632 598 4703 προφήτης
631 4634 795 4700 φησίν
821 4647 834 4664 ⁸
876 4651 895 4684 ι
945 4633 1078 4687 Ἰδοὺ
1105 4633 1313 4703 Κύριος
1338 4633 1582 4703 ἔρχεται,
1617 4636 1712 4688 καὶ
1749 4634 1832 4697 τίς
1866 4658 1910 4713 D

246 4722 551 4775 {moesti-nasi
579 4724 795 4794 ἡμέραν
822 4725 1027 4779 εἰσόδου
1064 4725 1268 4790 αὐτοῦς
1312 4745 1329 4776 ι

318 4991 430 5045 Kal
457 4992 928 5060 προσκυνήσατε
941 4992 1146 5046 αὐτόν.
1178 4992 1433 5055 Ἐνδίκως
1473 4993 1535 5045 τὸ
1554 4993 1650 5063 μὲν
1666 5011 1834 5063 προσ-

245 5087 460 5150 κυνεῖν,
497 5085 572 5148 ὠς
597 5085 840 5153 Ποιητὴν
862 5084 1132 5156 οὐρανίων
1168 5085 1260 5137 καὶ
1297 5085 1556 5154 ἐπιγείων
1585 5087 1679 5140 καὶ
1730 5103 1831 5141 κα-

242 5177 573 5247 ταχθονξων,
616 5178 717 5231 Διὰ
757 5179 855 5249 μὲν
882 5179 992 5249 γὰρ
1024 5179 1122 5232 τοῦ
1159 5178 1390 5249 οὐρανοῦ
1443 5181 1534 5232 καὶ
1575 5180 1676 5249 τῆς
1723 5180 1831 5249 γῆς

243 5270 341 5322 καὶ
385 5269 744 5339 θαλάσσης,ή
793 5271 1049 5341 ὁρωμένη
1081 5270 1335 5341 δηλοῦται
1377 5271 1555 5334 κτίσις
1590 5289 1603 5302 ο
1639 5271 1724 5324 διὰ
1773 5271 1830 5324 δὲ

242 5363 359 5415 τῶν
394 5364 608 5434 πηγῶν,
638 5366 670 5433 ἡ
722 5363 1064 5433 ὑποχθόνιος,
1089 5363 1286 5432 ἄδηλον
1313 5362 1424 5432 γὰρ
1472 5363 1666 5416 ὁπόθεν
1708 5364 1830 5425 ταῖς

244 5458 456 5524 πηγαῖς
487 5457 520 5524 ἡ
565 5456 838 5521 ἀνάδοσις,
872 5455 1064 5525 ὥσπερ
1119 5458 1217 5509 καὶ
1263 5455 1329 5509 τὰ
1363 5454 1468 5507 ὑπὸ
1500 5456 1624 5524 γῆν.
1662 5455 1724 5507 Εἰ
1772 5455 1828 5508 δὲ

243 5549 423 5618 τούτῳ
450 5547 690 5612 ἐπαξίως
712 5548 790 5612 ὡς
821 5549 1096 5621 παραιτίῳ
1118 5549 1322 5602 τούτων
1353 5549 1386 5617 ἡ
1425 5547 1646 5619 δουλικὴ
1699 5549 1830 5601 ὑπό-

314 5732 363 5766 ’ν
395 5733 586 5788 Malae.
618 5749 700 5797 Ill,
735 5733 787 5787 1.

314 5893 434 5965 iii)
467 5890 773 5962 Legehatur
813 5889 1331 5962 περικρατοῦμενοι,
1373 5889 1596 5960 subjecti
1621 5890 1764 5945 aliis.

1941 604 2310 672 praestantiam
2373 603 2439 654 ad
2489 603 2742 658 virtutem
2795 603 3155 671 signiﬁcantis
3207 621 3400 660 eorum
3430 613 3527 675 qui

1944 698 2106 766 hujus
2161 707 2355 748 cantus
2404 696 2751 765 disciplinam
2819 698 3000 767 adepti
3061 709 3188 753 sunt
3248 701 3528 770 :quidam

1941 792 2087 844 enim
2125 791 2322 842 aniime
2355 789 2710 856 simplicitate
2758 802 2809 844 et
2864 794 3176 846 innocentia
3218 797 3529 864 conspicui,

1945 881 2123 935 idonei
2163 882 2286 934 laeti
2330 890 2459 935 sunt
2486 882 2577 950 qui
2613 884 2824 951 Agnum
2851 897 3154 953 sequantur
3187 903 3198 940 :
3227 886 3396 956 768
3437 888 3529 940 alii

1945 987 2072 1026 VCIO
2106 973 2381 1027 robustius
2413 974 2588 1027 allecti
2612 984 2665 1028 et
2712 978 3073 1034 determinato
3106 986 3390 1049 proiiosiio
3423 983 3528 1032 iiii-

1947 1064 2085 1129 buti,
2115 1064 2337 1120 Christo
2368 1066 2480 1135 jam
2519 1067 2664 1121 facto
2703 1069 2822 1122 viro
2883 1072 3110 1125 viriliter
3151 1073 3316 1125 oblati
3377 1084 3526 1137 sunt,

1943 1171 2160 1230 sumpto
2186 1163 2437 1216 vincendi
2471 1164 2686 1227 robore,
2735 1173 2847 1216 tum
2889 1164 3155 1218 adversus
3185 1167 3526 1233 aﬂ'ectiones,
3623 1151 3627 1155 ⁸

1945 1263 2056 1306 tum
2095 1255 2361 1310 adversus
2396 1267 2656 1326 tyrannos
2689 1275 2702 1310 :
2735 1257 3014 1325 quietiam
3056 1259 3185 1311 dum
3221 1259 3527 1322 imitantur,

1944 1348 2017 1399 illi
2083 1349 2303 1417 quidem
2340 1347 2542 1403 Chriin
2598 1350 2952 1419 praceptoris
3016 1351 3423 1416 innocentiam,
3475 1354 3529 1406 hi

1942 1450 2121 1492 autem
2144 1440 2288 1509 quod
2318 1440 2441 1509 agni
2470 1451 2720 1510 est,puta
2741 1441 2946 1511 proprii
2989 1442 3277 1511 sanguinis
3306 1443 3530 1496 effusio-

1942 1547 2063 1584 nem
2097 1548 2196 1600 pro
2259 1549 2360 1585 suo
2413 1534 2674 1599 magistro
2758 1535 2830 1588 ila
2887 1535 3062 1604 ipsius
3119 1536 3528 1606 possessionem

1940 1622 2264 1675 sortiuntur.
2307 1621 2778 1688 Quemadmodum
2825 1634 3008 1680 autem
3043 1629 3210 1682 varia:
3248 1636 3378 1683 sunt
3412 1629 3532 1696 glo-

1942 1713 2035 1766 ria:
2083 1714 2420 1778 mansiones,
2480 1716 2553 1769 ita
2588 1725 2644 1770 et
2682 1717 2936 1788 supplicii
2972 1735 2987 1773 :
3024 1719 3147 1773 ideo
3193 1736 3415 1789 queque
3444 1722 3531 1773 di-

1940 1817 2088 1859 ctum
2108 1816 2187 1859 est
2211 1808 2355 1876 quod
2382 1810 2760 1879 unusquisque
2787 1826 2942 1866 suam
2965 1812 3198 1882 accipiet
3218 1812 3530 1868 mercedem

1869 1886 1911 1941 Β
1937 1897 2093 1966 juxta
2121 1914 2280 1953 suum
2307 1900 2574 1955 laborem.

2545 2037 2774 2094 CAPUT
2816 2039 2928 2094 XL.

1946 2171 2018 2224 De
2041 2175 2224 2244 angelo
2251 2176 2341 2244 qui
2370 2177 2725 2298 denuntiabat.
2758 2178 3106 2258 propinquant
3133 2194 3245 2232 esse
3285 2178 3526 2246 futurum

2611 2263 2686 2298 mi
2709 2264 2889 2298 icium.

2603 2263 2889 2314 Jumcmm.

2013 2383 2154 2449 XIV,
2188 2386 2240 2449 (ἱ,
2285 2385 2336 2441 7.
2373 2384 2442 2438 Et
2475 2386 2580 2439 ridi
2617 2385 2862 2455 angelum
2890 2386 3144 2439 volantem
3179 2403 3272 2456 per
3299 2388 3529 2440 medium

1940 2477 2053 2529 mali
2087 2476 2365 2531 habentem
2399 2458 2746 2547 Evangele
2784 2490 3037 2532 a'ternum
3075 2479 3528 2549 utevangclizurct

1937 2570 2298 2624 habitantibus
2325 2573 2379 2624 in
2407 2581 2568 2636 terra,
2592 2582 2640 2626 et
2666 2572 2810 2624 omni
2841 2573 3002 2640 genti,
3029 2581 3078 2625 et
3107 2571 3292 2635 tribui,
3339 2583 3386 2624 et
3417 2572 3525 2624 lm-

1936 2673 2052 2727 guw
2080 2669 2128 2711 et
2152 2659 2363 2725 populo,
2395 2660 2574 2715 dicens
2605 2678 2724 2716 voce
2751 2679 2941 2731 magna
2971 2678 2989 2714 :
3027 2660 3221 2716 Timete
3248 2663 3528 2716 Dominum

1936 2760 1986 2803 et
2010 2751 2132 2804 date
2164 2751 2267 2818 ipsi
2299 2753 2552 2821 gloriam,
2580 2756 2705 2823 quia
2731 2757 2868 2808 venit
2897 2756 3029 2808 liora
3056 2757 3255 2824 judicii
3291 2757 3425 2826 ejus.
3461 2757 3527 2809 Et

1939 2843 2162 2897 adorate
2187 2845 2359 2912 ipsum
2393 2848 2485 2914 qui
2533 2847 2657 2914 fecit
2689 2847 2876 2901 ca‘lum
2911 2859 2959 2900 et
2999 2858 3196 2902 terram
3225 2858 3274 2902 et
3311 2866 3453 2903 mare
3478 2861 3527 2904 et

1939 2936 2107 3002 fontes
2135 2953 2412 3004 aquarum.

2012 3231 2169 3297 Quod
2200 3232 2404 3288 dicitur
2425 3232 2549 3287 emli
2579 3242 2842 3299 medium,
2867 3232 3140 3304 duplicem
3161 3249 3344 3290 secum
3371 3235 3530 3292 aﬂ‘ert

1942 3324 2298 3379 intellectum.
2337 3323 2551 3379 Etenim
2595 3325 2980 3381 celsitudinem
3030 3342 3095 3381 ac
3122 3328 3526 3383 sublimitatem

1939 3417 2164 3471 denotat
2196 3434 2208 3470 :
2245 3419 2473 3488 etquod
2507 3419 2579 3474 sit
2623 3435 2651 3473 a
2707 3421 2874 3483 caelo,
2908 3430 3019 3474 tam
3087 3422 3139 3474 id
3180 3422 3328 3491 quod
3365 3423 3432 3477 ab
3461 3439 3528 3478 co

1938 3511 2512 3581 annuntiatur,quain
2547 3513 2663 3583 ipse
2715 3516 2809 3584 qui
2844 3531 2873 3568 τι
2931 3514 3040 3569 Deo
3097 3516 3301 3572 missus
3359 3527 3444 3574 est
3509 3537 3523 3571 :

1939 3610 2201 3670 przeterea
2231 3602 2375 3671 quod
2403 3602 2516 3671 jam
2544 3604 2828 3659 immineat
2863 3604 3058 3674 iudicii
3086 3615 3307 3676 tempus
3323 3623 3526 3678 exspe-

1937 3701 2147 3746 ctatum
2194 3709 2222 3748 a
2266 3695 2489 3749 saeculo.
2545 3695 2610 3750 Et
2647 3711 2758 3750 non
2806 3698 2984 3751 solum
3029 3697 3081 3751 id
3146 3699 3388 3754 salutare
3440 3709 3527 3754 est

1939 3785 2023 3839 his
2049 3787 2141 3854 qui
2205 3803 2272 3840 ex
2331 3788 2478 3842 omni
2519 3799 2679 3858 gente
2717 3791 2927 3858 operati
2975 3799 3104 3845 sunt
3159 3807 3221 3845 ea
3263 3808 3386 3862 qua:
3409 3792 3527 3848 Deo

1937 3869 2172 3947 placerit,
2205 3880 2298 3933 sed
2327 3890 2380 3934 et
2409 3889 2674 3938 terrorem
2721 3882 2880 3937 ταωνι
2913 3883 3259 3939 ᾱςυιηοιιίὺυε
3303 3902 3365 3939 ac
3399 3901 3527 3955 pec-

1935 3973 2236 4027 catoribus.
2272 3971 2577 4043 Utrumque
2603 3987 2785 4029 autem
2817 3975 3116 4031 insinuavit
3170 3993 3270 4032 vox
3317 3998 3330 4034 :
3369 3981 3527 4035 bonis

1936 4063 2156 4132 quidem
2192 4081 2290 4134 per
2341 4068 2800 4136 magnitudinem,
2852 4069 2998 4137 quod
3043 4069 3426 4128 desiderabilis
3458 4075 3528 4128 sit

1933 4157 2292 4226 justijudieis
2331 4159 2621 4222 adventus,
2655 4169 2710 4214 et
2759 4159 2904 4229 quod
2947 4160 3248 4216 constituet
3296 4179 3392 4217 eos
3431 4181 3519 4220 co-

1938 4263 2053 4303 ram
2089 4249 2183 4302 illo
2213 4259 2432 4320 propter
2457 4266 2618 4321 quem
2640 4251 2692 4305 in
2729 4251 2832 4306 hac
2857 4250 3129 4322 ﬂagitiosa
3155 4263 3209 4308 et
3241 4252 3519 4311 laboriosa

1936 4341 2043 4416 vita
2080 4351 2294 4395 certare
2320 4343 2399 4397 eis
2423 4344 2653 4414 contigit
2680 4360 2805 4399 cum
2839 4345 2924 4398 his
2953 4346 3047 4414 qui
3075 4359 3382 4416 repugnant
3402 4348 3526 4416 jus-

1936 4411 2012 4488 sis
2053 4432 2171 4501 ejus
2220 4411 2602 4490 :dzmnonibus
2655 4450 2788 4490 vero
2842 4444 2897 4490 et
2952 4411 3269 4492 hominibus
3303 4411 3418 4507 qui'
3455 4443 3525 4493 ah

1937 4526 2069 4594 ipsis
2105 4527 2381 4581 terreiacti
2407 4537 2535 4582 sunt
2570 4538 2623 4583 et
2649 4528 2819 4594 illusi,
2850 4528 3103 4589 timorem
3147 4546 3256 4584 non
3294 4533 3359 4586 ad
3390 4548 3526 4586 cau-

1937 4622 2139 4674 tionem
2175 4635 2237 4674 ae
2269 4622 2605 4685 tirmitatem,
2658 4622 2750 4676 sed
2781 4630 3003 4691 propter
3052 4625 3522 4692 exspectationem

1942 4711 2286 4780 repensionis
2315 4728 2545 4783 operum
2579 4729 2700 4782 qua;
2725 4713 2994 4768 iecerunt.
3022 4715 3192 4786 769
3221 4716 3350 4770 ideo
3381 4734 3524 4786 quo-

1941 4820 2048 4873 que
2071 4807 2334 4875 propheta
2356 4807 2489 4861 dicit
2523 4825 2536 4861 :
2569 4826 2586 4858 ι
2627 4806 2765 4861 Ecce
2800 4806 3066 4862 Dominus
3091 4809 3288 4876 veniet,
3322 4819 3377 4865 et
3400 4813 3526 4882 quis

1943 4898 2236 4953 sustinebit
2264 4898 2410 4952 diem
2450 4899 2734 4967 ingressus
2762 4899 2936 4969 ipsius
2964 4901 3036 4952 '9?
3076 4919 3092 4949 ι

2019 4990 2085 5045 Et
2116 4993 2337 5045 adorata
2361 4994 2553 5061 ipsum.
2592 4991 2783 5046 Merito
2816 4991 3039 5061 quidem
3075 4992 3253 5060 ipsum
3284 4993 3519 5046 adorari:

1937 5084 2093 5154 jubet
2127 5095 2391 5154 tanquam
2423 5085 2740 5139 Creatorem
2775 5082 3107 5148 eielestium,
3154 5087 3521 5147 terrestrium,

1941 5193 2005 5232 ac
2024 5180 2527 5232 subterraneorum.
2548 5176 2828 5246 Siquidem
2853 5191 2949 5245 per
2970 5178 3194 5239 ccelum,
3222 5186 3422 5229 terram
3442 5193 3508 5230 ac

1942 5286 2094 5324 mare
2113 5270 2452 5340 signilieatur
2476 5269 2715 5324 visibilis
2738 5282 3012 5334 creatura,
3051 5282 3150 5337 per
3169 5266 3350 5322 fontes
3370 5284 3520 5332 vero,

1942 5365 2298 5419 subterranea
2339 5386 2349 5419 :
2388 5364 2660 5419 incertum
2699 5375 2781 5419 est
2814 5365 2958 5417 enim
3001 5363 3147 5417 unde
3177 5364 3248 5415 sit
3281 5361 3513 5416 fontium

1944 5471 2290 5525 progressus,
2325 5454 2788 5523 quemadmodum
2819 5455 2982 5508 etiam
3024 5468 3215 5510 eorum
3247 5470 3370 5524 qua:
3419 5457 3524 5508 sub

1943 5559 2084 5601 terra
2123 5557 2270 5602 sunt.
2301 5546 2461 5612 Quod
2492 5548 2536 5602 si
2575 5548 2702 5602 huic
2731 5559 2994 5618 tanquam
3032 5546 3261 5603 istorum
3305 5547 3519 5602 auctori

2022 5889 2136 5961 (45)
2169 5889 2267 5946 Ed.
2296 5890 2499 5948 omittit
2529 5893 2563 5962 ἡ
2598 5894 2770 5963 φωνή.
