4256 6440
239 411 352 477 689

1311 420 1697 484 COMMENT.
1746 423 1826 482 IN
1866 423 2395 485 APOCALYPSIN.

3405 423 3514 486 690

201 568 205 581 τ
244 526 360 594 ρεῖν
402 523 572 594 ἀκοῆς
613 524 682 578 τά
721 523 1028 597 δηλούμενα
1085 528 1390 598 σημαίνει·
1414 531 1448 600 ὴ
1493 533 1550 585 δὲ
1593 532 1687 584 τοῦ
1725 533 1825 603 θη-
1854 534 1904 593 Α

1930 549 2052 603 quae
2079 534 2459 603 signiﬁcantur
2489 548 2709 589 omnem
2747 541 3038 602 penetrent
3079 531 3346 587 auditum.
3414 532 3516 584 Βιρ-

247 619 364 688 ρίσυ
394 617 770 690 προσκύνησις
796 620 891 673 καὶ
919 620 980 673 τὸ
1004 619 1190 674 λαϐεῖν
1224 622 1390 676 αὐτοῦ
1413 623 1511 693 τὴν
1532 627 1823 695 σφραγῖδα,

242 710 304 762 τὸ
355 710 444 763 τὸν
499 711 874 780 ’Δντίχριστον
927 713 1240 782 ἡγήσασθαι
1280 715 1437 778 Θεὸν,
1475 721 1568 770 καὶ
1617 719 1826 790 λόγῳῆ

244 803 395 871 ἔργῳ
428 801 494 854 τά
526 803 842 872 καταθύμια
875 804 1050 875 τούτῳ
1088 807 1344 871 διεξιέναι
1377 811 1470 863 καὶ
1509 811 1827 880 κηρύσσειν.

244 895 416 947 Τοῦτο
447 896 553 966 γὰρ
593 895 652 948 τὺ
678 898 770 948 ἐπὶ
806 896 899 950 τοῦ
935 898 1186 966 μετώπου
1237 903 1456 972 καὶτῆς
1488 905 1670 973 χειρὸς
1721 905 1822 972 χά-

244 1005 439 1057 ραγμα
492 989 771 1057 σημαίνει,
813 989 934 1042 ἀντὶ
961 992 1055 1043 τοῦ
1089 992 1250 1059 λόγου
1280 993 1374 1046 τοῦ
1415 996 1695 1064 μετώπου.
1733 997 1829 1049 καὶ

244 1078 372 1129 ἀντὶ
424 1079 588 1148 ἔργου
621 1080 721 1141 τῆς
771 1080 955 1149 χειρὸς
1011 1081 1501 1151 παραληφθέντων.
1542 1086 1739 1139 Εἰκόνα
1773 1090 1828 1143 δὲ

242 1174 344 1234 τὴν
373 1169 610 1239 δυσσεϐῆ
646 1171 920 1224 πολιτείαν
944 1172 1116 1225 καλεῖ’
1155 1171 1297 1227 οῐνον
1320 1177 1383 1228 δὲ
1407 1177 1499 1249 τὴν
1527 1178 1698 1251 ὀργὴν
1727 1182 1829 1233 οὐκ

243 1265 356 1316 ἀπὸ
403 1266 501 1334 τῆς
553 1263 893 1334 εὐφροσύνης
927 1263 1186 1331 ἔφασκεν,
1221 1268 1337 1320 ἀλλ’
1369 1271 1433 1321 ἐκ
1485 1269 1585 1338 τῆς
1617 1274 1827 1325 σκοτώ-

247 1374 385 1418 σεως
425 1357 519 1410 καὶ
552 1356 651 1423 τῆς
680 1358 1008 1426 παραφορᾶς
1039 1371 1054 1385 ’
1073 1359 1284 1412 τοιοῦτο
1310 1363 1419 1432 γᾶρ
1445 1365 1537 1416 καὶ
1567 1368 1593 1416 ὁ
1617 1366 1826 1434 θυμόςο

244 1458 684 1526 κ;κεράσθαιδὲ,
719 1461 841 1514 ἀντὶ
898 1461 992 1514 105
1050 1461 1330 1530 ἐκκεῖσθαι
1382 1459 1415 1528 ἢ
1468 1458 1824 1512 ἐπιδίδοσθαι.

249 1548 477 1616 Εἴρηται
512 1551 570 1603 δὲ
600 1551 743 1604 οὕτω
767 1553 888 1606 καθ’
911 1554 993 1605 ὅτι
1017 1554 1254 1620 ἑκάτερα
1280 1550 1429 1619 παρά
1449 1551 1559 1608 τοῖς
1580 1549 1831 1611 παλαιοῖς

244 1642 315 1692 12:
348 1643 604 1712 ποτήρια.
643 1639 798 1708 Οἷνος
821 1647 877 1698 δὲ
908 1644 1080 1714 θυμοῦ
1112 1643 1441 1714 είρηται.ὡς
1477 1643 1565 1696 καὶ
1600 1641 1830 1710 εὐφραί-

248 1749 361 1785 νων
397 1730 560 1798 οῐνοςο
593 1735 668 1799 ὡς
693 1736 805 1806 γάρ
839 1738 867 1788 ὁ
899 1735 1207 1804 εὐφραίνων
1239 1729 1379 1797 οἶνος
1415 1734 1588 1804 λήθην
1615 1736 1832 1802 ἐμποιεῖ

245 1824 358 1876 τῶν
396 1825 697 1897 δυσχερῶν,
728 1826 872 1881 οὕτω
900 1828 994 1880 καὶ
1023 1827 1118 1880 νῦν
1151 1821 1293 1888 οἶνος
1326 1825 1504 1897 θυμοῦ
1541 1825 1758 1896 εἴρηται
1796 1827 1829 1897 ἡ

244 1917 468 1985 κόλασις
496 1919 938 1992 ἐπακολούθημα.

329 2195 439 2248 Τοῦ
476 2193 922 2263 κεκερασμένου
961 2193 1226 2262 ἀκράτου
1247 2192 1317 2246 ἐν
1334 2191 1416 2257 τῷ
1438 2192 1697 2261 ποτιψίῳ
1726 2192 1838 2260 τῆς

245 2286 455 2355 ὀργῆς.
512 2287 939 2350 Ἐπιτευκτικῶς
993 2288 1054 2340 τὸ
1089 2289 1331 2356 ἄκρατον
1359 2285 1452 2338 τοῦ
1480 2285 1655 2357 θυμοῦ
1707 2285 1837 2357 οἴνῳ

241 2380 553 2432 ἀπείκασεν
587 2379 814 2451 ἀκράτῳ
854 2380 1248 2450 κεκερασμένῳ
1304 2381 1362 2432 ὲν
1414 2378 1492 2449 τῷ
1550 2378 1831 2450 ποτηρίῳ·

246 2472 491 2542 ἄκρατος
537 2473 647 2542 γὰρ
696 2470 838 2534 οἶνος
898 2471 1197 2541 μεθύσκειν
1246 2471 1470 2524 δύναται
1512 2470 1697 2525 πλεῖον
1739 2470 1834 2525 105

249 2565 617 2634 κεκραμένου,
647 2567 767 2618 ἐπεὶ
799 2567 897 2618 καὶ
951 2565 1095 2617 κατά
1135 2564 1226 2617 τὸν
1262 2564 1526 2633 μέλλοντα
1557 2565 1731 2619 αἰῶνα
1786 2563 1837 2616 οἱ

250 2657 728 2726 ἀνταποδιδόμενοι
776 2659 885 2710 τῶν
945 2658 1291 2727 βεϐιωμένων
1348 2660 1552 2729 μισθοὶ,
1607 2662 1836 2731 ἄκρατοι

249 2749 344 2799 καὶ
380 2749 601 2818 ἀμιγεῖς
633 2751 726 2803 105
773 2751 1016 2804 ἐναντίου
1050 2751 1222 2811 ἐλέου,
1259 2755 1352 2804 καὶ
1396 2752 1618 2819 ἀγαθῶν
1652 2752 1833 2822 ἔργων

249 2836 635 2906 ἁειμνηστίας,
667 2841 747 2892 ὅτι
771 2841 866 2892 καὶ
895 2843 922 2892 ὁ
951 2842 1066 2894 ἐκεῖ
1119 2841 1232 2911 βίος
1258 2841 1468 2910 ἀληθὴς
1512 2845 1606 2896 καὶ
1637 2844 1839 2907 παντὸς

251 2928 504 2994 ἀγνεύων
551 2929 648 2982 τοῦ
683 2932 1055 3001 προσποιητοῦ
1089 2934 1184 2986 καὶ
1214 2933 1573 2988 ὲπιπλὰστου.
1621 2935 1760 2988 Ἀλλ’
1788 2938 1836 2990 εί

246 3021 529 3087 τοιοῦτος,
587 3024 706 3083 πῶς
786 3026 1123 3094 κεκέρασται
1187 3029 1247 3079 ὲν
1299 3027 1378 3097 τῷ
1455 3029 1744 3100 ποτηρίῳς
1799 3031 1833 3101 ἢ

247 3113 413 3182 δῆλον
435 3115 508 3176 ὡς
540 3116 600 3168 τὸ
624 3119 955 3188 κεκερᾶσθαι
981 3119 1080 3171 οὐκ
1105 3121 1385 3189 ἐπιμιξίαν
1412 3123 1532 3174 τινὰ
1557 3122 1833 3192 σημαίνει,

246 3205 368 3259 ἀλλ’
402 3207 659 3269 ἐπίδοσιν,
693 3212 766 3272 ὡς
818 3210 883 3262 ἂν
912 3210 1055 3263 οὕτω
1097 3215 1301 3264 νοοῖτο·
1337 3212 1444 3265 T05
1486 3215 1834 3284 κεκερασμέ-
1863 3248 1906 3308 C

249 3317 370 3362 von,
406 3301 671 3366 τουτέστι,
708 3303 799 3354 τοῦ
850 3304 1193 3368 ἐπιδοθέντος
1243 3309 1299 3358 ἐν
1348 3308 1425 3377 τῷ
1458 3309 1703 3379 ποτηρίῳ
1735 3310 1834 3379 τῆς

247 3389 444 3460 ὀργῆς,
470 3390 537 3442 δι’
567 3391 703 3460 ὅπερ
746 3393 1056 3456 ἀκολούθως
1085 3398 1148 3464 τῇ
1181 3396 1344 3465 ὀργῇ,
1377 3399 1471 3448 καὶ
1526 3401 1558 3468 ή
1598 3398 1836 3468 βάσανος

251 3485 318 3535 ἐκ
374 3485 546 3550 rupi;
584 3485 678 3539 καὶ
709 3485 852 3537 θείου
906 3486 1109 3555 ἀμφοῖν
1145 3491 1627 3553 καυστικωτάτοιν,
1667 3491 1839 3559 πυρδς

252 3580 376 3648 μὲν,
407 3580 622 3646 φλέγειν
681 3582 1008 3649 πεφυκότος.
1045 3580 1136 3633 τ’)ὖ
1183 3581 1337 3633 θείου
1377 3582 1432 3635 δὲ
1496 3583 1835 3654 ἀνερεθίξειν

247 3671 488 3740 διαρκῶς
522 3672 772 3734 εἰωθότος
802 3689 814 3701 ·
849 3672 908 3723 τὸ
940 3671 994 3724 δὲ
1026 3671 1254 3726 ἐνώπιον
1291 3674 1401 3724 τῶν
1457 3675 1629 3740 ἁγίων
1660 3676 1831 3743 ἀγγέ-

247 3763 361 3816 λων
391 3764 480 3816 καὶ
536 3764 629 3817 105
676 3765 914 3833 Ἀρνίου,
947 3765 1105 3817 τοῦτο
1130 3765 1380 3834 βούλεται
1416 3768 1709 3836 παριστᾷ-λ,
1749 3766 1838 3820 διὰ

254 3857 360 3923 μὲν
391 3856 497 3909 τῶν
541 3857 811 3923 ἀγγέλων.
841 3857 900 3909 τὸ
943 3856 1299 3927 ἀδυσώπητον
1333 3858 1395 3910 τὸ
1426 3860 1560 3929 πρὸς
1596 3861 1694 3929 τὴν
1736 3861 1832 3929 βά-

253 3966 440 4012 σανον,
474 3949 559 4001 διὰ
585 3949 640 4001 δὲ
664 3951 757 4002 105
800 3949 1036 4019 ’Λρνίου,
1071 3950 1378 4020 ἀνάμνησιν
1423 3953 1678 4021 φέροντος
1731 3953 1834 4022 τῆς

251 4041 396 4110 ὐπέρ
431 4042 703 4110 σωτηρίας
735 4041 1038 4110 ἀνθρώπων
1073 4042 1238 4095 αὐτοῦ
1282 4045 1520 4113 σφαγῆς,
1555 4046 1700 4108 ὅπως
1731 4047 1830 4098 αὑ-

251 4133 346 4195 τὸς
399 4134 494 4202 μὲν
543 4134 629 4186 διὰ
687 4134 858 4203 πυρὸς
917 4135 1213 4204 ἀγαπήσας
1263 4136 1560 4188 ἐκδέδωκεν
1616 4139 1832 4203 ἑαυτδν,

252 4227 411 4279 αὐτοὶ
436 4226 491 4279 δὲ
531 4229 627 4295 τῆς
679 4227 888 4280 ἑαυτῶν
947 4228 1332 4297 ἀπαλλαγῆναι
1400 4228 1678 4291 ἀπωλείας
1730 4231 1830 4283 οὐκ

253 4319 654 4388 ἐϐουλήθησαν.
699 4321 920 4372 Καπνὸν
965 4321 1019 4372 δὲ
1088 4321 1181 4372 105
1245 4320 1603 4389 βασανισμοῦ,
1653 4322 1683 4391 ἢ
1735 4322 1837 4392 τὴν

256 4408 395 4476 πρὸς
426 4409 631 4472 πάντας
653 4410 886 4479 δήλωσιν
917 4410 1009 4462 105
1031 4412 1119 4463 διὰ
1147 4411 1318 4480 πυρὸς
1347 4410 1685 4463 ἐκτελεῖσθαι
1739 4412 1836 4481 τὴν

251 4499 548 4568 τιμωρίαν,
605 4499 834 4570 [καπνὸς
887 4501 995 4571 γὰρ
1035 4501 1207 4570 πυρὸς
1255 4502 1556 4571 τεκμήριον
1600 4501 1829 4573 (45)ἶ,ῆ

1937 626 2096 679 sliam
2133 643 2263 680 vero
2309 626 2538 681 adorare
2561 637 2616 682 et
2671 627 2792 696 ejus
2843 628 3062 692 signum
3110 627 3380 694 accipere,
3432 633 3517 678 est

1935 721 2253 774 existimare
2285 717 2684 774 Antichristnni
2734 735 2858 774 esse
2889 718 3061 772 Deum
3120 718 3397 787 verboque
3465 726 3520 770 et

1937 823 2098 879 opere
2132 827 2255 879 quae
2308 811 2436 864 huic
2457 819 2607 878 grata
2633 820 2762 865 sunt
2817 824 3254 864 commemorare
3294 823 3357 862 ac
3381 823 3516 877 preco

1940 903 2149 956 dicare.
2179 902 2313 956 Nam
2349 903 2452 956 hoc
2483 903 2756 972 signilicat
2785 907 3072 958 character
3133 903 3188 956 in
3245 901 3422 956 fronte
3468 909 3523 955 et

1941 996 1994 1047 iu
2028 1010 2190 1049 manu
2228 1014 2240 1049 :
2285 994 2464 1048 fronte
2491 1004 2774 1063 assumpta
2804 1011 2898 1064 pro
2963 1009 3240 1057 sermone,
3273 1001 3327 1046 et
3353 1007 3518 1044 manu

1940 1100 2041 1154 pro
2070 1100 2253 1154 opere.
2293 1085 2586 1154 Imaginem
2614 1095 2797 1139 autem
2831 1097 2990 1139 vorat
3016 1086 3242 1155 impiam
3269 1097 3521 1140 convcr-

1921 1178 2230 1232 »sationem.
2264 1177 2438 1232 Porro
2474 1177 2662 1230 viuum
2715 1176 2855 1230 dixit
2901 1177 3060 1242 iram,
3115 1192 3224 1231 non
3271 1177 3343 1230 ob
3379 1174 3520 1229 laeti-

1940 1270 2068 1322 tiam
2105 1286 2270 1340 quam
2299 1269 2563 1334 immittit,
2595 1269 2687 1324 sed
2746 1269 2817 1324 ob
2863 1268 3060 1337 capitis
3091 1270 3412 1338 vertiginem
3449 1281 3514 1321 ac

1939 1361 2102 1416 veluti
2133 1361 2396 1417 furorem:
2425 1360 2743 1430 huiusmodi
2778 1360 2925 1415 enim
2949 1369 3034 1415 est
3060 1361 3139 1413 ira
3173 1359 3517 1428 qumdicitur

1939 1454 2130 1525 θυμός.
2165 1454 2386 1510 Μίειιιιῆ
2419 1468 2550 1509 vero
2578 1468 2724 1515 esse,
2758 1453 2863 1508 hoc
2905 1462 2990 1508 est
3039 1452 3299 1507 dili‘nsum
3330 1460 3387 1505 et
3419 1467 3522 1504 au-

1939 1556 2300 1618 gmentatum.
2334 1549 2411 1600 ita
2443 1555 2626 1600 autem
2677 1544 2885 1598 dictum
2927 1544 3034 1609 est,
3081 1558 3148 1598 eo
3191 1541 3336 1612 quod
3373 1541 3518 1610 apud

1940 1647 2153 1696 veteres
2185 1650 2419 1708 utraque
2469 1645 2631 1692 erant
2666 1637 2885 1706 pocula.
2917 1637 3145 1690 Demum
3180 1637 3369 1688 viuum
3426 1633 3520 1687 irze

1940 1733 2058 1787 sive
2090 1730 2294 1785 furoris
2322 1730 2531 1784 dictum
2559 1737 2662 1791 est,
2711 1728 3173 1798 quemadmodum
3232 1728 3398 1781 etiam
3444 1727 3523 1779 vi-

1941 1841 2073 1880 num
2106 1824 2413 1879 ltetiﬁcans.
2440 1822 2595 1878 Sicut
2624 1821 2769 1876 enim
2797 1820 2955 1891 771
2993 1821 3180 1874 vinum
3230 1819 3376 1890 quod
3432 1819 3524 1873 lae-

1863 1904 1906 1960 Β
1937 1917 2107 1972 tiﬁcat
2132 1914 2465 1970 oblivionem
2516 1912 2764 1966 immittit
2801 1927 2982 1966 rerum
3016 1912 3376 1987 molestarum
3401 1951 3416 1975 ,
3448 1911 3520 1965 ita

1937 2019 1990 2064 et
2019 2022 2165 2063 nunc
2183 2006 2370 2059 viuum
2397 2004 2489 2058 ine
2515 2001 2600 2058 vel
2624 2002 2828 2058 furoris
2856 2003 3060 2058 dictum
3081 2012 3167 2058 est
3191 2001 3522 2072 supplicium

1938 2097 2082 2167 quod
2133 2095 2513 2166 subsequitur.

2008 2187 2159 2254 Quod
2195 2189 2407 2243 mistum
2439 2198 2516 2243 est
2546 2204 2688 2244 mero
2719 2190 2772 2243 in
2797 2196 3001 2242 cratere
3034 2187 3149 2243 ine.
3185 2186 3393 2242 Herum
3433 2186 3523 2242 fu-

1940 2284 2082 2338 roris
2119 2281 2326 2338 aﬁ‘abre
2356 2284 2698 2353 comparavit
2748 2284 2879 2338 vino
2917 2297 3069 2337 mero
3095 2282 3238 2348 quod
3274 2281 3328 2335 in
3352 2282 3524 2338 calice

1941 2376 2165 2430 mistum
2201 2383 2308 2430 est.
2344 2375 2629 2445 Siquidem
2662 2375 3092 2430 vinum-merum
3121 2373 3342 2429 lacilius
3402 2375 3520 2428 iue-

1941 2469 2125 2524 briarc
2184 2476 2364 2539 potest
2407 2484 2573 2540 quam
2623 2469 2871 2536 mistum,
2918 2468 3181 2539 quoniam
3233 2467 3287 2522 in
3337 2466 3523 2521 futuro

1937 2577 2158 2632 quoque
2196 2562 2400 2617 saculo
2448 2561 2845 2616 retributiones
2897 2575 3090 2615 eorum
3131 2576 3255 2629 quae
3303 2559 3355 2613 in
3419 2561 3522 2614 hac

1939 2652 2046 2706 vita
2081 2662 2304 2722 peracta
2333 2662 2485 2716 sunt,
2526 2667 2679 2722 pura:
2730 2661 2914 2716 erunt,
2955 2661 3010 2705 et
3066 2667 3172 2705 non
3223 2652 3525 2707 commistze

1940 2761 2064 2801 cum
2093 2747 2344 2816 opposita
2377 2746 2756 2802 misericordia
2804 2756 2899 2801 aut
2951 2746 3211 2802 continua
3252 2748 3521 2801 honorum

1938 2855 2166 2909 operum
2201 2839 2466 2893 memoria
2518 2857 2531 2893 :
2581 2839 2844 2909 quoniam
2897 2838 3104 2926 futuraI
3134 2855 3357 2911 quoque
3408 2840 3536 2926 vita.

1940 2949 2066 2987 vera
2091 2933 2220 2997 erit,
2247 2941 2301 2987 et
2331 2933 2559 3002 expiatis
2589 2933 2658 2987 ab
2679 2934 2828 2987 omni
2861 2931 3213 2988 simulatione
3264 2943 3318 2988 et
3373 2931 3521 2987 fuco.

1943 3025 2147 3081 Verum
2181 3027 2226 3082 si
2261 3027 2383 3080 talis
2430 3036 2536 3092 est,
2569 3027 2845 3096 quomodo
2902 3029 3104 3083 dicitur
3145 3023 3332 3082 vimtm
3388 3029 3526 3082 mis-

1942 3128 2056 3173 tum
2090 3119 2142 3171 in
2175 3120 2426 3173 cratere?
2451 3119 2804 3173 Manifestum
2837 3130 2924 3175 est
2966 3121 3132 3191 igitur
3167 3122 3313 3190 quod
3335 3120 3397 3174 τὸ
3427 3137 3521 3173 κε-

1941 3205 2230 3276 κερᾶσθαι,
2269 3206 2319 3260 id
2341 3215 2445 3272 est,
2481 3208 2699 3261 mistum
2727 3222 2872 3271 esse,
2900 3224 3008 3263 non
3026 3210 3526 3280 signiﬁeattempe-

1946 3306 2188 3351 raturam
2223 3300 2487 3368 aliquam,
2520 3301 2615 3355 sed
2643 3301 3003 3363 additionem,
3041 3313 3099 3356 ut
3129 3303 3200 3356 sit
3231 3303 3334 3356 iste
3398 3318 3528 3357 sen-

1944 3404 2074 3443 sus:
2103 3389 2257 3455 Quod
2288 3392 2510 3446 mistum
2539 3402 2644 3453 est,
2680 3392 2732 3446 id
2761 3403 2866 3458 est,
2905 3396 3214 3463 appositum
3246 3395 3526 3464 iqcratere

1944 3482 2057 3547 irae,
2103 3493 2326 3552 propter
2354 3485 2497 3553 quod
2526 3500 2766 3554 congrue
2798 3486 2864 3538 ad
2900 3486 3037 3539 iram
3100 3487 3349 3556 sequitur
3411 3496 3526 3540 tor-

1944 3583 2190 3628 tnentum
2224 3575 2365 3644 ignis
2394 3586 2447 3630 et
2469 3576 2774 3646 sulphuris,
2800 3594 2922 3647 qua‘
2949 3579 3111 3632 ambo
3139 3579 3528 3633 ardentissime

1942 3677 2182 3721 exurunt
2217 3686 2229 3721 :
2266 3684 2388 3722 cum
2418 3669 2561 3738 ignis
2602 3671 2822 3739 quidem
2856 3681 3020 3726 natus
3043 3672 3114 3726 sit
3147 3671 3519 3735 inﬂammare,

1942 3759 2396 3826 sulphureautcm
2433 3763 2695 3836 continue
2741 3764 2808 3817 ad
2849 3765 3100 3819 ardorem
3151 3763 3389 3817 excitare
3435 3779 3527 3817 so-

1941 3852 2067 3906 leat.
2107 3854 2279 3908 Porro
2313 3856 2460 3925 quod
2495 3855 2698 3910 dicitur
2751 3875 2763 3911 :
2839 3873 3026 3912 coram
3065 3858 3275 3921 sanctis
3319 3859 3526 3926 angelis

1941 3959 1996 4002 et
2024 3949 2202 4018 Agno,
2240 3951 2345 4006 hoc
2370 3952 2682 4018 signiﬁcare
2720 3953 2838 4006 vult
2865 3970 2878 4007 :
2911 3969 3005 4023 per
3028 3953 3250 4023 angelos
3301 3952 3526 4022 quidem

1943 4041 2444 4111 implacabilitatcm
2476 4047 2542 4099 ad
2610 4046 2940 4109 cruciatum.
2989 4061 3084 4110 per
3131 4047 3343 4114 Aguum
3398 4062 3529 4101 vero

1942 4136 2089 4203 quod
2122 4137 2588 4193 reminiscentiam
2629 4155 2817 4194 secum
2852 4139 3041 4194 all‘erat
3081 4154 3194 4194 sua!
3225 4140 3392 4193 cadis
3425 4154 3525 4208 pro

1945 4227 2123 4282 salute
2164 4230 2475 4296 hominum,
2530 4233 2676 4300 quod
2742 4233 2857 4301 ipse
2910 4233 3031 4285 illos
3081 4231 3378 4300 diligendo.
3435 4247 3530 4300 per

1947 4318 2128 4392 ignem
2162 4321 2400 4387 seipsum
2435 4323 2740 4387 tradiderit,
2776 4324 2852 4377 illi
2892 4326 3023 4378 vero
3072 4338 3102 4377 α
3157 4325 3379 4393 propria
3403 4339 3528 4392 pcr-

1943 4408 2154 4463 ditione
2211 4409 2430 4465 liberari
2477 4413 2770 4467 noluerint.
2804 4414 2974 4468 Porro
3016 4414 3275 4466 tormenti
3313 4413 3526 4466 l'ninnm

1943 4510 2205 4570 tanquam
2250 4504 2675 4571 nebulam,dixit
2725 4506 3072 4560 ascendere:
3114 4505 3217 4560 hoc
3273 4514 3378 4572 est,
3435 4513 3532 4559 aut

262 4591 367 4643 τῶν
406 4591 514 4644 ἀπὸ
563 4591 655 4644 105
694 4592 975 4664 ᾇσθματος
1015 4591 1398 4662 κολαζομένων
1446 4593 1546 4663 τῆς
1588 4595 1836 4664 οἰμωγῆς
1870 4614 1906 4668 ο

1907 4593 2446 4660 ,manifestationem
2476 4597 2540 4650 ad
2583 4611 2777 4652 omnes
2826 4597 2972 4666 quod
3025 4597 3351 4667 supplicium
3404 4598 3529 4669 igne

253 4683 418 4734 οἱονεὶ
447 4683 605 4752 νέφος
629 4685 688 4737 05
720 4685 855 4756 πρδς
888 4686 1087 4754 ὀλίγον,
1128 4686 1246 4738 ἀλλ’
1278 4685 1509 4748 αἰωνίως
1544 4687 1836 4741 ἀναϐαῖνον

255 4775 503 4847 εἴρηκεν.

322 4959 462 5018 Ὧδε
491 4963 766 5031 ὑπομονὴ
804 4961 922 5015 τῶν
959 4963 1140 5031 ἁγίων
1188 4963 1379 5027 ἐστίν,
1402 4967 1455 5017 οἱ
1512 4964 1838 5031 τηροῦντες

258 5058 365 5121 τὰς
400 5057 651 5122 ἐντολὰς
691 5056 796 5110 τοῦ
838 5057 1006 5118 Θεοῦ,
1047 5056 1144 5109 καί
1202 5058 1312 5123 τὴν
1355 5058 1564 5111 πίστιν
1615 5057 1831 5123 Ἰησοῦ.

260 5150 368 5204 Καὶ
401 5150 642 5217 ἥκουσα
681 5148 885 5218 φωνῆς
930 5150 1001 5202 ἐκ
1057 5149 1162 5203 τοῦ
1198 5151 1458 5226 οὐρανοῦ
1493 5152 1796 5218 λεγούσης
1825 5167 1838 5180 ·

258 5242 547 5310 Γράψον·
577 5240 864 5308 Μακάριοι
909 5246 960 5294 οἱ
999 5241 1194 5307 νεκροί
1241 5244 1294 5292 οἱ
1333 5229 1407 5294 ἔιῗ
1444 5246 1564 5310 Κυρ
1580 5244 1638 5307 ’ῳ
1695 5242 1842 5295 ἀπο-

257 5337 634 5402 θνήσκοντες
680 5337 916 5408 ἀπάρτι.
949 5336 1085 5402 Ναί,
1112 5336 1276 5404 λέγει
1318 5336 1381 5388 τὸ
1426 5337 1696 5404 Πνεῦμα,
1739 5337 1841 5388 ἵνα

254 5430 726 5485 ἀνακαύσωνται
762 5430 830 5482 ὲκ
860 5426 980 5480 τῶν
1008 5428 1211 5480 κόπων
1231 5426 1448 5491 αὐτῶν,
1479 5426 1548 5478 τὰ
1579 5427 1646 5479 δὲ
1695 5427 1836 5494 ἔργα

256 5521 456 5577 αὐτῶν
491 5520 819 5576 ἀκολουθεῖ
829 5520 954 5589 μετ’
971 5520 1194 5574 αὐτῶν.

341 5615 430 5669 Ἐν
453 5613 652 5684 τούτῳ,
685 5614 839 5682 φησι,
868 5611 945 5682 τῷ
981 5612 1160 5682 καιρῷ
1186 5612 1264 5682 τῷ
1305 5611 1398 5665 105
1457 5612 1835 5681 Ἀντιχρίστου

255 5709 289 5777 ή
326 5706 574 5776 ὑπομονὴ
603 5706 710 5759 τῶν
747 5705 918 5770 ἁγίων
950 5704 1248 5760 δείκνυται.
1279 5701 1412 5759 Εἶτα
1431 5706 1506 5770 ὼς
1536 5705 1593 5770 ἐξ
1625 5705 1834 5774 ἐρωτή-

332 5886 445 5957 ίῖἱῖ»)
479 5886 689 5942 Inclusa
731 5885 930 5943 omittit
956 5886 1044 5941 ed.

1949 4687 2264 4757 perﬁciatur
2296 4686 2503 4758 (fumus
2527 4691 2672 4743 enim
2716 4690 2896 4760 ignem
2948 4689 3216 4758 denotat),
3278 4699 3375 4744 aut
3427 4704 3530 4745 eo-

1950 4794 2071 4834 rum
2106 4780 2196 4849 qui
2255 4782 2562 4848 pnniuntnr
2592 4782 2856 4851 eiulatum
2884 4823 2898 4845 ,
2957 4797 3064 4836 non
3104 4782 3170 4836 ad
3203 4783 3364 4837 breve
3389 4791 3528 4837 tent-

1951 4887 2078 4940 pus,
2109 4872 2201 4926 sed
2237 4881 2520 4940 perpetuo.

2024 4964 2165 5026 XIV,
2206 4963 2291 5030 12,
2338 4966 2420 5019 15.
2473 4965 2570 5019 llic
2603 4968 2859 5034 patientia
2919 4977 3224 5022 sanctorum
3271 4978 3396 5020 est:
3433 4983 3529 5019 cu-

1947 5055 2230 5108 stodientes
2264 5066 2527 5125 pracepta
2560 5057 2655 5111 Dei
2693 5067 2743 5111 et
2776 5059 2935 5127 ﬁdem
2960 5060 3108 5113 Iesu.
3143 5058 3208 5111 Et
3237 5059 3422 5112 audivi
3449 5074 3534 5111 vo-

1949 5163 2056 5200 cem
2084 5150 2147 5201 de
2177 5148 2304 5201 caelo
2338 5149 2596 5202 dicentem
2635 5168 2654 5203 .·
2692 5148 2909 5256 Sqfibe:
2939 5150 3094 5204 Beati
3128 5151 3325 5203 mortui
3356 5151 3445 5220 qui
3469 5151 3524 5203 in

1953 5241 2179 5296 Domino
2222 5245 2521 5297 moriuntur
2562 5241 2776 5299 amodo.
2815 5244 3087 5314 Profecto,
3114 5247 3240 5300 dicit
3267 5243 3522 5314 Spiritus,

1953 5344 2009 5387 ut
2039 5336 2366 5403 requiescant
2390 5353 2420 5389 a
2450 5336 2722 5390 laboribus
2750 5338 2995 5401 suis,sed
3026 5353 3182 5404 opera
3211 5335 3426 5388 illorum
3452 5351 3508 5388 se

1946 5439 2188 5497 qnuntur
2223 5431 2382 5494 ipsos.

2017 5604 2148 5670 Iloc,
2186 5605 2380 5674 inquit,
2431 5606 2752 5662 Antichristi
2796 5614 3044 5676 tempore
3078 5604 3388 5660 ostenditur
3418 5618 3484 5674 pu

1943 5700 2135 5757 tientia
2175 5707 2514 5755 sanctorum.
2551 5699 2751 5755 Deinde
2791 5706 3057 5770 tanquam
3103 5698 3174 5753 ab
3218 5697 3525 5765 interroga-
