4256 6440
267 436 375 499 693

1328 441 1718 503 COMMENT.
1763 442 1844 502 IN
1885 441 2388 501 APOC.\LYPSIN

3411 432 3517 496 694

265 549 363 601 καὶ
393 547 512 619 ἥξει
558 548 638 611 είς
676 547 951 617 Αἴγυπτον
974 563 988 578 ·
1027 569 1044 600 ι
1079 550 1142 604 ἐκ
1169 549 1272 618 γῆς
1304 550 1404 618 μὲν
1467 547 1582 603 οἷον
1613 551 1840 618 ἐξατμι-
1873 556 1890 610 l

1948 548 1999 602 in
2028 546 2322 616 Egyptum
2346 545 2387 576 ⁸¹
2421 562 2434 598 :
2475 564 2493 597 ι
2535 545 2602 599 de
2664 553 2807 598 terra
2840 542 3060 612 quidem
3114 538 3283 595 veluti
3319 553 3515 608 evapo-

269 642 511 705 σθεῖσαν,
543 641 818 708 τουτέστι,
849 643 1132 714 περιγείου
1158 642 1474 712 παχύτητος
1521 642 1840 712 ἀποδράσα-

267 749 390 785 σαν.
421 732 706 803 Κουφότη..
730 734 786 787 δὲ
810 736 930 798 ταῖς
946 735 1364 806 οὐρανοδρόμοις
1385 735 1606 806 ἀρεταῖς
1633 752 1842 805 κατηρ-

265 824 494 893 τισμένη
519 826 832 878 ἀποδίδοται
856 827 934 897 τῷ
963 827 1032 880 δι’
1071 829 1242 900 αὐτῆς
1281 828 1587 898 ἐνδημῆσαι
1619 828 1710 880 τὸν
1748 827 1840 879 τοῦ

265 915 403 968 Θεοῦ
433 917 559 970 Υίδν
587 918 1010 989 εὐμοιρήσαντα.
1045 921 1114 972 Ἢ
1141 921 1372 990 νεφέλην
1393 919 1697 990 ἀγγελικὴν
1720 936 1842 973 τινα

264 1007 498 1076 δύναμιν
529 1009 617 1062 διὰ
650 1009 712 1062 τὺ
740 1009 1001 1080 καθάριον
1031 1011 1143 1080 (47)
1174 1012 1270 1065 καὶ
1312 1012 1719 1084 μετεωρότερον
1743 1013 1843 1082 τῆς

264 1096 566 1168 ἀίγελικῆς
604 1099 844 1168 φύσεως,
876 1101 1010 1172 παρ’
1040 1101 1070 1154 ὃ
1105 1102 1198 1155 καὶ
1215 1101 1407 1155 λευκὸν
1434 1099 1594 1156 εἶναι.

342 1275 541 1341 Ἐλων
566 1273 667 1327 ἐπὶ
703 1272 809 1343 τῆς
837 1274 1110 1344 κεφαλῆς
1142 1275 1330 1330 αὑτοῦ
1366 1274 1670 1344 στέφανον
1694 1293 1842 1344 κρυ-

264 1367 445 1418 σιπῦν.
519 1368 580 1418 '0
634 1369 899 1434 στέφανος
958 1369 1051 1420 τὸν
1090 1369 1297 1437 Κύριον
1354 1369 1560 1437 Ἰησοῦν
1615 1369 1844 1438 βασιλέα

265 1457 588 1509 αἰνίττεται.
614 1456 874 1520 Βασιλεὺς
907 1458 1016 1527 γὰρ
1038 1459 1147 1511 τῶν
1167 1459 1373 1529 νοητῶν
1403 1476 1462 1511 τε
1508 1460 1602 1511 καὶ
1647 1459 1843 1528 αἰσθη-

265 1549 376 1600 τῶν
405 1549 433 1599 ὀ
472 1550 725 1620 Χριστός.
754 1551 1003 1619 Χρεδσοῦν
1034 1551 1220 1603 δέ.τὺν
1271 1551 1536 1620 στέφανον
1581 1550 1751 1620 λέγει,
1780 1554 1844 1606 ἐκ

264 1640 377 1691 τῶν
429 1642 557 1710 παρ’
610 1641 741 1710 ἡμῖν
797 1641 995 1712 τιμίων
1023 1642 1083 1694 τὸ
1121 1641 1329 1707 ἔνδοξον
1383 1641 1755 1710 ὑπογράφων·
1785 1642 1846 1693 τὸ

263 1730 324 1782 δέ
370 1733 425 1782 ἐν
481 1736 546 1802 τῇ
594 1734 739 1804 χειρὶ
778 1735 1047 1805 δρέπανον
1099 1733 1267 1804 ἔχειν,
1326 1735 1387 1787 τὸ
1435 1736 1493 1786 ἐν
1521 1738 1588 1805 τῇ
1625 1734 1844 1805 ἐξουσίᾳ.

264 1822 433 1874 αὑτοῦ
470 1824 682 1877 κεῖσθαι
703 1825 800 1894 τὴν
830 1825 924 1877 τοῦ
958 1825 1150 1889 αἰῶνος
1185 1827 1373 1879 τούτου
1404 1827 1714 1880 συντέλειαν
1743 1844 1845 1880 πα-

267 1915 491 1984 ραδηλοί
512 1916 596 1968 διὰ
632 1918 728 1986 τῆς
760 1918 950 1988 ὀργῆς,
979 1918 1011 1986 ἢ
1044 1918 1142 1988 τὴν
1189 1921 1470 1988 ταχυτῆτα
1499 1921 1594 1989 τῆς
1627 1920 1840 1987 ἐφόδου.
1877 1899 1920 1957 Β

338 2008 442 2060 Καὶ
469 2009 659 2075 ἄλλος
712 2009 967 2078 ἅγγελος
995 2011 1259 2077 ἐξῆλθεν
1287 2010 1532 2079 κράζων.
1567 2013 1665 2064 Διά
1695 2012 1747 2063 τί
1786 2012 1842 2065 δὲ

262 2098 491 2169 ἐξῆλθεν
518 2096 713 2164 οὗτοςό
731 2102 959 2171 ἄγγελος
987 2102 1241 2172 κράζων;
1276 2104 1731 2175 Περιφραστικῶς
1757 2104 1844 2158 διὰ

260 2194 471 2245 τούτων
500 2195 752 2263 δηλοῦται
782 2197 1013 2266 ἠίκεσία
1043 2196 1149 2250 τῶν
1171 2197 1506 2265 ἐπουρανίων
1531 2197 1841 2266 δυνάμεων,

260 2287 569 2358 ἐφιεμένων
585 2291 684 2360 μὲν
703 2289 801 2359 τὴν
826 2289 936 2341 τῶν
959 2289 1183 2342 δικαίων
1213 2289 1399 2360 τιμὴν,
1423 2290 1496 2351 ὡς
1527 2289 1844 2359 μιμησαμέ·

262 2396 370 2432 νων
388 2380 558 2443 αὐτὰς
582 2382 716 2450 ἐντῇ
751 2381 1071 2450 προσκαίρῳ
1102 2379 1468 2450 ζωῇιέαυτῶν,
1492 2383 1593 2434 οὐκ
1610 2384 1844 2434 ἀπαναι-

262 2472 508 2539 νομένων
532 2473 590 2525 δέ
621 2471 719 2542 τὴν
751 2473 860 2524 τῶν
889 2474 1229 2526 ἀπεναντίων
1279 2474 1463 2536 αὐτοῖς
1498 2473 1843 2542 βεϐιωκότων

263 2563 511 2617 ἐκδικίαν
542 2564 860 2619 θεάσασθαι.
888 2566 978 2617 Διὸ
1035 2565 1477 2629 ἐπισπεύδουσιν,
1511 2566 1595 2634 ἐφ’
1631 2559 1676 2633 ᾧ
1699 2567 1841 2619 παύ-

265 2657 465 2709 σασθαι
496 2657 594 2727 μὲν
630 2658 697 2710 τὰ
720 2657 1019 2726 κινούμενά
1045 2675 1102 2710 τε
1136 2660 1229 2713 καὶ
1262 2657 1645 2728 ἀλλοιούμενα,
1666 2676 1833 2727 φανε-

268 2749 512 2820 ρωθῆναι
546 2750 602 2803 δέ
631 2751 698 2803 τὰ
732 2750 1071 2805 ἀναλλοίωτα
1109 2752 1202 2804 καὶ
1232 2752 1556 2820 ἀνακίνητα.

337 2843 468 2895 Ὀτι
501 2842 801 2911 ἐξηράνθη
838 2847 870 2897 ὀ
908 2843 1190 2910 θερισμὸς
1219 2843 1328 2911 τῆς
1359 2843 1487 2911 γῆς.
1518 2843 1592 2896 Τδ
1640 2841 1840 2912 ξηραν-

263 2931 428 3001 Θῆναι
461 2933 552 2986 τὸν
582 2934 840 3004 θερισμὸν
884 2934 984 2986 οὐκ
1014 2933 1143 2987 ἄλλο
1190 2933 1359 3002 δηλοῖ,
1387 2933 1418 3002 ἦ
1447 2933 1507 2985 τὸ
1553 2935 1842 3000 ἐπιστῆναι

259 3025 360 3077 τὸν
392 3027 491 3095 τῆς
516 3027 825 3089 συντελείας
856 3027 1046 3097 καιρὸν
1094 3026 1180 3079 ὅτε
1235 3026 1552 3089 πεπανοεὶς,
1580 3026 1655 3088 ὡς
1702 3029 1844 3088 σῖτος

261 3114 498 3185 ὥριμος,
536 3119 564 3169 ό
593 3117 699 3169 τῶν
746 3116 1050 3187 ἀνθρώπων
1084 3117 1305 3187 σπόρος,
1336 3117 1364 3167 ὁ
1400 3117 1499 3186 μέν
1547 3133 1630 3168 τοι
1685 3116 1844 3168 εύσε-

1949 647 2181 702 rantem,
2216 638 2317 692 hoc
2376 647 2459 693 est
2489 653 2519 691 a
2553 648 2769 691 terrena
2811 633 3064 688 crassitie
3127 631 3516 702 egredientem,

1946 729 2040 782 sed
2071 730 2288 783 levitate
2319 726 2576 784 contexta
2601 728 2901 783 virtutibus
2933 727 2989 782 in
3015 725 3215 780 cmlum
3243 725 3523 780 currenti-
3594 794 3602 806 '

1948 819 2072 886 bus,
2113 837 2234 890 qua:
2269 821 2369 890 ipsi
2401 821 2742 886 attribuitur,
2789 836 2855 877 eo
2896 817 3044 890 quod
3082 833 3178 888 per
3205 817 3380 888 ipsam
3426 816 3523 872 Dei

1948 911 2120 967 Filius
2173 912 2316 967 felici
2353 912 2466 966 fato
2516 913 2674 968 nobis
2729 926 2971 983 praesens
3027 910 3210 966 fuerit.
3269 909 3379 963 Aut
3418 925 3525 963 nu-

1947 1003 2066 1058 bem
2089 1004 2326 1073 intellige
2350 1005 2606 1059 virtutem
2636 1005 2929 1074 quamdam
2953 1002 3280 1073 angelicam,
3306 1009 3526 1070 propter

1949 1096 2248 1165 puritatem
2291 1103 2346 1150 et
2382 1096 2773 1151 sublimitatem
2808 1095 3070 1165 angelica:
3101 1101 3330 1160 natura),
3381 1089 3526 1147 unde

1947 1187 2112 1242 etiam
2150 1186 2384 1242 candida
2408 1203 2530 1242 esse
2560 1187 2787 1242 dicitur.

2019 1278 2235 1334 Habeas
2263 1281 2314 1333 in
2354 1281 2525 1348 capite
2574 1296 2670 1332 suo
2725 1293 2976 1332 coronam
3020 1293 3257 1331 auream.
3310 1277 3522 1330 Corona

1945 1370 2198 1440 designat
2223 1372 2513 1426 Dominum
2541 1371 2729 1428 Jcsum
2758 1385 2960 1439 regem.
2996 1367 3133 1422 Nam
3154 1368 3406 1424 Christus
3429 1383 3524 1423 rex

1944 1472 2030 1517 est
2063 1473 2118 1517 et
2149 1463 2572 1534 intelligibilium
2625 1474 2679 1520 et
2702 1462 3069 1519 sensibilium.
3101 1463 3339 1516 Auream
3392 1476 3522 1515 vero

1946 1555 2077 1608 dicit
2101 1569 2361 1609 coronam
2394 1571 2462 1610 ex
2499 1557 2586 1610 his
2641 1571 2765 1625 quae
2797 1555 2940 1625 apud
2967 1568 3068 1608 nos
3095 1561 3228 1608 sunt
3258 1553 3314 1606 in
3343 1554 3521 1621 pretio

1945 1645 2240 1718 designans
2263 1648 2409 1717 quod
2459 1647 2760 1716 gloriosum
2792 1655 2894 1701 est.
2924 1645 3095 1700 Porro
3137 1643 3284 1715 quod
3325 1641 3522 1698 falcem

1950 1737 2002 1791 in
2033 1753 2197 1791 manu
2256 1737 2505 1802 haberet,
2551 1737 2809 1807 designat
2848 1737 2903 1791 in
2945 1746 3211 1806 potestate
3247 1736 3422 1807 ipsius
3450 1736 3524 1790 si-

1948 1837 2058 1881 tam
2094 1845 2215 1884 esse
2239 1829 2404 1900 hujus
2452 1830 2638 1884 seaculi
2673 1829 3226 1893 consummationem,
3259 1843 3356 1898 per
3385 1827 3522 1882 iram

1949 1930 2044 1975 aut
2081 1922 2420 1977 velocitatem
2449 1937 2708 1978 accessus
2735 1930 2791 1978 et
2822 1919 3059 1992 impetus
3089 1921 3283 1991 ipsius.

2024 2011 2091 2064 Et
2124 2014 2264 2066 alius
2294 2014 2508 2083 angelus
2543 2015 2706 2068 exivit
2743 2014 3002 2068 clamans.
3032 2012 3214 2080 Quare
3250 2013 3417 2068 exivit
3441 2014 3526 2068 hic
3569 2037 3581 2049 ·ο

1949 2107 2174 2176 angelus
2203 2108 2491 2162 clamans?
2533 2105 2938 2177 Periphrastice
2993 2121 3092 2176 per
3145 2107 3261 2160 haec
3312 2107 3524 2177 signiti-

1948 2212 2108 2254 catur
2141 2201 2474 2270 supplicatio
2506 2200 2815 2255 caelestium
2863 2199 3151 2266 virtutum,
3180 2199 3522 2268 cupientium

1949 2292 2532 2363 honoremjustorum,
2561 2302 2621 2348 ut
2651 2294 2742 2364 qui
2768 2294 2917 2365 ipsas
2944 2293 3138 2349 imitati
3168 2292 3371 2349 suntin
3413 2293 3524 2348 vita

1955 2401 2051 2438 sua
2083 2387 2393 2455 temporali,
2419 2387 2865 2441 etrecusantium
2895 2387 3097 2442 intueri
3127 2385 3387 2441 ultionem
3414 2385 3529 2441 illo-

1950 2494 2070 2531 rum
2096 2479 2188 2548 qui
2216 2480 2376 2533 modo
2405 2479 2539 2550 ipsis
2564 2483 2845 2536 contrario
2883 2479 3138 2538 vixerunt
3167 2497 3180 2532 :
3208 2479 3331 2534 ideo
3373 2477 3527 2533 festi-

1949 2580 2082 2624 nant
2119 2582 2176 2626 ut
2227 2582 2444 2627 cessent
2491 2587 2613 2643 quae
2653 2583 2941 2628 moventur
2968 2587 3034 2628 ac
3064 2573 3444 2638 immutantur,
3471 2580 3526 2627 et

1947 2673 2253 2733 appareant
2281 2680 2404 2734 qua:
2435 2666 2739 2721 immobilia
2772 2673 2901 2721 sunt
2938 2680 3003 2721 ac
3032 2651 3435 2720 immutabilia.‘

2025 2846 2166 2912 Quia
2220 2847 2362 2899 aruit
2415 2845 2598 2899 messis
2647 2854 2822 2898 terra’.
2891 2843 3118 2898 Arulsse
3152 2857 3387 2899 messem
3411 2857 3524 2900 non

1949 2941 2094 2995 aliud
2126 2939 2401 3008 signiﬁcat
2454 2952 2620 3007 quam
2678 2937 2965 2991 imminere
3011 2944 3228 3005 tempus
3265 2950 3528 2992 consum-

1950 3033 2206 3087 mationis
2263 3031 2485 3101 quando
2540 3039 2815 3084 maturum
2876 3029 3159 3085 hominum
3220 3045 3406 3085 semen
3469 3029 3524 3084 in

1950 3128 2172 3178 motum
2207 3123 2403 3177 maturi
2468 3122 2678 3187 tritici,
2707 3121 2811 3176 huc
2850 3113 3070 3191 quidem
3137 3123 3342 3192 pietate
3389 3137 3524 3178 ena-

261 3208 392 3279 6είᾳ
420 3210 854 3281 φυτοκομισοεὶς,
884 3211 991 3264 τῶν
1010 3211 1169 3263 θείων
1193 3210 1456 3280 ταμιείων
1498 3210 1600 3279 τῆς
1643 3208 1840 3261 annos-
1870 3237 1890 3296 (

1949 3225 2063 3268 tum
2124 3229 2187 3268 ac
2228 3214 2514 3268 collectum
2542 3213 2735 3275 fuerit,
2769 3223 2825 3266 ut
2855 3207 2910 3266 in
2967 3212 3171 3268 divinis
3206 3213 3422 3268 horreis
3437 3227 3527 3269 re-

265 3318 408 3364 σεως
432 3301 690 3372 ἀξιωθείη
727 3320 740 3332 ·
771 3305 800 3355 ό
829 3305 883 3356 δὲ
913 3303 1284 3373 ύλομανήσατ,
1315 3302 1406 3354 καὶ
1436 3303 1588 3355 οὐδὲν
1621 3302 1840 3364 σιτῶδες

260 3395 364 3448 καὶ
388 3395 653 3464 τρόφιμον
688 3396 783 3448 καὶ
815 3395 907 3448 τοῦ
937 3396 1081 3448 Θείου
1124 3396 1345 3459 ἐπάξιον
1380 3395 1581 3466 σπόρου
1606 3395 1860 3462 imave?!

263 3485 504 3555 κάμενος
532 3485 612 3556 τῷ
644 3486 847 3556 αἰωνίῳ
880 3487 1013 3556 πυρὶ
1046 3486 1347 3557 ὑποϐληθῇ.

833 3694 1082 3748 ΚΕΦΛΛ.
1141 3695 1272 3748 MA'.

262 3807 403 3877 Περὶ
431 3807 634 3873 ἐτέρου
661 3810 922 3880 ἀγγέλου
950 3809 1284 3878 τρυγῶντος
1317 3809 1430 3878 τὴν
1465 3809 1573 3877 τῆς
1600 3811 1843 3877 πικρίας

891 3882 1060 3950 ᾱμπε.
1071 3886 1183 3936 lor.

340 3993 448 4046 Kal
476 3993 666 4059 ἄλλος
701 3995 954 4063 amasio;-
985 3993 1243 4061 ἐξῆλθεν
1285 3995 1353 4047 ἐκ
1395 3995 1500 4048 τοῦ
1535 3995 1684 4050 ναοῦ
1737 3997 1842 4050 τοῦ

262 4087 336 4138 ἐν
391 4085 468 4151 τῷ
497 4085 731 4156 οὐρανῷ
771 4087 929 4155 ἔχων
970 4087 1066 4139 καὶ
1115 4088 1297 4154 αὐτὸς
1341 4086 1642 4155 δρέπανον
1708 4090 1838 4153 ὀξύ.

266 4181 373 4234 Kal
389 4182 577 4246 ἄλλος
605 4182 860 4251 ἅγγελος
875 4182 941 4246 ἐξ
953 4181 1134 4248 ἦλθεν
1161 4183 1228 4234 ἐκ
1259 4183 1364 4235 τοῦ
1386 4183 1842 4250 θυσιαστηρίου,

262 4272 426 4341 ἔχων
464 4273 755 4335 ἐξουσίαν
792 4273 892 4325 ἐπὶ
928 4273 1029 4325 τοῦ
1055 4274 1265 4341 πυρὸς,
1299 4272 1397 4325 καὶ
1427 4272 1745 4341 ἐφώνησεν
1779 4274 1846 4326 ἐν

264 4365 499 4434 κραυγῇ
533 4367 766 4436 [lay-(ily
808 4364 886 4430 τῷ
930 4367 1130 4434 ἔχοντι
1179 4366 1242 4418 τὸ
1284 4365 1585 4433 δρέπανον
1628 4365 1694 4419 τὸ
1735 4366 1844 4430 ὀξὺ

261 4459 494 4526 λέγων’
549 4459 795 4526 Πέμψον
852 4475 970 4511 σου
1015 4457 1080 4510 τὸ
1126 4457 1426 4523 δρέπανον
1469 4458 1531 4510 τὸ
1585 4458 1718 4521 ὀξὺ,
1746 4458 1845 4510 καὶ

262 4551 570 4616 τρύγησον
609 4550 750 4616 τοὺς
790 4551 1056 4618 ,ϐότρυας
1091 4549 1200 4617 τῆς
1255 4549 1529 4617 ἀμπέλου
1571 4550 1680 4615 τῆς
1711 4549 1843 4620 γῆς,

262 4640 352 4692 ὅτι
395 4639 672 4709 ἤκμασεν
711 4643 746 4707 ἡ
788 4640 1073 4709 σταφυλὴ
1100 4639 1205 4706 τῆς
1242 4640 1371 4709 γῆς.
1402 4641 1509 4693 Kal
1555 4641 1845 4705 ἐξέῢαλεν

263 4735 296 4786 ό
339 4732 592 4800 ἄγγελος
621 4735 685 4785 τὸ
725 4734 1026 4799 δρέπανον
1072 4732 1259 4785 αὑτοῦ
1301 4734 1387 4798 εἰς
1418 4733 1533 4798 τὴν
1583 4734 1722 4800 γῆν,
1748 4733 1844 4785 καὶ

261 4820 558 4889 ἐτρύγησε
587 4821 985 4889 τὴνᾶμπελον
1014 4821 1122 4889 τῆς
1147 4821 1277 4890 γῆς.
1349 4823 1456 4875 Kal
1500 4822 1720 4874 ἔϐαλεν
1757 4827 1845 4888 εἰς

262 4912 382 4980 τὴν
405 4911 599 4980 ληνὸν
627 4912 731 4967 τοῦ
756 4911 948 4982 θυμοῦ
984 4913 1089 4966 τοῦ
1144 4913 1293 4966 Θεοῦ
1343 4914 1448 4966 τὸν
1485 4917 1699 4983 μέγαν.
1736 4915 1843 4968 Kal

260 5004 530 5072 ἐπατήθη
558 5007 593 5073 ἡ
623 5007 810 5072 ληνὸς
832 5006 1052 5068 ἔξωθεν
1084 5006 1193 5072 τῆς
1224 5008 1474 5072 πόλεως,
1511 5008 1606 5058 καὶ
1657 5007 1837 5074 iﬁlli-

262 5100 370 5148 θεν
400 5089 542 5163 αἷμα
590 5097 656 5147 ἐκ
693 5098 798 5162 τῆς
825 5097 1018 5162 ληνοῦ
1048 5096 1186 5165 ἄχρι
1237 5097 1352 5150 τῶν
1397 5096 1661 5166 χαλινῶν
1726 5098 1841 5150 τῶν

262 5189 466 5238 ἵππων
488 5187 606 5239 ἀπὸ
649 5188 910 5240 σταδίοιν
937 5187 1065 5259 ,αχκ

334 5279 410 5330 Οὐ
440 5278 616 5348 μάτην
642 5279 701 5331 τὸ
729 5279 1015 5349 γνώρισμα
1047 5281 1137 5333 τοῦ
1161 5281 1558 5345 ἀποσταλέντος
1583 5282 1838 5350 ἀγγέλου,

262 5373 338 5434 ὡς
363 5371 470 5423 ἀπὸ
503 5371 596 5423 τοῦ
619 5372 876 5442 οὐρανίου
907 5370 1037 5424 ναοῦ
1064 5373 1423 5437 ἀπέσταλται,
1449 5381 1577 5437 περὶ
1611 5373 1704 5426 τοῦ
1733 5373 1839 5444 πρὸ

263 5464 428 5516 αὑτοῦ
476 5465 688 5528 οὐδενὸς
725 5466 967 5518 τοιούτου
1010 5467 1498 5537 ἐπισημανθέντος,
1528 5470 1576 5520 εἰ
1626 5467 1702 5538 μὴ
1756 5468 1839 5519 ὅτι

266 5559 428 5627 μόνον
460 5559 568 5612 ἀπὸ
605 5558 700 5612 τοῦ
739 5559 870 5614 ναοῦ
898 5563 1219 5633 ἀπεστάλη,
1259 5562 1491 5618 ἐνταῦθα
1519 5563 1576 5618 δέ
1625 5563 1719 5620 καὶ
1743 5562 1838 5618 τοῦ

330 5713 375 5748 ⁶¹
403 5717 506 5772 lsa.
543 5733 631 5772 nx
656 5717 705 5771 l.

336 5871 448 5943 (Π)
485 5831 840 5931 Scribebatnr
871 5876 1167 5947 κορίνῦιον.

1954 3314 2187 3374 ponatur
2222 3321 2232 3356 :
2267 3303 2394 3356 illud
2454 3313 2635 3357 autem
2692 3302 2993 3357 silvescens
3043 3316 3108 3356 ac
3168 3302 3526 3371 degenerans,

1953 3408 2006 3451 et
2031 3397 2163 3450 nihil
2196 3397 2468 3449 triticeam
2503 3411 2566 3450 ac
2616 3393 2940 3448 nutritivum
2978 3393 3275 3463 divinoqtte
3313 3394 3525 3448 semine

1953 3492 2174 3559 dignum
2214 3489 2478 3552 referens,
2528 3497 2587 3543 ut
2617 3488 2670 3542 in
2731 3487 2911 3557 ignem
2963 3495 3287 3557 perpetuum
3353 3485 3530 3556 conji-

1952 3583 2148 3639 cietur.

2384 3695 2548 3767 774
2595 3692 2825 3749 CAPUT
2885 3691 3070 3747 xuv.

1957 3815 2030 3869 De
2053 3817 2164 3869 alio
2187 3815 2373 3884 angelo
2404 3815 2492 3876 qui
2520 3811 2868 3866 viudcmiabat
2895 3813 3103 3864 vineam
3124 3807 3529 3862 amaritudinis.

2025 3992 2164 4056 XIV,
2223 3993 2401 4046 17-20.
2455 3991 2689 4044 Etalias
2729 3988 2952 4057 angelus
3005 3986 3170 4040 exivit
3211 3986 3274 4038 de
3339 3984 3533 4050 templo

1951 4090 2090 4156 quod
2114 4096 2226 4138 erat
2261 4086 2311 4136 in
2338 4084 2489 4146 cwlo,
2517 4083 2708 4134 habens
2735 4091 2785 4133 et
2810 4082 2919 4149 ipse
2945 4079 3135 4148 falcem
3164 4087 3396 4130 acutam.
3464 4075 3532 4129 Et

1955 4181 2094 4232 alius
2123 4177 2340 4248 angelus
2378 4176 2537 4230 exivit
2567 4176 2632 4229 de
2671 4174 2833 4228 altari
2859 4173 3054 4226 habens
3085 4180 3398 4240 potestatem
3442 4187 3533 4223 su-

1952 4288 2044 4339 per
2095 4273 2290 4341 iguem,
2358 4279 2406 4322 et
2430 4269 2679 4321 clamavit
2707 4268 2936 4320 clamore
2958 4281 3148 4334 magno
3179 4264 3248 4317 ad
3285 4280 3400 4316 eum
3444 4264 3534 4332 qui

1953 4365 2178 4418 habebat
2225 4361 2414 4432 falcem
2458 4369 2668 4413 acutam
2694 4360 2872 4413 dicens
2904 4374 2922 4412 :
2949 4356 3107 4410 Mitte
3139 4356 3328 4424 falcem
3383 4365 3533 4407 luam

1954 4471 2192 4520 acutam,
2226 4467 2275 4509 et
2329 4454 2588 4509 vindemia
2653 4453 2831 4506 botros
2855 4451 3022 4504 viuere
3062 4459 3236 4512 terra,
3281 4450 3534 4518 quoniam

1956 4560 2166 4603 matura
2195 4560 2269 4602 est
2295 4565 2394 4600 uva
2423 4558 2597 4600 terra'.
2637 4544 2705 4597 Et
2735 4544 2879 4597 misit
2921 4543 3135 4611 angelus
3159 4540 3346 4610 falcem
3380 4557 3534 4595 suam

1951 4644 2004 4696 in
2041 4653 2258 4706 terram,
2293 4651 2341 4695 et
2373 4640 2707 4694 rindemiavit
2766 4638 2971 4692 vineam
3021 4645 3178 4689 terra:
3225 4650 3246 4689 :
3282 4635 3532 4702 misitque

1951 4737 2004 4790 in
2033 4735 2268 4788 torcular
2294 4736 2388 4788 ira:
2436 4733 2533 4786 Dei
2565 4747 2832 4802 magnum.
2870 4729 2939 4782 Et
2986 4727 3251 4781 calcatum
3285 4736 3364 4780 est
3420 4737 3533 4780 tor-

1955 4828 2107 4882 cular
2135 4839 2286 4881 extra
2308 4829 2574 4880 civitatem
2604 4841 2622 4879 :
2650 4835 2697 4878 et
2747 4823 2910 4877 exivit
2968 4822 3187 4892 sanguis
3228 4820 3293 4873 de
3344 4827 3526 4872 torcu-

1952 4921 2058 4974 lari
2102 4938 2260 4990 usque
2307 4921 2375 4973 ad
2424 4920 2574 4989 frena
2613 4933 2867 4989 equorum
2914 4933 3005 4986 per
3033 4915 3216 4970 stadia
3242 4912 3390 4967 mille
3416 4926 3531 4965 sea:-

1950 5029 2118 5068 cenza.

2025 5284 2139 5338 Non
2175 5283 2375 5335 lrusna
2412 5279 2634 5349 ponitur
2658 5292 2872 5347 signum
2905 5291 3016 5346 quo
3046 5273 3250 5328 missus
3283 5273 3515 5342 angelus

1951 5387 2337 5447 cognoscatur,
2370 5373 2512 5442 quod
2544 5371 2792 5425 videlicet
2826 5385 2854 5423 a
2898 5366 3109 5424 ecelesti
3154 5365 3358 5434 templo
3388 5365 3526 5420 mis-

1951 5485 2044 5523 sus
2074 5469 2169 5531 sit,
2201 5483 2323 5520 cum
2351 5466 2417 5520 de
2448 5466 2600 5519 nullo
2629 5473 2754 5517 ante
2825 5461 2972 5516 hunc
3022 5459 3128 5513 tale
3179 5456 3310 5526 quid
3361 5454 3529 5511 fuerit

1950 5561 2320 5632 designatum,
2352 5559 2448 5614 sed
2480 5559 2632 5615 solus
2673 5557 2740 5613 de
2795 5555 2996 5626 templo
3044 5551 3250 5608 missus
3270 5556 3374 5606 est.
3427 5546 3524 5603 Hic
