4256 6440
269 409 378 474 697

1342 415 1724 477 COMMENT.
1765 419 1847 478 IN
1890 421 2419 489 APOCALYPSIN.

3425 435 3532 499 698

271 525 616 596 βουλόμενος.
684 522 856 586 Ἐπεὶ,
902 522 983 584 τίς
1019 524 1050 592 ἠ
1086 524 1270 586 πίστις
1315 525 1413 594 τὴν
1449 530 1728 599 μακαρίαν
1762 533 1856 584 καὶ

1974 545 2043 589 πει
2072 553 2194 604 qua:
2211 539 2422 594 beatam
2443 556 2506 598 ac
2531 541 3038 600 incommutabilem
3064 554 3316 602 naturam
3339 549 3547 606 aﬂ'ecti-

267 618 632 672 ἀναλλοίωτον
697 617 861 685 φύσιν
924 616 1153 669 πάθεσιν
1211 617 1532 672 ἁλίσκεσθαι
1595 637 1861 690 παραχω-

273 709 478 781 ροῦσα;
516 709 593 777 τῷ
632 709 689 762 δὲ
726 709 832 774 ἔξω
870 709 966 778 τῆς
1002 710 1206 770 πόλεως
1248 710 1556 780 πατηθῆναι
1598 714 1725 775 τοὺς
1770 713 1862 782 βό·

269 820 462 870 τρυας,
491 801 669 866 πόλιν,
691 799 804 852 τῶν
826 804 968 853 κατὰ
987 801 1079 852 τὸν
1115 800 1387 853 ἐνεστῶτα
1419 802 1533 870 βίον
1563 805 1864 874 ἐμπορικὸν

270 893 578 962 πολίτευμα
621 892 794 944 καλεῖ.
834 893 942 943 Καὶ
981 892 1169 959 ἐπειδὴ
1220 893 1357 961 μετᾶ
1403 895 1502 962 τὴν
1549 896 1864 948 συντέλειαν

269 984 485 1044 τοῦτον,
528 987 560 1054 ἡ
606 985 684 1051 τῷ
736 985 850 1036 ὄντι
887 985 1088 1053 ἀμοιϐὴ
1126 984 1232 1034 τῶν
1275 989 1864 1056 πεπραγματευμένων

273 1071 610 1141 ἀνθρώποις,
640 1074 811 1124 εἰκότι
838 1071 981 1142 λόγῳ
1013 1073 1118 1138 ἔξω
1147 1073 1242 1141 τῆς
1277 1076 1485 1137 πόλεως
1516 1076 1725 1146 εἴρηκε.
1769 1080 1865 1130 Ἐκ

269 1162 328 1214 δὲ
358 1160 453 1214 τοῦ
484 1161 664 1228 λέγειν
703 1164 784 1215 ὅτι
811 1166 873 1215 ἐκ
905 1164 1005 1231 τῆς
1043 1165 1203 1232 ληνοῦ
1237 1160 1374 1233 αἷμα
1410 1170 1474 1236 τῇ
1514 1170 1865 1237 συμπατήσει

267 1249 382 1301 τῶν
426 1249 667 1318 βοτρύων
717 1253 983 1324 ἀπορρεῖ,
1026 1253 1278 1323 βότρυας,
1332 1257 1457 1319 τοὺς
1507 1259 1867 1330 ἁμαρτωλοὺς

270 1341 652 1410 περιλείπεται
683 1345 844 1396 νοεῖν.
869 1344 958 1396 Διὸ
982 1344 1076 1395 καὶ
1098 1345 1157 1397 τὸ
1186 1341 1323 1413 αἷμα
1385 1349 1462 1410 εἰς
1491 1349 1590 1412 τὰς
1622 1353 1864 1421 πονηρὰς

269 1434 454 1485 αὐτῶν
489 1435 718 1502 πράξεις
751 1435 1107 1504 τροπολογεῖ,
1144 1437 1240 1505 τῆς
1291 1438 1505 1503 δικαίας
1546 1442 1633 1492 ἐπ’
1674 1444 1864 1507 αὑταῖς

270 1516 513 1588 ἐκδικίας
548 1526 752 1595 σαφοῦς
791 1526 962 1579 ἅπασι
997 1528 1316 1598 γινομένης.
1361 1531 1466 1583 Καὶ
1499 1532 1642 1585 οῦτω
1682 1534 1865 1588 δικαία

267 1617 347 1680 ὡς
376 1619 510 1687 μηδὲ
542 1620 652 1681 τοῖς
684 1619 890 1672 ἄνωθεν
923 1621 1003 1682 εἰς
1035 1621 1269 1689 ἐποψίαν
1298 1624 1578 1692 ταχθεῖσιν
1612 1627 1866 1693 ἀγγέλοις

271 1710 606 1773 ὑπακοῦσαι,
638 1710 942 1764 κωλύουσιν
978 1712 1052 1774 ὥς
1082 1730 1193 1765 τισι
1230 1714 1466 1783 χαλινοῖς
1497 1720 1618 1781 ταῖς
1655 1719 1864 1773 ἑαυτῶν

273 1805 588 1871 συνεργίαι;
619 1806 744 1867 τοὺς
774 1805 1099 1875 ἀνθρώπους
1140 1809 1247 1861 ἀπὸ
1275 1811 1381 1862 τῶν
1415 1795 1689 1880 θεομισῶν
1723 1816 1859 1884 πρά-

1970 628 2071 682 bus
2125 632 2245 699 capi
2298 635 2596 689 concedat?
2646 636 2819 692 Porro
2876 640 3020 708 quod
3057 649 3211 694 extra
3263 642 3541 697 civitatem

1967 722 2157 776 calcati
2197 725 2307 778 sint
2357 725 2520 790 botri,
2559 730 2834 785 civitatem
2869 740 3031 786 voeat
3070 736 3545 789 conversationem

1967 813 2200 878 negotiis
2247 814 2510 876 deditam.
2543 832 2663 886 qua:
2699 820 2752 873 in
2796 822 2899 876 hac
2925 823 3034 877 vita
3061 824 3242 892 agitur
3277 841 3289 877 :
3322 834 3375 878 et
3408 841 3548 892 qun-

1967 903 2111 955 niam
2162 916 2282 972 post
2330 908 2494 977 hujus
2546 916 3078 970 consummationem
3145 932 3332 970 revera
3386 917 3548 969 datur

1968 997 2256 1050 retributio
2296 1001 2612 1056 hominibus
2648 1004 2829 1059 dehis
2879 1024 3000 1075 quas
3068 1008 3330 1078 negotiati
3397 1017 3546 1068 sunt.

1967 1088 2313 1142 convenienti
2370 1093 2582 1146 ratione
2625 1093 2784 1154 dixit.
2850 1107 3004 1150 extra
3051 1099 3348 1152 civitatem.
3386 1099 3550 1168 776

1970 1179 2209 1234 Dicendo
2247 1192 2429 1237 autem
2459 1186 2604 1254 quod
2639 1187 2706 1240 de
2735 1189 2999 1243 torculari
3037 1206 3131 1259 per
3171 1192 3548 1246 conculcatio-

1967 1288 2090 1325 nem
2139 1277 2415 1329 botrorum
2465 1293 2694 1348 sanguis
2753 1279 2992 1345 deﬂuat,
3048 1282 3236 1338 botros
3289 1284 3550 1352 relinquit

1967 1365 2348 1435 intelligendos
2390 1385 2514 1423 esse
2597 1382 2938 1440 peccatores.
2995 1375 3121 1428 Ideo
3161 1391 3381 1444 quoque
3416 1393 3546 1428 san-

1967 1458 2186 1526 guinem
2219 1459 2284 1512 ad
2334 1475 2528 1526 pravas
2571 1463 2864 1529 impiorum
2913 1467 3161 1520 actiones
3213 1467 3548 1535 tropologice

1967 1549 2260 1611 convertit,
2290 1550 2493 1603 inflicta
2527 1562 2749 1620 propter
2781 1556 2930 1623 ipsas
2960 1557 3221 1611 omnibus
3249 1560 3399 1627 justa
3433 1573 3551 1609 ma-

1967 1639 2274 1710 niiestaquc
2325 1643 2582 1698 ultione:
2634 1656 2684 1698 et
2737 1646 2808 1700 ita
2873 1647 3044 1714 justa,
3099 1659 3157 1703 ut
3214 1667 3391 1721 neque
3454 1668 3549 1705 su-

1969 1733 2150 1800 pernis
2188 1736 2396 1805 angelis
2420 1737 2928 1807 obtemperaret-int
2955 1743 3047 1811 qui
3074 1744 3356 1797 constituti
3386 1754 3547 1798 erant

1971 1835 2029 1877 ut
2064 1825 2279 1880 illorum
2315 1843 2503 1882 curam
2527 1830 2811 1896 haberent,
2848 1835 2942 1903 qui
2977 1836 3095 1888 suis
3120 1835 3344 1889 auxiliis
3374 1835 3544 1889 veluti

273 1895 428 1958 ξεων.
460 1895 524 1948 υἳ
551 1896 642 1949 καὶ
667 1897 921 1951 τοσοῦτον
951 1898 1326 1969 ὲξῴστρησαν,
1360 1903 1435 1964 ὠς
1469 1904 1544 1974 μὴ
1575 1905 1735 1974 μόνον
1764 1910 1863 1970 τὰς

1974 1919 2297 1985 quihusdam
2335 1920 2507 1975 frenis
2559 1923 2929 1990 prohibebant
2981 1926 3232 1982 homines
3272 1928 3342 1982 ab
3372 1929 3551 1981 actio-

273 1987 512 2053 φυσικὰς
551 1990 637 2041 ἐπ’
671 1989 892 2056 ἀγαθῶν
934 1992 1122 2060 κτήσει
1160 1995 1586 2064 παρεσχημένοις
1621 1997 1725 2052 ὑπὸ
1766 1999 1860 2051 τοῦ

273 2078 525 2132 Πλάστου
569 2081 779 2144 ἑννοίας
809 2083 1097 2152 ἀτιμάσαι,
1140 2084 1277 2137 ἀλλά
1306 2103 1367 2153 γε
1403 2085 1465 2156 δὴ
1506 2089 1598 2140 καὶ
1628 2088 1724 2152 τὰς
1756 2089 1863 2142 ἀπὸ

269 2169 384 2224 τῶν
416 2170 575 2224 θείων
608 2173 878 2242 ἀγγέλων.
911 2175 1218 2245 Τοιγαροῦν
1247 2178 1340 2230 καὶ
1374 2179 1506 2248 πρὸς
1532 2181 1656 2237 τοὺς
1685 2181 1864 2244 θείους

272 2263 572 2331 συνεργοὺς
617 2263 710 2316 τοῦ
749 2265 1001 2334 δυσηνίου
1040 2267 1515 2338 ἐπιδεδειγμένον,
1563 2273 1628 2324 ἐκ
1668 2273 1864 2326 πολλοῦ

272 2352 370 2405 νῦν
418 2353 512 2406 τοῦ
553 2355 836 2424 περιόντος
884 2358 1192 2428 πρόφαντος
1232 2361 1438 2415 ἅπασιν
1483 2365 1515 2432 ἡ
1560 2364 1767 2419 τούτων
1806 2367 1864 2433 ἐξ

272 2447 561 2509 ἀπειθείας
590 2449 789 2518 μάστιξ
816 2450 1162 2506 καθίσταται.

1973 2011 2132 2064 nibus
2175 2010 2284 2066 Deo
2330 2013 2537 2068 invisis.
2571 2016 2638 2068 At
2671 2016 2744 2069 illi
2783 2025 2934 2071 tanto
2969 2018 3150 2072 furore
3184 2019 3378 2089 perciti
3411 2019 3532 2073 fue-

1972 2110 2118 2165 runt,
2153 2112 2210 2155 ut
2255 2119 2364 2155 non
2418 2105 2580 2160 modo
2636 2109 2915 2164 naturales
2974 2110 3444 2179 considerationes
3475 2111 3543 2166 ad

1968 2190 2241 2245 b0norum
2298 2196 2719 2263 acquisitionem
2754 2214 2782 2252 a
2816 2200 3118 2256 Conditore
3154 2203 3258 2256 sibi
3313 2204 3547 2257 traditas

1968 2287 2419 2354 contempserint,
2458 2289 2550 2342 sed
2580 2301 2634 2344 et
2673 2306 2766 2345 cas
2811 2308 2934 2361 quae
2966 2308 2993 2346 a
3024 2293 3228 2348 divinis
3279 2311 3543 2364 suggere—

1971 2373 2170 2429 hantur
2193 2379 2420 2446 angelis.
2444 2379 2630 2450 Itaque
2654 2397 2821 2448 quum
2849 2385 3116 2440 adversus
3137 2385 3354 2442 divinos
3383 2388 3547 2441 etiam

1969 2467 2322 2522 auxiliatores
2361 2480 2582 2526 ostensa
2615 2472 2779 2526 luerit
2819 2476 3041 2531 ell'renis
3085 2479 3327 2546 ipsorum
3385 2489 3548 2547 petu-

271 2537 467 2602 lantia,
497 2556 562 2594 ex
586 2542 776 2611 majori
833 2558 978 2597 nunc
1029 2543 1324 2599 accedente
1345 2547 1641 2603 criminum
1660 2552 1905 2620 cumulo,
1945 2559 2202 2616 omnibus
2232 2565 2594 2634 conspicuum
2646 2565 2920 2636 ﬂagellum
2993 2585 3060 2623 ex
3106 2537 3304 2623 horum
3354 2537 3550 2623 inube-

272 2634 482 2687 llientia
522 2635 898 2690 constituitur.

853 2755 1108 2810 ΚΕΦΛΛ.
1143 2756 1278 2814 ME'.

275 2864 416 2942 Περὶ
443 2865 575 2942 ¹τῶν
597 2866 748 2942 ἑπτὰ
772 2866 1042 2942 ἀγγέλων
1075 2870 1196 2922 τῶν
1227 2871 1574 2942 ἐπαγόντων
1603 2876 1724 2942 τοῖς
1757 2880 1863 2932 ἁν-

348 2935 602 3015 θρώέτοίς
639 2939 1157 3015 τίιςιξτληγοιὶςσζρὸ
1193 2941 1303 3008 τῆς
1325 2935 1722 3015 ᾼσυγτελείας,
1765 2949 1864 3001 καὶ

347 3006 480 3071 περὶ
511 3006 617 3072 τῆς
649 3009 906 3075 ὑαλίνης
933 3006 1289 3080 θαλάσσης.
1311 3013 1380 3066 ἐν
1405 3008 1444 3084 ᾖ
1483 3015 1625 3081 τοὺς
1655 3006 1864 3087 tif-iove

346 3077 660 3131 ἐθεάσατο.

2537 2772 2768 2828 CAPUT
2806 2773 2968 2828 XLV.

1973 2886 2047 2941 De
2081 2898 2274 2954 septem
2312 2889 2516 2957 angelis
2550 2891 2638 2956 qui
2680 2891 2737 2942 in
2770 2891 3008 2942 homines
3064 2893 3252 2960 plagas
3303 2894 3553 2949 inducent

2042 2970 2163 3010 ante
2215 2963 2762 3022 consummationem,
2807 2974 2856 3013 et
2896 2964 2960 3014 de
2994 2965 3127 3015 mari
3168 2967 3330 3018 vitreo
3365 2967 3418 3018 in
3447 2983 3552 3036 quo

2045 3041 2256 3082 εαηοιοε
2285 3040 2651 3097 conspexerat.

348 3190 461 3245 Kal
483 3188 648 3244 εἶδον
676 3191 833 3246 ἄλλο
858 3192 1113 3259 σημεῖον
1128 3196 1196 3246 ἐν
1223 3196 1303 3260 τῷ
1332 3196 1574 3264 οὐρανῷ
1591 3198 1746 3267 μέγα
1769 3198 1865 3252 καὶ

2046 3182 2111 3234 Et
2141 3184 2247 3236 vidi
2277 3183 2426 3236 aliud
2448 3187 2655 3252 signum
2695 3185 2748 3236 in
2785 3187 2910 3238 cwlo
2951 3203 3198 3255 magnum
3224 3197 3273 3240 et
3304 3189 3552 3242 admira-

276 3285 630 3352 θαυμαστόν
660 3300 674 3314 ⁸
729 3285 1028 3352 ἀγγέλους
1075 3287 1257 3352 ἑπτὰ,
1317 3291 1576 3357 ἔχοντας
1629 3291 1870 3360 πληγὰς

277 3376 430 3428 ἑπτὰ
462 3377 568 3439 τὰς
595 3376 878 3443 ἐσχάτας,
923 3378 1012 3430 ὅτι
1044 3379 1113 3430 ἐν
1146 3380 1354 3445 αὑταῖς
1387 3382 1677 3448 ἐτελέσθη
1708 3385 1739 3434 ὀ
1772 3386 1872 3435 θυ-

273 3467 392 3537 μὸς
427 3467 536 3522 τοῦ
567 3471 735 3524 Θεοῦ.
783 3470 889 3524 Καὶ
921 3466 1087 3522 εἶδον
1123 3471 1203 3536 ὡς
1243 3472 1565 3525 θάλασσαν
1601 3475 1870 3541 ὑαλίνην

272 3562 649 3630 μεμιγμένην
681 3562 845 3629 πυρί,
892 3564 992 3615 καὶ
1038 3563 1180 3627 τοὺς
1210 3564 1504 3630 νικῶντας
1539 3567 1610 3620 ἐκ
1636 3567 1739 3620 τοῦ
1770 3571 1872 3634 οη-

271 3656 433 3723 ρίου,
469 3656 565 3708 καὶ
596 3657 664 3708 ἐκ
696 3654 801 3722 τῆς
827 3657 1065 3721 εἰκόνος
1094 3657 1301 3718 αὐτοῦ,
1323 3659 1419 3710 καὶ
1451 3660 1520 3711 ἐκ
1552 3661 1658 3713 τοῦ
1683 3659 1868 3727 zami-

278 3764 503 3817 τματος
527 3748 742 3810 αὑτοῦ,
772 3747 869 3801 καὶ
909 3749 976 3801 ἐκ
1015 3749 1121 3802 τοῦ
1160 3751 1411 3819 ἀριθμοῦ
1440 3750 1546 3804 τοῦ
1573 3751 1864 3818 ὀνόματος

280 3842 489 3907 αὐτοῦ,
523 3839 788 3907 ἑστῶτας
819 3843 914 3894 ἐπὶ
945 3842 1059 3908 τὴν
1087 3843 1410 3896 θάλασσαν
1441 3843 1553 3911 τὴν
1580 3846 1862 3912 ὑαλίνην,

277 3935 539 4004 ἔχοντας
585 3935 690 4001 τὰς
725 3935 971 4002 κιθάρας
1011 3935 1116 3989 τοῦ
1163 3937 1310 3989 Θεοῦ
1332 3977 1346 3998 ,
1380 3937 1473 3989 καὶ
1507 3936 1721 4002 ᾄδουσι
1754 3937 1868 4004 τὴν

280 4026 449 4094 ᾠδὴν
480 4027 740 4090 Μωσέως
773 4025 998 4080 δούλου
1043 4027 1150 4079 τοῦ
1200 4027 1348 4080 Θεοῦ
1376 4067 1389 4085 ,
1432 4027 1529 4079 καὶ
1568 4028 1682 4093 τὴν
1709 4028 1873 4094 ᾠδὴν

279 4118 390 4172 τοῦ
422 4120 680 4185 Ἀρνίου,
709 4119 994 4188 λέγοντες
1020 4136 1033 4148 ’
1057 4118 1303 4187 Merula
1322 4120 1420 4172 καὶ
1450 4120 1780 4188 θαυμαστὰ
1806 4121 1876 4173 τὰ

281 4211 428 4279 ἔργα
463 4226 602 4271 σου,
633 4212 810 4278 Κύριε
840 4213 873 4264 ό
917 4211 1060 4277 Θεὸς
1102 4214 1133 4264 ό
1167 4212 1590 4278 παντοκράτωρ
1611 4227 1622 4238 '
1650 4211 1873 4265 δίκαιαι

282 4305 385 4358 καὶ
406 4305 681 4371 ἀληθιναὶ
711 4306 770 4356 al
795 4302 926 4357 ὁδοί
954 4321 1090 4369 σου,
1122 4307 1153 4356 ὁ
1178 4303 1481 4368 Βασιλεὺς
1508 4304 1628 4356 τῶν
1658 4306 1870 4358 ἐθνῶν.

288 4398 390 4464 Τίς
412 4380 584 4464 οὐιιῆ
606 4397 842 4466 φοϐηθῇ
866 4413 960 4460 σε,
978 4399 1173 4464 Κύριε,
1199 4397 1291 4450 καὶ
1317 4397 1564 4461 δοξάσει
1593 4398 1658 4451 τὸ
1683 4397 1872 4466 ὄνομά

1969 3275 2070 3328 bile
2101 3292 2118 3328 :
2143 3275 2355 3344 angelos
2387 3287 2583 3343 septem
2614 3278 2864 3330 habentes
2894 3289 3086 3345 septem
3115 3280 3298 3349 plagas
3327 3280 3551 3333 novissi-

1970 3385 2104 3429 mas,
2133 3371 2258 3438 quin
2290 3369 2341 3421 in
2375 3370 2503 3437 ipsis
2545 3369 2837 3438 completur
2888 3371 2972 3423 ira
3006 3372 3117 3425 Dei.
3176 3371 3240 3426 Et
3278 3373 3382 3426 nidi
3431 3383 3555 3425 tan-

1966 3477 2125 3528 quam
2189 3477 2332 3514 mare
2409 3463 2632 3515 vitreum
2693 3466 3028 3516 cammistum
3093 3467 3225 3533 igni,
3256 3475 3306 3518 et
3336 3483 3423 3520 eos
3463 3468 3554 3536 qui

1967 3553 2246 3604 victoriam
2304 3562 2701 3619 reportaverunt
2754 3555 2817 3607 de
2870 3556 3064 3618 bestia,
3112 3567 3160 3608 et
3207 3556 3272 3610 d:
3324 3557 3554 3625 imagine

1971 3648 2160 3714 ipsius,
2190 3656 2238 3699 et
2263 3646 2326 3699 de
2348 3647 2652 3701 charactere
2686 3651 2872 3716 ipsius,
2905 3660 2952 3702 et
2982 3652 3046 3703 de
3077 3667 3294 3704 numero
3327 3653 3553 3704 nominis

1974 3741 2162 3808 ipsius,
2190 3751 2390 3794 stantes
2422 3757 2578 3808 super
2604 3758 2748 3795 mare
2775 3744 3022 3804 vitreum,
3045 3744 3289 3798 habentes
3317 3746 3553 3798 citharas
3584 3729 3588 3734 ’

1978 3834 2094 3897 Dei,
2121 3844 2167 3886 et
2195 3844 2438 3888 canentes
2467 3838 2729 3888 canticum
2763 3835 2899 3889 Mosi
2918 3839 3050 3890 servi
3079 3839 3191 3901 Dei,
3215 3850 3261 3892 et
3287 3839 3554 3891 canticum

1976 3929 2133 3996 Agni,
2161 3929 2395 3982 dicentes
2423 3944 2439 3982 :
2464 3927 2660 3996 Magna
2687 3940 2735 3982 et
2764 3931 3084 3986 admiranda
3105 3943 3227 3987 sunt
3257 3949 3415 4000 opera
3439 3943 3555 3994 tua,

1977 4022 2197 4075 Domine
2253 4025 2394 4077 Deus
2442 4025 2769 4090 omnipotens
2807 4026 3014 4093 :justa:
3044 4043 3107 4079 ac
3134 4043 3266 4078 verte
3306 4035 3427 4077 sunt
3458 4026 3558 4077 viae

1973 4123 2098 4176 tua',
2117 4113 2225 4166 llea‘.
2241 4116 2494 4181 gentium.
2519 4116 2649 4179 Quis
2673 4132 2774 4168 non
2799 4118 3001 4169 timebit
3021 4128 3087 4177 te,
3109 4116 3349 4181 Domine,
3370 4127 3419 4169 et
3443 4117 3558 4184 glo-

1972 4208 2199 4275 ri/icabit
2223 4223 2406 4260 nomen
2433 4219 2581 4260 tuum
2600 4211 2623 4263 2
2645 4210 2771 4277 quia
2799 4212 2940 4262 solus
2971 4223 3182 4263 sanatus
3204 4227 3278 4272 es,
3306 4211 3556 4279 quoniam

1973 4311 2145 4371 gentes
2167 4303 2383 4354 omnino
2401 4303 2602 4356 venient
2627 4313 2673 4355 et
2691 4302 2989 4357 adorabunt
3020 4320 3196 4358 coram
3219 4314 3285 4364 te,
3305 4303 3558 4372 quoniam

1966 4397 2178 4464 judicia
2209 4406 2302 4448 tua
2334 4396 2620 4463 manifesta
2656 4406 2800 4450 sunt.

282 4509 432 4558 σου;
466 4493 553 4546 ὅτι
578 4495 767 4560 μόνος
784 4494 972 4559 ὅσιος,
1003 4493 1091 4547 ὅτι
1113 4493 1351 4559 πάντως
1374 4497 1444 4546 τὰ
1469 4495 1612 4563 ἔθνη
1645 4495 1865 4562 ἥξουσι
1901 4495 1999 4548 καὶ
2060 4493 2609 4562 προσκυνήσουσιν
2639 4491 2897 4546 ἐνώπιόν
2926 4508 3068 4556 σου⁹
3123 4493 3212 4546 ὅτι
3234 4493 3305 4546 τὰ
3332 4489 3560 4546 δικαιώ-

279 4592 442 4662 [card
472 4608 590 4646 σου
621 4592 1109 4661 ἐφανερώθησαν.

358 4687 467 4738 Καὶ
527 4684 640 4747 πῶς
705 4684 765 4735 οὗ
832 4685 973 4752 μέγα
1034 4685 1134 4753 τὴν
1194 4684 1536 4753 παγκὸσμιον
1603 4687 1869 4754 σημαῖνον

2045 4678 2206 4748 777
2269 4678 2351 4731 An
2424 4693 2532 4731 non
2604 4691 2859 4743 magnum
2912 4685 2997 4730 est
3059 4676 3206 4746 quod
3263 4677 3560 4733 universa-

285 4778 643 4845 καθαίρεσιν;
674 4778 789 4839 πῶς
819 4776 873 4827 δὲ
902 4777 963 4829 οῦ
996 4776 1308 4846 θαυμαστὸν
1331 4819 1343 4840 ,
1370 4778 1621 4844 ἀγγέλοις
1658 4777 1872 4847 ἰσαρίθο

289 4890 410 4941 μοις
439 4873 531 4924 τὸν
559 4871 616 4936 ἐξ
642 4870 931 4940 ἑϐδομάδος
956 4872 1181 4942 ἡμερῶν
1203 4871 1571 4941 ἐναρξάμενον
1602 4870 1872 4922 συντελεί-

287 4965 413 5019 σθαι
444 4965 668 5034 κόσμον,
697 4965 791 5017 καὶ
820 4966 898 5028 είς
931 4964 1024 5017 τὸν
1053 4965 1216 5017 αὐτὸν
1249 4965 1480 5034 ἀριθμὸν
1505 4964 1874 5034 ἀποτελευτᾷν

285 5062 397 5121 τοῖς
442 5075 502 5110 τε
547 5058 607 5110 τὸ
651 5057 934 5125 καθαίρειν
986 5058 1240 5125 ἀγγέλοις
1276 5055 1501 5126 λαχοῦσι
1552 5057 1644 5109 καὶ
1696 5058 1773 5117 εἰς
1813 5055 1876 5108 τὸ

288 5148 576 5217 καθαίρειν
639 5147 820 5217 ἔχουσι
875 5147 1124 5218 πληγάςς
1187 5147 1356 5199 Ἑπτὰ
1407 5146 1463 5198 δὲ
1519 5148 1573 5199 αἱ
1631 5146 1907 5215 πληγαίο’

289 5241 537 5293 θάλασσα
577 5239 791 5307 ὑαλίνη,
829 5238 958 5307 πῦρ,
994 5238 1156 5291 εἰκὼν
1190 5238 1282 5290 τοῦ
1318 5237 1532 5307 θηρίου,
1567 5238 1660 5290 καὶ
1688 5237 1748 5289 τὸ
1778 5235 1877 5305 θη-

292 5335 407 5404 ρίον
459 5332 625 5393 αὐτὸ,
674 5331 766 5384 καὶ
812 5330 1078 5401 χάραγμα
1131 5329 1243 5399 (49)
1279 5329 1474 5394 αὑτοῦ,
1518 5331 1612 5382 καὶ
1644 5328 1878 5399 ἀριθμὸς

289 5425 457 5480 αὑτοῦ
485 5423 580 5477 τοῦ
609 5424 893 5493 ὀνόματος.
933 5419 1103 5477 Ait-cat
1157 5423 1255 5492 μὲν
1304 5423 1360 5474 al
1390 5422 1598 5491 πληγαὶ
1624 5461 1636 5483 ,
1686 5422 1752 5473 δι’
1799 5415 1874 5472 ὧν

293 5518 556 5588 ἐτελέσθη
591 5520 618 5571 ὁ
666 5517 833 5588 θυμὸς
876 5515 969 5569 τοῦ
1019 5516 1177 5570 Θεοῦ.
1229 5515 1494 5582 Ἐσχαται
1533 5515 1610 5576 δὲ,
1640 5513 1714 5576 ὼς
1763 5514 1876 5575 τοῖς

298 5607 527 5663 νικῶσιν
599 5609 770 5672 αὑτὰς
842 5608 942 5661 οὐκ
1017 5607 1095 5659 ἔτι
1168 5605 1624 5676 περιλειπομένου
1684 5603 1874 5672 ἑτέρου

293 5703 530 5773 ἀγῶνος.
567 5702 636 5756 Oi
673 5719 732 5755 τε
766 5699 874 5772 γὰρ
907 5701 968 5754 τὸ
1005 5699 1353 5770 ἀστάθμητον
1383 5698 1475 5751 τοῦ
1511 5699 1626 5768 βίου
1658 5698 1878 5760 τούτου,

1978 4773 2080 4826 lem
2136 4771 2385 4839 designat
2452 4769 3011 4824 subversionem?an
3089 4785 3197 4822 non
3268 4769 3557 4825 admiran-

1980 4863 2107 4916 dum
2167 4870 2251 4916 est
2307 4861 2571 4914 mundum
2620 4877 2744 4914 esse
2798 4861 3292 4914 consummandum
3349 4863 3418 4917 ab
3465 4879 3564 4917 an-

1978 4955 2113 5025 gelis
2139 4954 2231 5023 qui
2260 4953 2449 5007 eodem
2499 4961 2628 5006 sunt
2678 4967 2907 5008 numero
2944 4969 3066 5007 cum
3100 4954 3298 5007 diebus
3350 4954 3558 5007 hebdo-

1983 5048 2153 5100 mada:
2197 5063 2224 5100 a
2273 5048 2475 5116 quibus
2529 5047 2719 5098 habuit
2782 5046 3037 5106 initium,
3096 5054 3149 5098 et
3199 5045 3559 5099 in’eumdem

1989 5140 2142 5194 linire
2181 5153 2467 5191 numerum
2503 5153 2627 5191 cum
2659 5137 2867 5207 angelis
2894 5140 2984 5205 qui
3018 5138 3067 5190 id
3100 5136 3350 5191 muneris
3380 5139 3560 5191 sortiti

1989 5241 2118 5285 sunt
2148 5239 2206 5283 ut
2251 5219 2426 5297 ipsum
2484 5227 2734 5294 perdant,
2779 5237 2833 5281 et
2873 5229 2939 5282 ad
2971 5228 3306 5295 perdendum
3360 5227 3563 5280 habent

1987 5321 2216 5392 plagas?
2248 5320 2463 5389 Septem
2518 5329 2700 5372 autem
2743 5319 2914 5387 plagae
2945 5328 3073 5372 sunt
3106 5332 3254 5372 mare
3297 5317 3556 5381 vitreum,

1991 5416 2151 5484 ignis,
2196 5415 2374 5483 imago
2398 5413 2583 5466 bestia:
2611 5425 2665 5466 et
2697 5412 2869 5465 bestia
2904 5413 3043 5480 ipsa,
3071 5411 3358 5465 character
3387 5410 3561 5478 ipsius

1986 5519 2040 5561 et
2066 5522 2326 5561 numerus
2367 5505 2603 5559 nominis
2631 5505 2820 5572 ipsius.
2860 5504 2952 5558 Ille
2980 5504 3201 5572 quidem
3237 5504 3402 5573 plagae
3431 5511 3560 5558 sunt

1989 5603 2192 5671 quibus
2222 5599 2528 5669 completur
2573 5600 2651 5652 ira
2685 5598 2774 5652 Dei
2815 5614 2828 5651 :
2861 5607 3119 5652 extrema:
3174 5612 3326 5660 vero,
3377 5606 3436 5650 ut
3465 5595 3558 5664 qui

1995 5695 2090 5748 has
2120 5693 2379 5765 devicerit
2436 5691 2643 5747 nullum
2685 5691 2756 5745 sit
2789 5690 2889 5761 ipsi
2926 5691 3197 5760 reliquum
3253 5700 3562 5747 certamen.

372 5882 839 5953 (1.9)].0gcbatur,
896 5883 1076 5948 ὕαλος,
1120 5882 1248 5951 πῦρ,
1307 5881 1474 5941 εἰχον,
1534 5878 1730 5949 οηρὶον
1777 5878 1868 5933 καὶ
1904 5881 2186 5951 χάραγμα.
