4252 6436
713 305 822 367 699

1539 303 1869 366 ARETlir‘E
1906 302 2284 365 C/‘ESARE/E
2322 303 2806 365 CAPPADOCLEI
2849 304 3189 367 EPISCOPI

3887 312 3997 376 700

715 416 820 481 Qui
861 412 1010 467 enim
1045 428 1267 470 omnem
1323 414 1490 483 hujus
1542 416 1668 469 vita:
1725 416 2140 471 instabilitatem
2178 430 2302 483 qua:
2329 415 2433 476 Αδ
2466 419 2576 480 τοῖς
2617 417 2757 471 πολλι

2416 415 2433 467 5
2466 419 2576 480 τοῖς
2617 417 2831 481 πολλοῖς
2859 419 2927 472 δι’
2957 421 3233 491 ἀλμυρίαν
3262 421 3541 494 ξηραίνειν
3565 417 3674 477 οἶδε
3702 422 3764 477 τὸ
3786 422 4001 495 ἀναψύο

718 523 817 560 sua
844 506 1124 573 salsugine
1150 508 1202 560 in
1233 507 1421 561 multis
1452 507 1733 561 exsiccare
1767 509 1905 562 solet
1935 522 2097 562 omne
2134 507 2297 560 refri-

717 598 953 667 gerium,
1007 598 1293 653 tolerando
1345 599 1574 654 vicerint
1609 618 1622 654 :
1658 601 1863 669 quique
1894 600 2024 653 dum
2057 598 2300 654 mundus

722 692 773 745 id
811 702 1006 745 nactus
1056 700 1142 745 est
1174 700 1233 745 ut
1267 690 1510 748 nominis
1557 692 1800 763 ipsorum
1835 691 2212 745 celebritatem
2248 689 2302 743 in

722 782 946 835 modum
984 780 1107 833 vitri
1136 789 1406 846 conterat,
1444 781 1496 834 in
1530 780 1682 834 nullo
1711 781 1925 849 pejores
1947 776 2261 833 eﬂiciuntur
2289 796 2301 830 :

724 888 833 927 non
859 872 963 926 sibi
993 873 1328 927 asciscentes
1356 874 1466 926 vim
1497 870 1766 927 exurendi
1797 870 1960 940 ignis,
1985 870 2080 925 sed
2104 866 2304 922 illumi-

721 966 884 1019 nandi
916 983 928 1019 :
956 981 1079 1020 cum
1132 966 1369 1033 imagine
1409 965 1619 1030 bestize,
1668 974 1764 1019 aut
1810 963 1983 1017 bestia
2032 963 2173 1031 ipsa,
2210 969 2307 1015 aut

725 1060 1049 1112 charactere
1083 1069 1176 1112 aut
1209 1073 1441 1112 numero
1489 1058 1732 1113 nominis
1772 1056 1944 1127 ipsius
1973 1070 2085 1109 non
2124 1052 2307 1108 infeli-

726 1152 862 1205 citer
920 1150 1211 1215 luctantes,
1245 1150 1337 1204 scd
1372 1150 1603 1204 viriliter
1652 1148 2005 1203 devincentes
2036 1164 2049 1200 :
2090 1144 2144 1198 hi
2179 1154 2308 1199 tunc

722 1262 892 1315 super
921 1263 1073 1301 mare
1105 1248 1341 1301 vitreum
1377 1255 1608 1308 stantes,
1636 1245 1851 1314 signum
1884 1252 2165 1314 gestantes
2194 1255 2308 1296 suae

725 1340 782 1392 in
820 1341 927 1393 vita
968 1338 1436 1400 mortiﬁcationis,
1487 1337 1669 1406 quoad
1708 1336 2052 1403 voluptatum
2104 1348 2228 1404 qua:
2252 1332 2307 1386 in

724 1448 787 1483 ea
865 1441 990 1485 sum
1050 1432 1399 1484 inutilitatem
1456 1445 1520 1485 ac
1582 1428 2064 1483 contractionem:
2102 1432 2310 1479 canunt

730 1539 1075 1594 quaecunque
1106 1540 1325 1594 arquum
1351 1536 1433 1579 est
1463 1538 1665 1577 canere
1718 1524 1955 1575 victores
1991 1519 2309 1589 huiusmodi

726 1614 1197 1668 adversariorum.

800 1704 1064 1758 Habentes
1124 1713 1321 1773 septem
1380 1705 1567 1773 plagas
1627 1703 1962 1756 novissimus.
2022 1702 2178 1768 Quod
2234 1700 2310 1754 ait

730 1806 953 1865 septem,
991 1811 1099 1849 non
1149 1806 1232 1851 est
1289 1796 1697 1864 intelligendum
1740 1797 1885 1865 quod
1931 1809 2163 1848 numero
2193 1792 2311 1847 fue-

732 1890 841 1942 rint
894 1891 1246 1957 septenario,
1301 1889 1395 1943 sed
1448 1890 1662 1957 capitur
1714 1903 1811 1957 pro
1843 1888 2086 1941 multas:
2125 1885 2309 1954 itaque

728 1982 901 2035 multa
938 1983 1189 2050 ιΙι-εἰςιιιιι
1219 1996 1341 2035 esse
1377 1982 1642 2035 adversus
1667 1990 1986 2049 peccatores
2015 1977 2313 2048 supplicia,

728 2072 935 2140 quibus
970 2074 1131 2126 tinem
1173 2072 1372 2140 accipit
1409 2072 1488 2124 ira
1527 2071 1643 2136 Dei,
1686 2086 1810 2140 quae
1839 2071 2003 2123 etiam
2033 2077 2313 2138 postrema

727 2178 853 2228 esse
889 2165 1038 2218 dicta
1094 2173 1243 2217 sunt.
1303 2163 1477 2218 Porro
1527 2179 1652 2218 cum
1706 2162 1799 2217 Dei
1838 2163 2000 2218 audis
2050 2163 2186 2217 iram
2218 2176 2313 2217 seu

727 2255 996 2319 furorem,
1029 2272 1095 2310 ne
1131 2255 1411 2325 concipias
1440 2256 1687 2309 divinum
1735 2270 1937 2309 numen
1994 2254 2304 2325 subjectum

730 2364 855 2405 esse
893 2349 1179 2404 aﬂ‘ectibus
1214 2366 1228 2402 :
1262 2348 1357 2402 sed
1389 2348 1654 2418 quoniam
1693 2348 1801 2402 alio
1833 2346 1997 2402 modo
2026 2346 2315 2416 designare

730 2458 840 2495 non
893 2442 1070 2511 potuit
1124 2457 1414 2496 excessum
1471 2440 1783 2495 facinorum
1838 2450 2219 2511 peccatorum,
2249 2456 2312 2495 ex

731 2535 1081 2605 improbitate
1116 2550 1180 2588 ac
1228 2532 1570 2605 impudicitia
1609 2532 2041 2602 procedentium,
2078 2547 2200 2603 qua:
2235 2531 2318 2588 vel

732 2627 1071 2682 immobilem
1107 2626 1173 2680 ad
1222 2627 1448 2682 cﬂ'cctus
1483 2636 1735 2680 naturam
1792 2638 2018 2696 possent
2072 2642 2315 2692 movere,

735 2719 979 2773 lnnnano
1011 2735 1164 2772 more
1188 2718 1404 2773 locutus
1428 2727 1533 2772 est.
1568 2717 1713 2772 Mare
1737 2728 1918 2772 autent
1944 2720 2180 2773 vitreum
2207 2736 2315 2774 non

732 2811 881 2865 aliud
930 2811 1253 2879 signiﬁcare
1306 2820 1550 2879 putetur,
1592 2825 1757 2878 quam
1788 2824 1886 2878 per
1917 2827 2067 2864 mare
2094 2812 2317 2880 quidem

734 2903 1169 2967 multitudinem,
1237 2919 1333 2973 per
1394 2904 1595 2955 vitrum
1664 2919 1794 2955 vero
1862 2904 2207 2972 splendorem
2257 2919 2320 2959 ac

735 2997 1032 3063 puritatem
1082 3010 1273 3047 eorum
1307 2996 1397 3061 qui
1432 2993 1503 3046 ibi
1536 2994 1684 3063 digiti
1742 2993 1946 3047 iuerint
1983 2995 2140 3049 beata
2177 2997 2313 3050 vita.

809 3086 1073 3140 [labentes
1116 3087 1350 3138 citharas
1389 3084 1484 3139 Dei
1511 3094 1559 3138 et
1590 3095 1831 3138 canentes
1860 3088 2128 3138 canticum
2158 3086 2315 3140 Mosi.

735 3178 934 3234 Dicens
990 3178 1253 3240 citharas,
1297 3178 1671 3230 membrorum
1726 3193 1848 3245 quae
1897 3176 1951 3231 in
1995 3190 2140 3231 terra
2189 3189 2318 3233 sunt

737 3272 1222 3328 mortiﬁcationem
1253 3270 1524 3340 designat.
1555 3268 1727 3324 Porro
1762 3270 1908 3339 ipsas
1938 3272 2015 3324 ait
2045 3286 2169 3325 esse
2205 3269 2317 3337 Dei,

736 3380 805 3418 co
845 3365 992 3434 quod
1026 3364 1211 3418 nullus
1261 3362 1618 3432 quantumvis
1658 3362 1879 3415 sedulus
1934 3362 2096 3415 homo
2139 3374 2192 3415 ct
2240 3364 2320 3414 iu-

738 3457 987 3511 dustrius
1027 3456 1076 3509 id
1127 3461 1447 3525 praestaret,
1503 3452 1690 3506 divino
1742 3453 2043 3506 destitutus
2093 3454 2317 3507 auxilio.

738 3547 1008 3601 Caeterum
1045 3547 1179 3602 Mosi
1236 3548 1379 3600 servi
1419 3546 1512 3599 Dei
1551 3546 1825 3600 canticum
1864 3547 2030 3616 778
2065 3547 2193 3599 illud
2230 3563 2319 3599 ve-

740 3640 974 3694 risimile
1029 3648 1113 3694 est
1177 3653 1371 3693 omnes
1437 3638 1739 3708 intelligere
1804 3638 1950 3707 quod
2002 3637 2201 3693 cecinit
2254 3638 2325 3692 ob

740 3728 1144 3784 demersionem
1183 3726 1484 3781 Pharaonis
1526 3728 1671 3794 regis
1701 3725 2103 3797 Algyptiorum.
2135 3725 2325 3780 Canti-

742 3838 866 3878 cum
906 3822 1092 3892 itaque
1140 3824 1413 3875 victorum
1469 3831 1596 3876 ante
1650 3822 1821 3892 legem
1854 3832 1907 3876 et
1938 3823 2041 3877 sub
2090 3823 2227 3892 lege,
2256 3838 2323 3877 ex

745 3916 831 3970 his
889 3916 1202 3985 concipitur
1253 3930 1374 3984 quae
1405 3929 1501 3982 per
1533 3913 1719 3968 Mosen
1768 3914 1926 3982 jussu
1967 3914 2059 3969 Dei
2108 3924 2324 3985 peracta

742 4019 894 4073 sunt,
928 4019 987 4062 ut
1016 4008 1225 4061 dirtum
1265 4016 1379 4062 est.
1410 4006 1549 4075 Agni
1588 4020 1716 4060 vero
1745 4010 2019 4059 canticum
2062 4008 2206 4075 quod
2242 4015 2327 4061 est

743 4100 895 4155 aliud
935 4100 1037 4155 nisi
1067 4100 1216 4170 quod
1241 4100 1309 4153 ab
1333 4114 1399 4153 eo
1421 4100 1512 4168 qui
1546 4112 1805 4167 responsa
1833 4099 1926 4152 dat
1956 4099 2324 4169 compositum

742 4194 866 4248 est?
897 4192 1044 4263 quod
1094 4194 1260 4247 etiam
1312 4202 1511 4246 canent
1564 4190 1619 4244 hi
1663 4191 1756 4259 qui
1791 4206 1821 4244 a
1854 4192 2074 4246 Christo
2109 4202 2164 4245 et
2204 4199 2330 4261 post

743 4287 1030 4339 Christum
1078 4285 1335 4340 decenter
1365 4294 1763 4339 conversantes
1808 4285 2036 4341 assidue
2064 4285 2119 4339 in
2152 4286 2328 4353 gratia

743 4392 809 4431 ae
858 4376 1258 4445 magnificentia
1318 4376 1649 4431 annuntiant
1718 4377 1870 4448 Λειιο
1932 4375 2047 4431 sive
2099 4375 2328 4430 Domino

2407 525 2521 578 χον,
2568 511 2678 562 πᾶν
2725 512 3073 577 νενικηκότες
3114 516 3180 584 τῇ
3215 515 3513 587 καρτερίᾳ,
3549 514 3660 568 οἵτε
3694 518 3817 578 ταῖς
3845 517 4003 571 εὐδο-

2408 600 2548 665 ξίαις
2580 603 2723 655 κατά
2751 602 2810 655 τὸ
2839 602 3002 657 ὕαλον
3028 604 3120 658 τοῦ
3156 606 3541 677 ωντρίόεσθαι
3573 608 4002 678 κεκληρωμένου

2407 693 2615 762 κόσμου
2662 695 2782 749 κατ’
2827 695 2981 750 οὐδὲν
3018 701 3445 770 κεχειρωμένοι,
3492 701 3589 770 οὑχ
3619 702 3668 754 oi
3699 701 3793 754 τοῦ
3824 702 4005 773 πυρὸς

2407 782 2507 855 τὴν
2534 787 2836 856 καυστικὴν
2873 788 3125 859 δύναμιν,
3160 791 3296 845 ἀλλὰ
3329 794 3430 862 τὴν
3461 793 3801 864 φωτιστικὴν
3829 811 4010 849 πεπο-

2413 880 2681 950 ρισμένοι,
2708 881 2808 951 οὑχ
2834 883 2886 934 οί
2922 883 3021 952 τὴν
3050 884 3236 936 εἰκόνα
3269 884 3365 937 τοῦ
3395 884 3609 955 θηρίου,
3640 886 3674 957 ἢ
3702 886 3767 939 τὸ
3808 885 4008 956 θηρίον

2408 968 2559 1031 αὐτὸ,
2600 970 2633 1039 ἢ
2661 970 2753 1023 τὸν
2777 971 3013 1044 ἀριθμὸν
3034 973 3128 1026 τοῦ
3159 975 3426 1043 ὀνόματος
3456 974 3621 1029 αὑτοῦ
3646 976 4003 1030 καταπαλαῖ-

2412 1077 2503 1115 σαι
2524 1060 3003 1132 δεδυστυχηκότες,
3028 1064 3145 1117 ἀλλ’
3168 1066 3437 1135 ἀνδρικῶς
3462 1067 3830 1137 νενικηκότες,
3856 1062 4008 1122 οὗτοι
4058 1090 4061 1093 ·

2410 1153 2663 1225 τηνικάδε
2689 1156 2922 1219 ἑστῶτες
2953 1157 3047 1210 ἐπὶ
3074 1159 3172 1227 τὴν
3206 1158 3432 1230 ὑαλίνην
3461 1159 3760 1225 θάλασσαν,
3795 1159 4007 1229 σύμϐο-

2410 1246 2501 1302 λον
2537 1248 2923 1319 ἐπιφερόμενοι
2963 1251 3062 1319 τῆς
3095 1252 3305 1305 ἑαυτῶν
3348 1255 3406 1305 ὲν
3435 1252 3513 1322 τῷ
3543 1256 3641 1324 βίῳ
3676 1253 4005 1325 νεκρὼσεως

2412 1341 2556 1394 κατά
2576 1340 2637 1393 τὺ
2659 1341 3023 1412 άνενέργητον
3052 1345 3162 1397 τῶν
3188 1346 3247 1396 ὲν
3278 1344 3429 1415 αὑτῷ
3453 1345 3628 1415 ἡδέων
3651 1345 3874 1416 ᾄδουσιν
3904 1346 4008 1400 ὅσα

2412 1432 2560 1497 είκδς
2584 1434 2711 1496 τοῦς
2739 1436 3094 1505 νενικηκότας
3132 1436 3243 1488 τῶν
3269 1436 3530 1491 τοιούτων
3558 1436 3729 1508 ᾄδειν.

2490 1719 2787 1787 Ἐχοντας
2827 1693 3063 1787 ὲτληγὰς
3095 1716 3245 1771 ἑπτὰ
3271 1717 3378 1784 τὰς
3405 1716 3693 1785 ἐσχάτας.
3726 1717 3801 1771 τδ
3835 1718 4007 1781 ἑπτὰ.

2413 1811 2513 1865 οὑκ
2545 1812 2630 1863 ἐπ’
2659 1809 2824 1863 αὑτοῦ
2859 1809 2954 1862 τοῦ
2991 1810 3353 1881 ἑϐδοματικοῦ
3397 1810 3635 1880 ἀριθμοῦ
3667 1811 3966 1865 ἀκουστέον
3990 1853 4007 1878 ,

2411 1903 2526 1958 ἀλλ’
2558 1902 2653 1956 ἐπὶ
2676 1902 2771 1956 τοῦ
2804 1902 2998 1958 πολλά.
3029 1903 3139 1967 Τάς
3162 1902 3364 1967 πολλὰς
3394 1899 3487 1957 οῦν
3517 1903 3658 1957 κατά
3682 1904 3792 1967 τῶν
3824 1906 4010 1974 άμαρ-

2413 1995 2599 2049 τωλῶν
2620 1994 2873 2058 κολάσεις
2909 1993 3230 2060 αἰνίττεται,
3263 1994 3331 2048 δι’
3363 1988 3439 2048 ὧν
3469 1998 3498 2047 ὁ
3535 1995 3706 2065 θυμὸς
3734 1995 3831 2049 τοῦ
3867 1994 4008 2048 Θεοῦ

2414 2090 2591 2161 πέρας
2642 2090 2932 2155 λαμόάνει.
2987 2088 3204 2151 Αἶτινες
3250 2090 3342 2142 καὶ
3390 2088 3617 2159 ἔσχαται
3673 2089 4005 2159 ἐλέχθησαν.

2417 2180 2602 2251 Θυμὸν
2631 2180 2687 2233 δὲ
2712 2179 2927 2232 ἁκούων
2964 2179 3124 2245 Θεοῦ,
3157 2179 3234 2251 μὴ
3280 2177 3354 2243 ῶς
3393 2179 3677 2250 ἐμπαθοῦς
3717 2180 3883 2232 ἄκουε
3914 2177 4011 2233 τοῦ

2414 2273 2597 2328 Θείου.
2638 2273 2779 2326 Ἀλλ’
2809 2274 2930 2326 ἐπεὶ
2953 2273 3052 2327 οὑκ
3079 2268 3224 2343 εἶχεν
3250 2272 3425 2337 άλλως
3453 2289 3572 2335 πως
3606 2272 3887 2341 ὑποφῆναι
3912 2272 4013 2339 τὴν

2417 2366 2726 2437 ὑπερϐολὴν
2757 2364 2864 2418 τῶν
2894 2366 3038 2419 κατά
3078 2366 3367 2435 ἀσέλγειαν
3392 2368 3501 2419 τῶν
3542 2366 3887 2436 ἁμαρτωλῶν
3918 2365 4012 2437 ἔρ-

2416 2475 2551 2527 γων,
2577 2458 2670 2512 ἅτε
2707 2459 2799 2512 καὶ
2828 2460 2928 2527 τὴν
2953 2456 3142 2527 ἀπαθῆ
3174 2458 3336 2526 φύσιν
3360 2459 3489 2512 οἴων
3519 2477 3577 2513 τε
3612 2460 3781 2513 ὅντων
3813 2461 4013 2526 κινεῖν,

2418 2552 2775 2622 ἀνθρωπίνως
2821 2553 3094 2622 ἐχρήσατο
3135 2551 3214 2621 τῷ
3265 2551 3428 2622 λόγῳ.
3478 2550 3542 2605 Ἢ
3576 2552 3768 2621 ὑαλίνη
3806 2552 3864 2606 δὲ
3912 2552 4015 2606 θάη

2418 2646 2595 2701 λασσα
2645 2647 2746 2698 οὑκ
2774 2645 2840 2698 ἂν
2884 2646 3013 2699 ἄλλο
3046 2646 3333 2714 σημαίνειν
3362 2644 3529 2707 δοκοῖ,
3566 2646 3599 2715 ἢ
3642 2647 3703 2698 τὸ
3732 2647 3868 2699 πολὺ
3914 2646 4017 2715 μὲν

2418 2736 2505 2789 διὰ
2533 2735 2649 2798 τοῦ,
2683 2736 2947 2798 θάλασσα,
2974 2736 3061 2788 διὰ
3093 2735 3148 2788 δὲ
3183 2735 3297 2799 τοῦ,
3331 2736 3546 2807 ὑαλίνη,
3577 2737 3637 2789 τὸ
3668 2736 3923 2789 στιλπνόν
3954 2754 4014 2789 τε

2421 2823 2516 2875 καὶ
2560 2822 2797 2893 καθαρὸν
2841 2822 2950 2877 τῶν
2990 2824 3088 2892 τῆς
3135 2825 3253 2877 ἐκεῖ
3301 2826 3708 2895 μακαριότητος
3753 2826 3849 2880 τοῦ
3894 2825 4015 2899 βίου

2421 2913 2761 2983 ἠξιωμένων.

2497 3097 2792 3163 Ἔχοντας
2835 3095 2942 3160 τὰς
2980 3093 3230 3162 κιθάρας
3277 3094 3381 3147 τοῦ
3433 3096 3580 3149 Θεοῦ
3605 3138 3619 3161 ,
3662 3099 3761 3150 καί
3794 3098 4017 3164 ᾅδουσι

2422 3188 2538 3253 τὴν
2584 3185 2747 3251 ᾠδὴν
2797 3184 3075 3250 Μωσέως.
3112 3185 3209 3238 Διά
3244 3183 3339 3237 τοῦ
3389 3187 3565 3238 εἰπεῖν
3611 3186 3710 3249 τὰς
3755 3186 4013 3256 κιθάρας,

2422 3282 2521 3351 τὴν
2552 3279 2660 3331 τῶν
2690 3278 2782 3331 ἐπὶ
2810 3277 2913 3345 γῆς
2946 3276 3125 3346 μελῶν
3154 3277 3451 3330 αἰνίττεται
3479 3277 3768 3347 νέκρωσιν.
3794 3280 3935 3332 Θεοῦ
3958 3280 4017 3333 δὲ

2425 3369 2595 3432 αὑτὰς
2629 3365 2789 3430 εἶναι.
2819 3366 3009 3421 καθότι
3037 3366 3215 3428 οὐδεὶς
3238 3367 3347 3419 τῶν
3379 3368 3687 3420 σπουδαίων
3708 3368 4017 3438 ἀνθρώπων

2423 3462 2521 3530 τῆς
2563 3460 2714 3522 θείας
2750 3459 3068 3529 συμμαχίας
3095 3458 3346 3528 χηρεύων
3387 3458 3771 3530 κατορθοῦται.
3800 3461 3915 3530 Τὴν
3958 3459 4018 3513 δὲ

2425 3553 2567 3622 ᾠδὴν
2596 3553 2877 3614 Μωῦσέως
2918 3550 3104 3604 δούλου
3139 3550 3347 3621 Κυρίου
3382 3551 3597 3621 ἐκείνην
3632 3552 3840 3613 πάντας
3869 3551 4019 3615 εἰκός

2427 3647 2543 3697 ἐστι
2591 3644 2802 3712 νοῆσαι,
2842 3645 2909 3713 ἣν
2943 3640 3076 3714 ᾖσεν
3111 3643 3204 3696 ἐπὶ
3242 3645 3308 3713 τῇ
3358 3648 3767 3696 καταποντωσει
3811 3642 4019 3712 Φαραὼ

2424 3736 2536 3787 τῶν
2573 3735 2907 3802 Αἰγυπτίων.
2941 3733 3061 3786 Τῶν
3096 3733 3195 3803 μὲν
3224 3731 3331 3802 πρὸ
3357 3732 3527 3801 νόμου
3555 3732 3649 3785 καὶ
3677 3732 3733 3784 ἐν
3762 3731 3841 3801 τῷ
3869 3734 4019 3801 νόμῳ

2428 3827 2740 3896 νικηφόρων
2769 3830 2800 3895 ἡ
2833 3826 2967 3896 ᾠδὴ,
2993 3825 3067 3888 ὡς
3102 3826 3340 3896 εἴρηται,
3373 3824 3438 3878 ἐκ
3468 3825 3576 3877 τῶν
3607 3824 3696 3877 διὰ
3735 3826 4021 3887 Μωῦσέως

2430 3923 2813 3992 προστάγματι
2853 3919 2987 3973 Θεοῦ
3020 3919 3415 3989 ὲνηργημὶνων
3444 3919 3671 3973 νοεῖται.
3732 3916 3791 3970 'H
3826 3917 3885 3970 δὲ
3922 3917 4018 3971 τοῦ

2441 4012 2653 4083 Ἀρνίου
2681 4011 2793 4082 ᾠδὴ
2824 4011 2905 4073 τίς
2936 4010 3001 4064 ἂν
3019 4010 3175 4079 ἄλλη,
3207 4013 3255 4063 εί
3286 4011 3361 4081 μὴ
3387 4011 3478 4063 ὑπ’
3508 4010 3673 4063 αὑτοῦ
3689 4008 3783 4062 τοῦ
3802 4026 4021 4079 χρημα-

2427 4101 2668 4163 τίζοντος
2692 4100 3100 4170 συντεθειμένη,
3126 4100 3193 4170 ἢν
3216 4100 3311 4153 καὶ
3334 4101 3558 4170 ᾇσουσιν
3575 4102 3625 4153 οἱ
3647 4101 3754 4153 ἀπὸ
3778 4101 4019 4169 Χριστοῦ

2430 4195 2523 4246 καὶ
2551 4195 2691 4263 μετά
2735 4193 2970 4263 Χριστὸν
3009 4192 3201 4255 αίσίως
3230 4191 3682 4261 πολιτευσάμενοι
3703 4232 3719 4256 ,
3747 4192 3851 4262 τὴν
3876 4193 4019 4248 ἀκα-

2429 4289 2739 4342 τάπαυστον
2768 4287 2828 4340 ὲν
2854 4286 3060 4358 χάριτι,
3088 4286 3150 4339 τὸ
3182 4286 3470 4356 μεγαλεῖον
3500 4273 3923 4353 ἐξαγγέλλοντες
3943 4285 4022 4356 τῷ

2444 4380 2665 4451 εΑρνίῳ,
2685 4379 2804 4449 ἦτοι
2817 4378 2895 4447 τῷ
2916 4378 3105 4448 Κυρίῳ
3134 4377 3309 4448 Ἰησοῦ
3328 4375 3570 4450 Χριστῷ,
3590 4376 4022 4447 ᾠκονομημένης

740 4468 868 4524 Jesu
897 4470 1140 4535 Christo,
1175 4470 1245 4524 ob
1274 4469 1656 4539 dispensatum
1707 4470 1866 4524 nobis
1902 4470 2129 4524 salutari
2165 4471 2326 4525 modo
2352 4488 2406 4548 D
2435 4471 2717 4541 σωτηρίως

2435 4471 2717 4541 σωτηρίως
2770 4472 2902 4541 ἡμῖν
2949 4470 3047 4539 τῆς
3099 4468 3634 4539 παντοκρατορικῆς,
3671 4467 3892 4531 δικαίας
3926 4470 4023 4522 καὶ

744 4561 1436 4632 omnipotentem,justum
1491 4577 1554 4616 ac
1612 4577 1802 4617 verum
1854 4563 2135 4617 ducatum.
2193 4563 2325 4628 Quae
2423 4564 2757 4637 ἀληθινῆςόιῖ

2423 4566 2683 4637 ἀληθινῆς
2703 4563 2944 4634 ὁδηγίας.
2973 4562 3150 4632 "Amp
3166 4561 3241 4624 ὡς
3266 4560 3518 4631 βασιλεὺς
3541 4560 3698 4630 βάσις
3714 4558 3791 4613 ῶν
3810 4560 4021 4625 ὲλὲους,

672 4670 674 4674 τ
744 4663 1008 4724 tanquam
1060 4671 1155 4710 rex
1184 4666 1236 4709 et
1279 4656 1427 4710 basis
1466 4655 1881 4718 misericordiae,
1916 4671 2010 4724 per
2044 4655 2325 4725 apostolos

745 4764 876 4803 SUOS
906 4757 1170 4816 Operatus
1201 4759 1285 4804 εει
1320 4764 1449 4819 erga
1481 4763 1639 4803 suant
1681 4758 2013 4803 creaturam.

816 4841 933 4907 XV,
957 4844 1077 4898 5-8.
1112 4842 1181 4897 Et
1204 4854 1318 4910 post
1339 4843 1452 4897 lucc
1475 4843 1601 4909 vidi,
1630 4852 1680 4897 et
1704 4854 1945 4913 apertum
1976 4852 2054 4897 est
2081 4842 2331 4911 templum

743 4934 1077 4988 tabernaculi
1109 4937 1392 4990 testimonii
1420 4937 1474 4988 in
1494 4935 1621 4988 caelo
1643 4951 1661 4988 :
1693 4944 1743 4988 et
1771 4935 1962 5003 egressi
1983 4942 2107 4988 sunt
2129 4943 2325 5001 septem

746 5028 917 5097 angeli
939 5027 1187 5082 habentes
1218 5038 1417 5097 septem
1443 5028 1630 5099 plagas
1659 5040 1677 5079 :
1708 5029 1797 5097 qui
1827 5036 1980 5081 erant
2010 5027 2187 5080 vestiti
2217 5026 2325 5079 lino

746 5122 941 5174 mundo
963 5131 1011 5176 et
1045 5123 1292 5188 candido,
1329 5133 1376 5176 et
1408 5123 1680 5191 pracincti
1715 5122 1861 5175 circa
1902 5130 2115 5189 pectora
2174 5120 2322 5173 zonis

746 5216 942 5267 aureis.
977 5215 1045 5268 Et
1067 5232 1227 5269 unum
1258 5233 1321 5270 ex
1353 5226 1582 5286 quatuor
1615 5214 1938 5269 animalibus
1968 5215 2110 5267 dedit
2135 5223 2327 5280 septem

748 5308 947 5376 angelis
980 5319 1175 5377 septem
1209 5310 1415 5372 phialas
1448 5325 1636 5362 aureas
1666 5308 1847 5375 plenas
1903 5306 2195 5359 iracundia
2233 5303 2328 5357 Dei

750 5400 965 5455 viventis
1002 5403 1053 5455 in
1086 5401 1282 5456 siccata
1317 5402 1656 5455 sazculorum.
1691 5399 1758 5454 Et
1794 5398 2069 5467 impletum
2094 5407 2171 5451 est
2200 5408 2331 5451 tem-

750 5492 894 5557 plum
936 5498 1079 5558 [nmo
1106 5512 1137 5547 a
1171 5495 1448 5563 majestate
1493 5495 1588 5547 Dei
1619 5504 1667 5548 et
1702 5492 1936 5563 potentia
1961 5492 2129 5560 ipsius
2159 5506 2178 5543 :
2205 5491 2328 5543 nul-

753 5586 935 5655 lusque
969 5599 1173 5655 poterat
1215 5590 1421 5660 ingredi
1463 5588 1718 5656 templum
1752 5588 1915 5641 donec
1942 5583 2332 5653 complerentur

747 5690 937 5743 srptem
967 5680 1159 5747 phiala:
1185 5693 1379 5749 septem
1430 5680 1757 5749 angelorum.

2426 4658 2565 4727 πρὸς
2598 4659 2659 4709 τὸ
2692 4654 2888 4711 ἑαυτοῦ
2940 4655 3168 4725 πλάσμα
3209 4654 3300 4709 διὰ
3343 4653 3456 4707 τῶν
3497 4652 3665 4708 αὑτοῦ
3695 4654 4023 4708 ἀποστόλων

2427 4747 2741 4820 εἰργάσατο.

2502 4842 2611 4896 Καὶ
2644 4842 2797 4913 μετὰ
2828 4840 3017 4897 ταῦτα
3049 4834 3247 4905 εἶδον,
3275 4837 3375 4893 καί
3397 4838 3612 4909 ἠνοίγη
3659 4839 3692 4891 ὀ
3720 4836 3871 4905 ναὸς
3913 4838 4025 4907 τῆς

2432 4934 2669 5003 σκηνῆς
2700 4934 2806 4991 τοῦ
2833 4934 3164 5005 μαρτυρίου
3187 4933 3258 4986 ἐν
3284 4929 3365 4996 τῷ
3390 4928 3626 4999 οὐρανῷ
3645 4969 3660 4993 ,
3693 4929 3795 4984 καὶ
3830 4930 4024 5000 ἐξῆλ-

2433 5028 2541 5079 θον
2572 5027 2626 5078 οί
2651 5025 2802 5078 ἑπτὰ
2828 5024 3072 5093 ἄγγελοι
3092 5024 3146 5076 ot
3175 5020 3421 5090 ἔχοντες
3449 5019 3555 5086 τὰς
3583 5020 3732 5075 ἑπτὰ
3752 5021 4024 5089 πληγάς.

2439 5119 2505 5172 Οἳ
2550 5113 2714 5188 ἦσαν
2745 5114 3127 5185 ἐνδεδυμένοι
3169 5117 3347 5168 λίνον
3392 5112 3657 5180 καθαρὸν
3700 5114 4022 5182 λαμπρὸν,

2436 5212 2534 5266 καί
2558 5208 3011 5279 περιεζωσμένοι
3040 5206 3174 5276 περὶ
3211 5208 3284 5261 τὰ
3314 5206 3511 5274 στήθη
3543 5205 3724 5273 ζώνας
3756 5206 4023 5275 χρυσᾶς.

2432 5304 2541 5361 Καὶ
2570 5303 2638 5357 ἐν
2679 5303 2750 5356 ἐκ
2782 5301 2899 5355 τῶν
2940 5299 3257 5369 τεσσάρων
3299 5298 3455 5360 aliter
3482 5298 3669 5353 ἔδωκε
3715 5298 3841 5364 τοῖς
3870 5299 4026 5352 ἑπτὰ

2432 5397 2714 5466 ἀγγέλοις
2750 5394 2901 5448 ἑπτὰ
2929 5391 3152 5463 φιάλας
3182 5390 3419 5461 χρυσᾶς
3453 5392 3755 5461 γεμούσας
3783 5390 3897 5445 τοῦ
3923 5394 4026 5444 θιο⁸

2429 5489 2547 5559 μοῦ
2572 5488 2675 5541 τοῦ
2706 5486 2855 5541 Θεοῦ
2877 5486 2984 5539 τοῦ
3005 5483 3219 5549 ζῶντος
3243 5486 3330 5549 εις
3352 5483 3493 5546 τοὺς
3508 5481 3727 5547 αἰῶνας
3750 5481 3873 5535 τῶν
3891 5483 4023 5536 aluit-

2435 5598 2577 5635 νων.
2604 5579 2713 5633 Kal
2742 5577 3030 5648 ἐγεμίσθη
3058 5578 3091 5631 ὁ
3124 5575 3269 5641 ναὸς
3297 5574 3367 5629 ἐκ
3404 5574 3513 5628 τοῦ
3544 5575 3782 5629 καπνοῦ
3804 5574 3875 5628 ἐκ
3918 5572 4023 5641 τῆς

2436 5674 2621 5739 δόξης
2648 5673 2753 5726 τοῦ
2786 5672 2957 5733 θεοῦ,
2981 5669 3078 5723 καὶ
3110 5669 3176 5722 ἐκ
3202 5667 3309 5735 τῆς
3342 5666 3652 5734 δυνάμεως
3689 5668 3902 5735 αὑτοῦ,
3931 5668 4026 5719 καὶ

752 5789 769 5822 ι
792 5772 955 5837 ﬁdeli;
977 5773 1231 5827 ἐδύνατο
1257 5773 1555 5827 εἰσελθεῖν
1582 5776 1667 5839 εὶς
1702 5773 1804 5825 τεν
1830 5771 1981 5826 ναὸν
2014 5774 2149 5840 ἄχρι
2183 5766 2556 5824 τελεσθῶσιν
2583 5768 2640 5820 ai
2670 5765 2821 5818 ἑπτὰ
2853 5762 3081 5834 πληγαὶ
3112 5761 3227 5818 τῶν
3252 5761 3401 5817 ἑπτὰ
3428 5762 3719 5830 ἀγγέλων.
