4252 6436
191 437 303 501 701

191 644 466 712 ὁμοίωσιν
500 644 596 695 καὶ
624 643 654 694 ὁ
685 643 925 714 Μωῦσῆς
959 642 1129 711 πῆξαι
1158 644 1258 713 τὴν
1289 644 1495 714 σκηνὴν
1523 643 1620 714 τὴν
1643 645 1793 698 κάτω

195 737 628 806 προστάσσεται.
682 753 700 786 t
745 736 908 804 Ὅρα,
947 735 1112 804 φησι,
1157 737 1405 805 ποιήσεις
1437 737 1614 789 πάντα
1650 739 1794 790 κατᾶ

192 828 292 879 τὸν
321 828 492 880 τύπον
523 826 616 878 τὸν
641 826 924 896 δειχθέντα
953 844 1033 880 σοι
1066 830 1122 881 ἐν
1147 827 1224 896 τῷ
1243 827 1378 897 ὄρει.
1415 847 1433 880 ι
1481 827 1575 880 Ἐκ
1600 829 1792 880 τούτου

190 919 295 972 τοῦ
346 919 472 970 ναοῦ
529 917 872 988 ἀνοιχθέντος
926 919 1307 983 ἐξελεύσεσθαι
1355 920 1482 983 τοὺς
1533 919 1576 983 ζ’
1627 921 1796 987 ἀγγέ-

191 1011 326 1073 λους
359 1009 495 1079 (50).
525 1009 637 1080 Πρὸ
667 1011 775 1080 γὰρ
806 1011 902 1079 τῆς
929 1011 1023 1063 τοῦ
1048 1012 1286 1082 Χριστοῦ
1313 1011 1795 1081 συγκαταϐατικῆς

194 1105 340 1171 πρὸς
375 1104 520 1171 ἡμᾶς
552 1101 720 1155 αὑτοῦ
755 1103 1082 1172 παρουσίας,
1120 1104 1152 1172 ἠ
1189 1103 1389 1171 γνῶσις
1421 1104 1530 1156 τῶν
1571 1119 1795 1173 προκει-

196 1196 402 1264 μένων,
452 1194 778 1264 ἀσυμφανὴς
814 1195 909 1247 καὶ
941 1195 1296 1263 ἁνεπινόητος
1331 1194 1662 1265 ἀνθρώποις.
1702 1192 1794 1245 Διὸ

191 1288 292 1338 καὶ
344 1286 479 1357 πρὸς
528 1287 932 1354 ἐναργεστέραν
975 1288 1182 1338 τούτων
1222 1287 1441 1350 πίστιν,
1491 1289 1551 1339 ἐν
1590 1286 1666 1355 τῷ
1697 1285 1792 1338 τοῦ

192 1376 408 1445 Κυρίου
438 1374 601 1428 πάθει
632 1377 724 1428 καὶ
753 1377 814 1429 τὸ
845 1376 940 1428 τοῦ
978 1377 1070 1429 ἐπὶ
1101 1377 1203 1447 γῆς
1232 1378 1360 1431 ναοῦ
1391 1378 1794 1448 καταπέτασμα

189 1470 594 1540 διαρῤήγνυται
631 1469 838 1523 ἄνωθεν
868 1469 974 1532 ἓως
1009 1471 1193 1534 κάτω,
1229 1470 1395 1524 οἱονεὶ
1439 1469 1508 1522 τὰ
1552 1471 1658 1523 ἀπὸ
1689 1488 1792 1523 κα-

189 1562 435 1629 ταϐολῆς
493 1562 700 1631 κόσμου
779 1563 1100 1632 κρυφιὸτητι
1183 1564 1600 1633 συνεπτυγμένα
1675 1562 1793 1614 θεῖα

193 1655 510 1722 μυστήρια,
548 1654 610 1705 τὸ
649 1654 756 1706 ἀπὸ
788 1653 941 1706 τοῦδε
984 1652 1197 1724 ἐκφανῆ
1235 1655 1403 1706 πᾶσιν
1455 1655 1547 1707 καὶ
1582 1651 1790 1706 ἐνώπια

192 1747 454 1816 κατέστη,
491 1749 587 1817 οὐχ
627 1746 707 1800 ἐνὶ
742 1746 882 1799 ἔθνει
923 1746 1402 1818 θησαυριζὸμενα,
1443 1748 1580 1802 ἀλλά
1625 1748 1791 1801 πᾶσιν

190 1839 314 1891 ἔθηε
328 1857 407 1892 σιν
439 1841 917 1910 ἐκπομπευόμενα.
949 1841 1270 1912 Μαρτυρίου
1311 1842 1367 1895 δὲ
1403 1843 1580 1914 σκηνὴ
1614 1842 1674 1893 οὐ
1711 1841 1787 1911 τῷ

1277 435 1665 497 COMMENT.
1709 435 1788 494 IN
1828 435 2354 502 APOCALYPSIN.

274 550 492 621 Σκηενὴν
534 549 788 614 ἐνταῦθα,
823 550 922 619 τὴν
969 552 1029 603 ἐν
1072 551 1322 620 οὐρανοῖς
1368 551 1517 618 λέγει
1561 548 1628 621 ἧς
1676 552 1797 604 καθ’
1826 560 1874 614 Λ

3375 449 3487 510 702

1978 551 2417 610 Tabernaculum
2457 560 2561 615 hoc
2596 561 2720 616 loco
2753 559 2889 615 dicit
2919 564 3064 631 quod
3095 571 3181 617 cst
3214 563 3267 617 in
3303 566 3479 621 caelis.

1900 645 1965 695 ad
1993 644 2150 710 cujus
2199 647 2612 705 similitudinem
2647 652 2781 706 Mosi
2818 653 3134 721 praecipitur
3169 663 3228 707 ut
3259 670 3486 724 compo-

1901 746 1994 788 nat
2028 737 2254 792 inferius
2310 743 2749 798 tabernaculum.
2795 765 2813 797 ι
2853 745 3006 809 Vide,
3046 748 3247 816 inquit,
3301 752 3483 804 omn?a

1900 826 2072 881 facias
2095 830 2250 898 juxta
2284 834 2564 901 exemplar
2601 839 2747 904 quod
2782 839 2877 890 tibi
2912 839 2962 890 in
3001 849 3186 891 monte.
3209 850 3485 893 monstra-

1897 930 2009 974 tum
2039 933 2121 975 est
2147 924 2215 977 ⁸⁸.
2253 942 2272 974 ι
2309 923 2386 976 Ex
2411 929 2513 978 hoc
2547 930 2750 995 templo
2778 943 2971 998 aperto
2998 945 3326 999 egressuros
3352 931 3486 982 dicit

1896 1017 2119 1083 angelos
2151 1028 2382 1085 septem.
2419 1019 2559 1071 Nam
2593 1031 2719 1073 ante
2755 1022 2957 1075 Christi
2993 1023 3257 1076 humilem
3285 1025 3350 1075 ad
3385 1039 3486 1076 nos

1896 1104 2214 1168 adventum,
2261 1109 2506 1176 cognitio
2534 1126 2724 1164 eorum
2757 1128 2882 1180 quze
2919 1114 3210 1166 imminent
3247 1114 3484 1165 obscura

1893 1209 2032 1260 erat,
2057 1214 2158 1252 nec
2189 1201 2321 1256 satis
2348 1202 2417 1256 ab
2440 1203 2758 1257 hominibus
2784 1205 3249 1259 considerabatur
3280 1224 3293 1259 :
3333 1206 3454 1258 ideo

1895 1301 2002 1356 que
2031 1287 2098 1341 ad
2130 1289 2491 1346 ellicaciorem
2550 1293 2747 1347 horum
2794 1294 2954 1347 tidem
2995 1295 3048 1347 in
3082 1296 3336 1363 passione
3367 1295 3483 1348 Do-

1895 1377 2030 1431 mini
2086 1380 2265 1434 velum
2316 1382 2486 1436 ctiam
2544 1385 2754 1438 terreni
2810 1385 2995 1452 templi
3052 1385 3285 1438 scissum
3337 1396 3481 1438 esta

1893 1485 2112 1523 summo
2137 1487 2311 1543 usque
2332 1475 2396 1527 ad
2427 1475 2624 1528 imum.
2651 1476 2754 1530 hoc
2775 1476 3094 1540 indicando,
3114 1477 3260 1544 quod
3294 1477 3480 1528 divina

1895 1564 2150 1632 mysteria
2180 1581 2302 1634 qua:
2321 1584 2348 1619 a
2374 1568 2563 1620 mundi
2595 1570 2992 1622 constitutione
3032 1583 3126 1637 per
3150 1569 3478 1620 occultatio-

1894 1667 2018 1705 nem
2053 1656 2383 1723 complicata
2419 1669 2603 1721 erant,
2637 1674 2701 1710 ex
2734 1674 2798 1710 eo
2823 1669 3069 1727 tempore
3105 1657 3395 1711 manifesta
3428 1666 3484 1710 ct

1891 1745 2146 1798 omnibus
2170 1745 2330 1798 obvia
2368 1756 2492 1800 sunt
2525 1748 2794 1812 exhibita,
2835 1763 2940 1800 non
2976 1747 3068 1798 uni
3105 1747 3251 1814 genti
3289 1760 3480 1799 recon-

1891 1835 2025 1898 dita,
2057 1836 2150 1889 sed
2193 1839 2450 1892 omnibus
2503 1839 2757 1910 gentibus
2816 1853 3081 1906 exriansa.
3131 1835 3481 1889 Tuber-naen-

188 1932 413 1998 τυχὸντι
448 1908 687 2002 εἴρηται,
718 1908 832 1986 ἀλλ’
859 1933 940 1986 ὅτι
972 1908 1181 1987 ἐκεῖθεν
1211 1936 1240 1987 ὁ
1273 1908 1632 2005 χρηματίζῶν
1658 1908 1788 1998 Θεὸς

1891 1929 2002 1982 lum
2041 1943 2169 1983 vero
2229 1931 2562 1995 testimonii,
2599 1948 2705 1984 non
2741 1931 3241 2002 quomodorunquc
3271 1928 3478 1980 dietum

187 2027 308 2086 τοῖς
347 2025 491 2078 κατὰ
530 2026 692 2094 νόμον
720 2026 925 2094 ἱερεῦσι
964 2025 1300 2080 διεστέλλετο
1333 2028 1400 2080 τὰ
1428 2027 1657 2096 ποιητέα
1691 2028 1787 2082 καὶ

193 2117 294 2185 μὴ.
347 2115 486 2184 μετὰ
536 2115 800 2184 ἀκριϐοῦς
835 2117 928 2169 καὶ
971 2116 1336 2169 ἀνυποπόλου
1383 2116 1781 2188 παραγγελίας,

189 2211 293 2260 οὐκ
325 2209 432 2261 ἀπὸ
462 2207 555 2261 τοῦ
582 2210 806 2278 νομικοῦ
837 2209 1164 2280 μαρτυρίου,
1192 2209 1328 2263 ἀλλά
1353 2209 1447 2262 τοῦ
1472 2208 1784 2281 ἀρχετύπου

191 2305 287 2354 καὶ
320 2301 686 2372 ἀνθρωπείου.

265 2483 333 2537 Οἳ
369 2482 535 2551 ἦσαν
558 2484 940 2554 ἐνδεδυμένοι
969 2486 1146 2538 λίνον
1185 2485 1468 2554 καθαρόν.
1506 2485 1652 2555 Λίνῳ
1683 2502 1787 2554 φη-

192 2579 276 2630 σῖν
333 2578 640 2631 ἐνδεδύσθαι
690 2580 814 2640 τοὺς
864 2579 1053 2645 ἁγίους
1102 2578 1190 2631 διὰ
1239 2577 1301 2630 τὸ
1354 2578 1519 2648 μηδὲν
1569 2578 1784 2641 ζωῶδες

192 2671 499 2736 ἐπάγεσθαι
529 2670 923 2738 προσπαθείας,
955 2671 989 2722 ἃ
1021 2671 1081 2721 τὸ
1105 2670 1358 2741 λαμπρὸν
1387 2671 1485 2741 τῆς
1507 2669 1655 2739 ζωῆς
1688 2670 1786 2721 πέ-

193 2781 366 2831 φυκεν
416 2762 722 2831 ἀμαυροῦν.
777 2764 838 2814 Οἱ
888 2762 944 2816 δὲ
998 2763 1152 2815 αὐτοὶ
1209 2764 1302 2815 καὶ
1351 2761 1784 2834 περιεζωσμένοι

192 2856 321 2925 περὶ
366 2857 431 2908 τὰ
480 2855 650 2924 στήθη
703 2854 878 2918 ζώνας
917 2857 1130 2924 χρυσᾶς
1165 2855 1227 2907 τὸ
1261 2854 1657 2924 ἐπιθυμητικὸν
1690 2854 1784 2907 τοῦ

193 2950 448 3017 σώματος
492 2948 680 3016 μέρος,
716 2948 842 3018 περὶ
874 2947 900 3000 ὃ
937 2949 969 3016 ἡ
1008 2946 1102 2999 τοῦ
1144 2945 1545 3016 ἐπιθυμητικοῦ
1575 2949 1782 3017 κατάρ-

191 3061 361 3112 χευσα
400 3041 592 3110 καρδία
625 3041 996 3110 κατῲκισται,
1029 3041 1130 3094 οὐκ
1157 3042 1346 3094 ἄνετον
1381 3041 1538 3094 τοῦτο
1580 3039 1783 3111 δηλαδὴ

192 3137 410 3204 ἔχοντες
441 3133 499 3184 τὸ
533 3135 696 3203 μέρος
727 3137 820 3183 καὶ
855 3134 1042 3202 μηδενὶ
1080 3132 1451 3204 σωφρωσύνης
1484 3149 1779 3203 περισφιγ-

1890 2031 1973 2074 cst
2001 2031 2094 2074 aut
2123 2037 2279 2086 casu,
2314 2022 2409 2075 sed
2463 2023 2591 2092 quia
2640 2024 2766 2077 itide
2819 2025 2980 2075 dabat
3034 2023 3177 2075 Deus
3212 2035 3480 2088 responsa

1890 2112 2157 2181 legalibus
2192 2113 2357 2183 779
2405 2115 2811 2180 sacerdotibus,
2849 2113 3177 2182 explicando
3227 2128 3350 2181 quae
3394 2109 3479 2164 fa-

1890 2203 2082 2257 cienda
2115 2216 2302 2259 essent
2341 2216 2395 2259 et
2429 2222 2552 2276 qua:
2594 2222 2701 2260 non
2740 2206 3012 2268 iacienda,
3051 2220 3176 2258 cum
3203 2213 3396 2256 exacta
3424 2212 3479 2256 et

1888 2298 2194 2352 certissima
2255 2303 2657 2369 praeceptione.
2713 2317 2882 2356 nona
2920 2300 3075 2371 legali
3137 2296 3475 2364 testimonio,

1889 2391 1982 2444 sed
2013 2392 2308 2462 archetypo
2337 2404 2390 2446 et
2420 2394 2684 2448 humano.

1895 2526 1915 2545 _.
1961 2479 2066 2545 Qui
2117 2493 2268 2535 erant
2314 2484 2485 2537 restiti
2529 2485 2637 2537 Iino
2687 2485 2902 2538 mundo.
2956 2485 3094 2539 Lino
3131 2486 3206 2538 ait
3253 2496 3478 2539 sanctos

1889 2572 2059 2628 fuisse
2099 2577 2352 2640 vestitos,
2385 2594 2450 2631 eo
2482 2579 2628 2648 quod
2663 2578 2798 2631 nihil
2831 2581 3068 2632 animale
3103 2579 3343 2633 alliceret
3377 2594 3476 2633 eos

1888 2669 1954 2720 ad
1985 2669 2300 2722 ell'cctiones
2331 2686 2453 2737 quae
2487 2673 2609 2724 vita:
2631 2672 2927 2725 candorem
2951 2681 3090 2724 natae
3120 2681 3250 2726 sunt
3275 2671 3478 2724 obseu-

1898 2775 2044 2815 rare.
2111 2761 2279 2814 lidem
2332 2779 2553 2832 quoque
2586 2764 2742 2817 zonis
2799 2763 2981 2818 aureis
3035 2763 3311 2832 praecincti
3349 2773 3481 2816 sunt.

1888 2853 2034 2907 circa
2095 2865 2341 2922 pectora,
2414 2871 2612 2925 nempe
2675 2856 3167 2925 concupiscibilem
3227 2856 3478 2924 corporis

1887 2952 2119 3012 partem,
2175 2945 2323 2998 circa
2363 2960 2529 3014 quam
2585 2945 2770 3000 sedem
2823 2947 2986 3000 habet
3046 2961 3142 3000 cor
3173 2946 3318 3013 quod
3377 2944 3479 2997 ini-

1886 3036 2022 3088 tium
2063 3035 2492 3105 concupiscendi
2529 3037 2726 3092 retinet
2763 3056 2776 3092 :
2818 3039 2958 3092 hanc
2987 3037 3238 3092 videlicet
3265 3046 3473 3105 partem

1886 3142 1994 3182 non
2039 3129 2302 3184 habentes
2357 3131 2646 3184 remissam
2678 3141 2732 3185 et
2763 3132 2914 3185 nullo
2951 3131 3328 3199 temperantiae
3360 3131 3477 3183 cin-

192 3230 423 3297 γόμενον
483 3227 761 3296 ζωστηρι,
814 3226 950 3278 ἀλλὰ
1014 3225 1196 3295 σεμνῷ
1261 3226 1404 3296 μάλα
1460 3227 1552 3278 καὶ
1616 3225 1782 3294 τιμίῳ

1889 3223 2016 3292 gulo
2042 3224 2358 3288 coercitam,
2385 3223 2480 3277 sed
2507 3223 2704 3292 pudica
2728 3223 2967 3282 maxime
2983 3233 3037 3277 et
3059 3223 3299 3292 pretiOsa
3325 3233 3477 3276 veste

190 3319 652 3388 ἀναστελλόμενον
687 3319 1007 3390 σφιγκτῆρι.
1058 3319 1281 3372 Τοιοῦτο
1315 3320 1424 3390 γὰρ
1469 3319 1561 3371 καὶ
1592 3321 1618 3371 ὁ
1651 3337 1780 3388 χρυ-

194 3413 302 3474 οὺς,
340 3413 446 3463 τῶν
488 3411 631 3464 κατὰ
664 3411 768 3481 γῆν
802 3411 944 3463 ὑλῶν
982 3412 1042 3465 τὸ
1073 3412 1544 3482 περισπούδαστόν
1583 3429 1643 3465 τε
1695 3412 1784 3464 καὶ

192 3506 628 3576 τιμαλφέστερον
653 3503 986 3575 ἀνθρώποις.

271 3691 458 3744 Ἑπτὰ
485 3690 710 3759 φιάλας
731 3690 966 3758 χρυσᾶς
990 3691 1291 3760 γεμούσας
1317 3691 1422 3744 τοῦ
1453 3690 1643 3759 θυμοῦ
1678 3691 1783 3744 τοῦ

196 3781 363 3833 Θεοῦ.
403 3779 596 3842 Καλῶς
627 3779 815 3850 εἴρηκε
858 3782 1066 3849 χρυσᾶς
1132 3779 1326 3847 φιάλας
1390 3780 1486 3848 τῆς
1519 3779 1613 3831 τοῦ
1645 3779 1782 3832 Θεοῦ

193 3874 361 3941 ὀργῆς
396 3872 803 3940 ἐμπεπλῆσθαι.
845 3872 1017 3940 Τιμία
1062 3873 1170 3941 γὰρ
1206 3873 1236 3941 ἡ
1285 3872 1422 3941 ὀργὴ
1469 3871 1528 3924 τὸ
1575 3873 1782 3939 ἀγαθὸν

194 3969 285 4019 καὶ
315 3966 592 4034 συμφέρον
617 3967 673 4017 ἐν
701 3965 838 4034 αὑτῇ
871 3966 1110 4035 φέρουσα
1140 3963 1361 4032 μᾶλλον,
1399 3964 1432 4034 ἢ
1470 3965 1518 4015 τὸ
1544 3965 1777 4024 δίκαιον.

193 4060 296 4113 κᾶν
329 4057 583 4111 ἀνιῶνται
624 4058 672 4108 oi
707 4055 1082 4122 κολαζόμενοι.
1125 4055 1184 4107 Ὀ
1217 4056 1272 4107 δὲ
1302 4055 1397 4107 τοῦ
1440 4054 1576 4108 Θεοῦ
1611 4055 1782 4125 θυμὸς

194 4154 294 4206 οὐκ
320 4151 593 4221 ἐμπαθὴς,
620 4150 811 4217 ὥσπερ
838 4149 1123 4216 πολλαχῶς
1151 4150 1284 4217 ἡμῖν
1309 4151 1546 4216 εἴρηται,
1575 4149 1780 4211 δίκαιος

195 4246 273 4309 δέ,
307 4246 388 4296 ὅτι
418 4243 512 4295 καὶ
541 4242 763 4310 ἀπαθὴς
785 4242 814 4291 ὁ
849 4240 942 4307 ἀφ’
978 4235 1059 4293 οὗ.
1094 4239 1258 4291 Ὅθεν
1291 4241 1383 4291 καὶ
1421 4241 1530 4303 ζῶν
1564 4241 1780 4311 εἴρηται

197 4337 332 4408 πρὸς
356 4334 762 4403 antemnas»;
787 4332 896 4384 τῶν
925 4331 1076 4401 παρᾶ
1100 4333 1212 4392 τοῖς
1241 4331 1418 4384 ἔθνεσι
1446 4333 1658 4401 νεκρῶν
1689 4334 1781 4386 καὶ

196 4427 458 4499 ἐμπαθῶν
490 4426 647 4480 θεῶν.

1885 3315 2203 3384 sphinctere
2276 3315 2614 3371 rel'renatam
2661 3334 2676 3372 :
2717 3316 3034 3386 hujusmodi
3090 3318 3237 3372 enim
3284 3325 3370 3371 est
3421 3329 3478 3371 et

1890 3423 2128 3471 aurum,
2182 3409 2325 3463 inter
2375 3410 2636 3464 materias
2691 3419 2944 3465 terrenas
2996 3425 3241 3465 maximo
3293 3411 3477 3465 studio

1886 3501 2220 3567 all‘eetatum,
2261 3510 2318 3556 et
2361 3502 2534 3574 magis
2573 3503 2630 3557 in
2661 3503 2840 3574 pretio
2890 3502 3138 3557 habitum
3193 3502 3337 3573 apud
3379 3502 3479 3556 ho-

1887 3595 2085 3646 mines.

1957 3685 2168 3754 Septem
2229 3686 2439 3755 phialas
2502 3704 2693 3742 aureas
2753 3687 2934 3757 plenas
2998 3687 3293 3742 iracundia:
3353 3687 3473 3742 Dei.

1884 3779 2049 3834 Recte
2094 3781 2224 3835 dicit
2274 3781 2488 3850 phialas
2533 3797 2732 3837 aureas
2769 3783 3025 3852 impletas
3056 3798 3181 3838 esse
3215 3783 3295 3836 ira
3330 3781 3422 3836 Dei
3456 3800 3471 3836 :

1886 3887 2009 3924 nam
2065 3873 2305 3941 pretiosa
2352 3883 2437 3928 est
2485 3875 2564 3928 ira
2599 3890 2723 3944 quae
2775 3876 2978 3929 bonum
3013 3891 3078 3930 ac
3119 3875 3251 3929 utile
3300 3874 3474 3943 magis
3557 3874 3560 3876 ⁷

1884 3965 2040 4018 all'ert
2065 3981 2230 4034 quam
2275 3966 2572 4036 justitiam,
2605 3969 2862 4037 quamvis
2896 3983 3135 4022 maerore
3167 3966 3473 4020 aﬂieiantur

1884 4057 1938 4110 lii
1979 4058 2072 4126 qui
2105 4061 2435 4126 puniuntur.
2465 4059 2559 4113 Dei
2589 4070 2771 4113 autem
2825 4060 2902 4112 ira
2938 4075 3046 4112 non
3081 4075 3145 4112 ex
3182 4057 3474 4112 alii'ctione

1883 4158 1990 4213 est,
2041 4151 2507 4217 quemadmodum
2571 4152 2891 4220 frequenter
2954 4153 3218 4206 diximus.
3280 4150 3472 4204 Justus

1884 4253 2065 4296 autem
2101 4253 2206 4307 est,
2235 4243 2364 4313 quia
2415 4245 2581 4299 etiam
2617 4247 2817 4299 atiectu
2863 4260 3061 4300 carens
3098 4258 3180 4299 ομι
3213 4243 3259 4299 is
3294 4259 3322 4297 a
3362 4259 3473 4313 quo

1884 4336 2149 4404 procedit.
2204 4335 2343 4390 llinc
2393 4339 2540 4391 enim
2579 4339 2766 4392 vivens
2798 4352 3016 4408 quoque
3047 4338 3229 4404 dictus
3259 4345 3364 4400 est,
3403 4337 3469 4390 ad

1883 4429 2291 4482 distinctionem
2329 4429 2559 4484 deorum
2594 4441 2943 4485 mortuorum
2979 4439 3033 4486 et
3061 4430 3350 4485 aﬂectibus
3373 4431 3470 4485 de-

1883 4522 2121 4575 ditorum
2155 4523 2246 4592 qni
2277 4524 2417 4592 apud
2467 4532 2660 4592 gentes
2687 4537 2868 4578 erant.

268 4628 374 4684 Καὶ
405 4629 691 4698 ἐγεμίσθη
729 4631 761 4682 ὀ
792 4630 939 4692 ναὸς
972 4629 1038 4681 ἐκ
1067 4629 1170 4682 τοῦ
1202 4629 1455 4682 καπνοῦ.
1495 4631 1554 4682 Ὀ
1578 4629 1781 4691 καπνὸς

1963 4635 2030 4688 Et
2082 4637 2354 4702 impletum
2402 4653 2476 4689 cst
2507 4636 2756 4704 templum
2813 4639 2979 4703 fama.
3017 4634 3230 4688 Fumus
3275 4633 3474 4688 divinae

195 4723 340 4782 θείας
381 4722 545 4791 ὀργῆς
583 4719 801 4790 δεῖγμα,
839 4720 974 4772 καθὸ
1015 4722 1108 4772 καὶ
1150 4721 1228 4783 τὸ,
1270 4738 1287 4770 ι
1341 4719 1531 4788 Ἀνέϐη
1573 4722 1780 4784 καπνὸς

195 4817 250 4867 ἐν
290 4815 425 4881 ὀργῇ
457 4812 642 4876 αὑτοῦ,
692 4831 711 4864 ι
765 4814 1003 4881 εἴρηται.
1062 4811 1198 4864 Οὔτε
1243 4814 1350 4882 γὰρ
1395 4814 1600 4876 καπνὸς
1652 4815 1780 4866 ἄνευ

199 4906 369 4970 πυρὸς
412 4903 741 4970 ὑφίσταται,
772 4901 896 4953 οὔτε
949 4901 1060 4969 πῦρ
1103 4901 1312 4955 καπνοῦ
1348 4902 1486 4970 δίχα..
1523 4902 1595 4954 Τὸ
1628 4903 1682 4954 δὲ
1717 4907 1780 4956 ἐκ

197 4999 290 5064 τῆς
316 4995 470 5062 δόξης
497 4994 589 5048 τοῦ
621 4993 757 5046 Θεοῦ
792 4995 883 5046 καὶ
909 4997 1007 5063 τῆς
1034 4994 1314 5062 δυνάμεως
1347 4994 1510 5047 αὑτοῦ
1534 4996 1779 5062 γίνεσθαι

194 5089 283 5141 τὸν
309 5088 534 5147 καπνὸν,
572 5087 906 5157 περίφρασιν
941 5086 1051 5153 (51)
1083 5085 1193 5154 ἔχει
1223 5089 1365 5140 τινα.
1409 5089 1482 5139 Οὐ
1515 5087 1623 5156 γὰρ
1659 5088 1776 5140 διὰ-

198 5182 353 5251 στολὴ
385 5180 519 5232 Θεοῦ
562 5182 659 5232 καὶ
697 5181 796 5248 τῆς
843 5181 1127 5249 δυνάμεως
1176 5181 1359 5233 αὑτοῦ.
1415 5181 1785 5250 Αὑτοδύναμις

195 5276 302 5343 γὰρ
317 5277 411 5327 καὶ
432 5272 690 5336 αὑτοδόξα
715 5275 907 5337 ὁΘεὸς.
939 5275 1012 5326 Τὸ
1043 5275 1118 5338 δὲ,
1145 5275 1355 5339 Οὐδεὶς
1380 5276 1636 5329 ἐδύνατο
1659 5279 1784 5329 εΙσ-

196 5367 397 5418 ελθεῖν
448 5369 534 5430 εἷς
563 5367 670 5418 τὸν
709 5367 880 5430 ναὸν,
913 5367 944 5438 ἦ
980 5367 1121 5419 κατὰ
1150 5369 1208 5418 τὸ
1239 5370 1626 5438 γεγραμμένον
1655 5371 1782 5422 αὐτὸ

199 5459 416 5526 νοητέον
439 5500 453 5520 ,
490 5460 554 5510 ἶν’
685 5459 1103 5528 Ἐκτελούμενος
1138 5462 1309 5523 οὐδεὶς
1338 5464 1393 5513 ἐν
1437 5465 1783 5534 ὑποστήματι

199 5550 400 5619 Κυρίου
426 5568 438 5579 ο
474 5553 520 5603 εί
549 5553 656 5620 γὰρ
697 5549 885 5616 τοῦτο,
922 5551 1084 5623 σχολῇ
1121 5552 1170 5620 γ’
1209 5554 1272 5607 ἂν
1309 5554 1639 5625 ὑπενεγκοίη
1684 5556 1783 5627 τὴν

269 5730 317 5763 ⁸³
356 5730 530 5785 Exod.
563 5748 690 5796 xxv,
733 5733 820 5786 49.
901 5733 946 5764 ⁸³
977 5733 1122 5788 Psal.
1164 5752 1295 5799 xvii,
1329 5735 1380 5789 9.

273 5896 387 5965 (bit)
430 5893 566 5955 Τοὺς
597 5893 861 5961 ἀγγέλους
896 5897 1009 5957 cil.,
1053 5898 1260 5952 oniissa
1315 5900 1579 5952 nnmerali
1629 5908 1777 5953 nota.

1888 4726 1982 4781 irae
2011 4729 2226 4796 signum
2251 4739 2355 4792 est,
2385 4729 2539 4796 juxta
2568 4729 2697 4781 illud
2733 4739 2896 4781 etiam
2925 4729 3070 4797 quod
3098 4727 3306 4781 dictum
3339 4736 3464 4779 est:

1891 4839 1909 4870 ι
1942 4821 2201 4873 Ascendit
2223 4819 2409 4874 fumus
2435 4823 2486 4874 in
2515 4823 2591 4874 ira
2619 4822 2738 4890 ejus
2762 4822 2859 4873 ⁸³.»
2898 4819 3082 4890 Neque
3111 4820 3257 4874 enim
3289 4819 3473 4872 fumus

1885 4914 2093 4982 absque
2127 4914 2249 4982 igne
2283 4916 2627 4982 producitur,
2666 4931 2840 4982 neque
2873 4915 3012 4983 ignis
3054 4916 3261 4983 absque
3297 4913 3469 4965 fumo.

1883 5007 2036 5073 Quod
2078 5016 2256 5059 autem
2297 5007 2504 5060 fumum
2531 5007 2659 5061 dicit
2689 5005 2799 5059 ﬁeri
2832 5023 2861 5059 a
2915 5007 3084 5074 gloria
3110 5008 3201 5058 Dei
3238 5017 3288 5059 et
3318 5021 3344 5057 a
3376 5021 3470 5072 νο-

1892 5099 2058 5151 tentia
2105 5097 2300 5166 ipsius,
2351 5115 2458 5151 non
2493 5099 2558 5151 ad
2591 5099 2830 5151 litteram
2863 5098 3307 5167 intelligendum.
3351 5095 3470 5149 Non

1885 5192 2032 5244 enim
2061 5199 2142 5243 est
2177 5189 2483 5244 diﬂ'erentia
2510 5191 2651 5243 inter
2675 5191 2841 5243 Deum
2874 5200 2927 5243 ct
2955 5206 3105 5243 suam
3143 5191 3468 5257 potentiam;

1887 5282 2002 5350 ipse
2040 5297 2274 5352 namque
2304 5281 2446 5336 Deus
2479 5298 2578 5336 sua
2611 5295 2694 5336 est
2736 5283 2975 5350 potentia
3016 5298 3227 5349 suaque
3271 5282 3465 5350 gloria.

1885 5375 2056 5428 Porro
2109 5375 2254 5444 quod
2290 5375 2489 5428 dicitur
2526 5398 2536 5431 :
2577 5376 2774 5429 Nullus
2831 5384 3038 5444 poterat
3089 5374 3295 5443 ingredi
3333 5385 3466 5424 tem-

1882 5469 2048 5533 plum,
2102 5478 2195 5522 aut
2245 5469 2471 5537 intelligi
2521 5471 2678 5523 debet
2709 5471 2865 5538 juxta
2903 5469 2953 5522 id
2991 5467 3136 5536 quod
3188 5467 3463 5534 scriptum

1882 5571 1983 5626 est,
2045 5571 2104 5615 ut
2135 5561 2204 5615 sit
2225 5576 2444 5629 sensus,
2478 5564 2622 5632 quod
2650 5562 2831 5617 nullus
2863 5562 2931 5618 sit
2962 5559 3239 5632 perfectus
3273 5571 3462 5614 coram

1965 5898 2078 5969 (51)
2109 5879 2512 5969 Περιφρὸνησιν
2543 5895 2633 5949 ed.
