4252 6436
221 403 336 467 705

807 512 1061 567 ΚΕΦΑΛ.
1100 511 1242 565 MII'.

224 626 432 692 Ὅπως
459 622 558 677 διὰ
592 624 695 693 τῆς
733 627 938 694 τρίτης
992 628 1056 703 οζ
1095 626 1348 695 ποταμοὶ
1378 629 1467 689 εις
1526 621 1668 696 οἶμα
1706 644 1813 696 με·

810 713 1222 763 τακιρνωνται.

296 810 406 864 Καὶ
448 811 478 862 ό
535 811 731 877 τρίτος
774 808 980 877 ἐξέχεε
1035 811 1266 878 φιάλην
1295 808 1479 863 αὑτοῦ
1517 812 1604 874 εὶς
1669 809 1814 875 τοὺς

222 903 530 970 ποταμοὺς
559 903 655 955 καὶ
689 905 776 968 είς
815 902 920 968 τὰς
964 907 1158 972 πηγὰς
1226 902 1346 955 τῶν
1410 903 1667 969 ὑδάτων,
1713 907 1813 956 καὶ

224 995 462 1061 ἐγένετο
527 989 690 1061 αἷμα.
759 994 867 1045 Kal
899 993 1139 1061 ἥκουσα
1216 995 1322 1046 τοῦ
1368 994 1626 1061 ἀγγέλου
1693 993 1813 1046 τῶν

223 1084 464 1138 ὑδάτων
537 1086 848 1152 λέγοντος-ο
927 1088 1160 1150 Δίκαιος
1215 1083 1272 1138 εἷ
1311 1090 1344 1138 ὀ
1397 1085 1498 1149 ὢν,
1534 1088 1631 1139 καὶ
1671 1089 1703 1139 ό
1737 1083 1813 1155 ἦν

223 1181 256 1231 ὀ
314 1176 503 1242 ὅσιος,
550 1178 637 1229 ὅτι
708 1179 894 1230 ταῦτα
955 1177 1216 1245 ἔκρινας,
1269 1179 1359 1231 ὅτι
1419 1175 1562 1247 αἷμα
1627 1179 1812 1247 ἁγίων

223 1271 323 1323 καὶ
364 1269 686 1338 προφητῶν
711 1271 983 1336 ἐξέχεαν,
1022 1273 1116 1324 καὶ
1153 1267 1295 1339 αἷμα
1331 1272 1538 1336 αὐτοῖς
1583 1272 1812 1337 ἔδωκας

224 1362 384 1413 πιεῖν
407 1379 418 1389 °
454 1362 608 1426 ἄξιοι
643 1363 751 1432 γάρ
777 1366 950 1415 εἰσιν.
995 1365 1101 1416 Καὶ
1128 1363 1366 1430 ἤκουσα
1389 1365 1585 1417 ἄλλου
1610 1365 1677 1417 ἐκ
1706 1365 1812 1417 τοῦ

225 1457 984 1524 θυσιαστηρίουλέγοντοςο
1006 1457 1139 1518 Ναὶ,
1161 1460 1358 1524 Κύριε,
1385 1461 1417 1510 ό
1443 1459 1586 1522 Θεὸς
1606 1461 1636 1509 ὀ
1658 1475 1811 1509 παν-

224 1547 544 1613 τοκρὰτίοιρ,
586 1549 863 1612 ἀληθιναὶ
903 1549 1001 1600 καὶ
1055 1549 1277 1602 δίκαιαι
1313 1552 1372 1601 al
1404 1550 1633 1616 κρίσεις
1669 1566 1806 1601 σου.

298 1639 610 1692 Κάντεὺθεν
653 1641 927 1694 δείκνυται
970 1645 1080 1704 τοῖς
1131 1643 1413 1710 στοιχείοις
1458 1643 1810 1710 ἐπιτετάιθαι

224 1730 510 1798 ἀγγέλους,
574 1725 649 1783 ὧν
685 1735 780 1784 ἕνα
805 1734 894 1784 τὸν
929 1735 1019 1785 ἐπὶ
1051 1735 1159 1786 τῶν
1193 1735 1399 1787 ὑδάτων
1444 1736 1634 1803 ὑμνεῖν
1677 1753 1808 1804 φησι

223 1824 319 1874 τὸν
345 1823 500 1886 Θεὸν,
530 1826 624 1876 ἐπὶ
662 1828 725 1892 τῇ
764 1826 886 1877 κατ’
933 1827 1090 1891 ἀξίαν
1117 1827 1381 1896 καταδίκῃ
1415 1827 1523 1878 τῶν
1564 1826 1806 1895 παραϐε-

227 1911 496 1979 ϐηκότων,
531 1915 581 1966 οἳ
623 1915 716 1976 τὰς
745 1917 932 1984 χεῖρας
979 1919 1090 1977 τοῖς
1121 1917 1349 1984 αἵμασιν
1388 1918 1657 1985 ἐμόλυναν
1704 1919 1812 1971 τῶν

225 2003 422 2070 ἁγίων.
457 2005 564 2056 Καὶ
601 2007 733 2077 πρὶν
790 2007 909 2076 μὲν,
947 2007 1180 2076 μάλιστα
1216 2009 1270 2060 δὲ
1319 2009 1380 2060 τὸ
1410 2010 1707 2079 τηνικαῦτα
1754 2013 1811 2062 ὲν

224 2097 304 2166 τῷ
330 2097 424 2149 τοῦ
463 2098 831 2168 Ἀντιχρίστου
867 2099 1064 2169 καιρῷ,
1122 2099 1238 2152 ἀνθ’
1267 2095 1342 2152 ὢν
1380 2104 1444 2171 τῇ
1483 2102 1587 2154 τῶν
1644 2103 1812 2172 αἱμά-

225 2206 336 2242 των
384 2191 624 2262 διαφόρῳ
681 2192 812 2264 δίψῃ
840 2193 966 2255 τοὺς
1022 2193 1340 2262 τολμῶντας
1401 2195 1648 2249 ἐκάλεσε.
1687 2199 1812 2248 Ata-

227 2281 543 2354 φθαρέντων
572 2285 682 2355 γὰρ
728 2287 991 2354 ποταμῶν
1029 2288 1121 2338 καὶ
1158 2288 1524 2357 συστημάτων
1549 2289 1657 2342 τῶν
1704 2307 1812 2360 πη-

226 2378 423 2443 γαίων,
457 2378 616 2431 πόθεν
641 2379 705 2432 ἂν
732 2379 954 2433 ἄλλοθεν
980 2379 1077 2450 τὴν
1108 2381 1268 2449 δίψαν
1297 2383 1628 2448 anisum/to;

300 2564 410 2618 Kal
429 2563 666 2632 ἤκουσα
688 2565 792 2618 τοῦ
815 2565 1075 2635 ἀγγέλου
1106 2565 1223 2619 τῶν
1258 2566 1510 2620 ὑδάτων.
1545 2568 1617 2620 Οὑ
1653 2569 1812 2638 μόνον

227 2657 414 2728 ἔφοροι
444 2657 550 2709 τῶν
603 2657 793 2724 ἐθνῶν,
826 2659 968 2711 κατὰ
1015 2660 1108 2711 τὸν
1138 2661 1435 2730 νομοθέτην
1466 2663 1726 2731 Μωῦσῆν,
1757 2663 1813 2714 αἱ

228 2750 372 2802 θείαι
401 2749 679 2819 δυνάμεις,
719 2749 854 2804 ἀλλὰ
907 2752 1000 2803 καὶ
1035 2750 1142 2803 τῶν
1170 2753 1453 2820 κοσμικῶν
1486 2755 1801 2821 στοιχείων,

227 2839 420 2908 ῶσπερ
449 2842 580 2910 ἡμῖν
613 2841 644 2909 ὴ
692 2841 877 2892 θεόθεν
902 2841 1040 2911 αὕτη
1091 2841 1435 2912 ἀποκάλυψις
1487 2843 1809 2913 εἰσηγεῖται.

234 2933 302 2983 Ἀ
326 2930 381 2984 δὲ
414 2932 596 2999 ἔλεγεν
624 2933 651 2982 ὁ
700 2934 792 2984 ἐπὶ
828 2933 937 2985 τῶν
991 2932 1200 2985 ὑδάτων
1234 2934 1486 3000 ἄγγελος,
1529 2935 1734 2986 τούτων
1755 2937 1814 2987 τὸ

231 3024 353 3093 μὲν,
386 3023 644 3086 δίκαιος,
665 3024 723 3075 τὸ
751 3025 887 3093 πρὸς
917 3025 1073 3089 ἀξίαν
1119 3024 1412 3094 βραϐεύειν
1445 3025 1615 3096 δηλοῖ,
1649 3027 1708 3079 τὸ
1757 3027 1814 3079 δὲ

228 3115 334 3181 ὢν,
388 3116 446 3168 τὸ
496 3116 872 3185 ἀτελεύτητον,
907 3118 965 3168 τὸ
1016 3119 1070 3171 δὲ
1124 3115 1221 3187 ἦν,
1257 3119 1316 3169 τὸ
1365 3119 1622 3188 ἄναρχον,
1655 3119 1714 3170 τὸ
1758 3119 1813 3171 δὲ

229 3205 419 3270 ὅσιος,
439 3205 530 3258 τὸν
549 3206 964 3277 ὑπεξῃρημένον
991 3208 1169 3278 πάσης
1205 3209 1568 3277 προσπαθείας
1588 3209 1810 3279 θνητῆς.
1845 3236 1887 3295 C

229 3296 320 3346 Διὸ
375 3299 468 3347 καὶ
521 3295 692 3348 ταῦτα
747 3297 984 3365 ἔκρινεν,
1045 3298 1131 3350 ἵνα
1178 3300 1225 3350 οἱ
1254 3300 1550 3368 ἐκχέαντες
1602 3301 1812 3369 αἵματα

230 3387 424 3453 ἁγίων,
459 3380 595 3456 αἷμα
628 3385 844 3438 πίωσιν·
872 3387 1042 3454 ἁγίων
1065 3388 1120 3438 δὲ
1148 3389 1256 3439 τῶν
1286 3390 1389 3440 ὑπὸ
1444 3387 1550 3440 τῶν
1580 3390 1819 3441 ὑπασπ-

233 3479 376 3530 στῶν
412 3478 503 3530 τοῦ
548 3478 913 3548 Ἀντιχρίστου
940 3481 1378 3550 κεκακωμένων·
1407 3481 1701 3551 προφητῶν
1738 3483 1816 3548 δὲ,

243 3571 418 3642 Ἑνὼχ
445 3574 537 3624 καὶ
575 3572 754 3631 Ἠλία.
780 3572 906 3624 ἐπεὶ
936 3573 1028 3624 καὶ
1057 3573 1255 3636 αὑτοὺς
1287 3573 1672 3625 ἁποκτενοῦσι.
1696 3573 1818 3636 Πῶς

231 3663 287 3716 δὲ
339 3661 478 3733 αἷμα
528 3666 756 3730 πίωσιν;
793 3664 883 3728 Ἐξ
942 3666 1242 3733 ἀναγκαίου
1268 3665 1376 3735 γάρ
1429 3666 1479 3718 οἱ
1535 3666 1594 3716 ὲν
1659 3665 1818 3717 πολέ-

237 3773 356 3827 μοις
379 3755 532 3826 παρὰ
553 3756 830 3826 ποταμοὺς
856 3756 1441 3826 ἐστρατοπεδευκότες,
1474 3755 1818 3826 μεμολυσμέ-

235 3867 322 3902 νον
355 3849 616 3913 πολλάκις
649 3850 844 3919 αἵματι
869 3848 1015 3918 ὕδωρ
1045 3848 1291 3902 πίνουσιν
1317 3852 1382 3902 ἐκ
1401 3849 1498 3919 τῆς
1517 3849 1626 3903 τῶν
1688 3848 1818 3918 θνη-

237 3943 481 3996 σκόντων
505 3942 866 4015 ἀναιρέσεως.

306 4213 415 4268 Καὶ
439 4212 679 4280 ἥκουσα
690 4210 888 4265 ἄλλου
905 4211 974 4263 ἐκ
991 4208 1097 4262 τοῦ
1112 4211 1566 4277 θυσιαστηρίου.
1585 4210 1813 4280 Σὺμφω-

236 4323 325 4360 νον
356 4305 435 4375 τῷ
489 4305 706 4374 ἀγγέλῳ
747 4303 825 4374 τῷ
868 4302 1101 4356 ἐπὶτῶν
1145 4302 1374 4364 ὑδάτων,
1412 4306 1439 4354 ὁ
1471 4303 1564 4354 ἐπὶ
1599 4302 1688 4354 τοῦ
1727 4303 1820 4355 Ou-

238 4396 584 4466 σιαστηρίου.
614 4393 817 4446 Τοῦτον
844 4393 900 4444 δὲ
946 4393 1064 4444 ἐστι
1102 4392 1200 4463 μὲν
1227 4394 1366 4443 νοεῖ)
1407 4393 1501 4446 καὶ
1536 4394 1696 4444 αὑτὸν
1726 4393 1817 4444 τὸν

236 4487 496 4556 Χριστὸν,
529 4486 602 4548 ὡς
650 4487 744 4538 καὶ
783 4486 840 4537 ὲν
871 4485 1020 4555 αὑτῷ
1064 4487 1157 4538 καὶ
1203 4485 1268 4538 δι’
1297 4484 1462 4537 αὑτοῦ
1516 4502 1822 4555 προσφερο-

1303 398 1691 461 COMMENT.
1733 399 1815 458 IN
1857 400 2384 462 APOCALYPSIN.

1834 517 1884 575 Α

3392 404 3500 468 ’106

2455 513 2684 570 CAPUT
2713 513 2947 570 XLVIII.

1920 623 2072 686 Quod
2102 639 2194 693 per
2235 623 2448 676 tertiam
2478 625 2694 706 plagam
2741 634 3014 678 mutentur
3037 625 3262 693 ﬂumina
3289 627 3343 678 in
3372 644 3501 681 sau-

2596 713 2830 764 guinem.

1987 806 2128 872 XVI,
2156 808 2277 861 4-7.
2313 806 2380 860 Et
2416 810 2602 862 tertius
2641 810 2828 876 effudit
2853 809 3094 878 phialum
3125 826 3277 862 suam
3306 814 3359 863 in
3392 813 3470 878 [lu

1917 901 2061 951 mina
2091 910 2139 951 et
2177 901 2230 951 in
2263 901 2433 960 fontes
2481 916 2776 966 aquarum,
2821 913 2868 953 et
2916 903 3092 969 factus
3128 912 3207 955 est
3256 905 3478 971 sanguis

1918 990 1983 1043 Et
2021 993 2201 1044 audivi
2236 994 2480 1061 angelum
2513 1010 2774 1061 aquarum
2809 996 3064 1047 dicentem
3099 1013 3115 1048 :
3147 995 3337 1048 Justus
3360 1013 3416 1069 es
3448 1007 3504 1048 tu

1915 1085 2005 1153 qui
2052 1101 2103 1136 cs
2139 1094 2189 1137 et
2220 1087 2310 1154 qui
2354 1103 2473 1138 eras
2506 1097 2752 1150 sam-tus,
2780 1081 2926 1154 quod
2973 1089 3082 1139 ha'c
3109 1089 3443 1155 judicaveris
3482 1104 3501 1142 :

1914 1177 2161 1244 quoniam
2192 1181 2504 1246 sanguinem
2539 1187 2844 1231 sanctorum
2875 1191 2922 1231 et
2954 1180 3327 1247 prophetarum
3367 1181 3504 1248 effu-

1915 1267 2129 1330 derunt,
2159 1279 2206 1320 et
2236 1271 2546 1336 sanguinem
2579 1270 2709 1337 ipsis
2742 1270 2935 1321 dediin
2983 1280 3038 1320 ut
3072 1271 3305 1323 biberent
3327 1312 3341 1335 ,
3377 1272 3505 1340 quia

1914 1360 2060 1428 digni
2091 1373 2252 1440 tsunt.
2310 1359 2376 1411 Et
2412 1363 2593 1414 audivi
2648 1360 2814 1412 alium
2868 1360 2932 1413 de
2981 1362 3141 1412 altari
3189 1364 3505 1418 dicentem:

1916 1451 2180 1519 Profectio,
2234 1452 2476 1516 Domine,
2523 1453 2663 1506 Deus
2714 1456 3068 1522 omnipotens.
3107 1471 3228 1507 vera
3261 1465 3309 1508 et
3351 1457 3504 1523 justa

1915 1553 2035 1598 sunt
2057 1543 2268 1611 judicia
2302 1555 2415 1597 tua.

1987 1714 2123 1768 lIinc
2152 1730 2372 1785 quoque
2403 1717 2714 1772 ostenditur
2743 1720 2966 1786 angelos
3001 1735 3235 1789 praeesse
3261 1721 3503 1776 elemen-

1911 1808 2006 1871 tis,
2036 1822 2270 1877 quorum
2309 1825 2477 1862 unum
2516 1810 2648 1863 dicit
2683 1810 2734 1863 in
2767 1813 2926 1879 aquis
2965 1813 3191 1866 laudare
3226 1813 3397 1867 Deum
3434 1816 3506 1867 ob

1839 1887 1888 1945 Β
1918 1910 2388 1968 trausgressorum
2421 1901 2640 1970 dignam
2682 1903 2966 1966 ultionem,
2997 1905 3090 1973 qui
3138 1920 3332 1959 manus
3375 1923 3507 1961 suas

1917 1993 2354 2061 coinquinarunt
2402 1997 2666 2065 sanguine
2709 2009 3026 2051 sanctorum
3073 2016 3087 2051 :
3138 2001 3302 2053 etiam
3346 2010 3505 2054 antea

1917 2097 2069 2148 sane,
2095 2087 2186 2139 sed
2217 2086 2453 2140 maxime
2476 2095 2607 2141 tunc
2631 2097 2877 2157 tempore
2898 2091 3221 2171 Antichristi
3245 2111 3258 2145 :
3284 2105 3506 2162 propter

1915 2179 2058 2246 quod
2089 2178 2158 2231 ob
2190 2179 2568 2232 vehementem
2603 2182 2888 2249 sanguinis
2936 2182 3083 2234 sitim
3119 2183 3268 2251 ipsos
3301 2184 3508 2238 auden-

1916 2279 1997 2324 tes
2044 2271 2278 2323 vocavit.
2317 2268 2452 2323 Nam
2491 2272 2769 2341 corruptis
2811 2272 3127 2328 ﬂuminibus
3172 2291 3233 2328 ac
3272 2275 3504 2330 fontium

1917 2361 2288 2429 scaturigine,
2345 2362 2623 2429 quomodo
2676 2363 2898 2417 aliunde
2943 2375 3164 2433 possent
3211 2366 3360 2419 sitim
3404 2382 3506 2421 cu—

1916 2468 2037 2506 rare
2056 2453 2077 2505 ?
2676 2513 2686 2531 ι

1986 2545 2056 2598 Et
2077 2548 2254 2601 audivi
2282 2548 2524 2616 angelum
2554 2565 2834 2618 aquarum.
2863 2548 2978 2603 Non
3002 2551 3262 2620 gentibus
3292 2559 3504 2608 tantum

1917 2641 2185 2708 praelecta:
2219 2641 2382 2710 782
2415 2651 2544 2694 sunt
2583 2642 2780 2694 divina:
2817 2643 3076 2709 virtutes,
3103 2644 3261 2713 juxta
3288 2645 3506 2714 legisla-

1918 2740 2090 2784 toretn
2124 2731 2335 2795 Mosen,
2368 2733 2462 2786 sed
2492 2743 2545 2786 et
2584 2735 2775 2787 mundi
2809 2735 3116 2796 elementis.
3150 2738 3509 2805 quemadmo-

1918 2824 2051 2876 dum
2080 2823 2197 2877 ιιωο
2230 2824 2490 2878 revelatio
2524 2823 2789 2879 divinitus
2817 2843 2917 2881 nos
2954 2827 3131 2882 docet.
3161 2827 3332 2882 Porro
3367 2830 3509 2885 inter

1916 2933 1977 2969 ea
2022 2933 2145 2986 quae
2187 2901 2587 2988 dixit‘angelus
2629 2922 2721 2988 qui
2757 2920 2809 2972 in
2849 2921 3007 2988 aquis
3044 2929 3184 2986 erat,
3219 2922 3397 2990 justus
3426 2922 3510 2975 di-

1918 3011 2060 3064 citur
2090 3011 2235 3065 Deus
2258 3051 2272 3074 ,
2303 3013 2449 3080 quod
2503 3013 2810 3067 mercedem
2866 3015 3191 3082 condignam
3232 3015 3507 3081 designet;

1917 3104 2008 3172 qui
2064 3119 2139 3166 es,
2179 3105 2323 3173 quod
2373 3105 2479 3157 [ine
2511 3114 2695 3158 careat
2730 3123 2742 3158 :
2797 3107 2886 3174 qui
2947 3122 3064 3158 eras
3089 3148 3103 3170 ,
3132 3107 3276 3176 quod
3309 3107 3460 3160 initio
3493 3125 3507 3160 :

1918 3207 2130 3249 sanctus
2157 3237 2170 3258 ,
2225 3197 2370 3265 quod
2411 3199 2661 3252 sublatus
2711 3200 2779 3252 ab
2825 3214 2891 3252 co
2937 3199 3008 3253 sit
3038 3200 3218 3254 etnnis
3262 3201 3510 3254 mortalis

1920 3289 2148 3342 allectus
2187 3306 2202 3342 :
2235 3290 2357 3343 ideo
2387 3290 2550 3344 etiam
2593 3293 2705 3344 haec
2741 3292 3035 3352 indicavit,
3067 3303 3124 3346 ut
3158 3293 3253 3362 qui
3288 3293 3511 3359 sangui-

1922 3399 2042 3437 nem
2099 3395 2414 3438 sanctorum
2473 3385 2813 3450 eﬂ'uderant,
2866 3389 3186 3453 sanguinem
3220 3387 3507 3442 biberent:

1922 3487 2240 3530 sanctorum
2301 3494 2463 3543 vero,
2502 3481 2594 3548 qui
2645 3480 2899 3535 videlicet
2953 3482 3134 3535 amicti
3189 3480 3407 3534 fuerant
3443 3481 3512 3535 ab

1929 3570 2256 3623 Antichristi
2301 3573 2802 3640 prepugnatoribus
2841 3591 2855 3627 :
2889 3576 3508 3642 prophetarurnﬂantem,

1922 3677 2118 3731 nempe
2149 3631 2336 3717 Enoclt
2378 3631 2432 3718 et
2473 3631 2622 3730 Elian,
2661 3631 3104 3736 quandoquidem
3137 3631 3513 3735 illos‘quoque

1919 3754 2193 3810 occident.
2229 3754 2514 3821 Quomodo
2549 3772 2682 3810 vero
2727 3757 3053 3827 sanguinem
3101 3757 3329 3812 bibent?
3360 3758 3511 3822 Quo-

1921 3845 2068 3898 niam
2116 3847 2452 3902 necessitate
2491 3848 2762 3916 compulsi
2797 3848 2892 3918 qui
2930 3857 3175 3916 tempore
3206 3846 3330 3900 belli
3363 3845 3510 3900 circa

1919 3933 2147 3989 ﬂumina
2175 3939 2526 3992 committunt
2567 3939 2813 4008 praelium
2837 3978 2852 4003 ,
2886 3936 3202 4006 frequenter
3251 3935 3508 3990 [allatam

1921 4029 2189 4096 sanguine
2221 4044 2420 4098 aquam
2461 4030 2683 4095 bibunt,
2717 4046 2784 4086 ex
2831 4045 3021 4084 eorum
3060 4028 3154 4098 qui
3197 4029 3510 4082 moriuntur

1923 4117 2366 4188 interemptione.

1995 4208 2063 4262 Et
2087 4213 2266 4264 audivi
2288 4213 2452 4266 alium
2483 4213 2545 4266 de
2572 4213 2759 4267 altari.
2791 4210 3109 4267 Conlormia
3144 4211 3388 4281 loquitur
3421 4211 3510 4264 hic

1922 4303 1990 4358 de
2020 4305 2179 4358 altari
2227 4321 2351 4359 cum
2385 4322 2450 4360 eo
2477 4306 2572 4374 qui
2599 4316 2722 4360 erat
2757 4308 2809 4358 in
2851 4305 3030 4374 aquis.
3066 4303 3167 4359 llic
3198 4314 3376 4357 autem
3410 4319 3510 4374 po-

1925 4408 2032 4453 test
2063 4410 2116 4453 et
2147 4401 2264 4470 ipse
2288 4399 2540 4453 Christus
2565 4397 2822 4466 intelligi,
2855 4398 2998 4464 quod
3031 4397 3196 4450 etiam
3228 4395 3281 4447 in
3316 4396 3436 4464 ipso
3457 4403 3513 4448 et

1925 4506 2021 4560 per
2047 4491 2224 4558 ipsum
2263 4489 2566 4543 oll‘erantur
2600 4487 2710 4541 Deo
2752 4498 2809 4543 et
2842 4487 2994 4541 Patri
3031 4486 3316 4540 rationalia
3352 4485 3512 4539 holo-

240 4583 420 4649 μένων
445 4577 524 4648 τῷ
562 4576 682 4647 Θεῷ
711 4579 805 4630 καὶ
858 4577 1036 4648 Πατρὶ
1078 4577 1186 4630 τῶν
1230 4578 1466 4646 λογικῶν
1491 4578 1819 4648 ,ὁλοκαρττώ-
1847 4582 1887 4642 Ι]

1888 4589 1900 4636 l
1927 4593 2115 4638 causta
2147 4595 2198 4637 et
2227 4584 2362 4637 vivze
2393 4583 2609 4647 hostiae,
2645 4597 2783 4652 quas
2813 4594 2878 4636 ex
2912 4580 3175 4649 Apostolo
3205 4579 3402 4634 ollerre
3427 4579 3514 4633 di-

241 4691 384 4725 σεων
414 4674 509 4724 καὶ
548 4671 658 4722 τῶν
710 4671 902 4735 ζωσῶν
926 4672 1150 4733 θυσιῶν,
1182 4672 1217 4724 ἂ
1261 4673 1595 4740 προσφέρειν
1627 4675 1689 4723 ἐκ
1724 4672 1817 4723 τοῦ

249 4766 578 4818 Ἀποστόλου
607 4764 906 4834 εμὰθομεν.
964 4765 1081 4816 ’Ἑνι
1114 4764 1171 4816 δὲ
1192 4766 1333 4816 νοεῖν
1367 4765 1554 4826 καὶεὶς
1584 4764 1679 4826 τὰς
1715 4765 1818 4830 ἁγ-

234 4858 465 4928 -γελικὰς
513 4857 771 4925 δυνάμεις
829 4855 903 4918 ὡς
957 4857 1310 4923 ἀναγωγικὰς
1372 4857 1479 4908 τῶν
1537 4857 1819 4925 ἡμετέρων

237 4947 559 5020 προσευχῶν
593 4948 687 4999 καὶ
730 4945 840 4998 τῶν
877 4947 1270 5016 πνευματικῶν
1306 4948 1818 5018 ὀλοκαρπωμάτωην,

235 5041 493 5111 εἰρῆσθαι
526 5040 585 5092 δὲ
618 5039 1002 5108 θυσιαστήριον
1045 5040 1153 5093 ἀπὸ
1200 5039 1296 5092 τοῦ
1358 5041 1707 5109 περιέχοντος
1761 5040 1821 5089 τὸ

238 5134 630 5204 περιεχόμενον
659 5131 1027 5201 συνεκδοχικῷ
1048 5132 1121 5200 τῷ
1149 5133 1353 5201 τρόπῳ.
1375 5133 1468 5183 Ἐκ
1491 5135 1680 5183 τούτου
1710 5131 1820 5181 τοί-

237 5246 334 5279 νυν
367 5226 461 5278 τθιῦ
502 5224 724 5291 λογικοῦ
755 5227 849 5276 καὶ
872 5223 1252 5294 λειτουργικοῦ
1299 5224 1684 5293 θυσιαστηρίου
1723 5226 1823 5293 τὴν

237 5321 425 5388 φωνήν
457 5335 622 5386 φησιν
653 5316 935 5386 ἐνεχθῆναι
957 5316 1270 5369 δικαιοῦσαν
1301 5316 1367 5368 τὰ
1401 5315 1491 5367 τοῦ
1518 5315 1652 5368 Θεοῦ
1699 5315 1821 5385 κρί-

240 5429 390 5482 ματα
420 5411 600 5464 πάντα
620 5409 779 5476 λόγον
814 5410 905 5461 καὶ
939 5409 1065 5461 νοῦν
1093 5407 1517 5480 ὑπερϐαίνοντα.

814 5545 1067 5599 ΚΕΦΑΛ.
1104 5544 1239 5602 ΜΘ’.

240 5667 444 5730 ὀπως
495 5662 592 5716 διὰ
639 5659 751 5728 τῆς
816 5661 1099 5784 τετιέρτης
1143 5658 1603 5729 καυματίζονται
1630 5661 1683 5712 οἱ
1716 5655 1823 5708 ἇν-

957 5746 1165 5784 οωποι.

950 5746 1165 5799 putarat.

312 5871 419 5925 Kal
458 5872 491 5923 ὁ
531 5868 806 5937 τέταρτος
857 5866 1061 5937 ἐξέχεε
1088 5867 1202 5936 τὴν
1249 5864 1696 5936 φιάλην-,αὑτοῦ
1726 5867 1823 5921 ἐπὶ

1929 4677 2183 4731 dicimus.
2218 4674 2453 4730 Possunt
2476 4692 2694 4745 quoque
2723 4674 2981 4742 angelica:
3012 4674 3239 4725 virtutes
3264 4671 3510 4740 intelligi.

1932 4777 1988 4820 nt.
2017 4783 2136 4837 qua:
2161 4777 2383 4821 nostras
2407 4767 2687 4821 oratimtes
2722 4780 2784 4819 ac
2816 4764 3122 4834 spiritualia
3157 4761 3425 4817 sacriﬁcia
3460 4763 3513 4813 in

1931 4861 2165 4915 sublime
2197 4859 2394 4914 ferant.
2430 4859 2644 4914 Dietum
2685 4867 2770 4911 est
2806 4866 2986 4910 autem
3030 4856 3221 4917 altare,
3257 4869 3349 4923 per
3382 4853 3513 4920 [igu-

1930 4969 2046 5006 ram
2081 4969 2200 5022 quu-
2231 4968 2259 5005 a
2289 4953 2592 5006 continenti
2617 4949 3050 5018 comprehendat
3073 4957 3408 5001 contentum.
3433 4945 3516 4997 Ab

1933 5046 2036 5099 hoc
2066 5047 2226 5115 igitur
2258 5046 2508 5098 rationali
2544 5053 2598 5097 et
2632 5041 2975 5096 rninisteriali
3009 5041 3165 5093 altari
3199 5038 3395 5092 factam
3440 5038 3516 5087 ait

1933 5140 2104 5192 fuisse
2142 5153 2322 5192 vocem
2360 5152 2479 5206 quae
2512 5137 2840 5205 justilicaret
2869 5132 3110 5200 judicia,
3144 5139 3204 5185 ut
3246 5145 3368 5200 quae
3398 5143 3516 5183 om-

1933 5249 2057 5286 nem
2090 5233 2354 5285 rationem
2381 5245 2445 5283 ac
2475 5241 2709 5284 mentem
2739 5226 3028 5282 excedant.

2497 5534 2725 5591 CAPUT
2756 5532 2943 5586 XLIX.

1938 5656 2094 5723 Quod
2131 5673 2220 5725 per
2246 5667 2494 5725 quartam
2527 5653 2740 5722 pingant
2771 5661 2905 5705 a’stu
2932 5653 3228 5702 exuruntur
3258 5640 3509 5696 homines.

2005 5863 2149 5930 XVI,
2174 5863 2228 5930 8,
2258 5864 2312 5918 9.
2343 5861 2407 5916 Et
2432 5870 2650 5931 quartus
2678 5856 2864 5926 eﬂudit
2893 5852 3126 5922 phialam
3160 5862 3310 5900 suam
3342 5844 3396 5897 in
3423 5861 3510 5897 so-
