4252 6436
189 436 304 502 709

1273 433 1664 494 COMMENT.
1706 433 1786 492 IN
1831 432 2357 494 APOCALYPSIN.

3367 440 3480 502 ἨΟ

288 542 650 612 Ὀλιγωθῆναί
686 559 820 611 φησι
872 541 965 594 τὸν
993 541 1289 612 Εὐφράτην
1342 541 1616 610 ποταμὸν,
1653 543 1790 612 πρδς

1966 541 2316 596 Imminutum
2371 541 2543 598 fuisse
2598 545 2730 600 dicit
2785 545 2989 601 ﬂumen
3045 546 3361 617 Euphraten
3414 555 3482 606 ad

195 638 437 706 πάροδον
467 635 576 688 τῶν
615 635 877 705 βασιλέων
905 635 1003 704 τῆς
1033 635 1158 701 γῆς,
1192 635 1272 696 εἰς
1301 635 1393 687 τὸν
1443 633 1784 704 κατάλληλον

194 728 462 799 πόλεμον.
521 747 539 778 ι
599 728 989 798 Ἐγερθήσεται
1011 729 1143 796 γάρ,
1187 746 1203 777 i
1236 730 1402 796 φησιν
1431 729 1460 781 ό
1486 727 1691 797 Κύριος
1721 729 1782 779 ἐν

193 820 577 888 Εὐαγγελίοις,
610 839 626 869 ι
660 819 811 882 ἔθνος
855 820 945 871 ἐπὶ
964 819 1117 880 ἔθνος
1153 819 1249 872 καὶ
1279 818 1524 888 βασιλεία
1560 820 1652 871 ἐπὶ
1687 818 1784 888 βα·-

197 914 427 966 σιλείαν.
463 931 482 962 ι
507 911 742 974 Τούτους
771 912 828 963 δὲ
859 913 922 964 ὲκ
955 913 1064 964 τῶν
1097 911 1384 963 Σκυθικῶν
1415 912 1596 981 μερῶν
1647 907 1787 964 εἶναι

195 1005 294 1057 τοῦ
326 1003 448 1072 Γὼγ
474 1004 568 1057 καὶ
600 1004 815 1070 Μαγὼγ
839 1005 1008 1066 είκός.
1040 1005 1155 1057 Οὐκ
1187 1005 1570 1073 άπογνωστέον
1605 1004 1662 1055 δὲ
1693 1003 1790 1056 καὶ

193 1097 290 1147 τὸν
354 1095 720 1165 Ἀντίχριστον
773 1097 838 1149 ἐκ
905 1097 1014 1148 τῶν
1071 1096 1408 1150 ἀνατολικῶν
1463 1097 1646 1165 μερῶν
1690 1097 1790 1162 τῆς

198 1188 465 1257 Περσίδος
494 1187 794 1257 ὁρμᾶσθαι,
827 1187 956 1240 ἔνθα
992 1190 1024 1256 ή
1061 1189 1201 1259 φυλὴ
1237 1189 1330 1241 τοῦ
1369 1189 1478 1241 Δάν
1526 1192 1588 1242 ὲκ
1632 1189 1789 1258 ῥίζης

211 1283 499 1352 Ἑϐραίων,
536 1283 650 1352 ἅμα
679 1284 774 1335 καὶ
792 1283 1000 1350 ἑτέροις
1026 1283 1337 1352 βασιλεῦσιν
1371 1283 1402 1352 ἢ
1442 1284 1785 1353 μεγιστᾶσιν,

199 1377 325 1426 ἐπεὶ
343 1376 436 1427 καὶ
454 1377 593 1426 κατὰ
611 1375 819 1427 τούτων
841 1375 902 1426 τό
942 1375 1222 1445 βασιλικὸν
1273 1375 1385 1427 ἐσθ’
1407 1376 1494 1428 ὅτε
1531 1377 1788 1428 τάττεται

198 1465 396 1534 ὄνομα,
419 1467 493 1528 ὡς
513 1469 568 1518 ἐν
585 1467 681 1536 τῷ,
725 1486 741 1516 ι
773 1467 1131 1537 Παρέστησαν
1166 1469 1213 1519 oi
1234 1467 1475 1537 βασιλεῖς
1493 1467 1592 1536 τῆς
1612 1467 1735 1536 γῆς,
1764 1488 1781 1519 ι

199 1559 302 1609 οὐκ
339 1558 490 1620 ὄντος
529 1559 711 1627 μέντοι
754 1558 1024 1626 βασιλέως
1062 1560 1156 1610 τοῦ
1198 1560 1455 1613 Πιλάτου.
1516 1561 1786 1630 Περαιοῦ-

203 1649 326 1700 σθαι
357 1651 412 1702 δὲ
447 1649 540 1720 τὴν
573 1651 882 1721 Εὐφράτην,
917 1651 950 1720 ἦ
991 1651 1280 1724 ψυχικὸνῆ
1309 1654 1619 1721 σωματικὸν
1656 1653 1791 1706 ἐπά-

204 1739 393 1804 ξοντας
417 1741 646 1794 θάνατόν
680 1761 813 1813 φησι
837 1760 850 1774 ο
891 1742 1148 1812 ψυχικὸν,
1175 1745 1264 1796 διὰ
1293 1745 1352 1795 τὸ
1392 1746 1643 1816 ἐνεργείᾳ
1677 1747 1791 1798 δαι-

205 1834 385 1902 μόνων
413 1835 506 1886 καὶ
561 1839 961 1905 παραχωρήσει
989 1836 1150 1901 Θεοῦ,
1190 1837 1394 1906 μᾶλλον
1425 1838 1480 1890 δὲ
1505 1839 1598 1890 καὶ
1623 1837 1789 1891 αὑτοῦ

201 1924 294 1974 τοῦ
337 1924 495 1986 Θεοῦ,
541 1928 620 1987 είς
649 1926 893 1994 δοκίμιον
923 1927 1030 1980 τῶν
1056 1928 1251 1980 ἑαυτοῦ
1283 1927 1660 1999 θεραπόντων,
1690 1929 1789 1999 οὐχ

199 2014 275 2076 ὡς
307 2017 651 2084 ἀγνοοῦντος,
675 2019 790 2074 ἀλλ’
829 2022 908 2082 εἰς
949 2020 1259 2089 φανέρωσιν
1288 2023 1401 2083 τοῖς
1443 2021 1626 2084 ἄλλοις
1679 2021 1790 2073 τῶν

202 2109 384 2178 ἑαυτῴ
425 2112 890 2179 προσανεχὸντων,
923 2111 955 2181 ἢ
990 2111 1088 2182 μὴ,
1125 2111 1413 2179 ἐξάγοντος
1463 2113 1532 2164 τά
1562 2111 1790 2164 τοιαῦτα

205 2200 550 2268 συμϐαίνειν.
583 2202 902 2271 Σωματικὺν
933 2202 989 2255 δὲ
1007 2204 1113 2255 τῶν
1141 2205 1205 2256 ὲκ
1241 2204 1345 2273 γῆς
1382 2203 1598 2269 ζώντων
1625 2203 1791 2269 ἀξίων

202 2291 623 2356 διαλελοιπέναι,
657 2295 730 2357 ὡς
785 2293 860 2365 μὴ
893 2295 984 2346 καὶ
1012 2295 1176 2366 αὐτὴν
1203 2299 1315 2358 τοῖς
1342 2297 1558 2365 μιαροῖς
1598 2295 1783 2365 ἔργοις

205 2385 385 2436 αὐτῶν
446 2385 782 2455 ἐξαχρειοῦν,
819 2387 980 2458 ἔργον
1015 2384 1182 2442 οὖσαν
1210 2388 1418 2456 ἀγαθοῦ
1455 2388 1680 2457 ποιητοῦ
1701 2389 1792 2440 καὶ

205 2475 403 2544 χωρίον
441 2479 851 2546 ἀνεπηρέαστον
902 2485 1011 2543 τοῖς
1054 2482 1362 2552 ἐναμίλλως
1414 2480 1510 2535 τοῦ
1547 2499 1784 2552 πεποιη-

206 2567 364 2630 κότος
388 2567 537 2634 βιοῦν
553 2571 1000 2641 ἡτοιμασμένοις.

274 2660 384 2713 Καὶ
409 2657 655 2714 εἷδονέκ
683 2663 784 2716 τοῦ
803 2667 1104 2734 στόματος
1131 2666 1233 2720 τοῦ
1264 2667 1589 2736 δράκοντος
1607 2674 1791 2725 πνεύ-

198 2768 359 2820 ματα
385 2754 688 2821 ἀκάθαρτα
721 2757 870 2823 τρία.
907 2759 1434 2828 Προσυπακουστέον
1472 2763 1532 2814 τὸ
1556 2766 1790 2830 ἐξιόντα,

205 2841 340 2916 ῖν“ᾖ·
365 2844 518 2896 Εἶδον
541 2846 604 2898 ὲκ
640 2847 734 2898 τοῦ
769 2848 1039 2918 στόματος
1057 2851 1165 2902 τῶν
1194 2851 1364 2920 τριῶν
1395 2852 1609 2917 ἐξιόντα
1636 2858 1796 2907 πνεύο

209 2954 360 3007 ματα
422 2939 714 3009 ἀκάθαρτα
744 2941 893 3008 τρία,
943 2941 1021 3003 ὡς
1077 2941 1409 3012 βατράχους.
1445 2945 1539 2996 Ἐκ
1590 2945 1796 2998 τούτων

204 3031 505 3090 δείκνυται,
534 3030 628 3083 τὸν
663 3032 760 3101 μὲν
785 3031 1050 3098 διάϐολον,
1071 3034 1144 3096 ὡς
1171 3035 1437 3105 δράκοντα
1471 3038 1529 3088 ὲν
1562 3037 1638 3106 τῷ
1681 3039 1796 3109 ἰδίῳ

205 3119 488 3193 προσώπῳ
515 3122 848 3190 δείκνυσθαι,
884 3125 974 3177 τὸν
1015 3126 1383 3195 ’Δντίχριστον
1411 3128 1467 3181 δὲ
1485 3129 1557 3190 ὡς
1583 3129 1793 3200 θηρίον,

1892 635 2181 687 transitum
2224 649 2415 703 regum
2453 646 2614 690 terra
2664 637 2716 690 in
2770 647 3020 691 mutuum
3073 639 3299 695 bellum.
3345 641 3482 695 Nam

1896 744 1914 777 ι
1956 725 2243 796 Exsurget,
2286 744 2304 776 ι
2333 727 2408 780 ait
2435 725 2698 783 Dominus
2729 730 2782 783 in
2814 729 3127 799 Evangeliis
3149 771 3162 792 ,
3205 749 3225 781 ι
3261 747 3394 799 gens
3425 733 3478 786 in

1891 829 2105 886 gentem
2153 828 2207 872 et
2243 833 2473 888 regnum
2521 820 2576 872 in
2626 836 2849 889 regnum
2883 823 2950 875 ⁸³⁵.
3011 841 3028 874 ι
3086 823 3256 876 l’orro
3289 825 3388 878 bos
3415 841 3484 879 ex

1892 910 2220 981 Scytharum
2258 927 2379 966 esse
2410 912 2658 980 partibus
2705 914 2820 981 Gog
2863 924 2916 968 ct
2956 915 3148 985 Magog
3181 917 3484 971 verisimile

1891 1016 1990 1059 est.
2021 1004 2207 1073 Neque
2247 1006 2409 1059 etiam
2445 1007 2846 1074 reprobandum
2882 1017 2967 1060 est
3015 1009 3084 1061 ab
3119 1009 3484 1061 orieihalihus

1893 1096 2133 1150 Persidis
2189 1098 2434 1164 partibus
2475 1088 2870 1151 Antichristum
2911 1100 3138 1160 exoriri,
3176 1100 3263 1153 ubi
3309 1101 3484 1154 tribus

1893 1189 2006 1242 Dan
2042 1204 2072 1241 e
2109 1189 2285 1242 radice
2322 1188 2676 1244 lli-lirazorum
2727 1203 3104 1245 commoratur
3150 1192 3312 1244 simul
3353 1209 3476 1245 cum

1892 1280 2104 1333 cretei-is
2141 1282 2361 1349 regibus
2391 1292 2484 1335 aut
2517 1283 2845 1351 primatibus
2881 1301 2893 1335 :
2929 1284 3188 1351 quoniam
3227 1285 3309 1336 bis
3339 1300 3483 1352 quo-

1891 1389 1999 1441 que
2048 1373 2316 1426 interdum
2367 1376 2573 1444 regium
2623 1390 2824 1429 nomen
2865 1377 3206 1440 attribuitur,
3253 1386 3311 1429 ut
3355 1391 3482 1429 rum

1892 1466 2114 1529 dicitur,
2146 1486 2163 1516 ι
2204 1468 2511 1521 Astiteruut
2540 1483 2694 1538 reges
2725 1479 2884 1523 terrae
2911 1469 2979 1521 ⁸⁵.
3026 1488 3045 1519 ›
3083 1469 3363 1537 Siquidem
3396 1465 3485 1519 Pi-

1894 1558 2037 1613 latus
2063 1575 2169 1613 non
2201 1568 2320 1614 erat
2359 1576 2487 1615 vere
2515 1577 2633 1615 rex.
2667 1559 2929 1617 Transire
2957 1572 3138 1616 autem
3174 1562 3484 1630 Euphraten

1893 1651 1970 1705 ait
2019 1651 2340 1707 inducentes
2398 1662 2493 1706 aut
2538 1648 2738 1707 anima:
2779 1662 2873 1706 aut
2910 1656 3157 1723 corporis
3208 1663 3482 1708 mortem:

1894 1742 2092 1795 animae
2117 1743 2361 1811 quidem,
2390 1757 2456 1797 eo
2493 1743 2639 1813 quod
2669 1744 2798 1798 talia
2828 1744 3149 1811 operatione
3170 1744 3483 1796 diemonum

1894 1850 1960 1889 ex
2011 1836 2283 1904 permissu
2340 1836 2432 1890 Dei
2486 1838 2856 1908 contingant:
2911 1838 3085 1906 magis
3132 1845 3314 1891 autem
3363 1837 3486 1906 ipso

1893 1943 2114 1997 quoque
2149 1929 2261 1983 Deo
2296 1929 2416 1984 illos
2439 1930 2703 1984 educente
2731 1932 2796 1985 ad
2826 1931 3206 2000 probationem
3242 1929 3478 1983 famulo-

1895 2037 2012 2074 rum
2056 2037 2283 2076 suorum
2322 2041 2333 2076 :
2373 2037 2482 2075 non
2518 2024 2662 2092 quod
2697 2025 2940 2090 ignoret,
2974 2025 3066 2078 sed
3099 2031 3156 2076 ut
3200 2021 3322 2076 aliis
3369 2037 3486 2074 nia-

1894 2115 2155 2169 nifestum
2186 2113 2347 2169 faciat
2378 2115 2468 2186 qui
2499 2116 2565 2169 ad
2591 2131 2650 2170 se
2681 2115 2948 2169 accedant
2981 2125 3034 2168 et
3058 2116 3150 2184 qui
3178 2129 3308 2167 non.
3344 2113 3483 2166 Cor-

1893 2207 2039 2276 poris
2067 2222 2197 2262 vero
2222 2217 2473 2271 morlem,
2503 2208 2554 2261 in
2590 2207 2670 2262 liis
2702 2208 2795 2277 qui
2828 2207 2974 2276 digni
3009 2217 3136 2261 sunt
3163 2215 3222 2260 ut
3247 2194 3314 2260 de
3342 2215 3485 2259 terna

1892 2298 2194 2352 viventium
2234 2299 2554 2364 deleantur,
2595 2315 2662 2352 ne
2697 2301 2867 2370 ipsam
2909 2315 3129 2368 quoque
3174 2299 3290 2353 suis
3335 2296 3487 2350 nefa-

1896 2392 1994 2444 riis
2024 2393 2282 2460 operibus
2317 2403 2708 2462 corrumpant,
2753 2408 2878 2461 qua:
2925 2393 3053 2445 b0ni
3099 2391 3310 2459 Opiticis
3347 2407 3487 2459 opus

1893 2495 1975 2538 est
2010 2497 2061 2539 et
2101 2487 2246 2554 regio
2280 2487 2524 2543 innoxia.
2577 2486 2661 2538 his
2694 2486 2784 2552 qui
2834 2487 3052 2540 diverso
3101 2487 3268 2539 modo
3301 2487 3484 2540 vivere

1895 2580 2066 2648 parati
2095 2590 2245 2643 sunt,
2274 2580 2430 2647 juxta
2461 2578 2512 2631 id
2547 2577 2612 2630 ad
2645 2579 2788 2646 quod
2825 2576 2952 2630 lacti
2984 2588 3132 2631 sunt.

1969 2669 2035 2722 Et
2073 2671 2275 2722 ridica:
2321 2686 2407 2722 ore
2457 2671 2704 2724 draconis
2752 2671 2970 2736 spiritus
3003 2669 3304 2722 immundos
3354 2679 3481 2722 tres.

1900 2761 2351 2815 Subaudieudmn
2382 2772 2466 2815 est
2505 2763 2868 2831 egredientes,
2895 2771 2954 2814 ut
2977 2762 3047 2814 sit
3085 2776 3283 2814 sensus
3312 2778 3325 2813 :
3364 2758 3486 2814 Vidi

1897 2871 1960 2908 cx
1999 2854 2162 2924 785
2207 2871 2302 2908 ore
2338 2854 2503 2907 trium
2535 2856 2880 2923 egredientes
2913 2855 3142 2922 spiritus
3175 2853 3488 2906 immundos

1897 2957 2010 2999 tres
2043 2949 2094 2999 iu
2130 2948 2349 2999 modum
2383 2962 2665 2999 ranarum.
2699 2945 2774 2999 Ex
2817 2947 2903 2999 liis
2944 2947 3258 2999 ostenditur
3291 2945 3489 2999 diabo-

1899 3039 2009 3092 lum
2054 3038 2274 3107 quidem
2333 3038 2496 3092 veluti
2541 3039 2835 3092 draconem
2887 3040 2939 3093 in
2979 3040 3198 3108 pr0pria
3255 3055 3486 3108 persona

1900 3131 2235 3201 significari,
2287 3132 2690 3186 Antichristum
2741 3147 2874 3186 vero
2925 3142 3180 3198 tanquam
3226 3136 3485 3199 bestiam,

203 3214 296 3264 τὸν
331 3213 789 3286 ψευδοπροφήτην
806 3217 860 3268 δὲ
883 3217 1070 3288 ἕτερον
1104 3221 1254 3289 παρὰ
1275 3221 1366 3274 τὸν
1403 3222 1793 3293 Ἀντίχριστον.

1907 3225 2437 3293 pseudopmphelam
2472 3235 2653 3278 autem
2699 3225 2935 3278 alterum
2988 3234 3182 3292 praster
3212 3226 3486 3279 Antichri-

205 3307 605 3376 Καὶδράκοντα
657 3311 756 3379 μὲν
807 3312 897 3365 τὸν
942 3312 1207 3377 διάϐολον,
1263 3316 1349 3368 διά
1384 3316 1444 3368 τὸ
1493 3318 1799 3388 κεχρῆσθαι

209 3401 445 3464 σκολιοῖς
461 3405 571 3464 τοῖς
587 3403 872 3474 κινήμασι,
889 3404 1076 3476 θηρίον
1100 3407 1177 3472 δὲ,
1205 3409 1296 3460 τὸν
1313 3410 1700 3480 ’Λντίχριστον.
1722 3412 1798 3465 Οὐ

207 3498 316 3564 γὰρ
347 3494 706 3566 ἀνθρωπίνως
739 3499 836 3568 τήν
856 3498 1204 3569 ἀνθρωπείαν
1227 3500 1425 3564 ὑποδὺς
1451 3502 1565 3573 (55)
1585 3505 1800 3574 πρόεισι

210 3586 395 3655 φύσιν,
415 3587 692 3658 θηριωδῶς
716 3590 794 3643 δέ.
815 3591 917 3643 Τὸν
939 3592 1390 3663 ψευδοπροφήτην
1420 3594 1620 3648 δὲαύτὸ
1643 3597 1801 3650 τοῦτο

209 3680 346 3749 ὅπερ
366 3681 500 3746 ἐστὶ,
525 3679 726 3749 ψεύδεα
751 3683 890 3735 κατὰ
903 3682 995 3735 τὸν
1014 3685 1244 3754 ποιητὴν
1268 3687 1465 3749 είπεῖν,
1482 3687 1662 3740 εἰδότα
1679 3688 1800 3741 ἐτύ-

215 3789 392 3842 μοισιν
425 3773 588 3837 ὅμοια
626 3772 846 3826 Τούτων
859 3774 1092 3830 ἑκάστου
1105 3776 1214 3828 τῶν
1229 3777 1514 3846 στομάτων
1535 3777 1800 3848 ἰσάριθμά

212 3881 378 3933 φησιν
425 3865 828 3930 ἀποϐλύζεσθαι
855 3867 1146 3937 ἀκάθαρτα
1179 3868 1468 3938 πνεύματα
1501 3869 1799 3940 βατράχοις

211 3959 394 4026 ὃμοια,
431 3957 544 4009 ἀλλ’
578 3959 638 4010 οὐ
674 3957 999 4029 βατράχους.
1031 3960 1275 4031 Πρῶτον,
1306 3960 1382 4024 ὡς
1415 3961 1512 4031 τῆς
1540 3963 1799 4031 τραχείας

210 4047 420 4102 τούτων
450 4049 578 4118 βοῆς
620 4051 681 4102 οὑ
723 4051 858 4118 πρός
894 4068 1016 4104 τινα
1043 4054 1122 4114 εἰς
1179 4051 1313 4105 Θεὸν
1357 4051 1525 4122 ὓμνον
1587 4055 1707 4116 οἵας
1739 4072 1798 4107 τε

211 4141 380 4210 οὔσης
410 4140 956 4211 παραλαμϐάνεσθαι,
979 4144 1114 4196 ἀλλὰ
1139 4146 1386 4215 ταραχὰς
1416 4148 1508 4198 καὶ
1536 4145 1800 4217 θορύϐους

215 4233 715 4305 προσποριζοιῦσης,
743 4235 816 4298 ὡς
851 4234 969 4298 ἔθος
1000 4237 1086 4289 ἀεὶ
1112 4236 1223 4288 τῶν
1252 4237 1548 4305 δαιμονίων
1582 4239 1676 4290 καὶ
1692 4238 1799 4291 τῶν

214 4327 562 4397 ἁμαρτωλῶν
616 4327 694 4396 τῷ
748 4326 1075 4398 βορϐορώδει
1107 4326 1206 4397 βίῳ
1250 4327 1797 4398 ὲμφιλοχωρούντων,

215 4418 405 4488 ὥσπερ
429 4420 523 4471 ἀπ’
557 4407 806 4482 ἐναντίας
827 4419 936 4470 τῶν
966 4419 1086 4490 Θεῷ
1116 4419 1284 4487 φίλων
1311 4420 1386 4489 τῷ
1414 4420 1636 4490 σκληρῷ
1686 4422 1798 4489 (54)

216 4519 520 4588 χαιρόντων
553 4520 646 4569 καὶ
677 4516 754 4586 τῷ
776 4516 1090 4588 καρτερικῴ
1125 4517 1220 4586 τῆς
1252 4516 1452 4586 ψυχῆς,
1486 4516 1676 4585 ὕμνοις
1703 4517 1796 4568 καὶ

1902 3327 2066 3369 stum.
2098 3314 2162 3369 Et
2187 3320 2481 3370 draconem
2501 3318 2720 3385 quidem
2751 3317 3053 3380 diabolum,
3079 3333 3142 3371 eo
3172 3318 3314 3385 quod
3341 3318 3485 3371 obli-

1902 3409 2026 3478 quis
2058 3417 2243 3462 utatur
2271 3411 2513 3464 motibus
2544 3429 2557 3464 :
2601 3409 2833 3463 bestiam
2890 3425 3018 3462 vero
3063 3408 3483 3472 Anticliristum,

1903 3513 1964 3554 ut
1993 3502 2083 3570 qui
2126 3514 2234 3554 non
2275 3503 2512 3555 humano
2558 3516 2713 3555 more
2753 3509 3110 3554 conversetur
3160 3499 3210 3552 in
3248 3499 3484 3551 humana

1902 3606 2117 3658 natura,
2151 3595 2241 3648 sed
2275 3594 2448 3662 magis
2496 3593 2671 3646 ferino
2711 3608 2860 3646 more
2902 3610 2916 3645 :
2951 3592 3481 3661 pseudoprophetam

1902 3700 2088 3741 autem
2123 3687 2228 3742 hoc
2259 3703 2436 3756 ipsum
2476 3687 2622 3755 quod
2651 3696 2754 3750 est,
2801 3702 2993 3753 nempe
3024 3686 3117 3754 qui
3163 3686 3213 3737 in
3265 3685 3483 3738 modum

1903 3787 2074 3847 poeta:
2131 3777 2412 3830 mendacia
2469 3779 2650 3830 dicere
2712 3778 2862 3829 novit
2920 3778 3066 3829 veris
3128 3776 3350 3830 similia.
3407 3773 3486 3827 Ex

1905 3870 2342 3936 uniuscujusque
2390 3869 2583 3919 horum
2633 3881 2729 3919 ore
2759 3866 2891 3919 dicit
2949 3866 3065 3934 pari
3107 3878 3336 3917 numero
3367 3879 3490 3916 sca-

1902 3961 2076 4013 turirc
2107 3959 2420 4012 immundos
2440 3957 2665 4023 spiritus
2696 3957 2845 4008 ranis
2874 3953 3101 4016 similes,
3132 3953 3226 4006 δε]
3255 3967 3361 4004 non
3399 3968 3489 4003 ia-

1903 4068 2002 4105 nas
2039 4070 2052 4106 :
2086 4055 2320 4120 primum
2369 4049 2516 4118 quod
2558 4063 2752 4117 aspera
2792 4047 2988 4100 horum
3021 4060 3123 4097 vox
3160 4060 3267 4096 non
3320 4053 3494 4112 possm

1902 4145 1966 4197 ad
2003 4146 2242 4212 aliquam
2279 4142 2370 4196 Dei
2404 4142 2621 4206 laudem
2657 4139 2890 4202 assumi,
2924 4137 3016 4191 sed
3050 4137 3116 4189 ad
3153 4136 3494 4189 turbatioues

1902 4254 1966 4291 ac
2001 4237 2272 4290 tumultus
2297 4235 2618 4289 excitandos
2645 4251 2658 4287 :
2690 4232 2946 4300 quodque
2976 4244 3191 4296 semper
3223 4229 3394 4281 moris
3422 4228 3496 4280 sit

1902 4330 2246 4385 daemonibus
2271 4344 2335 4380 ac
2365 4326 2746 4396 peccatoribus
2781 4324 2945 4377 fetida
2969 4337 3031 4375 ac
3053 4330 3359 4374 roanoienta
3387 4319 3494 4372 vita
3548 4370 3549 4373 η

1902 4421 2186 4483 delectari,
2223 4418 2688 4488 quemadmodum
2713 4417 2964 4470 edivcrso
3001 4413 3092 4467 Dei
3131 4413 3325 4464 amicis
3351 4413 3494 4479 quod

1903 4515 2043 4566 duro
2069 4515 2361 4582 gaudeant,
2391 4519 2446 4565 et
2492 4511 2661 4564 animi
2703 4509 2992 4562 tolerantia
3042 4521 3105 4558 ac
3152 4505 3493 4564 fortitudine,

217 4584 384 4681 ᾦδαίς
420 4611 514 4662 καὶ
545 4584 968 4678 ἐξομολογήσεσι
1021 4584 1357 4677 μεγαλύνειν
1376 4608 1468 4660 τὸν
1513 4584 1666 4660 Θεόν.
1712 4606 1793 4677 Τῷ

1909 4609 2126 4678 hymnis
2155 4617 2209 4661 et
2243 4605 2475 4660 canticis
2514 4619 2579 4659 ac
2605 4601 3046 4658 confessionibus
3083 4596 3250 4649 Deum
3285 4596 3497 4662 magni--

218 4700 486 4771 τριαδικῷ
521 4700 577 4752 δὲ
617 4699 842 4770 ἀριθμῷ
874 4700 968 4751 καὶ
1011 4701 1061 4752 οἱ
1092 4698 1312 4770 φθορεῐς
1335 4698 1521 4750 καὶτὰ
1545 4700 1653 4751 ἀπὸ
1691 4698 1800 4750 τῶν

221 4795 509 4862 στομάτων
568 4792 751 4845 αὑτῶν
807 4790 1238 4861 ὲξοχετευόμενα
1274 4790 1545 4860 δαιμόνια,
1589 4791 1675 4842 ἴνα
1726 4789 1802 4861 τῷ

220 4886 443 4956 ἀριθμῷ
486 4885 660 4954 τούτῳ
717 4884 991 4950 ἀπατῶσι,
1025 4883 1099 4947 ὡς
1152 4886 1218 4954 τῇ
1276 4884 1617 4953 πανυμνήτῳ
1669 4883 1802 4950 ἁγία.

221 4980 415 5050 Τριάδι
443 4979 878 5047 εὐαρεστεῖσθαι.

297 5073 365 5124 *Α
396 5071 782 5136 ἐκπορεύεται
812 5069 909 5121 ἐπὶ
939 5067 1077 5133 τοὺς
1098 5067 1381 5132 ,ϐασιλεῖς
1401 5065 1507 5133 τῆς
1533 5063 1805 5133 οἰκουμέ-

222 5181 335 5230 νης
364 5161 536 5229 ὅλης,
583 5161 952 5230 συναγαγεῖν
994 5161 1216 5226 αὐτοὺς
1249 5163 1335 5225 είς
1395 5162 1504 5212 τὸν
1540 5159 1807 5224 πόλεμον

224 5255 335 5323 τῆς
367 5257 592 5322 ἡμέρας
620 5254 860 5318 ἐκείνης
884 5253 994 5319 τῆς
1059 5253 1333 5323 μεγάλης
1371 5251 1478 5305 τοῦ
1514 5250 1662 5304 Θεοῦ
1702 5249 1806 5302 τοῦ

226 5352 730 5417 παντοκράτορος.
771 5348 929 5401 Ἰδοὺ
966 5349 1211 5416 ἔρχομαι
1236 5348 1314 5412 ὼς
1355 5347 1644 5413 κλέπτης.
1688 5347 1809 5397 Μα-

226 5445 432 5511 κάριος
480 5448 512 5496 ό
537 5441 862 5512 γρηγορῶν,
901 5441 1003 5494 καὶ
1036 5439 1233 5509 τηρῶν
1265 5440 1336 5493 τὰ
1385 5438 1582 5506 ἱμάτια
1610 5437 1798 5490 αὑτοῦ

227 5536 328 5588 ἵνα
342 5535 429 5602 μὴ
454 5535 681 5601 γυμνὸς
700 5530 1018 5599 περιπατῇ,
1045 5531 1143 5584 καί
1162 5529 1440 5594 βλέπωσι
1468 5528 1584 5595 τὴν
1600 5529 1797 5593 ἀσχη-

1908 4699 2093 4752 ﬁceut.
2124 4697 2388 4751 Ternario
2418 4705 2598 4750 autem
2633 4708 2863 4748 numero
2899 4697 3029 4744 sunt
3059 4697 3112 4740 et
3145 4693 3496 4763 corruptores

1905 4803 1959 4844 ct
1991 4807 2112 4859 qua:
2144 4791 2214 4842 ab
2241 4805 2336 4842 ore
2358 4803 2549 4842 eorum.
2579 4785 2936 4856 egrediuntur
2963 4777 3230 4833 daemonia
3255 4817 3270 4839 ,
3305 4783 3362 4828 ut
3393 4776 3495 4827 line

1907 4896 2137 4935 numero
2174 4881 2446 4944 fallerent,
2480 4880 2642 4949 quasi
2705 4874 3100 4955 laudatissima:
3169 4885 3233 4922 ac
3266 4868 3495 4922 sanctis-

1906 4978 2059 5027 simae
2095 4971 2352 5026 Trinitati
2390 4974 2529 5042 grati
2559 4981 2763 5026 essent.

1979 5062 2121 5127 XVI,
2174 5065 2359 5116 ιιι-16.
2407 5066 2538 5127 Qum
2569 5063 2912 5130 egrediuntur
2963 5064 3030 5111 ad
3079 5075 3221 5126 reges
3266 5054 3496 5108 universi

1908 5160 2048 5212 orbis
2079 5169 2134 5210 ut
2167 5165 2471 5226 congregem
2505 5171 2590 5207 eos
2623 5153 2689 5206 ad
2725 5155 2969 5222 pru'lium
3010 5151 3188 5218 magni
3219 5149 3362 5200 illius
3388 5146 3493 5196 diei

1909 5253 2276 5320 omanotentis
2319 5252 2432 5305 Dei.
2486 5255 2618 5301 b’cce
2649 5248 2797 5301 venio
2846 5248 2980 5298 sicut
3026 5246 3133 5310 fur.
3185 5241 3378 5292 Beatus
3417 5247 3492 5287 est

1909 5350 1997 5416 qui
2025 5347 2230 5416 rigilal,
2255 5354 2302 5397 et
2332 5345 2422 5412 qui
2449 5352 2622 5394 servat
2647 5342 2954 5393 vestimenta
2981 5352 3098 5397 sua,
3124 5349 3185 5386 ue
3209 5332 3380 5383 nudus
3413 5328 3492 5378 in-

1909 5442 2093 5501 cedat,
2125 5446 2173 5488 et
2204 5436 2410 5489 videant
2455 5434 2837 5502 turpitudinem
2885 5432 3021 5497 ejus.
3063 5426 3129 5479 Et
3163 5419 3493 5492 congregarit

1911 5546 1997 5583 eos
2027 5531 2081 5582 in
2112 5527 2281 5582 locum
2313 5529 2400 5596 qui
2432 5529 2628 5580 dicitur
2666 5525 2924 5577 Hebraice
2956 5520 3312 5588 Ermageduu.

221 5629 506 5696 μοσύνην
545 5625 753 5680 αὐτοῦ.
787 5625 893 5678 Καὶ
929 5623 1280 5693 συνήγαγεν
1305 5621 1527 5686 αὐτοὺς
1572 5624 1658 5687 είς
1703 5619 1809 5674 τὸν
1838 5623 2028 5676 τόπον
2061 5624 2170 5675 τὸν
2193 5622 2571 5689 καλούμενον
2596 5618 2898 5686 Ἐϐραϊστί
2941 5611 3330 5683 Ἐρμαγεδὼν.

297 5763 345 5796 ⁸⁸
371 5762 560 5816 Matth.
594 5779 740 5827 XXIV,
769 5764 824 5816 7.
900 5762 945 5792 "
986 5761 1133 5816 Psal.
1168 5775 1230 5824 ll,
1257 5759 1311 5812 2.

305 5907 420 5978 (5'5)
457 5905 582 5976 ἡδύς
612 5906 866 5974 vulgatus
893 5911 1097 5959 textus.

2011 5892 2120 5963 (Si)
2146 5888 2447 5958 Legebatur
2490 5887 2706 5956 κλήρῳ,
2739 5885 3048 5954 quodsortc
3083 5900 3177 5938 sua
3210 5882 3490 5947 caudeam.
