4252 6436
269 424 374 484 713

1319 412 1705 474 COMMENT.
1756 412 1830 471 IN
1877 412 2400 472 APOCALYPSIN.

3401 402 3505 468 7M

269 535 425 594 ano,-
480 529 769 596 κατάρχει,
817 527 850 596 ῆ
891 525 1048 596 μόνος
1117 526 1144 578 δ
1198 524 1538 594 ὑπερουσέως
1587 523 1842 585 ἁπάντων
1873 529 1912 580 Α

1965 536 2046 573 ius
2068 535 2174 573 non
2211 521 2346 573 alius
2371 517 2621 586 praesidet
2652 530 2813 585 quam
2849 513 3002 582 solus
3055 513 3145 567 ille
3187 513 3279 582 qui
3318 529 3506 582 supcr-

269 621 668 691 ὑεερκείμενος
698 618 1031 687 γενετάρχης
1053 617 1207 680 Θεός.
1239 616 1412 668 Τοῦτο
1446 615 1554 684 γὰρ
1587 617 1620 666 ὁ
1649 614 1838 685 θρόνος

271 715 526 785 βούλεται
553 711 845 780 παριστᾷν.

341 805 446 858 Kal
479 804 757 872 ἐγένοντο
792 798 1089 868 ἀστραπαὶ
1121 798 1215 850 καὶ
1241 797 1490 865 ,βρονταί
1520 798 1616 849 καὶ
1651 794 1840 868 φωναὶ

271 896 367 949 καὶ
394 896 670 960 σεισμός.
717 893 1023 962 Ἀστραπαὶ
1053 893 1147 942 καὶ
1180 888 1427 959 βρονταὶ,
1461 889 1553 940 ἀπ’
1586 887 1838 957 ούρανοῦ.

270 990 452 1040 Φωναὶ
487 987 543 1039 δέ
572 987 680 1039 τῶν
708 986 799 1038 ἐπί
841 983 943 1050 γῆς
971 983 1078 1036 ἀπὸ
1108 982 1200 1034 τοῦ
1231 980 1382 1041 δέους
1412 979 1521 1030 τῶν
1561 971 1840 1045 καίταπληυ

272 1080 475 1134 κτικῶν
498 1080 820 1147 γινομένων.
853 1075 1084 1144 Σεισμδς
1111 1074 1188 1136 δὲ,
1214 1071 1400 1133 κλόνος
1431 1071 1527 1140 τῆς
1562 1072 1685 1138 γῆς,
1722 1073 1844 1122 ἐπεὶ

273 1174 369 1225 καὶ
403 1171 560 1224 τοῦτο
592 1172 650 1221 ἐν
691 1171 803 1229 τοῖς
845 1165 1093 1234 σημείοις
1142 1162 1235 1215 τοῦ
1270 1162 1458 1224 τέλους
1510 1160 1842 1229 περιέχεται.

274 1264 343 1313 "tl
379 1259 602 1328 σεισμὸν
656 1257 828 1323 λέγει,
861 1256 958 1324 τὴν
1014 1251 1372 1323 μεταποίησιν
1417 1251 1508 1304 καὶ
1543 1248 1845 1318 μεταϐολὴν

270 1354 381 1406 τῶν
416 1351 672 1421 φθαρτῶν
702 1351 795 1403 ἐπὶ
823 1348 884 1400 τὸ
913 1347 1210 1414 ἄφθαρτον,
1233 1344 1260 1395 ὃ
1290 1344 1442 1395 ἕσται
1471 1342 1577 1395 ἀπὸ
1601 1342 1696 1408 τῆς
1721 1339 1844 1391 δευ-

276 1446 442 1514 τέρας
468 1440 708 1512 Χριστοῦ
736 1437 1059 1509 παρουσίας.
1093 1436 1167 1486 Te
1197 1435 1274 1497 δέ,
1324 1429 1448 1497 οἷος
1479 1433 1550 1484 οὐ
1579 1431 1841 1499 γέγονεν.

271 1537 500 1588 Οὐδέπω
549 1534 657 1602 γὰρ
710 1529 934 1598 τοιαύτη
992 1526 1301 1597 μεταλλαγὴ
1351 1524 1540 1592 γέγονε
1605 1522 1844 1593 φθαρτοῦ

273 1629 483 1694 κόσμου
512 1625 608 1677 ἐπὶ
646 1622 707 1675 τὸ
725 1620 998 1690 ἄφθαρτον
1027 1617 1121 1671 καὶ
1147 1613 1472 1679 διαιωνίζον.

348 1800 455 1854 Kal
493 1799 728 1868 ἐγένετο
774 1797 812 1862 ἡ
855 1796 1033 1858 πόλις
1067 1795 1103 1861 ἡ
1139 1791 1394 1861 μεγάλη.
1429 1789 1560 1855 Περὶ
1605 1788 1702 1857 τῆς
1747 1789 1844 1839 Ἰε-

273 1891 561 1960 ρουσαλὴμ
614 1887 865 1958 εἰρῆσθαί
931 1902 1076 1946 τινες
1146 1882 1457 1946 ἐξεδέξαντο
1503 1879 1696 1941 ταῦτα,
1745 1879 1843 1948 ούχ

273 1982 420 2034 οῦτω
448 1979 642 2048 πλήθει
675 1975 979 2048 ἀνθρώπων
1014 1977 1110 2026 καὶ
1161 1973 1473 2042 κτισμάτων
1506 1970 1846 2041 μεγαλοπρε-

277 2071 398 2122 πῶν
431 2069 507 2138 τῷ
542 2067 816 2138 μεγαλείῳ
851 2063 1116 2135 αύχούσῃ,
1149 2062 1223 2125 ὡς
1249 2063 1359 2124 τοῖς
1389 2058 1624 2130 Χριστοῦ
1648 2058 1846 2111 πάθεσι

276 2159 372 2210 καὶ
411 2161 473 2228 τῇ
506 2158 645 2212 κατὰ
700 2155 939 2226 Χριστὸν
973 2152 1256 2222 ἐπιδημίᾳ.
1300 2152 1376 2203 Δι’
1408 2151 1442 2205 ἆ
1473 2151 1567 2204 καὶ
1611 2149 1847 2202 ἀντιδιαο

278 2251 558 2304 στέλλεται
595 2249 702 2302 τῶν
761 2247 965 2300 λοιπῶν
1014 2245 1242 2308 πόλεων,
1275 2243 1339 2306 ἃς
1388 2244 1482 2295 καὶ
1516 2240 1735 2302 ἐθνικὰς
1781 2242 1844 2307 τῇ

278 2343 472 2413 Γραφῇ
506 2342 626 2404 ἔθος
679 2340 884 2393 καλεῖν.
921 2338 1028 2391 Teii
1050 2337 1158 2406 γάρ
1221 2334 1437 2405 Ἰσραὴλ
1486 2334 1673 2403 χωρὶς,
1723 2331 1847 2391 τοὺς

278 2433 477 2495 ἄλλους
505 2430 823 2502 ἀνθρώπους
850 2428 978 2498 ἔθνη
1009 2427 1168 2480 εἴωθε
1200 2424 1647 2496 προσαγορεύειν.
1707 2421 1850 2474 Ταύ-

279 2543 377 2595 της
407 2525 462 2578 δέ
499 2525 530 2593 ἡ
578 2525 656 2586 είς
688 2523 815 2592 τρία
872 2521 1014 2591 μέρη
1046 2518 1310 2588 διαίρεσις
1341 2516 1402 2569 τὸ
1448 2515 1557 2569 τῶν
1610 2515 1670 2566 ἐν
1711 2513 1849 2582 αὑτῇ

281 2616 686 2669 κατοικούντων
711 2613 998 2684 σημαίνειν
1013 2610 1269 2678 διάφορον
1295 2608 1562 2675 βούλεται,
1589 2607 1850 2675 Χριστια-

280 2707 406 2770 νῶν,
449 2707 738 2767 Ἰουδαίων,
771 2702 1146 2772 Σαμαρειτῶν,
1179 2702 1292 2753 Οὑκ
1321 2700 1550 2768 ἄκαιρον
1596 2697 1653 2749 δέ
1700 2696 1853 2748 πόλιν

284 2797 530 2867 μεγάλην
580 2796 671 2848 τὸν
730 2795 972 2863 παρόντα
1019 2794 1222 2862 κόσμον
1280 2789 1706 2859 ὑπολαμϐάνειν,
1774 2789 1852 2847 εξς

280 2891 407 2956 τρία
439 2889 580 2957 μέρη
611 2887 1005 2957 άφοριζόμενον
1027 2885 1133 2939 ἀπὸ
1152 2885 1246 2951 τῆς
1270 2881 1507 2952 Χριστοῦ
1528 2879 1852 2948 παρουσίας,

281 2983 358 3043 εἰς
395 2981 486 3032 τὸν
521 2981 617 3048 τῆς
657 2978 976 3048 Ἑλληνικῆς
1024 2973 1378 3044 ἐπικρατείας
1418 2971 1629 3041 καιρὸν,
1661 2971 1739 3032 εἰς
1764 2969 1855 3022 τὸν

280 3073 380 3139 τῆς
411 3072 516 3124 ὑπὸ
544 3069 882 3142 Χριστιανῶν
911 3067 1174 3138 βασιλέων
1221 3064 1496 3129 ἐξουσίας,
1529 3064 1622 3115 καὶ
1656 3063 1736 3125 είς
1764 3061 1856 3114 τὸν

283 3164 390 3217 ὑπὸ
412 3163 508 3216 τοῦ
552 3162 923 3232 Ἀντιχρίστου
956 3161 1052 3230 τῆς
1085 3159 1397 3230 ἐπιδημίας.
1436 3157 1630 3218 Πόλεις
1665 3156 1722 3208 δὲ
1749 3156 1852 3208 τῶν

284 3255 456 3307 ἐθνῶν
481 3254 536 3306 αί
570 3255 888 3319 πίπτουσαι,
930 3254 1050 3323 ῆτοι
1093 3252 1148 3305 αἱ
1179 3251 1427 3319 διάφοροι
1468 3248 1598 3318 περὶ
1637 3247 1737 3315 τὴν
1765 3248 1856 3298 εὑ-
1885 3247 1928 3265 “

285 3345 417 3414 σεϐῆ
462 3345 645 3396 πίστιν
681 3344 982 3413 ὑπολήψεις
1023 3344 1089 3411 τῇ
1138 3341 1405 3411 διαφωνία
1462 3340 1523 3392 τὸ
1579 3339 1858 3392 εὑπτιςτον

298 3436 676 3505 κληρούμεναι
697 3450 710 3464 ’
742 3436 774 3503 ἢ
805 3436 898 3487 καὶ
932 3435 1092 3486 αὑταὶ
1124 3433 1179 3485 αἰ
1210 3433 1414 3494 πόλεις.

353 3527 461 3580 Kal
492 3525 779 3579 Βαϐυλὼν
825 3526 864 3592 ἠ
899 3524 1128 3594 μεγάλη
1158 3523 1430 3593 ἐμνήσθη
1471 3524 1727 3576 ἐνώπιον
1754 3525 1858 3577 τοῦ

288 3616 459 3681 Θεοῦ,
495 3615 706 3670 δοῦναι
760 3614 917 3682 αὐτῇ
950 3615 1018 3668 τὸ
1056 3613 1342 3682 ποτήριον
1398 3614 1504 3667 τοῦ
1534 3616 1703 3667 οἴνου
1754 3614 1859 3667 τοῦ

285 3706 477 3775 θυμοῦ
509 3706 619 3773 τῆς
647 3707 829 3775 ἀργῆς
856 3707 1060 3766 αὐτοῦ,
1095 3706 1190 3759 καὶ
1224 3704 1391 3760 πᾶσα
1432 3705 1626 3772 νῆσος
1652 3707 1857 3774 ἔφυγε,

285 3801 382 3852 καί
411 3799 518 3867 ὄρη
571 3801 685 3866 οὺχ
717 3797 1070 3865 εὑρέθησαν.
1113 3796 1218 3850 Kal
1261 3795 1484 3864 χάλαζα
1507 3797 1738 3864 μεγάλη
1779 3799 1858 3863 ὡς

285 3893 634 3944 ταλαντιαία
666 3891 1005 3943 καταϐαίνει
1043 3888 1112 3941 ἐκ
1145 3888 1250 3942 τοῦ
1283 3888 1544 3955 οὐρανοῦ
1581 3889 1675 3941 ἐπὶ
1721 3889 1858 3953 τοὺς

284 3984 640 4048 ἀνθρώπους
663 3999 676 4012 ·
714 3981 811 4034 καί
843 3982 1329 4050 ἐϐλασφήμησαν
1353 3983 1405 4032 οἱ
1430 3979 1723 4045 ἅνθρωποι
1754 3980 1859 4031 τὸν

288 4077 436 4127 Θεὸν
467 4076 534 4127 ἐκ
591 4073 700 4140 τῆς
732 4073 970 4141 πληγῆς
1008 4072 1114 4141 τῆς
1169 4072 1449 4142 χαλάζὸρς,
1493 4073 1582 4125 ὅτι
1627 4072 1858 4141 μεγάλη

285 4166 458 4219 ἐστίν
491 4167 529 4233 ἡ
559 4164 763 4234 πληγὴ
795 4164 984 4232 αὐτῆς
1012 4163 1270 4233 σφόδρα.

360 4257 672 4320 Βαϐυλῶνα,
699 4258 759 4309 ού
783 4254 882 4325 τὴν
928 4255 1147 4325 Ῥώμην
1178 4255 1326 4322 λέγει
1353 4254 1450 4325 τὴν
1477 4254 1740 4319 παλαιάν,
1774 4253 1860 4308 διὰ

285 4352 346 4403 τὸ
380 4352 437 4403 ἐν
468 4349 604 4419 αὑτῇ
655 4349 798 4400 κατὰ
839 4348 967 4410 τοὺς
1007 4347 1349 4417 Ἑλληνικοὺς
1380 4348 1602 4417 χρόνους
1635 4347 1862 4408 πολλοὺς

287 4440 396 4494 τῶν
428 4439 600 4506 ἁγίων
655 4437 948 4508 μαρτύρων
996 4437 1187 4490 παθεῖν
1216 4436 1284 4489 τὰ
1332 4437 1603 4506 ἀνήκεστα
1632 4453 1645 4467 ·
1678 4437 1736 4489 ού
1771 4436 1861 4488 τὸν

1943 611 2287 663 substantiali
2339 612 2502 663 modo
2550 616 2780 662 cunctos
2834 606 3244 674 supereminet,
3293 606 3507 673 primus

1944 719 2138 772 parcns
2173 702 2349 766 Deus;
2387 717 2509 756 nam
2535 701 2584 754 id
2627 699 2937 768 significare
2959 696 3060 750 sibi
3103 695 3218 750 vult
3256 696 3508 748 thronus.

2019 796 2083 849 Et
2115 796 2263 864 facta
2297 803 2418 847 sunt
2458 793 2676 862 fulgura
2701 801 2750 846 et
2793 793 3027 846 tonitrua
3044 801 3091 844 et
3112 805 3254 843 voces
3281 798 3330 842 et
3362 797 3513 841 terra:

1945 898 2137 943 motus.
2165 886 2400 955 Fulgura
2447 896 2501 939 et
2548 886 2781 939 tonitrua
2821 886 2889 939 de
2934 885 3097 947 «telo,
3127 896 3287 935 voces
3329 891 3510 934 autem

1944 979 2012 1031 ab
2038 977 2119 1031 his
2144 977 2237 1046 qui
2273 977 2324 1029 in
2351 986 2494 1030 terra
2541 989 2645 1043 pra
2687 975 2878 1027 timore
2920 972 3258 1027 consternati
3307 979 3511 1024 erant:

1946 1077 2103 1120 terra:
2135 1075 2316 1120 motus
2346 1079 2494 1128 vero,
2557 1065 2658 1117 hoc
2696 1072 2776 1116 est
2813 1064 3095 1132 quassatio
3152 1079 3217 1117 ac
3277 1061 3516 1115 turbatio

1946 1167 2124 1221 teme,
2155 1171 2282 1210 nam
2320 1155 2633 1225 huiusmodi
2665 1155 2823 1207 linem
2851 1155 3002 1222 signa
3029 1155 3275 1209 obtinere
3312 1154 3511 1207 solent.

1946 1250 2054 1301 Aut
2105 1257 2265 1302 terra:
2294 1257 2501 1301 motum
2548 1245 2681 1299 dicit
2722 1244 3199 1314 transpositioncm
3248 1252 3304 1313 et
3339 1251 3516 1297 muta-

1947 1339 2145 1392 tionem
2192 1353 2222 1392 a
2271 1336 2720 1406 corruptibilibus
2771 1335 2838 1388 ad
2885 1333 3336 1403 incorruptibilia,
3367 1334 3511 1402 quod

1946 1430 2048 1484 erit
2081 1445 2108 1482 a
2141 1428 2381 1484 secundo
2411 1429 2610 1482 Christi
2659 1427 2916 1481 adventu.
2957 1426 3045 1478 Ait
3073 1433 3276 1487 autem,
3333 1423 3508 1491 qualis

1949 1522 2180 1588 nonfuit
2220 1537 2237 1574 :
2273 1522 2512 1586 nondum
2552 1520 2698 1573 enim
2741 1518 2865 1572 talis
2902 1517 3043 1572 facta
3092 1525 3177 1571 est
3218 1515 3446 1569 mutatio
3481 1530 3512 1568 a

1951 1613 2286 1681 corruptibili
2339 1611 2543 1665 mundo
2595 1611 2660 1664 ad
2709 1609 3173 1678 incorruptibilcm
3229 1618 3284 1662 et
3324 1593 3520 1676 sempi-

1952 1714 2183 1755 ternum.
3190 1747 3192 1749 .

2022 1790 2087 1844 Et
2119 1792 2287 1845 divisa
2309 1802 2384 1845 est
2423 1791 2607 1845 civit'as
2657 1808 2870 1862 magna.
2902 1790 3159 1846 Nonnulli
3189 1797 3520 1859 acceperunt

1956 1895 2012 1935 ut
2046 1883 2156 1935 hsrc
2179 1882 2243 1935 dc
2267 1880 2571 1937 Jerusalem
2603 1884 2913 1937 dicerentur
2946 1899 2960 1935 :
2998 1897 3104 1936 non
3135 1882 3269 1935 adeo
3299 1887 3520 1948 propter

1957 1976 2236 2029 hominum
2265 1974 2669 2028 multitudinem
2718 1983 2814 2028 aut
2857 1973 3149 2026 maximam
3199 1971 3519 2039 iactantiam

1955 2068 2368 2136 magniticarum
2446 2065 2905 2135 possessionum,
2959 2073 3222 2133 quantum
3306 2073 3522 2133 propter

1955 2160 2157 2214 Christi
2211 2159 2517 2226 passionem
2582 2171 2646 2211 ac
2717 2152 3252 2226 peregrinationem;
3305 2164 3524 2225 propter

1958 2252 2104 2322 quod
2134 2251 2300 2306 etiam
2335 2266 2397 2305 ex
2422 2249 2650 2327 adverso
2673 2249 2958 2317 distinguit
2989 2250 3226 2318 reliquas
3253 2249 3522 2312 civitates,

1957 2357 2094 2410 quas
2125 2342 2294 2396 moris
2321 2341 2474 2396 estin
2501 2339 3004 2409 Scripturavocare
3036 2332 3331 2410 gentilitias
3357 2357 3368 2391 :
3400 2355 3523 2391 nam

1961 2433 2199 2502 reliquos
2254 2433 2502 2488 homines
2550 2435 2619 2486 ab
2650 2431 2907 2491 Israelitis
2936 2431 3072 2485 solet
3109 2425 3308 2499 genti-5.
3345 2433 3529 2499 appet-

1960 2525 2090 2580 lare.
2130 2525 2304 2596 Hujus
2331 2535 2512 2578 autem
2559 2525 2613 2578 in
2648 2535 2756 2579 tres
2787 2533 2968 2592 partes
2991 2523 3191 2578 divisio
3236 2524 3356 2576 vult
3381 2522 3527 2577 desi-

1961 2634 2127 2686 gnare
2169 2618 2538 2673 diversitatem
2591 2631 2780 2670 eorum
2844 2616 2936 2685 qui
2977 2615 3029 2668 in
3076 2630 3136 2669 ea
3187 2615 3527 2680 habitabant,

1962 2723 2154 2776 nempe
2180 2706 2640 2768 Christianorum,
2661 2702 2998 2768 Judaaoruin,
3032 2702 3528 2758 Samaritanorum.

1962 2799 2077 2852 Non
2113 2799 2273 2852 fuerit
2303 2808 2482 2851 tamen
2507 2798 2949 2866 intempestivum
2965 2797 3240 2851 civitatem
3275 2812 3529 2864 magnam

1963 2891 2209 2960 accipere
2239 2898 2557 2957 przesentem
2608 2879 2872 2944 mundum
2910 2890 2961 2944 in
3005 2898 3115 2943 tres
3173 2898 3353 2958 partes
3380 2889 3532 2943 divia

1963 2999 2082 3036 sum
2131 2984 2200 3037 ab
2232 2985 2464 3036 adventu
2513 2981 2754 3036 Christi:
2789 2993 2916 3051 puta
2960 2983 3013 3036 in
3047 2991 3258 3050 tempus
3312 2981 3528 3052 imperii
3561 3011 3564 3013 -

1965 3074 2304 3139 Grmcorum,
2341 3074 2393 3127 in
2425 3082 2636 3142 tempus
2660 3073 2944 3143 potestatis
2970 3089 3154 3140 regum
3184 3073 3530 3127 Christiano-

1969 3183 2087 3219 rum
2122 3207 2136 3230 ,
2184 3174 2239 3219 et
2302 3164 2354 3217 in
2407 3173 2618 3232 tempus
2685 3163 2950 3216 adventus
3006 3163 3108 3216 sub
3175 3162 3530 3216 Antichristo.

1967 3257 2138 3309 l‘orro
2186 3255 2440 3308 cadentes
2473 3255 2711 3322 gentium
2770 3254 3039 3316 civitates,
3066 3263 3159 3307 aut
3197 3256 3360 3307 variae
3404 3261 3536 3307 sunt

1965 3349 2108 3402 circa
2143 3349 2265 3401 tidei
2305 3347 2560 3417 pietatem
2592 3347 2900 3416 Opinioncs,
2933 3363 3052 3414 qua:
3076 3347 3148 3401 ob
3179 3348 3266 3400 sui
3315 3347 3530 3400 discor-

1965 3440 2108 3491 iliam
2141 3439 2298 3492 facile
2321 3438 2601 3501 decidunt,
2629 3448 2723 3491 aut
2763 3440 3126 3508 ipsasquque
3153 3439 3421 3492 civitates.

2036 3528 2181 3595 XVI,
2215 3529 2397 3583 19-21.
2439 3529 2506 3582 Ει
2543 3530 2783 3599 Babylon
2815 3549 3005 3600 magna
3054 3531 3188 3585 venit
3229 3531 3280 3583 in
3335 3548 3532 3583 memo-

1967 3625 2101 3675 riam
2155 3640 2327 3676 coram
2368 3622 2494 3684 Deo,
2525 3633 2581 3675 ut
2628 3623 2777 3676 daret
2824 3624 2924 3691 ipsi
2953 3624 3193 3688 poculum
3231 3625 3334 3676 cini
3390 3624 3532 3675 iniii-

1965 3717 2226 3784 gnationis
2257 3718 2350 3769 ira:
2378 3733 2509 3769 stite.
2545 3716 2609 3769 Et
2651 3717 2819 3769 omnis
2859 3718 3031 3770 insula
3073 3717 3228 3786 fugit,
3263 3727 3308 3768 et
3342 3733 3459 3768 mon
3484 3734 3536 3769 es

1967 3826 2067 3862 non
2087 3817 2208 3861 siml
2242 3809 2454 3862 inventi.
2495 3809 2662 3878 788
2692 3808 2761 3861 Ει
2797 3815 3000 3877 grando
3032 3825 3224 3877 magna
3255 3811 3403 3878 quasi
3463 3821 3538 3860 ta-

1965 3901 2092 3952 lenti
2145 3902 2372 3965 pondere
2425 3900 2687 3954 descendit
2750 3902 2813 3953 de
2877 3901 3002 3953 coelo
3045 3899 3372 3952 in-ltomines
3410 3917 3428 3953 :
3488 3913 3535 3954 ct

1965 3990 2456 4053 blasphemarerunt
2523 3991 2758 4045 homines
2835 3991 3000 4044 Deum
3059 4004 3268 4060 pmpler
3331 3993 3539 4060 plagam

1966 4083 2263 4151 grandinis,
2295 4085 2433 4150 quod
2459 4099 2650 4153 magna
2683 4094 2813 4137 esset
2843 4084 2996 4153 plaga
3042 4085 3156 4149 eius
3192 4085 3537 4137 vehementer.

2038 4259 2364 4330 Babylonem
2417 4261 2548 4313 dicit
2605 4275 2712 4312 non
2772 4268 3008 4312 vctcrcin
3067 4257 3314 4324 Romam,
3366 4275 3538 4327 quau—

1966 4367 2127 4420 quam
2173 4354 2226 4405 in
2276 4367 2337 4406 ea
2402 4351 2739 4420 temporibus
2792 4349 3106 4405 Graecorum
3167 4350 3318 4402 multi
3365 4355 3537 4403 saluti

1967 4453 2234 4535 martyres
2269 4442 2484 4511 indigna
2514 4441 2657 4510 passi
2691 4440 2799 4495 sint
2826 4457 2840 4505 ;
2896 4453 3002 4493 non
3031 4439 3288 4492 mundum
3319 4438 3538 4492 univer-

287 4535 507 4586 ᾶπαντα
527 4530 732 4598 κόσμον
755 4529 970 4599 κᾶνέχῃ
987 4529 1108 4581 τινα
1125 4526 1412 4597 ἀποδοχὴν,
1443 4522 1596 4590 οὗτος
1624 4530 1651 4580 ὁ
1676 4528 1862 4595 λόγος,
1897 4562 1928 4618 ῃ

1969 4522 2113 4595 sum,
2157 4549 2466 4603 quanquam
2505 4533 2650 4586 hunc
2698 4547 2917 4585 sensum
2966 4531 3206 4585 nonnulli
3261 4545 3541 4583 common-

293 4620 544 4690 εἰρῆσθαι
573 4619 682 4688 γὰρ
721 4618 882 4672 αὑτὸν
918 4618 1208 4672 Βαϐυλῶνα
1235 4619 1325 4670 καὶ
1355 4618 1619 4686 μεγάλην,
1656 4618 1751 4671 ita
1796 4620 1860 4671 ἐκ

287 4711 398 4765 τῶν
442 4710 536 4764 τοῦ
571 4710 688 4780 βίου
743 4709 1154 4780 περισπασμῶν
1205 4709 1430 4761 είκαίων
1468 4710 1527 4760 τὸ
1575 4709 1861 4777 μεγαλεῖον

287 4803 561 4873 ἐσχηκότα
589 4818 603 4832 ·
643 4803 692 4854 εἰ
726 4801 834 4871 γὰρ
865 4803 894 4854 ὁ
933 4803 1135 4871 κόσμος
1165 4801 1252 4854 διὰ
1280 4802 1377 4870 τῆς
1419 4801 1733 4874 Βαϐυλῶνος
1761 4803 1861 4855 ὑπ-

287 4893 593 4964 εσημάνθη,
618 4892 698 4954 τίς
717 4893 749 4961 ἡ
765 4891 1015 4963 διαστολὴ
1039 4893 1149 4946 τῶν
1176 4894 1353 4961 νήσων
1379 4893 1485 4945 άπὸ
1509 4892 1599 4945 τοῦ
1631 4893 1859 4961 κόσμου,

292 4989 461 5058 μέρος
494 4985 672 5038 ούσῶν
698 4983 793 5037 τοῦ
820 4985 1026 5054 κόσμου
1079 4986 1174 5037 καὶ
1217 4984 1434 5047 αὐτῶνς
1473 4984 1728 5036 Λείπεται
1768 4981 1862 5038 οὖν

291 5079 487 5149 ἑτέραν
524 5076 638 5148 (56)
673 5077 919 5128 ὑπονοεῖν
947 5076 1242 5129 Βαϐυλῶνα
1266 5078 1439 5130 εἰκότι
1465 5077 1605 5146 λόγῳ
1626 5095 1640 5108 ·
1665 5079 1758 5130 καὶ
1781 5077 1862 5138 τίς

289 5171 466 5237 αῦτης
502 5169 618 5221 Ούκ
643 5169 801 5236 άλλη,
830 5169 918 5238 ἢη
946 5168 1381 5231 Κωνσταντίνου,
1423 5169 1481 5221 ἐν
1590 5166 1757 5221 πάλαι
1791 5167 1864 5220 δι-

292 5261 558 5330 καιοσύνη
592 5261 896 5328 ἐκοσμήθη,
954 5261 1050 5314 νῦν
1094 5260 1149 5313 δέ
1196 5260 1253 5312 ἐν
1300 5261 1438 5330 αὐτῇ
1495 5263 1771 5328 φονευταὶ,
1805 5261 1870 5311 ἐκ

291 5351 642 5422 παραλλήλου
675 5350 929 5419 ἁμίλλης,
959 5351 1068 5403 τῶν
1100 5350 1395 5403 πολιτικῶν
1424 5353 1534 5413 τοῖς
1581 5351 1869 5418 ἐκκλησια-

295 5445 500 5506 στικοίς
542 5441 866 5510 ἐξισωθῆναι
898 5442 1255 5504 σπευδόντων,
1287 5441 1486 5509 μᾶλλον
1520 5441 1574 5493 δὲ
1606 5442 1705 5492 οὑκ
1740 5442 1867 5492 ἰσω-

292 5537 475 5604 θῆναι,
509 5535 556 5586 εἰ
597 5533 756 5602 μήτις
786 5532 846 5596 ἐξ
870 5533 1051 5585 αὑτῶν
1090 5533 1195 5602 άρῃ
1233 5533 1291 5584 τὸ
1318 5535 1586 5600 ἀριστεῖον
1618 5533 1699 5595 είς
1740 5532 1860 5601 μεί-

285 5625 416 5690 ζονα
444 5624 591 5676 θείου
636 5622 810 5691 θυμοῦ
856 5623 1074 5691 ἄναψιν.
1116 5625 1205 5675 Διδ
1248 5624 1340 5674 καὶ
1375 5625 1405 5690 ἠ
1437 5624 1652 5694 ἀπαθὴς
1698 5624 1858 5692 φύσις

359 5802 473 5871 (λϐ)
529 5801 797 5870 Ἐτέρῳ...
831 5800 974 5868 λόγῳ
992 5801 1139 5867 vulg.

572 5898 846 5986 Parnm.
889 5897 1005 5955 (in.
1036 5896 1190 5958 CVI.

1967 4631 2115 4687 dent,
2156 4642 2278 4680 cum
2327 4626 2508 4681 dictus
2553 4625 2623 4680 sit
2654 4624 2888 4694 Babylon
2934 4634 2988 4678 et
3042 4638 3233 4694 magna
3277 4620 3538 4692 Babylon,

1969 4727 2027 4772 ut
2070 4718 2161 4786 qui
2220 4719 2647 4787 magnitudinem
2685 4719 2877 4771 habrat
2912 4733 2975 4770 ex
3018 4683 3203 4770 vanis"
3227 4716 3387 4783 hujus
3415 4717 3538 4768 vitae

1967 4809 2418 4878 occupationibus
2454 4823 2515 4860 ac
2539 4807 2985 4862 distractionibus
3015 4825 3026 4860 :
3061 4820 3185 4859 nam
3216 4805 3259 4859 si
3293 4806 3530 4857 mundus

1969 4913 2064 4966 per
2087 4897 2416 4971 Babylonem
2449 4897 2786 4967 signiﬁcatus
2815 4908 2980 4957 esset.
3005 4910 3127 4964 quae
3153 4902 3298 4948 esset
3332 4894 3539 4946 insiila-

1969 5004 2089 5043 rum
2135 4989 2434 5043 (litl'erentia
2470 5005 2499 5042 a
2549 4990 2770 5055 mundo,
2800 5005 2924 5043 cum
2978 4997 3032 5041 ct
3075 4989 3205 5055 ipsa:
3244 4988 3350 5040 sint
3409 5000 3536 5054 pars

1971 5083 2200 5134 mundi?
2229 5081 2514 5151 Reliquum
2538 5082 2808 5149 estigitur
2841 5089 2899 5133 ut
2933 5071 3094 5132 a’liam
3130 5079 3410 5132 verisimili
3448 5079 3534 5131 in-

1965 5173 2254 5241 telligentia
2305 5171 2635 5241 Babylonem
2689 5172 3094 5241 intelligamus;
3151 5177 3206 5223 et
3272 5183 3394 5237 qua:
3449 5179 3533 5222 est

1968 5266 2119 5319 haec?
2161 5264 2318 5319 Certe
2369 5279 2477 5318 non
2537 5264 2641 5318 alia
2690 5278 2855 5334 quam
2902 5261 3421 5330 Constantinopolis,
3474 5261 3529 5313 in

1967 5371 2072 5424 qua
2106 5355 2233 5408 olim
2261 5355 2471 5423 justitia
2508 5355 2811 5420 colebatur,
2844 5369 2987 5407 nunc
3018 5362 3196 5406 autem
3222 5352 3273 5405 in
3297 5368 3359 5405 ea
3399 5363 3524 5403 sunt

1972 5447 2254 5500 homicith
2306 5463 2369 5500 ex
2412 5458 2597 5501 mutua
2643 5447 2991 5501 contentione
3027 5463 3041 5498 τ
3081 5446 3209 5498 dum
3247 5447 3390 5498 cives
3445 5459 3532 5495 ec-

1971 5538 2294 5593 clesiasticis
2325 5543 2526 5608 mquari
2555 5543 2818 5602 nituntur,
2870 5541 2978 5592 imo
3012 5554 3135 5591 vero
3171 5552 3273 5589 non
3303 5537 3527 5605 :rqaari.

1971 5631 2063 5685 sed
2090 5631 2357 5700 quispiam
2397 5634 2635 5702 ipsorum
2674 5631 2952 5702 prmmium
2997 5631 3223 5699 accipiat
3253 5632 3317 5682 ad
3361 5628 3527 5697 majo.

3097 5899 3173 5955 23
