4252 6436
305 418 407 479 717

304 623 542 691 βασιλεῖς
576 624 675 692 τῆς
719 626 820 692 γῆς
877 620 1024 678 οὗτοί
1058 629 1195 679 εἰσιν
1227 631 1272 680 οἱ
1307 631 1513 696 γηῖνοις
1559 632 1868 698 φρονήμασι

303 713 443 780 πρὸς
478 712 538 762 τὸ
571 715 836 782 συρφετὸν
868 715 960 766 τοῦ
996 718 1260 786 παρόντος
1305 718 1419 786 βίου
1453 719 1868 772 κατακυλισθέν-

298 821 415 866 τες.
456 806 519 856 Οἱ
545 806 590 857 δ’
623 807 776 858 αὐτοὶ
808 807 902 858 καλ⁸
933 807 1333 878 ἐμεθύσθησαν,
1362 809 1438 878 τῷ
1480 811 1552 878 μὴ
1581 813 1642 862 ἐκ
1668 812 1868 880 μικρᾶς

300 900 396 950 καὶ
429 899 527 969 τῆς
555 905 822 970 τυχούσης
849 906 1116 971 χρήσεως,
1166 905 1284 958 ἀλλ’
1328 908 1388 958 ὲκ
1414 908 1605 960 πολλοῦ
1634 907 1727 960 τοῦ
1769 926 1866 960 πε-

303 993 528 1062 ριόντος,
559 993 938 1063 ἐμφορηθῆναι
970 998 1062 1064 τῆς
1101 997 1375 1059 ἀσεϐείας.

370 1081 475 1134 Καὶ
509 1081 810 1150 ἁπήνεγκέ
834 1102 909 1152 με
951 1089 1035 1151 εὶς
1069 1087 1291 1155 ἔρημον
1322 1089 1389 1139 ἐν
1430 1088 1869 1156 πνεύματι.’1“ὴν

300 1170 566 1239 ἐσομένην
594 1171 649 1222 ἐν
679 1170 794 1232 τοῖς
837 1179 1226 1242 πνευματικοῖς
1268 1177 1550 1244 ἐρήμωσιν
1589 1179 1620 1244 ἡ
1669 1175 1868 1245 θεωρία

298 1261 620 1325 αἰνίττεται,
653 1263 720 1331 ἡν
744 1265 817 1327 ῶς
850 1269 1081 1331 γυναῖκα
1107 1267 1231 1319 ίδεῖν
1258 1285 1387 1336 φησι
1410 1268 1868 1338 διατεθηλυμένην

297 1355 390 1405 καί
417 1353 490 1416 ὡς
526 1354 733 1425 πόρνην
769 1357 862 1408 καὶ
889 1356 1173 1428 ἄνανδρον,
1209 1362 1376 1429 μηδὲν
1404 1361 1633 1427 ἔχουσαν
1664 1377 1867 1430 σωφρο-

297 1447 465 1514 σύνης
501 1446 809 1519 γνώρισμα.
861 1451 934 1502 Τὸ
967 1450 1022 1503 δὲ
1059 1453 1115 1502 έν
1162 1452 1431 1521 πνεύματι
1477 1453 1864 1522 ἀπενεχθῆναι,

294 1537 351 1588 τί
384 1538 446 1588 ἂν
474 1537 602 1590 ἄλλο
635 1541 975 1607 σημαίνοιεν,
1009 1542 1041 1611 ἢ
1076 1543 1136 1595 τὸ
1183 1544 1257 1614 μὴ
1316 1545 1714 1613 πραγματικῶς
1749 1545 1864 1596 rat‘

298 1633 578 1700 ἐνέργειαν
609 1634 778 1686 ταῦτα
810 1636 962 1704 όρᾷν,
1005 1635 1139 1687 ἀλλὰ
1188 1633 1537 1706 θεωρητικῶς
1563 1637 1822 1704 ἠξιῶσθαι
1849 1653 1862 1702 ;

310 1721 426 1788 Ἀφ’
458 1719 517 1776 οῦ
548 1725 641 1776 καὶ
670 1725 834 1794 ἄλλης
869 1728 1128 1794 γυναικὸς
1165 1727 1391 1795 ίνδαλμα
1425 1726 1864 1796 χρηματισθῆναι

297 1815 390 1864 ἐπὶ
423 1814 613 1883 θηρίον
640 1817 890 1868 κόκκινον
918 1817 1260 1888 καθημένην,
1295 1823 1527 1884 γυναῖκα
1555 1819 1644 1870 τὸν
1675 1819 1860 1889 καιρὸν

1363 424 1509 484 COM
1523 426 1739 486 MENT.
1791 428 1864 486 IN
1908 428 2133 488 APOCA
2144 431 2430 492 LYI‘SIN.

375 532 509 585 Μεθ’
647 533 1026 600 ἐπόρνευσαν
1069 539 1123 587 oi
1169 537 1446 602 ,βασιλεῖς
1505 538 1612 606 τῆς
1651 539 1782 606 γῆς.
1813 541 1874 590 Ol
1909 547 1948 600 Α

3433 438 3541 500 718

2052 543 2183 595 (.‘um
2216 561 2320 611 qua
2364 547 2586 600 scortati
2613 556 2734 599 sunt
2788 563 2926 615 reges
2956 555 3130 600 terra’.
3173 548 3342 616 Reges
3390 561 3543 606 terra;

1980 632 2031 684 bi
2082 644 2231 695 sunt,
2259 638 2348 703 qui
2386 647 2601 691 terreno
2651 654 2814 692 sensu
2855 639 2921 692 ad
2965 639 3206 708 \‘ulgaria
3267 644 3543 708 prmsentis

1979 721 2098 774 rite
2131 724 2515 780 devolvuntur.
2553 725 2614 780 lli
2664 737 2844 782 autem
2877 729 3040 782 etiam
3089 729 3341 785 inebriati
3389 745 3538 797 sunt,

1975 794 2233 881 eo'quod
2292 831 2398 867 non
2444 831 2508 869 ex
2546 818 2764 871 modico
2810 828 2863 872 et
2917 819 3156 885 vulgato,
3189 821 3283 873 sed
3347 837 3542 892 magno

1975 919 2074 956 usu
2105 907 2449 972 pt'teseutium
2483 909 2750 962 satientur
2785 911 3079 980 impietate.

2046 1075 2112 1128 Et
2148 1078 2367 1130 abstulit
2401 1096 2480 1132 me
2532 1082 2720 1149 spiritu
2758 1084 2811 1134 in
2857 1085 3138 1140 desertum.
3174 1086 3336 1155 790
3390 1085 3538 1143 Illam

1971 1168 2363 1223 desolationem
2423 1173 2813 1241 contemplatio
2874 1175 3121 1243 designat
3174 1194 3295 1246 qua:
3355 1179 3538 1236 futura

1970 1267 2052 1311 est
2095 1260 2147 1313 in
2196 1261 2591 1329 spiritualibus,
2633 1281 2796 1333 quam
2832 1281 2890 1320 se
2928 1267 3128 1322 vidisse
3160 1272 3235 1323 ait
3277 1280 3537 1340 tauquam

1972 1348 2273 1416 mulierem,
2331 1369 2521 1424 nempe
2572 1355 2934 1410 effeminatam
2979 1371 3032 1413 et
3077 1361 3240 1415 veluti
3289 1365 3536 1418 meretri-

1971 1451 2084 1491 cem
2128 1455 2192 1493 ac
2245 1457 2432 1510 parum
2495 1447 2747 1512 virilem,
2810 1449 3126 1520 nullumque
3187 1453 3538 1510 continentia:

1971 1529 2185 1598 signum
2230 1531 2538 1587 habentem.
2568 1537 2736 1590 Porro
2766 1540 2911 1606 quod
2935 1541 3129 1608 spiritu
3158 1545 3408 1601 sublatus
3443 1547 3533 1611 sit,

1969 1619 2098 1688 quid
2143 1621 2290 1675 aliud
2343 1623 2653 1692 signiﬁcare
2699 1638 2890 1694 potest.
2917 1633 3021 1685 nisi
3073 1634 3216 1701 quod
3263 1636 3377 1689 haec
3427 1653 3534 1691 non

1969 1712 2349 1766 existimentur
2397 1716 2554 1785 digna
2609 1733 2732 1786 quae
2771 1721 2990 1775 realiter
3036 1733 3088 1776 et
3122 1724 3240 1792 ipso
3283 1737 3406 1780 actu
3448 1729 3534 1781 vi-

1969 1803 2218 1870 deantur,
2257 1808 2349 1861 sed
2401 1808 2454 1862 in
2487 1812 2980 1880 contemplatione?
3008 1815 3156 1869 Unde
3195 1818 3357 1871 etiam
3395 1823 3534 1874 alte-

297 1902 415 1952 καθ⁹
452 1904 511 1955 ὃν
561 1905 732 1956 ταῦτα
787 1904 1095 1972 διεξάγεται
1160 1909 1468 1977 παριστῶν,
1519 1908 1642 1960 καθ’
1678 1907 1736 1961 ὃν
1785 1908 1861 1978 τῷ
1898 1888 1976 1946 BI

1855 1929 1861 1957 ,
1898 1888 1936 1944 Β
1967 1895 2079 1948 rius
2104 1897 2344 1954 mulieris
2376 1899 2730 1955 simulacrum
2753 1905 2975 1958 oraculo
3001 1905 3364 1975 signiﬁcatum
3412 1926 3534 1967 esse

294 1994 527 2065 διαϐόλῳ
552 1997 645 2048 καὶ
676 1999 969 2068 αίμοχαρεῖ
987 1998 1167 2068 (τοῦτο
1185 1999 1292 2068 γὰρ
1315 1999 1376 2052 τὸ
1402 2000 1651 2051 κόκκινον
1667 2000 1863 2071 χρῶμα

294 2085 486 2153 δηλοῦν
512 2086 787 2156 βούλεται)
818 2089 846 2140 ό
883 2088 973 2140 διὰ
1018 2088 1271 2158 πονηρῶν
1311 2089 1562 2157 πράξεων
1608 2092 1861 2160 ἐνεργού-

297 2193 456 2242 μενος
485 2178 927 2239 ἐπαναπαύεται,
958 2179 1055 2248 τῆς
1081 2178 1348 2248 καθέδρας
1376 2179 1532 2232 τοῦτο
1561 2185 1698 2233 νοεῖν
1734 2183 1864 2234 ὑπο-

293 2267 646 2339 ϐαλλομένης.
706 2270 976 2340 Ὀνόματα
1025 2271 1080 2323 δὲ
1131 2270 1502 2341 βλασφημίας,
1528 2272 1588 2325 τὸ
1617 2271 1694 2342 τῷ
1744 2273 1863 2344 Θεῷ

297 2358 504 2427 πρέπον
541 2359 702 2424 σέῦας
733 2359 809 2432 τῷ
845 2361 1074 2432 διαϐόλῳ
1112 2362 1442 2416 ἀνατιθέναι.

367 2616 468 2667 Καὶ
504 2616 538 2682 ἡ
570 2616 720 2684 γυνὴ
765 2611 844 2686 ἦν
891 2618 1360 2689 περιϐεϐλημένη
1407 2622 1719 2690 πορφύραν
1763 2623 1860 2676 καί

292 2706 597 2770 κόκκινον,
646 2709 1074 2778 κεχρυσωμένη
1115 2712 1346 2779 χρυσίῳ
1380 2712 1476 2765 καὶ
1516 2715 1664 2778 λίθῳ
1694 2715 1862 2781 τιμίῳ

292 2793 387 2844 καὶ
438 2797 842 2862 μαργαρίταις,
883 2797 1112 2865 ἔχουσα
1155 2799 1443 2866 ποτήριον
1487 2800 1759 2867 χρυσοῦν
1793 2800 1861 2852 ἐν

294 2882 365 2949 τῇ
423 2886 571 2952 χειρί
628 2885 820 2953 αὐτῆς
865 2886 1044 2956 γέμον
1113 2888 1549 2956 ,ϐδελυγμάτων
1599 2891 1695 2943 καὶ
1745 2889 1861 2942 τῶν

287 2974 634 3044 ἀκαθάρτων
651 2977 758 3044 τῆς
781 2978 1059 3044 πορνείας
1084 2977 1192 3045 τῆς
1213 2977 1346 3045 τῆς,
1381 2982 1478 3032 καὶ
1509 2981 1605 3032 ἐπὶ
1629 2982 1695 3032 τὸ
1721 2985 1860 3048 μέτ-

235 3097 248 3111 ,
289 3082 456 3116 ωπον
531 3065 720 3132 αὐτῆς
780 3067 967 3136 ὄνομα
1015 3069 1439 3137 γεγραμμένον,
1485 3070 1857 3137 μυστήριον

290 3154 578 3207 Βαϐυλὼν
609 3156 645 3221 ἡ
681 3156 934 3224 μεγάλη,
979 3159 1014 3224 ἠ
1048 3157 1239 3224 μήτηρ
1277 3157 1393 3210 τῶν
1434 3159 1724 3226 πορνειῶν
1760 3160 1859 3214 καί

1965 1984 2222 2050 ostendit,
2290 2002 2414 2056 quae
2455 2004 2619 2057 super
2666 1991 2891 2045 bestiam
2949 1995 3230 2048 coccinam
3289 1997 3533 2065 sedebat,

1968 2075 2252 2131 mulierem
2285 2079 2593 2148 intelligens
2633 2091 2843 2152 tempus
2872 2099 2981 2153 quo
3013 2085 3127 2140 hinc
3153 2087 3529 2158 designantur,

1967 2165 2018 2217 in
2054 2182 2161 2236 quo
2187 2168 2231 2224 is
2260 2170 2351 2240 qui
2379 2174 2559 2240 pravis
2584 2175 2890 2231 actionibus
2917 2187 3222 2246 exercetur,
3250 2183 3527 2237 diabolum

1964 2258 2228 2326 sanguine
2252 2263 2573 2331 gaudentem
2598 2265 2747 2334 (nam
2791 2267 2893 2322 hoc
2917 2269 3227 2338 signiﬁcare
3252 2274 3530 2330 vultcolor

1963 2353 2292 2434 purpureus)
2325 2354 2580 2418 oblectat,
2618 2357 2764 2427 quod
2815 2361 3070 2423 cathedra
3119 2363 3529 2434 intelligendum

1963 2427 2223 2504 suggerit.
2254 2437 2486 2496 Nomina
2520 2459 2646 2499 vero
2678 2446 3030 2516 blasphemiae
3057 2427 3336 2522 dicuntur,
3369 2460 3529 2511 attri-

1965 2526 2129 2581 buere
2167 2528 2386 2584 diabolo
2414 2533 2620 2588 cultum
2664 2536 2774 2590 Deo
2797 2538 3058 2595 debitum.

2031 2617 2194 2684 XVII,
2230 2621 2346 2676 4-7.
2379 2622 2446 2677 Et
2465 2627 2656 2680 mulier
2683 2638 2792 2681 erat
2828 2632 3160 2686 circumdata
3206 2651 3442 2704 purpura
3477 2649 3527 2692 et

1960 2710 2189 2775 coccino,
2208 2712 2458 2766 inaurata
2494 2732 2626 2770 auro
2655 2727 2704 2771 et
2735 2719 2910 2787 lapide
2932 2726 3164 2790 precioso
3188 2738 3235 2779 et
3263 2732 3526 2799 margari-

1963 2801 2052 2862 tis,
2094 2800 2284 2856 habens
2337 2807 2582 2872 poculum
2622 2825 2837 2863 aureum
2867 2813 2919 2864 in
2971 2832 3127 2868 mauu
3162 2834 3260 2871 sua
3317 2822 3528 2888 plenum

1962 2889 2438 2950 abominationibus
2471 2907 2519 2951 et
2555 2899 2906 2957 immunditiis
2930 2904 3299 2973 fornicationis
3333 2921 3525 2978 term;

1963 2991 2010 3033 et
2043 2999 2198 3052 super
2224 2988 2445 3055 frontem
2477 3007 2629 3043 suam
2656 3011 2840 3048 nomen
2859 2999 3133 3066 scriptum,
3165 3005 3470 3071 mysterium
3505 3021 3525 3059 :

1961 3071 2200 3143 Babylon
2223 3095 2434 3148 magna,
2459 3093 2627 3137 mater
2662 3085 3073 3153 foruicationum
3095 3101 3143 3145 et
3174 3093 3525 3151 abominatio-

1963 3182 2084 3219 uum
2112 3177 2284 3222 terra’.
2316 3170 2383 3223 Et
2415 3173 2520 3226 vidi
2552 3176 2823 3230 mulierem
2857 3181 3055 3235 ebriam
3105 3189 3359 3254 sanguine
3396 3207 3524 3242 sau-

291 3243 408 3296 τῶν
440 3245 875 3314 ,βδελυγμάτων
909 3247 1019 3315 τῆς
1068 3246 1200 3315 τῆς.
1233 3250 1339 3302 Kal
1386 3245 1549 3302 εἶδον
1600 3249 1714 3314 τὴν
1749 3267 1854 3318 γυ-
1884 3234 1924 3288 C
1959 3276 1970 3308 ι

3044 3234 3048 3235 ν
3107 3234 3269 3254 ---ην
3297 3234 3355 3241 ---
3396 3234 3489 3242 --η

1843 3281 1854 3291 -
1884 3234 1924 3288 C
1959 3266 2181 3323 clarum,
2229 3260 2294 3312 de
2347 3265 2603 3333 sanguine
2651 3277 2950 3337 martyrum
2993 3270 3143 3328 Jesu.
3196 3276 3262 3330 Et
3295 3282 3522 3337 miratus

286 3335 464 3388 ναῐιια
490 3337 838 3404 μεθύουσαν
868 3337 971 3390 τοῦ
995 3340 1242 3406 αἵματος
1271 3341 1387 3392 τῶν
1417 3341 1622 3409 ἁγίων,
1645 3343 1712 3396 ἐκ
1748 3344 1852 3397 τοῦ

285 3428 532 3494 αἵματος
585 3426 701 3481 τῶν
727 3429 1042 3498 μαρτύρων
1101 3430 1326 3496 Ἰησοῦ.
1385 3433 1491 3485 Καὶ
1546 3433 1855 3503 ἐθαύμασα

289 3518 434 3571 ἰδὼν
457 3519 655 3587 αὐτὴν
677 3520 873 3589 θαῦμα
887 3521 1062 3591 μέγα.
1089 3522 1195 3574 Καὶ
1229 3518 1358 3575 εἶπέ
1377 3540 1477 3591 μοι
1507 3527 1538 3578 ό
1564 3525 1817 3595 ἅγγελος
1838 3545 1850 3558 ·

285 3611 388 3662 Διά
417 3612 473 3662 τί
491 3612 838 3680 ἐθαύμασας
857 3628 875 3675 ;

358 3701 671 3770 Πορφύραν,
711 3701 798 3754 διὰ
829 3703 888 3756 τὸ
921 3705 1040 3756 κατ’
1074 3703 1317 3771 ἐξουσίαν
1344 3705 1418 3768 ῶς
1464 3707 1569 3759 ὑπὸ
1613 3708 1844 3777 βασιλίδι

284 3793 465 3846 πάντα
496 3793 818 3862 τολμᾶσθαι.
852 3795 1144 3860 Κόκκινον,
1178 3796 1266 3848 διὰ
1311 3797 1372 3848 τὸ
1417 3797 1628 3850 πολλῶν
1683 3800 1850 3866 ἁγίων

282 3884 494 3952 αἵματα
529 3885 827 3953 ὲκχεῖσθαι.
860 3885 1268 3955 Κεχρυσωμένη
1290 3886 1366 3949 δὲ,
1402 3887 1496 3939 καὶ
1526 3888 1732 3958 χρυσίῳ
1755 3891 1849 3943 καὶ

281 3975 417 4044 λίθῳ
441 3977 609 4045 τιμίῳ
629 3975 723 4027 καὶ
745 3977 1132 4045 μαργαρίταις,
1157 3977 1240 4028 ὅτι
1280 3977 1353 4038 ὡς
1379 3977 1624 4045 βασιλίδα
1643 3980 1671 4030 δ
1694 3979 1848 4047 λόγος

277 4063 485 4132 ταύτην
529 4066 726 4131 κοσμεῖ
763 4064 955 4133 κόσμῳ
1008 4064 1285 4135 βασιλείῳ.
1335 4066 1556 4132 Μεταξὺ
1589 4069 1697 4137 γὰρ
1742 4069 1848 4122 τῶν

279 4155 506 4223 ἀπηνῶν
580 4155 674 4208 καὶ
732 4155 1256 4225 ὲνεξουσιαζομένων
1310 4157 1456 4210 ἔστιν
1505 4161 1694 4230 ἐνορᾷν
1741 4165 1849 4224 τοῖς

279 4243 743 4313 ὲπηρεαζομένοις
770 4243 844 4305 ὡς
877 4243 1098 4313 χρυσίον
1131 4245 1229 4313 μὲν
1263 4244 1552 4313 ἀκίϐδηλον
1581 4247 1846 4300 ἐπανθοῦ-

280 4353 380 4388 σαν
413 4336 510 4405 τὴν
543 4336 681 4388 κατὰ
713 4335 946 4404 Χριστὸν
980 4335 1183 4397 πίστιν,
1217 4335 1290 4399 ῶς
1332 4336 1478 4388 λίθον
1516 4337 1570 4389 δὲ
1603 4341 1843 4409 τιμαλφῆ

275 4428 342 4494 τῇ
375 4423 663 4492 διαφανείᾳ
708 4425 768 4476 τὸ
804 4422 1030 4494 στερρὸν
1060 4423 1252 4476 ἑαυτοῦ
1287 4424 1700 4492 ἐκπομπεύοντα
1735 4430 1845 4488 τοῖς

1956 3364 2072 3400 sum
2098 3365 2215 3401 cum
2237 3352 2458 3406 viderem
2491 3356 2638 3408 illam
2665 3359 3018 3417 admiratione
3049 3382 3259 3433 ntagna.
3287 3370 3355 3424 Et
3383 3375 3522 3429 dixit

1959 3438 2083 3490 milii
2118 3442 2332 3509 angelus
2362 3459 2380 3496 :
2413 3444 2590 3509 Quare
2610 3450 2869 3503 miraris?

2027 3699 2294 3770 Purpura,
2325 3720 2390 3760 eo
2440 3708 2585 3776 quod
2619 3714 2942 3778 potestatire
2997 3717 3180 3773 omnia
3232 3722 3429 3779 audeat
3463 3726 3518 3782 iu

1954 3791 2173 3845 modum
2198 3794 2396 3863 reginae
2437 3813 2449 3849 :
2483 3801 2729 3864 coccino,
2764 3817 2830 3856 eo
2868 3806 3012 3874 quod
3060 3810 3355 3866 multorum
3392 3831 3519 3871 san-

1951 3892 2165 3934 ctorum
2195 3883 2434 3940 eﬁ‘undat
2474 3891 2792 3959 sanguinem
2823 3913 2836 3949 :
2866 3895 3117 3954 inaurata
3149 3916 3275 3958 vero
3297 3913 3350 3960 et
3376 3923 3512 3962 auro

1950 3981 2002 4024 et
2033 3972 2207 4040 lapide
2230 3978 2470 4043 pretioso
2492 3990 2544 4034 et
2576 3984 2905 4052 margaritis,
2932 3989 3058 4055 quia
3085 3991 3221 4045 hanc
3253 4004 3510 4066 tanquam

1949 4064 2189 4132 reginam
2224 4069 2456 4123 adornat
2513 4088 2694 4127 sermo
2740 4084 2935 4130 ornatu
2983 4081 3149 4150 regio.
3195 4083 3326 4140 Nam
3363 4064 3516 4144 inter

1949 4153 2195 4207 crudeles
2279 4168 2334 4209 et
2411 4168 2736 4228 potestatem
2801 4178 3118 4224 exercentes
3198 4176 3513 4244 conspicere

1949 4243 2107 4296 datur
2137 4244 2339 4300 Christi
2372 4248 2529 4302 ﬁdem
2563 4259 2819 4320 tanquam
2840 4269 3034 4322 purum
3070 4271 3263 4314 aurum
3296 4243 3509 4334 fulgen-

1949 4340 2076 4397 tem,
2103 4342 2356 4401 tanquam
2391 4337 2620 4406 lapidem
2657 4345 2892 4410 pretiosa
2919 4349 3305 4415 perspicuitate
3328 4363 3511 4407 osten-

1948 4431 2148 4476 tantem
2187 4440 2340 4479 suam
2378 4426 2684 4483 ﬁrmitatem
2729 4432 2812 4486 his
2867 4435 2961 4503 qui
3025 4436 3170 4491 illam
3235 4440 3506 4509 ignorant,

275 4514 582 4582 ἀγνοοῦσιν,
602 4515 678 4576 ῶς
712 4514 1053 4583 μαργαρίτας
1075 4513 1151 4576 δὲ,
1176 4512 1327 4582 τῷὲκ
1349 4516 1446 4579 τῆς
1474 4515 1843 4582 πολυκύμονος
1868 4549 1920 4609 D
1951 4524 1954 4563 I

1826 4534 1920 4609 ;D
1951 4523 2202 4582 tanquam
2233 4519 2554 4586 margaritas
2579 4536 2706 4574 vero
2741 4535 3077 4593 emergentes
3115 4543 3145 4581 e
3175 4534 3310 4584 mari
3343 4532 3505 4600 hujus

272 4608 368 4660 τοῦ
407 4607 520 4676 βίου
551 4607 659 4659 τῶν
686 4606 1007 4675 πειρασμῶν
1039 4605 1313 4674 θαλάσσης
1346 4606 1627 4670 ἀναδῦναι,
1652 4608 1746 4660 καὶ
1767 4609 1840 4676 τῷ

275 4696 530 4767 βασιλείῳ
579 4696 814 4764 Χριστοῦ
857 4695 1186 4764 διαστήματι
1229 4696 1649 4764 ἑναρμοσθῆναι.
1684 4698 1757 4748 Τὸ
1787 4697 1842 4750 δὲ

272 4787 508 4856 χρυσοῦν
537 4788 820 4854 ποτήριον,
847 4785 1082 4857 χρυσοῦν
1105 4787 1202 4856 μὲν
1227 4786 1314 4838 διὰ
1343 4786 1400 4837 τὸ
1436 4786 1525 4837 τὸν
1552 4788 1740 4855 καιρὸν
1769 4788 1841 4851 ὼς

274 4875 530 4946 βασιλείῳ
581 4875 901 4945 κρατεῖσθαι
951 4877 1199 4945 δυνάμει,
1243 4879 1299 4928 ὲν
1345 4878 1410 4946 τῇ
1451 4879 1593 4947 χειρὶ
1640 4877 1718 4939 δὲ,
1753 4879 1841 4932 διὰ

268 4967 331 5019 τὸ
363 4966 588 5037 ἐνεργὸν
633 4965 743 5018 τῶν
797 4967 1224 5036 ὑποτιθεμένων.
1274 4968 1537 5037 Ποτήριον
1592 4968 1647 5020 δὲ
1711 4969 1839 5032 ἴσως

270 5060 348 5120 είς
389 5055 614 5121 ἔνδειξιν
659 5058 741 5108 ὅτι
790 5057 850 5109 οὐ
883 5057 1024 5110 κατὰ
1058 5058 1238 5127 κόρον,
1281 5059 1394 5111 ἀλλ’
1455 5061 1512 5111 ὲν
1564 5059 1689 5129 δίψῃ
1738 5062 1838 5130 τῆς

271 5148 481 5201 έαυτῶν
517 5149 793 5210 ἀπωλείας
844 5148 942 5218 τὴν
991 5149 1189 5204 κακίαν
1221 5151 1595 5221 μετέρχονται.
1651 5152 1740 5203 Διὸ
1771 5154 1838 5205 τὰ

272 5239 614 5308 βδελύγματα
656 5238 877 5309 ἑαυτῆς,
911 5241 1180 5303 τουτέστι,
1220 5241 1286 5292 τὰ
1330 5241 1590 5309 βδελυκτὰ
1617 5242 1692 5311 τῷ
1721 5243 1837 5313 Θεῷ

269 5330 682 5399 ἐπιτηδεύματα
714 5328 1042 5397 ὲπλήθυναν,
1065 5323 1204 5396 οἷς-ἠ
1231 5329 1670 5401 φιλαμαρτήμων
1703 5331 1836 5401 πλη.

269 5423 368 5483 οῦς
417 5420 714 5482 ποτίζεται,
745 5418 819 5480 ὼς
866 5419 962 5486 ἡδὺ
989 5419 1146 5489 πόμα,
1170 5420 1360 5471 σπῶσα
1410 5422 1507 5490 τὴν
1544 5420 1836 5493 βδελυκτὴν

272 5515 370 5582 τῆς
407 5514 676 5584 ἁμαρτίας
709 5513 877 5582 μέθην
911 5511 1008 5564 καὶ
1037 5515 1134 5581 τῆς
1183 5514 1246 5565 ἐκ
1285 5513 1418 5567 Θεοῦ
1461 5513 1710 5582 πορνείας
1738 5514 1836 5584 τὴν

269 5605 592 5674 βεϐήλωσιν.

339 5697 446 5750 Kal
476 5695 590 5749 τῶν
626 5697 972 5764 ἀκαθάρτων
1017 5695 1122 5763 τῆς
1164 5695 1290 5765 γῆς.
1339 5695 1570 5765 Πορνεία
1623 5697 1741 5765 γῆς,
1775 5697 1821 5748 οἱ

266 5791 376 5850 τοῖς
411 5787 613 5855 γηῖνοις
645 5787 1098 5857 προστετηκότες.
1142 5788 1214 5840 Οὐ
1265 5787 1369 5855 γὰρ
1401 5787 1680 5856 πορνεύειν
1712 5786 1832 5837 ἔδω-

1947 4604 2069 4657 νίιιιε
2092 4607 2343 4674 procellis
2368 4610 2725 4663 tentationum
2771 4616 3004 4680 agitatae,
3037 4626 3088 4668 et
3123 4619 3271 4687 regio
3300 4620 3503 4676 Christi

1945 4694 2230 4750 diademati
2251 4701 2444 4767 aptari.
2477 4698 2730 4754 Poculum
2763 4713 2942 4755 autem
2973 4720 3196 4760 aureum
3233 4726 3246 4762 :
3278 4725 3503 4766 aureum

1944 4786 2184 4854 quidem,
2238 4806 2304 4843 eo
2356 4792 2500 4859 quod
2570 4801 2781 4862 tempus
2840 4796 3001 4850 veluti
3053 4801 3199 4868 regia
3259 4803 3507 4859 ﬁrmetur

1944 4877 2220 4944 potentia;
2274 4879 2328 4933 in
2359 4896 2520 4934 manu
2557 4897 2706 4945 vero,
2744 4895 2964 4956 propter
2994 4888 3151 4958 791
3212 4891 3502 4948 efﬁcaciam

1942 4983 2129 5022 eorum
2162 4985 2281 5039 qua:
2319 4982 2635 5040 statuuntur
2668 4993 2680 5040 ;
2730 4964 2985 5047 poculum
3019 4992 3223 5042 autem.
3254 4984 3504 5042 f..rtassis

1942 5060 2008 5112 ad
2069 5064 2462 5118 ostendendum
2502 5069 2645 5134 quod
2687 5084 2792 5121 non
2833 5085 2897 5124 ex
2948 5073 3214 5137 satietate,
3259 5079 3352 5132 sed
3411 5080 3504 5133 siti

1941 5167 2049 5206 suae
2081 5155 2399 5222 perditionis
2445 5158 2570 5210 vitia
2605 5171 2882 5227 appetant.
2946 5161 3073 5218 Ideo
3105 5180 3325 5236 quoque
3375 5186 3505 5226 suas

1941 5245 2372 5302 abominationes
2393 5249 2909 5318 multiplicaverunt,
2937 5253 2986 5307 id
3010 5264 3114 5320 est,
3139 5259 3501 5318 abominanda

1943 5334 2051 5390 Deo
2102 5336 2300 5402 studia,
2338 5339 2535 5408 quibus
2584 5342 2877 5396 multitudo
2921 5358 3268 5413 peccatorqu
3323 5355 3500 5408 amica

1943 5435 2174 5492 potatur,
2206 5445 2326 5497 (tua:
2377 5430 2797 5486 abominandam
2841 5438 3388 5512 peet-atifebrietatem
3446 5456 3502 5499 et

1941 5515 2315 5572 iurnicationis
2348 5536 2376 5572 a
2407 5519 2516 5573 Deo
2568 5526 3081 5581 contaminationem
3118 5531 3301 5586 sorbet
3337 5536 3499 5591 veluti

1939 5624 2156 5662 suavem
2191 5610 2484 5678 potionem.

2011 5698 2077 5751 Et
2154 5699 2504 5751 immunditiis
2551 5702 2918 5769 fornicationis
2984 5714 3158 5761 terris.
3193 5707 3498 5765 Foruicalio

1941 5803 2097 5846 terrae
2124 5801 2251 5846 sunt
2282 5791 2332 5843 hi
2363 5791 2455 5859 qui
2494 5795 2726 5846 terrenis
2769 5797 3092 5864 agglutinati
3136 5808 3283 5855 sunt.
3313 5798 3499 5870 Neque
