4252 6436
279 375 380 436 7‘21

1333 382 1717 443 COMMENT.
1763 381 1839 440 ΙΝ
1884 383 2409 448 APOCALYPSIN.

3412 396 3517 458 722

278 492 375 557 τῆς
411 491 532 558 γῆς.
590 510 607 541 ι
646 491 887 544 Τοιοῦτοι
925 492 980 544 δὲ
1012 492 1060 543 οἱ
1105 494 1435 564 ἀστήρικτον
1486 496 1701 565 ἔχοντες
1749 494 1847 564 τὴν
1874 499 1919 554 Α
1952 509 1957 550 |

1799 512 1847 564 TI
1874 499 1919 554 Α
1952 508 2094 553 terra
2137 501 2202 553 ⁸⁸.
2245 518 2264 553 t
2316 501 2474 557 Tales
2509 512 2689 557 autem
2722 510 2850 558 sunt
2884 506 2975 573 qui
3007 506 3221 559 tirmutn
3255 523 3359 560 non
3415 512 3478 562 ha

277 582 462 647 βάσιν,
493 581 589 634 ἆτε
632 582 708 653 μὴ
742 584 836 635 ἐπὶ
875 583 973 653 τὴν
1008 584 1215 652 πέτραν
1255 586 1489 654 Χριστὸν
1520 587 1845 657 τεθεμελιω-

277 684 451 747 μένοι.
477 682 863 749 Θαυμάσονται
896 682 989 736 οὖν
1009 684 1100 735 καὶ
1132 683 1225 735 νῦν
1245 678 1389 737 οὗτοι
1422 682 1471 735 οἳ
1502 684 1590 736 διά
1618 682 1677 735 τδ
1706 698 1846 750 χαμο

275 786 300 821 ε
311 771 441 838 ρπὲς
482 774 603 825 οὐδὲ
633 775 697 843 τῇ
737 774 905 844 βίὸλῳ
934 774 1047 844 (59)
1084 776 1191 827 τῶν
1218 773 1436 839 ζώντων
1464 774 1807 845 ἐγράφησαν.

340 948 406 996 Αἱ
459 944 609 999 ἑπτὰ
636 948 893 1014 κεφαλαὶ
928 948 1076 1002 ἑπτὰ
1128 949 1235 1017 ὄρη
1270 950 1449 1004 εισίν.
1501 951 1642 1020 "Opp,
1682 953 1840 1015 εἰσὶν,

271 1036 407 1087 ὅπου
440 1038 471 1105 ἡ
504 1039 642 1107 γυνὴ
684 1039 936 1109 κάθηται.
996 1041 1233 1093 Γυναῖκα
1262 1041 1507 1110 ἔφοημεν
1561 1044 1844 1112 εἰρηκότες

271 1129 349 1189 ὡς
379 1129 469 1181 τὸν
517 1130 756 1201 φθαρτὸν
801 1132 988 1185 τοῦτον
1034 1134 1146 1202 βίον
1172 1135 1303 1203 φησι
1356 1136 1523 1204 θῆλυν
1556 1139 1649 1189 καὶ
1680 1138 1843 1205 μηδὲν

272 1220 528 1287 ἀνδρικὸν
562 1221 940 1289 ἐπιφαίνοντα.
985 1226 1127 1295 ὐρη
1155 1226 1212 1279 δὲ
1250 1227 1345 1280 καὶ
1391 1229 1630 1295 κεφαλὰς
1679 1231 1839 1293 ἑπτὰ,

270 1311 473 1373 τόπους
507 1313 791 1381 ἡγούμεθα
810 1316 869 1366 ὲν
896 1316 1134 1386 ὑπεροχῇ
1166 1319 1256 1370 καὶ
1286 1319 1579 1389 δυναστείᾳ
1602 1326 1840 1391 κοσμικῇ

269 1403 398 1463 τοὺς
436 1402 656 1466 λοιποὺς
691 1406 995 1474 ἐξέχοντας,
1040 1408 1124 1475 ἐφ’
1164 1407 1256 1471 οὓς
1297 1412 1438 1463 κατὰ
1492 1414 1716 1482 καιροὺς
1744 1414 1842 1485 τὴν

272 1493 368 1546 τοῦ
394 1495 602 1564 κόσμου
623 1497 900 1565 βασιλείαν
928 1500 1246 1570 ἐστηρίχθαι
1275 1502 1542 1572 ἔγνωμεν.
1582 1506 1668 1567 Ὠς
1692 1508 1841 1575 πρῶ-

267 1599 364 1633 τον
398 1585 457 1635 ἑν
488 1584 687 1656 Νινευῇ
721 1586 820 1656 τὴν
849 1589 959 1639 τῶν
1006 1589 1306 1659 Ἀσσυρίων
1336 1592 1566 1662 [ἀρχήνθ
1590 1594 1839 1663 δεύτερον

269 1670 330 1721 ἐν
368 1673 725 1735 Ἐκϐατάνοις
754 1678 854 1745 τὴν
882 1679 1084 1747 Μήδων
1132 1679 1451 1735 δυναστείαν
1492 1682 1600 1735 ἀπὸ
1646 1684 1851 1751 Ἀρὸά-·

268 1775 368 1811 κου
403 1765 756 1833 κρατήσασαν
795 1767 907 1818 τῶν
950 1770 1252 1838 Ἀσσυρίων
1300 1770 1461 1843 (60)],
1491 1766 1578 1825 ὧν
1629 1774 1719 1827 τὸν
1750 1775 1837 1843 βα-

272 1850 428 1903 σιλέα
456 1853 881 1922 Σαρδανάπαλον
913 1861 1191 1932 κρατήσας
1219 1862 1248 1914 δ
1293 1865 1571 1935 Ἀρὸάκης
1597 1867 1832 1922 καθεῖλε.

269 1940 424 1993 Μετὰ
462 1946 686 2009 τούτους
740 1949 800 2001 ἐν
844 1950 1125 2004 Βαϐυλῶνι
1174 1954 1234 2005 τὸ
1301 1954 1583 2009 Χαλδαίων
1636 1960 1837 2027 κράτος

269 2032 583 2102 ὑπερεῖχεν,
610 2029 684 2089 ὧν
716 2037 1191 2112 Ναϐουχοδονόσορ
1218 2043 1246 2094 ὁ
1276 2043 1527 2112 βασιλεὺς
1554 2047 1837 2101 ἐϐασίλευ·

273 2138 386 2177 σεν.
418 2120 551 2178 Εἶτα
580 2127 719 2196 μετὰ
747 2130 848 2198 τὴν
882 2131 1085 2185 τούτων
1113 2135 1209 2187 καὶ
1240 2135 1346 2190 τῶν
1376 2138 1576 2205 Μήδων
1604 2141 1836 2195 κατάλυ-

267 2230 373 2276 σιν,
408 2216 466 2267 sv
507 2217 734 2283 Σούσαις
770 2222 875 2275 ὑπὸ
914 2225 1099 2291 Κύρου
1144 2225 1245 2294 τῆς
1284 2229 1509 2298 Περσῶν
1558 2229 1835 2299 βασιλείας

267 2306 691 2381 καθισταμένης,
719 2312 885 2383 (μετὰ
902 2316 957 2368 δὲ
987 2318 1085 2385 τὴν
1114 2319 1319 2391 ταύτης
1343 2323 1448 2375 ὑπὸ
1483 2324 1834 2397 Ἀλεξάνδρου

264 2400 636 2479 καθαίρεσιν,]
676 2407 709 2475 ἡ
754 2407 863 2459 τῶν
906 2409 1233 2465 Μακεδόνων
1280 2414 1617 2487 ’ύπεισῆλθεν
1664 2420 1829 2492 ἀρχή.

277 2492 370 2543 Ἐκ
405 2493 674 2567 τούτωνή
714 2498 772 2550 ἐν
818 2502 881 2569 τῇ
914 2504 1265 2575 πρεσϐυτέρᾳ
1310 2507 1502 2582 Ῥώμῃ
1544 2510 1653 2563 τῶν
1695 2511 1831 2565 Ῥω-

263 2584 443 2676 μαίων
466 2589 609 2657 ἀρχὴ
637 2593 733 2642 καὶ
760 2592 935 2660 ἰσχὺς,
963 2596 1056 2647 ἐπὶ
1084 2595 1183 2665 μὲν
1208 2598 1520 2667 Αὐγούστου
1554 2605 1830 2676 Καίσαρος

265 2674 407 2743 μετά
437 2679 562 2740 τοὺς
606 2679 795 2751 πρώην
824 2683 1064 2752 βασιλεῖς
1104 2688 1273 2758 αὐτῆς
1304 2692 1396 2743 καὶ
1431 2694 1671 2759 ὑπάτους
1706 2716 1831 2766 μον-

258 2768 591 2836 αρχήσασα,
635 2772 742 2825 ὑπὸ
799 2774 858 2826 δὲ
917 2776 1129 2830 ἀσεόὦν
1204 2781 1365 2852 μέχρι
1416 2786 1830 2844 Κωνσταντίνου

258 2856 672 2924 κατασχεθεῖσα,
704 2853 778 2912 ὧν
810 2864 949 2931 μετὰ
989 2866 1089 2935 τὴν
1118 2870 1413 2924 κατάλυσιν
1455 2877 1536 2936 εἰς
1580 2879 1679 2947 τὴν
1706 2879 1832 2933 νέαν

268 2945 491 3043 ῘΡὼμην
538 2951 604 3004 τά
646 2952 754 3004 τῶν
803 2956 1163 3027 φιλοχρίστων
1209 2962 1478 3031 βασιλέων
1523 2945 1827 3043 μετηνέχθη

256 3037 524 3104 βασίλεια.
560 3043 714 3095 Κατὰ
744 3044 800 3098 δὲ
818 3046 916 3117 τὴν
941 3050 1109 3118 αὐτὴν
1138 3052 1370 3118 ἔννοιαν,
1403 3059 1494 3110 καὶ
1526 3037 1657 3123 τοὺς
1690 3037 1830 3119 sint}

1947 591 2072 643 bent
2097 590 2530 658 fundamentum,
2558 606 2610 649 ut
2640 597 2732 665 qui
2768 612 2873 650 non
2908 607 3036 650 sunt
3077 599 3323 651 :edilieati
3352 616 3513 668 supra

1947 695 2152 750 petram
2182 683 2485 738 Christum.
2512 688 2942 743 Admirabuntur
2975 689 3141 758 igitur
3160 701 3213 743 et
3245 706 3387 743 tuine
3418 693 3512 759 qui

1946 773 1996 825 in
2039 774 2177 827 libro
2200 775 2493 829 viventium
2529 792 2633 829 non
2674 791 2803 833 sunt
2835 778 3044 849 scripti,
3068 794 3135 834 eo
3166 781 3310 849 quod
3338 790 3512 835 terre-

1947 867 2031 920 nis
2064 866 2226 922 rebus
2260 868 2600 923 incumbant.

2015 955 2221 1022 Septem
2268 957 2443 1026 capita
2495 965 2687 1023 septem
2733 968 2927 1013 montes
2967 970 3110 1014 sunt.
3150 959 3357 1016 Montes
3386 970 3515 1017 sunt

1947 1045 2037 1098 ubi
2074 1046 2267 1098 mulier
2294 1047 2443 1100 sedet
2467 1064 2481 1103 :
2511 1047 2814 1108 mulierem,
2842 1056 2900 1099 ut
2924 1050 3185 1115 diximus,
3218 1054 3507 1105 mortalem

1944 1133 2085 1186 hanc
2109 1134 2269 1185 vitam
2288 1136 2381 1197 ait,
2402 1150 2521 1201 quin
2546 1136 2687 1188 velut
2708 1135 3015 1190 ell‘eminata
3033 1150 3113 1192 est
3132 1152 3182 1192 et
3202 1140 3334 1194 nihil
3355 1142 3511 1195 virile

1942 1225 2341 1279 demonstrans.
2374 1224 2582 1280 Montes
2630 1241 2758 1279 vero
2791 1236 2844 1281 et
2875 1229 3047 1297 capita
3083 1240 3288 1297 septem
3317 1234 3509 1286 existi-

1942 1328 2157 1368 mamus
2184 1315 2300 1369 loca
2331 1331 2453 1371 esse
2487 1318 2540 1370 in
2565 1316 2905 1393 sublimitate
2928 1328 2980 1372 et
3015 1328 3296 1387 potentatu
3356 1339 3512 1378 mun-

1940 1407 2084 1460 dano
2136 1423 2258 1476 qua:
2320 1410 2530 1463 caeteris
2566 1412 2927 1465 eminentiora
2990 1421 3138 1475 sunt,
3191 1414 3244 1466 in
3311 1415 3511 1482 quibus

1941 1498 2105 1552 variis
2155 1500 2493 1566 temporibus
2546 1502 2735 1555 mundi
2781 1502 3065 1571 imperium
3123 1504 3507 1559 conﬁrmatum

1941 1588 2110 1643 fuisse
2131 1590 2486 1658 cognovimus
2520 1609 2533 1644 :
2561 1593 3020 1659 quemadmodum
3058 1596 3296 1663 primum
3351 1598 3510 1665 Assy-

1941 1680 2147 1733 riorum
2177 1682 2228 1734 in
2250 1682 2462 1747 Ninive,
2489 1684 2791 1737 secundum
2828 1685 2881 1736 in
2918 1684 3205 1741 Ecbatanis
3226 1686 3506 1742 Medorum

1939 1772 2240 1840 dynastiam
2291 1789 2415 1842 qua:
2464 1776 2722 1846 Assyrios
2773 1775 2986 1832 Arbace
3026 1777 3164 1833 duce
3199 1782 3503 1849 superavit,

1939 1879 2169 1930 quorum
2220 1879 2401 1933 regem
2457 1866 2889 1936 Sardanapalum
2944 1868 3216 1924 devictum
3269 1871 3509 1926 Arbaccs

1935 1956 2156 2011 occidit.
2187 1956 2315 2012 Post
2373 1958 2472 2013 hos
2511 1959 2892 2015 Chaldaeorum
2939 1963 3229 2032 imperium
3282 1966 3336 2018 in
3397 1963 3502 2018 lla-

1938 2051 2130 2120 hylonc
2154 2053 2429 2117 excelluit,
2456 2056 2658 2122 quibus
2688 2056 2991 2125 imperabat
3022 2074 3115 2111 rex
3141 2056 3505 2114 Nabuchodo-

1936 2158 2122 2197 nosor.
2161 2142 2362 2199 Deinde
2393 2154 2516 2214 post
2575 2146 2770 2199 borum
2819 2163 2881 2202 ac
2933 2147 3209 2203 Medorum
3261 2151 3505 2205 eversio-

1934 2253 2080 2300 nem,
2112 2239 2213 2290 sub
2255 2237 2400 2308 Cyro
2463 2253 2689 2307 regnum
2732 2237 3020 2294 Persarum
3062 2242 3114 2295 in
3170 2242 3328 2297 Susis
3379 2258 3510 2298 con-

1934 2332 2208 2398 stituitur;
2240 2330 2400 2400 793
2424 2339 2544 2400 post
2572 2332 2729 2400 cujus
2754 2333 2823 2386 ab
2851 2333 3162 2389 Alexandro
3180 2336 3503 2391 deletionem

1934 2424 2346 2496 subingressum
2371 2434 2454 2479 est
2495 2440 2720 2495 regnum
2753 2424 3128 2481 Macedonum.
3164 2427 3258 2483 His
3282 2443 3505 2483 succes-

1933 2518 2004 2571 sit
2024 2515 2391 2570 Romanorum
2417 2518 2699 2586 imperium
2726 2527 2775 2572 et
2797 2528 3036 2588 potestas
3053 2519 3105 2573 in
3131 2523 3292 2575 reteri
3308 2521 3504 2589 Roma,

1931 2625 2053 2680 quae
2098 2619 2220 2678 post
2266 2610 2480 2677 priores
2516 2611 2736 2691 quidem
2781 2627 2935 2680 reges
2961 2627 3027 2666 ac
3074 2613 3351 2679 consules,
3377 2630 3503 2669 cum

1932 2700 2035 2755 sub
2065 2703 2306 2769 Augusto
2331 2701 2547 2755 Ctesarc
2579 2703 2953 2757 monarcbiant
2983 2704 3303 2773 accepisset,
3331 2720 3504 2775 usque

1932 2792 1998 2846 ad
2022 2791 2440 2848 Constantinum
2463 2794 2533 2848 ab
2568 2795 2749 2864 impiis
2778 2806 3041 2865 occupata
3064 2806 3166 2859 est,
3203 2805 3327 2865 post
3360 2811 3499 2865 quo-

1933 2900 2053 2937 rum
2093 2884 2503 2940 dissolutionem
2550 2886 2605 2940 in
2645 2902 2839 2941 novam
2884 2887 3114 2940 Romam
3176 2890 3501 2942 translatum

1931 2985 2017 3030 est
2076 2976 2365 3045 imperium
2414 2979 2517 3034 sub
2564 2979 2783 3050 regibus
2835 2980 3111 3035 Christum
3167 2982 3500 3037 colentibus.

1930 3066 2090 3122 Juxta
2143 3072 2395 3124 eumdem
2454 3071 2787 3125 intellectum
2831 3085 3040 3142 septem
3081 3088 3299 3142 quoque
3335 3088 3502 3143 reges

258 3128 508 3197 βασιλεῖς
542 3133 827 3189 ἐκδεκτέον
850 3140 948 3206 τῆς
976 3142 1277 3213 ὲναλλαγῆς
1307 3147 1415 3199 τῶν
1441 3154 1633 3217 γενῶν,
1662 3156 1823 3223 άρσε-
1851 3150 1892 3205 C
1926 3173 1937 3208 :

1821 3188 1823 3195 ν
1851 3150 1892 3205 C
1926 3159 2221 3228 accipiendi
2254 3168 2403 3224 sunt,
2427 3161 2728 3215 mutatione
2749 3163 2986 3232 generis,
3021 3177 3215 3231 nempe
3245 3138 3500 3217 netitrius

253 3222 431 3321 νικούί
461 3222 625 3289 λέγω,
664 3228 759 3280 xui.
806 3228 1062 3299 θηλυκοᾷ
1112 3235 1283 3304 μηδὲν
1311 3244 1825 3318 παρεμποδιζούσης
1926 3271 1932 3297 ι

1817 3267 1825 3309 :
1926 3222 2318 3312 etniasculini,
2349 3252 2559 3304 nullum
2617 3253 2683 3305 ad
2732 3222 3100 3321 intelligentia:
3160 3253 3496 3307 identitatem

251 3311 350 3377 τῆς
394 3311 634 3379 διανοίας
674 3316 770 3388 τὴν
810 3323 1138 3389 ταυτότητά,
1174 3329 1221 3379 εἰ
1275 3331 1393 3382 ἐκεῖ
1433 3333 1531 3400 μὲν
1574 3311 1851 3405 οηλυκιῖλς·
1927 3356 1930 3408 j

1810 3357 1851 3403 ς·
1927 3349 2219 3408 praestante
2275 3342 2747 3412 impedimentutn,
2772 3344 2818 3398 si
2871 3311 2943 3397 ibvi
3002 3343 3224 3414 quidem
3279 3354 3489 3414 septem

250 3403 353 3506 ἷάς
384 3406 643 3506 “κεφαλάς
693 3412 787 3462 καὶ
822 3413 961 3466 ἑπτά
1002 3416 1101 3488 ὅρη
1134 3418 1446 3490 οὐδετέρως,
1499 3403 1733 3481 ἑνταύθα
1767 3430 1823 3483 δὲ

1820 3452 1823 3479 ι
1927 3442 2138 3488 montes
2174 3450 2369 3506 genere
2423 3437 2729 3491 masculino
2793 3446 2889 3492 aut
2940 3438 3118 3506 capita
3166 3447 3384 3502 neutro,
3413 3437 3499 3491 hic

252 3493 494 3596 βασιλεῖς
515 3498 654 3551 ἑπτά
694 3502 986 3571 ἐσήμανεν.
1039 3508 1205 3562 Οὐδὲν
1238 3512 1406 3585 γὰρὴ
1461 3517 1652 3589 Γραφὴ
1695 3524 1822 3593 περὶ
1925 3542 1931 3578 :

1812 3527 1822 3574 ι
1925 3534 2105 3579 autem
2136 3537 2341 3596 septem
2373 3543 2527 3597 reges
2559 3529 2864 3582 masculino
2896 3545 3093 3598 genere
3114 3529 3491 3599 signiﬁcavit:

249 3585 457 3639 τούτων
496 3590 654 3643 εἴωθε
687 3595 1154 3663 μικρολογεῖσθαι.

321 3677 429 3729 Καὶ
482 3679 554 3731 τὰ
606 3680 755 3739 δέκα
807 3684 1023 3753 κέρατα
1055 3687 1095 3742 d
1129 3687 1312 3757 εἶδες,
1358 3694 1503 3751 δέκα
1536 3701 1822 3771 ,βασιλεῖς

245 3769 436 3832 εἰσιν,
496 3772 716 3835 οἵτινες
762 3776 1094 3839 βασιλείαν
1146 3784 1311 3837 οὔπω
1373 3787 1629 3857 ἔλαϐον,
1679 3769 1819 3850 ἀλλ’

245 3858 541 3920 ἐξουσίαν
592 3864 672 3929 ὠς
723 3866 1009 3936 βασιλεῖς
1050 3873 1194 3937 μίαν
1233 3875 1393 3943 ὤραν
1441 3883 1818 3950 λαμϐάνουσι

245 3950 391 4017 μετὰ
423 3952 526 4005 τοῦ
560 3956 788 4021 θηρίου.
823 3954 995 4012 Οὗτοι
1020 3963 1167 4029 μίαν
1188 3965 1399 4033 ἔχουσι
1427 3973 1688 4041 γνώμην,
1719 3981 1817 4032 καὶ

246 4044 363 4109 τὴν
419 4045 676 4112 δύναμιν
744 4048 843 4101 καὶ
904 4052 1193 4115 ἐξουσίαν
1248 4059 1447 4114 αὐτῶν
1503 4064 1584 4128 τῷ
1636 4070 1818 4136 θηρίῳ

244 4134 537 4189 διδόασιν.
585 4134 761 4192 Οὗτοι
791 4142 940 4208 μετὰ
966 4144 1071 4197 τοῦ
1110 4147 1321 4214 ἀρνίου
1356 4134 1811 4224 πολεμήσουσι,

244 4226 346 4279 καὶ
393 4227 458 4280 τὸ
499 4227 713 4296 ἀρνίον
754 4231 989 4300 νικήσει
1040 4237 1295 4303 αὐτοὺς,
1336 4241 1422 4294 ὅτι
1462 4248 1674 4314 Κύριος
1713 4268 1815 4305 xv-

241 4318 391 4383 ρίων
419 4318 571 4381 ἐστὶ,
614 4321 711 4373 καί
749 4322 1052 4390 ,ϐασιλεὺς
1080 4327 1411 4396 βασιλέων,
1454 4337 1552 4389 καὶ
1588 4342 1643 4391 οἱ
1683 4347 1813 4410 μετ’

1922 3618 1989 3670 dc
2027 3619 2110 3671 his
2131 3620 2275 3671 enim
2298 3617 2581 3686 Scriptura
2613 3620 2747 3672 nihil
2778 3621 2995 3674 curiose
3042 3621 3279 3675 scrutari
3323 3623 3487 3676 solet.

1993 3707 2157 3770 XVII.
2192 3710 2378 3764 12-15.
2416 3709 2486 3763 Et
2516 3711 2690 3764 decem
2732 3728 2930 3765 cornua
2962 3729 3077 3782 qua:
3106 3714 3282 3766 vidisti
3319 3714 3497 3767 decem

1923 3820 2064 3872 reges
2102 3813 2245 3864 sunt,
2270 3805 2359 3873 qui
2392 3819 2602 3873 regnum
2645 3806 2877 3858 nondum
2912 3816 3245 3875 acceperunt,
3280 3806 3372 3861 sed
3401 3824 3496 3876 po-

1922 3904 2159 3948 testatem
2195 3912 2297 3947 una
2320 3896 2449 3948 Iwra
2483 3902 2738 3965 tanquam
2772 3914 2913 3967 reges
2953 3900 3224 3968 accipiunt
3264 3916 3382 3952 cum
3416 3901 3495 3953 be-

1918 3986 2042 4038 stia.
2064 3986 2133 4038 lli
2157 4002 2318 4037 unum
2346 3985 2532 4038 habent
2555 3987 2835 4039 consilium
2862 4004 2881 4041 :
2906 3996 2956 4040 et
2981 3989 3225 4042 virtutem
3257 4006 3319 4042 ac
3340 3999 3491 4057 pote-

1917 4085 2107 4128 statent
2134 4092 2283 4129 suam
2302 4076 2477 4128 bestiie
2497 4076 2845 4132 tradiderunt.
2874 4078 2946 4131 lli
2977 4095 3094 4132 cum
3126 4096 3260 4150 agno
3289 4097 3494 4150 pugna-

1918 4170 2067 4226 bunt,
2099 4174 2149 4216 et
2187 4181 2354 4234 agnus
2389 4166 2554 4219 vincet
2574 4182 2680 4220 eos.
2708 4169 2835 4235 quia
2865 4168 3117 4223 Dominus
3156 4169 3494 4224 dominorum

1915 4269 1990 4310 est
2028 4267 2077 4310 et
2110 4272 2203 4310 rex
2237 4274 2435 4326 regum,
2466 4267 2514 4311 et
2538 4259 2627 4327 qui
2653 4237 2769 4311 cupit
2794 4261 2887 4313 illo
2919 4273 3043 4315 sunt
3071 4264 3243 4316 vocati
3270 4272 3319 4317 et
3342 4264 3495 4319 electi

1915 4366 1976 4401 ac
1999 4348 2199 4415 ﬁdeles.
2234 4346 2298 4398 Et
2331 4348 2456 4399 dicit
2488 4348 2613 4400 mihi
2640 4363 2659 4400 :
2690 4349 2853 4418 Aqua:
2891 4368 3020 4421 quas
3052 4353 3231 4406 vidisti
3257 4354 3345 4407 ubi
3373 4371 3491 4406 mu.

241 4411 430 4464 αὑτοῦ
470 4413 679 4478 κλητοὶ
716 4417 814 4467 καὶ
854 4416 1123 4472 ἐκλεκτοὶ
1172 4422 1271 4474 καὶ
1311 4429 1533 4481 πιστοί.
1572 4434 1678 4486 Καὶ
1708 4436 1806 4487 λέ-
1840 4478 1883 4532 D
1914 4460 1920 4491 ι

244 4517 327 4532 ..ιη
383 4519 510 4532 ..ηη
572 4506 647 4532 rm.
704 4506 890 4532 λι»---
944 4507 975 4532 .e
1018 4507 1130 4532 ηε.-
1261 4530 1270 4532 _
1336 4515 1347 4532 .
1410 4518 1422 4532 .
1592 4520 1604 4532 .
1694 4521 1721 4532 ..
1787 4528 1797 4532 _

1840 4478 1883 4532 Β
1914 4411 2012 4492 tier
2034 4439 2278 4492 meretrix
2305 4440 2470 4503 sedet,
2504 4440 2681 4508 populi
2710 4450 2759 4493 et
2796 4411 2962 4498 turba:
2993 4454 3113 4498 sunt
3145 4453 3195 4499 et
3245 4456 3418 4516 gentes
3444 4455 3494 4499 et

244 4517 329 4568 γει
371 4519 510 4569 μοι·
572 4506 647 4558 Τὰ
704 4506 892 4561 ὕδατα
938 4507 975 4561 d
1012 4507 1197 4576 εἶδες,
1254 4515 1351 4567 καὶ
1396 4518 1429 4584 ἠ
1465 4520 1618 4588 γυνὴ
1650 4521 1721 4580 οὗ
1767 4528 1804 4595 ἡ

240 4592 437 4659 πόρνη
462 4593 734 4688 ’κάθηται
757 4637 772 4654 .
810 4600 946 4653 λαοὶ
998 4602 1094 4655 καὶ
1134 4602 1303 4672 ὄχλοι
1336 4602 1488 4673 εἱσι,
1522 4616 1619 4666 καὶ
1663 4592 1806 4688 ἔθνὴ

240 4681 336 4732 καὶ
373 4681 663 4750 γλῶσσαι.

310 4772 392 4825 Τὰ
445 4773 577 4828 δέκα
623 4778 861 4848 κέρατα,
907 4784 1037 4838 δέκα
1077 4788 1317 4856 βασιλεῖς
1362 4788 1499 4847 εἷναί
1543 4815 1707 4865 φασιν
1746 4804 1809 4856 ἐκ

238 4865 342 4931 τῆς
386 4862 874 4962 Ῥωμαίων-ἀρχῆς
904 4877 1382 4951 ἁναστησομένους
1414 4888 1473 4939 ὲν
1505 4862 1617 4953 τοῖς
1648 4893 1808 4962 ἐσχά-

236 4972 350 5018 τοις
401 4961 639 5028 καιροῖς,
676 4958 751 5013 ὧν
795 4966 852 5017 ὲν
902 4967 1051 5037 μέσῳ
1081 4972 1109 5021 ὁ
1166 4972 1531 5045 Ἀντίχριστος
1566 4958 1806 5055 ἀναστή-

239 5061 411 5134 σεται.
447 5049 520 5101 Τὸ
572 5052 628 5104 δὲ
670 5054 744 5124 μὴ
787 5054 847 5107 τὸ
884 5055 1067 5110 λαϐεῖν
1114 5061 1308 5126 αὐτοὺς
1347 5065 1642 5134 βασιλείαν,
1689 5049 1807 5126 ἀλλ’

236 5133 488 5198 ἐξουσίαν
521 5139 596 5201 ὡς
652 5140 890 5209 βασιλεῖς
929 5148 1025 5200 καὶ
1073 5149 1203 5218 μίαν
1247 5151 1431 5222 ὥραν*
1480 5158 1541 5209 τὸ
1590 5161 1689 5229 μὲν
1730 5164 1809 5226 ὡς

237 5224 477 5294 βασιλεῖς
506 5228 593 5281 διὰ
623 5231 683 5284 τὸ
729 5234 1057 5305 ἀνέδραστον
1095 5241 1188 5292 καὶ
1235 5244 1459 5309 σκιῶδες
1500 5224 1601 5317 τῆς
1650 5224 1799 5320 βασιέ

236 5317 384 5410 λείας
414 5322 592 5374 αὐτῶν
620 5339 773 5394 φησι·
806 5326 865 5378 τὸ
884 5327 940 5379 δὲ
966 5328 1096 5398 μίαν
1116 5330 1265 5401 ὥραν
1296 5335 1432 5403 μετὰ
1462 5337 1557 5389 τοῦ
1588 5317 1801 5410 Θη-ριου,

233 5408 419 5481 ὦραν,
473 5414 533 5466 τὸ
583 5413 757 5486 βραχὺ
814 5416 908 5472 τοῦ
957 5421 1150 5490 χρόνου
1201 5430 1472 5496 παριστᾷν
1516 5429 1801 5502 βούλεται,

304 5570 353 5603 ⁸⁸
390 5572 489 5625 lsa.
531 5589 677 5636 sxw,
716 5576 798 5631 18.

298 5712 412 5786 (59)
461 5716 581 5768 Ἐπὶ
618 5720 683 5786 τῇ
713 5718 879 5786 βίϐλῳ
906 5723 1047 5785 vnlg.

1915 4530 1984 4581 lin
1993 4545 2129 4598 gum.

1982 4798 2180 4853 Decem
2213 4810 2421 4849 cornua
2451 4795 2639 4850 decem
2692 4796 2845 4866 reges
2903 4813 3027 4852 esse
3070 4799 3242 4863 aiunt,
3297 4800 3389 4869 qui
3420 4816 3485 4855 ex

1909 4890 2155 4943 Romano
2180 4888 2409 4955 imperio
2435 4899 2768 4958 consurgent
2799 4892 3089 4958 postremis
3125 4893 3485 4961 temporibus.

1909 4986 1961 5037 in
1989 4998 2223 5052 quorum
2257 4983 2435 5036 medio
2465 4991 2757 5051 consurget
2803 4984 3194 5039 Autichristus.
3239 4985 3355 5038 Non
3386 5001 3486 5037 au-

1907 5082 2014 5129 tem
2069 5075 2146 5139 ait
2187 5089 2281 5128 eos
2323 5088 2548 5141 regnum
2599 5084 2953 5142 accepturos,
3006 5076 3100 5130 sed
3158 5082 3485 5145 potestatem

1916 5175 2174 5234 tanquam
2229 5180 2402 5232 reges,
2442 5164 2604 5232 idque
2650 5181 2755 5218 una
2792 5167 2974 5221 hora:
3029 5179 3287 5236 tanquam
3331 5182 3487 5237 reges

1914 5271 2071 5319 sane,
2104 5271 2169 5311 eo
2214 5257 2358 5325 quod
2395 5254 2672 5310 infirmum
2703 5267 2754 5312 et
2783 5258 3079 5312 obscurum
3113 5258 3220 5313 erit
3250 5274 3474 5327 regnum

1912 5363 2140 5413 eorum;
2171 5364 2273 5402 una
2294 5364 2423 5425 vero
2451 5364 2577 5403 cum
2621 5351 2812 5415 bestia,
2851 5350 3039 5405 horam
3073 5351 3358 5420 designare
3383 5367 3481 5404 vo-

1915 5442 2033 5498 lens
2067 5444 2324 5513 temporis
2354 5444 2694 5510 brevitatem,
2741 5446 2855 5501 sive
2886 5446 3014 5502 illud
3048 5460 3158 5517 quo
3175 5445 3317 5501 .auni
3349 5444 3486 5499 bora

294 5785 406 5848 (60)
443 5785 679 5842 Inclusa
705 5785 788 5845 hic
823 5785 875 5845 et
939 5792 1076 5847 infra
1133 5806 1450 5865 supplentur
1490 5815 1554 5853 ex
1608 5802 1793 5858 codice
1821 5806 2157 5863 Baruccmuo
2188 5814 2328 5873 apud
2363 5812 2702 5866 Cramerum.
