4252 6436
749 349 860 412 723

1590 342 1913 417 ARETIIJE
1950 360 2326 423 cusanus
2364 368 2840 432 C.\l‘i'.\i)0Cl.E
2879 373 3217 435 EPISCOPI

3895 378 4014 442 724

747 458 1128 529 complebitur,
1156 478 1266 533 qua
1302 465 1535 518 vincenti
1566 465 1902 522 Antichristo
1927 472 2319 540 subjicientur;
2354 482 2397 535 Α
2426 481 2544 548 ἢτοι
2574 483 2642 534 δι’
2673 480 2733 538 οῦ
2764 487 2795 554 ἡ

2426 481 2544 548 ἢτοι
2574 483 2642 534 δι’
2673 480 2733 538 οῦ
2764 487 2795 554 ἡ
2832 486 2925 539 τοῦ
2958 487 3205 540 ἐνιαυτοῦ
3241 486 3359 558 ὥρα
3395 490 3749 555 συντελεῖται,
3786 492 3909 545 καθ’
3940 497 4017 563 ἣν

743 552 1031 607 autetiam
1068 555 1390 624 intelligitur
1419 558 1527 613 vita
1573 572 1693 628 qum
1752 561 1804 613 in
1859 561 2072 617 deliciis
2119 564 2317 634 agitur.

815 731 881 785 Et
905 750 1071 803 agnus
1095 734 1261 788 vincet
1281 751 1486 789 βοτη...
1519 745 1568 789 et
1596 738 1686 807 qui
1712 728 1830 793 cum
1856 740 1948 793 illo
1971 751 2091 794 sunt
2124 743 2317 797 vocati.

741 823 935 879 Merito
978 840 1100 878 cum
1154 825 1418 880 Dominus
1448 823 1797 885 dominoruni
1854 833 1925 887 sit
1969 844 2022 887 et
2063 831 2175 889 Rex
2236 850 2321 889 re-

742 916 1076 983 gum,etiam
1112 930 1544 988 propugnatores
1605 923 1724 991 ejus
1777 934 1902 977 sunt
1948 926 2144 992 vocati,
2210 942 2317 981 non

740 1007 1015 1076 vulgarem
1048 1008 1315 1064 habentes
1345 1013 1709 1079 vocationem,
1746 1015 1839 1069 sed
1897 1016 2133 1080 lirmam,
2168 1019 2322 1073 abso-

737 1102 907 1153 tutam
930 1110 983 1154 ct
1019 1102 1434 1159 immutabilem.
1487 1106 1610 1159 Ideo
1645 1121 1860 1175 quoque
1896 1108 2082 1163 ﬁdeles
2129 1109 2319 1164 dicun-

738 1192 1033 1264 tur.79&.
1053 1192 1182 1262 quia
1217 1194 1401 1249 ﬁdeles
1446 1198 1536 1249 uni
1580 1197 1809 1251 Domino
1866 1198 2166 1265 adhaerent,
2192 1216 2316 1255 cum

738 1296 843 1334 non
886 1284 1099 1350 pOssinl
1126 1284 1340 1337 duobus
1364 1287 1599 1340 domi::is
1632 1290 1857 1343 servire.

808 1373 970 1442 Aqme
1008 1390 1139 1442 quas
1171 1376 1367 1428 vidisti.
1405 1376 1576 1430 Antea
1629 1378 1696 1432 tle
1736 1379 1820 1434 his
1872 1381 2137 1444 diximus,
2173 1383 2319 1453 quod

739 1466 945 1534 tropice
975 1482 1040 1520 ac
1064 1468 1386 1521 naturaliter
1415 1477 1558 1523 terra
1592 1470 1663 1524 sit
1690 1486 1754 1525 ex
1782 1473 1963 1541 aquis,
1993 1484 2048 1528 et
2076 1475 2128 1528 in
2158 1475 2319 1543 aquis

746 1566 1083 1622 perseverat,
1132 1557 1326 1627 inqua
1371 1559 1619 1613 ﬁrmatus
1669 1570 1752 1615 est
1795 1565 2167 1632 corruptibilis
2232 1566 2320 1619 hic

738 1646 999 1711 nmndus,
1034 1650 1195 1717 etqui
1220 1650 1270 1701 in
1285 1632 1523 1703 humidis
1548 1666 1610 1704 ac
1632 1652 1885 1707 mollibus
1912 1666 2152 1709 versatur
2184 1656 2319 1709 deli-

736 1737 857 1791 ciis.
894 1735 1128 1793 Omnino
1164 1749 1478 1794 autemnon
1509 1743 1616 1795 alio
1654 1758 1819 1811 quam
1858 1744 1962 1799 hoc
2005 1747 2168 1800 modo
2224 1761 2312 1802 se-

734 1830 971 1881 cundum
1019 1830 1257 1884 humana
1302 1846 1500 1901 genera
1552 1832 1907 1903 intelligitur,
1958 1851 2080 1905 quae
2125 1847 2313 1907 gentes
2349 1823 2388 1878 η

735 1932 864 1976 sunt
902 1922 1067 1978 variis
1114 1923 1314 1994 linguis
1361 1927 1652 1993 distinctae,
1703 1938 1759 1983 et
1812 1940 2068 1998 praetcrea
2123 1945 2311 2000 regum

736 2026 1057 2069 conservata
1119 2017 1342 2086 imperia
1395 2038 1409 2074 :
1470 2036 1595 2073 nam
1662 2022 1769 2075 hoc
1830 2022 2141 2092 signiﬁcare
2199 2024 2315 2076 vult

734 2120 905 2158 rornu
928 2124 941 2158 :
963 2121 993 2160 a
1025 2112 1273 2163 cornutis
1299 2111 1627 2167 animalibus
1650 2126 1707 2166 se
1727 2123 2002 2176 tueantur,
2024 2113 2070 2168 si
2094 2112 2315 2184 quando

735 2213 875 2268 opus
907 2210 989 2254 est
1025 2199 1287 2258 adversus
1311 2204 1415 2258 alia
1456 2205 1713 2260 animalia
1748 2220 2059 2263 occurrere.
2111 2206 2311 2273 Quem-

736 2291 1031 2347 admodum
1098 2296 1262 2350 etiam
1342 2312 1530 2367 regum
1607 2300 1999 2369 dispositiones
2062 2302 2315 2372 gentibus

736 2382 1001 2439 adversus
1035 2394 1223 2455 gentes
1261 2389 1689 2457 permanentiam
1724 2391 1777 2445 in
1810 2392 2008 2461 seipsis
2044 2393 2311 2458 tribuunt,

737 2472 864 2525 dum
905 2473 972 2528 ad
1025 2482 1317 2531 extraneos
1354 2477 1701 2549 principatus
1754 2496 1862 2535 non
1903 2482 2312 2554 disperguntur.

806 2653 972 2719 XVII,
1013 2654 1195 2709 lli-l8.
1229 2656 1296 2709 Et
1321 2658 1494 2710 decem
1533 2673 1725 2712 cornua
1756 2675 1874 2728 qua:
1901 2659 2083 2714 vidisti
2136 2661 2191 2713 in
2235 2658 2317 2711 be-

736 2749 862 2811 stia,
896 2748 950 2800 hi
977 2749 1099 2801 odio
1127 2760 1507 2818 prosequentur
1547 2752 1892 2813 meretricem,
1925 2761 1974 2804 et
2020 2751 2315 2804 desolatam

737 2839 934 2907 facient
972 2838 1123 2893 illam
1152 2850 1201 2895 et
1244 2843 1476 2907 nudam,
1513 2852 1561 2898 et
1603 2859 1786 2896 carnes
1820 2844 1934 2912 ejus
1967 2843 2237 2897 comedent
2266 2852 2315 2897 et

735 2934 906 3000 ipsum
956 2935 1072 3004 igne
1100 2936 1526 2990 eoneremabunt.
1564 2936 1705 2991 Deus
1735 2938 1872 2990 enim
1896 2937 2036 2991 dedit
2073 2937 2127 2989 in
2155 2936 2317 2989 corda

735 3041 938 3087 eorum,
981 3036 1038 3079 ut
1074 3028 1278 3096 faciant
1324 3030 1491 3097 ipsius
1523 3030 1844 3083 voluntatem
1874 3047 1891 3084 :
1920 3039 1968 3084 et
1998 3031 2197 3098 faciant
2231 3045 2319 3082 vo-

2425 573 2501 642 τῷ
2559 574 2912 646 ’Δντιχρίστῳ
2964 576 3043 647 τῷ
3100 578 3419 648 ὑπερέχοντι
3457 581 3897 652 ὑποταγήσονται
3924 602 3938 613 ·
3977 587 4013 654 ἦ

2424 666 2519 718 καὶ
2539 665 2710 735 ὥραν,
2738 668 2831 721 τὸν
2856 667 3258 723 ἀπολαυστικὸν
3284 671 3401 740 βίον
3431 672 3670 743 νοητέον.

2494 757 2601 810 Kal
2642 758 2708 810 τὸ
2749 759 2961 827 ἀρνίον
2997 759 3235 826 νικήσει
3268 761 3606 827 antehc..."
3652 764 3748 815 καί
3792 767 3848 816 οἱ
3876 781 3992 832 μετ

2423 848 2611 902 αὐτοῦ
2640 851 2873 915 κλητοί.
2907 852 3146 913 Εἰκότως
3195 852 3271 915 ὡς
3304 855 3397 906 καὶ
3433 854 3637 924 Κύριος
3667 857 3872 925 κυρίων
3910 858 4017 909 καὶ

2424 940 2687 1003 Βασιλεὺς
2739 940 3026 1010 βασιλέων,
3063 942 3159 995 καὶ
3199 945 3542 997 ὑπασπισταὶ
3590 947 3755 999 αὑτοῦ
3791 947 4012 1016 κλητοὶ,

2422 1031 2522 1102 τὴν
2561 1033 2750 1102 κλῆσιν
2780 1033 2840 1085 οὐ
2878 1033 3021 1087 κατὰ
3051 1033 3113 1086 τὸ
3141 1035 3402 1104 ὲπιτυχὸν
3435 1036 3672 1105 ἔχοντες,
3698 1037 3833 1091 ἀλλὰ
3860 1041 4011 1091 κατὰ

2424 1122 2484 1174 τὸ
2528 1123 2737 1193 καίριον
2764 1123 2859 1176 καὶ
2892 1123 3330 1195 διηκριϐωμένον
3373 1127 3467 1179 καὶ
3510 1126 3865 1195 ἀμετάθετον.
3912 1128 4014 1180 Διὸ

2425 1213 2518 1264 καὶ
2544 1214 2748 1276 πιστοὶ,
2776 1214 2858 1266 ὅτι
2889 1215 2918 1266 ὀ
2952 1214 3141 1277 πιστὸς
3171 1215 3254 1267 ἐνὶ
3284 1216 3612 1286 προσανέχει
3643 1218 3909 1287 Δεσπότῃ.
3940 1219 4011 1271 οὐ

2422 1302 2718 1371 δυνάμενος
2751 1304 2872 1355 δυσὶ
2903 1304 3115 1373 κυρίοις
3149 1305 3442 1358 δουλεύειν.

2500 1393 2574 1447 Τὰ
2607 1394 2794 1448 ὕδατα
2830 1393 2868 1448 ἃ
2912 1392 3088 1460 εἶδες.
3136 1396 3467 1467 Προείρηται
3517 1399 3651 1467 ἡμῖν
3688 1401 3816 1468 περὶ
3874 1399 4007 1451 τοῦ-

2423 1504 2557 1549 των,
2596 1487 2877 1555 τροπικῶς
2911 1489 3006 1540 καὶ
3040 1488 3286 1556 φυσικῶς
3323 1490 3423 1560 τὴν
3456 1490 3560 1561 γῆν
3600 1487 3740 1544 εἶναι
3776 1492 3837 1556 ἐξ
3870 1493 4009 1546 ὑδά-

2420 1596 2550 1639 των,
2580 1578 2675 1631 καὶ
2707 1580 2763 1630 ὲν
2793 1577 2950 1631 ὕδασι
2975 1578 3348 1644 διατελοῦσαν,
3381 1582 3441 1633 ἐν
3531 1584 3559 1634 ὁ
3588 1582 3821 1651 ψθαρτῦς
3847 1576 4009 1643 οὗτος

2423 1671 2516 1723 καὶ
2556 1670 2799 1741 διύγροις
2840 1671 3060 1739 ἡδοναῖς
3106 1671 3431 1740 διαγόμενος
3467 1674 3732 1743 ἧδρασται
3773 1675 4006 1742 κόσμος.

2426 1760 2650 1821 Πάντως
2674 1760 2729 1812 δὲ
2779 1760 2879 1812 οὑκ
2911 1758 3083 1823 ἄλλως
3117 1758 3348 1830 ῆοῦτως
3383 1762 3536 1828 παρὰ
3573 1760 3642 1813 τὰ
3684 1760 4009 1830 ἀνθρώπινα

2418 1851 2547 1920 γένη
2601 1854 2825 1914 νοεῖται,
2902 1852 3046 1921 ἅπερ
3106 1851 3236 1920 ἔθνη
3288 1852 3395 1904 sici.
3444 1855 3509 1921 τῇ
3553 1852 3794 1921 διαφόρῳ
3848 1853 4005 1920 φωνῇ

2417 1942 2875 2011 διαστελλόμενα,
2912 1943 3049 2011 πρὸς
3086 1942 3142 1995 δὲ
3196 1941 3410 2003 τούτοις
3460 1942 3554 1994 καὶ
3610 1943 3677 1994 τὰ
3731 1942 4008 2010 βασιλέων

2417 2037 2593 2106 κράτη
2644 2036 3078 2104 συντηρούμενα.
3119 2033 3292 2087 Τοῦτο
3336 2034 3446 2105 γὰρ
3491 2034 3550 2087 τὸ
3593 2035 3761 2104 κέρας
3805 2033 4009 2102 δηλοῦν

2420 2125 2701 2193 βούλεται,
2745 2123 2855 2177 ἀπὸ
2901 2122 3008 2176 τῶν
3053 2124 3416 2194 κερασφόρων
3453 2123 3610 2186 ζώων
3663 2122 3847 2176 λαϐὼν
3901 2122 4007 2193 τὴν

2416 2219 2631 2287 χρῆσιν,
2679 2217 2759 2270 ὅτι
2804 2217 3033 2269 κάκεῖνα
3059 2218 3171 2279 τοῖς
3210 2217 3437 2286 κέρασιν
3470 2216 3678 2269 ἑαυτῶν
3721 2217 4009 2287 συντηρεῖ-

2417 2327 2543 2373 ται,
2605 2311 2762 2364 εῐπου
2817 2307 2999 2379 δεήσει
3055 2309 3191 2380 πρὶς
3247 2309 3411 2379 ἔτερα
3463 2307 3580 2372 ζῶα
3628 2307 4005 2374 διεξάγεσθαι.

2421 2403 2629 2473 ’Ὠσπερ
2677 2404 2770 2456 καὶ
2805 2401 2993 2454 ἔθνεσι·
3011 2402 3149 2472 πρὸς
3186 2400 3313 2471 ἔθνη
3346 2403 3401 2455 αἱ
3442 2401 3552 2454 τῶν
3584 2399 3850 2470 βασιλέων
3878 2399 4008 2452 δια-

2415 2494 2582 2561 ταγαὶ
2623 2494 2681 2544 τὸ
2721 2492 2845 2546 καθ’
2889 2495 3059 2546 ἑαυτὰ
3087 2492 3368 2559 διαμένειν
3415 2494 3714 2563 παρέχουσι
3751 2492 3825 2561 μὴ
3866 2492 4010 2560 πρζς

2418 2582 2685 2650 ὲκφύλους
2713 2582 3042 2652 κυριαρχίας
3079 2582 3461 2646 σκεδαςεσθαι.

2491 2674 2597 2728 Kal
2653 2674 2725 2726 τὰ
2774 2675 2924 2727 δέκα
2960 2677 3180 2741 κέρατα
3223 2674 3262 2728 d
3309 2670 3468 2739 εἶδες
3514 2675 3614 2727 ἐπὶ
3658 2675 3725 2727 τὸ
3764 2678 4010 2741 θηρίον,

2420 2762 2585 2820 οὗτοι
2617 2764 2959 2834 μισήσουσι
3002 2765 3118 2831 τὴν
3147 2765 3416 2832 πόρνην,
3466 2766 3566 2819 καί
3608 2765 4014 2834 ἠρημωμένην

2419 2856 2792 2920 ποιήσουσιν
2848 2856 3079 2923 αὐτὴν,
3154 2857 3255 2910 καὶ
3326 2856 3569 2925 γυμνὴν
3631 2858 4013 2922 ποιήσουσιν

2418 2948 2647 3015 αὐτὴν,
2702 2949 2801 3001 καί
2845 2948 2949 3014 τὰς
3006 2948 3241 3015 σάρκας
3285 2946 3475 3013 αὐτῆς
3521 2948 3849 3017 φάγονται,
3903 2948 4011 3001 καί

2419 3039 2616 3106 αὐτὴν
2666 3040 3163 3092 κατακαύσουσιν
3214 3040 3283 3091 ἐν
3331 3039 3495 3106 πυρί.
3562 3039 3623 3092 '0
3680 3040 3792 3108 γὰρ
3858 3040 4011 3104 Θεὸς

735 3115 991 3169 luntatem
1021 3133 1204 3181 unam,
1234 3130 1282 3172 et
1324 3119 1446 3173 dent
1479 3135 1695 3188 regnum
1744 3136 1899 3172 suum
1929 3119 2107 3172 bestite
2153 3120 2317 3171 donec
2344 3167 2391 3227 c
2424 3128 2649 3181 ἔδωκεν
2670 3130 2757 3193 εὶς
2789 3145 2802 3180 1

2424 3128 2649 3181 ἔδωκεν
2670 3130 2757 3193 είς
2789 3128 2895 3194 τὰς
2921 3127 3168 3195 καρδίας
3200 3128 3401 3181 αὐτῶν
3431 3127 3679 3195 ποιῆσαι
3707 3128 3824 3194 τὴν
3865 3130 4015 3197 γνω-

738 3210 1104 3279 eompleantur
1133 3226 1397 3265 sermones
1443 3210 1557 3264 Dei.
1608 3210 1675 3263 Et
1729 3211 1921 3264 mulier
1945 3226 2102 3280 quam
2132 3209 2311 3263 vidisti

737 3311 813 3354 est
862 3303 1045 3356 civitas
1093 3319 1283 3373 magna
1342 3319 1460 3372 qua:
1489 3304 1639 3355 habet
1692 3318 1904 3372 regnum
1956 3319 2111 3371 super
2176 3318 2317 3372 reges

740 3402 913 3445 terrae.

808 3650 947 3719 Quid
973 3653 1287 3720 signiﬁcare
1322 3652 1487 3704 velint
1519 3666 1724 3704 cornua
1758 3651 1868 3719 jam
1897 3650 2102 3705 dictum
2134 3662 2237 3715 cst,
2269 3661 2323 3706 et

742 3742 885 3811 quod
920 3742 1090 3795 bestia
1125 3742 1197 3795 sit
1224 3741 1474 3795 diabolus
1509 3758 1522 3795 :
1549 3743 1722 3794 variat
1750 3742 1894 3795 enim
1933 3743 1986 3795 in
2015 3743 2323 3811 signiﬁcato

740 3833 945 3896 hestiaa,
983 3832 1183 3886 alicubi
1228 3832 1630 3887 Antirhristum
1684 3836 1757 3889 ita
1815 3832 2141 3897 nominans,
2185 3835 2321 3888 alias

740 3937 923 3980 autem
964 3936 1018 3979 et
1050 3923 1333 3979 Satanam.
1373 3924 1547 3996 Reges
1586 3925 1773 3996 igitur,
1812 3925 2010 3995 inquit,
2040 3926 2132 3995 qui
2162 3938 2316 3981 antc-

742 4023 839 4073 huc
861 4035 956 4089 per
983 4019 1353 4087 onerationem
1384 4018 1600 4073 Satanae
1632 4020 1928 4073 crudeliter
1959 4019 2135 4074 allecti
2166 4030 2321 4074 erant

740 4128 866 4171 erga
905 4128 1126 4182 agnum,
1190 4112 1281 4166 Dei
1337 4113 1710 4167 admonitione
1738 4112 1864 4167 odio
1922 4123 2322 4182 prosequentur

741 4205 1104 4265 meretricem,
1144 4202 1196 4257 id
1228 4214 1332 4270 est,
1361 4205 1743 4274 voluptuosam
1784 4205 1837 4257 in
1868 4205 1977 4259 vita
2028 4220 2321 4260 conversa-

743 4296 942 4349 tionem
977 4314 991 4349 :
1024 4295 1321 4350 desolatam
1351 4312 1567 4366 quoque
1606 4296 1838 4351 ellicient
1877 4297 2241 4352 idololatriam
2269 4309 2321 4352 et

743 4388 986 4442 delubris
1026 4404 1089 4442 ac
1140 4390 1355 4445 vatibus
1401 4391 1692 4459 privabunt
1728 4408 1740 4444 :
1777 4398 1831 4444 et
1872 4406 2069 4446 carnes
2122 4391 2316 4461 ipsius,

2426 3239 2553 3291 μην
2591 3221 2808 3274 αὑτοῦ·
2852 3220 2949 3272 καὶ
2980 3220 3232 3288 ποιῆσαι
3265 3219 3509 3288 γνώμην
3543 3220 3710 3287 μίαν,
3738 3218 3837 3272 καί
3866 3218 4014 3271 δοῦ-

2432 3332 2528 3368 ναι
2568 3314 2683 3380 τὴν
2716 3312 3047 3377 βασιλείαν
3084 3311 3285 3365 αὐτῶν
3314 3310 3393 3376 τῷ
3431 3314 3614 3379 θηρίῳ
3657 3312 3795 3377 ἄχρι
3841 3314 4014 3364 τελε-

2427 3405 2662 3460 σθῶσιν
2691 3408 2744 3457 cl
2770 3406 2939 3473 λόγοι
2973 3404 3080 3457 τοῦ
3109 3403 3281 3457 Θεοῦ.
3324 3402 3433 3457 Kal
3460 3403 3497 3469 ἡ
3529 3402 3683 3471 γυνὴ
3714 3401 3795 3467 ἢν
3826 3398 4011 3466 εἶδες.

2424 3500 2594 3551 ἐστιν
2640 3499 2678 3564 ἡ
2713 3497 2891 3559 πόλις
2929 3497 2966 3563 ἠ
2994 3493 3262 3563 μεγάλη,
3317 3494 3356 3560 ἡ
3396 3493 3630 3561 ἔχουσα
3676 3493 4015 3556 ,ϐασιλείαν

2424 3589 2521 3640 ἐπὶ
2555 3587 2673 3639 τῶν
2694 3585 3005 3649 ,βασιλέων
3035 3584 3143 3650 τῆς
3176 3583 3311 3652 γῆς.

2495 3680 2575 3731 Τὰ
2628 3678 2727 3747 μὲν
2765 3678 2972 3744 κέρατα
3028 3676 3079 3729 τί
3129 3676 3324 3745 δηλοῦν
3378 3675 3585 3741 ἐθέλει,
3650 3675 3870 3744 εἴρηται
3920 3675 4009 3744 δή·

2426 3770 2613 3840 θηρίον
2657 3770 2713 3821 δὲ
2760 3768 2851 3821 τὸν
2895 3766 3162 3820 διάϐολον.
3223 3765 3533 3835 Ἀδιαφορεί
3578 3766 3687 3837 γὰρ
3747 3769 3891 3819 κατὰ
3950 3768 4014 3819 τὸ

2428 3861 2829 3931 σημαινόμενον
2857 3859 2951 3912 τοῦ
2990 3858 3203 3928 θηρίου,
3234 3861 3308 3929 πῆ
3346 3859 3444 3928 μὲν
3495 3859 3587 3910 τὸν
3636 3859 4012 3927 Ἀντίχριστον

2425 3951 2706 4019 ὀνομάζων
2735 3947 2929 4013 οὕτως,
2962 3948 3073 4000 ἔσθ’
3105 3948 3193 4002 ὅτε
3225 3947 3281 4000 δὲ
3318 3948 3408 4001 τὸν
3439 3949 3705 4001 Σατανᾶν.
3751 3949 3813 3999 Ul
3850 3947 4012 4015 βασι-

2425 4042 2536 4104 λεῖς
2570 4041 2683 4105 οῦν,
2721 4040 2908 4111 φησὶν,
2947 4042 2995 4093 οἱ
3027 4040 3163 4103 τέως
3197 4042 3317 4093 κατ’
3360 4040 3639 4111 ἐνέργειαν
3667 4038 3760 4092 τοῦ
3793 4039 4012 4091 Σατανᾶ

2428 4132 2625 4204 φονίως
2675 4132 2753 4202 τῷ
2786 4134 2959 4202 ἀρτίῳ
2993 4132 3356 4195 διατεθέντες,
3402 4131 3537 4184 Θεοῦ
3587 4131 4006 4202 ὑποθημοσύνῃ,

2430 4226 2719 4294 μισήσουσι
2747 4224 2846 4293 τὴν
2873 4224 3078 4293 πόρνην
3098 4266 3112 4289 ,
3146 4222 3244 4316 τῂν
3275 4223 3333 4275 ὲν
3366 4220 3444 4292 τῷ
3477 4222 3573 4292 βίῳ
3598 4221 4011 4290 ἀπολαυστικὴν

2425 4317 2638 4369 δίαιταν
2661 4357 2674 4377 ,
2702 4314 3055 4385 ὲρημώσουσι
3092 4315 3149 4367 δὲ
3191 4313 3283 4369 καὶ
3314 4313 3765 4383 εἰδωλολατρείαν
3796 4316 3889 4365 καὶ
3921 4330 4010 4364 τε-

2431 4410 2607 4476 μενῶν
2646 4410 2739 4461 καὶ
2774 4407 3044 4477 μαντείων
3085 4405 3563 4476 ἁλλοτριὼσουσιν,
3596 4407 3691 4458 καὶ
3734 4406 3835 4468 τὰς
3872 4410 4010 4472 adp-

744 4480 846 4533 hoc
872 4490 974 4541 est.
1030 4482 1286 4534 animalia
1323 4482 1390 4535 ad
1444 4483 1713 4535 idolorum
1777 4484 2026 4536 victimas
2060 4486 2316 4553 reposita.
2355 4504 2399 4559 ι)
2427 4516 2529 4560 καις
2576 4499 2745 4568 αὐτῆς
2790 4516 2802 4545 ιε

2427 4516 2529 4560 κας
2576 4499 2745 4568 αὐτῆς
2790 4498 2858 4550 τὰ
2889 4498 3025 4564 πρὸς
3065 4498 3254 4551 Θυσίαν
3284 4498 3671 4566 ἁναφερὺμενα
3699 4498 3806 4548 τῶν
3851 4497 4009 4549 εἰδώς

740 4572 845 4625 sibi
884 4572 1018 4641 ipsis
1053 4574 1682 4643 rccondent,.omneque
1728 4575 1968 4628 stndimn
1998 4576 2143 4645 quod
2176 4579 2319 4630 circa

742 4678 879 4716 vana
903 4672 1226 4732 occupatum
1254 4672 1373 4717 erat
1404 4668 1469 4719 de
1507 4667 1684 4719 medio
1718 4668 1926 4727 tollent.
1961 4676 2019 4721 ut
2059 4668 2216 4736 quasi
2255 4668 2325 4721 ah

744 4754 871 4822 igne
910 4765 1298 4825 consumptum
1320 4757 1685 4822 existimetur,
1717 4774 2017 4827 omnesque
2042 4762 2280 4815 clament
2306 4781 2318 4816 :

743 4846 847 4902 Ubi
903 4863 1051 4902 nunc
1080 4858 1207 4903 sunt
1258 4850 1348 4917 qui
1384 4860 1513 4904 tunc
1541 4866 1678 4904 vana
1716 4867 1846 4905 cura
1882 4853 2324 4922 occupabantur?

743 4937 870 4992 llaec
917 4952 1097 4993 autem
1134 4941 1337 5003 omnia,
1391 4950 1448 4994 ut
1492 4944 1909 5011 proposuimus,
1953 4959 2060 4998 non
2113 4946 2323 5015 absque

746 5029 935 5082 divino
954 5029 1179 5085 nomine
1210 5030 1323 5083 ﬁeri
1342 5029 1516 5094 aiunt,
1542 5032 1635 5085 sed
1662 5031 1751 5085 Dei
1785 5034 2149 5101 providentia.

817 5211 979 5281 795
1022 5210 1087 5262 Et
1139 5212 1341 5277 faciant
1394 5228 1553 5263 unam
1600 5213 1945 5267 voluntatem.
1996 5215 2319 5286 Quanquam

747 5314 1040 5358 etmeurrat
1075 5304 1270 5357 hormn
1305 5306 1544 5358 studium
1601 5305 1691 5359 Dei
1743 5308 1807 5361 ad
1845 5309 2205 5375 voluntatem,
2271 5312 2318 5365 id

747 5406 926 5447 tamen
957 5396 1114 5448 Slt‘llll
1160 5390 1267 5449 Deo
1294 5412 1438 5451 curze
1468 5398 1598 5461 fuit,
1632 5407 1685 5451 et
1719 5399 1870 5467 jnxta‘
1911 5402 2316 5458 inscrutabilcm

745 5486 1102 5555 providentia:
1133 5503 1245 5540 sua!
1274 5488 1719 5557 profunditatem,
1758 5493 1955 5547 serviet
1994 5495 2159 5550 rebus
2195 5513 2315 5561 per-

747 5579 1012 5633 ﬁciendis.
1039 5577 1352 5634 Secundum
1389 5581 1529 5636 hanc
1554 5583 1717 5654 igitur
1744 5587 2094 5642 concordiam
2130 5604 2158 5641 a
2213 5590 2319 5644 Deo

743 5670 949 5733 datam,
990 5672 1185 5725 tradita
1223 5673 1407 5727 bestiae
1439 5675 1750 5733 multimoda
1784 5682 2091 5749 Mstate,
2126 5681 2296 5737 cilicio

747 5771 802 5815 nt
841 5760 1012 5818 bestia
1037 5763 1325 5832 prwvalrat
1362 5764 1412 5819 in
1447 5767 1699 5823 omnibus
1728 5768 1793 5822 ad
1836 5756 1956 5838 quae
1998 5772 2175 5827 debita
2219 5775 2310 5844 juo

2426 4592 2532 4643 λων
2576 4592 2693 4655 ζῶα
2730 4592 2944 4653 ἑαυτοῖς
2972 4590 3362 4660 ταμιεύσουσι,
3394 4591 3489 4643 καὶ
3525 4592 3706 4643 πᾶσαν
3744 4591 3845 4658 τὴν
3878 4593 4009 4658 περὶ

2427 4684 2495 4736 τὰ
2546 4684 2749 4753 μάταια
2807 4683 3041 4749 σπουδὴν
3093 4683 3454 4751 ἁφανίσουσι,
3502 4687 3594 4735 καὶ
3647 4682 3820 4744 οὕτως
3865 4682 4011 4736 ὥστε

2429 4774 2534 4826 ὑπὸ
2584 4773 2754 4844 πυρὸς
2802 4773 3208 4844 δαπανηθεῖσαν
3264 4772 3606 4843 νομίζεσθαι,
3656 4774 3749 4825 καὶ
3795 4773 4011 4835 πάντας

2429 4863 2675 4934 κράζεινο
2713 4863 2820 4916 Ποῦ
2856 4849 2966 4916 νῦν
3004 4866 3052 4916 οἱ
3086 4864 3186 4934 τῆς
3219 4863 3339 4916 τότε
3386 4863 3480 4915 ἐπὶ
3518 4863 3587 4916 τὰ
3639 4862 3852 4932 μάταια
3888 4865 4011 4913 ἐπι-

2433 4955 2654 5019 μελείας
2703 4955 2983 5025 ὲχὸμενοι;
3046 4954 3230 5008 Ταῦτα
3288 4955 3344 5008 δὲ
3404 4955 3617 5019 πάντα,
3666 4954 3742 5017 ὼς
3793 4955 4010 5026 ἔφημεν

2429 5047 2822 5117 παραθέμενοι,
2853 5048 2952 5099 οὐκ
2983 5046 3049 5100 ἂν
3072 5047 3224 5099 ἀθεεὶ
3260 5046 3534 5117 συμϐῆναί
3574 5062 3759 5115 φασιν,
3792 5047 3912 5099 ἀλλ’
3943 5048 4008 5101 ὲκ

2429 5134 2577 5200 Θείας
2601 5136 2907 5204 ἐπισκοπῆς
2932 5137 3025 5191 καὶ
3057 5137 3335 5207 προνοίας.

2499 5229 2605 5282 Kal
2646 5228 2895 5295 ποιῆσαι
2935 5230 3178 5297 γνώμην
3206 5234 3371 5298 μίαν.
3402 5229 3466 5281 Εἰ
3505 5228 3601 5281 καὶ
3636 5226 3938 5298 σύνδρομος
3972 5230 4005 5297 ἠ

2427 5320 2630 5373 τούτων
2672 5320 2865 5391 γνώμη
2896 5324 2959 5390 τῇ
3006 5322 3100 5373 τοῦ
3130 5320 3267 5374 Θεοῦ
3287 5362 3301 5384 ,
3334 5320 3451 5373 ἀλλ’
3500 5321 3576 5384 ὡς
3605 5319 3726 5388 Θεῷ
3761 5324 4006 5390 μεμελη-

2430 5415 2588 5480 μένη,
2622 5413 2763 5464 κατὰ
2797 5412 2852 5463 δὲ
2882 5413 2941 5465 τὸ
2966 5412 3391 5484 ἀνεξερεύνητον
3423 5411 3586 5481 βάθος
3612 5412 3712 5480 τῆς
3744 5414 4003 5481 προνοίας

2427 5503 2591 5558 αὐτοῦ
2624 5504 2997 5574 συμϐαίνουσα
3041 5507 3151 5568 τοῖς
3197 5505 3662 5575 συντελουμένοις.
3693 5504 3853 5556 Οῦτω
3892 5522 4006 5557 τοι-

2490 5596 2627 5667 ροῦν
2661 5598 2800 5651 κατὰ
2844 5598 3100 5666 τοιαύτην
3144 5601 3607 5669 ὁμογνωμοσύνην
3653 5598 3865 5661 τούτοις
3912 5601 4001 5651 δο-

2425 5688 2609 5741 θεῖσαν
2649 5689 2752 5741 ὑπὸ
2785 5689 2941 5752 Θεοῦ,
2982 5690 3079 5759 τῆς
3112 5690 3358 5755 ἐξουσίας
3387 5691 3605 5760 ἁπάσης
3638 5692 4005 5761 παρασχεθεί-

2428 5799 2521 5851 aq;
2547 5782 2622 5852 τῷ
2649 5784 2843 5853 θηρίῳ,
2869 5782 3165 5838 διατελέσει
3198 5782 3431 5854 κρατνῦν
3457 5785 3517 5838 τὸ
3539 5784 3729 5857 θηρίον
3756 5786 3835 5849 εἰς
3865 5786 4004 5855 ὅπερ
