4252 6436
296 415 405 478 725

1368 433 1749 496 COMMENT.
1794 438 1876 498 IN
1914 438 2435 504 APOCALYPSIN.

3429 468 3535 531 726

281 535 351 586 ἂν
405 537 462 587 at
518 536 842 607 κατάλληλοι
895 541 1103 610 κρίσεις
1152 544 1452 609 ἀπάξουσιν
1505 549 1560 601 αἳ
1610 549 1698 602 διὰ
1747 551 1857 601 τῶν
1889 558 1929 611 Α

1854 570 1857 590 ι
1889 558 1929 611 Α
1960 553 2102 606 dicia
2148 554 2453 619 deducent,
2486 572 2609 625 quae
2663 573 2758 627 per
2802 574 3088 616 sermones
3143 566 3533 642 designantur,

283 624 458 691 λόγων
489 627 974 701 ὑπεσημάνθησαν,
1009 632 1076 685 δι’
1109 628 1184 687 ὧν
1232 636 1412 704 λέγει·
1472 641 1633 708 Ἄχρι
1685 645 1848 694 τελε-

282 717 517 771 σθῶσιν
545 723 599 773 ol
630 723 796 790 λόγιοι
823 724 931 776 τοῦ
962 726 1128 779 Θεοῦ.

355 811 466 864 Καὶ
502 811 538 876 ὴ
561 812 712 880 γυνὴ
744 811 823 880 ῆν
853 811 1027 882 εἶδες,
1065 816 1234 871 ἐστιν
1263 819 1300 886 ἡ
1328 821 1503 886 πόλις
1531 821 1568 888 ἡ
1594 825 1846 893 μεγάλη.

283 900 625 971 Σαφὲστερον
676 904 776 974 τὴν
824 911 1059 973 γυναῖκα
1111 911 1392 977 παριστῶν
1416 951 1431 976 ,
1481 913 1850 985 ἀναλαμϐάνει

283 991 412 1059 περὶ
459 991 632 1060 αὐτῆς
678 992 875 1060 λόγον,
931 997 1026 1048 καί
1079 1014 1244 1068 φησιν
1303 1000 1519 1070 ἐκείνην
1567 998 1704 1057 εἶναι
1751 1005 1852 1074 τὴν

281 1081 516 1150 ἔχουσαν
557 1084 619 1137 τὸ
657 1087 857 1155 κράτος
904 1090 999 1141 ἐπὶ
1031 1089 1140 1142 τῶν
1173 1094 1282 1156 τοῖς
1329 1095 1538 1162 γητνοις
1574 1113 1850 1167 προσανα-

283 1173 574 1242 κειμένων.
630 1177 705 1229 Οὐ
750 1180 860 1249 γὰρ
893 1180 988 1232 καὶ
1039 1182 1238 1246 πάντες
1289 1184 1339 1236 οι
1379 1186 1710 1249 ἐνοικοῦντες
1757 1188 1852 1240 ἐπὶ

278 1265 379 1333 τῆς
409 1266 536 1335 γῆς,
566 1267 666 1338 ἥδη
702 1271 794 1323 καὶ
821 1273 932 1334 τοῖς
959 1274 1169 1342 γηῒνοις
1200 1275 1760 1347 προσδιαφθείρονται.

861 1361 1107 1416 ΚΕΦΑΛ.
1143 1364 1270 1418 NE’.

281 1445 419 1528 Περὶ
445 1447 678 1528 ’ἑτέρου
733 1451 994 1528 ἀγγέλου
1048 1455 1164 1528 τὴν
1217 1456 1448 1512 πτῶσιν
1493 1460 1850 1528 Βαϐυλῶνος

346 1515 700 1597 δηλοῦντος,
751 1515 849 1597 οιαὶ
888 1515 1173 1597 οὐρανίου
1199 1529 1424 1597 ᾼφωνῆς
1466 1530 1582 1596 τὴν
1626 1532 1695 1583 ἐκ
1739 1515 1850 1597 "id

353 1587 586 1668 πτόλεως
601 1655 625 1667 _
639 1591 842 1668 φυξὴν
886 1587 1381 1668 ἐντελλοιέένης,’
1405 1587 1505 1652 ναι
1526 1587 1683 1666 ’περὶ

351 1653 664 1724 ἀποϐολῆς
696 1653 814 1711 τῶν
844 1661 1114 1728 τερπνῶν
1133 1653 1230 1717 ’ὧν
1271 1653 1515 1734 τδπρὶν
1541 1653 1846 1736 ἐκέκτητοῖ

349 1741 509 1796 Μετὰ
567 1743 754 1802 ταῦτα
803 1744 968 1802 εἶδον
1010 1751 1267 1819 ἄγγελον
1318 1754 1513 1807 ἄλλον
1570 1759 1848 1811 καταϐαί-

277 1848 463 1885 νοντα
489 1833 558 1888 ἐκ
592 1836 698 1889 τοῦ
740 1839 1034 1906 οὐρανοῦ,
1075 1842 1295 1912 ἔχοντα
1336 1844 1628 1908 ἐξουσίαν
1670 1848 1848 1917 μεγά-

277 1927 416 1988 λην.
453 1921 634 1996 Καλή
685 1928 761 1996 τῆ
806 1930 1106 2001 ἐφωτίσθη
1142 1935 1210 1989 ἐκ
1258 1936 1368 2005 τῆς
1412 1938 1596 2006 δόξης
1643 1940 1847 1994 αὐτοῦ.

279 2016 388 2069 Καὶ
418 2015 670 2083 ἔκραξεν
698 2022 919 2090 ἰσχυρᾷ
947 2024 1119 2094 φωνῇ
1144 2026 1365 2095 λέγων’
1409 2030 1633 2084 Ἐπεσε
1662 2033 1852 2085 Βαϐυ-

276 2103 407 2158 λὼν
449 2107 486 2173 ἢ
523 2108 778 2177 μεγάλη,
833 2115 929 2165 και
964 2114 1200 2183 ἐγένετο
1231 2118 1684 2186 κατοικητήριον
1722 2119 1852 2172 δαι-

273 2201 514 2264 μόνων,
549 2202 643 2254 καὶ
677 2205 922 2272 φυλακὴ
963 2208 1192 2275 παντὸς
1225 2211 1562 2280 πνεύματος
1590 2211 1849 2279 ἀκαθάρ-

279 2304 388 2340 του
445 2290 542 2342 καὶ
585 2296 1040 2361 μεμισημένον·
1100 2299 1189 2353 ὅτι
1247 2301 1316 2354 ἐκ
1375 2301 1481 2355 τοῦ
1533 2303 1701 2356 οἴνου
1744 2304 1850 2357 τοῦ

276 2377 470 2444 θυμοῦ
508 2377 614 2446 τῆς
660 2385 940 2450 πορνείας
974 2387 1165 2458 αὐτῆς
1204 2391 1520 2445 πεπώκασι
1553 2391 1747 2445 πάντα
1778 2392 1851 2445 τὰ

273 2464 444 2534 ἐλνη,
485 2468 583 2519 καὶ
615 2471 669 2523 οι
704 2472 988 2541 βασιλεῖς
1027 2475 1138 2545 τῆς
1162 2476 1274 2546 τῆς
1296 2479 1422 2545 μετ’
1451 2477 1642 2544 αὐτῆς
1676 2478 1850 2546 ἐπόρο

273 2574 541 2625 νευσαν,
582 2561 680 2615 καὶ
711 2567 765 2618 ol
814 2565 1061 2636 ἔμποροι
1110 2569 1218 2637 τῆς
1252 2570 1364 2639 τῆς
1409 2570 1477 2623 ἐκ
1517 2569 1628 2637 τῆς
1663 2570 1844 2624 δυνά-

267 2667 426 2716 μεως
488 2653 596 2706 τοῦ
661 2657 967 2724 στρήνους
1018 2660 1209 2727 αὐτῆς
1262 2661 1669 2728 ἐπλούτησαν.
1735 2662 1844 2715 Καὶ

273 2738 509 2806 ἥκουσα
534 2743 736 2812 ἀλλ-ην
765 2748 976 2815 φωνὴν
993 2749 1060 2804 ἐκ
1090 2751 1194 2804 τοῦ
1215 2751 1474 2819 οὐρανοῦ
1499 2752 1808 2820 λέγουσαν
1828 2767 1843 2780 ·

275 2830 521 2895 Ἔξελθε
549 2834 618 2899 ἐξ
647 2837 856 2903 αὐτῆς,
887 2843 919 2894 ό
947 2843 1094 2907 λαός
1118 2860 1258 2910 μου,
1280 2845 1380 2896 ἵνα
1400 2842 1485 2912 μὴ
1524 2857 1849 2910 συγκοινω-

272 2922 500 2989 νιῐσητε
525 2925 651 2991 ταῖς
674 2929 984 2997 ἁμαρτίαις
1002 2932 1212 2999 αὐτῆς,
1239 2933 1337 2985 καὶ
1362 2933 1429 2985 ἐκ
1453 2929 1569 2985 τῶν
1596 2931 1846 3000 πληγῶν

1964 657 2087 695 cum
2111 643 2224 697 ait:
2261 643 2434 698 Donec
2462 649 2823 716 compleantur
2838 666 3098 708 sermones
3136 655 3282 720 Dei“

2029 819 2097 873 Et
2133 821 2323 874 mulier
2352 838 2510 890 quam
2539 825 2716 878 vidisti
2752 836 2831 881 est
2857 829 3050 882 civitas
3094 846 3308 900 magna.
3349 834 3539 891 Μιιιίο-

1958 924 2071 964 rem
2095 912 2336 981 apertins
2368 916 2686 980 ostendens,
2720 920 2914 987 repetit
2941 935 3248 977 sermonem
3278 924 3346 977 de
3391 925 3529 994 ipsa,

1962 1009 2016 1054 et
2047 1003 2122 1055 ait
2149 1004 2295 1057 illam
2329 1019 2451 1059 esse
2472 1021 2594 1073 qua:
2622 1006 2786 1061 habet
2809 1010 3092 1079 imperium
3129 1027 3296 1084 super
3317 1030 3410 1070 eos
3439 1019 3530 1085 qui

1964 1093 2194 1147 terrenis
2224 1095 2548 1150 incumbunt
2584 1114 2598 1150 :
2652 1113 2828 1167 neque
2872 1102 3016 1154 enim
3057 1117 3251 1159 omnes
3275 1105 3370 1175 qui
3415 1117 3528 1160 ter-

1962 1196 2077 1236 ram
2135 1183 2463 1249 inhabitant,
2516 1187 2700 1240 statim
2748 1203 2969 1258 quoque
3017 1201 3361 1250 terrenarum
3396 1194 3530 1250 affe-

1958 1273 2139 1329 ctione
2157 1286 2607 1346 corrumpuntur.

2552 1367 2782 1422 CAPUT
2817 1368 2928 1423 LV.

1960 1451 2046 1530 De
2069 1455 2175 1530 alio
2208 1457 2394 1525 angelo
2417 1473 2594 1530 casum
2624 1457 2912 1528 Babylonis
2945 1461 3310 1530 signiﬁcante,
3342 1477 3390 1518 et
3424 1484 3526 1520 cae-

2029 1524 2145 1602 lesti
2181 1524 2301 1605 uoce
2344 1542 2468 1605 qua:
2501 1529 2679 1605 fugam
2721 1524 2786 1581 ea:
2841 1531 2954 1596 ipsa
2995 1524 3326 1605 praecipiat;
3365 1536 3528 1605 deque

2029 1595 2301 1660 rejectione
2322 1595 2707 1648 delectabilium
2736 1595 3041 1667 quaz'antea
3077 1595 3419 1669 acquisierat.

2027 1743 2216 1810 XVIII,
2254 1747 2367 1800 1-5.
2403 1746 2470 1800 Et
2511 1758 2625 1815 post
2659 1747 2768 1802 lnec
2795 1750 2902 1802 uidi
2941 1751 3108 1803 alium
3159 1753 3400 1819 angelum
3435 1755 3526 1808 de-

1955 1837 2279 1890 scendentem
2314 1839 2378 1891 de
2397 1839 2545 1903 ctelo,
2573 1840 2661 1907 qui
2685 1839 2908 1893 habebat
2926 1851 3233 1907 potestatem
3257 1858 3522 1912 magnam,

1950 1939 1998 1982 et
2031 1938 2170 1982 terra
2221 1928 2526 1983 illuminata
2568 1939 2645 1982 est
2677 1948 2706 1981 a
2739 1932 2908 2000 gloria
2962 1932 3098 2000 ejus.
3154 1930 3220 1984 Et
3276 1933 3522 1986 clamavit

1953 2022 2082 2088 forti
2108 2037 2247 2085 voce,
2282 2022 2459 2074 dicens
2491 2036 2509 2074 :
2543 2020 2744 2074 Cecidit
2765 2022 3006 2091 Babylon
3038 2040 3254 2092 magna,
3296 2036 3345 2077 et
3379 2025 3523 2093 facta

1951 2123 2028 2164 est
2067 2112 2325 2166 habitatio
2361 2112 2765 2177 da’moniorum,
2797 2123 2846 2166 et
2894 2114 3140 2166 custodia
3170 2115 3337 2168 omnis
3364 2117 3524 2183 spiri-

1952 2213 2032 2256 tus
2070 2203 2351 2266 immundi,
2383 2213 2432 2256 et
2456 2204 2698 2257 custodia
2731 2204 2902 2256 omnis
2955 2204 3183 2257 volucris
3236 2206 3524 2260 immunda

1948 2304 1994 2346 et
2025 2293 2236 2347 invisa:
2265 2294 2391 2361 quia
2429 2292 2494 2346 de
2517 2293 2635 2347 uino
2659 2295 2753 2348 ira?
2781 2294 3119 2346 scortationis
3142 2294 3255 2362 ejus
3281 2293 3522 2347 biberunt

1947 2402 2122 2438 omnes
2151 2395 2346 2454 gentes.
2392 2384 2459 2438 Et
2490 2401 2632 2455 reges
2665 2394 2820 2440 terra:
2837 2403 2953 2438 cum
2987 2388 3084 2440 illa
3114 2388 3471 2440 scortatisunt
3503 2402 3521 2438 :

1943 2486 1992 2530 et
2030 2486 2342 2530 mercatores
2372 2488 2524 2532 terra
2570 2483 2635 2531 de
2669 2480 2904 2546 potentia
2934 2479 3246 2531 deliciarum
3280 2495 3394 2546 ejus
3420 2479 3511 2530 di-

1953 2568 2081 2620 vites
2114 2567 2245 2636 facti
2271 2578 2412 2620 sunt.
2451 2567 2517 2620 Et
2551 2569 2728 2620 audivi
2756 2568 2922 2620 aliam
2955 2584 3125 2621 vocem
3160 2568 3223 2620 de
3254 2566 3402 2629 ctele,
3439 2565 3523 2618 di-

1951 2669 2147 2713 centem
2179 2675 2198 2713 :
2226 2659 2483 2728 Egredere
2525 2659 2590 2713 de
2624 2659 2742 2722 illa,
2781 2659 3006 2726 populus
3047 2675 3211 2721 meus,
3257 2674 3319 2710 ne
3348 2658 3519 2725 parti-

1951 2751 2088 2818 cipes
2111 2751 2229 2802 sitis
2246 2751 2557 2803 delictorum
2593 2749 2730 2817 ejus,
2768 2761 2816 2803 et
2846 2766 2907 2802 ne
2937 2751 3002 2802 de
3027 2750 3197 2819 plagis
3234 2751 3346 2817 ejus
3379 2751 3519 2802 acci-

1950 2841 2110 2908 piatis
2133 2854 2151 2892 :
2173 2840 2421 2908 quoniam
2438 2852 2651 2909 peccata
2685 2841 2797 2908 ejus
2825 2840 3186 2909 conglutinata
3208 2850 3328 2892 sunt
3360 2856 3520 2907 usque

1952 2932 2022 2984 ad
2046 2930 2256 2984 caelum.
2287 2929 2353 2982 Et
2395 2932 2699 2986 recordatus
2727 2940 2806 2985 est
2837 2931 2976 2984 Deus
2999 2932 3339 2999 iniquitatunt
3381 2929 3516 2998 ejus.

268 3015 462 3083 αὐτῆς
499 3019 597 3072 ἵνα
625 3021 711 3089 μὴ
753 3023 1009 3091 λάϐητε·
1048 3027 1137 3080 ὅτι
1180 3027 1606 3099 ἐκολλήθησαν
1643 3027 1833 3098 αὐτῆς
1860 3030 1919 3084 al
1971 3028 2247 3098 ἁμαρτίαι
2289 3027 2427 3098 ἄχρι
2489 3027 2596 3082 τοῦ
2661 3027 2943 3096 οὐρανοῦ,
2978 3027 3077 3082 καὶ
3103 3026 3520 3097 ἐμνημόνευσε

269 3113 304 3162 ό
345 3113 489 3179 Θεὸς
515 3117 588 3170 τὰ
614 3119 947 3186 ἀδικήματα
976 3124 1186 3192 αὐτῆς.

341 3209 451 3261 Kal
483 3210 520 3276 ἡ
567 3214 640 3279 γῆ
682 3215 1002 3285 ἐφωτίσθη.
1052 3221 1360 3275 Κάντεῦθεν
1399 3223 1506 3276 τῶν
1543 3223 1702 3277 θείων
1756 3223 1846 3276 δυ·
1873 3223 1916 3281 C
2018 3218 2020 3245 ¹

1840 3251 1846 3263 .
1873 3223 1916 3281 c
2018 3215 2182 3286 796
2214 3214 2279 3268 Et
2302 3225 2445 3268 terra
2486 3214 2789 3268 illuminata
2818 3225 2914 3268 est.
2956 3214 3094 3268 Hinc
3125 3214 3288 3268 etiam
3321 3215 3519 3268 intelli-

269 3295 490 3365 νάμεων
514 3302 572 3354 τὸ
597 3304 849 3375 λαμπρὸν
879 3310 972 3361 καὶ
1002 3312 1327 3378 φωτιστικὺν
1351 3314 1531 3385 πολλῷ
1555 3315 1630 3384 τῷ
1656 3315 1840 3385 μέτρῳ

268 3386 332 3437 τὸ
375 3388 622 3459 ἀστρῷον
677 3393 838 3457 σέλας
895 3396 1204 3466 ὑπερνικῶν
1254 3401 1547 3455 ἐπινοεῖν
1600 3405 1739 3472 μετά
1778 3405 1840 3458 τὸ

270 3476 564 3546 παρελθεῖν
606 3479 673 3532 τά
714 3483 940 3554 ἀμαυρὰ
969 3486 1061 3538 τοῦ
1098 3488 1338 3558 φθαρτοῦ
1381 3493 1588 3561 κόσμου
1625 3497 1841 3564 παρρη-

271 3567 611 3634 σιαζόμενον.
658 3572 917 3643 Μεγάλην
954 3578 1087 3646 φησὶ
1119 3579 1216 3648 τὴν
1247 3581 1342 3633 τοῦ
1382 3583 1670 3653 φωστῆρος
1700 3582 1839 3636 εἶναι

269 3655 543 3721 ἐξουσίαν,
592 3662 683 3713 καὶ
715 3666 968 3730 φωτίζειν
1012 3670 1110 3740 τὴν
1146 3673 1423 3742 περίγειον
1462 3677 1525 3727 ὲκ
1558 3677 1655 3744 τῆς
1682 3678 1838 3747 δόξης

268 3748 454 3801 αὐτοῦ.
495 3752 953 3826 Παραϐαλλόμενα
981 3762 1087 3830 γὰρ
1117 3763 1184 3815 τά
1215 3765 1439 3833 οὐράνια
1466 3767 1559 3819 καὶ
1586 3768 1838 3838 ἄφθαρτα

268 3842 378 3901 τοῖς
411 3843 620 3910 γηῒνοις
669 3847 766 3898 καὶ
796 3848 1076 3918 φθαρτοῖς,
1114 3855 1238 3907 ὅσον
1267 3857 1328 3908 τὸ
1356 3858 1691 3929 ὑπερϐάλλον
1739 3859 1838 3929 τῆς

266 3929 428 3998 δόξης
477 3935 840 4006 παρίστησινς
891 3942 1137 4013 Ἰσχυράν
1167 3945 1222 3997 δὲ
1250 3949 1349 4016 τὴν
1392 3951 1575 4020 φωνὴν
1614 3953 1839 4019 ὲμπεδοῖ

266 4020 329 4071 τὸ
362 4021 679 4092 ἔμπρακτον
725 4030 1006 4099 ἐμφαίνων
1034 4035 1142 4088 τῶν
1175 4038 1520 4106 δηλουμένων
1557 4042 1651 4094 καὶ
1694 4046 1837 4096 ἁπα-

271 4109 524 4177 ραϐατον.
567 4117 676 4168 Καὶ
722 4120 773 4171 τί
815 4120 1001 4180 τοῦτο,
1061 4125 1278 4180 Ἔπεσε
1317 4131 1602 4184 Βαϐυλὼν
1652 4135 1687 4200 ὴ
1734 4151 1837 4200 με·

268 4203 463 4271 quid";
507 4207 803 4265 Βαϐυλῶνα
836 4215 933 4282 τὴν
966 4215 1195 4281 διέξοδον
1229 4220 1322 4274 τοῦ
1367 4221 1607 4293 φθαρτοῦ
1645 4225 1835 4278 τούτου
1860 4233 1875 4254 "

268 4295 385 4363 βίου
425 4297 616 4366 λέγων.

337 4459 444 4512 Καὶ
468 4463 710 4532 φυλακὴ
744 4469 968 4534 παντὸς
999 4472 1334 4541 πνεύματος
1369 4475 1706 4547 ἀκαθάρτου
1738 4480 1833 4533 καὶ

1943 3321 2068 3375 gere
2100 3320 2392 3375 possumus
2418 3304 2726 3358 divinarum
2761 3304 3025 3357 virtutum
3063 3302 3408 3372 splendorem
3455 3317 3520 3357 ac

1943 3395 2121 3449 lucem
2146 3395 2308 3463 longo
2335 3394 2624 3447 intervallo
2653 3395 2936 3448 stellarum
2974 3394 3152 3445 lumen
3201 3391 3466 3446 excedere
3502 3409 3516 3444 :

1941 3483 2383 3553 quandoquidem
2424 3483 2591 3536 libere
2641 3498 2808 3550 agens
2867 3497 2933 3535 ac
2978 3480 3218 3535 emissus
3261 3480 3518 3548 splendor

1942 3574 2031 3627 ille
2057 3573 2295 3642 praeterit
2329 3589 2393 3626 ac
2433 3581 2653 3642 superat
2684 3572 2844 3641 lmjus
2877 3571 3064 3625 mundi
3101 3570 3512 3624 obscuritatem.

1944 3667 2083 3720 Dicit
2111 3682 2240 3735 ergo
2271 3681 2522 3735 magnam
2560 3678 2682 3719 esse
2723 3662 3038 3733 huiusmodi
3072 3663 3360 3716 luminaris
3412 3677 3514 3731 po-

1942 3765 2208 3820 testatem,
2240 3767 2293 3811 et
2321 3758 2550 3810 vicinam
2592 3764 2790 3809 terram
2834 3769 2930 3807 sua
2965 3753 3136 3822 gloria
3179 3752 3512 3806 illuminare-

1940 3849 2265 3917 Comparata
2310 3848 2454 3900 enim
2492 3846 2735 3900 emlestia
2769 3854 2823 3900 et
2867 3844 3303 3914 incorruptibilia
3349 3853 3517 3898 terre-

1941 3941 2026 3993 nis
2065 3955 2128 3993 ac
2162 3939 2640 4007 corruptibilibus,
2690 3947 2952 4006 quantum
2997 3937 3181 4004 gloria:
3229 3950 3514 3989 excessum

1939 4030 2344 4083 demonstrant!
2387 4029 2601 4083 Fortem
2637 4037 2816 4081 autem
2862 4042 3045 4080 vocem
3073 4025 3300 4090 stabilit,
3334 4040 3516 4078 rerum

1937 4138 2057 4191 qua
2079 4122 2458 4192 signiﬁcantur
2480 4120 2772 4175 ellicaciam
2798 4120 3180 4174 demonstrans
3223 4127 3278 4172 et
3315 4119 3516 4171 immu-

1939 4215 2278 4268 tabilitatem.
2302 4213 2363 4265 Et
2381 4214 2508 4282 quid
2534 4212 2666 4266 illud
2686 4221 2790 4276 est,
2811 4211 3011 4267 Cecidit
3031 4210 3266 4280 Babylon
3283 4225 3472 4278 magna
3493 4208 3518 4261 ἶ)

1940 4305 2263 4376 Babylonem
2297 4305 2485 4360 dicens
2556 4305 2719 4374 lmjus
2756 4304 3131 4375 corruptibilis
3188 4304 3308 4356 vita:
3334 4311 3515 4355 trans-

1939 4398 2096 4450 itutn.

2013 4485 2078 4537 Et
2108 4486 2349 4538 custodia
2387 4486 2555 4538 omnis
2594 4486 2816 4552 spiritus
2851 4483 3112 4536 immundi
3133 4492 3180 4536 et
3217 4482 3392 4535 incisi.
3431 4480 3510 4533 Ad

257 4553 690 4646 μεμισημένον.
747 4556 839 4620 Ei;
881 4559 1042 4629 ὄρνεα
1096 4566 1499 4635 μεταλαμϐάνει
1547 4572 1671 4634 τοὺς
1717 4573 1830 4626 δαί-
1865 4561 1911 4619 ί)

1829 4608 1830 4613 η
1865 4561 1911 4619 ι)
1940 4579 2190 4632 volucres
2224 4576 2484 4632 transfert
2521 4579 2796 4633 daemones
2820 4586 3038 4646 propter
3069 4573 3508 4629 ineertitudinem

266 4634 433 4707 μὸἳιας
461 4643 546 4696 διὰ
573 4646 632 4697 τδ
661 4646 854 4719 ἄδηλον
886 4652 985 4720 τῆς
1011 4655 1200 4722 ἐφόδου
1226 4634 1402 4710 αὐτῶν
1426 4660 1524 4727 τῆς
1557 4665 1697 4716 κατᾶ
1724 4667 1832 4720 τῶν

260 4731 586 4828 ανθρωπων,
642 4739 762 4791 ἐπεὶ
793 4743 887 4796 καὶ
919 4744 1027 4796 τῶν
1070 4748 1274 4816 ὀρνέων
1318 4752 1348 4819 ἡ
1381 4751 1565 4819 ἔφοδος
1609 4756 1669 4820 ἐξ
1699 4758 1830 4828 ἀδή-

263 4820 356 4873 λου
392 4823 581 4879 εῖωθεν
626 4829 910 4903 ὲπιφοιτᾷν
959 4839 1301 4903 προσδοκίας.
1337 4845 1758 4912 Μεμισημένου
1779 4820 1833 4903 δὲ

265 4915 478 4985 εἴρηται
528 4918 628 4972 οὐκ
659 4922 888 4990 ἀλόγως.
921 4928 1018 4990 Τίς
1057 4930 1163 5001 γὰρ
1200 4935 1493 5003 σωφρονῶν
1526 4937 1586 4988 οῦ
1618 4938 1834 5006 βδελύτ-

435 5010 533 5079 τὴν
565 5015 702 5079 μετά
727 5017 835 5069 τῶν
855 5019 1125 5089 δαιμόνων
1151 5025 1531 5098 ἀναστροφήν;
1563 5029 1630 5082 δι’
1648 5033 1713 5102 ἢν
1740 5036 1832 5087 καὶ

261 5099 601 5169 βδελύγματα
629 5106 1046 5183 ὠνομάσθησαν.

332 5191 583 5254 Ἔξελθε
620 5196 689 5262 ἐξ
726 5200 933 5270 αὐτῆς,
983 5207 1015 5257 ό
1044 5207 1193 5273 λαός
1235 5227 1376 5276 μου.
1432 5210 1698 5276 Ἐξελθεῖν
1729 5234 1828 5270 πα-

257 5285 606 5376 ραμελεύεται
634 5290 665 5360 ἠ
695 5294 866 5364 φωνὴ,
902 5295 995 5360 οὓς
1022 5298 1162 5367 ἔγνω
1195 5302 1395 5373 Κύριος
1415 5307 1598 5361 αὑτοῦ.
1650 5309 1825 5376 Ἐξελ-

255 5370 368 5468 θεῖν
399 5375 474 5468 δε,
508 5377 568 5468 τὸ
601 5381 676 5452 μὴ
712 5388 1110 5442 συναπολέσθαι
1139 5370 1379 5459 δικαίους
1417 5399 1553 5468 μετά
1586 5370 1817 5455 ἀσεϐῶν.

1935 4668 2227 4737 impetuosi
2260 4683 2516 4723 arcessus
2542 4683 2733 4723 eorum
2767 4671 3029 4723 adversus
3053 4667 3304 4720 homines
3336 4682 3349 4718 :
3375 4680 3508 4732 quo-

1935 4760 2078 4813 niam
2139 4760 2415 4812 volucrum
2474 4776 2691 4830 quoque
2745 4760 2955 4814 invasio
2991 4775 3055 4812 ex
3109 4759 3316 4812 incerta
3369 4756 3510 4811 solet

1933 4851 2308 4920 expectatione
2345 4853 2716 4922 supervenire.
2755 4852 2917 4905 lnrisi
2942 4863 3163 4921 quoque
3211 4863 3322 4902 non
3374 4848 3508 4901 irra.

1933 4943 2262 4997 tionabiliter
2313 4944 2517 4997 dictum
2562 4955 2644 4998 cst
2678 4962 2690 4998 :
2729 4945 2852 5015 quis
2901 4945 3046 4998 enim
3101 4943 3342 5013 prudens
3391 4956 3501 4994 non

1933 5032 2282 5087 abominatur
2363 5037 2832 5088 conversationem
2912 5050 3036 5088 eum
3122 5033 3506 5087 demonibus?

1932 5133 2149 5192 propter
2174 5138 2334 5193 quam
2360 5126 2521 5177 etiam
2553 5125 2989 5180 abominationes
3006 5126 3135 5179 dicti
3153 5136 3304 5182 sunt.

1999 5215 2255 5286 Egredere
2279 5216 2341 5268 de
2372 5216 2487 5280 illa,
2511 5219 2734 5285 populus
2778 5235 2943 5271 meus.
2984 5219 3174 5289 Egredi
3205 5222 3359 5289 jubet
3398 5239 3500 5276 vox

1925 5324 2020 5361 eos
2048 5323 2185 5376 quos
2222 5309 2481 5361 Dominus
2517 5310 2666 5362 novit
2695 5326 2815 5363 esse
2849 5326 3000 5364 suos.
3050 5310 3241 5379 Egredi
3291 5323 3497 5374 autem.

1933 5415 1997 5453 ne
2033 5415 2135 5453 una
2172 5401 2466 5469 perdantur
2496 5401 2568 5470 pii
2614 5416 2735 5454 cum
2777 5402 2977 5470 impiis.
3026 5402 3498 5468 Quemadmodum

268 5462 355 5524 Ὠς
381 5466 489 5535 γὰρ
519 5467 611 5520 ἐπὶ
633 5470 727 5522 τοῦ
757 5472 879 5527 Λὼτ
901 5478 979 5541 τό,
1019 5497 1035 5528 ι
1076 5480 1269 5545 Σὼζων
1302 5485 1439 5548 σῶζε
1470 5490 1566 5558 τὴν
1594 5492 1820 5544 σεαυτοῦ
1927 5508 1946 5545 ε

1814 5495 1820 5540 ι
1927 5491 2071 5545 enim
2112 5493 2249 5546 Deus
2292 5495 2545 5562 prmeepit
2577 5492 2697 5556 Lot,
2736 5494 2925 5550 dicens
2954 5514 2965 5548 :
2992 5513 3012 5547 ι
3050 5496 3288 5552 Servans
3339 5513 3493 5553 serva

251 5558 432 5660 ψῗέὴν
463 5558 854 5660 Ῡν,⁰περθέτως
889 5568 1080 5637 μέχρις
1129 5571 1195 5624 ἂν
1225 5573 1318 5625 τοῦ
1350 5575 1532 5646 ὄρους’
1575 5582 1666 5633 ἐπὶ
1716 5583 1820 5648 τῆς
1927 5606 1930 5633 ³

1811 5600 1820 5642 :
1927 5585 2164 5637 animam
2228 5593 2377 5638 tuam
2439 5602 2611 5653 usque
2647 5587 2712 5639 ad
2769 5597 3034 5652 montem,
3069 5604 3412 5660 nequaquam
3440 5593 3490 5646 in

251 5645 489 5713 οὐδαμοῦ
529 5649 751 5719 ἠρεμῶν
773 5697 786 5718 ,
842 5673 859 5704 ι
899 5659 925 5709 ὁ
965 5659 1093 5722 θεὸς
1125 5661 1272 5732 αὖτῴ
1303 5665 1604 5722 ἐνετείλατο
1635 5689 1644 5699 ·
1680 5670 1819 5724 οὕτω

253 5739 549 5794 κάνταῦθα.

323 5831 371 5865 ³⁵
401 5832 530 5888 Gen.
570 5851 678 5900 xu.
719 5838 794 5893 l7.

1930 5687 2068 5731 terra
2095 5677 2428 5745 quiescendo
2450 5678 2515 5743 ",
2561 5697 2576 5727 ι
2613 5679 2683 5732 ita
2710 5690 2759 5734 et
2796 5681 2894 5734 hoc
2929 5681 3066 5735 loco.
