4252 6436
764 398 864 460 72'!

1574 401 1899 463 ARETHtE
1933 405 2313 464 CASSAREJZ
2354 404 2830 466 CAPPADOCIJS
2871 405 3210 467 EPISCOI‘I

3885 405 4009 468 72%

828 506 897 561 Et
937 509 1238 563 recordatus
1268 518 1343 563 est
1386 509 1524 565 Deus
1551 514 1887 583 iniquitatum
1919 515 2051 584 ejus.
2088 514 2339 569 Humano
2369 521 2410 574 Α

2331 521 2410 574 pA
2512 518 2617 570 Kal
2657 517 3107 585 ἐμνημόνευσεν
3159 520 3191 569 ό
3225 516 3367 579 Θεὸς
3411 514 3481 568 τὰ
3517 514 3844 584 ἀδικήματα
3893 519 4010 569 αὺ-

758 597 1058 655 ηιοίιοιιαξο
1091 600 1467 669 colliguntur:
1502 618 1627 657 nam
1668 605 1723 657 in
1767 605 1923 659 beata
1976 604 2069 659 Dei
2129 616 2319 660 natura

758 691 823 742 ad
856 706 1018 758 quam
1049 701 1330 759 nequeunt
1347 692 1570 747 allectus
1593 694 1874 760 accedere,
1908 696 2241 765 superﬂuum
2262 712 2325 750 ac

758 796 955 834 vanum
990 788 1073 835 est
1109 782 1414 851 huiusmodi
1470 783 1553 837 vel
1585 787 1892 854 concipere.
1944 787 2020 841 lbi
2049 788 2191 840 enim
2241 798 2325 841 cst

758 877 1059 931 recordatio
1091 878 1181 932 ubi
1200 887 1253 932 et
1278 878 1479 932 oblivio
1508 897 1521 931 :
1558 881 1759 933 ololivio
1791 889 1967 935 autem
1994 881 2241 950 designat
2276 882 2325 934 id

757 969 901 1037 quod
934 969 1134 1024 factum
1159 981 1263 1036 est,
1285 972 1527 1040 potentia
1544 973 1763 1041 quidem
1786 972 1996 1034 adesse,
2016 988 2122 1027 non
2145 982 2325 1026 tamen

755 1069 878 1112 actu
906 1079 919 1113 :
956 1076 1116 1127 porro
1150 1060 1259 1115 Deo
1291 1062 1421 1114 nihil
1445 1062 1599 1117 adest
1626 1066 1892 1132 putentia,
1921 1064 2013 1118 sed
2053 1073 2198 1118 actu.

825 1147 1011 1214 XVIII.
1047 1146 1168 1206 6-8.
1200 1152 1412 1206 Reddite
1439 1154 1487 1206 ei
1515 1156 1651 1207 sicut
1683 1165 1730 1207 et
1760 1157 1876 1222 ipsa
1911 1154 2142 1208 reddidit
2164 1155 2325 1218 vobis,

752 1250 802 1295 et
823 1241 1090 1308 duplicate
1117 1245 1165 1296 ei
1196 1244 1429 1311 duplicia
1458 1246 1745 1298 secundum
1784 1261 1940 1313 opera
1961 1246 2101 1312 eius.
2134 1246 2199 1300 In
2229 1262 2327 1316 po-

754 1334 875 1384 culo
904 1348 1005 1401 quo
1041 1334 1272 1393 miscuit,
1309 1336 1518 1389 miscete
1550 1336 1629 1389 illi
1657 1336 1894 1404 duplum.
1924 1337 2192 1401 Quantum
2217 1339 2331 1408 glo-

754 1421 977 1489 riﬁcavit
1016 1438 1070 1475 se
1090 1432 1138 1475 et
1171 1423 1422 1489 lasciviit,
1458 1435 1661 1478 tantum
1692 1426 1814 1480 date
1837 1427 1917 1479 illi
1941 1436 2254 1480 tormentum
2283 1439 2331 1481 et

751 1513 972 1566 luctum.
1009 1512 1151 1578 Quia
1195 1516 1321 1568 dicit
1368 1517 1421 1567 in
1471 1516 1627 1570 corde
1661 1532 1756 1571 suo
1790 1533 1809 1571 :
1850 1516 2015 1572 Sedeo
2037 1521 2250 1589 regina,
2282 1523 2330 1573 el

751 1606 908 1657 ridua
937 1622 1039 1659 non
1072 1623 1206 1669 sum,
1241 1623 1401 1675 neque
1432 1606 1634 1660 luctum
1669 1609 1873 1664 videbo.
1908 1609 2197 1679 Propterea
2229 1628 2332 1664 uno

750 1696 834 1748 die
852 1700 1050 1750 uenient
1066 1698 1233 1765 plagae
1245 1699 1382 1765 ejus,
1398 1697 1560 1767 797
1583 1714 1722 1753 mors
1739 1710 1787 1754 et
1808 1700 1980 1753 luctus
1999 1712 2049 1754 et
2068 1703 2254 1769 fames,
2284 1711 2332 1755 et

750 1786 869 1853 igne
896 1787 1248 1842 comburetur.
1278 1788 1404 1857 quia
1422 1788 1579 1855 [ortis
1602 1798 1680 1843 est
1703 1788 1959 1843 Dominus
1980 1793 2069 1860 qui
2113 1794 2327 1862 judica-

752 1878 823 1928 bit
852 1878 1016 1931 illum.

824 2146 1381 2202 Animadvertendum
1396 2160 1499 2215 est,
1520 2164 1551 2204 a
1573 2166 1683 2219 quo
1707 2150 1963 2219 procedat
1992 2151 2097 2208 hoc
2123 2168 2322 2222 praece-

750 2248 902 2305 ptum
927 2237 1009 2290 vel
1044 2253 1248 2293 sermo.
1296 2238 1481 2294 Potest
1523 2250 1703 2296 autem
1748 2241 1854 2297 dici
1882 2244 2027 2313 quod
2080 2259 2109 2299 a
2157 2244 2322 2314 justis

750 2328 834 2380 vel
890 2329 1226 2399 martyribus
1250 2332 1344 2400 qui
1380 2332 1472 2387 illo
1499 2342 1765 2403 tempore,
1826 2352 2016 2407 nempe
2060 2337 2321 2393 adventus

748 2418 1088 2483 Antichristi,
1124 2436 1220 2488 pro
1257 2419 1473 2476 Christo
1506 2426 1853 2490 certaverint,
1910 2427 1964 2481 in
2012 2438 2157 2482 tanta
2188 2444 2318 2484 cru-

747 2507 970 2562 delitate
999 2526 1062 2563 ac
1098 2508 1311 2565 feritate
1339 2526 1528 2565 eorum
1564 2515 1658 2582 qui
1694 2524 1823 2571 tunc
1883 2517 1936 2571 in
1997 2519 2103 2573 vita
2134 2536 2317 2574 versao

746 2598 953 2652 buntur
996 2600 1177 2653 traditi
1225 2601 1280 2654 in
1345 2603 1629 2658 ministros
1680 2606 2023 2673 Antichristi,
2058 2619 2116 2663 ut
2144 2625 2321 2679 quan-

745 2704 911 2756 quam
942 2689 1007 2740 ad
1043 2688 1134 2742 Dei
1177 2690 1536 2745 imitationem
1572 2693 1748 2749 vivere
1773 2696 2057 2766 elegerint,
2090 2714 2317 2755 excessu

749 2787 928 2830 tamen
970 2777 1324 2833 alllictionum
1360 2781 1721 2838 devincantur
1754 2795 1811 2840 ut
1856 2786 1971 2841 haec
2017 2788 2316 2857 proferant.

2427 607 2555 674 τῆς.
2600 607 2983 678 Ἀνθρωπίνως
3029 607 3455 670 διασκευάζεται
3496 605 3683 659 ταῦτα.
3731 606 3852 658 Ἐπὶ
3886 608 4011 674 γὰρ

2427 698 2562 750 Θεοῦ
2601 699 2700 766 τῆς
2732 699 3008 769 μακαρίας
3040 698 3253 767 φύσεως
3283 700 3375 751 καὶ
3405 698 3633 753 πάθεσιν
3664 700 3971 769 ἀπροσίτου
3993 738 4011 761 ,

2428 788 2498 839 τὰ
2533 787 2758 841 τοιαῦτα
2787 790 2888 841 κᾶν
2919 790 3120 840 ἐννοεῖν
3151 789 3422 857 περιττόν.
3469 790 3615 842 Ἐκεῖ
3637 790 3741 858 γὰρ
3777 790 4007 858 μνήμη,

2428 878 2561 929 ὅπου
2608 878 2703 930 καὶ
2737 878 2894 946 λήθη.
2931 877 3084 947 Λήθη
3137 877 3192 930 δὲ
3242 876 3335 929 τοῦ
3376 878 3598 947 δυνάμει
3640 882 3894 947 παρεῖναι
3942 880 4009 930 τὲ

2430 968 2671 1038 πραχθὲν
2690 1008 2706 1032 ,
2740 970 2839 1021 οὐκ
2870 969 2949 1021 ἔτι
2978 968 3035 1021 δέ
3072 970 3167 1023 καὶ
3196 971 3443 1039 ἐνεργείᾳ.
3488 971 3836 1040 σημαντικόν.
3869 969 4009 1036 Θεῷ

2429 1061 2484 1112 δέ
2516 1059 2667 1111 οὐδὲν
2698 1060 2955 1127 πρόσεστι
2982 1058 3226 1126 δυνάμει,
3254 1060 3367 1113 ἀλλ’
3397 1059 3660 1128 ἐνεργείᾳ.

2511 1149 2781 1203 Ἀπόδοτε
2821 1148 3010 1216 αὐτῇ,
3037 1150 3116 1214 ὡς
3154 1150 3249 1203 καὶ
3288 1150 3439 1215 αὑτὴ
3482 1148 3784 1203 ἀπέδωκεν
3823 1147 4006 1213 ὑμῖν,

2432 1238 2529 1292 καὶ
2560 1239 2899 1292 διπλώσατε
2930 1238 3083 1305 αὐτῇ
3114 1238 3299 1293 διπλᾶ
3333 1241 3480 1293 κατὰ
3507 1239 3577 1291 τὰ
3606 1238 3745 1305 ἔργα
3775 1237 4003 1299 αὐτῆς.

2443 1329 2548 1381 Ἐν
2582 1327 2662 1392 τῷ
2706 1329 2965 1395 ποτηρίῳ
3000 1321 3048 1393 ᾧ
3082 1327 3364 1395 ἐκέρασε,
3398 1328 3685 1396 κεράσατε
3718 1326 3870 1392 αὐτῇ
3904 1326 3968 1377 δι

2432 1419 2650 1473 πλοῦν.
2679 1420 2835 1471 Ὅσα
2871 1418 3167 1484 ἐδόξασεν
3206 1418 3431 1485 ἑαυτὴν
3482 1418 3579 1470 καὶ
3604 1417 4004 1485 ἐστρηνίασε,

2433 1506 2725 1561 τοσοῦτον
2776 1506 2912 1559 δότε
2960 1506 3115 1573 αὐτῇ
3167 1506 3553 1573 ,ϐασανισμὸν
3603 1505 3698 1558 καὶ
3743 1505 4002 1569 πένθος.

2435 1600 2566 1651 Ὀτι
2612 1598 2683 1651 ὲν
2724 1596 2796 1665 τῇ
2846 1595 3057 1663 καρδίᾳ
3111 1596 3301 1661 αὐτῆς
3344 1594 3533 1664 λέγει,
3585 1595 3671 1647 ὅτι
3722 1594 4004 1661 Κάθημαι

2429 1687 2795 1750 βασίλισσα,
2838 1685 2934 1737 καὶ
2963 1685 3120 1753 χήρα
3143 1686 3252 1738 οὐκ
3280 1687 3415 1753 εἰμι.
3446 1684 3541 1737 καί
3566 1683 3782 1748 πένθος
3808 1686 3882 1735 οὐ
3908 1684 4005 1752 μὴ

2435 1779 2561 1831 Ιδω.
2602 1777 2704 1830 Διὰ
2743 1776 2917 1830 τοῦτο
2948 1777 3017 1829 ἐν
3042 1773 3143 1843 μιᾷ
3179 1774 3365 1845 ἡμέρᾳ
3392 1775 3645 1841 ἥξουσιν
3666 1777 3724 1827 aI
3763 1775 4005 1842 πληγαί

2432 1866 2639 1934 αὐτῆς,
2689 1866 2963 1931 θάνατος,
3004 1864 3102 1919 καί
3143 1865 3381 1930 πένθος,
3422 1864 3517 1918 καὶ
3556 1866 3744 1931 λιμός.
3778 1866 3893 1917 Kal
3932 1865 4011 1917 ἐν

2431 1959 2572 2026 πυρὶ
2604 1955 3121 2024 κατακαυθήσεται
3145 1971 3158 1984 ·
3188 1954 3273 2009 ὅτι
3304 1954 3549 2022 ἰσχυρὸς
3583 1954 3793 2020 Κύριος
3815 1954 3849 2004 ὁ
3875 1970 4010 2020 xpe-

2429 2028 2553 2103 ⁴νίῶν
2578 2046 2793 2113 αὐτὴν.

2458 2206 2459 2211 η
2512 2140 3014 2208 Ἀνεπισήμαντον,
3068 2137 3219 2209 παρὰ
3262 2135 3405 2200 τίνος
3438 2135 3496 2187 τὸ
3528 2134 3851 2203 πρόσταγμα
3892 2132 3927 2200 ἦ
3976 2134 4008 2183 6

2430 2234 2585 2301 λόγος
2635 2230 2901 2301 πρόεισιν.
2951 2228 3053 2297 Εῐη
3100 2228 3146 2281 δ’
3199 2228 3265 2282 ἂν
3313 2226 3464 2296 παρὰ
3494 2224 3600 2277 τῶν
3640 2224 3870 2276 δικαίων
3904 2224 4006 2274 καὶ

2433 2314 2727 2395 μαρτύρων
2755 2320 2865 2372 τῶν
2897 2318 3017 2373 κατ’
3056 2319 3231 2381 ἐκεῖνο
3263 2316 3453 2387 καιροῦ
3477 2355 3492 2376 .
3526 2316 3621 2384 τῆς
3656 2313 3748 2366 τοῦ
3813 2315 4004 2367 Ἀντι-

2429 2416 2651 2485 χρίστου
2704 2412 2905 2485 δηλαδὴ
2957 2408 3253 2478 ἐπιδημίας
3298 2407 3437 2476 ὑπὲρ
3479 2402 3712 2475 Χριστοῦ
3760 2403 4005 2471 ἐναοὶη-

2430 2507 2655 2569 σάντων,
2711 2504 2952 2573 τοσαύτῃ
2991 2500 3237 2570 ὠμότητι
3290 2497 3385 2550 καὶ
3433 2495 3692 2565 θηριωδίᾳ
3734 2494 3843 2546 ὑπὸ
3883 2494 4004 2544 τῶν

2424 2597 2723 2668 τηνικαῦτα
2753 2597 2831 2665 τῷ
2884 2594 2983 2663 βίῳ
3011 2588 3514 2661 ἐμπολιτευομένων
3554 2585 3846 2655 ὑπουργῶν
3894 2584 4001 2635 τοῦ

2439 2690 2802 2759 Ἀντιχρίστου
2850 2685 3282 2757 παραδοθέντων,
3313 2682 3450 2734 ὥστε
3480 2678 3574 2733 καὶ
3618 2678 3841 2738 αὐτοὺς.
3884 2677 4001 2729 κᾶν

2427 2788 2474 2840 εἰ
2501 2787 2849 2856 θεομιμήτως
2873 2782 3185 2853 προείλοντο
3207 2778 3328 2849 ζῇν,
3358 2778 3453 2829 ἀλλ
3498 2771 3590 2828 οῦν
3613 2774 3698 2826 διὰ
3723 2776 3783 2825 τὸ
3814 2775 3996 2841 ὑπερ-

748 2863 998 2921 Diximns
1027 2879 1207 2922 autem
1262 2871 1548 2925 mulierem
1585 2884 1795 2943 tempus
1830 2876 1935 2931 sub
1978 2878 2318 2935 Antichristo
2424 2895 2427 2921 ε

2312 2902 2318 2930 μ
2424 2876 2619 2930 ϐάλλον
2644 2876 2751 2928 τῶν
2781 2873 3080 2927 κακώσεων
3100 2868 3449 2938 ἐκνικηθῆναι
3471 2866 3638 2919 ταῦτα
3662 2863 3991 2932 προφέρει-ι.

744 2956 1092 3021 signiﬁcare,
1142 2968 1195 3013 et
1250 2974 1357 3013 non
1391 2961 1665 3015 civitatem
1716 2963 2003 3033 aliquam:
2059 2968 2315 3036 poculum

2423 2968 2743 3038 Είρήκαμεν
2799 2965 2855 3018 δέ
2904 2965 3136 3031 γυναῖκα
3191 2961 3281 3013 τὸν
3335 2960 3426 3010 ἐπὶ
3463 2955 3552 3010 τοῦ
3613 2954 3994 3023 ’Δντιχρίστου

743 3056 948 3109 autem,
970 3047 1299 3101 voluntatem
1333 3065 1426 3103 seu
1459 3052 1798 3121 propositum
1831 3068 2021 3109 eorum
2053 3057 2147 3124 qui
2186 3067 2316 3114 tunc

2315 3101 2316 3106 η
2428 3059 2638 3129 καιρὸν,
2677 3057 2737 3108 οὐ
2789 3056 2943 3107 πόλιν
2989 3053 3109 3106 τινὰ
3142 3050 3445 3119 σημαίνειν,
3479 3048 3569 3099 καὶ
3624 3046 3882 3114 ποτήριον
3932 3045 3994 3096 δὲ

744 3137 798 3187 in
828 3135 931 3189 vita
968 3138 1328 3192 versabuntur
1361 3157 1374 3193 :
1410 3141 1502 3209 qui
1528 3142 1593 3195 de
1629 3141 1844 3198 Satanae
1870 3156 2149 3214 potentatu
2202 3150 2315 3220 glo-
2346 3167 2390 3225 ο

2312 3182 2315 3191 ι
2346 3167 2390 3225 c
2424 3148 2522 3216 τὴν
2567 3145 2887 3216 προαίρεσιν
2918 3142 3026 3195 τῶν
3069 3138 3569 3211 ἐμπολιτευομένων
3604 3135 3681 3225 τῷ
3708 3136 3829 3225 edes
3863 3135 3991 3202 βίῳ,

745 3230 985 3295 riantcs,
1017 3231 1428 3301 incomparabili
1490 3244 1887 3291 tormentorum
1950 3240 2321 3310 magnitudine
2361 3223 2374 3225 ν
2423 3268 2424 3276 η

2314 3263 2321 3297 ι
2361 3223 2374 3225 ⁷
2423 3238 2474 3292 οἳ
2500 3239 2565 3307 τῇ
2595 3235 2885 3302 δυναστεία
2913 3230 3007 3285 τοῦ
3038 3230 3251 3284 Σατανᾶ
3279 3226 3628 3296 γαυριῶντεςν
3665 3223 3894 3292 ἀμέτρῳ
3924 3226 3993 3291 τῇ

743 3322 1008 3375 adversus
1040 3321 1141 3374 sibi
1175 3334 1539 3392 repugnantes
1566 3336 1824 3383 utentur:
1859 3332 2317 3400 quemadmodum

746 3410 910 3480 igitur
934 3410 1082 3477 fecit,
1108 3412 1357 3466 reddetur
1387 3414 1509 3483 ipsi.

816 3501 1041 3556 Reddite
1103 3503 1185 3556 illi
1237 3504 1479 3572 duplum.
1520 3506 1637 3561 Non
1694 3509 1916 3579 duplum
1960 3514 2177 3583 proprie
2206 3517 2322 3569 vult

744 3596 835 3650 hic
898 3596 1125 3674 intelligi
1181 3597 1555 3666 duplicatum:
1614 3600 1710 3654 sed
1763 3603 1909 3671 quod
1960 3605 2227 3674 benignus
2256 3622 2319 3662 ac

747 3690 924 3742 bonus
958 3672 1122 3749 Déus,
1153 3706 1276 3742 cum
1306 3690 1461 3758 punit
1497 3691 1660 3745 etiam
1697 3692 1836 3748 intra
1865 3694 1915 3748 id
1947 3672 2317 3767 quod—justum

744 3789 847 3843 est,
882 3780 1105 3849 duplum
1131 3795 1190 3835 se
1231 3780 1539 3837 reddidisse
1564 3782 1713 3836 ducit
1737 3784 1827 3836 ubi
1859 3786 1943 3839 vel
1970 3797 2174 3854 partem
2199 3789 2320 3842 red-

743 3872 943 3927 diderit
974 3890 987 3925 :
1015 3889 1114 3927 nec
1150 3872 1328 3927 solum
1362 3874 1608 3943 duplum,
1641 3876 1734 3930 sed
1753 3886 1806 3931 et
1828 3880 2135 3947 septuplum
2173 3898 2187 3933 ε
2216 3881 2319 3933 nisi

745 3966 999 4019 tortassis
1034 3966 1084 4018 id
1137 3966 1561 4019 existimandum
1604 3975 1688 4021 est
1740 3968 1840 4022 has
1890 3985 1995 4022 non
2049 3985 2172 4025 esse
2222 3970 2318 4026 Dei

656 4054 661 4057 ⁷
746 4059 946 4111 minas.
987 4058 1271 4123 Quomodo
1331 4058 1476 4112 enim
1516 4061 1564 4114 is
1613 4060 1705 4130 qui
1752 4060 1905 4124 dicit,
1944 4080 1963 4111 ι
2013 4060 2130 4117 Non
2182 4064 2318 4118 ulci-

743 4148 1023 4203 sceturbis
1056 4147 1195 4201 Deus
1227 4162 1393 4216 super
1425 4146 1611 4201 eadem
1665 4162 1724 4201 re
1762 4147 1862 4213 ’⁸,ι
1896 4165 2039 4204 nunc
2074 4150 2126 4203 in
2154 4149 2320 4218 duplo

745 4256 809 4294 ac
834 4242 1083 4309 scptuplo
1108 4241 1181 4293 ait
1203 4239 1381 4307 ipsum
1416 4240 1644 4294 ulcisci?
1664 4237 1938 4295 Fortassis
1979 4241 2144 4310 igitur
2186 4243 2319 4297 nihil

743 4331 1042 4385 absurdum
1086 4330 1269 4393 fuerit,
1297 4330 1341 4384 si
1373 4331 1674 4398 accipiatur
1698 4330 2007 4400 signiﬁcare
2032 4349 2137 4386 non
2164 4332 2318 4403 juxta

744 4424 1085 4493 dignitatem,
1113 4422 1208 4476 sed
1243 4423 1555 4492 longeinfra
1587 4438 1922 4477 mensuram.

808 4516 1077 4579 Quantum
1098 4514 1411 4583 gloriﬁcatit
1426 4530 1480 4566 se
1492 4524 1539 4566 et
1554 4516 1805 4567 lasciviit.
1821 4514 2312 4581 Quemadmodum,
2344 4496 2398 4555 Ῑ)

744 4607 955 4675 inquit,
1014 4614 1068 4658 et
1122 4605 1421 4676 gloriﬁcata
1464 4615 1517 4659 et
1572 4606 1625 4659 in
1670 4608 1923 4675 praesenti
1957 4609 2067 4662 vita
2104 4609 2315 4664 deliciis

744 4699 1014 4762 uilllucns,
1054 4714 1160 4751 non
1194 4697 1674 4767 adimplevitquod
1714 4699 2039 4766 pratviderat
2066 4715 2187 4753 esse
2229 4701 2315 4755 di-

747 4792 883 4843 vina:
906 4790 1223 4855 voluntatis,
1252 4793 1323 4844 ita
1365 4788 1598 4844 reddite.
1639 4788 1780 4844 Dicit
1815 4792 1959 4845 enim
1993 4810 2006 4845 :
2064 4791 2179 4846 Non
2215 4794 2319 4862 pri-

744 4884 911 4935 vahor
938 4897 1124 4949 regno.

818 4974 887 5027 1n
912 4974 1067 5028 corde
1084 4990 1200 5027 suo.
1226 4973 1334 5027 Cor
1362 4975 1596 5044 appellat
1629 4974 1973 5029 durationem
1996 4990 2187 5027 eorum
2223 4974 2315 5043 qui

749 5079 877 5121 tunc
909 5067 1073 5120 vitam
1094 5067 1464 5135 complebunt,
1501 5083 1639 5136 quos
1667 5068 1833 5121 etiam
1860 5066 2013 5120 tinxit
2045 5081 2168 5121 cum
2202 5084 2321 5121 tnu-

748 5162 879 5214 liere
909 5159 1238 5212 adulterium
1276 5168 1513 5227 patrare.

814 5245 1102 5312 Propterea
1150 5262 1251 5299 uno
1289 5246 1373 5299 die
1419 5247 1620 5299 venient
1681 5249 1853 5315 plaga:
1885 5246 2021 5313 ejus.
2066 5245 2165 5299 Per
2214 5244 2316 5298 hoc

744 5339 887 5408 quod
918 5339 1069 5397 dicit,
1110 5353 1216 5390 uno
1246 5338 1350 5403 die,
1390 5337 1817 5406 inexspectatum
1849 5352 1913 5391 ac
1970 5338 2308 5405 repentinum

748 5443 958 5499 tempus
1010 5430 1281 5498 signiﬁcat
1317 5446 1426 5499 quo
1460 5430 1573 5485 haec
1628 5430 1966 5498 cautingent.
2016 5428 2309 5497 Postquam

742 5523 888 5575 enim
918 5522 1118 5575 inimici
1146 5523 1316 5590 ipsius
1343 5522 1678 5576 obtinuerint
1707 5522 1887 5585 illam,
1936 5530 2192 5589 poterunt
2232 5520 2311 5574 rel

746 5616 907 5669 unico
935 5614 1021 5668 die
1048 5630 1207 5669 oume
1238 5614 1565 5685 supplicium
1599 5616 1652 5670 in
1708 5630 1827 5670 eam
1873 5614 2129 5669 inducere
2190 5628 2311 5683 qua:

808 5796 847 5827 θ’
882 5794 1053 5849 Ῐοξδυιιι
1082 5810 1093 5848 I
1119 5835 1132 5857 ,
1165 5794 1243 5847 l'l.

2420 3329 2529 3381 τῶν
2577 3326 2768 3379 δεινῶν
2813 3322 3037 3394 εὐθηνίᾳ
3074 3320 3215 3374 κατὰ
3248 3318 3355 3372 τῶν
3402 3314 3787 3383 ἀντικειμένων
3856 3330 3999 3365 κατ·

2421 3410 2739 3491 εχρήσαντο.
2774 3414 2966 3476 Καθὼς
2990 3410 3083 3467 οῦν
3106 3411 3374 3481 ἐποίησεν,
3406 3405 3714 3475 ἁποδοθήτω
3740 3406 3904 3475 αὐτῇ.

2507 3509 2778 3564 Ἀπόδοτε
2808 3506 2962 3574 αὐτῇ
3008 3504 3284 3558 διπλοῦν.
3340 3501 3413 3553 Οὐ
3451 3500 3509 3552 τὸ
3549 3498 3827 3551 διπλάσιον
3860 3497 3996 3566 βοῦ-

2422 3603 2572 3656 λεται
2604 3601 2666 3653 τὸ
2699 3598 2942 3661 διπλοῦν,
2977 3594 3092 3649 ἀλλ’
3136 3596 3218 3649 ὅτι
3270 3591 3642 3661 φιλάνθρωπος
3668 3587 3744 3640 ὢν
3770 3589 3802 3639 δ
3850 3589 3995 3651 Θεὶς

2423 3692 2518 3745 καὶ
2544 3690 2747 3759 ἀγαθὸς
2790 3688 2886 3742 καὶ
2919 3686 3051 3739 πολὺ
3088 3682 3503 3751 καταδεέστερον
3530 3678 3786 3742 κολάζων,
3818 3678 3993 3730 διπλᾶ

2420 3784 2591 3838 οἴεται
2619 3781 3018 3837 ἀποδεδωκέναι
3068 3778 3163 3830 καὶ
3191 3776 3317 3829 ὅταν
3354 3774 3514 3844 μέρος
3540 3772 3741 3840 ἀποδῷ,
3781 3772 3880 3823 καὶ
3923 3774 3991 3823 οὐ

2424 3876 2582 3945 μόνον
2610 3874 2791 3937 διπλᾶ,
2828 3871 2963 3925 ἀλλὰ
2996 3870 3090 3923 καὶ
3120 3866 3479 3926 ἐπταπλέισια,
3514 3866 3560 3916 εί
3592 3864 3663 3932 μή
3691 3880 3792 3915 που
3823 3862 3995 3915 τοῦτο

2421 3969 2633 4037 οίητέον
2675 3968 2749 4028 ὡς
2803 3963 2864 4017 οῦ
2921 3961 3057 4016 Θεοῦ
3098 3960 3347 4028 ἀπειλῆς.
3405 3957 3523 4019 Πῶς
3553 3957 3657 4024 γὰρ
3701 3955 3730 4005 ὁ
3778 3955 3988 4019 λέγων,

2427 4079 2444 4110 ι
2486 4062 2601 4113 Οὐκ
2630 4058 2908 4127 ἐκδικήσει
2926 4054 3128 4123 Κύριος
3156 4052 3234 4113 δὶς
3263 4052 3353 4104 ἐπὶ
3371 4051 3428 4102 τὸ
3452 4049 3599 4110 αὐτὸ,
3634 4066 3651 4097 ι
3677 4045 3769 4097 νῦν
3792 4046 3992 4099 διπλά-

2424 4167 2511 4202 σια
2542 4148 2639 4201 καλ⁵
2698 4144 3043 4199 ἐπταπλάσιά
3099 4159 3261 4213 φησιν
3294 4140 3552 4202 ἐκδικεῖν;
3584 4138 3643 4190 Εἰ
3676 4135 3769 4189 οῦν
3798 4137 3862 4187 τὸ
3905 4136 3991 4187 δι-

2421 4239 2591 4293 πλοῦν
2620 4239 2714 4291 καὶ
2759 4235 3130 4291 ἐπταπλάσιον
3158 4234 3219 4286 οὐ
3255 4232 3315 4284 τὸ
3364 4231 3481 4284 κατ’
3507 4228 3661 4293 ἀξίαν
3692 4227 3991 4295 σημαίνειν

2422 4331 2800 4401 ὑποληπτέον,
2849 4328 2985 4383 ἀλλὰ
3036 4326 3096 4379 τὸ
3146 4323 3525 4395 μετριώτερον,
3591 4320 3717 4380 ἴσως
3774 4317 3989 4369 ἄτοπον

2422 4424 2598 4478 οὐδέν.

2496 4516 2653 4568 Ὅσα
2673 4511 2966 4576 ἐδόξασεν
2984 4509 3230 4575 ἑαυτὴν,
3254 4506 3347 4561 καί
3361 4505 3730 4573 ἐστρηνίασε.
3755 4504 3989 4567 Καθὼς,

2424 4606 2582 4675 φησὶ,
2628 4603 2947 4669 δοξασθεῑσα
2976 4602 3069 4655 καὶ
3100 4598 3623 4666 κατασπαταλήσασα
3651 4594 3744 4648 τοῦ
3780 4595 3992 4665 παρόν-

2423 4714 2514 4760 τος
2544 4696 2682 4767 βίου,
2731 4694 2989 4765 πρόνοιαν
3018 4693 3078 4745 οὐ
3106 4689 3398 4759 πεποίηται
3434 4686 3524 4741 τοῦ
3553 4686 3694 4738 θείου
3732 4684 3987 4753 θελήμαο

2424 4806 2535 4852 τος,
2561 4785 2734 4849 οὕτως
2757 4786 2983 4839 ἀπόδοτε
3013 4784 3172 4854 αὐτῇ.
3195 4781 3353 4848 Λέγει
3373 4780 3499 4848 γάρ·
3528 4779 3639 4831 Οὐκ
3660 4777 3855 4845 ἐσομαι
3884 4778 3985 4830 τοῦ

2427 4878 2731 4948 βασιλεύειν
2756 4875 3115 4946 ἐστερημένη.

2504 4974 2608 5026 Ἐν
2652 4972 2727 5040 τῇ
2778 4971 2991 5039 καρδίᾳ
3047 4967 3257 5037 αὐτῆς.
3310 4963 3578 5035 Καρδίαν,
3629 4960 3689 5012 τὸ
3741 4959 3987 5028 ἐμμονόν

2419 5080 2555 5132 φησι
2590 5063 2698 5116 τῶν
2731 5061 2855 5115 τότε
2878 5062 2969 5114 τὸν
2994 5060 3107 5129 βίον
3139 5056 3618 5128 συμπληροῦντων,
3649 5050 3741 5113 οὓς
3770 5052 3871 5104 καὶ
3903 5054 3987 5115 εἰς

2416 5157 2649 5222 γυναῖκα
2681 5151 3046 5221 ἐμυθοποίησε
3082 5150 3390 5220 μαχλῶσαν.

2486 5246 2591 5298 Διὰ
2642 5244 2816 5298 τοῦτο
2859 5245 2928 5296 ἐν
2965 5241 3072 5312 μιᾷ
3116 5241 3304 5310 ἡμέρᾳ
3340 5238 3591 5315 ἥξουσιν
3638 5236 3698 5287 al
3749 5234 3981 5302 πληται

2419 5335 2629 5402 αὐτῆς.
2665 5336 2763 5388 Διά
2790 5335 2881 5388 τοῦ
2907 5335 3108 5401 λέγειν,
3145 5334 3273 5409 μίαν
3302 5330 3530 5399 ἡμέραν.
3557 5327 3615 5378 τὸ
3638 5327 3983 5394 ἀπροσδόκη-

2418 5444 2509 5482 τον
2538 5430 2633 5481 καὶ
2661 5428 2857 5497 ἀθρόον
2884 5427 3033 5497 δηλοί
3065 5425 3156 5477 τοῦ
3188 5422 3379 5492 καιροῦ
3411 5423 3465 5472 ἐν
3488 5413 3531 5485 ᾧ
3559 5416 3726 5470 ταῦτα
3757 5416 3977 5486 συμϐῇ-

2421 5538 2593 5575 σεται.
2635 5522 2787 5574 Μετὰ
2823 5521 2931 5590 γὰρ
2958 5519 3018 5572 τὸ
3061 5518 3345 5587 ἐγκρατεῖς
3373 5514 3540 5582 αὐτῆς
3566 5509 3817 5579 γενέσθαι
3843 5510 3975 5571 τοὺς

2421 5615 2646 5686 ἐχθροὺς
2674 5614 2895 5685 ἐξαρκεῖ
2936 5613 3029 5666 καὶ
3061 5612 3157 5683 μία
3181 5610 3360 5681 ἡμέρα
3392 5608 3566 5660 πᾶσαν
3610 5603 3829 5657 κόλασιν
3870 5603 3972 5653 ἐπ-
