4252 6436
253 422 359 488 729
1320 427 1525 486 C031.“
1541 428 1701 487 ENT.
1748 431 1826 488 ΙΝ
1867 431 2395 497 APOCALYPSIN.
3389 443 3498 508 730

251 537 478 600 α’ίαγείν
511 537 575 603 τῇ
631 533 949 604 ἠττηθεέσῃ,
979 533 1204 587 δυνατοῦ
1252 535 1402 596 ὄντος
1461 533 1555 584 τοῦ
1613 537 1815 603 Κυρίου
1848 546 1888 598 Α
1921 561 1930 590 ι

1848 546 1888 598 Α
1921 539 2128 595 devicta
2178 541 2380 596 fuerit:
2422 560 2546 599 cum
2589 555 2781 614 potens
2828 546 2898 600 sit
2939 546 3199 600 Dominus
3237 551 3495 614 qut-mad—

249 627 444 694 ὦσπερ
477 627 585 686 τοῖς
629 624 1015 694 εὐαρεστοῦσιν
1050 623 1199 693 αὐτῷ
1234 625 1303 676 τα
1329 625 1551 696 θυμήρη
1594 627 1822 696 προσνέ-
1926 647 1928 682 ;

1812 655 1822 666 -
1926 632 2144 684 modum
2176 647 2434 702 prospera
2467 635 2794 689 distribuere
2826 637 2912 690 his
2934 637 3026 704 qui
3058 638 3157 690 sibi
3191 639 3325 704 grati
3349 649 3491 701 sunt,

251 735 407 786 μειν,
441 716 585 769 οὓτω
633 718 726 769 καὶ
770 715 1019 780 κολάζειν
1050 716 1457 787 ἀνεπιπρῦιρως
1514 718 1825 788 ὲξαμαρτὰ·
1925 722 1930 773 i

1567 718 1825 788 ίαμαρτὰ-
1925 722 1994 774 ita
2022 733 2076 776 et
2097 735 2412 794 peccatores
2433 725 2814 782 irremediabili
2842 727 3002 781 modo
3034 729 3246 796 punire.

248 826 463 869 νοντας.

319 897 429 950 Kal
477 899 818 952 κλαύσουσι
876 899 973 951 καὶ
1027 899 1320 965 κόψονται
1375 898 1468 950 ἐπ’
1524 897 1716 964 αὐτὴν
1765 901 1821 952 οἱ
1991 901 1998 931 ¹

1808 901 1821 952 l
1991 900 2154 970 798
2185 900 2369 965 XVIII,
2401 900 2557 955 9-H.
2607 901 2674 954 Et
2704 903 2899 970 ﬂebunt
2946 912 2995 956 et
3035 904 3284 970 plangent
3339 917 3487 967 super

243 989 524 1054 βασιλεῖς
557 989 666 1055 τῆς
705 988 846 1057 γῆς,
892 992 949 1042 οι
973 990 1097 1057 μετ’
1135 988 1324 1056 αὐτῆς
1374 990 1819 1056 πορνεύσαντες
1919 1007 1922 1036 1

1813 1011 1819 1024 ι
1919 987 2066 1039 illam
2100 1005 2238 1056 reges
2270 1000 2444 1050 terra,
2478 990 2566 1056 qui
2605 1007 2724 1041 cum
2756 991 2848 1042 illa
2883 993 3107 1044 scortati
3147 999 3268 1042 sunt
3313 1000 3360 1041 et
3409 990 3492 1040 la-

245 1079 344 1130 xal
380 1079 886 1144 στρηνιάσαντες,
942 1081 1088 1133 ὅταν
1127 1080 1404 1143 ,ϐλέπωσι
1443 1080 1550 1132 τὸν
1584 1082 1820 1133 καπνὸν
1916 1096 1924 1129 4

1814 1097 1820 1111 ’
1916 1079 2216 1142 scivierunt,
2249 1095 2366 1131 cum
2401 1080 2621 1132 viderint
2648 1081 2851 1148 fumum
2892 1082 3122 1134 incendii
3144 1081 3258 1148 ejus
3307 1103 3310 1106 '
3343 1081 3493 1147 longe

242 1169 358 1234 τῆς
391 1169 712 1236 πυρώσεως
761 1170 981 1236 αὐτῆς,
1015 1170 1132 1222 ἀπὸ
1169 1172 1463 1238 μακρόθεν
1493 1170 1817 1237 ἑστηκότες
1915 1192 1921 1222 4

1809 1191 1817 1205 -
1915 1179 2113 1223 stantes
2131 1180 2341 1238 propter
2380 1172 2616 1226 timorem
2643 1173 2887 1224 tormenti
2918 1172 3049 1240 ejus,
3075 1173 3302 1224 dicentes
3329 1189 3345 1224 :
3381 1170 3488 1235 γω,

242 1257 342 1310 διὰ
387 1259 493 1310 τὸν
534 1262 721 1326 φόϐον
761 1261 868 1312 τοῦ
896 1260 1290 1329 ,βασανισμοῦ
1328 1260 1552 1327 αὐτῆς,
1599 1261 1813 1329 λέγον·
1915 1278 1921 1312 4

1810 1292 1813 1302 ι
1915 1277 2009 1327 vce,
2041 1263 2226 1315 civitas
2255 1262 2348 1315 illa
2383 1280 2577 1333 magna
2626 1262 2862 1331 Babylon
2890 1303 2905 1326 ,
2950 1265 3134 1316 civitas
3167 1264 3259 1315 illa
3315 1264 3489 1330 fortis,

241 1365 343 1413 τες
365 1365 378 1378 ·
426 1351 591 1414 Oi'al,
623 1351 778 1415 οὐαὶ,
812 1352 849 1417 ἡ
893 1352 1068 1416 πόλις
1096 1351 1133 1416 ἡ
1167 1351 1399 1417 μεγάλη
1435 1351 1741 1413 Βαϐυλὼν,
1773 1353 1810 1418 ἠ
1911 1374 1920 1404 4

1809 1377 1810 1389 ι
1911 1354 2159 1422 quoniam
2187 1370 2289 1406 una
2310 1354 2437 1408 hora
2469 1357 2600 1410 venit
2634 1357 2898 1424 judicium
2941 1365 3108 1408 tuum.
3153 1356 3221 1408 Et
3250 1357 3488 1423 negotia-

241 1443 422 1503 πόλις
465 1441 501 1503 ἠ
553 1441 788 1506 ἱσχιφὰ,
830 1439 914 1492 ὅτι
943 1441 1012 1491 ἐν
1050 1438 1156 1506 μιᾷ
1180 1438 1298 1505 ὥρᾳ
1325 1435 1511 1506 ἦλθεν
1544 1441 1581 1508 ἠ
1613 1442 1812 1508 κρίσις
1911 1457 1920 1496 t

1809 1464 1812 1475 ι
1911 1457 2048 1498 tores
2079 1455 2232 1498 terra!
2264 1447 2458 1513 ﬂebunt
2486 1463 2548 1499 ac
2598 1448 2841 1516 lugebant
2878 1464 3033 1512 super
3054 1448 3148 1498 illa
3182 1463 3199 1499 :
3241 1448 3488 1514 quoniam

237 1544 376 1581 σου.
417 1529 528 1582 Kal
586 1532 640 1582 al
700 1530 944 1598 ἔμποροι
997 1528 1105 1597 τῆς
1152 1528 1263 1597 τῆς
1317 1529 1657 1582 κλαύσουσι
1711 1531 1807 1582 καὶ
1910 1557 1916 1586 4

1910 1551 2040 1587 onus
2063 1551 2242 1588 eorum
2283 1552 2430 1588 nemo
2462 1545 2592 1588 emet
2623 1539 2890 1603 amplius:
2921 1553 3022 1589 non
3042 1537 3160 1603 jam
3205 1553 3337 1588 onus
3371 1536 3488 1586 auri

239 1621 656 1679 πενθήσουσιν
687 1621 777 1673 ἐπ’
830 1619 1022 1686 αὐτῇ,
1077 1619 1167 1672 ὅτι
1221 1619 1328 1672 τὸν
1377 1621 1561 1687 νόμον
1610 1618 1810 1672 αὐτῶν
1907 1645 1918 1676 4

1804 1637 1810 1650 '
1907 1634 1955 1676 et
1987 1625 2214 1690 argenti.
2245 1635 2292 1678 et
2323 1625 2519 1693 lapidis
2545 1627 2761 1690 pretiosi
2793 1635 2840 1677 et
2883 1628 3188 1693 margarita:
3209 1665 3221 1684 ,
3255 1635 3303 1678 et
3343 1626 3483 1693 byssi

238 1712 439 1777 οὐδεὶς
481 1711 762 1780 ἀγοράσει
794 1714 903 1767 ἔτι.
951 1711 1160 1764 Οὐκέτι
1217 1713 1402 1780 τόμον
1445 1711 1680 1779 χρυσοῦ
1709 1713 1807 1765 καὶ
1905 1732 1917 1766 4

1804 1751 1807 1760 ι
1905 1722 1955 1766 et
1982 1729 2229 1780 purpurae
2250 1723 2300 1765 et
2324 1715 2477 1788 serici
2499 1725 2547 1767 et
2582 1716 2742 1776 cocci,
2763 1723 2810 1766 et
2832 1730 2982 1767 omne
2999 1717 3196 1781 lignum
3226 1715 3483 1781 thyinum,

236 1801 517 1866 ἀργύρου,
561 1800 659 1854 xal
692 1801 867 1854 λίθου
901 1800 1093 1868 τιμίου
1147 1799 1243 1852 καὶ
1275 1800 1660 1868 μαργαρίτου,
1707 1801 1804 1852 xal
1842 1872 1863 1874 _
1904 1825 1915 1858 4

1842 1872 1863 1874 _
1904 1814 1956 1858 et
1985 1821 2134 1856 omne
2163 1821 2251 1857 vas
2279 1809 2585 1867 eburneum,
2622 1815 2671 1858 et
2715 1822 2865 1860 omne
2900 1823 2988 1859 vas
3023 1805 3087 1859 de
3111 1807 3249 1874 ligno
3289 1807 3485 1873 pretio-

236 1892 566 1955 βυσσίνου,
598 1891 696 1944 καὶ
732 1891 1060 1960 πορφυροῦ,
1092 1889 1192 1944 xal
1227 1891 1503 1958 σηρικοῦ,
1540 1891 1638 1944 καὶ
1669 1908 1803 1944 κοκο
1838 1872 1915 1949 Bt

1838 1872 1879 1926 Β
1903 1898 2112 1951 sissimo
2143 1907 2191 1950 et
2219 1913 2321 1950 aere
2352 1908 2401 1950 et
2434 1897 2574 1964 ferro
2615 1907 2661 1948 et
2704 1913 2997 1960 marmore,
3039 1907 3089 1950 et
3131 1899 3484 1949 cinamomum

235 1983 430 2044 κίνου,
478 1982 574 2036 καὶ
615 1981 736 2036 πᾶν
768 1983 958 2045 ξύλον
999 1983 1243 2042 θύτνον,
1277 1983 1373 2034 καὶ
1409 1981 1531 2036 πᾶν
1584 1982 1806 2048 σκεῦος
1901 2003 1914 2038 4

1802 2005 1806 2017 ’
1901 1994 1951 2038 et
2002 1985 2347 2038 odoramenta
2390 1995 2437 2036 et
2491 1995 2808 2052 unguentum
2859 1987 3082 2046 etthus,
3119 1995 3168 2038 et
3219 1985 3389 2037 oleum
3434 1994 3481 2036 et

234 2070 654 2137 ἐλεφάντινον,
702 2071 799 2124 καὶ
844 2071 967 2124 πᾶν
1005 2071 1219 2136 σκεῦος
1273 2072 1341 2124 ἐκ
1376 2071 1568 2134 ξύλου
1610 2089 1803 2141 τιμιωο
1901 2093 1913 2130 ι

1802 2105 1803 2110 η
1901 2077 2077 2130 vinum
2112 2084 2162 2127 et
2189 2075 2419 2126 similant
2451 2085 2500 2127 et
2532 2077 2788 2139 triticum,
2813 2087 2861 2129 et
2885 2092 3000 2129 ove!
3031 2086 3080 2128 et
3117 2076 3379 2140 jumenta.
3432 2084 3481 2126 et

233 2158 433 2220 τάτου,
465 2160 562 2212 xal
593 2161 842 2228 χαλκοῦ,
876 2161 971 2213 καὶ
1015 2161 1290 2228 σιδήρου,
1338 2163 1432 2215 καὶ
1467 2163 1800 2232 μαρμάρου,
1899 2185 1912 2219 4

1798 2209 1800 2222 .
1899 2177 2208 2234 equorumet
2227 2167 2504 2220 raedarum
2522 2176 2570 2218 et
2585 2183 2885 2233 corporum,
2901 2177 2948 2220 et
2966 2167 3172 2218 animas
3191 2166 3477 2217 hominum.

232 2252 326 2303 real
364 2251 724 2318 κινάμωμον,
762 2251 861 2304 καὶ
916 2253 1268 2321 θυμιάματα,
1302 2253 1399 2306 καὶ
1443 2255 1659 2323 μῦρον,
1704 2256 1804 2310 real
1903 2287 1911 2308 Α

1802 2296 1804 2302 ν
1903 2256 1970 2308 Et
1994 2267 2192 2325 tempus
2211 2257 2458 2310 desiderii
2481 2258 2674 2310 animce
2698 2267 2800 2308 tua?
2826 2257 3036 2308 recessit
3064 2273 3094 2307 a
3136 2264 3203 2316 te,
3232 2264 3280 2305 et
3305 2254 3481 2304 omnia

231 2343 498 2408 λίϐανον,
541 2343 639 2395 καὶ
682 2344 907 2407 ἔλαιον,
947 2345 1045 2398 καὶ
1089 2341 1276 2409 οἶνον,
1314 2347 1410 2398 καὶ
1455 2345 1791 2413 σεμίδαλιν,
1900 2365 1910 2415 ι

1900 2349 2116 2416 pinguia
2155 2358 2204 2400 et
2241 2347 2500 2415 praeclara
2539 2350 2805 2416 perierunt
2845 2364 2876 2400 a
2909 2356 2955 2400 te
2981 2387 2995 2411 ,
3033 2354 3081 2399 et
3127 2344 3353 2412 amplius
3386 2343 3481 2394 illa

229 2433 321 2485 καὶ
351 2432 542 2496 σῖτον,
617 2435 714 2488 καὶ
737 2438 1029 2502 πρόϐατα,
1061 2437 1157 2489 καὶ
1195 2437 1420 2504 κτήνη,
1457 2436 1557 2488 καὶ
1597 2437 1795 2488 ἵππων
1901 2454 1908 2489 ι

824 2438 1029 2500 όϐατα,
1061 2437 1157 2489 καὶ
1195 2437 1420 2504 κτήνη,
1457 2436 1557 2488 καὶ
1597 2437 1795 2488 ἵππων
1901 2453 2224 2506 nequaquam
2256 2438 2503 2491 invenies.

229 2525 321 2575 καὶ
347 2525 573 2592 ραιδών
601 2527 696 2579 καὶ
728 2527 1034 2593 σωμάτων,
1067 2529 1164 2581 καὶ
1237 2529 1442 2597 ψυχὰς
1482 2528 1824 2594 ἀνθρώπων.
1899 2530 2008 2582 Καὶ
2057 2529 2095 2594 ὴ
2163 2529 2364 2594 ὀπώρα
2422 2527 2531 2595 τῆς
2573 2529 2892 2598 ἐπιθυμίας
2939 2526 3049 2594 τῆς
3111 2523 3316 2594 ψυχῆς
3365 2539 3482 2576 σου

227 2615 502 2683 ἀπῆλθεν
533 2618 650 2671 ἀπὸ
692 2618 826 2672 σοῦ.
864 2619 972 2672 Kal
1008 2619 1204 2673 πάντα
1268 2619 1340 2673 τὰ
1399 2623 1623 2688 λιπαρὰ
1656 2620 1756 2673 καὶ
1801 2620 1873 2674 τὰ
1909 2624 2151 2690 λαμπρὰ
2219 2621 2486 2675 ἀπώλετο
2536 2621 2654 2674 άπὸ
2707 2621 2856 2683 σοῦ,
2909 2621 3006 2673 καὶ
3039 2619 3236 2673 οὐκέτι
3284 2618 3357 2670 οὑ
3392 2613 3480 2682 μὴ

225 2708 406 2775 εὕρῃς
437 2710 610 2763 αὐτά.

303 2801 585 2870 Ἐπιμένει
643 2805 710 2874 τῇ
777 2805 1104 2877 τροπολογίᾳ
1167 2805 1243 2868 ὡς
1308 2807 1789 2876 ἐκφαντικωτέραν

227 2892 475 2960 γενέσθαι
515 2893 623 2946 ἀπὸ
672 2894 771 2962 τῆς
801 2899 1064 2965 πορνικῆς
1093 2895 1436 2963 ἀκαθαρσίας
1477 2897 1577 2966 τὴν
1607 2897 1788 2965 πλημ-

1967 2801 2024 2854 ln
2053 2800 2242 2854 eadem
2269 2809 2553 2869 permanet
2580 2797 2900 2866 tropologia,
2928 2804 2986 2848 ut
3013 2797 3362 2853 manifestius
3387 2801 3481 2859 ﬁat

1896 2892 2154 2946 delictum
2203 2891 2522 2945 meretricia
2552 2888 2926 2958 impudicitia.
2957 2885 3065 2943 llos
3109 2899 3290 2943 autem
3324 2892 3472 2944 dixi-

222 2982 465 3052 μέλειαν.
504 2983 644 3046 Τοὺς
702 2984 960 3054 δαίμονας
1012 2985 1069 3038 δὲ
1119 2983 1261 3039 slva:
1311 2985 1533 3049 τούτους
1580 2986 1790 3056 ἔφαμεν

222 3075 316 3124 καὶ
357 3072 627 3141 μακρόθεν
670 3075 987 3142 ἑστηκότας.
1022 3077 1186 3127 Αὐτοὶ
1228 3076 1336 3146 γὰρ
1396 3076 1490 3129 ἅτε
1525 3077 1662 3138 νόες,
1698 3076 1794 3128 καὶ

1899 2996 2016 3033 mus
2042 2996 2164 3034 esse
2199 2981 2474 3034 dmmones
2510 2980 2675 3033 etiam
2723 2979 2881 3047 longe
2924 2987 3156 3035 stantes.
3185 2978 3318 3034 Nam
3372 2983 3476 3051 ipsi

1900 3081 2160 3142 tanquam
2226 3073 2515 3126 abstractm
2574 3073 2976 3140 intelligentia),
3048 3074 3254 3127 exitum
3311 3076 3474 3128 etiam

219 3162 328 3232 πρὸ
357 3165 454 3230 τῆς
507 3164 702 3231 πείρας
735 3163 832 3234 τὴν
879 3165 1154 3219 διέκῦασιν
1183 3167 1384 3219 ειδέναι
1422 3161 1525 3219 οἷοί
1557 3167 1617 3220 τέ
1662 3168 1791 3230 εἰσι,
1822 3174 1863 3231 C

1822 3174 1863 3231 ο
1903 3163 2222 3231 priusquam
2258 3163 2349 3216 iiat
2385 3163 2686 3231 intelligere
2737 3172 3001 3231 possunt,
3051 3174 3108 3218 et
3159 3177 3416 3234 tauquam
3444 3181 3475 3220 ι

218 3254 314 3306 καὶ
339 3253 414 3316 ὡς
442 3254 551 3306 ἀπὸ
581 3255 788 3308 καπνοῦ
819 3256 913 3309 τοῦ
953 3258 1125 3326 πυρὸς
1155 3258 1253 3328 τὴν
1287 3259 1585 3311 ὑπόστασιν
1616 3260 1789 3312 συνιέ-

219 3363 326 3399 ναι.
354 3346 428 3397 Τὸ
457 3347 539 3399 δέ·
569 3345 735 3410 Οὺιιί,
769 3347 1042 3417 θρηνῶδες
1063 3352 1210 3402 ἐστιν
1234 3350 1574 3420 ἐπίφθεγμα,
1599 3350 1789 3412 εἰωθὸς

217 3438 310 3488 ἐπὶ
355 3439 661 3505 συμφοραῖς
696 3439 1119 3506 ἐνεργουμέναις
1152 3440 1535 3504 ἐκφωνεῖσθαι.
1569 3441 1660 3494 Διὸ
1694 3441 1788 3495 καὶ

216 3527 313 3581 νῦν
342 3529 573 3594 μάλιστα
605 3528 682 3596 τῷ
718 3529 1046 3597 παγκοσμίῳ
1072 3531 1165 3583 καὶ
1207 3530 1391 3599 ἀθρόῳ
1421 3533 1788 3601 συμπτώματι

214 3618 721 3688 μετακεχείρισται.
770 3619 1016 3689 Ἰσχυρὰν
1042 3620 1096 3671 δὲ
1123 3621 1276 3672 πόλιν
1317 3623 1489 3691 αὑτήν
1521 3639 1683 3688 φησιν
1713 3623 1788 3686 ὡς

212 3710 274 3774 ἐξ
303 3709 534 3777 ἀπείρου
581 3711 766 3780 σχεδὸν
805 3711 996 3780 χρόνου
1044 3712 1104 3764 τὸ
1136 3708 1268 3764 εἶναι
1310 3713 1668 3766 διαλαϐοῦσαν
1709 3717 1787 3776 εἰς

212 3799 582 3868 ἅδιάρρηκτον
612 3800 906 3871 σύνδεσμον
939 3803 1032 3855 καὶ
1079 3800 1276 3854 οὔποτε
1325 3803 1648 3857 ἐλπισθέντα
1675 3804 1788 3856 δια-

213 3890 463 3960 λυθῆναι.

286 4068 396 4123 Kal
432 4070 488 4122 οι
535 4071 776 4137 ἔμποροι
805 4067 912 4134 τῆς
942 4067 1053 4137 γῆς
1087 4069 1447 4122 κλαύσουσι.
1506 4067 1786 4120 Ἐντεῦθεν

211 4161 667 4231 ἀπαραγρὰπτως
711 4160 1009 4231 ἐκληπτέον
1058 4159 1126 4212 τὰ
1174 4159 1667 4228 χρησμῳδούμενα,
1723 4161 1783 4211 οὐ

213 4255 346 4322 περὶ
398 4252 737 4316 Βαϐυλῶνος,
773 4254 832 4304 οῦ
887 4251 1105 4320 Ῥώμης
1150 4252 1251 4318 τῆς
1283 4251 1538 4313 παλαιᾶς,
1589 4251 1650 4303 οῦ
1686 4251 1784 4318 τῆς

214 4343 366 4408 νέας,
394 4344 493 4395 οῦκ
537 4343 702 4411 ἄλλης
729 4343 873 4404 τινὸς
904 4345 1029 4410 μιᾶς
1065 4342 1292 4405 πόλεως,
1340 4342 1476 4394 ἀλλὰ
1507 4341 1600 4393 τοῦ
1642 4342 1782 4410 σύμ-

214 4449 418 4493 παντος
446 4431 636 4484 τούτου
668 4431 910 4501 φθαρτοῦ
944 4431 1174 4498 κόσμου,
1205 4430 1402 4483 καθ’ὃν
1427 4432 1477 4483 οἱ
1513 4432 1578 4484 τὰ
1611 4433 1779 4501 πρόσ-

1898 3252 2048 3306 fumo
2082 3254 2355 3321 cognitam
2380 3253 2580 3308 habere
2607 3253 2748 3322 ignis
2779 3254 3165 3308 substantiam.
3194 3256 3348 3320 Quod
3377 3272 3477 3309 au-

1897 3349 2000 3394 tent
2054 3342 2130 3394 ait
2168 3361 2180 3393 :
2216 3341 2326 3403 Vw,
2379 3341 2739 3395 lamentabilis
2771 3349 2854 3394 est
2889 3343 3218 3396 exclamatio
3248 3360 3356 3412 qua
3391 3361 3478 3398 so-

1896 3433 2009 3487 lent
2041 3433 2350 3487 exclamare
2388 3433 2442 3485 in
2481 3434 2995 3502 supervenientibus
3029 3435 3470 3490 calamitatibus:

1895 3523 2016 3576 ideo
2047 3538 2270 3592 quoque
2299 3537 2443 3577 nunc
2478 3525 2714 3576 maxime
2747 3524 2800 3576 in
2849 3525 3086 3592 generali
3111 3533 3166 3578 et
3193 3527 3476 3580 cumulato

1897 3616 2292 3684 repentinoque
2316 3629 2446 3668 casu
2484 3630 2548 3667 ac
2577 3614 2895 3669 infelicitate
2932 3617 2998 3668 ad
3042 3631 3196 3670 usum
3235 3618 3470 3670 deducta

1893 3717 1995 3760 est.
2035 3707 2255 3761 Fortem
2283 3721 2411 3760 vero
2440 3705 2709 3760 civitatem
2758 3707 2891 3761 dicit
2924 3709 3094 3775 ipsam
3118 3750 3133 3773 ,
3162 3718 3218 3761 ut
3242 3725 3365 3777 qua:
3405 3711 3474 3763 ab

1895 3798 2103 3851 inﬁnito
2120 3798 2506 3866 propemodum
2531 3808 2772 3866 tempore
2806 3798 3118 3852 ﬁrmitatem
3149 3801 3470 3868 accepiSset,

1893 3903 2014 3956 qua:
2050 3889 2329 3941 videretur
2355 3903 2461 3940 non
2496 3904 2657 3956 posse
2687 3890 2946 3959 dirumpi,
2983 3904 3158 3959 neque
3191 3892 3474 3946 timeretur

1894 3998 2133 4051 unquam
2167 3981 2537 4035 dissolvenda.

1961 4071 2031 4124 Et
2070 4072 2422 4140 negotiatores
2479 4081 2634 4122 terra:
2663 4071 2884 4137 ﬂebunt.
2941 4069 3034 4124 Vel
3070 4087 3135 4126 ex
3178 4073 3281 4125 hoc
3343 4074 3467 4127 loco

1893 4164 2081 4231 procul
2104 4163 2274 4216 dubio
2300 4161 2650 4231 intelligenda
2676 4173 2797 4214 sunt
2831 4177 2955 4230 quae
2989 4163 3213 4216 oraculo
3245 4165 3469 4218 tradun-

1893 4261 2003 4318 tur,
2041 4267 2148 4306 non
2171 4252 2237 4305 de
2269 4251 2558 4321 Babylone,
2580 4266 2686 4304 non
2724 4251 2791 4304 de
2825 4250 2996 4305 lioma
3036 4253 3225 4317 veteri,
3265 4269 3370 4306 non
3403 4252 3472 4306 de

1893 4359 2057 4406 nova.
2094 4359 2272 4412 neque
2313 4343 2381 4398 de
2414 4344 2520 4397 alia
2560 4342 2812 4411 quapiam
2852 4343 2956 4396 alia
2991 4344 3244 4406 civitate,
3281 4344 3373 4398 sed
3403 4345 3471 4398 de

1891 4436 2185 4489 universali
2230 4435 2329 4488 ltoc
2355 4434 2694 4502 corruptibili
2735 4433 2938 4486 mundo
2971 4451 2983 4485 :
3023 4433 3077 4486 in
3120 4450 3231 4502 quo
3267 4434 3321 4487 Iti
3374 4435 3469 4503 qui

219 4539 388 4592 καιρα
442 4523 871 4591 ἐμπορευόμενοι
939 4521 1201 4590 κλαυθμῷ
1268 4523 1360 4574 καὶ
1411 4523 1596 4575 πένθει
1646 4522 1785 4575 ἁλώ-
1821 4526 1898 4580 DI

1821 4526 1861 4580 D
1890 4525 2281 4592 temporalibus
2335 4532 2664 4578 exercentur
2712 4524 3209 4594 negotiationibus,
3241 4524 3367 4578 ﬂetu
3406 4540 3471 4579 ac

217 4627 426 4675 σονται,
467 4611 554 4664 ὅτι
609 4612 714 4662 τὸν
768 4613 954 4678 γόμον
1005 4609 1202 4664 αὐτῶν
1249 4609 1449 4676 οὐδεὶς
1487 4612 1787 4679 ἀγοράσει.

218 4704 394 4770 Γόμον
444 4702 499 4753 δὲ
549 4703 615 4755 τὰ
647 4702 1051 4771 ἐπιτηδεύματα
1088 4702 1260 4770 λέγει,
1299 4703 1429 4772 περὶ
1471 4703 1507 4757 ἃ
1536 4704 1791 4758 εἰώθασιν

214 4797 261 4846 οὗ
297 4795 574 4862 ἄν’]ρωποι
603 4794 1048 4863 κατατρίὸεσθαι.

292 4886 503 4938 Οὐκέτι
537 4888 716 4953 γόμον
748 4886 1014 4953 χρυσοῦ,
1059 4888 1152 4938 καὶ
1190 4888 1261 4939 τὰ
1316 4886 1463 4954 ἑξῆς.
1501 4887 1593 4946 El;
1622 4888 1791 4956 γόμον

215 4979 285 5030 τὰ
312 4977 724 5046 ἐπιτηδεύματα
757 4978 931 5045 φέρει.
957 4973 1059 5029 Ὧν
1117 4978 1217 5046 τῆς
1248 4979 1534 5046 ἐπικαίρου
1585 4979 1790 5046 ταύτης

216 5069 571 5138 διαρῤυεξσης
620 5069 823 5137 βιοτῆς,
877 5069 997 5121 καθ’
1051 5071 1116 5138 ἣν
1173 5069 1267 5122 καὶ
1310 5072 1341 5138 ἠ
1390 5070 1628 5137 ἐμπορία
1679 5070 1788 5123 τῶν

216 5159 665 5228 ἐπιτηδευμάτων
687 5160 747 5212 τὸ
777 5160 1089 5229 ἔμπρακτον
1120 5161 1478 5228 ἀποφέρεται,
1507 5163 1605 5213 οὐκ
1633 5162 1788 5214 ἁπειο

218 5254 313 5315 κὸς
344 5253 404 5305 τὸ
448 5253 640 5313 πένθος
697 5253 1020 5305 ἐπεισιέναι.
1057 5251 1278 5319 Τιμίαις
1307 5252 1362 5302 δέ
1392 5252 1541 5314 ῦλαις
1571 5256 1688 5315 ταῖς
1729 5257 1787 5308 ἐν

216 5345 296 5414 τῷ
341 5345 530 5413 κόσμῳ
581 5344 706 5406 τοὺς
738 5342 1059 5412 ἐμϐιοῦντας
1107 5341 1252 5410 αὺτῴ
1276 5341 1528 5410 ἐξομοιοῖ,
1562 5344 1787 5414 ἀργύρῳ

221 5438 322 5504 μὲν
341 5437 434 5488 καὶ
467 5437 674 5506 χρυσῷ,
701 5438 822 5498 τοὺς
855 5436 1068 5506 διαρκεῖ
1101 5438 1164 5504 τῇ
1205 5435 1468 5504 καρτερίᾳ
1501 5438 1622 5499 τοὺς
1663 5455 1786 5490 πει-

223 5528 462 5596 ρασμοῦς
497 5528 869 5597 ὑποφέροντας
897 5531 988 5580 τοῦ
1019 5527 1156 5596 βίου,
1187 5527 1280 5580 καὶ
1313 5528 1505 5591 αὐτοὺς
1555 5531 1631 5592 εἰς
1676 5531 1787 5600 πῦρ

217 5620 477 5680 εἰωθότας
529 5620 775 5689 δαπανᾷν
803 5663 817 5685 ,
871 5624 917 5673 εἰ
963 5624 1056 5674 καὶ
1104 5618 1426 5691 κρειττόνων
1472 5621 1642 5674 ἐλπίδι
1701 5625 1784 5675 ἐν·

219 5711 506 5773 αυλοῦντες
556 5713 616 5764 τὸ
661 5714 940 5784 ἀλώΰητον
994 5714 1197 5783 ἔχουσι.
1227 5716 1447 5769 Τοιοῦτο
1476 5718 1584 5786 γὰρ
1621 5717 1712 5768 καὶ
1760 5718 1788 5768 ό

222 5805 415 5871 γρυπὸς
452 5805 541 5856 καὶ
577 5807 852 5877 (Sim-J90;
885 5807 1012 5877 πρὸς
1053 5807 1114 5860 τὸ
1155 5807 1336 5861 ἔναλον
1393 5812 1784 5877 angam-mna:

1895 4613 2038 4667 luctu
2080 4623 2476 4667 consumentur
2502 4653 2516 4677 ,
2575 4615 2699 4682 quia
2736 4629 2866 4665 onus
2897 4629 3076 4665 eorum
3111 4629 3260 4666 nemo
3313 4625 3465 4667 emet.

1892 4704 2042 4759 Onus
2075 4716 2254 4757 autem
2291 4705 2421 4758 dicit
2451 4705 2706 4758 exercitia
2731 4705 2810 4758 vel
2836 4705 3016 4758 studia
3048 4705 3194 4759 circa
3226 4721 3348 4774 qua:
3379 4722 3468 4760 so-

1893 4797 2001 4850 lent
2038 4796 2288 4850 homines
2337 4795 2594 4848 continue
2629 4795 2831 4849 versari
2866 4805 2920 4849 et
2973 4796 3024 4848 in
3067 4795 3153 4850 his
3193 4797 3464 4850 consumi.

1963 4888 2125 4957 799
2161 4887 2565 4956 Nonjamonus
2597 4889 2734 4950 auri,
2763 4897 2865 4941 etc.
2897 4887 2975 4940 Ad
3001 4903 3139 4940 onus
3167 4887 3326 4941 refert
3347 4888 3467 4940 vita:

1893 4980 2070 5034 studia
2096 5019 2110 5041 ,
2144 4981 2210 5032 ad
2263 4995 2386 5046 quas
2431 4979 2729 5032 verisitnile
2758 4987 2842 5032 est
2884 4978 3089 5031 luctum
3128 4976 3338 5044 ingredi
3373 4978 3464 5029 ubi

1891 5073 2203 5134 temporalis
2236 5073 2348 5124 haec
2383 5072 2490 5124 vita
2523 5070 2828 5130 deﬂuxerit,
2866 5070 2930 5121 ad
2968 5084 3128 5136 quam
3163 5069 3462 5138 negotiatio

1891 5161 2058 5215 refert
2106 5161 2398 5215 eﬂicaciam
2443 5161 2769 5213 studiorum.
2809 5159 3074 5213 Pretiosis
3107 5169 3286 5212 autem
3338 5172 3460 5210 ma-

1890 5253 2040 5306 teriis
2071 5266 2191 5319 qua:
2219 5250 2272 5304 in
2301 5250 2506 5304 mundo
2533 5258 2662 5304 sunt
2700 5250 2967 5303 assimilat
2997 5251 3238 5301 viventes
3273 5247 3327 5300 in
3353 5263 3418 5300 eo
3443 5262 3458 5299 :

1889 5352 2111 5413 argento
2152 5341 2374 5411 quidem
2406 5351 2460 5395 et
2493 5356 2663 5407 auro,
2695 5356 2787 5394 eos
2815 5341 2906 5408 qui
2956 5337 3178 5392 assidua
3216 5337 3457 5389 toleran-

1893 5437 1962 5487 tia
2019 5436 2140 5488 vita:
2200 5433 2523 5487 tentationes
2576 5443 2629 5485 et
2677 5432 2996 5484 alllictiones
3047 5431 3345 5490 sustinent,
3395 5442 3458 5481 ac

1893 5532 2102 5596 seipsos
2142 5527 2307 5580 veluti
2354 5525 2421 5579 ad
2469 5527 2646 5594 ignem
2681 5525 2858 5578 solent
2913 5536 3255 5584 consumere,
3289 5535 3454 5588 quan-

1891 5638 2052 5692 quam
2087 5635 2181 5688 spe
2231 5620 2515 5673 meliorum
2563 5628 2830 5672 certautes
2869 5625 3088 5671 servant
3125 5629 3184 5669 se
3216 5614 3456 5666 illirsos:

1894 5717 1994 5769 hoc
2047 5715 2190 5768 enim
2254 5715 2417 5766 modo
2460 5723 2511 5766 ct
2561 5729 2751 5765 aurum
2800 5720 2853 5764 et
2904 5718 3183 5778 argentum
3221 5706 3288 5758 ab
3335 5706 3455 5767 igne

1894 5807 2157 5862 umteriali
2207 5806 2669 5861 demonstrantur.
2733 5803 2917 5866 [λεβίαι
2963 5816 3093 5854 vero
3142 5798 3376 5855 uretioso
3410 5803 3455 5847 cl
