4252 6436
742 399 843 461 727

1551 405 1876 466 ARETHKE
1910 409 2289 469 C/ESARE.E
2330 409 2806 472 CAPPADOCH‘I
2848 411 3188 473 EPISCOPI

3870 412 3985 478 728

806 507 875 563 Et
914 510 1216 565 recordatus
1246 520 1321 567 est
1363 511 1501 568 Deus
1529 517 1865 587 iniquitatum
1897 519 2029 588 ejus.
2067 518 2315 573 llumano
2346 525 2387 579 Α

2306 537 2315 570 μ
2346 525 2387 579 Α
2488 523 2593 575 Καὶ
2634 522 3084 591 ἐμνημόνευσεν
3136 526 3169 575 ό
3203 521 3345 585 Θεὸς
3390 521 3462 575 τὰ
3499 521 3830 591 ἀδικήματα
3877 527 3985 577 αὐ-

736 598 1035 657 mo-Johtec
1068 603 1445 671 colliguntur:
1480 621 1604 661 nam
1646 608 1700 661 in
1744 608 1900 663 beata
1953 608 2045 663 Dei
2106 620 2295 664 natura

735 693 801 744 ad
833 707 995 760 quam
1026 695 1547 761 nequeuntallectus
1570 697 1850 764 accedere,
1885 700 2217 769 superﬂuum
2238 716 2301 754 ac

735 797 932 837 vanum
966 790 1049 837 est
1086 784 1391 853 hujusmodi
1447 786 1529 840 vel
1561 790 1868 858 concipere.
1920 790 1996 845 lbi
2025 792 2168 845 enim
2218 802 2302 846 cst

734 879 1036 933 recordatio
1068 880 1158 934 ubi
1176 890 1230 934 et
1255 880 1456 935 oblivio
1484 899 1497 935 :
1534 883 1735 937 oblivio
1766 893 1944 939 autem
1969 885 2217 954 designat
2252 886 2301 938 id

733 971 877 1039 quod
910 971 1110 1026 factum
1135 984 1239 1039 est,
1262 974 1503 1042 potentia
1520 977 1739 1045 quidem
1762 976 1972 1038 adesse,
1992 992 2098 1031 non
2120 987 2300 1030 tamen

731 1070 853 1114 actu
882 1080 895 1115 :
932 1077 1093 1129 porro
1126 1062 1235 1117 Deo
1267 1065 1396 1117 nihil
1421 1065 1573 1120 adest
1603 1070 1868 1135 putentia,
1896 1068 1989 1122 sed
2029 1077 2175 1122 actu.

800 1149 987 1215 XVIII,
1023 1148 1143 1207 6-8.
1176 1154 1387 1208 Reddite
1415 1157 1462 1209 ei
1491 1159 1627 1211 sicut
1658 1169 1705 1211 et
1736 1161 1852 1225 ipsa
1887 1158 2117 1213 reddidit
2139 1159 2301 1222 vobis,

728 1252 777 1296 et
798 1242 1065 1309 duplicate
1093 1247 1141 1297 ei
1171 1246 1405 1314 duplicia
1434 1249 1719 1301 secundum
1760 1265 1914 1316 opera
1936 1250 2076 1316 eius.
2109 1251 2175 1305 In
2204 1266 2303 1321 po.

730 1335 851 1386 culo
879 1350 981 1402 quo
1016 1336 1247 1396 miscuit,
1284 1339 1493 1392 miscete
1525 1339 1604 1392 illi
1632 1340 1869 1407 duplum.
1899 1341 2167 1405 Quantum
2192 1343 2306 1412 glo-

729 1423 952 1490 riﬁcavit
991 1435 1113 1477 seet
1147 1425 1397 1493 lasciviit,
1434 1438 1636 1481 tantum
1667 1430 1789 1482 date
1811 1431 1892 1483 illi
1915 1440 2229 1485 tormentum
2258 1444 2307 1486 et

726 1514 946 1568 luctum.
984 1515 1125 1579 Quia
1169 1518 1295 1571 dicit
1343 1520 1395 1570 in
1446 1520 1602 1573 corde
1635 1536 1731 1574 suo
1764 1537 1783 1575 :
1824 1520 1990 1576 Sedeo
2012 1526 2225 1593 regina,
2257 1527 2305 1577 et

726 1607 882 1659 ridua
911 1624 1014 1661 non
1047 1625 1181 1671 sum,
1216 1626 1375 1677 neque
1407 1609 1608 1663 luctum
1644 1612 1847 1668 videbo.
1882 1613 2171 1683 Pmpterea
2203 1633 2306 1669 uno

724 1698 808 1749 die
825 1701 1024 1751 venient
1040 1700 1207 1768 plagis
1219 1702 1357 1767 ejus,
1373 1700 1534 1770 797
1557 1718 1696 1756 mors
1713 1714 1761 1757 et
1782 1704 1954 1758 luctu:
1974 1716 2022 1759 et
2042 1707 2228 1773 fames,
2258 1716 2305 1759 et

725 1787 843 1854 igne
870 1789 1221 1844 comburetur.
1252 1790 1379 1859 quia
1396 1791 1553 1859 fortis
1576 1802 1653 1847 est
1677 1792 1933 1847 Dentium
1954 1796 2043 1864 qui
2086 1798 2301 1867 judica-

727 1879 797 1929 bit
825 1878 991 1933 illum.

796 2147 1353 2204 Animadvertendum
1370 2162 1471 2218 est,
1494 2167 1524 2207 a
1547 2169 1656 2223 quo
1680 2154 1936 2223 procedat
1965 2155 2069 2212 hoc
2096 2173 2295 2226 praece-

723 2249 874 2307 ptum
899 2238 981 2292 vel
1016 2255 1220 2295 sermo.
1268 2241 1454 2298 Potest
1496 2254 1676 2299 autem
1721 2244 1826 2301 dici
1855 2248 1999 2316 quod
2053 2263 2082 2303 a
2130 2248 2296 2318 justis

722 2330 807 2382 vel
863 2331 1199 2401 martyribus
1223 2334 1316 2402 qui
1353 2334 1446 2389 illo
1472 2345 1738 2407 tempore,
1799 2355 1989 2411 nempe
2032 2342 2294 2398 adventus

720 2419 1060 2485 Antichristi,
1095 2438 1192 2490 pro
1230 2421 1446 2479 Christo
1478 2429 1825 2494 certaverint,
1883 2431 1936 2485 iu
1984 2442 2129 2487 tanta
2161 2450 2290 2489 cru-

719 2508 942 2564 delitate
970 2527 1034 2565 ac
1070 2510 1284 2568 feritate
1311 2529 1500 2568 eorum
1536 2518 1630 2585 qui
1666 2527 1796 2574 tunc
1855 2521 1908 2575 in
1969 2524 2075 2577 vita
2106 2540 2289 2579 versae

718 2599 924 2653 buntur
968 2602 1148 2655 traditi
1197 2604 1252 2657 in
1317 2606 1600 2661 ministros
1652 2608 1995 2677 Antichristi,
2030 2623 2089 2668 ut
2116 2630 2293 2683 quan-

717 2705 883 2757 titiam
913 2690 977 2742 ad
1014 2690 1105 2744 Dei
1148 2692 1507 2748 imitationem
1543 2696 1720 2752 vivere
1746 2699 2029 2770 elegerint,
2062 2718 2288 2760 excessu

720 2788 899 2832 tamen
941 2778 1295 2835 alllictionum
1331 2784 1693 2841 devincantur
1725 2798 1783 2843 ut
1828 2789 1943 2845 haec
1989 2793 2287 2861 proferant.

719 2865 969 2923 Diximus
998 2881 1177 2924 autem
1233 2874 1519 2929 mulierem
1556 2887 1767 2947 tempus
1801 2880 1906 2935 sub
1949 2882 2289 2939 Antichristo

715 2958 1063 3022 S‘gtliﬂt-arc,
1113 2970 1165 3015 et
1221 2977 1329 3015 non
1362 2964 1636 3019 civitatem
1687 2966 1974 3037 aliquam:
2031 2973 2285 3040 poculum

714 3057 919 3111 autem,
940 3049 1270 3104 voluntatem
1304 3067 1397 3107 seu
1430 3056 1769 3124 propositum
1801 3072 1992 3113 eorum
2024 3061 2116 3129 qui
2156 3072 2286 3118 tunc

2404 612 2532 678 τῆς.
2577 613 2959 684 Ἀνθρωπίνως
3006 613 3435 676 διασκευάζεται
3477 611 3669 665 ταῦτα.
3717 613 3840 666 Ἐπὶ
3870 616 3988 683 γὰρ

2403 703 2538 756 Θεοῦ
2577 705 2676 772 τῆς
2708 705 2985 775 μακαρίας
3016 704 3231 774 φύσεως
3261 705 3354 758 καὶ
3384 705 3617 760 πάθεσιν
3650 707 3943 777 ἀπροσίτου
3967 746 3987 770 ,

2403 792 2474 844 τὰ
2509 792 2734 847 τοιαῦτα
2763 795 2864 847 κᾶν
2895 796 3097 846 ἐννοεῖν
3128 795 3401 863 περιττόν.
3449 796 3598 848 Ἐκεῖ
3621 796 3729 866 γὰρ
3766 797 3983 865 μνήμη,

2404 883 2536 934 ὅπου
2584 883 2679 935 καὶ
2714 883 2870 952 λήθη.
2907 883 3060 953 Λήθη
3113 883 3169 936 δὲ
3219 883 3313 936 τοῦ
3355 884 3581 955 δυνάμει
3624 889 3879 955 παρεῖναι
3920 887 3986 938 τὸ

2406 973 2682 1043 πραχθὲν,
2716 975 2814 1027 οὐκ
2846 975 2925 1027 ἔτι
2953 974 3011 1027 δὲ
3048 976 3143 1029 καὶ
3172 978 3423 1046 ἐνεργείᾳ
3468 979 3835 1047 σημαντικόν,
3858 977 3985 1045 θεῷ

2405 1066 2459 1118 δὲ
2491 1063 2643 1117 οὐδὲν
2673 1065 2930 1133 πρόσεστι
2957 1064 3203 1132 δυνάμει,
3231 1066 3344 1119 ἀλλ’
3375 1067 3645 1136 ἐνεργείᾳ.

2486 1155 2756 1209 Ἀπόδοτε
2796 1154 2986 1222 αὐτῇ,
3013 1156 3092 1220 ὡς
3130 1157 3226 1209 καὶ
3265 1156 3418 1223 αὑτὴ
3462 1156 3772 1210 ἀπέδωκεν
3811 1155 3982 1221 ὑμῖν,

2407 1244 2504 1297 καὶ
2535 1244 2875 1298 διπλώσατε
2905 1244 3059 1312 αὐτῇ
3090 1244 3275 1300 διπλᾶ
3311 1248 3460 1301 κατὰ
3488 1246 3559 1298 τὰ
3590 1246 3733 1313 ἔργα
3764 1246 3980 1308 αὐτῆς.

2418 1334 2522 1387 Ἐν
2556 1332 2637 1398 τῷ
2680 1335 2940 1401 ποτηρίῳ
2975 1327 3023 1400 ᾧ
3057 1334 3341 1401 ἐκέρασε,
3377 1335 3671 1403 κεράσατε
3704 1334 3857 1401 αὐτῇ
3888 1334 3944 1386 δι

2406 1424 2625 1478 πλοῦν.
2653 1424 2809 1477 Ὅσα
2845 1424 3143 1489 ἐδόξασεν
3182 1424 3409 1492 ἑαυτὴν
3462 1426 3562 1477 καὶ
3587 1424 3980 1493 ἐστρηνίασε,

2407 1512 2699 1566 τοσοῦτον
2750 1512 2887 1565 δότε
2935 1512 3090 1579 αὐτῇ
3142 1514 3535 1581 ,βασανισμὸν
3586 1512 3683 1566 καὶ
3731 1513 3978 1578 πένθος.

2409 1605 2539 1656 Ὅτι
2586 1604 2657 1656 ἐν
2698 1601 2771 1670 τῇ
2820 1601 3033 1670 καρδίᾳ
3087 1602 3277 1668 αὐτῆς
3320 1601 3513 1671 λέγει,
3568 1603 3656 1655 ὅτι
3709 1602 3980 1670 Κάθημαι

2403 1692 2770 1755 βασίλισσα,
2812 1691 2908 1743 καί
2937 1691 3095 1759 χήρα
3118 1693 3228 1745 οὐκ
3256 1694 3393 1761 εἰμι,
3425 1692 3522 1745 καὶ
3548 1691 3769 1757 πένθος
3794 1695 3866 1745 οὐ
3889 1693 3979 1761 μὴ

2409 1784 2534 1837 ἴδω.
2576 1783 2678 1836 Διά
2716 1782 2892 1837 τοῦτο
2922 1783 2991 1836 ἐν
3016 1781 3117 1850 μιᾷ
3154 1781 3341 1851 ἡμέρᾳ
3369 1782 3629 1849 ἥξουσιν
3651 1785 3710 1835 al
3751 1784 3980 1852 πληγαί

2406 1872 2613 1939 αὐτῆς,
2663 1872 2937 1938 θάνατος,
2978 1872 3077 1925 καὶ
3118 1872 3358 1937 πένθος,
3400 1872 3497 1926 καὶ
3538 1874 3731 1940 λιμός.
3766 1874 3875 1927 Καὶ
3910 1874 3986 1927 ἐν

2404 1964 2545 2032 πυρὶ
2577 1961 3095 2030 κατακαυθήσεται
3119 1977 3132 1991 ο
3163 1962 3249 2016 ὅτι
3280 1962 3530 2030 ἰσχυρὸς
3565 1963 3779 2029 Κύριος
3800 1963 3833 2014 ὸ
3858 1979 3984 2030 κρι-

2403 2033 2526 2109 νῶν
2552 2052 2766 2119 αὑτήν.

2432 2212 2433 2215 η
2486 2146 2988 2215 Ἀνεπισήμαντον,
3041 2144 3194 2216 παρά
3238 2143 3382 2208 τίνος
3416 2144 3475 2196 τὸ
3508 2142 3834 2212 πρόσταγμα
3873 2142 3905 2210 ἦ
3950 2144 3982 2193 δ

2403 2239 2557 2307 λόγος
2608 2236 2875 2307 πρόεισιν.
2925 2234 3026 2304 Είη
3073 2235 3119 2289 δ’
3174 2235 3240 2289 ἂν
3289 2234 3442 2304 παρὰ
3474 2233 3583 2286 τῶν
3624 2233 3851 2286 δικαίων
3884 2233 3979 2284 καὶ

2406 2318 2700 2400 μαρτύρων
2728 2326 2838 2378 τῶν
2869 2325 2990 2380 κατ’
3029 2326 3205 2389 έκεῖνο
3237 2325 3431 2396 καιροῦ
3455 2364 3471 2384 .
3506 2325 3604 2393 τῆς
3640 2322 3734 2376 τοῦ
3797 2325 3977 2377 Ἀντι-

2402 2421 2624 2491 χρίστου
2676 2418 2877 2491 δηλαδὴ
2930 2416 3227 2485 ἐπιδημίας
3274 2415 3415 2485 ὑπὲρ
3458 2412 3697 2483 Χριστοῦ
3747 2413 3979 2483 ὲναθλη-

2403 2512 2628 2575 σάντων,
2684 2510 2925 2580 τοσαύτῃ
2964 2507 3212 2577 ὠμότητι
3266 2505 3362 2558 καὶ
3410 2504 3677 2575 θηριωδίᾳ
3718 2504 3825 2557 ὑπὸ
3864 2504 3979 2555 τῶν

2396 2603 2695 2674 τηνικαῦτα
2726 2603 2803 2672 τῷ
2856 2601 2955 2670 βίῳ
2984 2596 3493 2669 ἐμπολιτευομένων
3535 2595 3828 2665 ὑπουργῶν
3875 2594 3976 2647 τοῦ

2411 2696 2774 2765 Ἀντιχρίστου
2823 2692 3256 2764 παραδοθέντων,
3289 2690 3427 2742 ὥστε
3458 2688 3555 2742 καὶ
3600 2688 3823 2749 αὐτοὺς.
3866 2687 3977 2740 κᾶν

2399 2794 2445 2846 εί
2473 2793 2820 2862 θεομιμήτως
2845 2788 3158 2860 προείλοντο
3180 2785 3303 2857 ζῇν,
3333 2786 3430 2838 ἀλλ
3477 2780 3571 2838 οὖν
3595 2784 3683 2837 διὰ
3708 2786 3768 2837 τὸ
3798 2786 3971 2852 ὑπερο

2395 2884 2429 2935 6
2438 2881 2591 2936 ἄλλον
2615 2882 2723 2934 τῶν
2752 2879 3052 2933 κακώσεων
3072 2876 3426 2946 ἐκνικηθῆναι
3450 2876 3620 2928 ταῦτα
3647 2874 3967 2943 προφέρειν.

2394 2973 2714 3043 Εἰρήκαμεν
2770 2971 2827 3024 δὲ
2876 2972 3108 3037 γυναῖκα
3165 2968 3254 3021 τὸν
3310 2968 3403 3019 ἐπὶ
3442 2965 3533 3019 τοῦ
3595 2965 3969 3034 Ἀντιχρίστου

2399 3064 2609 3135 καιρὸν,
2648 3062 2707 3114 οὺ
2761 3062 2913 3113 πόλιν
2960 3060 3081 3113 τινά
3114 3058 3421 3127 σημαίνειν,
3457 3058 3550 3109 καὶ
3607 3056 3864 3126 ποτήριον
3911 3055 3970 3107 δὲ

714 3139 768 3189 in
798 3137 901 3190 vita
938 3140 1298 3195 versabuntur
1331 3160 1344 3196 :
1380 3144 1472 3212 qui
1498 3144 1564 3199 de
1599 3144 1814 3201 Satanae
1841 3160 2120 3219 potentatu
2172 3155 2285 3224 glo-
2316 3172 2360 3231 ο

2316 3172 2360 3231 ο
2395 3153 2493 3222 τὴν
2538 3150 2858 3223 προαίρεσιν
2888 3149 2997 3202 τῶν
3040 3147 3550 3219 ἑμπολιτευομένων
3586 3146 3665 3215 τῷ
3691 3147 3812 3198 τότε
3846 3145 3966 3214 βίῳ,

715 3231 1398 3303 riantes,iucomparahili
1460 3248 1857 3296 tormentorum
1920 3244 2291 3315 magnitudine

2289 3275 2291 3297 ;
2394 3244 2445 3297 οἳ
2471 3244 2536 3313 τῇ
2566 3241 2855 3309 δυναστείᾳ
2884 3237 2977 3292 τοῦ
3009 3238 3224 3291 Σατανᾶ
3252 3236 3611 3305 γαυριῶντες,
3649 3235 3875 3304 ἀμέτρῳ
3902 3237 3968 3304 τῇ

713 3323 977 3377 adversus
1009 3323 1110 3377 sibi
1144 3338 1509 3395 repugnantes
1535 3339 1793 3387 utentur:
1829 3337 2287 3404 quemadmodum

716 3411 880 3481 igitur
903 3412 1051 3479 fecit,
1077 3415 1327 3469 reddetur
1356 3418 1479 3487 ipsi.

786 3502 1010 3557 Reddite
1072 3506 1154 3558 illi
1206 3508 1448 3575 duplum.
1489 3510 1607 3565 Non
1663 3512 1885 3583 duplum
1930 3519 2147 3587 proprie
2175 3521 2292 3575 vult

713 3598 803 3652 hic
866 3598 1093 3683 intelligi
1150 3599 1525 3670 duplicatum:
1583 3604 1679 3658 sed
1732 3608 1878 3675 quod
1929 3609 2195 3680 benignus
2226 3628 2289 3667 ac

715 3690 893 3744 bonus
927 3689 1090 3751 DEIIS,
1121 3708 1244 3745 cum
1275 3693 1430 3761 punit
1466 3695 1629 3749 etiam
1666 3696 1806 3751 infra
1833 3698 1884 3752 id
1916 3701 2060 3769 quod
2078 3703 2286 3772 justqu

712 3791 816 3845 est.
850 3782 1074 3850 duplum
1099 3798 1158 3837 se
1199 3783 1507 3839 reddidisse
1533 3786 1681 3840 ducit
1705 3788 1795 3841 ubi
1828 3791 1911 3844 vel
1939 3801 2143 3859 partem
2168 3794 2289 3847 red-

712 3873 911 3928 diderit
942 3892 955 3927 :
983 3891 1081 3930 nec
1118 3875 1297 3930 solum
1330 3877 1576 3947 duplum,
1609 3879 1703 3934 sed
1721 3891 1775 3935 et
1797 3884 2104 3951 septuplum
2142 3903 2156 3937 :
2185 3886 2288 3938 nisi

714 3967 966 4021 lortassis
1002 3968 1051 4020 id
1105 3968 1529 4023 existimandum
1572 3979 1656 4024 est
1708 3972 1808 4027 has
1858 3989 1964 4026 non
2018 3990 2141 4029 esse
2191 3975 2286 4030 Dei

624 4054 625 4057 “
715 4061 914 4113 minas.
954 4060 1239 4125 Qiimnodo
1298 4062 1443 4115 enim
1485 4064 1532 4118 is
1581 4064 1673 4134 qui
1720 4064 1873 4129 dicit,
1912 4084 1930 4116 ι
1982 4064 2099 4122 Non
2151 4069 2287 4123 ulci-

712 4150 990 4204 sceturbis
1024 4150 1163 4203 Deus
1195 4165 1360 4220 super
1392 4150 1579 4205 eadem
1633 4166 1692 4205 re
1730 4151 1829 4217 ",i
1864 4169 2008 4208 nunc
2042 4155 2093 4207 in
2122 4153 2289 4223 duplo

712 4258 777 4295 ac
802 4244 1051 4312 septuplo
1075 4243 1148 4296 ait
1171 4242 1349 4311 ipsum
1384 4243 1611 4298 ulcisci?
1632 4241 1905 4299 Fortassis
1947 4245 2112 4315 igitur
2154 4247 2287 4302 nihil

710 4333 1009 4387 absurdum
1054 4333 1235 4397 fuerit,
1264 4333 1308 4387 si
1340 4334 1641 4402 accipiatur
1666 4333 1975 4405 signiﬁcare
2000 4353 2104 4391 non
2132 4337 2286 4408 juxta

711 4426 1052 4495 dignitatem,
1079 4426 1174 4479 sed
1209 4426 1522 4495 longeiul‘ra
1554 4442 1889 4482 mensuram.

774 4518 1043 4580 Quantum
1064 4517 1447 4586 gloriﬁcatitse
1459 4527 1506 4570 et
1521 4519 1771 4571 lasciviit.
1788 4518 2279 4587 Quemadmodum,
2312 4501 2365 4561 Ῑ)

711 4608 921 4677 inquit,
980 4617 1034 4661 et
1089 4609 1387 4678 gloriﬁcata
1430 4618 1484 4663 et
1539 4609 1592 4662 in
1637 4612 1890 4679 praesenti
1924 4613 2033 4667 vita
2070 4614 2282 4669 deliciis

710 4701 980 4765 dilllucns,
1020 4717 1126 4755 non
1161 4700 1641 4770 adimplevitquod
1682 4703 2005 4770 praeviderat
2032 4719 2154 4759 esse
2195 4706 2282 4760 di-

712 4794 849 4845 vina:
872 4792 1189 4858 voluntatis,
1217 4796 1289 4847 ita
1331 4792 1563 4848 reddite.
1606 4792 1747 4848 Dicit
1782 4796 1925 4849 enim
1959 4815 1972 4850 :
2031 4796 2145 4851 Non
2181 4800 2285 4868 pri-

710 4885 877 4938 rabor
904 4900 1089 4952 regno.

784 4976 851 5030 lu
878 4976 1033 5031 corde
1049 4993 1166 5030 suo.
1192 4976 1299 5030 Cor
1328 4978 1562 5047 appellat
1595 4978 1939 5032 durationem
1963 4994 2152 5033 eorum
2189 4980 2281 5049 qui

715 5081 841 5124 tunc
874 5070 1037 5124 vitam
1059 5070 1429 5139 complebunt,
1467 5086 1604 5140 quos
1633 5071 1799 5125 etiam
1826 5071 1979 5125 tinxit
2010 5086 2134 5126 cum
2168 5088 2286 5126 mu-

713 5164 844 5235 liere
874 5162 1203 5215 adulterium
1241 5172 1478 5230 patrare.

778 5248 1066 5314 Propterea
1115 5266 1217 5302 uno
1254 5249 1338 5302 die
1384 5251 1586 5303 venient
1646 5254 1818 5319 plaga:
1850 5250 1987 5317 ejus.
2031 5250 2130 5304 Per
2180 5250 2281 5304 hoc

708 5343 851 5411 quod
883 5342 1033 5401 dicit.
1074 5356 1181 5393 uno
1211 5342 1315 5407 die,
1354 5341 1782 5410 inexspectatum
1814 5356 1877 5395 ac
1935 5343 2273 5409 repentinum

711 5445 922 5502 tempus
975 5433 1245 5501 signiﬁcat
1282 5450 1390 5502 quo
1425 5434 1537 5488 haec
1593 5434 1931 5503 contingent.
1980 5433 2274 5503 Postquam

706 5526 852 5578 enim
882 5525 1082 5578 inimici
1110 5526 1281 5594 ipsius
1308 5524 1643 5580 obtinuerint
1672 5526 1851 5590 illam,
1901 5535 2157 5594 poterunt
2197 5526 2276 5580 νει

708 5618 871 5673 unico
898 5617 985 5671 die
1012 5634 1170 5673 OltlllC
1202 5618 1529 5689 supplicium
1563 5619 1616 5674 in
1672 5634 1791 5675 cum
1837 5620 2094 5675 inducere
2155 5634 2277 5689 qua:

771 5798 810 5831 ’9
845 5797 1016 5852 Nauali
1045 5813 1057 5851 ι
1083 5837 1095 5859 ,
1128 5797 1207 5851 1‘2.

2391 3334 2499 3386 τῶν
2548 3331 2738 3385 δεινῶν
2783 3329 3007 3401 εὐθηνίᾳ
3046 3327 3187 3381 κατά
3220 3327 3329 3381 τῶν
3378 3325 3771 3394 ἀντικειμένων
3838 3341 3974 3378 κατ-

2392 3428 2709 3495 εχρήσαντο.
2743 3421 2937 3483 Καθὼς
2961 3417 3053 3474 οῦν
3077 3419 3349 3489 ἐποίησεν,
3382 3416 3698 3487 ἀποδοθήτω
3725 3417 3885 3487 αὐτῇ.

2477 3515 2747 3569 Ἀπόδοτε
2778 3513 2931 3582 αὐτῇ
2978 3512 3257 3566 διπλοῦν.
3314 3511 3388 3563 Οὐ
3428 3510 3488 3563 τὸ
3529 3510 3811 3563 διπλάσιον
3843 3509 3971 3579 βοῦ-

2392 3608 2542 3661 λεται
2575 3607 2635 3659 τὸ
2669 3605 2911 3668 διπλοῦν,
2947 3602 3063 3657 ἀλλ’
3107 3604 3189 3657 ὅτι
3242 3601 3624 3671 φιλάνθρωπος
3652 3599 3728 3652 ὣν
3756 3602 3786 3653 ὁ
3833 3601 3971 3664 Θεδς

2394 3697 2487 3750 καλ⁸
2515 3696 2717 3766 ἀγαθὸς
2759 3695 2855 3748 καὶ
2888 3693 3021 3747 πολὺ
3059 3692 3481 3761 καταδεέστερον
3509 3690 3771 3756 κολάζων,
3802 3690 3969 3744 διπλᾶ

2390 3789 2561 3843 οἴεται
2589 3787 2988 3843 ἀποδεδωκέναι
3038 3785 3133 3838 καὶ
3162 3786 3290 3838 ὅταν
3328 3784 3492 3854 μέρος
3520 3784 3725 3853 ἀποδῷ,
3766 3785 3863 3837 καὶ⁵
3903 3786 3967 3836 οὐ

2393 3882 2552 3950 μόνον
2579 3880 2761 3944 διπλᾶ,
2797 3878 2932 3931 ἀλλὰ
2966 3878 3060 3931 καὶ
3090 3875 3457 3937 έπταπλάσια,
3492 3877 3539 3928 εί
3572 3876 3646 3945 μή
3674 3893 3777 3928 που
3806 3875 3971 3929 τοῦτο

2391 3974 2602 4042 οίητέον
2644 3974 2719 4035 ὡς
2772 3970 2833 4024 οῦ
2889 3969 3026 4023 Θεοῦ
3068 3968 3321 4038 ἀπειλῆς.
3379 3969 3501 4030 Πῶς
3532 3969 3640 4037 γὰρ
3685 3968 3714 4019 δ
3763 3968 3965 4034 λέγων,

2396 4084 2413 4115 ι
2455 4068 2569 4119 Οὐκ
2599 4061 3097 4135 ὲκδικήσειΚῦριος
3126 4060 3205 4123 δὶς
3234 4062 3326 4113 ἐπὶ
3344 4061 3403 4113 τὸ
3427 4061 3579 4122 αὐτὸ,
3615 4078 3633 4110 ι
3661 4058 3754 4111 νῦν
3777 4060 3969 4113 διπλά-

2392 4172 2480 4208 σια
2511 4155 2608 4207 καὶ
2666 4152 3012 4206 ἑπταπλασιά
3068 4168 3232 4221 φησιν
3266 4150 3531 4214 ὲκδικεῖν;
3564 4150 3625 4203 Εἰ
3660 4149 3753 4203 οῦν
3783 4151 3845 4202 τὸ
3888 4150 3969 4202 διο

2389 4245 2559 4299 πλοῦν
2588 4245 2682 4298 καὶ
2728 4245 2867 4297 ἑπτα
2880 4242 3099 4296 πλάσιον
3127 4242 3188 4294 οὐ
3226 4241 3287 4294 τὸ
3337 4242 3457 4294 κατ’
3484 4240 3644 4305 ἀξίαν
3676 4241 3969 4310 σημαίνειν

2390 4337 2768 4407 ὑποληπτέον,
2817 4335 2953 4390 ἀλλὰ
3004 4334 3065 4386 τὸ
3116 4332 3502 4404 μετριώτερον,
3571 4333 3701 4394 ἴσως
3758 4332 3966 4384 ἄτοπον

2390 4430 2566 4483 οὐδέν.

2464 4522 2621 4574 Ὅσα
2641 4518 2934 4583 ἐδόξασεν
2952 4518 3199 4584 ἑαυτὴν,
3224 4516 3320 4571 καί
3334 4517 3715 4585 ἐστρηνίασε.
3740 4518 3965 4582 Καθὼς,

2392 4612 2550 4681 φησι,
2596 4609 2915 4676 δοξασθεϊσα
2944 4610 3037 4662 καὶ
3068 4609 3604 4678 κατασπαταλήσασα
3634 4608 3728 4662 τοῦ
3765 4610 3969 4681 παρόν-

2391 4720 2481 4765 τος
2511 4703 2649 4772 βίου,
2699 4701 2957 4772 πρόνοιαν
2986 4700 3045 4753 οὺ
3074 4698 3371 4770 πεποίηται
3408 4698 3501 4752 τοῦ
3532 4699 3678 4752 θείου
3717 4699 3964 4770 θελήμα-

2391 4811 2502 4857 τος,
2529 4792 2701 4855 οὕτως
2724 4793 2951 4845 ἀπόδοτε
2981 4792 3141 4862 αὐτῇ.
3164 4791 3325 4858 Λέγει
3346 4791 3475 4861 γάρ·
3505 4792 3620 4845 Οὐκ
3642 4791 3839 4861 ισομαι
3868 4792 3963 4845 τοῦ

2394 4884 2699 4953 βασιλεύειν
2724 4883 3083 4953 ἑστερημένη.

2471 4980 2575 5033 Ἐν
2620 4978 2694 5047 τῇ
2746 4978 2957 5045 καρδίᾳ
3014 4976 3227 5047 αὐτῆς.
3281 4976 3557 5047 Καρδίαν,
3610 4975 3671 5028 τὸ
3724 4974 3965 5045 ἕμμονόν

2386 5086 2522 5139 φησι
2556 5069 2665 5123 τῶν
2699 5068 2822 5121 τότε
2846 5068 2936 5121 τὸν
2962 5068 3075 5137 βίον
3107 5068 3598 5138 συμπληρούντων,
3631 5066 3724 5130 οὓς
3754 5068 3854 5121 καὶ
3886 5070 3965 5132 είς

2383 5163 2617 5228 γυναῖκα
2648 5158 3013 5229 ἐμυθοποίησε
3049 5160 3363 5230 μαχλῶσαν.

2452 5253 2557 5304 Διὰ
2609 5251 2782 5305 τοῦτο
2825 5252 2894 5304 ἐν
2932 5249 3039 5319 μιᾷ
3084 5251 3273 5319 ἡμέρᾳ
3310 5249 3569 5316 ἥξουσιν
3619 5251 3680 5303 al
3732 5251 3961 5320 πληγαὶ

2384 5341 2595 5408 αὐτῆς.
2631 5343 2729 5395 Διά
2756 5342 2848 5396 τοῦ
2874 5343 3075 5410 λέγειν,
3112 5343 3242 5420 μίαν
3272 5341 3506 5412 ἡμέραν,
3534 5341 3595 5393 τὸ
3618 5342 3962 5411 ἀπροσδόκη-

2384 5450 2475 5489 τον
2504 5436 2598 5487 καὶ
2627 5435 2823 5505 ἀθρόον
2850 5435 3001 5505 δηλοί
3032 5434 3123 5487 τοῦ
3156 5433 3350 5503 καιροῦ
3383 5436 3439 5485 ἐν
3463 5426 3507 5499 ᾧ
3536 5431 3709 5485 ταῦτα
3741 5434 3956 5504 συμϐή-

2386 5545 2559 5582 σεται.
2602 5529 2753 5581 Μετὰ
2789 5528 2897 5598 γὰρ
2924 5527 2985 5580 τὸ
3028 5528 3315 5597 ἐγκρατεῖς
3344 5527 3515 5596 αὐτῆς
3544 5525 3803 5594 γενέσθαι
3829 5527 3954 5587 τοὺς

2386 5622 2611 5693 ἐχθροὺς
2639 5621 2860 5693 ἐξαρκεῖ
2902 5621 2995 5675 καὶ
3027 5620 3125 5691 μία
3148 5620 3331 5691 ἡμέρα
3362 5621 3543 5673 πᾶσαν
3588 5620 3816 5673 κόλασιν
3857 5621 3951 5671 ἑπ-
