4252 6436
281 391 387 456 729
1347 397 1728 457 COMMENT.
1775 400 1853 458 IN
1894 401 1960 459 AI

1844 400 1853 458 ί
1894 400 2422 467 APOCALYPSIN.
3416 413 3523 478 730

280 505 506 569 αγαγείν
538 506 602 572 τῇ
658 502 976 573 ἠττηθείσῃ,
1005 503 1230 556 δυνατοῦ
1278 504 1428 566 ὄντος
1487 503 1582 555 τοῦ
1639 506 1842 573 Κυρίου
1874 515 1915 568 Α
1948 530 1959 560 ι

1874 515 1915 568 Α
1948 510 2154 565 devicta
2205 511 2408 567 fuerit:
2449 530 2572 569 cum
2615 525 2808 584 potens
2855 515 2926 570 sit
2966 516 3226 570 Dominus
3264 521 3521 584 qut-mad—

279 595 471 663 ὥσπερ
504 596 612 655 τοῖς
657 593 1041 662 εὐαρεστοῦσιν
1076 593 1225 662 αὐτῴ
1260 595 1329 645 τὰ
1355 594 1577 666 θυμήρη
1621 597 1849 666 προσνέο
1953 617 1958 652 ι

1839 624 1849 636 -
1953 602 2170 654 modum
2202 618 2460 671 prospera
2494 605 2821 659 distribuere
2853 607 2938 660 his
2961 606 3054 675 qui
3084 608 3184 660 sibi
3217 608 3352 674 grati
3376 619 3518 671 sunt,

280 704 434 754 μειν,
468 685 612 738 οὕτω
661 686 753 737 καὶ
797 684 1045 748 κολάζειν
1077 685 1483 756 ἀνεπιστρόιρως
1540 688 1851 758 ὲξαμαρτὰ-
1951 692 1959 744 i

1594 688 1851 758 ζαμαρτὰ-
1951 692 2021 745 ita
2049 703 2102 746 et
2124 705 2439 763 peccatores
2460 695 2841 752 irremediabili
2869 697 3028 751 modo
3061 699 3273 766 punire.

276 794 490 838 νοντας.

346 866 456 919 Kal
504 867 846 920 κλαύσουσι
903 867 1000 919 καὶ
1055 867 1347 934 κόψονται
1401 867 1494 919 ἐπ’
1549 867 1742 934 αὐτὴν
1792 871 1847 922 οἱ
2017 870 2025 935 ε

1834 871 1847 922 ί
2017 869 2180 939 798
2211 870 2395 935 XVIII,
2428 870 2584 925 9-H.
2633 871 2700 924 Et
2731 873 2925 940 ﬂebunt
2972 881 3022 926 et
3061 873 3310 940 plangent
3366 887 3513 937 super

271 958 552 1022 βασιλεῖς
584 957 693 1024 τῆς
731 957 873 1025 γῆς,
919 961 976 1011 ol
999 959 1124 1026 μετ’
1162 957 1351 1025 αὐτῆς
1401 960 1846 1025 πορνεύσαντες
1945 976 1950 1007 ε

1840 981 1846 994 ι
1945 957 2093 1009 illaut
2126 974 2264 1026 reges
2297 970 2470 1020 terrm,
2505 960 2592 1026 qui
2632 976 2750 1011 cum
2782 961 2874 1012 illa
2910 963 3133 1014 scortati
3173 968 3294 1012 sunt
3340 969 3386 1010 ct
3435 960 3519 1010 la-

272 1048 371 1098 xal
406 1048 913 1113 στρηνιάσαντες,
969 1049 1115 1101 ὅταν
1153 1049 1430 1111 βλέπωσι
1469 1049 1577 1101 τὸν
1610 1052 1846 1102 καπνὸν
1942 1065 1951 1099 ι

1840 1067 1846 1080 ι
1942 1048 2243 1112 sciuierunt,
2275 1064 2393 1100 cum
2427 1049 2648 1102 viderint
2674 1050 2878 1117 fumant
2919 1051 3148 1104 incendii
3170 1051 3284 1117 ejus
3369 1050 3519 1116 longe

270 1138 384 1203 τῆς
417 1138 739 1205 πυρώσεως
787 1138 1008 1205 αὐτῆς,
1042 1139 1158 1191 ἀπὸ
1195 1141 1490 1206 μακρόθεν
1519 1139 1843 1206 ἑστηκότες
1941 1159 1949 1192 4

1835 1160 1843 1174 -
1941 1148 2139 1192 stantes
2156 1149 2368 1207 propter
2407 1141 2643 1194 timorem
2669 1142 2913 1194 tormenti
2944 1142 3075 1208 ejus,
3101 1143 3328 1194 dicentes
3354 1158 3371 1193 :
3407 1140 3514 1205 Vw,

269 1226 368 1279 διὰ
414 1228 520 1280 τόν
560 1230 748 1295 φόϐον
788 1229 894 1281 τοῦ
922 1229 1315 1297 βασανισμοῦ
1355 1228 1579 1295 αὐτῆς,
1626 1229 1839 1298 λέγον·
1941 1247 1948 1282 1

1835 1260 1839 1271 ι
1941 1247 2035 1296 tite,
2067 1232 2252 1284 civitas
2281 1231 2375 1284 illa
2410 1250 2603 1302 magna
2651 1231 2888 1301 Babylon
2917 1272 2931 1295 ,
2976 1234 3160 1285 civitas
3193 1233 3286 1285 illa
3340 1233 3514 1299 fortis,

268 1334 369 1382 τες
391 1334 404 1347 ·
452 1320 618 1383 Οὐαὶ,
650 1320 805 1384 οὐαὶ,
839 1321 876 1386 ἡ
920 1321 1095 1385 πόλις
1122 1320 1159 1384 ἠ
1193 1319 1425 1386 μεγάλη
1461 1320 1767 1382 Βαϐυλὼν,
1800 1322 1836 1388 ἠ
1937 1343 1947 1374 4

1834 1344 1836 1366 ι
1937 1324 2186 1391 quoniam
2213 1339 2316 1375 una
2337 1323 2464 1377 liora
2495 1327 2626 1378 venit
2661 1326 2924 1392 judicium
2967 1335 3134 1378 tuum.
3179 1325 3246 1378 Et
3277 1327 3513 1392 negotia-

268 1411 448 1472 πόλις
490 1409 528 1473 ἡ
579 1411 815 1476 ισχυρὰ,
857 1408 941 1461 ὅτι
969 1410 1039 1460 ἐν
1076 1406 1183 1475 μιᾷ
1207 1407 1324 1474 ὥρᾳ
1351 1403 1538 1476 ἦλθεν
1570 1410 1607 1476 ἡ
1638 1411 1838 1478 κρίσις
1937 1425 1947 1465 4

1834 1432 1838 1444 ι
1937 1425 2074 1467 tores
2104 1425 2258 1467 terra:
2289 1415 2484 1483 ﬂebunt
2513 1432 2574 1467 ac
2624 1417 2868 1484 lugebant
2904 1433 3059 1481 super
3080 1417 3174 1468 illa
3208 1433 3225 1469 :
3267 1417 3513 1484 quoniam

265 1513 402 1550 σου.
443 1498 555 1550 Καὶ
612 1500 666 1551 οι
726 1499 970 1566 ἔμποροι
1023 1497 1132 1565 τῆς
1179 1497 1290 1567 γῆς
1344 1498 1683 1550 κλαύσουσι
1737 1500 1834 1551 καὶ
1935 1524 1944 1556 4

1935 1521 2066 1556 onus
2089 1520 2268 1556 eorum
2309 1521 2455 1557 nemo
2489 1515 2618 1557 emet
2649 1508 2916 1572 amplius:
2948 1523 3048 1558 non
3067 1506 3186 1573 jam
3231 1522 3363 1557 onus
3396 1507 3514 1556 auri

266 1590 682 1649 κεν-θήσουσιν
713 1591 804 1642 ἐπ’
856 1588 1049 1655 αὐτῇ,
1103 1588 1193 1641 ὅτι
1248 1589 1354 1641 τὸν
1403 1589 1588 1656 γόμον
1636 1587 1837 1641 αὐτῶν
1933 1613 1945 1646 4

1830 1605 1837 1620 ’
1933 1603 1981 1646 et
2013 1594 2240 1659 argenti.
2270 1603 2318 1647 et
2349 1595 2544 1662 lapidis
2571 1596 2788 1660 pretiosi
2819 1605 2866 1646 et
2910 1598 3214 1663 margaritte
3234 1635 3247 1658 ,
3281 1605 3329 1648 et
3369 1597 3509 1664 byssi

265 1681 465 1746 οὐδεὶς
507 1681 788 1749 ἀγοράσει
820 1682 929 1736 ἔτι.
977 1680 1187 1733 Οὐκέτι
1242 1682 1429 1749 γόμον
1471 1680 1705 1748 χρυσοῦ
1735 1682 1833 1734 καὶ
1931 1701 1944 1735 ι

1830 1720 1833 1729 ι
1931 1692 1982 1735 et
2008 1698 2254 1750 purpura:
2277 1692 2326 1735 et
2349 1684 2503 1757 serici
2525 1695 2574 1736 et
2608 1686 2768 1746 cocci,
2789 1693 2836 1735 et
2858 1700 3009 1737 omne
3025 1686 3222 1751 lignum
3252 1685 3509 1752 tlryinum,

264 1769 543 1835 ἀργύρου,
587 1769 685 1822 καὶ
718 1770 894 1824 λίθου
927 1769 1120 1838 τιμίου
1173 1768 1270 1821 καὶ
1301 1769 1686 1837 μαργαρίτου,
1732 1771 1830 1822 καὶ
1868 1842 1888 1843 7
1930 1792 1943 1827 ε

1868 1842 1888 1843 7
1930 1783 1982 1827 et
2011 1790 2159 1826 onme
2189 1790 2277 1826 vas
2305 1779 2611 1837 eburneum,
2648 1785 2697 1828 et
2741 1792 2892 1830 omne
2926 1792 3015 1828 vas
3050 1775 3114 1829 de
3137 1776 3274 1843 ligno
3316 1777 3512 1843 pretio-

264 1861 592 1924 βυσσίνου,
624 1860 722 1913 xul
758 1859 1086 1928 πορφυροῦ,
1119 1859 1218 1912 καὶ
1253 1860 1529 1926 σηρικοῦ,
1565 1859 1664 1912 xal
1695 1877 1828 1914 κοκ-
1863 1842 1943 1918 Bt

1863 1842 1904 1895 Β
1929 1867 2138 1920 sissimo
2169 1877 2216 1919 et
2246 1882 2347 1920 tere
2379 1877 2427 1920 et
2460 1867 2600 1933 ferro
2641 1877 2688 1918 et
2730 1883 3023 1931 marmore,
3065 1877 3115 1921 et
3157 1868 3509 1919 cinamomum

263 1951 456 2013 κίνου,
504 1952 601 2004 καὶ
641 1951 763 2005 πᾶν
794 1951 984 2014 ξύλον
1025 1952 1269 2012 θύινον,
1302 1952 1399 2003 καὶ
1435 1950 1557 2006 πᾶν
1609 1951 1831 2018 σκεῦος
1927 1971 1942 2007 ι

1828 1975 1831 1986 ·
1927 1963 1976 2007 et
2028 1955 2372 2008 odoramenta
2415 1965 2463 2006 et
2517 1966 2835 2022 unguentum
2885 1956 3107 2017 etthus,
3146 1965 3194 2008 et
3245 1955 3415 2007 oleum
3460 1964 3507 2006 et

261 2039 680 2106 ἐλεφάντινον,
729 2040 825 2093 καὶ
870 2040 993 2093 πᾶν
1031 2041 1246 2104 σκεῦος
1299 2041 1367 2093 ἐκ
1402 2040 1594 2103 ξύλου
1636 2058 1829 2110 τιμιω⁸

259 2127 459 2189 τάτου,
491 2129 588 2182 xal
618 2130 868 2196 χαλκοῦ,
901 2130 997 2182 καὶ
1040 2130 1315 2198 σιδήρου,
1364 2132 1458 2184 xal
1493 2132 1826 2201 μαρμάρου,

259 2221 352 2272 καὶ
392 2220 750 2288 κινάμωμον,
788 2221 887 2274 καὶ
942 2221 1293 2290 θυμιάματα,
1328 2222 1425 2275 καὶ
1469 2224 1684 2292 μῦρον,
1730 2225 1829 2279 καὶ

257 2312 525 2376 λίϐανον,
568 2312 666 2364 καὶ
708 2312 932 2376 ἔλαιον,
972 2313 1071 2366 καὶ
1115 2309 1302 2378 οἶνον,
1339 2316 1436 2367 xal
1481 2315 1816 2382 σεμίδαλιν,

255 2402 348 2453 καὶ
377 2400 567 2463 σῖτον,
643 2403 740 2456 καὶ
763 2407 1055 2471 πρόϐατα,
1086 2406 1182 2458 καὶ
1221 2405 1446 2473 κτήνη,
1483 2405 1582 2458 καὶ
1623 2407 1820 2458 ἵππων

1927 2046 2103 2099 vinum
2138 2054 2188 2097 et
2215 2045 2445 2096 similam
2478 2054 2526 2097 et
2558 2046 2814 2109 triticum,
2838 2056 2886 2098 et
2911 2062 3026 2099 oves
3057 2056 3106 2098 et
3143 2046 3404 2111 jumenta.
3457 2055 3508 2096 et

1924 2151 2175 2204 equorum
2187 2147 2234 2188 et
2252 2137 2530 2189 rltedarum
2548 2145 2596 2188 et
2610 2153 2910 2203 corporum,
2927 2147 2975 2190 et
2993 2137 3198 2188 animas
3217 2136 3504 2188 hominum.

1928 2225 1996 2278 Et
2020 2237 2218 2295 tempus
2237 2227 2484 2280 desiderii
2507 2228 2699 2280 animle
2723 2237 2826 2278 tua:
2851 2227 3062 2278 recessit
3089 2243 3119 2276 a
3162 2234 3229 2287 te,
3258 2234 3306 2276 et
3331 2224 3508 2274 omnia

1925 2318 2142 2386 pinguia
2180 2328 2230 2370 et
2267 2317 2526 2384 pr'wclara
2565 2320 2831 2386 perierunt
2871 2333 2902 2369 a
2935 2325 2981 2370 te
3007 2357 3020 2380 ,
3059 2324 3107 2369 et
3153 2314 3379 2382 amplius
3413 2313 3508 2364 illa

1926 2423 2250 2476 nequaquam
2282 2407 2530 2461 invenies.

255 2493 348 2544 kal
374 2493 599 2560 ῥαιδῶν
626 2495 721 2547 καὶ
753 2496 1060 2562 σωμάτων,
1093 2498 1189 2550 καὶ
1263 2497 1468 2566 ψυχὰς
1507 2497 1850 2564 ἀνθρώπων.
1925 2499 2033 2551 Kal
2083 2498 2121 2563 ἡ
2188 2498 2389 2564 ὀπώρα
2448 2496 2556 2565 τῆς
2599 2498 2918 2568 ἐπιθυμίας
2965 2497 3075 2564 τῆς
3136 2493 3341 2564 ψυχῆς
3391 2509 3508 2546 σου

253 2583 528 2651 ἀπῆλθεν
558 2586 676 2639 άπὸ
718 2586 852 2640 σοῦ.
890 2588 997 2640 Kal
1034 2588 1230 2642 πάντα
1293 2589 1365 2642 τὰ
1424 2592 1648 2657 λιπαρὰ
1681 2589 1781 2642 καὶ
1826 2590 1899 2643 τὰ
1935 2593 2177 2658 λαμπρὰ
2245 2590 2512 2644 ἀπώλετο
2562 2591 2680 2644 ἀπὸ
2733 2591 2883 2653 σοῦ,
2934 2591 3032 2643 καὶ
3065 2588 3262 2642 οὐκέτι
3310 2588 3383 2639 οὐ
3418 2582 3506 2652 μὴ

252 2675 432 2743 εὕρῃς
464 2679 635 2731 αὐτά.

331 2770 610 2838 Ἐπιμένει
669 2774 736 2842 τῇ
803 2773 1130 2846 τροπολογίᾳ
1193 2773 1268 2838 ὡς
1334 2775 1815 2844 ἐκφαντικωτέραν

255 2860 501 2928 γενέσθαι
541 2861 649 2914 ἀπὺ
698 2863 797 2931 τῆς
827 2867 1090 2934 πορνικῆς
1118 2865 1462 2932 ἀκαθαρσίας
1502 2865 1603 2935 τὴν
1632 2866 1814 2935 πλημ-

249 2951 491 3019 μέλειαν.
530 2951 670 3014 Τοὺς
727 2953 986 3023 δαίμονας
1038 2954 1095 3006 δὲ
1145 2952 1287 3008 εἶναι
1337 2954 1559 3018 τούτους
1606 2955 1816 3024 ἔφαμεν

249 3043 343 3092 καὶ
383 3040 654 3109 μακρόθεν
696 3043 1012 3111 ἑστηκότας.
1047 3045 1212 3096 Αὐτοὶ
1253 3045 1361 3114 γὰρ
1421 3045 1515 3098 ἆτε
1550 3046 1687 3107 νόες,
1724 3046 1820 3097 καὶ

1993 2771 2049 2824 In
2079 2769 2268 2824 eadem
2295 2778 2579 2838 permanet
2606 2767 2925 2836 tropologia,
2954 2774 3012 2818 ut
3039 2767 3388 2823 manifestius
3413 2771 3507 2829 fiat

1922 2861 2180 2915 delictum
2228 2861 2548 2914 meretricia
2578 2858 2952 2927 impudicitiae.
2983 2856 3091 2912 Hos
3134 2868 3316 2913 autem
3349 2861 3497 2914 dixi-

1925 2965 2042 3002 mus
2068 2965 2189 3003 esse
2225 2951 2500 3002 dmmoues
2536 2950 2700 3002 etiam
2749 2949 2907 3017 longe
2950 2956 3182 3005 stantes.
3210 2948 3343 3004 Nam
3397 2953 3501 3020 ipsi

1926 3050 2186 3111 tauquam
2252 3043 2541 3096 abstraetzn
2600 3042 3001 3110 intelligentiae,
3073 3044 3280 3097 exitum
3336 3045 3500 3098 etiam

247 3130 354 3200 πρὸ
383 3134 481 3199 τῆς
533 3131 728 3199 πείρας
761 3132 859 3202 τὴν
905 3134 1180 3188 διὲκϐασιν
1209 3135 1409 3188 ειδέναι
1447 3130 1551 3188 οἷοί
1583 3136 1642 3189 τέ
1687 3137 1817 3199 εἱσι,
1848 3144 1888 3200 c

1848 3144 1888 3200 ς
1929 3132 2248 3200 priusquam
2283 3132 2374 3185 fiat
2411 3132 2712 3200 intelligere
2763 3141 3026 3200 possunt,
3077 3143 3132 3187 et
3184 3147 3441 3204 tanquam
3470 3151 3500 3190 ι

247 3222 341 3273 καὶ
365 3221 441 3284 ὡς
469 3221 576 3274 ἀπὸ
606 3224 814 3276 καπνοῦ
845 3224 939 3277 τοῦ
979 3227 1150 3295 πυρὸς
1181 3227 1279 3296 τὴν
1312 3227 1610 3280 ὑπόστασιν
1641 3229 1815 3281 συνιέ-

249 3330 352 3366 ναι.
380 3313 454 3366 Τὸ
482 3314 565 3367 δέ’
595 3313 760 3379 Οὐαί,
795 3315 1067 3385 θρηνῶδες
1089 3321 1236 3370 ἐστιν
1259 3319 1600 3389 ἐπίφθεγμα,
1625 3320 1814 3382 είωθδς

246 3405 337 3456 ἐπὶ
382 3407 687 3474 συμφοραῖς
721 3407 1144 3475 ἐνεργουμέναις
1177 3409 1561 3474 ἐκφωνεῖσθαι.
1594 3410 1686 3462 Διὸ
1719 3410 1813 3464 καὶ¹

245 3494 339 3548 νῦν
368 3497 598 3561 μάλιστα
631 3496 708 3564 τῷ
744 3498 1072 3566 παγκοσμίῳ
1097 3499 1191 3552 καὶ
1232 3499 1417 3568 ἁθρόῳ
1446 3503 1813 3570 συμπτώματι

244 3587 747 3656 μετακεχείρισται.
795 3587 1041 3657 Ἰσχυρὰν
1067 3589 1121 3640 δὲ
1149 3589 1302 3641 πόλιν
1343 3591 1514 3660 αὑτήν
1547 3607 1708 3657 φησιν
1739 3592 1814 3654 ὡς

243 3677 302 3742 ἐξ
330 3678 560 3744 ἀπείρου
606 3679 791 3748 σχεδον
831 3679 1022 3749 χρόνου
1070 3680 1130 3732 τὸ
1161 3677 1293 3733 εἶναι
1335 3682 1694 3735 διαλαϐοῦσαν
1734 3685 1812 3745 είς

242 3767 608 3837 ἀδιάῤῥηκτον
637 3768 931 3838 σύνδεσμον
965 3771 1058 3824 καὶ
1104 3769 1301 3823 οὔποτε
1350 3771 1673 3826 ἐλπισθέντα
1700 3773 1813 3824 δια-

243 3858 489 3928 λυθῆναι.

312 4036 422 4092 Kal
457 4039 513 4091 ol
560 4039 801 4106 ἔμποροι
831 4035 938 4102 τῆς
967 4035 1079 4105 γῆς
1113 4038 1473 4090 κλαύσουσι.
1531 4035 1811 4090 Ἐντεῦθεν

241 4129 692 4199 ἀπαραγράπτως
736 4128 1035 4199 ἐκληπτέον
1083 4127 1152 4180 τὰ
1199 4127 1692 4197 χρησμῳδούμενα,
1747 4129 1808 4180 οὐ

242 4223 372 4289 περὶ
423 4220 761 4284 Βαϐυλῶνος,
797 4222 857 4273 οὐ
912 4219 1130 4288 Ῥώμης
1175 4220 1276 4286 τῆς
1309 4220 1564 4282 παλαιᾶς,
1614 4220 1675 4272 οὐ
1711 4220 1809 4287 τῆς

243 4311 390 4376 νέας,
419 4312 518 4363 οὐκ
561 4311 727 4380 ἄλλης
754 4311 898 4372 τινὸς
929 4312 1054 4378 μιᾶς
1090 4311 1317 4374 πόλεως,
1366 4311 1502 4363 ἀλλὰ
1533 4310 1626 4362 τοῦ
1667 4311 1806 4379 σύμ-

243 4417 444 4461 παντος
471 4399 661 4452 τούτου
693 4398 935 4469 φθαρτοῦ
969 4399 1200 4467 κόσμου,
1230 4399 1351 4452 καθ’
1371 4398 1428 4451 ὃν
1453 4401 1503 4451 οἱ
1538 4401 1604 4453 τὰ
1636 4402 1804 4470 πρόσ-

1923 3221 2074 3276 fumo
2107 3223 2380 3290 cognitam
2406 3223 2606 3277 habere
2633 3222 2774 3291 ignis
2805 3223 3190 3278 substantiam.
3220 3225 3373 3290 Quod
3402 3242 3502 3278 au-

1923 3319 2026 3363 tem
2079 3311 2155 3363 ait
2193 3331 2206 3362 :
2241 3309 2351 3372 Vm,
2405 3310 2765 3364 lamentabilis
2796 3318 2880 3364 est
2915 3312 3244 3366 exclamatio
3273 3330 3381 3382 qua
3416 3331 3504 3368 so-

1921 3402 2035 3456 lent
2067 3402 2375 3457 exclamare
2413 3402 2467 3454 in
2506 3403 3020 3471 supervenientibus
3055 3405 3495 3460 calamitatibus:

1920 3491 2042 3546 ideo
2073 3508 2295 3561 quoque
2324 3506 2468 3546 nunc
2503 3494 2739 3546 maxime
2773 3493 2826 3546 in
2874 3494 3112 3562 generali
3137 3503 3191 3548 et
3219 3497 3501 3550 cumulato

1922 3585 2316 3653 repentinoque
2341 3599 2472 3637 casu
2510 3599 2573 3636 ac
2602 3583 2921 3638 infelicitate
2957 3586 3023 3638 ad
3067 3601 3222 3639 nsum
3261 3587 3495 3641 deducta

1919 3686 2020 3730 est.
2061 3675 2280 3730 Fortem
2308 3690 2436 3728 vero
2465 3675 2734 3728 civitatem
2783 3677 2916 3729 dicit
2949 3678 3120 3744 ipsam
3143 3719 3158 3742 ,
3188 3687 3243 3731 ut
3268 3695 3390 3747 qua:
3430 3681 3498 3733 ab

1920 3767 2128 3820 infinito
2145 3767 2532 3835 propemodum
2556 3776 2797 3835 tempore
2831 3767 3144 3820 firmitatem
3175 3770 3496 3838 accepisset,

1918 3872 2040 3925 quae
2075 3858 2354 3911 videretur
2380 3873 2486 3909 non
2521 3873 2682 3925 posse
2711 3859 2971 3928 dirumpi,
3008 3873 3184 3928 neque
3217 3861 3498 3916 timeretur

1919 3967 2159 4020 unquam
2192 3950 2562 4005 dissolveuda.

1987 4040 2057 4093 Et
2096 4042 2447 4109 negotiatores
2505 4051 2658 4092 terra:
2688 4040 2908 4107 ﬂebunt.
2967 4039 3060 4093 Vel
3096 4056 3161 4095 ex
3204 4042 3306 4094 hoc
3369 4043 3492 4096 loco

1917 4133 2106 4201 procul
2129 4132 2299 4185 dubio
2325 4131 2674 4201 intelligenda
2700 4142 2822 4184 sunt
2857 4146 2980 4199 qua:
3014 4132 3238 4186 oraculo
3270 4133 3495 4187 tradun-

1919 4231 2029 4287 tur,
2066 4237 2174 4275 non
2196 4222 2262 4275 de
2294 4220 2583 4291 Babylone,
2605 4236 2710 4273 non
2748 4221 2816 4274 de
2850 4220 3022 4275 lioma
3062 4222 3250 4286 veteri,
3290 4238 3395 4276 non
3429 4222 3497 4276 de

1918 4329 2082 4375 nova,
2119 4328 2297 4382 neque
2338 4313 2406 4367 de
2439 4314 2544 4366 alia
2585 4312 2837 4380 quapiam
2877 4313 2982 4366 alia
3017 4313 3270 4376 civitate,
3306 4313 3398 4368 sed
3428 4315 3497 4368 de

1916 4405 2210 4458 universali
2255 4404 2354 4457 hoc
2380 4403 2718 4471 corruptibili
2759 4403 2963 4455 mundo
2997 4420 3009 4455 :
3049 4402 3102 4455 in
3146 4419 3256 4471 quo
3292 4403 3346 4456 hi
3399 4405 3494 4473 qui

247 4507 412 4560 καιρα
467 4491 896 4558 ἐμπορευόμενοι
964 4489 1227 4558 κλαυθμῷ
1293 4492 1386 4542 καὶ
1437 4491 1622 4543 πένθει
1671 4491 1810 4543 ἁλώ-
1845 4495 1926 4548 DI

1845 4495 1887 4548 Ι)
1916 4494 2306 4562 temporalibus
2360 4501 2688 4547 exercentur
2737 4493 3234 4562 negotiationibus,
3266 4494 3392 4548 ﬂetu
3431 4510 3496 4549 ac

246 4596 451 4644 σονται,
492 4578 580 4631 ὅτι
633 4580 739 4631 τὸν
793 4581 980 4646 γόμον
1030 4577 1228 4632 αὐτῶν
1275 4578 1475 4644 οὐδεὶς
1512 4580 1813 4647 ἀγοράσει.

245 4672 418 4738 Γόμον
469 4670 524 4721 δὲ
574 4670 640 4723 τὰ
671 4670 1077 4739 ἐπιτηδεύματα
1114 4670 1286 4738 λέγει,
1325 4671 1454 4741 περὶ
1495 4671 1532 4725 ἃ
1561 4672 1816 4726 εἰώθασιν

243 4765 286 4814 οἱ
321 4763 417 4816 ἄν’)
429 4779 599 4831 ρωποι
628 4762 1073 4831 κατατρίϐεσθαι.

317 4855 527 4906 Οὐκέτι
561 4857 740 4921 γόμον
773 4854 1040 4921 χρυσοῦ,
1085 4856 1178 4907 καὶ
1216 4856 1286 4908 τὰ
1341 4854 1488 4922 ἑξῆς.
1526 4855 1618 4915 El;
1647 4856 1816 4925 τόμον

243 4946 310 4998 τὰ
337 4945 748 5015 ἐπιτηδεύματα
781 4947 956 5013 φέρει.
982 4941 1084 4998 Ὧν
1143 4947 1242 5015 τῆς
1273 4947 1559 5015 ἐπικαίρου
1610 4947 1815 5015 ταύτης

243 5038 595 5107 διαρῤυείσης
644 5037 848 5106 βιοτῆς,
901 5038 1022 5090 καθ’
1076 5040 1141 5106 ἦν
1199 5038 1292 5090 καὶ
1334 5040 1366 5106 ἡ
1414 5038 1654 5105 ἐμπορία
1705 5039 1814 5092 τῶν

243 5128 689 5197 ἐπιτηδευμάτων
711 5129 771 5180 τὸ
801 5129 1114 5198 ἔμπρακτον
1145 5129 1503 5197 ἀποφέρεται,
1532 5131 1630 5181 οὐκ
1659 5131 1814 5183 ἀπει-

244 5222 337 5284 κὸς
368 5222 428 5274 τὸ
473 5221 665 5282 πένθος
722 5222 1045 5275 ἐπεισιέναι.
1081 5221 1303 5289 Τιμίαις
1332 5221 1387 5272 δὲ
1417 5220 1566 5284 ὕλαις
1597 5225 1714 5284 ταῖς
1755 5226 1812 5276 ἐν

243 5313 320 5382 τῷ
365 5313 554 5382 κόσμῳ
606 5313 731 5376 τοὺς
763 5312 1084 5382 ἐμϐιοῦντας
1132 5311 1276 5379 αὺτῷ
1300 5311 1554 5380 ἐξομοιοῖ,
1587 5314 1812 5383 ἀργύρῳ

247 5406 346 5474 μὲν
366 5406 458 5457 καὶ
492 5406 699 5474 χρυσῷ,
726 5407 847 5467 τοὺς
880 5405 1093 5475 διαρκεῖ
1126 5407 1189 5474 τῇ
1229 5405 1493 5475 καρτερίᾳ
1525 5408 1648 5468 τοὺς
1688 5425 1811 5459 πει-

249 5497 488 5566 ρασμοὺς
523 5497 893 5566 ὑποφέροντας
921 5501 1012 5550 τοῦ
1044 5497 1181 5566 βίου,
1211 5496 1305 5548 καὶ
1337 5498 1530 5560 αὐτοὺς
1579 5501 1655 5561 εἰς
1701 5500 1812 5569 πῦρ

243 5588 502 5649 εἰωθότας
555 5589 800 5658 δαπανᾷν
828 5632 842 5654 ,
896 5593 942 5642 εἰ
988 5594 1080 5643 καὶ
1128 5586 1451 5660 κρειττόνων
1497 5589 1667 5642 ἐλπίδι
1725 5594 1809 5644 ἐν·

244 5679 531 5742 αθλοῦντες
581 5681 641 5732 τὺ
686 5682 964 5752 ἀλώΰητον
1018 5683 1221 5752 ἔχουσι.
1252 5685 1472 5738 Τοιοῦτο
1501 5687 1608 5754 γὰρ
1645 5686 1736 5737 καὶ
1785 5687 1812 5736 ό

246 5773 440 5840 χρυσὸς
477 5773 566 5825 καὶ
602 5775 878 5845 bimum;
909 5775 1036 5846 πρὸς
1077 5775 1138 5828 τὸ
1179 5776 1361 5830 ἔναλον
1418 5780 1809 5845 aurigam-wn:

1920 4582 2064 4636 luctu
2105 4592 2500 4636 consumentur
2526 4622 2541 4647 ,
2599 4584 2723 4652 quia
2760 4599 2892 4635 onus
2922 4599 3101 4635 eorum
3137 4599 3285 4636 nemo
3337 4595 3490 4637 emet.

1917 4672 2068 4728 Onus
2100 4685 2279 4726 autem
2315 4674 2446 4727 dicit
2475 4674 2730 4727 exercitia
2755 4675 2836 4727 vel
2861 4675 3042 4728 studia
3073 4675 3219 4728 circa
3250 4690 3373 4743 qua:
3403 4691 3493 4730 so-

1919 4766 2027 4819 lent
2063 4765 2312 4819 homines
2361 4764 2617 4817 continue
2653 4765 2856 4818 versari
2891 4774 2945 4819 et
2998 4765 3048 4817 in
3092 4764 3178 4818 his
3218 4767 3489 4820 consumi.

1989 4857 2150 4926 799
2185 4856 2438 4924 Nonjam
2456 4872 2589 4910 onus
2621 4858 2760 4919 auri,
2787 4866 2890 4910 etc.
2923 4856 3000 4909 Ad
3026 4872 3165 4909 onus
3191 4856 3350 4910 refert
3371 4857 3491 4910 vita:

1919 4949 2096 5003 studia
2121 4988 2134 5010 ,
2169 4950 2235 5000 ad
2288 4963 2410 5015 qua:
2456 4948 2754 5001 verisimile
2783 4956 2867 5000 est
2909 4947 3114 5000 luctum
3153 4946 3363 5013 ingredi
3398 4947 3488 4999 ιιιιί

1917 5041 2228 5103 temporalis
2261 5042 2372 5093 lucc
2407 5041 2514 5092 vita
2547 5039 2853 5098 deﬂuxerit,
2891 5039 2955 5090 ad
2993 5052 3152 5104 quam
3189 5038 3487 5106 negotiatio

1917 5130 2082 5184 refert
2129 5130 2422 5184 eﬂicaciam
2467 5129 2793 5182 studiorum.
2833 5128 3099 5182 l’retiosis
3131 5138 3311 5180 autem
3363 5141 3484 5179 ma-

1916 5221 2065 5274 tcriis
2097 5235 2215 5288 qua:
2242 5219 2295 5272 in
2325 5218 2530 5272 mundo
2557 5227 2686 5273 sunt
2724 5219 2992 5272 assimilat
3021 5219 3262 5270 viventes
3298 5216 3352 5269 in
3378 5231 3483 5269 eo:

1914 5320 2135 5381 argento
2177 5310 2399 5380 quidem
2430 5320 2485 5363 et
2518 5324 2687 5377 auro,
2719 5325 2812 5363 eos
2839 5309 2930 5376 qui
2981 5307 3203 5361 assidua
3241 5307 3482 5358 toleran-

1918 5406 1986 5456 tia
2045 5404 2164 5457 vitae
2225 5402 2548 5456 tentationes
2601 5411 2653 5454 et
2701 5400 3021 5454 amictiones
3072 5400 3370 5459 sustinent,
3420 5411 3483 5450 ac

1917 5501 2126 5565 scipsos
2166 5496 2330 5548 veluti
2377 5493 2444 5548 ad
2493 5495 2670 5564 ignem
2705 5494 2882 5547 solent
2937 5506 3279 5554 consumere,
3313 5505 3480 5558 quau-

1916 5607 2076 5661 quam
2112 5605 2205 5658 spe
2254 5589 2540 5642 meliorum
2588 5597 2854 5642 certantes
2894 5594 3113 5641 servant
3150 5598 3209 5638 se
3240 5584 3436 5636 illzesos
3466 5597 3480 5635 :

1918 5686 2018 5738 hoc
2071 5685 2215 5737 enim
2277 5684 2440 5736 modo
2483 5692 2535 5735 ct
2585 5698 2775 5735 aurum
2825 5689 2878 5733 et
2929 5688 3208 5748 argentum
3246 5676 3313 5728 ab
3359 5676 3480 5738 igne

1918 5775 2180 5830 muteriali
2231 5775 2693 5830 dernonstrantur.
2757 5772 2942 5835 Lapidi
2987 5785 3118 5824 vero
3167 5768 3401 5824 pretioso
3434 5773 3480 5817 et
