4252 6436
753 392 857 455 731

1588 403 1914 462 ΑΒΕΤΗίΕ
1949 404 2326 463 CAESARE/ﬁ
2361 405 2843 467 CAPPADOCI/E
2885 409 3228 470 EPISCOI‘I

3891 414 4007 477 732

753 503 1084 572 margaritis,
1108 518 1205 559 eos
1233 508 1326 575 qui
1352 506 1611 561 virtutum
1647 509 1994 577 possessione
2022 526 2117 580 per
2139 521 2325 566 osten-
2352 516 2397 572 Δ
2430 535 2432 542 ι

2352 516 2397 572 Α
2430 510 2559 583 πῦρ.
2592 512 2737 584 Δίθῳ
2766 516 2823 569 δὲ
2851 516 3021 586 τιμίῳ
3072 520 3165 571 καὶ
3212 520 3581 590 μαργαρίταις
3602 562 3616 584 ,
3648 523 3769 584 τοῦς
3799 524 4008 576 ἐπιδει-

754 594 1013 649 tationem
1094 597 1433 661 abutuntur,
1508 599 1603 666 qui
1673 601 1877 670 impetu
1948 604 2324 658 calamitatum

750 684 1097 751 Splendorem
1122 686 1497 742 debilitarunt.
1532 688 1704 759 Bysso
1738 706 1868 746 vero
1901 702 1957 748 et
1985 708 2240 762 purpurae
2264 708 2328 747 ac

757 775 860 828 tilis
903 776 1127 840 sericis,
1155 792 1249 831 eos
1278 779 1368 849 qni
1407 780 1510 835 sub
1545 780 1765 836 Christo
1800 784 2059 839 virtutum
2099 784 2327 841 ﬂoribus

753 866 1107 919 udornantur.
1163 864 1382 937 Ligneis
1432 880 1616 925 autem
1676 874 1824 929 vasis
1871 883 1925 928 et
1976 875 2042 930 iis
2091 891 2211 944 quae
2259 892 2325 931 ex

758 955 902 1021 ligno
924 957 1325 1024 pretiosissimo
1355 960 1549 1031 thyino
1573 973 1701 1017 sunt
1737 975 1792 1019 et
1817 979 1880 1018 es
1909 965 2074 1020 ebore
2096 976 2148 1020 et
2171 968 2325 1021 cina-

758 1060 975 1112 momo,
1004 1062 1098 1103 eos
1127 1050 1219 1118 qui
1254 1054 1544 1124 peregrino
1583 1056 1707 1109 vitae
1756 1058 2019 1112 exercitio
2060 1059 2328 1129 vulgoque

758 1136 1036 1208 incognito
1082 1152 1313 1198 utuntur
1365 1164 1378 1199 :
1418 1157 1470 1201 at
1504 1150 1845 1205 manifestata
1884 1151 2149 1208 bonorum
2199 1169 2329 1225 ope-

757 1247 875 1287 rnm
910 1238 1241 1294 suavissima
1277 1241 1634 1313 Iumigatione
1684 1247 2022 1315 spiritualem
2053 1252 2328 1319 accipiunt

754 1324 1020 1389 laetitiam,
1059 1330 1318 1397 majorem
1350 1348 1514 1399 quam
1546 1335 1651 1389 dici
1676 1337 1873 1405 possit,
1916 1339 2188 1409 simulque
2229 1357 2327 1397 nee

757 1414 868 1482 igni
902 1415 1121 1471 invidia:
1159 1421 1408 1473 consumi
1448 1435 1708 1491 possunt,
1737 1429 2198 1495 quemadmodum
2233 1447 2328 1486 ne-

628 1560 645 1582 .
753 1521 859 1573 que
886 1508 1256 1562 cinamomum
1290 1510 1397 1579 igni
1431 1516 1721 1569 materiali.
1763 1516 1934 1572 Porro
1960 1521 2053 1574 aeri
2082 1530 2136 1576 et
2182 1523 2327 1578 I'erro

752 1610 817 1647 ae
850 1600 1144 1663 marmori,
1183 1600 1307 1656 illos
1348 1604 1441 1671 qni
1475 1620 1610 1659 auro
1653 1609 1869 1674 quidem
1915 1611 2123 1667 similes
2163 1623 2327 1681 sunt,

754 1686 846 1739 sed
875 1688 1057 1743 notbis
1088 1706 1153 1745 ae
1201 1692 1500 1762 illegitimis
1546 1704 1774 1750 utuntur
1804 1699 2029 1766 divitiis,
2062 1707 2326 1772 quemad-

756 1778 978 1832 modum
1001 1782 1164 1834 etiam
1191 1782 1394 1838 ferrum
1424 1784 1767 1851 splendorem
1793 1788 1977 1854 habet,
2007 1801 2061 1845 et
2083 1808 2325 1849 marmor

757 1868 1087 1933 ﬁrmitatem,
1120 1888 1353 1941 quorum
1385 1877 1631 1932 omnium
1682 1879 1823 1949 ignis
1854 1882 2172 1950 probativns
2214 1895 2321 1951 est,

752 1970 807 2013 et
841 1960 914 2015 ita
967 1978 1059 2031 per
1106 1964 1285 2033 ignem
1337 1968 1580 2035 praebent
1628 1972 1711 2025 sui
1755 1974 2152 2040 probationem.
2188 1975 2326 2032 Oleo

755 2067 885 2103 vero
918 2068 981 2107 ac
1018 2054 1143 2106 vino
1170 2065 1222 2109 et
1253 2057 1445 2112 similae
1474 2074 1540 2114 ac
1570 2061 1773 2127 tritico,
1807 2064 1929 2120 illos
1965 2068 2059 2136 qui
2090 2069 2142 2122 in
2186 2070 2327 2124 hila-

757 2143 913 2197 ritate
956 2159 1019 2198 ac
1046 2145 1289 2214 jnenntlo
1330 2149 1526 2204 animm
1564 2161 1709 2207 statu
1739 2156 1863 2209 vita:
1909 2159 2131 2228 pelagus
2173 2162 2325 2232 traji-

754 2230 926 2283 ciunt.
970 2229 1177 2288 Ovibus
1226 2246 1407 2290 autem
1466 2254 1531 2294 ae
1563 2241 1827 2310 iumentis
1865 2229 2324 2307 assimilenturvlti

753 2319 846 2386 qtti
885 2320 1148 2378 immensa
1183 2325 1277 2380 Dei
1317 2330 1717 2397 misericordia,
1752 2344 1811 2389 ut
1854 2338 1932 2391 ait
1976 2338 2180 2406 David,
2221 2343 2328 2397 sal-

752 2422 972 2469 vantur.
1010 2415 1180 2485 Equis
1219 2434 1351 2473 vero
1393 2428 1449 2474 et
1502 2423 1770 2480 vehiculis
1817 2442 1912 2497 per
1963 2429 2062 2486 hos
2109 2436 2326 2499 tractis,

753 2516 876 2567 qnte
914 2506 1083 2559 veteri
1120 2523 1250 2562 voce
1279 2508 1512 2582 ἄγγαροι
1557 2512 1900 2583 dicebantur,
1934 2519 2108 2577 Graeci
2146 2536 2325 2581 autem

751 2590 1043 2659 δημοσίους
1077 2596 1488 2668 ίπποστάθμους
1511 2605 1809 2672 appellant,
1837 2608 2028 2667 Latina
2065 2630 2192 2669 vero
2228 2633 2326 2672 vos

752 2691 837 2734 e~t
871 2683 1059 2749 rheda,
1091 2687 1236 2743 unde
1288 2701 1342 2745 et
1398 2694 1686 2750 rltedarius
1719 2698 1844 2753 trita
1889 2702 2055 2757 dictio
2076 2714 2180 2769 est,
2210 2708 2331 2764 ideo

754 2788 975 2843 quoque
1014 2776 1101 2831 hic
1156 2780 1326 2835 dictio
1371 2785 1662 2841 rltedarum
1706 2802 1987 2861 assumpta
2034 2806 2152 2861 est,
2205 2798 2330 2854 illos

756 2867 1066 2932 signiﬁcare
1096 2872 1214 2924 vult
1243 2874 1337 2938 qni
1366 2875 1507 2929 viam
1537 2879 1918 2935 mandatorum
1963 2883 2176 2942 Domini
2205 2904 2331 2946 cur-

754 2968 970 3025 rentes,
1006 2961 1135 3033 ipsis
1170 2967 1432 3036 operibus
1470 2970 1702 3026 Domino
1734 2974 2048 3032 deesntant.

2428 605 2629 669 κτικῶς
2672 608 2740 677 τῇ
2788 610 2908 660 κατ’
2928 610 3132 680 ἀρετὴν
3163 613 3354 681 κτήσει
3382 614 3826 685 ἁποχρωμένους.
3859 617 3908 669 o'l
3927 619 4003 687 τῇ

2428 696 2538 750 τῶν
2555 700 2933 768 περιστάσεων
2953 701 3125 772 ἐφόδῳ
3145 703 3207 755 τὸ
3224 702 3477 774 λαμπρὸν
3504 706 3618 773 ἀπη
3627 706 3868 777 μὸλύνθη
3877 726 3982 763 σαν

2427 786 2618 858 Βύσσῳ
2633 788 2689 843 δὲ
2705 791 2799 843 καὶ
2813 791 3068 862 πορφύρᾳ
3084 794 3296 856 καὶτοῖς
3312 794 3420 849 ἀπὸ
3436 796 3620 866 σηρῶν
3635 799 3698 867 νή
3707 814 3857 865 μασι,
3872 800 4007 860 τοὺς

2428 878 2522 931 ἐπὶ
2550 879 2772 951 Χριστῷ
2798 881 2874 950 τῷ
2906 882 3055 936 ἄνθει
3086 883 3195 938 τῶν
3224 885 3635 957 ἐπαινουμένων
3661 889 4005 959 καλλυνομέο

2427 986 2567 1033 νους.
2589 969 2830 1037 Ξυλίνοις
2858 973 2915 1026 δὲ
2940 975 3160 1028 σκεύεσι
3178 977 3399 1039 καὶτοῖς
3416 980 3483 1032 ὲκ
3511 977 3669 1042 ξύλου
3689 979 3784 1032 τοῦ
3803 998 4005 1049 τιμιω-

2427 1059 2592 1114 τάτου
2636 1062 2822 1116 θυΐνου
2866 1065 2962 1117 καὶ
3012 1066 3310 1136 ἐλέφαντος
3340 1068 3437 1122 καὶ
3482 1070 3824 1140 κιναμώμου,
3869 1072 4006 1133 τοὺς

2428 1154 2815 1226 ἀποξενωμὼῃ
2847 1159 2912 1227 τῇ
2935 1157 3029 1210 τοῦ
3062 1157 3179 1227 βίου
3218 1162 3450 1224 ἀσκήσει
3488 1163 3585 1215 καὶ
3621 1164 3734 1225 τοῖς
3783 1162 4007 1225 πολλοῖς

2427 1242 2776 1312 ἀνεπιφάντῳ
2829 1248 3233 1317 χρησαμένους,
3307 1251 3714 1321 φανερωθέντος
3768 1253 3827 1307 δὲ
3900 1253 4003 1306 τοῦ

2428 1332 2646 1399 ἡδίστου
2671 1334 2843 1404 ἀτμοῦ
2869 1336 2978 1390 τῶν
3012 1339 3473 1408 κατορθωμάτων,
3504 1341 3844 1412 εὐφροσύνην
3887 1344 4004 1396 οὐδ’

2427 1422 2561 1492 ὅσην
2590 1426 2765 1477 εἰπεῖν
2808 1427 3216 1492 καταλαϐόντας
3257 1435 3637 1503 πνευματικήν
3659 1474 3675 1500 ,
3735 1435 3872 1503 μετὰ
3901 1434 4005 1486 τοῦ

2431 1516 2567 1584 μηδὲ
2605 1519 2742 1587 πυρὶ
2782 1518 2977 1586 φθόνου
3019 1520 3224 1576 ἀλῶναι
3249 1524 3396 1585 οἴους
3434 1540 3495 1578 τε
3528 1523 3689 1591 εἶναι,
3742 1525 3819 1590 ὡς
3878 1527 4007 1580 οὐδὲ

2429 1605 2564 1673 πυρὶ
2588 1605 2666 1675 τῷ
2692 1606 2864 1678 ὲνῦλῳ
2913 1610 3251 1679 κινάμωμον.
3300 1612 3501 1683 Χαλκῷ
3538 1615 3595 1667 δὲ
3645 1614 3741 1668 καὶ
3797 1616 4007 1686 σιδήρῳ

2429 1696 2524 1748 καὶ
2554 1699 2849 1767 μαρμάρῳ,
2878 1700 3006 1763 τοὺς
3043 1703 3374 1771 χρυσοειδεϊς
3427 1704 3551 1776 μὲν,
3591 1707 3735 1777 νόθῳ
3763 1709 3818 1761 δὲ
3852 1726 4002 1778 χρω-

2434 1786 2627 1853 μένους
2658 1786 2736 1856 τῷ
2768 1787 3006 1859 πλούτῳ,
3030 1791 3107 1854 ώς
3140 1793 3235 1844 καὶ
3259 1794 3475 1864 σίδηρος
3494 1796 3557 1848 τὸ
3582 1797 3858 1865 στιλπνὸν,
3905 1801 4006 1851 καὶ

2433 1876 2724 1947 μάρμαρον
2756 1878 2816 1931 τὸ
2848 1882 3096 1951 στερρὸν,
3141 1876 3218 1936 ὧν
3273 1884 3530 1939 ἀπάντων
3576 1888 3638 1942 τδ
3696 1888 3808 1960 πῦρ
3856 1890 4007 1943 δοκι-

2432 1968 2715 2034 μαστικόν.
2749 1970 2858 2028 Καὶ
2888 1969 3033 2023 οὕτω
3064 1974 3163 2040 μὲν
3195 1974 3264 2028 τὰ
3312 1977 3399 2030 διά
3424 1979 3597 2050 πυρὸς
3653 1980 3717 2033 τὸ
3756 1980 4007 2051 δοκίμιον

2429 2057 2795 2127 παρεχόμενα.
2841 2060 3035 2133 Ἐλαίῳ
3076 2064 3132 2117 δὲ
3171 2066 3266 2119 καὶ
3298 2067 3428 2137 οῐνῳ
3470 2070 3561 2121 καὶ
3599 2072 3878 2140 σεμιδάλει
3907 2074 4006 2125 καὶ

2431 2146 2581 2218 σίτῳ,
2607 2150 2735 2213 τοὺς
2764 2153 2823 2203 ιν
2858 2151 3134 2224 ἱλαρότητι
3186 2158 3281 2209 κα)⁵
3344 2158 3564 2229 εῦφρονι
3618 2164 4004 2233 καταστήματι

2427 2238 2608 2309 ψυχῆς
2643 2239 2705 2293 τὺ
2750 2242 2845 2295 τοῦ
2874 2243 2988 2313 βίου
3019 2246 3256 2315 πέλαγος
3300 2249 3745 2322 διανηχομένους.
3784 2255 4004 2326 Προὸἀο

2429 2347 2543 2394 τοις
2564 2330 2620 2383 δὲ
2651 2332 2744 2385 καὶ
2770 2334 2994 2403 κτήνεσι
3026 2339 3429 2409 παραϐληοείεν
3481 2342 3532 2394 oi
3588 2343 3670 2413 τῷ
3722 2344 3818 2397 τοῦ
3862 2346 4005 2398 Θεοῦ

2429 2420 2821 2493 ἀπειροπληθεϊ
2869 2424 3038 2497 ὲλέῳ,
3094 2423 3326 2501 ᾖφησιν
3378 2433 3406 2485 ὁ
3434 2432 3617 2499 Διυῖδ,
3675 2432 4003 2505 σωζόμενοι.

2432 2511 2647 2576 Ἵπποις
2689 2514 2746 2567 δὲ
2804 2517 2899 2568 καὶ
2928 2519 3037 2582 τοῖς
3063 2518 3153 2571 διὰ
3178 2519 3387 2574 τούτων
3415 2522 3655 2592 ὀχήμασι
3681 2562 3697 2586 ,
3746 2523 3783 2577 ἃ
3814 2527 3847 2594 ή
3896 2542 4007 2579 πα-

2430 2602 2555 2657 λαιά
2584 2606 2681 2674 μὲν
2711 2609 2861 2680 φωνὴ
2904 2609 3202 2681 ἀγγάρους,
3264 2613 3297 2680 ή
3345 2612 3403 2665 δὲ
3445 2614 3554 2666 τῶν
3595 2614 3864 2686 Ἐλλήνων
3912 2616 4010 2685 δη-

2434 2694 2652 2765 μοσίους
2684 2698 3095 2769 ίπποστάθμους
3121 2742 3136 2767 ,
3183 2703 3217 2773 ἡ
3252 2702 3308 2757 δὲ
3336 2702 3447 2756 τῶν
3490 2704 3777 2775 Ῥωμαίων
3804 2708 3962 2777 ῥαίδη
3991 2748 4009 2763 .

2430 2788 2522 2855 ἀφ’
2541 2782 2602 2842 οὗ
2624 2788 2716 2840 καὶ
2737 2788 2798 2841 τδ
2833 2790 3111 2861 ραιδάριος
3158 2793 3468 2862 τέτριπται,
3526 2795 3605 2848 διὸ
3636 2795 3917 2850 κάνταῦθα
3943 2799 4009 2850 τὸ

2436 2877 2631 2947 ῥαιδῶν
2674 2880 3039 2951 παρείληπται
3066 2923 3082 2947 ,
3134 2884 3381 2948 ἐκείνους
3397 2885 3596 2955 δηλοῦν
3639 2886 3891 2957 βούλεται
3951 2890 4009 2942 οἶ

2431 2970 2531 3040 τὴν
2578 2971 2697 3025 ὁδὸν
2727 2973 2834 3025 τῶν
2878 2974 3109 3028 ἐντολῶν
3167 2993 3261 3029 σου
3312 2977 3616 3050 δραμόντες
3676 2981 4006 3051 πρακτικῶς

2432 3061 2843 3130 ᾲσματίζουσιν.

828 3137 892 3190 Et
945 3148 1147 3209 tempus
1208 3142 1480 3200 desiderii.
1548 3147 1613 3200 Ἦ
1672 3149 1865 3222 ὀπώρα
1921 3168 1986 3207 ex
2050 3158 2399 3215 communiC
2500 3184 2507 3205 λ

2356 3158 2399 3215 C
2500 3153 2607 3206 Kal
2629 3155 2668 3222 ἠ
2708 3154 2908 3223 ὀπώρα
2933 3155 3042 3223 τῆς
3068 3157 3402 3237 ἐπιθυμίας.
3473 3161 3730 3232 Ὀπώραν
3779 3165 3876 3216 καὶ
3912 3163 4011 3216 τὸν

754 3233 1153 3288 consuetudine
1180 3237 1325 3291 sumi
1350 3239 1489 3293 solet
1512 3255 1611 3309 pro
1639 3251 1884 3313 tempore
1920 3247 2035 3301 sive
2068 3252 2331 3320 temporis

754 3323 1186 3389 opportunitate.
1241 3324 1513 3391 Quoniam
1564 3330 1730 3399 igitur
1782 3349 1811 3387 a
1871 3339 2221 3406 corruptione
2264 3341 2330 3395 ad

756 3409 1227 3482 incorruptionem
1280 3417 1639 3475 infallibiliter
1711 3431 2001 3480 transeunt
2056 3428 2329 3497 humana,

756 3502 925 3571 800
957 3517 1101 3559 certe
1139 3508 1456 3579 etiamque:
1490 3513 1555 3565 ad
1586 3516 1989 3583 corruptionem
2033 3520 2327 3585 declinant,

754 3596 918 3649 simul
977 3613 1007 3651 e
1062 3600 1239 3655 medio
1295 3602 1531 3666 sublata,
1566 3604 1618 3658 in
1679 3616 1849 3660 totum
1891 3607 2167 3664 deﬁcient.
2215 3611 2332 3667 Hoc

756 3699 938 3742 autem
973 3693 1025 3744 in
1068 3694 1291 3747 civitate
1337 3712 1459 3763 ηυδε
1499 3698 1676 3753 adlme
1718 3701 1772 3753 in
1812 3703 2067 3770 praesenti
2110 3706 2331 3774 conspi-

754 3781 899 3832 citur
950 3784 1286 3851 impossibile
1333 3798 1413 3841 cst
1441 3790 1774 3859 contingere.
1816 3793 2095 3862 Siquidem
2132 3811 2329 3850 secun-

755 3872 883 3925 tlont
920 3876 1090 3941 magis
1117 3886 1171 3930 et
1214 3879 1395 3934 minus
1430 3897 1589 3937 nemo
1630 3884 1819 3939 abnuit
1852 3886 1984 3954 quin
2029 3890 2327 3960 contingat,

756 3961 808 4013 in
850 3971 1020 4015 totum
1058 3980 1184 4018 vero
1216 3982 1581 4037 nequaquam.

829 4051 1029 4117 XVIII,
1089 4056 1266 4111 15-19.
1327 4057 1696 4126 Negotiatores
1746 4064 1935 4119 harum
1975 4085 2185 4133 rerum,
2236 4073 2326 4140 qui

752 4142 937 4195 divites
970 4144 1099 4211 facti
1129 4157 1250 4200 sunt
1307 4149 1371 4201 ult
1412 4166 1497 4213 ea,
1549 4154 1699 4221 longe
1741 4157 1959 4211 stabunt
1996 4172 2210 4229 propter
2254 4165 2321 4216 ti-

754 4250 950 4287 morem
979 4240 1223 4292 tormenti
1252 4241 1386 4307 ejus,
1415 4243 1598 4309 ﬂentes
1631 4255 1678 4297 et
1711 4247 1942 4317 lugentes
1972 4268 2034 4304 ac
2053 4254 2281 4309 dicentes
2305 4272 2324 4308 :

766 4323 874 4383 Vw.
915 4341 1008 4389 rte,
1056 4326 1238 4382 civitas
1273 4330 1369 4383 illa
1412 4349 1601 4400 magna
1632 4353 1748 4404 qua:
1776 4341 1975 4394 amicta
2019 4354 2133 4396 erat
2169 4344 2323 4415 bysso

746 4424 799 4465 ct
831 4429 1066 4482 purpura
1096 4429 1145 4472 et
1180 4436 1351 4485 cocco,
1383 4435 1432 4475 et
1463 4424 1720 4480 deaurata
1757 4444 1888 4483 auro
1917 4441 1965 4483 et
2000 4432 2177 4501 lapide
2204 4452 2320 4503 pre-

2433 3243 2623 3311 καιρὸν
2665 3238 2774 3297 οῐδε
2828 3245 3012 3299 καλεῖν
3060 3248 3094 3316 ή
3150 3248 3429 3318 συνήθεια.
3476 3250 3630 3303 Ἐπεὶ
3669 3252 3849 3305 τοίνυν
3898 3253 4012 3306 ἀπὺ

2428 3335 2528 3401 τῆς
2557 3334 2764 3407 φθορᾶς
2784 3339 2866 3401 είς
2898 3338 3212 3410 ἀφθαρσίαν
3250 3346 3561 3414 μεταχωρεῖ
3581 3344 3652 3398 τὰ
3685 3345 4010 3417 ἀνθρώπινα

2429 3425 2913 3495 ἀπαραλογίστως.
2948 3429 3058 3497 ἄρα
3095 3430 3287 3483 καὶτὰ
3337 3432 3473 3503 πρὸς
3524 3433 3732 3504 φθορὰν
3778 3437 3983 3490 ἀποκλί

2430 3532 2610 3580 νοντα,
2646 3516 2986 3586 συνεκλείψει
3010 3520 3375 3587 ἀφανισθέντα
3406 3525 3487 3586 είς
3536 3524 3701 3578 ἅπαν.
3734 3525 3907 3580 Τοῦτο
3950 3528 4010 3581 δὲ

2429 3606 2523 3658 ἐπὶ
2552 3607 2761 3670 πόλεως
2825 3608 2905 3660 ἔτι
2974 3612 3033 3662 ὲν
3090 3609 3169 3680 τῷ
3234 3612 3493 3667 ἐνεστῶτι
3560 3616 4008 3688 ὲνθεωρουμένης

2432 3698 2703 3767 συμϐῆναι
2750 3699 3034 3755 ἀδύνατον.
3081 3702 3240 3757 Κατά
3271 3706 3371 3774 μὲν
3413 3706 3603 3777 γὰρτὸ
3648 3708 3854 3777 μᾶλλον
3910 3712 4009 3763 καὶ

2428 3780 2612 3856 ἦττον,
2642 3790 2818 3854 οὐδεὶς
2851 3792 3100 3846 ἀντείποι
3131 3795 3207 3865 μὴ
3237 3797 3537 3867 συμϐῆναι,
3562 3800 3707 3852 κατὰ
3732 3799 3791 3853 δὲ
3823 3800 3889 3853 τὸ
3916 3801 4001 3865 είς

2430 3880 2598 3944 ἆπαν,
2627 3880 2711 3935 οῦ.

2493 4059 2558 4109 Ol
2582 4056 2826 4126 ἔμποροι
2852 4060 3096 4125 τούτων,
3114 4065 3168 4116 οί
3185 4064 3646 4133 πλουτήσαντες
3664 4068 3765 4122 ἀπ’
3786 4066 4003 4135 αὐτῆς,

2427 4148 2546 4201 ἀπὸ
2561 4151 2861 4218 μακρόθεν
2889 4153 3223 4217 στήσονται
3256 4157 3354 4210 διὰ
3384 4159 3494 4211 τὸν
3534 4160 3724 4226 φόϐον
3754 4160 3862 4214 τοῦ
3890 4161 4006 4224 ,βα-

2426 4242 2728 4310 σανισμοῦ
2754 4244 2945 4310 αὐτῆς
2992 4248 3329 4313 κλαίοντες,
3370 4249 3471 4303 καί
3506 4251 3872 4318 πενθοῦντες
3904 4253 4004 4307 καὶ

2423 4331 2725 4400 λέγοντες
2764 4337 2930 4400 οὐαὶ,
2967 4338 3126 4401 οὐαὶ,
3152 4340 3191 4404 ἡ
3212 4341 3387 4406 πόλις
3413 4342 3452 4408 ὴ
3479 4340 3735 4410 μεγάλη,
3768 4344 3808 4410 ἠ
3839 4359 4006 4410 περι⁶

2425 4423 2754 4493 ϐεϐλημένη
2784 4428 3116 4492 βύσσινον,
3169 4431 3267 4483 καί
3308 4433 3662 4500 πορφυροῦν
3691 4436 4001 4495 κόκκινον,

753 4509 889 4560 tioso
941 4520 989 4561 et
1034 4515 1368 4581 margaritis,
1432 4521 1555 4585 quia
1595 4536 1701 4573 una
1755 4521 1882 4577 liora
1932 4524 2187 4582 destituta
2247 4542 2325 4586 est
2355 4514 2407 4573 Ῑ)

2323 4514 2407 4578 τι)
2432 4516 2528 4569 καὶ
2583 4518 3006 4586 κεχρυσωμένη
3060 4523 3290 4587 χρυσίῳ
3325 4525 3422 4576 καὶ
3475 4525 3622 4588 ,πίθῳ
3656 4525 3847 4593 τιμίῳ,
3904 4528 4002 4579 καί

752 4602 917 4654 tantis
957 4604 1176 4658 divitiis.
1232 4606 1295 4660 Et
1348 4613 1515 4663 omnis
1558 4614 1892 4681 gubernator,
1934 4627 1984 4671 et
2028 4622 2198 4675 omnis
2237 4626 2325 4692 qui

752 4692 807 4744 in
852 4694 1071 4749 navibus
1112 4698 1412 4764 navigabat,
1445 4712 1492 4755 et
1523 4715 1699 4757 nauta;
1725 4717 1771 4758 et
1814 4718 2067 4779 quotquot
2107 4712 2161 4764 in
2189 4716 2326 4768 mari

751 4783 1126 4849 nperubantur,
1180 4797 1440 4844 steterunt
1496 4795 1683 4859 procul
1730 4806 1779 4850 et
1838 4799 2200 4857 clamauerunt
2249 4806 2327 4858 vi—

754 4875 931 4929 dentes
968 4877 1171 4943 {umum
1217 4883 1447 4937 incendii
1476 4885 1624 4953 ejus,
1655 4889 1885 4943 dicentes
1927 4907 1944 4944 .·
1979 4890 2107 4956 Qua:
2135 4895 2325 4950 similis

753 4968 955 5019 avitati
1002 4970 1119 5022 huic
1168 4977 1420 5043 magum?
1477 4976 1543 5028 Et
1594 4981 1847 5033 miserunt
1876 4982 2137 5049 pulverem
2172 5003 2329 5055 super

752 5059 931 5125 capita
980 5077 1100 5125 sua,
1150 5072 1201 5116 et
1250 5066 1605 5122 clamarcrum
1664 5070 1847 5138 ﬂentes
1895 5082 1943 5126 et
1983 5074 2215 5144 lugentes
2265 5095 2327 5131 ac

750 5150 981 5205 dicentes
1012 5169 1030 5205 .'
1065 5152 1176 5219 Var,
1212 5172 1304 5220 va',
1333 5160 1516 5211 civitas
1548 5161 1643 5213 illa
1675 5178 1887 5231 magna,
1925 5165 1979 5216 in
2008 5182 2111 5233 qua
2140 5167 2324 5222 divites

753 5241 884 5307 facti
909 5255 1029 5297 sunt
1059 5264 1236 5301 omnes
1271 5252 1358 5314 qui
1388 5251 1647 5305 habebant
1674 5271 1827 5309 naves
1855 5258 1909 5309 in
1948 5260 2084 5312 mari
2110 5260 2173 5314 de
2205 5278 2327 5329 pre-

754 5334 829 5384 tio
859 5334 995 5402 ejus,
1028 5341 1277 5402 quoniam
1305 5358 1410 5394 una
1440 5342 1571 5395 hora
1599 5346 1838 5399 desolata
1870 5357 1967 5400 est.

836 5597 1209 5671 Negotiatores
1238 5606 1569 5677 intelligendi
1607 5622 1736 5667 sunt
1771 5614 1967 5668 divina:
1998 5625 2320 5683 potestates,

759 5706 855 5746 aut
905 5697 1173 5753 daemones
1229 5713 1581 5769 cooperantcs
1642 5721 1748 5758 una
1790 5722 1911 5759 cum
1946 5706 2100 5760 cmlis
2158 5707 2223 5759 ad
2275 5708 2325 5762 id

754 5788 905 5853 quod
937 5791 1133 5861 cuique
1162 5793 1477 5850 delectabile
1508 5806 1607 5853 est.
1649 5798 1871 5853 Eminus
1913 5809 2093 5854 autem
2125 5800 2322 5870 cuique

2426 4609 2841 4675 μαργαρίταις·
2900 4610 2989 4664 ὅτι
3021 4605 3129 4680 μιᾷ
3156 4612 3277 4681 ὥρᾳ
3304 4614 3586 4682 ἠρημώθη
3637 4620 3669 4670 ὀ
3710 4617 4007 4681 τοσοῦτος

2427 4699 2711 4765 πλοῦτος.
2738 4702 2847 4754 Καὶ
2869 4701 2990 4768 πᾶς
3027 4704 3432 4773 κυϐερνήτης,
3471 4709 3569 4762 καί
3605 4706 3726 4771 πᾶς
3761 4707 4007 4761 ἐπὶτῶν

2426 4792 2656 4844 πλοίων
2680 4792 2904 4854 πλέων,
2939 4794 3037 4848 καὶ
3080 4795 3294 4849 ναῦται
3316 4799 3412 4851 καὶ
3442 4798 3576 4852 ὅσοι
3624 4799 3739 4867 τὴν
3775 4799 4007 4855 θάλασ-

2426 4895 2550 4932 σαν
2583 4880 2924 4951 ἐργάζονται
2944 4922 2961 4946 ,
3021 4883 3141 4937 ἀπὸ
3183 4889 3485 4955 μακρόθεν
3538 4890 3839 4955 ἔστησαν,
3906 4892 4004 4945 καί

2424 4972 2691 5038 ἔκραζον,
2724 4973 3063 5041 βλέποντες
3099 4976 3207 5029 τὸν
3263 4982 3500 5033 καπνὸν
3541 4978 3651 5047 τῆς
3681 4980 4009 5049 πυρώσεως

2427 5064 2962 5135 αὑτῆς,λέγοντες’
3007 5068 3102 5133 Τίς
3123 5069 3293 5137 ὁμοία
3328 5068 3404 5138 τῇ
3437 5073 3612 5124 πόλει
3640 5070 3712 5139 τῇ
3739 5071 4010 5140 μεγάλω

2429 5159 2535 5212 Kal
2567 5159 2789 5212 ἔϐαλον
2826 5159 2978 5227 χοῦν
3006 5159 3105 5213 ἐπὶ
3151 5161 3259 5227 τὰς
3310 5163 3580 5230 κεφαλὰς
3612 5166 3693 5217 αὐ
3710 5161 3846 5225 τῶν,
3907 5163 4009 5217 καί

2426 5247 2674 5315 ἔκραζον
2702 5253 3016 5316 κλαίοντες
3030 5251 3127 5304 καὶ
3160 5251 3522 5319 πενθοῦντες
3551 5255 3648 5307 καὶ
3676 5254 3967 5322 λέγοντες
3991 5273 4008 5287 ·

2423 5343 2591 5405 Οὐαί,
2626 5344 2781 5406 οὐαί,
2816 5344 2855 5409 ἡ
2916 5348 3095 5410 πόλις
3126 5346 3164 5413 ἠ
3206 5345 3461 5415 μεγάλη,
3508 5347 3578 5399 ἐν
3614 5342 3654 5418 ᾖ
3705 5348 4013 5414 ἐπλούτη-

2428 5450 2549 5487 σαν
2596 5434 2819 5500 πάντες
2846 5438 2900 5488 ot
2934 5436 3180 5504 ἔχοντες
3206 5437 3389 5491 πλοῖα
3418 5438 3489 5491 ἐν
3517 5437 3591 5506 τῇ
3623 5442 3909 5509 θαλάσσῃ
3939 5441 4010 5493 ἐκ

2428 5526 2539 5593 τῆς
2576 5530 2904 5597 τιμιότητος
2923 5528 3131 5597 αὐτῆς,
3158 5530 3248 5583 ὅτι
3269 5529 3375 5600 μιᾷ
3401 5530 3523 5601 ῶρςι
3559 5532 3859 5600 ἠρημώθη.

2514 5620 2821 5690 Ἐμπόρους
2858 5620 3118 5686 δυνάμεις
3153 5622 3388 5692 οείας,ῆ
3433 5623 3698 5693 δαίμονας
3757 5625 4003 5693 νοητέον,

2430 5716 2479 5768 οἳ
2516 5714 2766 5783 συνεργοὶ
2797 5716 2911 5776 τοῖς
2943 5715 3212 5784 οὐρανοῖς,
3258 5716 3392 5784 πρὸς
3432 5715 3568 5783 ὅπερ
3599 5718 3898 5785 ἑκατέρους
3921 5718 4006 5769 «te

2434 5806 2786 5877 καταθύμιον.
2813 5807 3103 5879 Πόρρωθεν
3136 5808 3190 5860 δὲ
3227 5807 3432 5871 τούτοις
3463 5808 3755 5878 ἑκατέραή
3790 5810 4002 5875 στάσις,
