4252 6436
288 383 398 443 733

1347 397 1725 460 COMMENT.
1774 403 1851 461 IN
1893 410 1934 461 Α
1947 404 2335 464 POC.\LY['SI
2351 409 2416 466 Ν.

3429 416 3531 480 734

291 495 448 559 φησὶ,
488 493 576 546 διὰ
602 493 692 546 τδν
718 495 903 563 φίϐον.
939 498 1079 550 Ἀλλ’
1106 499 1327 566 ἄγγελοι
1361 504 1491 571 μὲν,
1535 505 1622 558 διὰ
1655 508 1712 559 τὺ
1765 508 1858 560 τοῦ
1893 512 1938 568 Α
1969 517 1970 558 1

1848 511 2161 568 iAhorum
2217 512 2532 580 assignatur
2589 515 2754 569 statio
2814 526 3038 585 propter
3093 518 3383 584 timorem,
3436 530 3527 579 sed

293 583 480 651 κριτοῦ
512 585 800 653 αὐστηρὸν.
829 588 963 656 ὅπερ
1003 592 1034 656 ἡ
1076 590 1183 641 τῶν
1224 593 1562 662 ἁμαρτωλῶν
1609 598 1860 652 ἀπείθεια

293 674 712 743 προευπόρισεν.
768 677 870 729 Τὸν
924 678 1088 745 φόϐον
1135 681 1191 733 δέ
1227 686 1336 745 τοῖς
1375 685 1624 751 δαίμοσιν
1675 690 1706 756 ἠ
1744 706 1858 740 κοιο

286 766 458 817 νωνία
484 767 592 818 τῶν
623 768 963 839 ἁμαρτωλῶν
988 771 1086 842 τῆς
1116 776 1385 844 τιμωρίας
1417 780 1726 848 ἐμποιήσει.

361 945 527 1007 Οὐαὶ,
575 947 728 1009 οὐαὶ,
780 949 817 1016 ἠ
855 950 1030 1016 πόλις
1062 954 1098 1019 ἠ
1147 955 1400 1022 μεγάλη,
1449 960 1486 1024 ἡ
1518 963 1857 1030 περιϐεϐλη-

282 1033 436 1101 ίιένη
460 1037 792 1099 βύσσινον.
839 1041 971 1094 Ἀπὸ
996 1043 1102 1094 τῶν
1127 1049 1417 1114 γνωρίμων
1441 1049 1548 1101 τῶν
1577 1053 1860 1121 ἐφυστεριο

286 1126 490 1188 ξόντων
545 1132 898 1201 παρέχειτὴν
949 1135 1170 1201 γνῶσιν.
1235 1138 1387 1191 Ἐπεὶ
1439 1136 1529 1192 οὖν
1582 1142 1856 1214 γνώριμος

287 1219 565 1284 Βαϐυλὼν,
593 1222 769 1293 πολλῷ
802 1225 1132 1296 ἐξυϐρίσασα
1165 1229 1397 1299 πλούτῳ,
1451 1232 1542 1284 ὑπ’
1580 1234 1703 1302 ὅᾲιν
1731 1235 1855 1302 ἄγει

282 1311 348 1360 τα
383 1311 551 1378 πάθη,
585 1312 672 1364 διὰ
693 1313 786 1365 τοῦ
834 1315 920 1366 ἐπ’
954 1317 1088 1386 αὐτῇ
1123 1317 1392 1385 βασιλείου
1417 1322 1628 1390 θρόνου,
1662 1324 1721 1376 τὸ
1765 1326 1855 1391 μὲ-

283 1397 443 1459 γεθος
477 1401 808 1469 ὑπογράφων
837 1403 937 1470 τῆς
993 1407 1298 1476 συμφορᾶς.
1335 1410 1441 1462 Καὶ
1476 1413 1535 1464 οὐ
1571 1412 1729 1481 μόνον
1777 1413 1854 1483 τῷ

282 1488 498 1559 πλούτῳ
529 1495 766 1563 παριστᾷ
796 1498 889 1546 καὶ
916 1498 980 1563 τῇ
1018 1497 1208 1548 τούτου
1241 1500 1484 1570 ἀπωλείᾳ⁸
1524 1502 1582 1553 τὸ
1613 1502 1806 1567 πένθος
1836 1543 1850 1566 ,

279 1580 416 1633 ἀλλᾶ
441 1583 533 1634 καὶ
583 1584 659 1652 τῷ
712 1586 863 1655 τάχει
917 1587 1015 1655 τῆς
1050 1587 1366 1660 διαφθορᾶς,
1422 1593 1512 1644 τὸν
1547 1594 1604 1657 ἐξ
1658 1595 1851 1660 αἰῶνος

279 1671 510 1725 πλοῦτον
545 1675 755 1744 ἡμέρας
813 1679 1072 1746 βραχείας
1129 1678 1206 1748 τῷ
1255 1682 1582 1752 διαστήματι
1637 1685 1849 1738 ἀποὲω-

277 1761 528 1818 lunias).
572 1765 634 1818 'H
667 1767 773 1837 γὰρ
801 1768 893 1819 τοῦ
935 1769 1138 1836 Κυρίου
1166 1770 1391 1841 δευτέρα
1443 1776 1736 1844 παρουσία,
1774 1779 1848 1840 ὡς

1964 603 2168 671 angelis
2212 603 2432 670 quidem
2473 615 2692 673 propter
2732 606 2935 673 jndicis
2986 609 3326 662 severitatem
3366 627 3530 680 quam

1963 703 2308 760 peccatorum
2355 692 2708 750 incredulitas
2760 700 3086 766 praeparavit
3134 715 3147 751 :
3195 699 3530 757 daemonibus

1961 798 2090 837 vero
2130 785 2380 839 timorem
2419 785 2672 840 immittet
2717 789 3061 858 participatio
3109 791 3362 859 supplicii
3408 808 3525 862 pec-

1960 883 2231 929 calorum.

2037 965 2162 1032 γω,
2219 949 2329 1032 vis,
2387 968 2571 1022 civitas
2614 968 2709 1020 illa
2762 987 2951 1038 magna
3011 989 3129 1042 qua:
3175 974 3371 1026 amicta
3415 985 3528 1027 erat

1958 1054 2132 1123 bysso.
2193 1058 2275 1110 Ab
2311 1058 2395 1113 his
2442 1072 2566 1127 qua
2617 1068 2743 1112 nota
2783 1071 2911 1114 sunt
2948 1064 3113 1117 tradit
3161 1079 3350 1118 eorum
3391 1066 3525 1118 noti-

1958 1146 2086 1200 tiam
2119 1163 2240 1217 quae
2311 1161 2437 1204 sunt
2484 1151 2538 1204 in
2591 1161 2867 1220 posterum
2923 1164 3335 1221 snperventura.
3377 1158 3525 1222 Quo-

1957 1237 2100 1290 niam
2159 1238 2323 1307 igitur
2375 1251 2561 1294 notum
2616 1250 2700 1294 est
2732 1242 2876 1310 quod
2919 1242 3154 1311 Babylon
3213 1244 3525 1298 divitiarum

1957 1330 2333 1398 magnitudine
2366 1332 2660 1384 lascivierit
2691 1351 2704 1386 :
2744 1333 2846 1385 sub
2881 1334 3070 1386 oculos
3098 1334 3248 1387 ducit
3280 1334 3524 1399 allectus,

1955 1434 2049 1486 per
2083 1422 2340 1474 thronum
2391 1423 2595 1492 regium
2632 1424 2776 1492 quod
2825 1425 2878 1476 in
2923 1425 3038 1494 ipsa
3073 1434 3230 1490 erat,
3259 1426 3520 1493 magnitu-

1953 1512 2133 1564 dinem
2160 1510 2475 1566 describens
2509 1513 2854 1578 calamitatis;
2893 1529 2992 1567 nec
3026 1514 3201 1567 solum
3255 1530 3352 1583 per
3384 1515 3522 1568 divi-

1954 1601 2055 1655 tias
2102 1616 2403 1670 earumque
2450 1603 2807 1671 perditionem
2868 1605 3069 1658 luctum
3108 1605 3381 1667 ostendit,
3429 1607 3523 1660 sed

1952 1690 2113 1743 etiam
2154 1692 2438 1746 velocitate
2480 1693 2650 1761 ipsius
2685 1694 3013 1748 calamitatis
3045 1713 3057 1746 :
3084 1697 3228 1763 quod
3269 1695 3467 1748 divitia:
3492 1711 3521 1747 a

1951 1783 2150 1836 saaculo
2183 1796 2518 1852 congregata:
2552 1785 2794 1840 brevium
2826 1786 3037 1839 dierum
3073 1785 3356 1839 intervallo
3402 1801 3517 1854 per-

275 1853 566 1922 ἀστραπῆς
597 1857 948 1912 ἐπελεύσεται
974 1860 1158 1931 τάχος,
1177 1862 1266 1915 τὸν
1292 1865 1630 1935 πολύμοχθον
1657 1869 1846 1937 ἀφανί-
1883 1849 1924 1904 Β

1840 1849 2142 1929 -Bierint.
2215 1873 2500 1930 Secundus
2574 1878 2717 1930 enim
2782 1876 2994 1931 Domini
3053 1877 3320 1930 adventus
3384 1878 3519 1931 sicut

275 1943 443 2007 ζουσα
475 1946 607 2016 βίον.

345 2125 453 2180 Καὶ
493 2126 610 2194 πᾶς
647 2133 1035 2201 κυϐερνήτης,
1065 2136 1163 2189 καὶ
1188 2136 1306 2203 πᾶς
1329 2138 1426 2190 ἐπὶ
1460 2138 1575 2193 τῶν
1615 2143 1847 2196 πλοίων

270 2220 495 2273 πλέων.
537 2221 1076 2294 Θαλάσσητροπικῶς
1104 2232 1131 2283 ό
1159 2229 1350 2301 παρὼν
1377 2232 1490 2301 βίος
1522 2237 1839 2309 παρεϐλήθη

269 2309 348 2371 ὼς
370 2310 580 2376 πολλοῖς
613 2315 707 2366 καὶ
749 2317 911 2378 αὐτὸς
937 2320 1228 2390 πράγμασι
1273 2325 1694 2393 κυμαινόμενος,
1739 2329 1844 2380 ὑπὸ

270 2401 802 2471 πνεύμασιμάλιστα
829 2405 1149 2477 δαιμονικῆς
1188 2409 1471 2480 ἐπηρείας.
1504 2413 1739 2475 Είκότως
1786 2415 1841 2467 δὲ

273 2490 371 2541 καὶ
429 2491 590 2544 πλοῖα
637 2494 694 2545 ἐν
736 2496 886 2564 αὑτῷ
926 2497 1304 2569 ὑπειλήφαμεν
1333 2501 1432 2564 τὰς
1467 2502 1572 2554 τῶν
1607 2505 1840 2574 ἐπισυμ-

267 2579 563 2636 6αινόντων
581 2587 918 2655 πραγμάτων
944 2591 1230 2657 ἐπιφορὰς,
1256 2587 1343 2654 αἷς
1368 2591 1609 2662 ὡσπερεὶ
1635 2594 1838 2658 πλοίοις

267 2672 546 2743 ἄνθρωποι
580 2678 954 2745 χρώμενοι,τὸ
983 2683 1079 2749 τῆς
1102 2683 1312 2734 ἑαυτῶν
1343 2685 1490 2752 ζωῆς
1523 2686 1838 2740 διαπλέουσι

268 2765 522 2829 πέλαγος.
569 2767 924 2838 κυϐερνήτας
976 2771 1053 2836 δὲ,
1110 2774 1330 2838 τούτους
1364 2775 1657 2840 λογιστέον,
1712 2779 1838 2841 τοὺς

264 2855 519 2925 ἀσφαλῶς
540 2857 615 2930 τῷ
641 2859 738 2931 βίῳ
761 2863 1092 2934 χρωμένους.
1118 2865 1334 2930 Ναύτας
1352 2868 1405 2921 δὲ
1430 2870 1522 2923 καὶ
1547 2870 1838 2941 πλωτῆρας

264 2952 356 3001 καὶ
393 2949 708 3014 θαλαττίους
730 2956 986 3023 ἐργάτας,
1042 2957 1134 3020 οὓς
1185 2960 1276 3010 καὶ
1309 2959 1631 3024 θαλαττίους
1669 2964 1832 3032 σοφός

262 3058 343 3103 τις
379 3043 514 3111 ἐρεῖ,
552 3045 677 3107 τοὺς
718 3046 846 3115 περὶ
884 3050 952 3097 τὰ
987 3047 1078 3100 τοῦ
1117 3050 1490 3119 πολυκύμονος
1547 3053 1698 3106 τοῦδε
1739 3055 1833 3107 τοῦ

1951 1964 2132 2035 fulgur
2161 1967 2339 2020 subito
2369 1968 2568 2031 veniet,
2594 1967 2684 2035 qui
2711 1969 2874 2020 vitam
2904 1969 3184 2022 laboribus
3213 1984 3275 2022 ac
3306 1968 3519 2037 ﬂagitiis

1945 2057 2158 2124 plenam
2192 2072 2221 2111 e
2261 2058 2441 2111 medio
2477 2060 2648 2112 tollat.

2019 2147 2086 2201 Et
2115 2151 2283 2201 omnis
2311 2150 2653 2219 gubernator,
2674 2161 2722 2204 et
2754 2153 2922 2204 onmis
2955 2154 3043 2221 qui
3083 2153 3136 2204 in
3169 2152 3386 2204 navibus
3423 2167 3516 2205 na-

1945 2239 2174 2305 vigabat.
2217 2239 2465 2294 Praesens
2497 2246 2606 2293 vita
2648 2243 2786 2294 mari
2825 2243 3030 2310 trOpice
3067 2250 3384 2308 comparata
3414 2248 3517 2304 est,

1942 2330 2100 2399 θοι
2169 2339 2226 2384 ιιι
2278 2346 2398 2399 qua:
2446 2331 2630 2384 multis
2682 2343 2736 2386 et
2773 2332 2887 2401 ipsa
2956 2333 3189 2402 negotiis
3255 2332 3517 2393 inundet,

1945 2423 2183 2476 maxime
2233 2437 2262 2474 a
2309 2422 2594 2490 spiritibus
2648 2423 2969 2477 daemoniaci
3022 2423 3280 2476 insultus.
3330 2421 3518 2476 Merito

1943 2525 2126 2566 autem
2154 2520 2208 2566 ct
2238 2515 2449 2582 navigia
2477 2529 2597 2583 quae
2626 2513 2678 2567 in
2716 2529 2782 2568 eo
2815 2524 2941 2568 sunt
2980 2514 3290 2583 accepimus
3345 2517 3513 2584 impe-

1943 2613 2030 2658 tus
2079 2603 2580 2670 supcrvenientium
2639 2605 3019 2672 negotiorum,
3087 2605 3287 2672 quibus
3348 2605 3512 2660 veluti

1942 2695 2172 2762 navigiis
2199 2694 2444 2747 homines
2473 2703 2708 2761 utentes,
2743 2711 2835 2765 per
2860 2697 2981 2749 vita:
3022 2711 3133 2750 sua":
3166 2697 3386 2766 pelagus
3421 2714 3513 2750 na-

1943 2789 2148 2856 vigant.
2204 2779 2610 2842 Gtibcrnatores
2666 2803 2796 2841 Vero
2857 2788 3187 2858 intelligendi
3238 2801 3364 2843 sunt
3419 2791 3524 2858 qui

1940 2881 2145 2952 absque
2181 2881 2425 2951 periculo
2464 2880 2574 2935 vita
2624 2889 2872 2936 utuntur.
2911 2880 3098 2935 Nauke
3121 2890 3302 2935 autem
3336 2891 3390 2936 et
3422 2898 3511 2936 vc-

1932 2982 2118 3026 rtores
2147 2987 2212 3026 ac
2261 2973 2458 3026 marini
2509 2973 2766 3041 operarii,
2802 2987 2943 3041 quos
2991 2974 3152 3026 etiam
3195 2972 3511 3036 θαλαττίους

1939 3065 2160 3133 Sapiens
2191 3067 2412 3134 quidam
2441 3065 2697 3133 appellat,
2743 3064 2988 3118 homines
3030 3072 3158 3116 sunt
3189 3063 3241 3115 in
3279 3063 3381 3116 huc
3415 3063 3509 3116 fiu-
3569 3094 3572 3101 -

263 3133 478 3202 κόσμου,
504 3137 854 3204 κεκμηκότας
885 3139 1225 3208 ἀνθρώπους,
1259 3141 1309 3193 οἳ
1342 3145 1544 3207 πάντες
1592 3147 1653 3198 τὸ
1691 3147 1832 3200 ἀπα·
1859 3178 1902 3239 C
1937 3178 1942 3206 ε

1828 3175 1902 3239 ’ρ
1937 3159 2144 3211 Ctuanti
2198 3133 2402 3210 mundo
2452 3156 2670 3220 defessi,
2709 3156 2801 3224 qui
2841 3170 3032 3209 omnes
3068 3151 3407 3207 infallibilem
3456 3163 3507 3207 rt

265 3225 589 3293 ραλόγιστον
644 3228 739 3281 καὶ
796 3229 1015 3293 πάντως
1045 3232 1304 3300 ἐσόμενον
1339 3233 1431 3287 τοῦ
1477 3235 1593 3305 βίου
1638 3239 1829 3290 τούτου

261 3316 415 3377 τέλος
446 3318 824 3386 ἐννοηθέντες,
881 3323 973 3373 καὶ
1024 3325 1156 3390 πρὶν
1204 3326 1422 3395 ἐπιστῇ,
1472 3326 1826 3395 ἐφυλάξαντο.

259 3406 430 3461 Τοῦτο
453 3410 558 3478 γαρ
587 3409 646 3461 τὸ
677 3412 948 3480 μακρόθεν
1001 3414 1225 3467 ἐστᾶναι
1261 3418 1494 3486 παρέχει
1525 3421 1687 3472 νοεῖν.
1720 3420 1831 3471 Καὶ

256 3501 339 3552 ὅτι
377 3501 489 3561 τοῖς
514 3500 738 3564 ἀτόποις
773 3503 1170 3573 ἐπιτηδεύμασι
1197 3505 1304 3558 τῶν
1336 3507 1830 3562 ἐνθαλαττευόντων

257 3592 652 3660 ἀπαραιτήτως
721 3593 1148 3664 ἐπακολουθήσει
1201 3597 1232 3665 ἡ
1298 3599 1577 3666 τιμωρία,
1639 3598 1828 3668 ῶσπερ

257 3681 447 3750 καπνῷ
471 3681 530 3734 τὺ
564 3682 694 3751 πῦρ,
724 3684 802 3736 διὸ
831 3686 921 3737 καὶ
946 3686 1136 3754 καπνῷ
1159 3688 1458 3757 παρείκασε
1481 3690 1581 3759 τὴν
1603 3690 1828 3760 προσδο-

257 3772 402 3835 κίαν,
424 3771 574 3840 δηλοῖ
597 3774 624 3824 ὁ
655 3774 844 3844 Σωτὴρ
880 3777 1062 3838 αὐτὸς,
1083 3778 1277 3846 λέγων·
1317 3797 1334 3829 ι
1366 3780 1597 3850 Ὠσπερ,
1635 3783 1821 3849 φησιν,

255 3867 286 3931 ὴ
321 3864 574 3934 ἀστραπὴ
621 3865 901 3935 ἐξέρχεται
927 3868 1034 3921 ἀπὸ
1094 3870 1368 3922 ἀνατολῶν
1391 3912 1406 3936 ,
1446 3874 1541 3924 καὶ
1575 3874 1823 3939 φαίνεται

255 3955 360 4016 ἕως
391 3956 610 4024 δυσμῶν
631 3997 644 4018 ,
680 3957 851 4020 οὕτως
890 3958 1042 4012 ἐσται
1071 3962 1103 4030 ἡ
1137 3962 1409 4030 παρουσία
1443 3961 1535 4014 τοῦ
1568 3961 1699 4015 Υίοῦ
1727 3961 1822 4015 τοῦ

257 4043 566 4114 ἀνθρώπου.
609 4063 626 4095 ι
662 4047 802 4116 Πυρλ⁵
827 4048 883 4100 δέ
915 4048 976 4100 τὸ
999 4049 1343 4122 ἐξεταστικὸν
1373 4051 1506 4120 πρὸς
1536 4051 1822 4122 ἀκρίϐειαν

255 4135 362 4187 τῶν
393 4139 799 4205 πεπραγμένων
832 4140 1204 4209 ἁφωμοίωται.
1242 4141 1479 4214 Εἰκότως
1509 4145 1562 4196 δὲ
1593 4146 1684 4197 καὶ
1718 4161 1823 4197 κα·-

256 4226 620 4294 ταπληκτικδν
660 4222 805 4283 οὗτοι
859 4231 1237 4301 κεκράξονται,
1296 4234 1388 4286 καὶ
1444 4235 1512 4286 τὰ
1550 4236 1820 4288 ἀκόλουθα

254 4317 361 4369 τῶν
387 4317 804 4388 θρηνῳῖούντων
827 4322 1246 4391 ὑποστήσονται,
1267 4325 1394 4394 χοῦν
1417 4327 1658 4395 καταχεά
1667 4344 1819 4397 μενοι

257 4409 361 4460 τῶν
393 4409 668 4476 κεφαλῶν,
696 4412 788 4464 καὶ
819 4415 923 4466 εῐτι
951 4413 1079 4467 ἄλλο
1109 4418 1220 4479 τοῖς
1273 4417 1640 4487 θρηνῳδοῦσιν
1689 4421 1818 4473 ἀκό⁹

255 4500 461 4564 λουθον,
495 4502 858 4568 ἐκτελοῦντες.

331 4591 410 4657 Τίς
445 4595 616 4660 ὁμοία
649 4593 718 4661 τῇ
740 4597 908 4650 πόλει
933 4596 1004 4665 τῇ
1030 4601 1298 4667 perdiu;
1338 4602 1450 4655 Οὐκ
1474 4602 1623 4657 ἔστιν
1654 4606 1821 4673 ἀλλην

258 4683 406 4733 πόλιν
445 4684 664 4752 εὑρεῖν,
719 4687 799 4738 ὃτι
837 4690 972 4758 μηδὲ
1030 4690 1190 4743 ἀλλον
1249 4695 1628 4763 Δημιουργὸν,
1685 4698 1818 4766 μηδὲ

255 4773 406 4825 ἄλλον
437 4777 657 4844 κόσμον.
692 4777 984 4832 Βαὸυλῶνα
1018 4781 1072 4833 δὲ
1099 4782 1286 4852 ἀλλην,
1324 4786 1416 4836 καὶ
1447 4786 1504 4836 ἐν
1556 4788 1819 4855 Αἰγύπτῳ

255 4863 396 4916 ἐστιν
423 4865 624 4932 εὑρεῖν,
676 4867 768 4920 καὶ
801 4867 972 4939 ταύτῃ
1005 4870 1196 4940 ὁμοίαν
1261 4873 1319 4925 ἐν
1357 4873 1494 4942 αὐτῇ
1556 4877 1816 4946 Αἰγύπτῳ

257 4955 391 5006 κατά
455 4955 515 5006 τὸ
577 4955 1013 5028 Ἡρακλεωτικὸν
1066 4961 1259 5014 Νείλου
1309 4964 1483 5032 στόμα
1567 4964 1816 5029 Ἀλεξάν-

255 5046 456 5114 ὂρειαν,
489 5048 581 5099 καὶ
609 5050 728 5099 κατ’
756 5049 1025 5122 Εὐρώπην
1054 5054 1179 5123 περὶ
1215 5057 1282 5107 τὰ
1331 5057 1666 5127 δυτικώτερα
1719 5061 1813 5113 καὶ

257 5139 476 5207 ἀρκτῷα
543 5137 792 5207 Ῥώμην,
854 5145 946 5195 καὶ
1000 5145 1138 5198 κατά
1195 5148 1664 5218 ἀνατολικώτερα,
1715 5154 1814 5221 τὴν

255 5229 341 5281 ἐπὶ
362 5229 636 5296 Βυζαντίῳ
668 5231 764 5300 τῆς
795 5235 1202 5289 Κωνσταντίνου
1232 5240 1535 5310 ἐπώνυμον.

235 5334 244 5341 ’
337 5323 440 5376 Ἐν
543 5324 934 5393 ἐπλούτησαν
961 5328 1201 5396 πάντες.
1271 5334 1547 5388 Ἐντεῦθεν
1580 5339 1817 5407 ἀναμφί-

259 5414 406 5466 ϐολον
432 5417 514 5468 ὃτι
559 5417 620 5469 οὐ
652 5418 778 5485 περὶ
810 5420 1066 5482 πόλεωςο
1099 5421 1252 5489 λόγος
1303 5427 1452 5493 μιᾶς,
1496 5428 1631 5481 ἀλλὰ
1683 5414 1812 5502 περὶ

261 5505 453 5565 παντὸς
477 5506 626 5559 τοῦδε
683 5508 775 5560 τοῦ
812 5509 1053 5580 φθαρτοῦ
1077 5515 1421 5582 συστήματος
1448 5517 1563 5571 ἔστι
1607 5517 1809 5573 λαϐεῖν.

250 5595 378 5649 υῦτε
413 5599 518 5667 γὰρ
551 5599 804 5655 Βαϐυλὼν
829 5643 843 5666 ,
895 5603 952 5656 οὐ
992 5605 1199 5676 Ῥώμη,
1237 5608 1335 5660 οὐκ
1384 5609 1518 5681 ἄλλη
1555 5612 1704 5674 πόλις
1747 5614 1810 5666 ἐκ

313 5776 354 5803 ’⁸
397 5773 582 5828 Matth.
618 5792 760 5837 xxiv,
796 5779 884 5836 ‘27.

1934 3247 2156 3299 omnino
2214 3245 2458 3299 futurum
2509 3246 2674 3314 hujus
2733 3246 2849 3298 vita
2908 3245 3200 3297 terminmu
3258 3244 3507 3297 conside-

1934 3343 2136 3398 rantes,
2168 3335 2329 3387 etiam
2361 3335 2514 3403 prius
2540 3350 2704 3403 quam
2742 3333 3050 3387 immineret
3077 3373 3093 3397 ,
3127 3335 3508 3388 observarunt.

1931 3423 2065 3478 Nam
2116 3426 2222 3480 hoc
2261 3426 2364 3480 sibi
2405 3427 2545 3491 vult,
2578 3436 2724 3482 stare
2759 3425 2966 3495 procul.
3011 3427 3166 3491 Quod
3202 3437 3379 3480 autem
3413 3427 3484 3481 ab

1931 3517 2096 3571 surda
2129 3518 2252 3571 vita:
2284 3519 2462 3572 studia
2493 3533 2684 3572 eorum
2713 3517 2805 3585 qui
2838 3519 2890 3570 in
2919 3517 3021 3571 hoc
3047 3517 3180 3569 mari
3213 3528 3505 3585 operantur

1932 3608 2318 3661 inevitabilitcr
2362 3609 2732 3676 subsequatur
2761 3607 3114 3677 supplicium,
3147 3608 3503 3675 quemadmo-

1930 3700 2059 3752 dum
2090 3700 2298 3753 fumum
2360 3701 2606 3768 sequitur
2654 3700 2827 3768 ignis,
2867 3707 3089 3768 propter
3137 3699 3281 3767 quod
3341 3701 3505 3752 etiam

1929 3786 2082 3841 fumo
2131 3791 2468 3858 comparavit
2523 3789 3030 3856 empectationem,
3081 3787 3197 3856 ipse
3259 3786 3503 3842 Salvator

1927 3880 2262 3945 manifestat,
2295 3883 2480 3935 dicens
2514 3901 2525 3934 :
2571 3901 2589 3932 ‹
2647 3881 2803 3936 Sicut
2838 3880 3020 3950 fulgur
3048 3882 3163 3935 exit
3193 3897 3222 3934 a
3260 3881 3503 3950 partibus

1925 3971 2165 4028 Orientis
2205 3982 2259 4025 et
2289 3985 2513 4042 apparet
2556 3988 2724 4041 usque
2756 3973 2821 4025 ad
2851 3982 3031 4040 partes
3058 3973 3394 4036 Occidentis,
3431 3974 3503 4025 ita

1925 4067 2030 4120 erit
2064 4067 2331 4120 adventus
2373 4065 2491 4119 Filii
2530 4065 2765 4118 hominis
2798 4065 2866 4117 ".
2907 4083 2923 4111 ›
2963 4064 3076 4134 lgni
3119 4079 3248 4118 vero
3278 4065 3500 4119 assimi-

1925 4158 2032 4212 lata
2084 4167 2168 4212 est
2201 4170 2389 4212 exacta
2435 4157 2712 4224 indagatio
2748 4155 3040 4209 factorum.
3088 4155 3281 4210 Merito
3317 4166 3500 4210 autem

1926 4251 1977 4303 hi
2011 4250 2284 4303 horrendo
2316 4250 2477 4302 modo
2504 4248 2836 4308 clamabunt,
2869 4255 2922 4299 et
2949 4263 3010 4300 ea
3048 4248 3348 4316 suscipient
3379 4263 3500 4316 qua:

1923 4341 2282 4394 lamentantes
2334 4347 2768 4406 consequuntur,
2827 4340 3004 4405 capita
3064 4340 3243 4392 cinere
3303 4353 3498 4408 asper-

1924 4443 2132 4500 gentes,
2182 4447 2245 4484 ac
2275 4441 2596 4499 peragentes
2626 4430 2674 4484 si.
2707 4430 2837 4498 quid
2873 4431 3020 4483 aliud
3048 4440 3151 4494 est,
3186 4431 3333 4500 quod
3372 4447 3496 4485 con.

1854 4507 1896 4560 Β
1927 4522 2172 4589 sequitur
2210 4522 2594 4574 lamentantes.

1992 4618 2124 4683 Qua:
2155 4617 2342 4668 similis
2371 4618 2572 4669 civitati
2597 4615 2718 4669 huic
2758 4618 3009 4685 magnae?
3038 4613 3156 4668 Non
3185 4622 3363 4684 potest
3395 4613 3494 4668 ali:-

1919 4711 2111 4762 civitas
2142 4708 2405 4772 inveniri,
2437 4709 2566 4777 quia
2615 4723 2791 4777 neque
2841 4708 2985 4762 alius
3019 4706 3282 4760 Conditor
3319 4720 3496 4771 neque

1919 4803 2058 4854 alius
2086 4799 2321 4854 mundus
2349 4817 2360 4852 :
2392 4780 2552 4868 porro
2579 4800 2740 4853 aliam
2764 4801 3092 4869 Bahylonem
3111 4805 3164 4849 et
3193 4796 3246 4848 in
3268 4794 3494 4863 Egypto

1919 4893 2044 4945 licet
2092 4892 2369 4954 invenire,
2398 4898 2455 4944 et
2485 4890 2612 4944 huic
2649 4891 2882 4944 similem
2930 4890 2984 4942 in
3032 4888 3220 4941 cadent
3265 4884 3494 4955 Egypte

1916 4987 2071 5055 juxta
2115 4983 2548 5038 lleracleoticum
2606 4983 2710 5036 Nili
2745 4983 2944 5036 ostium
2993 4979 3410 5039 Alexandriam,
3443 4985 3490 5027 et

1924 5079 1978 5132 in
2005 5077 2219 5146 Europa
2261 5077 2325 5129 ad
2360 5076 2814 5130 occidentaliores
2850 5088 2902 5129 et
2928 5075 3277 5142 aquilonares
3305 5072 3491 5126 mundi

1925 5178 2108 5238 partes
2133 5169 2380 5230 Romam,
2403 5177 2454 5221 et
2489 5167 2540 5219 in
2565 5167 2923 5220 orientalibus
2949 5166 3050 5219 sub
3078 5165 3336 5234 Byzantio
3367 5177 3488 5221 eam

1919 5269 2040 5323 quae
2077 5270 2106 5306 a
2139 5253 2498 5307 Constantino
2529 5269 2728 5307 nomen
2759 5255 2985 5321 accepit.

1990 5343 2054 5396 In
2099 5360 2201 5412 qua
2240 5345 2425 5396 divites
2467 5345 2596 5412 facti
2649 5355 2768 5399 sunt
2815 5361 3012 5399 omnes.
3065 5341 3203 5398 Hinc
3243 5343 3486 5398 certissi-

1916 5453 2064 5490 mum
2100 5445 2181 5491 est
2226 5435 2372 5504 quod
2408 5452 2516 5490 non
2549 5438 2616 5490 de
2646 5453 2748 5489 una
2777 5437 2997 5490 civitate
3035 5439 3107 5490 sit
3138 5451 3339 5501 sermo,
3388 5437 3483 5490 sed

1912 5527 1978 5580 de
2039 5530 2294 5580 universo
2339 5527 2440 5580 hoc
2475 5526 2813 5595 corruptibili
2864 5526 2995 5580 orbe
3050 5527 3173 5578 licet
3210 5526 3483 5594 accipere.

1913 5617 2095 5688 Neque
2129 5618 2272 5672 enim
2326 5617 2566 5689 Babylon
2612 5633 2786 5688 neque
2819 5617 3011 5684 Roma,
3045 5631 3220 5687 neque
3269 5616 3374 5672 alia
3404 5617 3482 5672 ci-
