4252 6436
771 413 881 475 739

1609 406 1933 467 ΑΗΕΤΠίΕ
1967 404 2344 467 (ΣΕΒΑΒΕᾸΞ
2381 406 2859 470 [ΙΛΡΡΑΒΟΟΙΑΞ
2892 409 3231 473 EPISCOPI

3931 412 4044 478 740

771 522 980 593 byssina
1012 520 1285 589 splendido
1315 529 1364 573 et
1398 534 1530 586 puro
1570 533 1589 569 :
1632 533 1751 569 nam
1783 517 2054 584 byssinum
2081 516 2351 585 justiﬁca-
2379 535 2429 593 Α
2453 518 2554 571 ira
2584 519 2969 587 περιϐάληται
2993 522 3231 585 βύσσιν

2453 518 2554 571 ira
2584 519 2969 587 περιϐάληται
2993 522 3306 585 βύσσινον
3324 524 3604 591 λαμπρὸν
3631 522 3727 575 καὶ
3752 526 4039 591 καθαρόν.

770 616 937 666 tiones
969 623 1089 665 sunt
1132 622 1456 664 sanctorum.
1500 607 1565 661 Et
1615 608 1693 661 ait
1728 608 1853 660 mihi
1885 622 1901 658 :
1935 605 2156 661 Scribe:
2195 607 2349 662 Beati

767 707 859 774 qui
894 706 961 757 ad
1006 717 1205 755 canam
1242 702 1545 767 nultiarum
1571 699 1698 768 agni
1728 699 1899 751 vocali
1931 708 2073 752 sunt.
2126 697 2191 751 Et
2217 699 2347 751 dicit

773 798 902 851 milii
943 814 959 851 :
1005 795 1077 848 Hi
1129 811 1390 848 sermones
1450 793 1542 847 Dei
1587 793 1691 846 veri
1744 801 1886 846 sunt.
1932 791 1999 845 Et
2041 792 2247 859 procidi
2281 794 2352 843 ad

771 890 924 958 pedes
955 887 1068 956 ejus
1109 897 1163 938 ut
1192 891 1471 940 adorarem
1510 899 1648 938 eum.
1683 882 1749 935 Et
1783 884 1858 937 ait
1901 884 2027 935 mihi
2066 898 2083 935 :
2138 881 2263 936 Vide
2290 899 2352 936 ne

771 981 953 1048 feceris
987 993 1005 1029 :
1037 993 1310 1031 conservus
1342 989 1461 1031 tuus
1492 993 1629 1038 sum,
1663 983 1710 1027 et
1743 977 1970 1043 fratrum
2010 982 2220 1027 tuorum
2257 975 2353 1027 ha-

773 1070 1001 1124 bentium
1051 1070 1410 1122 tnstimonium
1444 1065 1577 1120 Jesu
1612 1082 1630 1119 :
1666 1066 1827 1119 Deum
1857 1064 2051 1118 adora.
2094 1063 2351 1119 Testimo-

775 1163 923 1214 nium
946 1162 1081 1215 enim
1110 1160 1243 1213 Filii
1270 1170 1347 1214 est
1379 1160 1599 1228 spiritus
1628 1157 1931 1226 prophetiae.

2462 611 2529 661 Td
2557 611 2667 679 γὰρ
2688 612 3018 677 βύσσινον,
3048 614 3120 666 τὰ
3144 612 3504 681 δικαιώματα
3530 613 3649 666 τῶν
3669 615 3851 682 ἁγίων
3878 614 4042 670 ἐστί.

2457 701 2562 754 Kal
2593 701 2755 771 λέγει
2766 720 2890 770 μοι·
2911 704 3181 771 Γράψονο
3200 704 3487 773 Μακάριοι
3511 707 3564 757 ol
3586 707 3673 769 είς
3699 705 3764 759 τὸ
3791 704 4045 759 δεῖπνον

2450 792 2555 844 τοῦ
2582 790 2772 859 γάμου
2800 792 2904 847 τοῦ
2933 794 3147 862 ἀρνίου
3175 794 3555 863 κεκλημένοι.
3593 796 3704 849 Kal
3732 796 3895 865 λέγει
3912 813 4042 865 μοι·

2454 878 2629 937 Οὗτοι
2654 886 2706 936 oi
2729 885 2897 954 λόγοι
2927 884 3202 952 ἀληθινοί
3226 887 3335 939 τοῦ
3370 888 3519 941 Θεοῦ
3549 890 3688 943 εισι.
3746 886 3855 941 Kal
3902 888 4046 939 ἕπε-

2448 976 2565 1027 σον
2587 974 2927 1042 ἔμπροσθεν
2954 976 3071 1029 τῶν
3107 978 3312 1032 ποδῶν
3352 980 3561 1041 αὑτοῦ,
3608 978 4045 1047 προσκυνῆσαι

2449 1064 2629 1130 αὐτῷ,
2654 1066 2750 1119 καὶ
2778 1066 2939 1136 λέγει
2970 1086 3073 1138 μοι
3101 1085 3115 1100 ο
3152 1069 3322 1138 ”Οριι,
3353 1072 3460 1139 μή.
3526 1071 3871 1134 Σύνδουλός
3919 1072 4042 1123 σού

2450 1160 2585 1226 ειμι,
2627 1158 2725 1211 καὶ
2764 1159 2883 1213 τῶν
2923 1160 3205 1230 ἀδελφῶν
3253 1176 3371 1215 σου
3416 1162 3536 1215 τῶν
3598 1161 3863 1228 ἐχόντων
3918 1160 4043 1226 τὴν

767 1254 1101 1321 μαρτυρίαν
1132 1249 1339 1317 Ἰησοῦ
1362 1266 1374 1278 ·
1405 1249 1486 1314 τῷ
1524 1248 1644 1314 Θεῷ
1675 1246 2139 1317 προσκύνησον·
2163 1246 2202 1315 ἠ
2268 1247 2378 1315 γὰρ
2408 1250 2710 1317 μαρτυρία
2746 1249 2854 1303 τοῦ
2892 1250 3028 1304 Υίοῦ
3050 1251 3182 1305 ἐστι
3254 1251 3321 1305 τὸ
3371 1251 3609 1321 πνεῦμα
3654 1253 3766 1321 τῆς
3799 1265 4045 1320 προεξη-

774 1364 956 1410 τείας.

844 1434 1170 1506 Spirituales
1215 1432 1429 1487 Domini
1459 1431 1661 1501 nuptiae
1692 1431 1746 1484 in
1792 1431 2048 1500 praesenti
2080 1433 2188 1484 vita
2221 1435 2347 1483 sunt

772 1528 845 1583 ob
888 1526 1372 1595 desponsationem
1419 1537 1545 1576 cum
1579 1521 1847 1586 Ecclesia,
1883 1532 1937 1577 et
1982 1522 2056 1575 ita
2099 1520 2352 1591 perfectio

774 1621 1000 1688 napum.
1034 1619 1209 1685 Atque
1245 1618 1347 1669 hoc
1380 1615 1560 1669 innuit
1594 1614 1755 1669 divus
1788 1614 2082 1683 Apostolus
2107 1613 2353 1666 scribens

773 1715 839 1768 ad
867 1711 1181 1766 Corinthios
1212 1727 1225 1762 :
1274 1727 1291 1759 ι
1331 1708 1525 1777 Aptavi
1565 1707 1712 1760 enim
1741 1723 1837 1761 vos
1877 1708 1968 1761 uni
2008 1709 2122 1759 viro
2156 1714 2215 1759 ut
2246 1703 2356 1755 vir-

774 1805 953 1875 ginem
987 1811 1194 1857 castam
1228 1799 1541 1853 exhiberem
1572 1797 1792 1852 Christo
1812 1798 1880 1848 θ’.
1920 1816 1938 1847 s

852 1895 919 1948 Et
965 1911 1098 1949 uxor
1142 1894 1327 1959 ipsius.
1395 1890 1633 1944 Uxorem
1674 1890 1945 1957 allegoria:
1987 1887 2152 1957 805
2194 1895 2350 1955 tropo

774 1998 931 2041 vorat
957 1984 1280 2047 Ecclesiain,
1316 1983 1439 2037 ideo
1466 1992 1522 2035 et
1555 1981 1649 2034 lilii
1687 1981 1886 2049 nuptis:
1914 1979 2271 2044 inducuntur,
2299 1989 2354 2033 et

774 2078 1015 2147 virgines
1069 2085 1200 2130 sunt
1254 2089 1372 2144 qua:
1406 2073 1590 2127 lerunt
1637 2071 1947 2141 lampades,
1989 2086 2223 2141 quarum
2272 2074 2353 2126 lim

774 2186 896 2240 quae
946 2167 1235 2222 suﬂicienti
1269 2180 1381 2219 usa:
1415 2172 1544 2217 sunt
1590 2164 1730 2224 oleo.
1777 2164 1955 2233 dignae
1990 2162 2187 2216 habita:
2225 2172 2355 2217 sunt

777 2270 835 2314 ut
877 2259 947 2311 ad
998 2270 1260 2326 sponsum
1310 2252 1774 2323 ingrederentur:
1822 2266 1944 2320 quae
1972 2266 2100 2305 vero
2139 2250 2193 2305 in
2234 2250 2354 2321 ejus

776 2353 958 2419 inopia
1011 2357 1142 2405 sunt
1182 2334 1556 2417 deprehensae,
1592 2344 1966 2400 condemnata:
2007 2352 2133 2398 sunt
2165 2358 2231 2398 ne
2271 2344 2355 2398 in-

777 2440 1135 2511 grederentur
1172 2455 1186 2491 :
1238 2435 1701 2505 quemadmodum
1732 2448 1865 2488 sane
1888 2443 1942 2488 et
1984 2432 2031 2488 is
2080 2433 2173 2503 qui
2204 2443 2355 2489 veste

778 2548 885 2586 non
941 2531 1042 2585 fuit
1081 2530 1307 2584 indutus
1352 2527 1607 2596 nuptiali,
1656 2534 1912 2582 ostensus
1960 2534 2041 2581 est
2092 2541 2122 2581 a
2167 2541 2353 2581 mensa

776 2624 1004 2693 nuptiali
1055 2621 1348 2676 excidisse.
1382 2620 1472 2674 Ait
1504 2628 1683 2674 autem
1720 2620 1907 2675 datum
1957 2618 2127 2674 fuisse
2173 2620 2352 2685 uxori,

776 2715 829 2769 id
867 2722 952 2767 est
997 2711 1276 2776 Ecclesiae,
1332 2719 1393 2765 ut
1438 2710 1668 2781 hyssino
1703 2709 2049 2775 indueretur,
2083 2710 2186 2763 hoc
2231 2717 2353 2770 est,

777 2806 1084 2875 splendore.
1142 2803 1277 2858 Nam
1316 2802 1633 2872 huiusmodi
1685 2810 1768 2855 est
1816 2810 1869 2855 et
1926 2802 2122 2873 byssus
2166 2811 2354 2855 cortex

777 2899 992 2952 arboris
1035 2896 1253 2959 Indicas,
1289 2908 1412 2964 quze
1450 2894 1513 2947 ad
1546 2894 1717 2947 linum
1764 2903 2123 2964 praeparatur.
2162 2892 2354 2962 Splen-

773 2988 907 3042 dore
942 2987 1108 3057 igitur
1150 3000 1250 3056 per
1285 2984 1568 3056 byssinum
1600 2984 1911 3054 signiﬁcato
1943 2984 1963 3052 (
1991 2984 2141 3053 quod
2174 2985 2351 3054 ipsum

776 3093 1019 3148 praesens
1086 3090 1308 3147 quoque
1384 3076 1645 3131 revelatio
1722 3076 2096 3139 demonstrat,
2165 3076 2354 3131 dicens

2549 1432 2591 1481 Ο
2613 1430 2671 1482 ὲν
2695 1430 2774 1499 τῷ
2802 1428 3030 1498 παρόντι
3077 1431 3443 1496 πνευματικὸς
3472 1432 3652 1501 γάμος
3699 1434 3795 1486 τοῦ
3827 1436 4039 1505 Κυρίου

2450 1517 2543 1569 ἐπὶ
2571 1520 2638 1587 τῇ
2665 1518 2803 1586 πρὸς
2828 1519 2927 1589 τὴν
2959 1519 3289 1589 Ἐκκλησίαν
3319 1522 3588 1593 μνηστείᾳ
3610 1524 3749 1587 ἐστὶ,
3776 1526 3869 1579 καὶ
3888 1526 4040 1580 οὕτω

2452 1607 2654 1670 τέλειος
2689 1609 2885 1676 γάμος.
2916 1610 3026 1661 Καὶ
3060 1609 3220 1662 τοῦτο
3248 1610 3540 1663 αἰνίττεται
3565 1613 3593 1665 δ
3621 1612 3761 1676 θεῖος
3777 1614 4042 1669 Ἀπὸστο-

2452 1700 2541 1761 λος
2575 1698 2880 1767 Κορινθίοις
2896 1701 3146 1769 γράφων
3193 1718 3212 1751 ι
3254 1701 3615 1771 Ἦρμοσάμην
3638 1704 3747 1773 γὰρ
3781 1706 3924 1774 ὑμᾶς
3954 1708 4043 1759 ἑνὶ

2388 1828 2430 1883 Β
2457 1789 2613 1860 ἀνδρὶ
2643 1790 2911 1859 παρθένον
2941 1791 3110 1859 ἁγνὴν
3141 1793 3491 1862 παραστῆσαι
3525 1794 3604 1864 τῷ
3624 1795 3864 1865 Χριστῷ.
3908 1817 3926 1847 ι

2528 1882 2637 1935 Kal
2665 1884 2703 1950 ἠ
2723 1882 2873 1951 γυνὴ
2892 1883 3099 1937 αὑτοῦ.
3134 1884 3373 1938 Γυναῖκα
3394 1887 3495 1956 τὴν
3524 1886 3854 1958 Ἐκκλησίαν
3868 1890 4040 1959 ἀλλη-

2457 1974 2651 2044 γορίας
2685 1976 2872 2046 τρόπῳ
2892 1978 3068 2042 καλεῖ,
3111 1977 3193 2030 διὸ
3226 1978 3322 2031 καὶ
3368 1978 3545 2048 γάμος
3574 1980 3858 2048 εἰσάγεται
3884 1982 4038 2045 Via-3,

2458 2066 2554 2119 καὶ
2581 2066 2842 2137 παρθένοι
2864 2066 3298 2140 λαμωδοφόροι,
3329 2063 3406 2124 ὧν
3431 2072 3486 2123 al
3531 2072 3632 2139 μὲν
3666 2072 3880 2143 διαρκεῖ
3903 2091 4045 2144 χρη·

2460 2158 2695 2228 σὰμεναι
2746 2159 2824 2228 τῷ
2873 2160 3062 2231 ἐλαίῳ,
3112 2162 3212 2231 τῆς
3253 2164 3333 2226 είς
3384 2163 3475 2216 τὸν
3517 2165 3780 2234 νυμφῶνα.
3826 2168 4037 2220 είσὸδου

2459 2249 2739 2317 ἠξίωνται,
2764 2249 2901 2304 αἰδὲ
2936 2252 3117 2324 σπάνῃ
3155 2252 3350 2306 τούτου
3401 2253 3726 2322 λειφθεῖσαι,
3747 2256 4040 2326 θυραυλεῖν

2460 2341 2888 2411 κατεκρίθησαν,
2937 2341 3128 2414 ὥσπερ
3160 2344 3353 2413 ἀμέλει
3384 2347 3480 2398 καὶ
3508 2345 3535 2398 ὁ
3564 2348 3639 2417 μὴ
3671 2348 3852 2417 γάμου
3887 2348 4041 2401 ἐνδυ-

2462 2448 2539 2501 μα
2567 2433 2967 2502 ἠμφιεσμένος,
3016 2434 3298 2501 ἐκπτωτος
3340 2436 3440 2508 τῆς
3468 2438 3715 2508 γαμικῆς
3746 2440 4041 2513 ἀπεφάνθη

2458 2525 2756 2592 τραπέζης.
2793 2524 3051 2579 Δεδόσθαι
3100 2524 3157 2577 δέ.
3194 2542 3329 2595 φησι
3381 2532 3449 2599 τῇ
3485 2531 3725 2597 γυναικὶ,
3761 2532 4036 2592 τουτέστι.

2458 2615 2525 2684 τῇ
2586 2614 2920 2685 Ἐκκλησία,
2974 2616 3035 2670 τὸ
3091 2615 3343 2686 βύσσινον
3391 2619 3759 2685 δνδύσασθαι,
3792 2622 4040 2675 οίονεὶτδ

2459 2703 2730 2774 λαμπρόν.
2762 2707 2806 2759 Τ
2807 2706 3016 2760 οιοῦτον
3041 2707 3150 2778 γὰρ
3167 2708 3263 2762 καὶ
3292 2710 3328 2779 ἠ
3361 2708 3578 2779 βύσσος,
3613 2712 3798 2782 φλοιὸν
3816 2713 4037 2785 δένδρου

2476 2794 2721 2859 Ἰνδικοῦ,
2778 2798 2859 2860 είς
2904 2797 3049 2852 λίνον
3103 2801 3571 2873 κατειργασμένη.
3627 2803 3736 2857 Τοῦ
3776 2805 4035 2875 λαμπροῦ

2460 2886 2640 2940 τοίνυν
2669 2887 2761 2941 διὰ
2801 2888 2895 2942 τοῦ
2956 2889 3210 2959 βυσσίνου
3241 2892 3577 2962 δηλωθέντος
3599 2936 3615 2960 ,
3641 2895 3670 2949 δ
3702 2900 3797 2951 καὶ
3836 2899 3973 2952 αὐτὸ
4002 2900 4037 2967 ἠ

2461 2978 2797 3048 προκειμένη
2840 2980 3187 3052 ἀποκάλυψις
3240 2987 3504 3056 παριστᾷ,
3549 2987 3611 3040 τὸ
3664 2987 3917 3058 λαμπρὸν
3957 2992 4038 3043 sl-

2461 3067 2638 3121 ποῦσα.
2660 3071 2752 3123 καὶ
2778 3070 3043 3143 καθαρὸν,
3079 3074 3131 3127 τί
3153 3076 3218 3127 ἂν
3248 3076 3378 3129 ἄλλο
3406 3076 3710 3148 ἐννοηθείη,
3740 3079 3774 3148 ἢ
3806 3081 3861 3132 al
3899 3082 4034 3149 ἀρε-

777 3168 1122 3238 splendidum
1154 3174 1209 3223 et
1235 3166 1453 3239 purum)
1481 3169 1609 3236 quid
1642 3168 1790 3222 aliud
1833 3168 2167 3237 intelligetur
2190 3182 2354 3238 quam
2385 3179 2428 3239 ο
2460 3160 2575 3223 ταὶ,
2622 3155 2710 3225 αἶς
2760 3164 2821 3215 τὸ
2856 3162 3109 3235 λαμπρὸν
3144 3167 3231 3219 καὶ

2460 3160 2575 3223 ταὶ,
2622 3155 2710 3225 αἷς
2760 3164 2821 3215 τὸ
2856 3162 3109 3235 λαμπρὸν
3144 3167 3240 3220 καὶ
3282 3167 3499 3234 λεπτὸν,
3534 3172 3649 3232 τοῖς
3676 3170 4038 3242 διανοήμασιν

778 3261 1045 3323 virtutes,
1100 3274 1131 3313 e
1184 3259 1387 3329 quibus
1429 3258 1686 3328 splendor
1736 3273 1801 3313 ac
1836 3260 2117 3314 subtilitas
2151 3260 2353 3314 texitur

777 3350 1310 3405 considerationibus
1347 3350 1655 3405 divinarum
1687 3349 2187 3419 justlﬁcationumﬂ

853 3439 1001 3493 Beati
1039 3442 1127 3509 qui
1159 3440 1229 3492 ad
1263 3456 1461 3494 ranam
1503 3442 1809 3509 nuptiarum
1845 3444 1968 3511 agni
1997 3443 2166 3496 vocati
2206 3451 2349 3495 sunt.

779 3530 1001 3600 Utique,
1038 3533 1083 3585 si
1109 3532 1272 3586 etiam
1302 3531 1646 3587 vocationem
1681 3542 1985 3603 sequantur
2010 3542 2067 3588 ut
2096 3541 2311 3602 oportet
2336 3548 2351 3585 :

776 3624 980 3678 multos
1015 3638 1250 3693 namque
1277 3623 1330 3677 in
1377 3623 1670 3696 Evangelio
1699 3626 1903 3680 scimus
1948 3641 2071 3681 esse.
2112 3635 2351 3689 vocatos,

781 3730 988 3785 paucos
1007 3731 1136 3770 vero
1165 3717 1389 3772 electos.
1412 3716 1599 3787 Neque
1623 3718 1771 3773 enim
1798 3718 1994 3774 suﬂicit
2020 3718 2251 3773 allectus
2280 3716 2348 3772 ad

777 3806 1144 3871 vocationem,
1202 3806 1309 3862 nisi
1349 3808 1612 3863 etiamad
1672 3809 2015 3880 propositum
2089 3818 2354 3879 sequatur

772 3896 939 3964 agilis
968 3896 1254 3964 impulsus.

865 3984 993 4041 Vide
1020 4003 1082 4041 ne
1127 3988 1334 4056 feceris.
1366 3986 1444 4042 Ne
1485 4002 1573 4043 me
1624 3987 1840 4054 adores,
1876 3989 2053 4059 inquit
2104 3991 2351 4062 angelus,

777 4086 1042 4145 tanquam
1093 4076 1271 4141 futura
1302 4078 1689 4148 praedicentem
1722 4098 1736 4133 :
1773 4095 1949 4149 neque
1989 4080 2137 4135 enim
2171 4096 2352 4136 meum

780 4176 866 4221 est
894 4168 999 4221 hoc
1028 4169 1332 4239 prophetia:
1361 4169 1647 4235 indicium,
1688 4172 1783 4227 sed
1826 4171 2195 4229 confessionis
2226 4188 2354 4243 pro-

780 4266 900 4325 pter
938 4256 1220 4312 Christum
1272 4273 1667 4315 conservorum
1718 4274 1963 4315 meorum
2004 4279 2017 4315 :
2070 4278 2196 4317 nam
2239 4264 2353 4319 haec

778 4358 864 4400 est
898 4362 1017 4415 quae
1050 4348 1302 4417 spiritum
1332 4351 1710 4417 propheticum
1739 4352 2016 4406 conciliat.

854 4435 1231 4491 Testimonium
1282 4441 1421 4493 enim
1467 4438 1598 4495 Filii
1657 4451 1734 4495 est
1786 4443 2003 4510 spiritus
2044 4446 2347 4512 praphetite.

2458 3249 2802 3321 ἐξυφαίνεται
2825 3254 2934 3307 τῶν
2966 3255 3125 3311 θείων
3146 3257 3531 3329 δικαιωμάτων
3551 3276 3566 3327 ;

2526 3432 2814 3501 Μακάριοι
2842 3436 2901 3487 οί
2919 3437 3005 3503 είς
3034 3440 3098 3491 τὸ
3127 3438 3380 3493 δεῖπνον
3408 3439 3516 3494 τοῦ
3540 3443 3730 3511 γάμου
3762 3443 3869 3498 τοῦ
3925 3445 4033 3514 ἀρ-

2456 3525 2591 3578 νίου
2626 3527 3008 3596 κεκλημένοι.
3052 3531 3162 3583 Καὶ
3182 3532 3244 3603 δή
3276 3548 3339 3600 γε
3371 3534 3464 3585 καὶ
3491 3536 3629 3602 μετὰ
3680 3536 3782 3605 τὴν
3838 3538 4035 3606 κλῆσιν

2456 3616 2729 3683 ἀπιόντες,
2761 3618 2836 3681 ὡς
2862 3619 2963 3675 δεῖ.
3002 3621 3236 3685 Πολλοὺς
3273 3622 3384 3694 γὰρ
3438 3625 3597 3696 ίσμεν
3619 3629 3679 3681 ἐν
3708 3628 3787 3698 τῷ
3846 3629 4031 3698 Εὐαγ-

2454 3707 2619 3777 γελίῳ
2647 3710 3040 3781 κεκλημένους,
3073 3713 3285 3782 ὀλίγους
3312 3714 3368 3768 δὲ
3412 3717 3537 3780 τοὺς
3592 3719 3905 3781 ἐκλεκτούς.
3945 3722 4023 3773 Οὐ

2453 3800 2562 3871 γὰρ
2588 3802 2621 3869 ἡ
2653 3802 2788 3871 πρὸς
2812 3802 2912 3872 τὴν
2936 3803 3131 3873 κλῆσιν
3152 3805 3299 3877 ὁρμὴ
3326 3804 3569 3878 ἐξαρκεῖ,
3602 3809 3668 3863 ἂν
3703 3809 3780 3882 μὴ
3811 3812 3907 3865 καὶ
3933 3830 4035 3882 με-

2454 3892 2770 3961 ταχείρησις
2800 3892 3063 3965 εὔδρομος
3154 3900 3221 3967 τῇ
3252 3900 3533 3969 προθέσει.

2530 3978 2707 4038 Οὗτοι
2764 3986 2819 4037 οί
2874 3986 3043 4056 λόγοι
3096 3988 3398 4056 ἀληθινοί.
3468 3992 3561 4062 Μὴ
3590 3995 3888 4064 προσκύνει
3938 4012 4033 4065 με,

2454 4073 2619 4142 φησὶν
2647 4074 2675 4125 ὁ
2707 4076 2955 4141 ἄγγελος,
2984 4078 3061 4141 ὡς
3096 4080 3166 4133 τὰ
3224 4081 3484 4151 μέλλοντα
3551 4086 3904 4154 προλέγοντα.
3955 4090 4033 4142 Οὐ

2453 4166 2563 4235 γὰρ
2592 4166 2725 4235 ἐμὸν
2751 4167 2907 4221 τοῦτο
2928 4170 3029 4239 τῆς
3060 4174 3395 4242 προφητείας
3421 4174 3481 4227 τὸ
3527 4176 3836 4246 γνώρισμα,
3887 4181 4028 4235 ἀλλὰ

2452 4260 2550 4324 τῆς
2580 4258 2668 4313 διὰ
2687 4261 2778 4314 τὸν
2803 4262 3039 4332 Χριστὸν
3073 4264 3364 4334 ὁμολογίας
3406 4267 3515 4321 τῶν
3548 4269 3859 4323 συνδούλων
3900 4289 4028 4339 μου.

2451 4349 2599 4419 Αὕτη
2631 4351 2738 4421 γάρ
2774 4353 2890 4405 ἐστι
2913 4356 3148 4424 χορηγὸς
3172 4357 3267 4411 τοῦ
3300 4360 3642 4431 προφητικοῦ
3693 4365 4031 4433 πνεύματος.

2540 4443 2600 4499 Ἡ
2622 4443 2730 4512 γὰρ
2752 4448 3052 4515 μαρτυρία
3081 4449 3187 4503 τοῦ
3226 4450 3363 4504 Υίοῦ
3390 4451 3523 4506 ἐστι
3557 4453 3625 4507 τὸ
3656 4456 3897 4524 πνεῦμα
3920 4457 4035 4526 τῆς

781 4523 896 4578 lloc
936 4537 1044 4590 est,
1094 4531 1386 4584 retributio
1414 4533 1710 4588 testimonii
1752 4507 1879 4589 iacti
1905 4549 2007 4605 pro
2023 4507 2243 4591 Christo
2271 4548 2356 4592 est
2385 4507 2428 4562 θ
2460 4536 2849 4601 προφητείας.
2893 4536 3039 4589 Ἀντὶ
3077 4537 3175 4607 τῆς

2460 4507 2850 4601 προφητοίος;
2893 4507 3039 4589 Ἀντὶ
3077 4537 3175 4607 τῆς
3236 4539 3475 4609 ἀμοιϐῆς
3525 4544 3624 4613 τῆς
3664 4507 3751 4599 διὰ

781 4618 987 4671 donum
1022 4620 1423 4688 propheticum,
1456 4623 1602 4678 sicut
1638 4634 1723 4680 est
1764 4626 1929 4679 etiam
1957 4627 2133 4680 eidem
2159 4628 2355 4693 simile,

782 4706 966 4775 inquit
990 4708 1240 4777 angelus.
1265 4709 1548 4781 Siquidem
1579 4714 1905 4783 prophetare
1932 4713 2064 4769 mihi
2098 4716 2353 4769 traditum

778 4808 861 4853 est
894 4809 1120 4869 propter
1150 4816 1445 4859 conservos
1479 4818 1631 4859 meos
1667 4814 1953 4876 martyres.

1333 4970 1561 5027 CAPUT
1606 4973 1788 5029 LVIII.

778 5076 1055 5159 Quomodo
1086 5078 1271 5133 viderit
1304 5081 1643 5159 Evangelista
1664 5084 1931 5159 Christum
1957 5103 2088 5159 equo
2115 5089 2349 5145 insiden-

849 5156 949 5226 tem
997 5163 1115 5200 cum
1174 5155 1519 5218 potestatibus
1571 5157 1822 5226 angelicis
1888 5155 2140 5213 terrorem
2198 5163 2346 5215 incu-

848 5228 1082 5270 tremens.

844 5325 991 5390 XIX.
1038 5330 1220 5387 ll-M.
1275 5330 1345 5385 Et
1395 5333 1504 5387 vidi
1556 5335 1741 5390 mlum
1804 5347 2087 5407 apertum:
2133 5352 2182 5396 et
2232 5358 2348 5397 ecce

2456 4627 2784 4705 μαρτυρίας,
2842 4627 2904 4680 τὸ
2960 4631 3298 4699 προφητικὸν
3344 4633 3459 4685 ἔστι
3482 4635 3749 4705 χάρισμα,
3786 4639 3863 4700 ὡς
3914 4641 4035 4695 ἐστι

2451 4716 2546 4767 καὶ
2580 4717 2766 4785 ὅμοιον
2799 4720 2864 4788 τῇ
2924 4721 3079 4791 αὐτῇ.
3113 4722 3280 4792 φησὶν
3323 4725 3353 4777 ὁ
3410 4725 3666 4794 ἄγγελος.
3701 4730 3777 4783 Τὸ
3806 4749 4030 4805 προφη-

2448 4806 2626 4859 τεύειν
2666 4807 2775 4878 γὰρ
2802 4809 2889 4863 διὰ
2912 4810 3037 4874 τοὺς
3083 4812 3398 4879 συνδούλους
3444 4834 3546 4886 μου
3578 4820 3705 4883 τοὺς
3740 4822 4034 4895 μάρτυρας

2450 4897 2788 4968 παρεσχέθη.
3010 4994 3237 5049 κΕΦΑΛ
3315 4997 3363 5051 Ν

3245 5036 3259 5051 .
3315 4997 3450 5054 NH'.

2445 5097 2590 5189 HJK;
2609 5102 2716 5189 τὸν
2738 5103 3000 5189 Χριστρν
3025 5110 3547 5189 όΔΕιξιιγπετιιστὴς
3571 5116 3840 5189 ἔφιππον
3872 5120 4033 5189 μετὰ

2553 5170 2872 5241 δυνάμεων
2902 5170 3241 5245 «incluti»:
3267 5170 3561 5237 ἓθεὰσατο
3592 5170 3716 5241 σὺν

2516 5346 2625 5400 Kal
2661 5344 2826 5403 εἶδον
2848 5351 2955 5405 τὸν
2986 5353 3248 5422 οὐρανὸν
3288 5356 3690 5426 ἀνεῳγμένον.
3732 5361 3843 5414 Kal
3895 5363 4031 5418 ίδοὺ

772 5436 933 5488 equus
962 5420 1137 5486 albus,
1173 5437 1219 5477 et
1251 5426 1341 5493 qui
1371 5427 1585 5482 sedebat
1612 5445 1769 5499 super
1799 5448 1917 5485 eum
1944 5434 2120 5502 ﬁdelis
2145 5444 2259 5489 erat
2295 5449 2344 5491 et
2448 5438 2631 5505 ἵππος
2658 5442 2900 5508 λευκὸς,
2926 5445 3023 5498 καὶ
3106 5448 3231 5501 uada

2448 5438 2631 5505 ἵππος
2658 5442 2900 5508 λευκὸς,
2926 5445 3023 5498 καὶ
3106 5447 3442 5516 καθήμενος
3455 5420 3555 5501 *εἶπ’
3573 5450 3783 5516 αὐτὸν,
3807 5458 4032 5522 πιστὸς

770 5525 951 5574 verax,
982 5521 1031 5565 et
1066 5514 1119 5565 in
1146 5514 1358 5582 justitia
1387 5519 1597 5587 judicat
1639 5531 1688 5575 et
1714 5534 1939 5592 pugnat.
1971 5523 2127 5580 Oculi
2166 5537 2344 5580 autem
2446 5530 2543 5583 καί
2578 5531 2885 5601 ἀληθινὸς,
2921 5537 3019 5589 καὶ
3058 5538 3231 5592 ἐνδιλ

2448 5530 2543 5583 καί
2578 5531 2885 5601 ἀληθινὸς,
2921 5537 3019 5589 καὶ
3058 5514 3512 5608 ἐνδικοηοσὺνῃ
3542 5542 3729 5610 κρίνει
3757 5514 3857 5598 καί
3910 5514 4025 5601 x0;

768 5602 937 5670 ipsius
974 5604 1143 5675 806
1172 5619 1425 5677 tanquam
1456 5613 1675 5680 ﬂamma
1702 5617 1840 5687 ignis
1870 5632 1888 5669 .'
1921 5626 1969 5670 et
1997 5634 2154 5687 super
2183 5630 2340 5685 caput
2443 5620 2629 5688 λεμεῖ.
2663 5624 2726 5675 0t
2767 5622 2836 5677 δὲ
2873 5625 3168 5697 ὀφθαλμοὶ
3220 5650 3231 5683 ι

2448 5620 2629 5688 λεμεῖ.
2663 5624 2726 5675 Ol
2767 5622 2836 5677 δὲ
2873 5625 3168 5697 ὀφθαλμοὶ
3220 5630 3430 5698 αὑτοῦ,
3479 5602 3757 5700 ’ωςνφλὸξ
3806 5636 4027 5703 πυρός.

841 5786 884 5818 ⁸³
918 5787 960 5839 ll
999 5788 1123 5841 Cur.
1167 5807 1224 5854 ll,
1256 5796 1307 5846 '2.
