4252 6436
753 360 859 422 743

1562 354 1886 414 ΛΠΕΊἾΗΕ
1927 353 2304 412 C.-ESARE:E
2341 355 2824 416 CAPPADOCIJE
2863 358 3201 421 El’lSCOl’I

3891 360 4010 422 H4

757 488 1004 531 nostrum
1060 472 1287 526 verbum
1352 486 1415 524 ex
1480 480 1663 524 monte
1703 469 1948 538 procedit
1983 489 1997 523 :
2054 479 2149 523 aut
2187 470 2330 539 quod
2363 484 2436 535 Αι

2363 484 2402 535 Α
2433 471 2611 538 τοῦτο,
2646 473 2895 546 καθάπερ
2922 476 2949 527 6
2972 475 3239 545 ἡμέτερος
3270 475 3427 543 λόγος
3460 476 3523 529 ἐκ
3549 477 3642 530 τοῦ
3677 476 3767 531 νοῦ
3812 479 4010 548 1:965:-

755 565 999 618 omniuui
1036 576 1318 616 sermones
1354 562 1407 614 in
1440 575 1500 614 se
1531 562 1832 615 contineat.

831 654 893 706 Et
936 654 1194 708 exercitus
1229 651 1317 719 qui
1365 658 1486 702 sunt
1530 650 1584 701 in
1630 650 1758 703 caelo
1795 652 2147 721 sequebantur
2184 669 2326 710 eum.

755 747 889 800 Cum
982 758 1269 812 supremus
1341 742 1414 794 sit
1468 742 1572 794 dus
1650 741 1955 795 caelestium
2039 741 2327 809 virtutum,

763 834 1225 906 quemadmodum
1281 832 1395 898 ipse
1432 831 1648 885 dixerat
1706 830 1836 886 Jesu
1900 831 2067 897 Nave,
2131 833 2328 887 merito

758 933 1125 977 assectatores
1193 922 1385 975 habuit
1419 922 1512 990 qui
1556 922 1624 975 ad
1682 924 1932 976 militiam
1993 922 2328 993 complerent

757 1016 1004 1079 ordines,
1039 1028 1134 1068 eos
1162 1014 1513 1083 potissimum
1548 1015 1642 1083 qui
1674 1029 1816 1067 nunc
1845 1013 1911 1066 ad
1949 1015 2193 1084 praelium
2252 1016 2327 1070 ir-

763 1114 989 1160 ruerent
1046 1105 1311 1158 adversus
1382 1105 1603 1175 impios.
1665 1104 1789 1159 Haec
1854 1114 2035 1159 autem
2085 1107 2328 1160 humano

758 1213 912 1251 more
976 1196 1247 1266 disposita
1288 1207 1417 1250 sunt
1467 1197 1519 1249 in
1582 1198 1932 1261 revelatione,
1971 1198 2101 1267 quia
2153 1213 2329 1267 neque

757 1292 866 1342 alio
908 1289 1067 1344 modo
1101 1289 1397 1358 signiﬁcari
1443 1290 1768 1357 potuissent.
1804 1287 2027 1354 Equites
2069 1303 2200 1341 vero
2230 1290 2328 1342 de-

759 1379 1053 1447 signantur
1081 1387 1135 1432 et
1166 1378 1259 1446 qui
1292 1379 1449 1445 equis
1472 1378 1608 1430 albis
1641 1376 1878 1431 insident
1905 1394 1919 1430 :
1953 1387 2011 1430 ut
2039 1377 2165 1447 equi
2196 1392 2328 1432 sane

758 1471 1025 1522 adventus
1060 1469 1402 1522 velocitatem
1436 1468 1758 1536 designent;
1795 1468 1987 1523 albcdo
2011 1484 2139 1523 vero
2162 1482 2330 1539 equo-

758 1578 879 1615 rum
912 1561 1093 1615 taliter
1122 1560 1351 1614 adornet
1390 1561 1646 1615 caelestes
1676 1561 1919 1615 ordines.
1956 1562 2021 1615 Et
2049 1570 2198 1615 certe
2228 1560 2326 1628 ipsi

757 1665 981 1720 quoque
1028 1665 1355 1704 ascensorcs
1403 1650 1770 1704 ostenduntur
1809 1651 1981 1703 induti
2033 1653 2153 1703 alba
2187 1650 2324 1705 stola

762 1746 1006 1814 byssina.
1047 1743 1189 1808 Quid
1244 1744 1389 1796 enim
1440 1742 1583 1796 inter
1644 1743 1949 1795 materialia
2002 1757 2066 1796 ac
2111 1750 2325 1795 terrena

761 1838 945 1906 aptius
973 1837 1181 1890 caelesti
1216 1849 1281 1890 ac
1308 1833 1492 1888 divino
1520 1834 1686 1890 θα)ιυί
1724 1834 1967 1903 conspici
2006 1833 2215 1903 potest?

827 2008 974 2074 XIX,
1002 2008 1086 2071 15,
1116 2007 1203 2062 16.
1237 2005 1309 2060 Et
1336 2008 1399 2059 de
1421 2021 1509 2059 ore
1533 2005 1646 2075 ejus
1671 2007 1904 2074 procedit
1934 2007 2145 2076 gladius
2165 2007 2333 2059 wrin-

758 2119 858 2163 que
896 2110 1107 2164 acutus,
1139 2109 1195 2153 ut
1225 2116 1284 2152 eo
1320 2100 1579 2167 percutiat
1609 2108 1826 2167 gentes:
1860 2107 1909 2150 et
1931 2099 2038 2167 ipse
2073 2110 2207 2167 reget
2245 2114 2333 2151 eas

759 2195 902 2262 uirga
945 2192 1136 2259 ferrea.
1190 2189 1254 2241 Et
1291 2191 1401 2257 ipse
1450 2188 1622 2241 calcat
1666 2188 1903 2240 torcular
1956 2189 2065 2241 vini
2132 2188 2333 2256 furoris

758 2262 870 2338 ira;
888 2283 981 2337 Dei
1036 2280 1433 2351 omnipotentis.
1476 2278 1544 2333 Et
1585 2280 1737 2333 habet
1776 2294 1929 2346 super
1976 2280 2337 2333 vestimentum

759 2390 808 2432 et
842 2395 998 2447 super
1032 2378 1205 2449 femur
1233 2390 1388 2429 suum
1426 2388 1616 2427 nomen
1641 2372 1897 2442 scriptum
1931 2386 1950 2426 :
2000 2370 2109 2426 Rea:
2159 2385 2334 2441 regum

760 2478 808 2521 et
846 2468 1100 2521 Dominus
1130 2463 1546 2518 dominantium.

834 2764 1060 2820 Gladius
1091 2777 1158 2817 es
1212 2774 1307 2816 ore
1360 2760 1665 2830 procedens
1715 2760 1989 2831 signiﬁcat
2041 2759 2223 2830 impiis
2274 2775 2338 2817 ac

763 2853 1147 2924 peccatoribus
1179 2851 1364 2904 induci
1398 2850 1728 2921 supplicium
1754 2850 1913 2918 jussu
1948 2851 2116 2905 divini
2154 2850 2337 2906 nunti-

766 2947 875 2999 nis.
924 2943 1192 3012 Utrinque
1225 2957 1354 2996 vero
1405 2942 1597 2997 incidit
1632 2941 1868 3010 gladius,
1913 2956 1979 2996 eo
2028 2943 2173 3011 quod
2222 2952 2333 2997 tam

762 3053 831 3092 ex
868 3037 949 3089 ira
979 3050 1145 3103 quam
1184 3049 1251 3086 ex
1293 3032 1677 3087 misericordia
1709 3047 1740 3085 a
1772 3031 1882 3087 Deo
1917 3034 2213 3102 procedant
2253 3049 2339 3089 re-

765 3127 1064 3194 proborum
1094 3123 1403 3192 supplicia;
1434 3132 1628 3177 acutus
1658 3130 1860 3187 autem,
1891 3123 2023 3192 quia
2047 3122 2159 3178 cito
2184 3122 2339 3178 aﬂ'ert
2366 3152 2408 3210 ο

765 3232 922 3272 suam
962 3214 1275 3270 edicaciam.

848 3308 1011 3376 Virga
1044 3308 1232 3375 ferrea.
1274 3304 1470 3358 Ferrea
1506 3318 1653 3374 Virga
1689 3319 1793 3358 non
1825 3305 1993 3359 estad
2022 3304 2340 3375 regendum,

768 3400 864 3455 sed
905 3401 971 3453 ad
1004 3394 1459 3464 conl'i‘ingendum
1488 3410 1584 3449 eos
1617 3398 1711 3464 qui
1735 3395 1788 3449 in
1821 3398 1928 3450 vita
1962 3396 2090 3450 lutei
2127 3409 2255 3452 sunt
2288 3408 2343 3453 et

767 3488 941 3560 parati
971 3495 1029 3539 ut
1058 3492 1440 3541 conterantur.
1502 3484 1676 3551 Quam
1707 3485 1779 3539 oh
1808 3500 2030 3540 causam
2062 3501 2193 3557 ergo
2234 3486 2340 3557 ipsi

765 3580 1089 3634 attributum
1137 3584 1223 3629 est
1252 3574 1474 3644 regere?
1507 3573 1623 3628 Non
1669 3575 2092 3640 inconsiderate,
2133 3586 2192 3630 ut
2221 3576 2342 3646 opi-

769 3689 891 3739 nor,
925 3671 1019 3726 sed
1050 3670 1180 3740 quia
1217 3666 1501 3738 probabile
1526 3676 1611 3721 est
1639 3669 1786 3736 quod
1834 3668 2070 3739 regendo
2098 3682 2343 3738 pugnan-

768 3765 900 3818 dum
932 3762 1005 3817 sit
1037 3760 1302 3814 adversus
1352 3754 1561 3810 ferinos
1613 3756 1887 3820 homines,
1945 3764 2003 3810 et
2056 3765 2341 3825 propterea

765 3867 987 3926 quoque
1018 3851 1167 3920 virga
1203 3864 1341 3919 opus
1384 3857 1489 3913 est,
1520 3862 1642 3916 qua:
1671 3846 2003 3903 adversariis
2029 3847 2175 3918 juste
2223 3864 2344 3918 per-

765 3949 1029 4001 ditionem
1057 3944 1271 3999 afferat.
1304 3941 1439 4007 Quis
1473 3951 1656 3997 autem
1703 3941 1847 3996 alius
1888 3958 2055 4011 quam
2089 3943 2344 4000 Christus

764 4038 943 4091 calcat
992 4034 1234 4089 torcular
1272 4034 1383 4086 viui
1444 4033 1652 4087 furoris
1713 4032 1806 4087 ira:
1848 4032 1980 4087 Dei?
2027 4034 2149 4104 Ipse
2194 4036 2342 4090 enim

767 4142 862 4195 per
895 4125 1167 4194 judicium
1215 4122 1383 4192 808
1415 4136 1479 4177 ac
1532 4120 1951 4177 retributionem
2007 4124 2342 4181 voluntatem

766 4219 948 4286 explet
978 4226 1283 4287 paternam.

844 4306 911 4359 Et
945 4306 1097 4359 habet
1128 4321 1283 4374 super
1305 4306 1670 4358 vestimentum
1700 4316 1749 4360 et
1780 4324 1937 4377 super
1966 4309 2138 4378 [eatur
2163 4327 2341 4365 suum.

776 4395 1170 4450 Vcstimeutum
1216 4396 1505 4465 designare
1539 4396 1653 4450 vult
1710 4412 1954 4453 carnem.
2010 4397 2113 4454 Per
2164 4399 2344 4454 femur

2432 579 2539 625 σιν,
2563 563 2596 632 ἢ
2621 564 2698 631 τῷ
2723 566 2941 619 πάντων
2968 571 3092 628 τοὶς
3145 568 3331 634 λόγους
3358 570 3414 620 ὲν
3440 569 3617 638 ἐαυτῷ
3648 570 3852 639 φέρειν.

2500 655 2609 707 Kal
2644 654 2712 707 τὰ
2750 658 3175 725 στρατεύματα
3196 659 3267 711 τὰ
3303 660 3373 712 ἐν
3429 658 3509 724 τῷ
3563 661 3793 728 οὐρανῷ
3855 664 4013 728 ﬁxo-

2429 742 2629 794 λούθει
2658 735 2838 807 αὐτῷ.
2875 746 3337 816 Ἀρχιστράτηγος
3370 749 3447 800 ὢν
3464 749 3573 801 τῶν
3609 753 3872 820 οὐρανίων
3907 753 4013 804 δυ-

2429 831 2668 900 νάμεων,
2695 833 2770 896 ὼς
2793 834 2952 896 αὐτὸς
2992 836 3169 904 Ἰησοῦ
3188 836 3266 905 τῷ
3285 836 3379 889 τοῦ
3412 835 3569 907 Ναυῆ
3605 839 4013 908 ἐχρημάτισεν,

2429 925 2654 987 εἰκότως
2678 925 2909 987 ὀπαδοὺς
2932 926 3075 979 κατά
3100 930 3197 994 τὴν
3231 929 3570 997 στρατηγίαν
3600 929 4019 1000 συμπληροῦν-

2430 1029 2525 1072 τας
2558 1013 2627 1065 τά
2656 1015 2917 1084 τάγματα
2965 1015 3165 1087 ἔσχηκε
3203 1017 3273 1069 τὰ
3301 1015 3396 1069 νῦν
3429 1019 3666 1086 μάλιστα
3691 1020 3783 1072 ἐπὶ
3836 1021 4017 1072 πόλε-

2434 1119 2534 1173 μον
2562 1103 2667 1156 τῶν
2697 1104 2913 1157 ἀσεϐῶν
2959 1105 3280 1174 ὁρμώμενα.
3311 1103 3495 1157 Ταῦτα
3551 1107 3607 1158 δὲ
3640 1106 4018 1176 ἀνθρωπίνως

2428 1191 2808 1245 διεσκεύασται
2853 1194 2913 1247 ἐν
2965 1196 3032 1263 τῇ
3084 1195 3447 1263 ἀποκαλύψει,
3496 1196 3579 1247 ὅτι
3635 1196 3771 1265 μηδὲ
3822 1196 4013 1259 άλλως

2427 1279 2495 1353 ἦν
2523 1281 2826 1353 δηλωθῆναι
2855 1284 3049 1341 ταῦτα.
3098 1286 3341 1339 Ἱππόται
3367 1287 3425 1340 δὲ
3458 1286 3549 1338 καὶ
3582 1287 3766 1349 ἵπποις
3801 1287 4005 1368 ἒποχοι

2430 1376 2642 1437 λευκοῖς
2698 1376 3082 1445 παρίστανται,
3148 1375 3256 1429 τῶν
3316 1378 3497 1430 ἵππων
3532 1377 3631 1448 μὲν
3657 1380 3720 1430 τὸ
3763 1377 3858 1444 όξῦ
3892 1379 4008 1446 τῆς

2430 1465 2764 1530 ἑπελεύσεως
2793 1469 3206 1538 αὶνισσομένων,
3231 1469 3325 1521 τοῦ
3352 1469 3409 1522 δὲ
3440 1470 3634 1523 λευκοῦ
3667 1471 3764 1521 τοῦ
3803 1472 3862 1522 ὲν
3885 1472 4013 1532 τοῖς

2432 1560 2615 1622 ἵπποις
2642 1559 2703 1612 τὸ
2724 1562 2981 1624 τοιούτοις
3004 1560 3416 1628 ὲναγλατζεσθαι
3440 1562 3510 1614 τά
3534 1562 3760 1631 οὐράνια
3780 1563 4013 1629 τάγμαο

2428 1668 2515 1704 τα.
2539 1650 2646 1704 Καὶ
2659 1650 2724 1720 δή
2738 1667 2802 1720 γε
2826 1653 2919 1703 καὶ
2951 1653 3106 1705 αὐτοὶ
3141 1654 3190 1706 oi
3230 1652 3497 1706 ἀναϐάται
3527 1651 3725 1722 λευκὴν
3760 1652 4018 1720 ἀμπεχό-

2435 1760 2584 1813 μενοι
2630 1744 2728 1813 τὴν
2766 1746 2873 1797 ἀπὸ
2907 1743 3106 1814 βύσσου
3141 1744 3332 1815 στολὴν
3353 1742 3772 1797 ἐπιδείκνυνται.
3804 1744 3868 1795 Τί
3894 1745 4018 1811 γάρ

2433 1840 2500 1906 τῇ
2541 1836 2777 1908 οὐρανίῳ
2838 1838 2932 1890 καὶ
2974 1836 3094 1907 θείᾳ
3151 1838 3394 1907 φρατρίᾳ
3420 1836 3530 1888 τῶν
3559 1835 3762 1889 ὲνύλων
3816 1852 3878 1888 τε
3910 1834 4017 1888 καὶ

2434 1929 2637 1997 γηῖνων
2688 1926 3052 1996 ἑνθεωρηθείη
3105 1926 3173 1981 av
3199 1926 3627 1996 άρμοδιὼτερονς

2504 2017 2613 2071 Kal
2647 2016 2716 2070 ἐκ
2744 2015 2850 2070 τοῦ
2879 2016 3177 2084 στόματος
3205 2015 3394 2070 αὑτοῦ
3432 2015 3817 2083 ἐκπορεύεται
3858 2015 4019 2084 ῥομ-

2435 2112 2583 2181 φαία
2609 2111 2891 2182 δίστομος
2946 2111 3130 2178 ὀξεῖα,
3184 2113 3284 2166 ἵνα
3329 2113 3398 2165 ἐν
3425 2110 3582 2179 αὐτῇ
3643 2112 3881 2176 πατάξῃ
3934 2113 4019 2165 τὰ

2435 2201 2606 2270 ἔθνη,
2634 2203 2731 2256 καί
2766 2203 2949 2269 αὐτὸς
2973 2202 3253 2272 ποιμανεῖ
3277 2202 3499 2270 αὐτοὺς
3528 2202 3815 2271 tradeat.)
3843 2202 4019 2270 σιδη-

2429 2296 2532 2367 ρᾷ.
2572 2298 2679 2350 Καὶ
2704 2298 2887 2363 αὐτὸς
2915 2295 3088 2350 πατεῖ
3115 2295 3230 2362 τὴν
3280 2296 3473 2363 ληνὸν
3524 2294 3631 2348 τοῦ
3680 2296 3849 2348 οἴνου
3899 2295 4020 2349 τοῦ

2438 2386 2626 2456 θυμοῦ
2657 2384 2766 2453 τῆς
2794 2385 2976 2456 ὁρτῆς
3006 2387 3115 2439 τοῦ
3165 2384 3313 2438 Θεοῦ
3342 2382 3451 2437 τοῦ
3495 2382 4015 2450 παντοκράτορος.

2439 2481 2545 2535 Kal
2574 2480 2699 2548 ἔχει
2721 2478 2819 2533 ἐπὶ
2845 2478 2911 2532 τὸ
2941 2477 3174 2548 ἱμάτιον
3190 2476 3286 2530 καί
3321 2474 3422 2529 ἐπὶ
3447 2476 3553 2528 τὸν
3580 2475 3776 2543 μηρὸν
3820 2474 4020 2528 αὐτοῦ

2439 2570 2625 2639 ὄνομα
2692 2569 3116 2640 τετραμμένον,
3191 2567 3491 2633 Βασιλεὺς
3535 2564 3847 2631 ,ϐασιλέων
3905 2569 4017 2621 καὶ

2439 2666 2656 2731 Κύριος
2677 2666 2920 2732 κυρίων.

2522 2758 2619 2810 Ἐκ
2654 2757 2749 2809 τοῦ
2783 2759 3052 2826 στόματος
3103 2758 3137 2826 ἠ
3166 2759 3413 2829 ρομφαια
3462 2757 3755 2812 διάττουσα
3804 2774 3866 2811 τι»
3920 2756 4017 2810 διὰ

2443 2851 2869 2923 προστάγματος
2902 2849 3047 2903 θείου
3076 2851 3229 2920 δηλοῖ
3255 2853 3366 2914 τοῖς
3399 2850 3620 2905 ἀσεϐέσι
3671 2850 3767 2903 καὶ
3824 2851 4015 2920 ἀμαρ-

2440 2943 2631 3006 τωλοῖς
2654 2940 2960 3011 ἐπαχθῆναι
2984 2942 3083 3011 τὴν
3139 2941 3380 2995 κόλασιν.
3424 2942 3795 3010 ’Ᾱμφίστομον
3817 2940 3873 2993 δὲ
3903 2940 4014 3008 τὴν

2444 3034 2717 3105 ῥομφαίαν
2741 3032 2829 3086 διὰ
2856 3031 2917 3085 τὸ
2946 3032 3288 3100 ἑκατέρωθεν
3312 3033 3479 3103 ὀργῆς
3507 3034 3603 3085 καὶ
3629 3032 3781 3086 ἐλέου
3808 3032 4017 3101 χωρεῖν

2442 3125 2540 3187 τὰς
2598 3122 2705 3176 ἀπὸ
2761 3121 2857 3175 τοῦ
2901 3122 3049 3175 θείου
3089 3122 3199 3174 τῶν
3231 3122 3663 3193 καταφρονητιῖη
3690 3120 3965 3191 τιμωρίας
3994 3138 4010 3153 ·

2442 3214 2628 3279 ὀξεῖαν
2654 3212 2732 3277 δὲ,
2765 3211 2853 3264 διὰ
2877 3211 2937 3264 τὸ
2960 3211 3197 3281 ἀμελητὶ
3230 3212 3291 3264 τὺ
3318 3212 3642 3283 δραστήριον
3666 3211 3974 3283 ἐπιφέρειν.

2528 3305 2622 3355 Ἐν
2638 3302 2839 3371 ῥάϐδῳ
2870 3299 3110 3369 σιδηρᾷ.
3162 3301 3227 3355 Ἦ
3281 3302 3476 3373 σιδηρᾶ
3528 3301 3720 3373 ῥάϐδος
3770 3302 3830 3353 οὐ
3885 3317 4016 3353 ποι-

2448 3396 2713 3465 μαντικὴ,
2748 3393 2884 3447 ἀλλά
2939 3393 3169 3462 θραῦσιν
3226 3394 3425 3463 ἔχουσα
3478 3393 3587 3447 τῶν
3618 3392 3863 3462 πηλίνων
3920 3392 4019 3445 τὸν

2446 3484 2558 3553 βίον
2593 3483 2844 3554 καὶπρὸς
2873 3484 3164 3554 συντριὸἡν
3191 3484 3444 3555 ἑτοίμων.
3494 3485 3559 3538 Τί
3622 3482 3717 3539 οῦν
3776 3485 4016 3538 ἐνταῦθα

2442 3574 2505 3627 τὸ
2539 3573 2898 3642 ποιμαντικδν
2925 3573 3066 3643 αὐτῇ
3097 3574 3340 3641 δέδοται;
3376 3576 3489 3628 Οὐκ
3533 3575 3811 3639 ἀσκόπως,
3834 3572 4015 3645 οἶμαι,

2444 3664 2560 3717 ἀλλ’
2593 3666 2675 3718 ὅτι
2700 3664 2779 3735 τῷ
2827 3667 3138 3736 ποιμαίνειν
3190 3667 3283 3719 καὶ
3339 3665 3551 3737 θηρίοις
3603 3666 4018 3735 προσπολεμεῖν

2444 3757 2806 3827 περιγίνεται.
2830 3758 2940 3811 Καὶ
2964 3757 3051 3810 διὰ
3072 3756 3231 3809 τοῦτο
3248 3758 3342 3809 καὶ
3362 3757 3589 3827 σιδηρᾶς
3612 3756 3808 3827 ῥάϐδου
3828 3757 4014 3826 χρεία,

2444 3851 2557 3911 τοῖς
2590 3848 3009 3919 ἀνθισταμένοις
3044 3847 3212 3912 ἀξίως
3241 3848 3335 3901 τὸν
3363 3847 3584 3918 ὄλεθρον
3616 3847 4012 3917 ἐπιφερούσης.

2448 3942 2617 3993 Πατεί
2643 3940 2701 3993 δὲ
2731 3940 2829 4008 τὴν
2860 3940 3020 4009 ληνὸν
3048 3938 3144 3992 τοῦ
3174 3940 3320 3992 οῐνου
3349 3937 3444 3991 τοῦ
3475 3937 3651 4007 θυμοῦ
3702 3938 3801 4006 τῆς
3843 3938 4018 4008 ὀργῆς

2449 4030 2539 4082 τοῦ
2560 4029 2696 4083 Θεοῦ
2726 4031 2808 4094 τίς
2838 4031 3045 4100 ἔτερος,
3077 4030 3191 4083 ἀλλ’
3226 4031 3259 4100 ἢ
3292 4033 3320 4084 6
3357 4030 3631 4101 Χριστόςς
3667 4030 3841 4094 Αὐτὸς
3897 4014 4013 4099 γάρ

2445 4120 2534 4173 διὰ
2588 4120 2687 4191 τῆς
2735 4121 2968 4190 κρίσεως
3021 4122 3116 4175 καὶ
3175 4121 3585 4185 ἀνταποδόσεως
3630 4120 3692 4174 τὸ
3744 4123 4019 4191 πατρικὸν

2446 4210 2713 4281 ἐκπληροῖ
2743 4211 2976 4282 θέλημα.

2516 4302 2623 4356 Kal
2653 4301 2894 4371 ἔχει’ἐπὶ
2915 4304 2980 4356 τὸ
2997 4302 3232 4371 ιμάτιον
3248 4302 3347 4356 καί
3363 4302 3460 4357 ἐπὶ
3477 4302 3787 4373 τὸνμηρὸν
3801 4320 3839 4357 α
3849 4304 4016 4358 brat”).

2455 4393 2498 4445 Τ
2501 4394 2529 4445 ὸ
2562 4393 2779 4461 ἱμάτιον
2812 4393 2909 4462 τὴν
2938 4393 3116 4462 σάρκα
3148 4392 3481 4447 αἰνίττεσθαι
3512 4392 3785 4463 βούλεται.
3818 4394 3918 4446 Διά
3961 4394 4021 4447 δὲ

765 4503 946 4545 autem
985 4499 1239 4544 naturam
1280 4490 1490 4552 carnis,
1520 4490 1664 4559 quod
1698 4504 1824 4545 vere
1855 4490 2093 4547 humana
2115 4492 2187 4547 sit
2219 4492 2337 4563 ipsa
2370 4487 2417 4546 D

2336 4540 2337 4543 η
2370 4487 2417 4546 D
2445 4484 2539 4537 τοῦ
2559 4484 2758 4555 μηροῦ,
2781 4484 2878 4555 τὴν
2902 4485 3064 4553 φύσιν
3092 4486 3191 4555 τῆς
3217 4485 3439 4555 σαρκὸς,
3464 4485 3539 4548 ὡς
3558 4485 3771 4555 ἀληθῶς
3800 4485 4015 4554 ἀνθρω-

766 4593 954 4636 etnon
999 4580 1366 4652 phantastica.
1406 4578 1541 4634 Nam
1589 4582 1655 4636 ad
1690 4583 1854 4653 hujus
1905 4584 2341 4653 designationem

767 4674 1040 4742 accipitur
1087 4672 1266 4727 femur
1298 4674 1441 4742 apud
1494 4672 1826 4742 Scripturas.
1859 4675 2144 4729 Sermonis
2184 4677 2345 4744 igitur

766 4777 968 4831 scopus
1002 4770 1086 4815 est
1121 4776 1218 4831 per
1250 4762 1356 4816 hoc
1391 4761 1706 4833 signiﬁcare
1743 4764 1889 4832 quod
1915 4762 2148 4818 Verbum
2175 4765 2345 4835 hypo-

769 4853 966 4907 statice
1016 4853 1087 4906 sit
1135 4853 1349 4907 unitum
1406 4860 1617 4907 naturae
1650 4853 1923 4917 humanae,
1966 4863 2022 4909 et
2069 4857 2342 4911 carnalem

769 4943 1078 5013 susceperit
1111 4944 1454 4998 nativitatem
1485 4958 1551 4998 es
1590 4946 1745 4998 beata
1775 4943 2025 5016 Virgine,
2058 4947 2342 5003 nihilomi-
2390 4960 2398 4971 '

767 5052 870 5091 nus
909 5035 1301 5105 omnipotens.
1366 5046 1554 5105 utpote
1607 5038 1917 5093 cwlestium
1982 5041 2237 5111 princeps
2291 5049 2347 5096 et

769 5127 1112 5180 terrestrium
1153 5140 1217 5179 ac
1241 5126 1727 5181 subterraneorum
1756 5130 1851 5200 qui
1900 5130 2187 5199 imperium
2244 5133 2344 5187 ba-

769 5220 1007 5273 bnerunt
1063 5219 1325 5274 adversus
1376 5218 1709 5284 aﬂectiones,
1757 5230 1812 5277 et
1866 5226 2247 5279 auctoritatem
2280 5240 2348 5281 ac

772 5311 941 5363 robur
986 5310 1185 5363 habent
1216 5308 1482 5365 adversus
1513 5322 1796 5381 peccatum
1824 5329 1888 5368 ex
1934 5314 2110 5384 ipsius
2142 5314 2344 5371 Christi

771 5398 1067 5470 adjutorio.

848 5496 986 5559 XIX,
1022 5497 1209 5552 17-19.
1272 5496 1335 5550 Et
1389 5498 1496 5551 ridi
1527 5513 1689 5551 unum
1731 5498 1975 5567 angelum
2028 5509 2257 5553 stantem
2292 5501 2345 5552 in

776 5587 906 5651 sole,
947 5596 995 5639 et
1031 5587 1278 5640 clamavit
1313 5603 1433 5640 roee
1474 5604 1688 5656 magna,
1722 5591 1903 5642 dicens
1959 5594 2162 5643 eunetis
2197 5593 2345 5644 voln-

772 5679 947 5732 eribus
973 5694 1088 5747 qua:
1117 5679 1362 5731 volabant
1393 5695 1485 5747 per
1513 5680 1740 5733 medium
1774 5681 1889 5734 τιοίὶ
1920 5697 1938 5734 :
1982 5680 2177 5746 Venite,
2218 5700 2344 5735 con-

777 5770 1037 5837 reqamini
1071 5771 1140 5823 ad
1172 5786 1284 5823 eaea
1300 5787 1384 5824 am
1412 5788 1659 5842 magnam
1692 5773 1806 5839 Dei,
1835 5784 1889 5826 ut
1911 5775 2196 5827 comedutis
2227 5790 2345 5826 ear—

2447 4579 2608 4646 πίνης
2632 4577 2798 4647 οὔσης
2820 4575 2992 4646 αὐτῆς
3024 4578 3119 4630 καὶ
3146 4577 3208 4630 οὐ
3237 4580 3380 4632 κατά
3418 4578 3720 4645 φαντασίαν
3742 4592 3757 4607 ο
3796 4576 3877 4639 εἰς
3906 4577 4019 4646 γάρ

2444 4671 2786 4739 παράστασιν
2813 4670 3006 4721 τούτου
3026 4668 3365 4739 λαμσάνεται
3416 4669 3568 4739 παρά
3628 4671 3695 4738 τῇ
3750 4667 3941 4737 Γραφῇ
3990 4670 4022 4720 6

2446 4758 2640 4828 μηρός.
2675 4758 2882 4827 Δηλοῦν
2908 4755 3003 4812 οὖν
3034 4760 3124 4811 διὰ
3143 4758 3333 4813 τούτου
3355 4759 3432 4830 τῷ
3460 4758 3604 4828 λόγῳ
3628 4760 3852 4822 σκοπὸς,
3885 4760 3969 4811 δτι
3992 4761 4023 4812 6

2444 4851 2565 4904 καθ’
2598 4850 2897 4904 ὑπόστασιν
2925 4849 3149 4913 ἑνωθεὶς
3170 4850 3342 4916 Λόγος
3371 4849 3679 4921 ἀνθρώπων
3710 4849 3899 4919 φύσει,
3922 4851 4023 4904 καὶ

2446 4940 2720 5011 σαρκικὴν
2747 4941 3049 5011 ὑπομείνας
3098 4942 3352 5011 γέννησιν
3380 4943 3447 4994 ὲκ
3481 4942 3579 5011 τῆς
3609 4942 3770 5009 ἁγίας
3801 4941 4023 5012 Παρθέ-

2444 5049 2559 5093 νου,
2579 5031 2731 5085 οὐδὲν
2763 5026 2924 5102 ἦττον
2949 5034 3349 5106 παντοκράτωρ
3397 5033 3473 5096 ὠς
3506 5034 3778 5104 οὐρανίων
3832 5034 4022 5107 ἄρχων

2444 5126 2538 5177 καὶ
2576 5126 2836 5192 ἐπιγείων
2862 5129 2965 5178 καὶ
3015 5127 3414 5196 καταχθονίων,
3438 5126 3546 5181 τῶν
3578 5126 4023 5196 βασιλευσάντων

2446 5216 2587 5270 κατά
2615 5217 2823 5282 παθῶν,
2854 5218 2963 5271 τῶν
2992 5220 3052 5272 τὸ
3087 5218 3253 5290 κῦρος
3285 5220 3377 5273 καὶ
3429 5219 3492 5272 τὸ
3522 5219 3725 5290 κράτος
3784 5222 4023 5289 ἑχόντων

2446 5309 2586 5362 κατά
2620 5309 2719 5380 τῆς
2759 5310 3035 5381 ἁμαρτίας
3066 5313 3134 5383 τῇ
3164 5309 3259 5365 τοῦ
3284 5310 3451 5364 αὐτοῦ
3482 5310 3722 5381 Χριστοῦ
3756 5328 4017 5367 συναντι-

2444 5401 2621 5472 λήψει.

2515 5495 2619 5548 Καὶ
2648 5490 2813 5548 εἶδον
2841 5494 2951 5549 ἕνα
2970 5493 3228 5563 ἄγγελον
3254 5495 3484 5550 ἑστῶτα
3514 5496 3583 5549 ἐν
3613 5495 3691 5560 τῷ
3719 5496 3895 5563 ἡλίῳ,
3922 5498 4022 5550 καί

2446 5587 2660 5657 ἕκραξε
2693 5586 2862 5656 φωνῇ
2886 5588 3151 5656 μεγάλῃ,
3184 5587 3379 5657 λέγων
3409 5587 3559 5643 πᾶσι
3610 5591 3737 5652 τοῖς
3790 5589 4025 5657 ὀρνέοις

2447 5680 2569 5744 τοῖς
2601 5678 2951 5748 πετομένοις
2979 5681 3048 5733 ἐν
3079 5681 3596 5748 μεσουρανήματι*
3633 5680 3833 5744 Δεῦτε,
3868 5698 4023 5733 συν-

2447 5770 2667 5841 άχθητε
2692 5774 2778 5837 είς
2809 5772 2915 5825 τὸν
2939 5771 3186 5826 δεῖπνον
3217 5772 3322 5825 τὸν
3350 5773 3542 5841 μέγαν
3587 5773 3693 5825 τοῦ
3725 5772 3895 5836 Θεοῦ,
3922 5775 4020 5823 ἵνα
