4252 6436
284 449 395 515 745

1355 452 1564 510 C(JMM
1577 449 1741 512 ENT.
1787 452 1865 509 IN
1909 457 1947 509 Α
1962 451 2350 510 POCAIXPSI
2365 453 2429 510 .\'.

3426 461 3486 523 74
3496 463 3527 526 6

272 567 504 633 φάγητε
536 565 765 630 σάρκας
802 564 1135 627 βασιλέων,
1177 566 1272 618 καὶ
1326 568 1561 633 σάρκας
1623 567 1856 634 χιλιὰρ-
1894 569 1919 622 Δ

1920 579 1935 622 ι
1968 581 2058 616 nes
2087 580 2289 633 regum,
2323 575 2369 616 et
2402 581 2583 619 cm'nes
2607 567 2959 630 tribunorum,
2993 577 3040 621 et
3077 585 3258 624 carnes
3289 573 3527 638 fortium.

275 673 419 722 χων,
460 657 553 706 καὶ
587 655 820 722 σάρκας
882 656 1167 724 loli-pter,
1221 658 1317 711 καὶ
1382 657 1618 725 σάρκας
1662 659 1861 708 ἵππων

277 747 375 800 καὶ
401 745 518 798 τῶν
547 748 898 815 καθημένων
929 749 1022 800 ἐπ’
1048 748 1268 810 αὐτῶν,
1308 750 1404 800 καὶ
1436 749 1668 814 σάρκας
1709 748 1859 800 πάν-

279 855 399 890 των
417 837 532 889 τῶν
560 839 892 904 ἐλευθέρων
915 858 977 892 τε
1000 840 1097 892 καὶ
1119 840 1374 904 δούλων,
1396 841 1493 892 καὶ
1516 838 1744 905 μικρῶν
1765 838 1862 889 καὶ

275 929 573 997 μεγάλων.
610 930 717 983 Καὶ
751 926 916 983 εἶδον
971 933 1034 983 τὸ
1089 932 1302 997 θηρίον
1325 933 1419 982 καὶ
1491 930 1630 994 τοὺς
1676 931 1862 992 ,βασι-

274 1021 402 1086 λεῖς
435 1021 546 1088 τῆς
577 1021 708 1088 γῆς,
739 1022 837 1074 καὶ
863 1023 934 1075 τὰ
959 1025 1375 1090 στρατεύματα
1391 1021 1590 1075 αὐτῶν
1627 1038 1857 1090 σι’-νηγα-

269 1111 424 1180 μένα
454 1110 700 1178 ποιῆσαι
739 1115 845 1166 τὸν
881 1115 1147 1182 πόλεμον
1205 1120 1353 1183 μετὰ
1423 1115 1530 1167 τοῦ
1579 1111 1922 1180 καθημένου

274 1204 479 1258 αὑτοῦ.

350 1299 459 1366 Τὴν
531 1299 831 1368 ἐναλλαγὴν
898 1299 1007 1352 τῶν
1074 1301 1331 1370 φθαρτῶν
1414 1313 1549 1370 προς
1639 1300 1847 1368 ἀφθαρ-

274 1389 399 1441 σίαν
431 1391 524 1443 καὶ
555 1393 652 1460 τὴν
685 1391 821 1458 πρὸς
883 1392 1040 1457 ἀξίαν
1088 1393 1302 1461 ἑκάστῳ
1360 1393 1702 1462 ἁπονέμησιν
1745 1391 1853 1442 τῶν

274 1481 453 1549 ἔργων
486 1484 560 1543 ὡς
602 1483 705 1534 ὑπὸ
739 1486 1137 1552 στρατηγικαῖς
1186 1485 1479 1555 δυνάμεσιν
1518 1484 1854 1550 ἐξοπλισθεῖ-

275 1590 378 1623 σαν
406 1573 503 1625 καὶ
538 1575 956 1642 ἑτοιμασθεῖσαν
980 1577 1050 1628 τὰ
1099 1578 1440 1645 προκείμενα
1471 1579 1729 1648 παριστᾷ.
1765 1575 1856 1627 Διὸ

272 1664 370 1714 καὶ
401 1664 630 1730 ἄγγελον
657 1665 798 1717 θεῖον
828 1669 1065 1736 παράγει
1095 1670 1152 1720 ἐν
1182 1668 1259 1737 τῷ
1286 1670 1418 1738 ἡλίῳ
1452 1669 1684 1731 ἑστῶτα,
1711 1668 1854 1720 θεῖον

274 1754 555 1822 κέλευσμα
586 1759 971 1827 ἐμφανέστατα
989 1759 1358 1829 διοικούμενον
1404 1759 1497 1812 καὶ
1530 1761 1603 1822 ὡς
1633 1761 1690 1812 ἐν
1712 1762 1850 1830 φωτὶ

1963 665 2012 708 et
2057 672 2244 708 carnes
2278 673 2528 725 equorum
2558 667 2606 710 et
2663 660 2953 712 sedentium
2984 659 3036 712 in
3071 663 3220 728 ipsis,
3252 673 3298 715 et
3353 682 3536 720 carnes

1966 748 2198 796 omnium
2229 746 2514 797 liberorum
2547 747 2706 798 simul
2736 764 2798 799 ac
2828 764 3118 808 servorum,
3147 759 3194 801 et
3225 751 3540 817 pusillorum

1964 845 2012 887 et
2038 852 2373 905 magnorum.
2411 835 2475 888 Et
2505 838 2609 888 vidi
2645 839 2865 891 bestiam
2894 853 2942 894 et
2975 857 3115 910 reges
3143 853 3297 896 terra
3317 854 3364 896 et
3385 860 3539 897 excr-

1967 930 2102 981 cilus
2140 946 2322 981 eorum
2347 941 2687 1001 congregatos
2718 933 2783 982 nd
2812 933 3111 998 faciendum
3147 935 3390 1002 pra'lium
3421 952 3539 988 cum

1966 1037 2025 1072 ρο
2058 1023 2148 1090 qui
2177 1022 2388 1074 sedebat
2423 1025 2476 1073 in
2510 1038 2638 1090 equo
2677 1033 2726 1074 et
2758 1039 2872 1074 cum
2913 1027 3145 1079 exercitu
3174 1029 3360 1093 ipsius.

1959 1113 2055 1164 ἐπὶ
2135 1113 2242 1164 τοῦ
2301 1116 2489 1166 ἵππου
2556 1112 2652 1164 καὶ
2710 1112 2860 1180 μετά
2919 1116 3024 1167 τοῦ
3087 1119 3535 1188 στρατεύματος

2025 1291 2414 1345 Demonstrant
2449 1306 2571 1360 qua:
2623 1305 3004 1361 proponuntur
3031 1297 3383 1354 mutationem
3410 1317 3534 1357 cor-

1959 1383 2309 1452 ruptibilium
2344 1384 2410 1436 ad
2446 1384 2939 1452 incorruptionem,
2985 1396 3039 1439 et
3080 1403 3202 1456 qua:
3232 1391 3396 1444 veluti
3433 1395 3536 1448 sub

1960 1475 2290 1530 militaribus
2345 1476 2714 1544 potestatibus
2788 1479 3004 1547 penitus
3063 1494 3270 1535 armata
3317 1485 3421 1550 sit,
3473 1502 3537 1541 ac

1961 1576 2268 1636 prmparata
2302 1567 2367 1620 ad
2398 1567 2619 1636 dignam
2666 1570 3081 1625 retributionem
3135 1587 3233 1643 pro
3270 1576 3538 1646 cujusque

1963 1659 2228 1727 operibus
2264 1675 2277 1712 :
2318 1657 2440 1712 ideo
2472 1672 2696 1728 quoque
2727 1659 2974 1715 divinum
3019 1666 3270 1734 angelum
3297 1677 3535 1724 stantem

1964 1752 2017 1804 in
2049 1752 2166 1805 sole
2195 1751 2472 1821 producit,
2506 1753 2600 1822 qui
2653 1753 2901 1808 divinum
2936 1769 3266 1826 praceptum
3306 1763 3538 1816 manife-

271 1847 343 1897 τὰ
408 1849 654 1918 σωτήρια
733 1850 1086 1919 διαδηλοῦντα
1141 1853 1232 1903 καὶ
1269 1851 1680 1918 ἑξαγγέλλοντα.
1744 1851 1855 1904 Καὶ
1886 1889 1919 1943 Β

1920 1895 1927 1939 ἶ
1961 1840 2206 1896 stissime
2231 1841 2448 1896 ordinet
2477 1857 2541 1897 ac
2563 1843 2930 1912 administret,
2956 1855 3011 1900 et
3042 1857 3304 1919 tanquam
3333 1851 3386 1904 in
3419 1852 3539 1908 luce

275 1936 468 2006 ἐπειδὴ
502 1937 568 1989 τὰ
600 1938 717 1990 θεῖα
763 1939 1117 2008 ὃιατιθέμενα
1177 1942 1636 2010 κεχρημάτισται,
1667 1941 1851 2010 ὄχημα

271 2026 451 2096 τούτῳ
480 2029 511 2096 ὴ
547 2029 889 2097 ἀποκάλυψις
938 2029 1280 2099 ὑποτίθησιν,
1310 2032 1394 2083 ὅτι
1417 2031 1552 2100 μηδὲ
1587 2030 1850 2100 τηλαυγέ-

274 2133 469 2189 στερον
498 2120 627 2174 ἄλλο
657 2122 767 2174 τῶν
785 2122 996 2193 ὁρατῶν
1017 2119 1164 2193 εἶχεν
1194 2124 1340 2192 ἐρεῖν
1361 2125 1390 2176 ὀ
1413 2123 1554 2176 θεῖον
1574 2124 1851 2193 κέλευσμα

272 2210 354 2271 εἰς
379 2211 609 2277 ἄγγελον
631 2213 1002 2278 διατυπώσας,
1026 2216 1119 2268 καὶ
1139 2216 1575 2286 στρατοκήρυκος
1599 2215 1746 2284 αὑτῷ
1761 2216 1850 2282 ἐγ-

270 2301 505 2369 χειρίζει
525 2303 829 2371 ἐνέργειαν,
847 2307 1257 2377 δραστικωτέρᾳ
1275 2307 1486 2376 προόδῳ
1504 2305 1852 2376 πραγμάτων

267 2394 571 2463 χρώμενος.
607 2397 778 2450 Τοῦτο
810 2399 920 2470 γάρ
966 2400 1216 2470 βούλεται
1272 2402 1567 2472 παριστᾷν,
1620 2402 1653 2469 ἠ
1708 2398 1848 2469 μετά

275 2488 528 2556 κραυγῆς
555 2490 762 2559 μεγάλη
795 2493 971 2562 φωνή.
1006 2494 1115 2555 Τὰς
1156 2494 1212 2546 δὲ
1265 2496 1322 2546 ἐν
1373 2493 1845 2563 μεσουρανήματι,

267 2580 435 2632 οἱονεὶ
457 2583 557 2644 τὰς
583 2584 692 2636 τῶν
734 2585 908 2652 ἁγίων
938 2586 1084 2650 λέγει
1113 2585 1313 2654 ψυχὰς,
1365 2587 1420 2638 αἳ
1473 2586 1582 2638 τῶν
1642 2601 1846 2655 χαμαι-

269 2672 451 2740 ζήλων
498 2678 902 2740 ἀπαναστᾶσαι,
935 2681 1077 2732 κατὰ
1127 2681 1334 2733 Παῦλον
1393 2681 1485 2733 τὸν
1539 2681 1736 2750 μέγαν,
1765 2678 1847 2740 εἰς

267 2763 577 2832 ἀπάντησιν
604 2766 699 2818 τοῦ
751 2769 957 2835 Κυρίου
987 2769 1254 2839 χωροῦσιν
1279 2772 1357 2833 είς
1382 2771 1542 2840 ἀέρα.

339 2963 538 3026 Δεῦτε,
583 2966 930 3034 συνάχθητε
989 2969 1077 3032 εις
1130 2967 1199 3020 τὸ
1252 2967 1520 3025 δεῖπνον.
1578 2973 1840 3040 Δεῖπνον,

266 3053 386 3106 ἀλλ’
411 3055 473 3106 οὐ
505 3055 746 3124 πόλεμον
792 3058 942 3125 λέγει
987 3059 1088 3127 τὴν
1137 3060 1275 3128 μετά
1337 3061 1448 3112 τῶν
1504 3064 1846 3134 ἁμαρτωλῶν

261 3143 377 3197 τῶν
404 3146 628 3199 δικαίων
658 3149 1038 3212 ἁντεξέτασιν·
1074 3150 1196 3202 ἐπεὶ
1236 3151 1328 3202 καὶ
1371 3150 1543 3213 οὕτως
1575 3153 1709 3222 ἔχει.
1747 3154 1843 3217 Τίς

263 3236 376 3308 γὰρ
426 3238 505 3307 τῷ
539 3240 745 3310 ίσχυρῷ
793 3240 978 3304 ἱκανὸς
1038 3241 1460 3312 ἀντιφέρεσθαις
1535 3244 1596 3296 El
1627 3246 1674 3298 δ’
1731 3246 1838 3316 ἄρα
1870 3274 1916 3336 c

265 3329 366 3379 καὶ
423 3327 659 3398 πόλεμος
690 3331 930 3400 εἴρηται,
994 3333 1132 3400 πρὸς
1180 3333 1280 3400 τὴν
1337 3334 1447 3386 τῶν
1503 3336 1844 3406 ἁμαρτωλῶν

266 3418 446 3488 ὁρμὴν
477 3421 729 3489 εἰρῆσθαί
753 3439 956 3491 φαμεν,
999 3422 1062 3475 οὐ
1100 3421 1234 3492 πρὸς
1267 3423 1401 3476 αὐτὸ
1427 3425 1488 3476 τὸ
1519 3425 1700 3495 ἔργον.
1733 3429 1845 3479 Δεῖ-

261 3526 400 3563 πνον
432 3512 488 3564 δὲ
545 3513 684 3574 ὅλως
746 3514 986 3582 είρηται,
1035 3515 1096 3567 τὸ
1161 3514 1575 3586 προηγούμενον
1630 3518 1838 3588 θέλημα

261 3603 358 3655 τοῦ
387 3605 546 3667 Θεοῦ,
578 3605 605 3656 ὃ
637 3607 731 3658 καὶ
759 3607 976 3658 εὐδοκία
1005 3607 1241 3675 λέγεται,
1267 3610 1360 3659 καὶ
1388 3608 1602 3662 δεῖπνον
1647 3612 1842 3679 τριπό·

259 3695 425 3762 θητον
454 3697 514 3748 τὸ
545 3699 750 3760 πάντας
788 3698 1111 3767 ἀνθρώπους
1163 3699 1405 3768 σωθῆναι
1459 3701 1554 3753 καὶ
1590 3703 1669 3765 είς
1714 3704 1839 3756 ἐπία

259 3805 467 3857 γνωσιν
497 3789 754 3860 ἀληθείας
791 3791 987 3843 ἐλθεῖν.

335 3883 468 3934 Ἵνα
497 3880 722 3950 φάγητε
756 3882 988 3948 σάρκας
1037 3884 1368 3947 βασιλέων.
1416 3887 1629 3957 Βρῶσιν
1685 3889 1839 3942 καλεῖ

255 3975 359 4044 τὴν
387 3976 481 4026 ἐπὶ
509 3978 574 4044 τῇ
608 3976 746 4044 πρὸς
774 3975 932 4039 ἀξίαν
959 3977 1066 4028 τῶν
1117 3978 1468 4047 βεϐιωμένων
1503 3981 1832 4049 ἀντὲκτισιν,

256 4067 287 4119 ὃ
310 4069 403 4120 καὶ
437 4069 672 4138 Χαναάμ
695 4064 835 4121 οἶδεν
873 4072 1121 4139 ἐμποιεῖν
1153 4073 1266 4133 τοῖς
1299 4070 1373 4140 μὴ
1411 4072 1831 4142 συναπαχθεῖσι.

257 4159 332 4210 Τὸ
360 4159 415 4211 δὲ
449 4161 655 4229 σάρκας
689 4161 953 4230 βασιλέων
973 4164 1066 4215 καὶ
1089 4162 1406 4232 χιλιάρχων,
1441 4165 1534 4215 καὶ
1569 4165 1829 4236 ἰσχυρῶν,

260 4251 356 4304 καὶ
385 4252 591 4314 ἵππων,
649 4253 743 4305 καὶ
770 4253 1076 4319 ἀναϐατῶν,
1121 4257 1305 4306 ἐκεῖνα
1365 4255 1512 4322 λέγει
1553 4258 1832 4325 τροπικῶς

252 4342 325 4395 τὰ
363 4342 492 4411 περὶ
525 4341 560 4394 ἂ.
587 4342 852 4412 ἐμπαθῶς
882 4345 1169 4412 ἐσχήκασι,
1207 4346 1408 4414 σπουδῇ
1445 4347 1612 4416 πάσῃ,
1659 4347 1833 4401 ταῦτα

260 4431 401 4500 μόνα
435 4434 674 4501 οἰόμενοι
705 4432 802 4497 τῆς
838 4432 1184 4501 ἀνθρωπίνης
1246 4432 1392 4499 ζωῆς
1437 4435 1749 4495 ὑπόστασιν,
1796 4434 1830 4486 ἂ

252 4524 349 4573 καὶ
374 4521 670 4590 ἀφανισμῴ
702 4522 1136 4592 παραπεμτφθείη
1170 4525 1238 4591 τῇ
1269 4521 1364 4573 τοῦ
1389 4523 1668 4591 ἀφθάρτου
1710 4525 1826 4589 βίου

1958 1949 2078 2002 quae
2153 1935 2417 1989 salutaria
2481 1944 2612 1990 sunt
2668 1936 2938 2004 signiﬁcet
2991 1950 3046 1994 et
3098 1941 3437 1997 annuntiet:
3483 1954 3537 2000 et

1955 2025 2218 2094 quaniam
2250 2025 2439 2078 divina
2484 2024 2764 2094 proposita
2813 2027 3036 2081 oraculo
3070 2027 3196 2082 data
3246 2040 3392 2094 sunt,
3447 2048 3536 2087 rc-

1957 2116 2160 2169 velatio
2239 2115 2411 2170 solem
2471 2118 2732 2187 supponit
2792 2117 2894 2188 ipsi
2958 2120 3268 2175 vehiculum
3327 2141 3342 2177 :
3398 2126 3536 2180 nihil

1955 2217 2137 2262 autem
2175 2209 2317 2264 inter
2343 2226 2405 2264 ea
2442 2227 2565 2280 quas
2594 2211 2847 2266 videntur
2876 2212 3060 2268 dicere
3087 2216 3263 2283 potuit
3294 2217 3533 2285 splendi-

1954 2297 2079 2352 dius
2115 2299 2161 2353 is
2207 2300 2299 2368 qui
2335 2299 2584 2353 divinum
2634 2300 2849 2369 jussum
2907 2301 2962 2355 in
3015 2304 3210 2372 angelo
3259 2305 3533 2376 ﬁguravit.

1952 2387 2222 2446 Praeterea
2247 2390 2540 2447 eﬂieaciori
2570 2410 2752 2449 rerum
2793 2406 2956 2452 utens
2991 2414 3305 2470 progressu,
3332 2417 3530 2473 opera-

1954 2483 2153 2538 tionem
2185 2485 2286 2553 ipsi
2309 2487 2473 2540 tradit
2504 2490 2771 2557 praaconis
2801 2492 3079 2546 exercitus
3108 2511 3121 2547 :
3154 2509 3281 2548 nam
3311 2495 3416 2551 hoc
3436 2496 3532 2552 de-

1954 2577 2176 2646 signare
2201 2580 2316 2634 vult
2341 2597 2446 2634 vox
2476 2596 2602 2635 cum
2627 2597 2825 2652 magno
2854 2583 3114 2640 clamore.
3145 2585 3439 2656 Caeterum,
3473 2591 3528 2645 in

1949 2670 2136 2723 medio
2161 2672 2284 2725 caeli
2305 2681 2434 2726 sunt
2456 2683 2769 2728 sanctorum
2794 2677 3012 2744 auium,
3043 2694 3167 2748 quae
3189 2681 3531 2739 discedentes

1951 2774 1982 2812 a
2011 2758 2290 2829 depressis
2323 2762 2474 2816 humi
2513 2763 2700 2827 rebus,
2727 2765 2883 2834 juxta
2917 2783 3174 2836 magnum
3198 2771 3348 2825 illum
3388 2773 3530 2828 Pau-

1951 2851 2062 2906 lum
2116 2848 2422 2922 procedunt
2459 2855 2527 2910 ad
2569 2860 2973 2915 occurrendum
3010 2861 3241 2917 Domino
3286 2865 3342 2919 iu
3379 2881 3524 2922 aera.

2024 2945 2431 3016 Cougregamiui
2464 2950 2536 3002 ad
2573 2967 2795 3005 caenam.
2831 2953 3057 3008 Coenam
3092 2957 3260 3027 809
3288 2970 3446 3016 vocat
3474 2971 3529 3016 et

1950 3052 2056 3091 non
2089 3038 2316 3105 bellum,
2372 3041 2747 3096 resistentiam
2792 3045 3069 3113 justorum
3099 3049 3366 3105 adversus
3400 3067 3526 3121 pec-

1952 3138 2192 3194 calores,
2224 3133 2486 3201 quoniam
2516 3134 2590 3188 ita
2617 3150 2674 3189 se
2706 3150 2792 3190 res
2821 3136 2981 3192 habet
3007 3155 3020 3191 :
3054 3140 3176 3207 quis
3201 3143 3346 3196 enim
3372 3145 3522 3197 sulli-

1951 3221 2104 3275 ciens
2154 3232 2240 3278 est
2277 3225 2344 3278 ad
2413 3226 2777 3282 resistendum
2834 3228 3004 3283 forti?
3054 3233 3202 3300 quod
3252 3235 3297 3289 si
3355 3236 3520 3289 ctiam

1948 3310 2149 3366 bellum
2194 3313 2401 3368 dictum
2451 3316 2542 3381 sit,
2603 3318 2782 3386 quoad
2841 3320 3100 3388 impetum
3169 3333 3516 3392 peccatorum

1947 3401 2152 3458 factum
2217 3420 2343 3462 esse
2395 3408 2652 3473 dicimus,
2692 3420 2746 3464 et
2791 3426 2900 3466 non
2932 3414 3108 3482 quoad
3153 3431 3266 3470 rem
3318 3417 3518 3487 ipsam.

1945 3493 2120 3550 Porro
2145 3511 2303 3553 caena
2324 3500 2551 3555 omnino
2573 3501 2716 3557 dit-ta
2741 3513 2825 3558 est
2855 3507 3168 3575 praecedens
3197 3507 3290 3564 Dei
3320 3510 3517 3564 volun-

1947 3596 2054 3652 tas,
2106 3605 2230 3658 qua:
2277 3602 2332 3645 et
2392 3593 2790 3664 beneplacitum
2855 3599 3201 3668 appellatur:
3250 3610 3306 3657 et
3359 3618 3516 3659 cceua

1952 3682 2326 3749 optatissima,
2375 3700 2576 3756 nempe
2607 3697 2669 3741 ut
2698 3703 2891 3745 omnes
2913 3691 3162 3747 homines
3194 3695 3329 3748 salvi
3363 3695 3516 3759 ﬁant,

1946 3779 2000 3824 et
2025 3771 2092 3825 ad
2133 3774 2469 3843 agnitionem
2502 3777 2749 3834 veritatis
2771 3781 3015 3836 veniant.

2016 3863 2083 3916 Ut
2117 3871 2406 3924 comedetis
2452 3886 2634 3926 carnes
2676 3889 2878 3944 regum.
2911 3876 3315 3933 Comestionem
3359 3893 3519 3937 vocat

1940 3958 2159 4028 dignam
2201 3962 2474 4018 factorum
2501 3966 2944 4030 retributionem,
2968 3972 3114 4038 quod
3144 3983 3197 4026 et
3234 3972 3512 4030 Chanaam

1943 4053 2094 4106 novit
2135 4053 2433 4109 immittere
2472 4057 2555 4110 his
2596 4059 2689 4127 qui
2728 4073 2836 4112 non
2872 4071 3001 4114 sunt
3033 4078 3138 4117 una
3171 4065 3354 4120 delati.
3379 4067 3517 4122 Car-

1941 4158 2039 4196 nes
2101 4155 2284 4199 autem
2341 4163 2531 4216 regum
2573 4158 2624 4203 ct
2667 4151 3017 4208 tribunorum
3082 4165 3136 4208 et
3184 4155 3408 4213 fortium
3463 4169 3517 4214 et

1939 4251 2207 4303 equorum
2262 4249 2315 4292 et
2365 4255 2728 4295 asccnsorum
2766 4259 2980 4311 eorum,
3024 4249 3228 4318 tropice
3258 4250 3347 4303 illa
3385 4251 3518 4307 dicit

1937 4330 2082 4383 circa
2121 4347 2242 4400 qua:
2279 4343 2392 4386 toto
2440 4335 2624 4389 studio
2660 4337 2837 4391 aﬂ'rcti
2873 4349 3051 4402 erant,
3092 4343 3206 4394 sola
3250 4343 3363 4398 hzec
3399 4361 3515 4415 pu-

1937 4429 2111 4475 tantes
2143 4438 2265 4477 esse
2301 4426 2555 4479 humanm
2584 4427 2705 4480 vitae
2734 4430 3170 4495 consistentiam,
3195 4451 3316 4502 qua:
3347 4440 3510 4492 etiam

1935 4513 1985 4564 in
2030 4516 2313 4568 interitum
2351 4517 2703 4582 amittuntur,
2741 4536 2971 4574 accessu
3008 4523 3330 4579 deliciarum
3391 4530 3513 4583 vita:

249 4616 490 4685 εὐωχικῇ
520 4614 1116 4685 ἑπιδημίᾳ.-Ἂλλως
1139 4614 1205 4666 ἐκ
1229 4613 1343 4666 τῶν
1374 4615 1477 4667 τοῦ
1523 4616 1825 4682 Ἀνδρέου·
1860 4649 1902 4703 ι)

1936 4604 2386 4675 incm-rttptibilis.
2423 4640 2492 4651 —
2534 4611 2651 4662 Alio
2683 4613 2836 4664 modo
2880 4629 2945 4666 ex
2975 4615 3206 4670 Andrca.
3244 4618 3344 4672 Per
3390 4637 3512 4676 car-

246 4708 346 4759 Διὰ
389 4707 488 4776 τῆς
529 4706 784 4777 βρώσεως
831 4705 939 4758 τῶν
993 4706 1213 4775 σαρκῶν
1260 4706 1583 4774 σημαίνεται
1644 4708 1672 4757 ὁ
1714 4707 1822 4758 τῶν

247 4799 527 4870 σαρκικῶν
560 4801 779 4851 πάντων
809 4798 1114 4867 ἀφανισμὺς
1141 4799 1232 4851 καὶ
1259 4801 1289 4867 ἡ
1317 4798 1423 4850 τῶν
1466 4799 1711 4867 άρχικῶν
1733 4801 1824 4851 ἐπὶ

245 4891 347 4962 γῆς
384 4890 667 4959 ὀνομάτων
715 4890 977 4958 ἔκλειψις.
1023 4889 1238 4942 Ἵππων
1297 4890 1354 4941 δὲ
1404 4890 1675 4958 μέμνηται
1727 4894 1822 4960 οὐχ

240 4986 316 5048 ὡς
340 4983 520 5037 αὐτῶν
579 4985 1060 5052 ἀναστησομένων,
1097 4983 1233 5035 ἀλλὰ
1261 4981 1350 5033 διὰ
1396 4982 1496 5050 μὲν
1526 4981 1732 5034 τούτων
1787 4984 1820 5053 ἢ

239 5080 365 5140 τοὺς
387 5079 850 5149 [⁸ίυναικομανεῖς,
870 5077 901 5144 ἢ
922 5075 1070 5146 τοὺς]
1087 5075 1493 5143 ὑποϐεϐηκότες
1515 5077 1572 5127 ἀν
1591 5076 1823 5147 πονηρίᾳ

238 5171 271 5240 ἢ
297 5172 388 5223 καὶ
418 5171 728 5239 ἀμφότερα,
757 5172 845 5222 διὰ
865 5169 920 5222 δὲ
945 5172 1051 5221 τῶν
1078 5167 1377 5230 ἐπιὸατῶν,
1407 5168 1530 5229 τοὺς
1554 5169 1610 5220 ἐν
1651 5169 1817 5239 κακίᾳ

241 5256 579 5326 προῦχοντας
615 5258 1004 5326 αἰνιττόμενος.
1059 5259 1124 5309 Ὀ
1155 5257 1247 5308 καὶ
1297 5257 1653 5326 παρακατιὼν
1693 5259 1820 5310 ἐσα-

238 5351 467 5419 φήνισεν
498 5348 689 5412 εἰπὼν,
732 5348 1092 5416 Ἐλευθέρων
1123 5366 1184 5401 τε
1209 5350 1304 5401 καὶ
1335 5350 1592 5412 δούλων,
1623 5350 1816 5418 μεγά-

235 5447 362 5495 λων
396 5442 491 5494 καὶ
529 5442 778 5511 μικρῶν·
822 5443 910 5494 διὰ
946 5442 1045 5512 μὲν
1067 5443 1174 5494 τῶν
1201 5442 1502 5512 ἐλευθέρων
1522 5444 1613 5495 καὶ
1650 5443 1819 5513 μεγά-

233 5536 341 5587 λων
411 5537 538 5597 τοὺς
611 5535 812 5603 μᾶλλον
894 5534 1319 5600 ἐξουσιαστικῶς
1376 5537 1811 5606 ἁμαρτάνοντας,

231 5628 317 5680 διὰ
341 5629 396 5679 δὲ
432 5628 538 5682 τῶν
568 5629 770 5681 δούλων
799 5629 896 5681 καὶ
939 5630 1154 5698 μικρῶν
1194 5630 1319 5692 τοὺς
1354 5624 1517 5701 ἦττον
1555 5631 1814 5699 πλημμε-

232 5721 480 5786 λοῦντας,
519 5722 550 5792 ἢ
599 5723 740 5776 κατὰ
782 5723 1028 5793 γνώμην,
1154 5722 1295 5776 κατά
1330 5721 1566 5792 ἡλικίαν,
1602 5723 1633 5793 ἢ
1678 5725 1816 5776 κατὰ

229 5817 544 5871 ἀσθένειαν.

303 5915 411 5968 Καὶ
445 5913 609 5967 εἶδον
658 5913 722 5967 τὸ
763 5917 973 5982 θηρίον
1024 5917 1122 5969 καὶ
1190 5916 1330 5982 τοὺς
1373 5916 1657 5983 βασιλεῖς
1709 5914 1814 5985 τῆς

614 6014 881 6076 ΡΑτειοι.
929 6016 1046 6077 Gn.
1081 6016 1242 6079 CVI.

1936 4697 2084 4748 nium
2127 4714 2282 4751 esum
2325 4699 2668 4768 signiﬁcatur
2719 4702 2970 4757 interitus
3022 4707 3269 4760 omnium
3312 4725 3510 4765 carna-

1931 4789 2084 4851 lium,
2147 4799 2200 4842 ct
2243 4790 2490 4845 deiectus
2550 4794 2964 4863 magltiﬁrorum
3034 4800 3319 4854 nominum
3385 4819 3508 4872 qua:

1931 4893 2058 4935 sunt
2105 4885 2157 4934 in
2200 4893 2365 4938 terra.
2401 4886 2675 4954 Equorum
2720 4905 2848 4942 vero
2904 4891 3176 4955 meminit,
3217 4909 3323 4947 non
3360 4899 3504 4963 quod

1931 4975 1984 5027 hi
2022 4987 2329 5042 resurgant,
2364 4978 2459 5032 sed
2492 4994 2587 5048 per
2633 4980 2753 5042 ltus,
2781 4993 2874 5034 aut
2914 4997 3009 5035 eos
3043 4983 3293 5054 designat
3321 4990 3413 5052 qui
3451 4989 3498 5042 in

1928 5065 2160 5120 feminas
2191 5079 2541 5136 exarserunt,
2587 5081 2681 5124 aut
2719 5074 2808 5140 qui
2862 5074 2913 5126 in
2967 5076 3171 5129 malitia
3230 5079 3506 5147 vixerunt,

1931 5169 2024 5211 aut
2064 5159 2228 5211 ctiam
2261 5169 2548 5229 utrosque.
2590 5161 2689 5214 l‘er
2730 5178 3054 5219 ascensores
3091 5183 3241 5232 vero,
3282 5185 3376 5222 eos
3407 5174 3500 5239 qui

1926 5253 1979 5306 in
2013 5254 2279 5322 pravitate
2304 5266 2680 5310 exceSSi-runt.
2719 5255 2874 5321 Quod
2917 5262 3078 5312 etiam
3120 5262 3171 5314 in
3203 5277 3496 5331 progressu

1929 5347 2340 5408 manifestavit,
2393 5349 2586 5402 dicens
2643 5369 2656 5404 :
2720 5349 3028 5403 Liberorum
3095 5363 3144 5406 et
3206 5371 3496 5419 servorum,

1925 5457 2234 5508 magnorum
2275 5452 2323 5492 et
2362 5441 2682 5509 pusillorum
2717 5455 2734 5493 :
2769 5457 2863 5511 per
2914 5443 3119 5500 liberos
3167 5447 3387 5514 quidem
3446 5459 3501 5502 et

1924 5551 2156 5604 magnos
2187 5534 2504 5604 signiﬁcans
2553 5551 2648 5591 eos
2700 5536 2794 5606 qui
2829 5539 3026 5606 majori
3065 5548 3333 5607 potestate
3371 5556 3498 5610 pec-

1921 5643 2072 5695 cant,
2112 5645 2205 5700 per
2245 5646 2434 5685 servos
2482 5647 2610 5685 vero
2641 5639 2696 5685 et
2741 5633 2993 5702 pusillos,
3043 5649 3140 5687 eos
3188 5636 3280 5704 qui
3315 5636 3497 5692 minus

1920 5725 2272 5794 delinquunt,
2296 5734 2391 5779 aut
2416 5735 2639 5795 propter
2663 5726 2954 5795 judicium,
2989 5737 3082 5780 aut
3114 5737 3330 5798 propter
3361 5739 3539 5784 arta-”

1920 5822 2053 5877 tem,
2082 5825 2172 5867 aut
2207 5825 2429 5884 propter
2453 5816 2898 5872 imbecillitatem.

1991 5915 2058 5968 Et
2094 5910 2198 5964 ridi
2231 5910 2452 5964 bestiam
2498 5922 2544 5964 et
2593 5926 2735 5980 reges
2777 5919 2952 5976 teri-tr,
2983 5921 3029 5963 et
3085 5911 3345 5966 exercitus
3398 5926 3487 5965 ω·

3123 6008 3202 6068 2h
