4252 6436
251 464 359 525 749

1322 457 1708 517 COMMENT.
1747 455 1824 516 IN
1867 453 2398 513 APOCALYPSIN.

3393 455 3502 516 750

249 574 312 626 ἐκ
338 572 446 625 ’.ῶν
474 569 673 641 χειρῶν
689 566 852 623 αὑτοῦ
869 565 1231 637 ἑλυτρὼσατο,
1257 567 1629 628 καταδικάσας
1656 564 1822 617 αὑτὸν
1854 576 1896 631 Α

1854 576 1896 631 Α
1927 562 2028 625 vit,
2069 561 2437 615 condemnato
2465 574 2533 614 eo
2565 561 2617 619 in
2642 559 2922 631 abyssum.
2966 557 3079 614 Hoc
3110 569 3292 617 autem
3324 577 3507 622 osten-

245 666 326 725 είς
341 662 440 731 τὴν
471 661 725 715 ἄϐυσσον.
751 659 922 713 Τοῦτο
944 659 999 713 δὲ
1032 659 1308 712 δείκνυται
1340 659 1403 711 ὲκ
1424 658 1532 710 τῶν
1552 659 1822 728 δαιμόνων

244 754 357 806 τῶν
407 751 870 822 παρακαλούντων
921 750 1084 805 αὑτὸν
1116 751 1191 821 μὴ
1242 750 1558 819 πεμφθῆναι
1597 751 1676 811 είς
1726 748 1826 819 τὴν

245 843 504 898 ἄϐυσσον.
548 844 672 895 Ὅτι
723 843 779 896 δὲ
817 842 1047 905 δέδεται,
1074 844 1377 912 τεκμήριον
1415 843 1443 894 ὁ
1478 840 1577 910 τῆς
1608 840 1825 893 εἰδωλο-

245 934 505 1004 λατρείας
527 933 835 1002 ἀφανισμὸς
865 934 962 987 καὶ⁵
990 934 1097 987 τῶν
1130 932 1423 987 εἰδωλικῶν
1455 933 1597 985 ναῶν
1624 934 1657 1002 ὴ
1693 930 1828 985 καθ-

246 1024 495 1092 αίρεσις,
563 1025 658 1077 καὶ
713 1023 823 1076 τῶν
862 1022 1183 1093 ὲπιῦωμίων
1228 1023 1441 1094 λύτρων
1482 1023 1516 1092 ἡ
1563 1020 1825 1090 ἔκλειψις,

247 1118 343 1167 καὶ
370 1118 403 1185 ἠ
432 1116 771 1185 παγκόσμιος
797 1115 892 1169 τοῦ
920 1116 1065 1169 θείου
1090 1116 1392 1186 θελήματος
1413 1116 1728 1183 ἐπίγνωσις.
1767 1114 1829 1169 Ὀ

250 1208 425 1275 μέγας
453 1208 510 1261 δὲ
549 1208 824 1271 Ἰούστίνός
846 1225 1031 1278 φησιν,
1065 1212 1121 1261 ἐν
1151 1212 1215 1278 τῇ
1242 1206 1431 1279 πρώτῃ
1460 1207 1554 1261 τοῦ
1589 1205 1825 1277 Χριστοῦ

248 1300 525 1368 παρουσίᾳ
569 1300 771 1367 γνῶναι
818 1300 910 1351 τὸν
957 1299 1225 1362 διὰὀολον,
1258 1300 1337 1353 ὅτι
1376 1300 1826 1353 καταδεδίκασται

247 1391 331 1451 είς
378 1390 478 1457 τὴν
528 1390 761 1443 ἄευσσον
812 1390 908 1443 καὶ
958 1392 1037 1453 εἰς
1066 1390 1165 1460 τὴν
1218 1390 1311 1442 τού
1365 1391 1534 1459 πυρὸς
1581 1391 1824 1459 γέενναν.

248 1482 489 1533 Δυνατὸν
535 1484 734 1543 τοίνυν,
784 1482 860 1543 ὡς
919 1477 1095 1551 οἶμαι,
1151 1481 1239 1533 διὰ
1278 1481 1383 1533 τῶν
1418 1481 1827 1551 προλεχθέντων

251 1575 348 1625 καὶ
383 1574 484 1643 τὴν
532 1574 624 1626 τοῦ
665 1574 903 1644 Χριστοῦ
955 1574 1096 1626 κατὰ
1153 1572 1249 1625 τοῦ
1295 1573 1543 1625 διαϐόλου
1590 1574 1828 1627 νοεῖσθαι

251 1665 547 1731 ἀπόφασιν.
586 1666 850 1734 ’Ἄγγελον
880 1666 937 1719 δὲ
970 1669 1037 1737 τῇ
1068 1666 1286 1738 τοιαύτῃ
1312 1666 1614 1733 ἀποφάνσει
1641 1667 1827 1720 διακο-

250 1756 513 1825 νούμενὸν
572 1774 758 1828 φησιν,
820 1758 908 1810 ἵνα
932 1757 1081 1831 δείξῃ
1141 1759 1233 1811 καὶ
1282 1757 1391 1811 τῶν
1444 1758 1831 1827 λειτουργικῶν

249 1844 539 1915 δυνάμεων
572 1847 759 1900 τοῦτον
807 1848 1006 1918 ἥττονα
1052 1848 1192 1900 κατὰ
1223 1846 1475 1914 δύναμιν,
1508 1849 1599 1899 καὶ
1652 1847 1831 1917 μάτην

1928 654 2075 707 ditur
2104 669 2168 707 es
2217 653 2558 708 daemonibus
2600 655 2693 723 qui
2730 653 2907 722 ipsum
2939 653 3393 749 deprecabantur,
3440 676 3508 717 ne

1929 760 1990 800 se
2020 746 2260 800 mitteret
2302 744 2355 797 in
2405 745 2683 815 abyssum.
2728 745 2889 812 Quod
2934 756 3117 802 autent
3166 744 3504 818 ligatus'sit,

1927 837 2234 893 ostenditur
2259 836 2581 891 idololatria:
2606 838 2857 892 interitus
2885 848 2939 893 et
2968 840 3255 895 subversio
3278 842 3509 912 templo-

1931 946 2051 985 rum
2088 930 2392 992 idolorum,
2423 943 2487 982 ac
2515 929 2760 986 delectus
2808 933 3020 987 cruoris
3060 932 3461 989 sacriﬁciorum
3487 975 3505 1001 ,

1930 1033 1985 1076 et
2030 1023 2303 1090 cOgnitam
2351 1037 2473 1075 esse
2510 1020 2752 1077 divinam
2786 1025 3123 1080 voluntatem
3157 1025 3211 1080 in
3248 1028 3508 1085 universo

1933 1113 2161 1168 mundo.
2220 1114 2448 1184 Magnus
2492 1125 2674 1169 autem
2726 1114 2975 1170 Justinus
3007 1119 3083 1171 ait
3119 1119 3398 1173 diabolum
3451 1122 3505 1175 in

1932 1203 2102 1273 priori
2132 1203 2336 1259 Christi
2375 1206 2612 1261 adventu
2664 1206 3020 1276 cognovisse,
3050 1212 3198 1279 quod
3246 1212 3508 1267 condem-

1929 1305 2092 1350 natus
2119 1310 2263 1352 esset
2292 1298 2345 1352 in
2389 1300 2648 1368 abyssum
2678 1308 2730 1352 et
2762 1299 2814 1353 in
2844 1300 3147 1366 gehennam
3176 1303 3336 1371 ignis.
3366 1302 3506 1359 Pos-

1927 1398 2123 1440 sumus
2168 1386 2354 1455 igitur,
2402 1398 2461 1441 ut
2504 1388 2721 1457 opinor,
2768 1403 2863 1457 per
2905 1404 2968 1443 ea
2996 1406 3116 1458 qua:
3165 1394 3306 1447 dicta
3356 1404 3505 1461 sunt,

1930 1475 2095 1529 etiam
2148 1477 2448 1547 intelligere
2498 1479 2703 1533 Christi
2745 1480 3007 1535 adversus
3054 1481 3331 1536 diabolum
3384 1498 3511 1537 sen-

1932 1566 2180 1621 tentiam.
2216 1568 2481 1638 Angelum
2528 1579 2709 1623 autem
2742 1570 2873 1625 dicit
2915 1572 3039 1627 talis
3084 1573 3367 1630 sententia:
3398 1575 3506 1629 mi-

1934 1661 2195 1723 nistrum,
2232 1668 2291 1714 ut
2326 1661 2473 1716 hunc
2506 1662 2759 1715 ostendat
2810 1664 3258 1725 ministrantibus
3290 1682 3510 1738 quoque

1931 1750 2232 1806 virtutibus
2279 1754 2520 1821 potentia
2572 1752 2926 1817 inferiorem,
2986 1755 3301 1828 frustraque
3353 1760 3507 1813 inso-

1934 1843 2141 1900 leseere
2191 1844 2456 1902 adversus
2520 1846 2886 1916 principatum
2946 1852 3040 1919 qui
3095 1849 3356 1906 omnibus
3408 1851 3511 1905 im-

252 1940 397 1991 κατὰ
428 1940 526 2007 τῆς
562 1938 669 1993 τῶν
716 1939 933 1992 πάντων
995 1938 1304 2011 κρατούσης
1337 1937 1511 2009 ἀρχῆς
1562 1938 1828 2007 θρασυνό-
1862 1930 1904 1986 Β
1934 1947 2106 2006 perat.

300 2047 435 2083 ενον.

300 2048 435 2083 ·νον.

252 2048 543 2189 μ(124ρέοα
576 2122 646 2174 ἐκ
678 2121 786 2177 τοῦ
834 2122 1043 2177 αὑτοῦ.
1087 2121 1286 2176 κλεῖδα
1337 2122 1436 2192 τὴν
1470 2121 1691 2193 ἀσφαλῆ
1738 2124 1834 2177 καὶ

252 2213 519 2283 ἁπρόῖτον
558 2214 668 2267 τῶν
707 2214 1052 2284 κατακρίτων
1101 2214 1337 2284 κατοχὴν
1388 2215 1567 2282 λέγει’
1599 2213 1835 2269 ἄδυσσον

248 2305 329 2367 δὲ,
364 2322 462 2372 την
479 2305 781 2375 ἀπέραντον
809 2307 889 2368 είς
921 2305 1222 2359 διέκδυσιν*
1256 2307 1537 2372 meamea,
1568 2309 1667 2377 τὴν
1698 2309 1836 2361 καθ-

250 2399 481 2466 εκτικὴν
528 2398 627 2466 τῆς
663 2397 926 2467 πονηρίας
980 2398 1283 2468 ἐνέργειαν.
1317 2399 1476 2451 Χίλια
1512 2400 1568 2451 δὲ
1606 2400 1666 2452 ού
1698 2399 1835 2453 πάν-

251 2505 363 2550 τως
388 2488 458 2540 τὰ
506 2489 743 2542 τοσαῦτα
791 2488 870 2561 τῷ
915 2489 1135 2561 ἀριθμῷ
1165 2492 1305 2543 νοεῖν
1344 2489 1582 2558 εὔλογον.
1624 2491 1690 2544 "ll
1725 2492 1834 2563 γὰρ

250 2581 364 2634 τῶν
389 2580 620 2645 πολλῶν,
646 2585 678 2651 ἦ
700 2581 795 2636 τοῦ
820 2583 1022 2636 τελείου
1054 2583 1387 2653 σημαντικὸν
1406 2584 1495 2636 τὸν
1520 2584 1625 2636 τῶν
1650 2586 1836 2656 χιλίων

253 2674 491 2745 ἀριθμὸν
545 2675 857 2745 εἰκάζομεν.
912 2676 1075 2728 Χίλια
1121 2675 1216 2745 ἔτη
1243 2675 1441 2741 τοίνυν,
1478 2677 1588 2729 εἴτε
1622 2680 1689 2732 τὰ
1727 2680 1837 2731 ἀπὸ

254 2766 359 2834 τῆς
405 2766 644 2836 Χριστοῦ
685 2767 990 2838 παρουσίας
1033 2766 1139 2830 ἕως
1183 2768 1283 2836 τῆς
1318 2766 1413 2819 τοῦ
1470 2768 1837 2837 Ἀντιχρέστου

256 2858 544 2928 ἑνδημίας,
576 2858 684 2911 εἴτε
705 2859 926 2920 δεκάκις
957 2859 1175 2922 ἑκατὸν,
1209 2859 1317 2912 εἴτε
1349 2858 1443 2910 καὶ
1477 2859 1683 2911 τούτων
1706 2858 1843 2911 ἀπο-

255 2948 475 3011 δέοντα,
520 2948 618 3018 οὐχ
648 2948 806 3019 ἡμῶν
835 2950 952 3001 ἐστι
994 2949 1199 3017 γνῶναι
1221 2948 1282 3001 τὸ
1312 2948 1561 3017 ἀκριϐὲς,
1590 2950 1673 3002 ὅτι
1706 2949 1841 3019 μηδὲ

257 3037 432 3109 θνητῇ
460 3039 620 3107 φύσει
650 3040 852 3106 γνῶναι
883 3039 1108 3108 χρόνους
1144 3039 1177 3109 ἢ
1211 3040 1435 3111 καιροὺς
1463 3038 1556 3104 οὓς
1585 3040 1614 3092 ὁ
1653 3040 1841 3111 Πατὴρ

260 3127 420 3181 ἔθετο
444 3130 503 3182 ὲν
531 3131 598 3200 τῇ
628 3129 737 3201 ίδίᾳ.
764 3128 1007 3200 ἐξουσίᾳ.

334 3398 440 3453 Καὶ
464 3398 614 3467 μετὰ
638 3397 821 3451 ταῦτα
854 3396 949 3449 δεῖ
965 3395 1223 3465 λυθῆναι
1256 3395 1443 3449 αὑτὸν
1463 3394 1680 3463 μικρὸν
1703 3395 1841 3462 χρό-

260 3507 396 3545 νον.
424 3490 635 3556 Μικρὸν
670 3488 884 3557 χρόνον,
925 3491 1114 3553 ποῖονς
1151 3487 1359 3541 Τοῦτον
1385 3486 1477 3540 τὸν
1506 3486 1604 3555 τῆς
1634 3503 1841 3556 παρου-

265 3584 390 3646 σίας
437 3581 531 3635 τοῦ
575 3581 968 3651 ’Λντιχρίστου,
1021 3580 1080 3632 ὃν
1120 3583 1198 3643 εἰς
1261 3581 1456 3651 μικρὸν
1506 3578 1842 3644 συνέστειλε,

262 3670 354 3723 διὰ
376 3670 438 3721 τὸ
473 3668 702 3739 σφοδρον
750 3669 845 3722 καὶ
872 3668 1057 3738 σχεδον
1096 3667 1405 3721 ἀνύποπτον
1447 3667 1555 3720 τῶν
1595 3667 1683 3721 διὰ
1708 3669 1843 3739 Χρι-

267 3761 395 3813 στὸν
439 3760 816 3830 κακουμένων,
859 3758 989 3829 περὶ
1023 3751 1084 3812 οὗ
1124 3759 1318 3829 χρόνου
1350 3760 1445 3811 καὶ
1492 3761 1521 3811 ὁ
1565 3758 1757 3829 Σωτὴρ
1786 3760 1844 3810 ὲν

266 3852 620 3919 Εὐαγγελίοις
649 3853 816 3924 φησὶ,
851 3852 1030 3921 θλίψιν
1064 3851 1341 3921 συμϐῆναι
1381 3851 1502 3904 οἵαν
1534 3850 1596 3903 ού
1624 3852 1846 3919 γέγονεν

266 3941 333 4007 ἔξ
376 3942 552 4013 ἀρχῆς
598 3942 825 4011 κόσμου.
878 3942 971 3995 Διδ
1025 3942 1120 3996 καὶ
1162 3940 1532 4012 κολοῆωθῆναί
1585 3957 1718 4012 φησι
1748 3941 1847 4005 τὰς

267 4032 482 4105 ἡμέρας
514 4033 713 4097 ταύτας
743 4033 831 4087 διὰ
856 4035 982 4097 τοὺς
1007 4032 1315 4097 ἐκλεκτούς.

849 4147 1100 4202 ΚΕΦΑΛ.
1139 4144 1262 4202 ΞΝ.

271 4263 412 4332 Περὶ
464 4261 585 4316 τῶν
621 4259 1078 4332 ἡτοιμασμένων
1113 4236 1342 4327 θρόνων
1375 4259 1499 4325 τοῖς
1537 4260 1850 4328 φυλαξασι

664 4331 780 4397 τὴν
816 4331 1075 4398 Χριστοῦ
1116 4332 1459 4399 ὁμολογίαν.

347 4447 456 4504 Καὶ
488 4442 654 4500 εἶδον
676 4446 950 4513 θρόνους,
988 4445 1085 4498 καὶ
1128 4443 1422 4497 ἐκάθισαν
1465 4445 1559 4498 ἐπ’
1592 4446 1847 4509 αὐτοὺς,

276 4539 372 4595 καί
403 4539 581 4608 κρῖμα
607 4537 785 4603 ἐδόθη
819 4536 1044 4611 αὐτοῖς,
1095 4536 1191 4589 καί
1232 4535 1339 4601 τὰς
1366 4538 1570 4605 ψυχὰς
1602 4536 1719 4590 τῶν
1747 4554 1849 4590 :re-

2006 2114 2215 2169 Aretha:
2239 2129 2306 2168 ea:
2331 2115 2532 2169 eodem.
2581 2114 2801 2172 Clavem
2842 2116 2977 2174 dicit
3012 2117 3226 2175 lirmam
3267 2129 3321 2176 et
3343 2122 3515 2178 inevi-

1936 2206 2157 2261 tabilem
2188 2206 2557 2263 detentionem
2588 2224 2780 2264 eorum
2815 2210 2910 2281 qui
2949 2212 3298 2268 condemnati
3340 2224 3462 2270 sunt
3499 2233 3514 2270 :

1935 2299 2195 2368 abyssum
2242 2314 2391 2363 vero,
2442 2301 2793 2354 traditionem
2836 2304 2986 2358 omni
3038 2305 3272 2360 termino
3318 2321 3516 2362 caren-

1939 2399 2047 2445 tem
2079 2408 2094 2444 :
2128 2399 2376 2444 Catenam
2408 2400 2615 2455 autem,
2654 2392 2760 2446 vim
2795 2394 3086 2449 cohibendi
3132 2399 3513 2466 operationem

1943 2482 2218 2535 vitiorum.
2255 2480 2424 2535 Porro
2470 2482 2638 2546 mille,
2672 2497 2778 2536 non
2812 2485 3040 2539 omnino
3070 2486 3269 2542 rationi
3312 2503 3516 2544 conso-

1944 2588 2073 2627 num
2116 2582 2221 2635 est.
2265 2582 2324 2625 ut
2359 2581 2569 2627 eertum
2604 2575 2754 2628 illum
2805 2592 3093 2630 numerum
3125 2577 3462 2649 accipiamus
3500 2600 3515 2636 :

1940 2666 2032 2720 sed
2064 2665 2431 2720 millenarium
2463 2682 2751 2721 numerum
2792 2667 3101 2737 signiﬁcare
3132 2670 3516 2741 imaginamur,

1940 2763 2035 2808 aut
2080 2755 2485 2810 multitudinem
2543 2767 2639 2811 aut
2682 2758 3093 2827 perfectionem.
3147 2760 3291 2817 Mille
3336 2763 3521 2834 itaque

1942 2860 2134 2902 annos
2161 2857 2255 2901 aut
2292 2862 2390 2902 eos
2434 2848 2530 2918 qui
2583 2849 2905 2903 interﬂuunt
2952 2866 2980 2904 a
3031 2849 3236 2907 Christi
3283 2856 3517 2910 adventu

1946 2954 2121 3009 usque
2164 2938 2234 2993 ad
2279 2939 2601 2996 Antichristi
2652 2942 2945 2996 adventum
2988 2944 3148 3012 (sive
3202 2945 3316 2999 sint
3340 2947 3522 3002 decies

1945 3042 2188 3095 centum,
2216 3032 2332 3086 sive
2353 3031 2519 3085 etiam
2546 3031 2631 3087 his
2662 3034 2991 3103 pauciores)
3023 3050 3132 3089 non
3164 3048 3415 3092 nostrum
3438 3050 3525 3094 est

1944 3131 2137 3177 exacte
2168 3138 2502 3193 cognoscere
2548 3141 2562 3177 :
2614 3126 2742 3194 quia
2794 3125 2927 3179 nulli
2976 3128 3287 3182 mortalium
3331 3130 3519 3184 datum

1892 3266 1909 3285 η
1945 3226 2027 3267 est
2070 3229 2404 3283 cognoscere
2436 3226 2679 3285 tempora
2730 3217 2812 3271 vel
2859 3229 3139 3273 momenta
3189 3235 3311 3289 qua:
3363 3219 3526 3277 Pater

1945 3306 2129 3375 posuit
2160 3307 2212 3360 in
2241 3324 2340 3362 sua
2369 3317 2657 3374 potestate.

2018 3397 2235 3464 Oportet
2272 3398 2423 3451 illum
2453 3399 2585 3453 solvi
2621 3400 2826 3453 modico
2848 3410 3097 3469 tempore.
3130 3402 3351 3457 Modico
3382 3412 3516 3458 tetu-

1947 3504 2079 3560 pore
2102 3530 2117 3553 ,
2151 3490 2428 3559 quonam?
2454 3492 2507 3546 ld
2537 3501 2748 3562 tempus
2772 3502 2857 3548 est.
2884 3494 3151 3549 adventus
3176 3495 3523 3562 Antichristi,

1947 3581 2092 3650 quod
2124 3580 2191 3633 ad
2229 3597 2451 3649 parvam
2486 3582 2831 3637 durationem
2862 3585 3159 3652 contraxit,
3198 3584 3364 3656 812
3402 3602 3525 3655 pro-

1951 3681 2067 3741 pter
2100 3672 2496 3726 vcliementiam
2532 3689 2655 3745 qum
2709 3676 2797 3729 vix
2848 3676 3068 3731 tolerari
3112 3687 3299 3747 posset
3337 3679 3409 3733 ab
3441 3679 3527 3731 his

1952 3764 2045 3834 qui
2101 3776 2319 3835 propter
2372 3764 2542 3819 Deum
2600 3766 2904 3837 atiligentur
2948 3810 2961 3832 ,
3009 3769 3077 3823 de
3127 3783 3239 3837 quo
3286 3777 3533 3840 tempore

1951 3857 2203 3910 Salvator
2232 3873 2450 3927 quoque
2481 3859 2533 3911 in
2562 3857 2872 3927 Evangeliis
2904 3861 3002 3926 ait,
3031 3860 3192 3915 talem
3226 3859 3346 3916 fore
3397 3861 3530 3916 ami-

1948 3946 2207 4009 ctiouem,
2239 3948 2420 4016 qualis
2448 3964 2554 4001 non
2587 3960 2670 4004 est
2698 3948 2839 4004 facta
2866 3951 2935 4005 ab
2959 3952 3115 4006 in‘itio
3143 3952 3331 4006 mundi
3360 3971 3374 4007 :
3406 3953 3527 4009 ideo

1951 4037 2115 4091 etiam
2149 4038 2550 4096 abbreviandos
2584 4041 2720 4096 dicit
2754 4042 2855 4098 hos
2889 4044 3008 4100 dies
3041 4056 3264 4114 propter
3301 4045 3527 4101 electos.

2536 4157 2767 4213 CAPUT
2798 4158 2933 4213 LXI.

1957 4270 2031 4323 De
2075 4270 2285 4326 sedibus
2330 4286 2468 4346 qua!“
2492 4282 2699 4346 partita:
2737 4284 2860 4327 sunt
2899 4276 3007 4329 illis
3053 4277 3144 4346 qui
3192 4274 3533 4333 servaverunt

2428 4340 2628 4395 Christi
2654 4345 3058 4411 confessionem.

2028 4454 2146 4520 ΧΧ,
2180 4457 2231 4509 ι.
2271 4457 2336 4509 Et
2365 4458 2470 4510 vidi
2500 4457 2666 4519 sedes,
2691 4466 2739 4511 et
2774 4458 3018 4511 sederunt
3043 4475 3197 4530 sup“
3223 4478 3337 4525 eas,
3368 4472 3418 4514 et
3440 4478 3534 4530 ju-

1958 4545 2154 4598 dicium
2204 4550 2331 4615 ipsis
2384 4550 2569 4601 datum
2599 4560 2698 4602 est.
2764 4548 2832 4603 Et
2889 4553 3098 4607 animas
3153 4553 3534 4608 deeollatorttm

276 4631 729 4699 πεπλασμένων
754 4630 849 4683 διὰ
873 4628 987 4697 τὴν
1010 4629 1345 4698 μαρτιιριάν
1378 4629 1607 4695 Ἰησοῦ,
1634 4630 1728 4683 καί
1757 4629 1857 4683 διὰ
1889 4618 1932 4674 ι)

1856 4672 1857 4675 η
1889 4618 1932 4674 ι)
1961 4647 2175 4704 propter
2210 4638 2565 4690 testimonium
2598 4638 2743 4701 Jesu,
2768 4649 2817 4692 et
2852 4651 3067 4709 propter
3095 4658 3384 4697 sermonem
3419 4643 3535 4703 Dei.

278 4728 385 4780 τὸν
412 4726 601 4793 λόγον
639 4722 747 4777 τοῦ
793 4722 963 4786 θεοῦ,
993 4721 1087 4776 καί
1127 4723 1345 4786 οἵτινες
1376 4723 1448 4774 οὺ
1475 4722 1855 4789 προσεκύνη-

276 4834 399 4871 σαν
428 4818 497 4869 τὸ
539 4817 772 4884 θηρίον,
799 4815 943 4869 οὐδὲ
970 4816 1087 4883 τὴν
1114 4817 1321 4868 εἰκόνα
1349 4813 1567 4876 αὐτοῦ,
1614 4817 1710 4868 καὶ
1743 4816 1855 4868 οὐκ

277 4910 501 4964 ἔλαϐον
529 4909 594 4961 τὸ
641 4909 915 4978 χάραῃια
948 4908 1047 4961 ἐπὶ
1083 4908 1148 4960 τὸ
1177 4907 1455 4976 μέτωπον
1485 4906 1580 4959 καὶ
1614 4906 1713 4959 ἐπὶ
1744 4907 1859 4975 τὴν

285 5001 448 5069 χεῖρα
485 4997 718 5053 αὐτῶνθ
760 5000 855 5051 καί
892 4999 1113 5064 ἔζησαν
1146 4999 1239 5050 καί
1275 4998 1685 5051 ἐϐασίλευσαν
1708 4986 1861 5067 μετᾶ

281 5094 385 5147 τοῦ
414 5091 671 5160 Χριστοῦ
706 5094 776 5147 τὰ
803 5094 966 5162 χίλια
993 5094 1120 5160 ἐτη.

352 5187 487 5247 Τοὺς
530 5185 718 5251 ἁγίους
760 5186 1088 5248 ἀποστόλους
1133 5186 1267 5253 φησὶ
1311 5184 1560 5254 θεωρεῖν,
1589 5182 1656 5236 δι’
1686 5175 1763 5236 ὧν
1790 5182 1858 5236 τὰ

285 5278 409 5346 Εονη
443 5277 843 5343 συνετισθέντα,
894 5277 973 5347 τῷ
1021 5276 1389 5345 διδασκαλικῷ
1438 5278 1581 5347 λόγῳ
1633 5276 1857 5343 ἔζησαν,

284 5373 377 5425 καλ⁸
410 5370 864 5423 συνεϐασίλευσαν
894 5369 1115 5439 Χριστῷ
1148 5371 1292 5439 χίλια
1318 5370 1439 5439 ἔτη.
1481 5369 1617 5440 Περὶ
1647 5370 1745 5439 μὲν
1768 5364 1861 5422 οὖν

285 5461 391 5515 τῶν
420 5463 607 5531 χιλίων
651 5462 787 5515 ἐτῶν
820 5463 1057 5533 εἴρηται.
1093 5458 1249 5515 Οὗτοι
1295 5460 1389 5513 οὖν
1430 5464 1479 5513 οί
1530 5462 1674 5530 ἆγιοι
1724 5460 1862 5515 ἀπό-

288 5554 461 5607 στολοι
492 5553 830 5617 καθίσουσιν,
863 5554 938 5617 ὡς
971 5556 1003 5624 ἡ
1037 5554 1325 5623 ὑπόσχεσις
1351 5552 1445 5605 τοῦ
1478 5553 1682 5623 Κυρίου
1706 5552 1861 5620 φησὶ,

292 5668 312 5700 ι
350 5647 643 5717 Κρίνοντες
678 5650 777 5710 τὰς
804 5647 1011 5701 δώδεκα
1047 5648 1217 5715 φυλὰς
1250 5647 1343 5699 τοῦ
1389 5646 1626 5717 Ἰσραὴλ,
1654 5665 1673 5695 ι
1708 5663 1863 5698 τουτ-

297 5743 423 5806 Ιιστι,
468 5743 912 5813 κατακρίνοντες.
961 5742 1039 5811 Τῇ
1098 5740 1395 5812 παραθέσει
1451 5740 1558 5811 γὰρ
1594 5739 1703 5792 τῶν
1732 5740 1867 5808 ὀμο-

356 5891 403 5923 σδ
430 5886 619 5945 Matth.
654 5907 763 5953 ns,
794 5892 886 5946 9.8.

1954 4738 2001 4781 et
2026 4730 2115 4798 qui
2145 4746 2247 4781 non
2274 4730 2629 4785 adorarerunt
2660 4732 2883 4784 bestiam
2907 4750 3067 4801 neque
3095 4736 3377 4804 imaginem
3396 4736 3534 4802 ejus,

1956 4829 2004 4871 et
2034 4820 2123 4887 qui
2163 4830 2265 4871 non
2318 4830 2628 4887 acceperunt
2677 4823 3033 4876 characterem
3077 4825 3131 4877 in
3174 4824 3347 4893 fronte
3387 4836 3435 4879 et
3483 4827 3538 4879 in

1959 4928 2120 4963 manu
2147 4928 2289 4973 sua;
2329 4921 2377 4964 et
2414 4915 2645 4966 vixerunt
2690 4923 2739 4966 et
2785 4927 3130 4984 regnarerunt
3180 4934 3297 4971 tum
3329 4916 3542 4973 Christo

1962 5003 2105 5056 mille
2142 5004 2318 5058 annis.

2034 5180 2267 5234 Sanctus
2314 5181 2596 5248 apostolos
2628 5182 2706 5236 ait
2742 5198 2802 5236 se
2837 5182 3059 5248 vidisse,
3100 5201 3191 5255 per
3224 5201 3365 5255 quos
3415 5203 3542 5241 ern-

1960 5272 2090 5325 ditae
2124 5280 2313 5341 gentes
2347 5273 2615 5327 doctrinm
2642 5274 2810 5328 verbo
2857 5277 3131 5341 vixerunt,
3178 5287 3231 5332 et
3281 5294 3387 5333 una
3416 5295 3542 5345 cum

1961 5365 2181 5419 Christo
2237 5376 2533 5435 regnarunt
2588 5366 2736 5421 mille
2791 5371 2970 5423 annis.
3035 5369 3226 5440 Itaque
3273 5373 3341 5425 de
3397 5372 3545 5427 mille

1965 5458 2127 5511 annis
2151 5458 2359 5511 dictum
2393 5466 2495 5511 cst.
2529 5456 2593 5512 Hi
2625 5474 2754 5527 ergo
2785 5459 2959 5514 sancti
2986 5462 3222 5530 apostoli
3253 5463 3542 5525 sedebunt,

1968 5550 2134 5604 veluti
2165 5549 2327 5603 habet
2349 5549 2563 5603 Domini
2598 5552 2912 5620 promissio,
2951 5573 2969 5605 t
3003 5552 3323 5610 Jutlicantes
3346 5556 3551 5611 duode~

1969 5640 2076 5695 cim
2098 5641 2272 5694 tribus
2300 5638 2467 5694 Israel
2484 5642 2550 5705 νδ,
2567 5662 2584 5691 ι
2615 5642 2718 5696 hoc
2739 5654 2848 5707 est,
2868 5644 3323 5701 condemnantes.
3349 5646 3550 5703 Eorum

1964 5733 2110 5787 enim
2155 5732 2246 5801 qui
2297 5733 2545 5801 ejusdem
2596 5741 2723 5787 sum
2800 5738 3014 5805 generis
3091 5738 3544 5808 juxtapositione.
