4252 6436
292 443 400 506 753

1345 445 1706 504 COMMENT
1748 444 1828 504 IN
1872 441 2400 502 APOCALYPSIN.

3414 427 3520 492 754

292 553 386 603 καὶ
420 549 772 620 πρόσκαιρος,
797 549 824 602 δ
848 548 904 601 δὲ
925 547 992 601 δι’
1020 549 1433 620 ἁμαρτημάτων
1458 550 1662 602 ἔκτισιν
1691 551 1749 602 ὲν
1781 547 1862 616 τῷ

1965 552 2076 596 tera
2119 541 2338 611 quidem
2375 537 2614 591 carnalis
2659 549 2721 588 ac
2756 532 3105 600 temporalis;
3144 547 3265 598 quae
3298 549 3424 587 vero
3457 538 3528 588 oh

297 641 543 709 μέλλοντι
578 640 734 695 αἰῶνι
762 641 1123 710 ἑπαγόμενος,
1156 642 1508 711 άτελεύτητος
1539 642 1632 693 καὶ
1662 641 1855 703 ἀΐδιος,

293 731 429 800 ὅπερ
459 732 607 782 ἐστὶν
629 732 662 799 ἡ
690 733 783 784 τοῦ
807 732 977 802 πυρὸς
1003 733 1215 798 γέεννα.
1261 732 1418 785 Ἀλλά
1447 749 1508 798 γε
1529 732 1623 784 καὶ
1652 731 1860 801 νεκρῶν

293 819 556 890 διαφορὰς
584 821 922 890 γινώσκομεν
940 839 954 854 ο
985 824 1033 874 οἰ
1066 823 1163 890 μὲν
1195 824 1436 890 φευκτοὶ,
1468 823 1596 892 περὶ
1623 816 1696 875 ὧν
1725 839 1859 890 φησι

296 909 392 960 καὶ
412 913 439 963 δ
463 912 764 980 προφήτης*
789 913 850 965 Οἱ
877 912 933 965 δὲ
949 914 1132 978 νεκροὶ
1156 912 1301 983 ζωὴν
1317 915 1379 966 οῦ
1404 913 1480 983 μὴ
1503 913 1703 966 ἴδωσινο
1730 915 1780 964 οἱ
1802 913 1858 966 δὲ

297 1001 591 1060 ἐπαινετοὶ.
611 1003 660 1053 οἰ
685 1002 773 1055 διὰ
803 1003 1036 1072 Χριστὸν
1062 1006 1159 1065 τὰς
1179 1002 1472 1072 ἡδυπαθεῖς
1491 1003 1585 1056 τοῦ
1609 1005 1860 1074 σώματος

295 1091 530 1160 πράξεις
559 1091 1000 1156 ἀποκτιννύντες,
1032 1093 1130 1159 τὴν
1166 1093 1430 1161 νέκρωσιν
1459 1092 1554 1145 τοῦ
1601 1091 1773 1162 Ἰησοῦ
1805 1095 1861 1144 ὲν

293 1182 373 1250 τῷ
403 1181 616 1250 σῶματι
647 1183 1058 1252 περιφέροντες.
1105 1183 1165 1234 'H
1203 1185 1257 1235 δὲ
1286 1184 1515 1252 δευτέρα
1544 1184 1859 1246 ἀνάστασις,

294 1273 327 1339 ἡ
363 1272 619 1341 καθολική
657 1275 768 1324 ἐστι
797 1273 898 1324 τῶν
933 1272 1218 1341 σωμάτων,
1244 1275 1362 1342 ἥτις
1390 1274 1682 1336 ἀνάστασις
1717 1274 1860 1342 ἀρχὴ

215 1369 223 1378 “’
293 1361 391 1428 τῆς
418 1361 712 1431 μελλούσης
742 1363 923 1424 αὐτοῖς
948 1362 1217 1426 κολάσεως
1240 1364 1472 1430 γίνεται.
1500 1364 1652 1416 Κατὰ
1676 1365 1731 1415 δὲ
1755 1366 1862 1416 τῶν

291 1451 390 1520 τὴν
435 1451 655 1522 πρώτην
699 1453 1201 1523 εὐδαιμονησάντων
1249 1456 1541 1507 ἀνάστασιν
1595 1459 1695 1508 οὐκ
1751 1456 1862 1524 ἔχει

293 1541 542 1605 ἐξουσίαν
561 1546 588 1596 ὁ
607 1543 856 1614 δεύτερος
879 1545 986 1597 ἀπὸ
1017 1545 1114 1613 τῆς
1135 1547 1406 1615 ἁμαρτίας
1433 1547 1568 1614 πρὸς
1595 1548 1863 1616 τιμωρίαν

294 1630 678 1683 ἁποκαθιστῶν
713 1631 960 1695 θάνατος.
997 1632 1110 1684 ἀλλ’
1142 1631 1353 1684 ἔσονται
1390 1635 1553 1700 ἱερεῖς
1586 1630 1679 1683 τοῦ
1729 1633 1862 1684 Θεοῦ

294 1726 390 1777 καὶ
423 1725 516 1777 τοῦ
553 1726 809 1796 Χριστοῦ.
839 1727 999 1779 Χίλια
1027 1727 1102 1787 δὲ,
1137 1729 1198 1778 οὐ
1229 1728 1292 1778 τὰ
1323 1727 1398 1795 τῷ
1434 1727 1616 1780 δεκάδι
1646 1727 1864 1796 ἀριθμῷ

294 1813 387 1865 τὸν
417 1815 612 1867 ἑκατὸν
638 1816 1056 1884 συντελούμενα.
1083 1816 1196 1869 ἀλλ’
1227 1818 1410 1886 ἐπειδὴ
1433 1821 1461 1870 ὁ
1490 1818 1710 1880 δέκατος
1741 1821 1863 1888 ἀρι-

296 1904 432 1973 θμὸς
473 1906 685 1975 πρῶτος
719 1908 950 1976 ἀριθμὸς
994 1908 1196 1972 τέλειος
1226 1911 1288 1960 ὲκ
1332 1909 1574 1978 μονάδων
1610 1911 1858 1981 συνέστη,

293 1993 411 2046 εἶτα
443 1996 600 2048 πάλιν
617 1999 778 2058 αὐτὸς
800 1997 877 2066 τῷ
909 1998 1174 2069 δεκαδικῷ
1196 2001 1522 2069 διαστήματι
1550 2001 1638 2054 τὸν
1673 2004 1863 2055 ἑκατὸν

295 2088 614 2154 ἀπετέλεσε,
643 2091 735 2142 καὶ
763 2090 944 2156 πάλιν,
975 2085 1127 2154 οὗτος
1158 2094 1248 2144 ἐπὶ
1274 2093 1382 2144 τῶν
1410 2093 1539 2147 δέκα
1587 2096 1865 2147 πολυπλα-

296 2179 537 2240 σιασθεὶς
567 2180 673 2231 ἀπὸ
706 2182 906 2234 τούτων
936 2186 1034 2252 τὴν
1062 2185 1263 2252 σωρίδιι
1293 2185 1385 2237 τοῦ
1416 2187 1561 2255 χίλια
1601 2189 1865 2254 συνεστή-

295 2285 427 2320 σατο
454 2271 516 2321 ἐκ
546 2270 750 2323 τελείου
782 2273 917 2340 πρὸς
949 2273 1280 2343 τελειότερον
1316 2277 1683 2345 καταντήσας,
1715 2277 1863 2329 εἰκό-

295 2377 402 2422 τως
437 2359 512 2430 τῷ
547 2363 832 2431 ὑπερτελεῖ
877 2363 994 2433 Θεῷ
1035 2364 1093 2416 τὸ
1129 2365 1328 2418 τέλειον
1354 2367 1452 2436 τῆς
1486 2369 1623 2436 μετὰ
1653 2368 1865 2436 ἀνθρὼ-

298 2468 418 2501 πων
481 2453 866 2524 συνδιατριϐῆς
930 2456 1282 2525 άςωρίσατο,
1346 2458 1444 2526 οὐχ
1504 2459 1586 2510 ὅτι
1653 2460 1866 2521 πάντως

296 2542 551 2596 τοσοῦτον
603 2545 678 2616 τῷ
720 2546 972 2616 ἀριθμῷ,
1036 2547 1170 2600 ἀλλὰ
1215 2548 1300 2600 διὰ
1331 2547 1424 2600 τοῦ
1476 2549 1680 2602 τελείου
1712 2549 1866 2602 τοῦτο

297 2635 631 2702 ἐμφανίζων,
677 2637 749 2699 ὡς
800 2641 908 2691 πᾶν
960 2640 988 2692 δ
1037 2640 1100 2692 ἂν
1135 2640 1324 2708 χρόνου
1380 2641 1654 2710 διάστημα
1699 2641 1865 2705 διεξοο

297 2728 464 2800 δευῢῇ
495 2733 629 2798 μετᾶ
660 2731 755 2799 τῆς
782 2731 1081 2798 ἀνθρώπων
1106 2733 1199 2785 τοῦ
1235 2735 1469 2806 Χριστοῦ
1506 2752 1865 2804 συναναστρο-

298 2821 428 2889 φῆς.
462 2822 561 2875 οὐκ
589 2819 654 2874 ἂν
678 2822 831 2876 τοῦτο
855 2824 931 2886 τῷ
959 2826 1138 2878 ἀτελεῖ
1159 2827 1584 2897 προσνεμηθείη.

875 3025 1125 3078 ΚΕΦΑΛ.
1177 3024 1291 3078 ΞΓ.

674 3139 810 3207 Περὶ
843 3140 946 3192 τοῦ
974 3140 1111 3210 Γὼγ
1139 3142 1233 3194 καί
1262 3143 1496 3212 Μαγώγ.

1963 635 2337 700 rcpeusioncm
2387 638 2727 696 peccatorum
2772 628 2824 678 in
2861 625 3047 678 futuro
3077 624 3278 677 saeculo
3319 624 3530 677 induci-

1964 735 2072 786 tur.
2107 725 2431 792 sempiterna
2463 730 2544 773 est
2565 729 2618 772 et
2643 719 2748 772 line
2779 730 2998 778 carens,
3023 730 3142 784 qua
3171 725 3256 768 est
3281 715 3529 784 gehenna

1964 818 2123 878 ignis.
2173 815 2276 867 Sed
2315 822 2367 868 et
2420 819 2756 862 mortuorum
2805 807 3176 862 diversitatem
3236 806 3526 874 cognosci-

1965 923 2086 960 mus
2116 925 2128 961 :
2161 907 2249 958 alii
2278 903 2499 973 quidem
2536 900 2770 966 fugiendi
2801 909 2951 963 sunt,
2977 899 3043 952 de
3073 898 3277 968 quibus
3300 898 3374 950 ait
3405 897 3532 950 Pro-

1964 999 2121 1066 pheta
2153 1015 2167 1050 :
2222 996 2415 1050 Morini
2449 995 2611 1047 vitam
2661 1007 2768 1044 non
2801 992 3018 1044 videant
3057 1007 3072 1044 :
3123 990 3213 1044 alii
3250 1004 3379 1044 vero
3417 991 3534 1042 lau-

1963 1086 2148 1146 dandi,
2181 1086 2272 1154 qui
2307 1096 2527 1155 propter
2569 1081 2846 1135 Christum
2901 1082 3250 1149 voluptuosas
3283 1080 3533 1148 corporis

1964 1178 2308 1247 operationes
2349 1177 2743 1232 interimentes.
2795 1174 3270 1227 mortificationem
3313 1171 3530 1244 Jesu‘in

1964 1283 2191 1337 corpore
2232 1266 2648 1321 circumferunt.
2691 1263 2863 1318 Porro
2916 1265 3152 1318 secunda
3204 1264 3532 1318 resurrectio
3601 1267 3604 1271 ’

1965 1359 2288 1414 universalis
2327 1368 2409 1412 est
2451 1373 2771 1425 corporum,
2815 1371 2936 1423 quae
2988 1355 3317 1408 resurrectio
3366 1354 3531 1408 futuri

1966 1449 2216 1519 supplicii
2277 1449 2411 1516 ipsis
2467 1447 2696 1500 edicitur
2762 1446 3000 1498 initium.
3066 1444 3344 1498 Adversus
3412 1445 3532 1498 illos

1966 1554 2145 1596 autem
2173 1540 2261 1609 qui
2296 1541 2462 1608 priori
2493 1538 2888 1590 resurrectione
2920 1536 3208 1589 beatiﬁcati
3245 1545 3392 1594 sunt.
3425 1550 3534 1589 non

1968 1633 2128 1687 habet
2167 1639 2492 1701 potestatem
2528 1643 2698 1690 mors.
2735 1643 2857 1695 qua:
2891 1643 2920 1679 a
2953 1637 3176 1695 peccato
3217 1626 3535 1680 transmittit

1966 1723 2031 1776 ad
2056 1723 2383 1792 supplicium
2412 1739 2422 1772 :
2455 1721 2546 1774 sed
2579 1716 3072 1772 eruntsacerdotes
3105 1716 3195 1768 Dei
3228 1724 3278 1768 et
3308 1714 3530 1768 Christi.

1968 1813 2112 1868 Mille
2142 1829 2273 1867 vero
2323 1827 2430 1866 non
2479 1811 2741 1864 dicuntur
2787 1823 2909 1878 quae
2951 1808 3180 1876 decupla
3236 1807 3533 1861 centenarii

1971 1906 2182 1960 numeri
2215 1903 2663 1973 multiplicatione
2701 1900 3110 1956 coniiciuntur:
3148 1898 3240 1953 sed
3274 1898 3532 1967 quoniam

1970 1999 2225 2053 denarius
2251 2011 2511 2050 numerus
2540 1994 2748 2064 primus
2771 2002 2853 2046 est
2882 1992 3152 2060 perlectus
3175 2006 3436 2044 numerus
3469 2005 3532 2040 cx

1970 2090 2270 2144 unitatibus
2295 2088 2622 2141 constitutus
2643 2125 2656 2144 .
2689 2084 2886 2138 deinde
2917 2097 3131 2138 rursum
3169 2081 3284 2150 ipse
3314 2079 3536 2132 denario

1971 2181 2256 2233 intervallo
2291 2186 2511 2232 centum
2564 2174 2886 2238 constituit,
2940 2183 2996 2227 et
3047 2175 3240 2225 iterum
3304 2172 3392 2225 hic
3445 2187 3537 2238 per

1970 2273 2154 2326 decem
2189 2270 2579 2336 multiplicatus
2609 2281 2861 2320 acervum
2891 2265 3112 2317 coniicit
3148 2261 3534 2319 millenarium,

1972 2378 2001 2414 a
2035 2363 2275 2431 perfecto
2303 2359 2598 2429 procedens
2625 2357 2691 2410 ad
2735 2355 3048 2425 perfectius,
3087 2355 3283 2407 merito
3327 2352 3538 2422 perlec-

1974 2455 2170 2508 lionem
2201 2454 2458 2507 distincte
2490 2452 2790 2521 assignavit
2821 2448 3224 2504 conrersationi
3261 2446 3540 2514 perlectis-

1973 2548 2094 2601 simi
2131 2547 2219 2601 Dei
2252 2562 2373 2601 cum
2423 2545 2739 2600 hominibus
2768 2563 2778 2598 :
2816 2560 2922 2597 nou
2951 2542 3094 2611 quod
3131 2542 3356 2596 omnino
3388 2548 3539 2592 tanto

1971 2649 2114 2692 esset
2143 2652 2408 2691 annorum
2445 2652 2693 2697 numero,
2727 2638 2819 2690 sed
2868 2637 2968 2687 hoc
3002 2632 3330 2701 perfectione
3365 2631 3539 2684 niani-

1974 2729 2154 2789 l‘estat.
2193 2739 2250 2780 ut
2297 2739 2782 2797 quantumcunque
2814 2735 2960 2782 esset
2986 2724 3245 2792 temporis
3287 2723 3542 2780 interval-

1976 2823 2086 2874 lum
2135 2820 2566 2875 conversationis
2605 2820 2807 2874 Christi
2857 2833 2980 2872 cuui
3031 2814 3389 2877 hominibus,
3437 2813 3541 2866 hoc

1977 2927 2316 2982 nequaquam
2354 2911 2750 2983 iiuperl'ectioni
2777 2910 3183 2965 attribueretur.

2534 3021 2762 3076 CAPUT
2797 3021 2976 3076 LXIII.

2499 3138 2569 3189 De
2597 3135 2706 3205 συθ
2735 3147 2781 3189 et
2814 3135 3022 3206 tllagog.

372 3248 478 3301 Kal
502 3249 643 3316 μετὰ
673 3253 743 3303 τὰ
772 3251 934 3318 χίλια
959 3251 1062 3318 ἔτη
1088 3252 1416 3320 ,λυθήσεται
1446 3259 1479 3307 ό
1503 3255 1775 3323 Σατανᾶς
1804 3258 1862 3310 ἐκ

2050 3249 2166 3314 XX,
2219 3248 2364 3303 7-10.
2404 3248 2468 3300 Et
2513 3257 2626 3315 post
2660 3248 2801 3300 mille
2839 3264 3006 3301 annos
3060 3248 3286 3300 solvetur
3313 3247 3541 3300 Salanus

295 3339 408 3407 τῆς
448 3340 725 3408 φυλακῆς
757 3341 962 3404 αὑτοῦ,
1000 3343 1095 3394 καί
1126 3343 1510 3406 ἐξελεύσεται
1558 3347 1867 3415 πλανῆσαι

295 3433 368 3482 τὰ
414 3429 558 3495 ἔθνη
591 3429 662 3481 τὰ
688 3431 756 3482 ἐν
794 3430 920 3496 ταῖς
953 3431 1248 3500 τέσσαρσι
1295 3437 1535 3503 γωνίαις
1583 3436 1692 3503 τῆς
1737 3438 1866 3509 γῆς,

296 3521 406 3570 τὸν
435 3518 567 3588 Γὼγ
598 3520 694 3572 καί
726 3519 831 3572 τὸν
856 3520 1090 3588 May-dir,
1123 3525 1490 3592 συναγαγεῖν
1521 3527 1741 3591 αὐτοὺς
1786 3531 1872 3592 εἷς

294 3612 406 3662 t‘r
433 3611 717 3679 πόλεμον,
750 3605 836 3664 ὧν
873 3614 905 3664 ὀ
937 3612 1180 3680 ἀριθμὸς
1220 3615 1360 3668 ὡσεί
1405 3616 1596 3685 ἄμμος
1632 3617 1741 3684 τῆς
1767 3623 1868 3672 θα-

295 3702 563 3770 λάσσης.
599 3705 705 3758 Kal
737 3704 1044 3771 ἀνέϐησαν
1084 3705 1180 3758 ἐπὶ
1212 3707 1278 3758 τὸ
1319 3707 1548 3774 πλάτος
1598 3708 1705 3775 τῆς
1733 3710 1867 3779 γῆς,

298 3797 394 3848 aut)
453 3796 809 3849 ἐκύκλωσαν
884 3799 998 3866 τὴν
1051 3801 1434 3869 παρεμϐολὴν
1493 3800 1610 3853 τῶν
1671 3805 1872 3872 ἁγίων,

300 3889 398 3938 ναὶ
428 3888 538 3953 τὴν
565 3889 746 3940 πόλιν
779 3889 893 3953 τὴν
923 3890 1332 3958 ἠγαπημένην.
1367 3893 1474 3945 Kal
1506 3894 1718 3960 κατέϐη
1753 3894 1872 3960 πῦρ

297 3977 367 4030 ὲκ
404 3977 506 4028 τοῦ
552 3979 811 4044 adparat")
861 3979 979 4032 ἀπὸ
1023 3979 1128 4033 τοῦ
1185 3981 1352 4044 Θεοῦ,
1411 3981 1509 4035 καὶ
1542 3982 1875 4050 κατέφαγεν

297 4070 544 4132 αὐτούς.
571 4071 679 4122 Kal
708 4073 741 4123 ό
771 4068 1046 4135 διάϐολος
1077 4073 1108 4124 ό
1138 4071 1387 4124 πλανῶν
1408 4072 1629 4136 αὐτοὺς
1650 4074 1872 4141 tamen

299 4165 388 4224 εὶς
427 4159 539 4226 τὴν
568 4160 794 4228 λίμνην
827 4161 934 4214 τοῦ
968 4160 1156 4228 πυρὸς
1212 4161 1309 4214 καί
1357 4162 1539 4226 θείου,
1588 4162 1740 4215 ὅπου
1777 4164 1871 4215 καὶ

1969 3343 2032 3394 de
2062 3358 2268 3394 carcere
2298 3357 2390 3393 suo
2426 3357 2440 3390 :
2476 3353 2520 3393 et
2562 3339 2720 3393 exibit
2748 3349 2801 3391 ut
2835 3341 3048 3392 sedurat
3083 3351 3253 3409 gentes
3285 3356 3398 3409 qua'
3421 3351 3542 3392 sunt

1969 3435 2019 3485 in
2048 3444 2276 3502 quatuor
2311 3434 2518 3502 angulis
2543 3444 2697 3486 terrae
2728 3430 2837 3501 Gog
2865 3442 2913 3485 et
2948 3431 3158 3502 Magog,
3192 3442 3248 3484 ut
3273 3443 3542 3502 congregat

1968 3543 2054 3578 eos
2106 3526 2158 3578 in
2216 3525 2485 3591 praelium.
2533 3542 2754 3593 quarunt
2798 3540 3048 3578 numerus
3083 3534 3160 3578 est
3211 3527 3346 3578 sicut
3382 3543 3544 3579 arena

1969 3618 2154 3670 muris.
2208 3615 2274 3669 Et
2324 3618 2673 3668 ascenderunt
2710 3631 2868 3682 super
2895 3615 3232 3670 latitudinem
3279 3625 3453 3680 terra,
3494 3628 3543 3670 et

1974 3710 2285 3762 obsederunt
2314 3717 2490 3761 castra
2537 3717 2837 3761 sanctorum
2873 3708 3037 3777 815
3064 3725 3125 3760 ac
3151 3709 3416 3762 civitatem
3459 3710 3542 3760 di-

1969 3802 2180 3854 lectam.
2219 3799 2285 3852 Et
2317 3800 2584 3853 descendit
2617 3801 2750 3867 ignis
2785 3800 2846 3851 de
2871 3800 2995 3851 εωίο
3023 3817 3053 3851 (ι
3090 3798 3216 3859 Deo,
3243 3809 3288 3852 et
3322 3801 3541 3852 devora-

1970 3895 2038 3946 vit
2073 3909 2199 3955 eos;
2237 3905 2283 3946 et
2327 3893 2572 3946 diabolus
2600 3894 2689 3960 qui
2722 3894 2994 3945 reducebat
3040 3909 3123 3945 eos
3154 3892 3340 3944 missus
3376 3902 3450 3946 est
3491 3895 3543 3945 in

1970 3993 2213 4052 stagnum
2252 3985 2388 4053 ignis
2413 3994 2461 4038 ct
2492 3984 2781 4052 sulphuris,
2817 3984 2906 4037 ubi
2932 3993 2980 4036 et
3019 3987 3185 4037 bestia
3223 3995 3271 4037 et
3321 3987 3541 4053 pseudo-

1970 4076 2219 4143 propheta
2269 4086 2431 4138 sunt;
2464 4085 2512 4130 ct
2547 4076 2926 4129 cruciabuntur
2960 4076 3044 4129 die
3090 4092 3152 4127 ac
3182 4087 3327 4128 nocte
3355 4077 3409 4129 in
3441 4093 3539 4129 sw-

1972 4169 2094 4219 cula
2123 4168 2465 4220 saeculorum.

300 4255 369 4306 τὸ
399 4253 605 4322 θηρίον
625 4256 721 4307 καί
753 4254 1329 4323 όψευδοπροφήτης,
1375 4257 1471 4309 καί
1506 4257 2074 4324 ,βασανισθήσονται
2147 4261 2372 4330 ἡμέρας
2419 4259 2518 4314 καὶ
2561 4261 2782 4326 νυκτὸς
2809 4263 2896 4325 εἰς
2957 4260 3098 4325 τοὺς
3161 4259 3379 4321 αἰῶνας
3427 4260 3544 4311 τῶν

299 4361 550 4402 αἰωνων.
562 4361 563 4364 “

373 4439 547 4492 XLI“:
577 4441 703 4506 ἐτη.
746 4439 850 4492 Τὸν
884 4441 992 4494 ἀπὸ
1022 4441 1122 4510 τῆς
1157 4441 1251 4493 τοῦ
1300 4443 1536 4512 Χριστοῦ
1571 4446 1868 4513 παρουσίας

2054 4445 2202 4499 Mille
2231 4462 2416 4500 annos.
2452 4444 2655 4514 Nempe
2700 4454 2912 4513 tempus
2962 4444 3030 4497 ab
3080 4445 3308 4497 adventu
3340 4442 3540 4496 Christi

302 4530 516 4601 χρόνον,
563 4531 722 4601 μέχρι
772 4532 866 4585 τοῦ
925 4533 1292 4603 ’Λντιχρίστου
1345 4535 1509 4601 λέγει,
1544 4530 1752 4599 οὗτινος
1778 4537 1862 4588 λυ-

1978 4552 2151 4604 usque
2182 4537 2246 4589 ad
2272 4537 2694 4601 Antichristum,
2717 4551 2826 4604 quo
2850 4538 3030 4589 soluto
3057 4537 3262 4603 inducit
3289 4537 3543 4604 deinceps

304 4626 510 4687 θέντος,
567 4625 777 4691 εἱτάγει
819 4627 1004 4678 λοιπὸν
1039 4626 1134 4678 καὶ
1160 4625 1231 4678 τὰ
1273 4625 1400 4694 ἔθνη
1430 4627 1523 4679 καὶ
1550 4628 1747 4688 τόπους
1776 4632 1875 4697 τῆς

302 4716 647 4783 οἰκουμένης,
693 4715 813 4768 καθ’
865 4715 960 4778 οὓς
999 4717 1068 4770 τὰ
1102 4715 1200 4785 τῆς
1249 4717 1511 4786 συνήθους
1550 4717 1698 4787 αὐτῷ
1750 4722 1873 4772 ἐπι-

304 4805 538 4870 δείξεται
569 4806 803 4876 ἀπάτης,
841 4806 934 4858 καὶ
961 4807 1097 4876 πρὸς
1125 4807 1286 4859 τίνων
1317 4807 1408 4860 καὶ
1437 4809 1576 4860 κατὰ
1605 4809 1764 4860 τίνων
1802 4809 1875 4872 ὼς

305 4897 706 4968 ἀφηγουμένων
743 4901 771 4951 ὁ
817 4898 1051 4967 πόλεμος
1079 4893 1232 4962 οὗτος
1283 4900 1528 4968 συσταίη.
1575 4901 1744 4970 Ἐονη
1777 4902 1877 4967 μὲν

303 4989 419 5050 οὖν,
464 4991 532 5041 τὰ
583 4989 961 5057 εὐεξαπάτητα
1014 4990 1192 5057 λέγει·
1241 4991 1438 5054 τόπους
1473 4991 1548 5053 δὲ,
1605 4993 1730 5054 τοὺς
1772 4993 1878 5044 ὑπὸ

304 5083 404 5148 τὴν
441 5080 534 5133 ὑπ’
559 5079 805 5148 οὐρανὸν,
833 5079 926 5142 οὓς
960 5081 1053 5132 καὶ
1086 5081 1358 5150 τέσσαρας
1391 5083 1592 5148 γωνίας
1620 5082 1876 5149 ὀνομάζει

305 5171 408 5238 τῆς
434 5171 558 5239 γῆς,
601 5168 700 5230 τὰς
724 5170 996 5236 τέσσαρας
1039 5169 1222 5239 λήξεις
1248 5171 1344 5238 τῆς
1377 5172 1702 5240 οἰκουμένης
1733 5172 1877 5226 οὕτω

307 5262 509 5323 καλῶν,
538 5261 645 5313 ἀπὸ
671 5261 779 5312 τῶν
801 5261 1042 5330 ἡλιακῶν
1065 5261 1244 5331 φορῶν
1271 5261 1414 5314 οὕτω
1441 5263 1752 5332 κληθείσας,
1781 5267 1874 5318 καὶ

306 5354 416 5405 τῶν
455 5353 598 5406 κατὰ
646 5353 880 5423 ἀστέρας
923 5353 1076 5415 τινὰς
1123 5353 1470 5408 οἰκειώσεων.
1513 5356 1665 5407 Ἐπεὶ
1700 5355 1878 5408 τοίνυν

309 5445 437 5513 ἔθνη
469 5444 570 5513 μὲν
604 5442 778 5498 ταῦτα
817 5444 934 5510 μεθ’
964 5438 1038 5497 ὧν
1084 5447 1112 5498 δ
1149 5445 1384 5512 πόλεμος
1436 5447 1615 5515 μέλλει
1649 5464 1880 5516 συγκρο-

307 5537 545 5601 «suam,
598 5537 692 5590 καὶ
731 5537 907 5607 χῶρος
935 5530 1086 5599 οὗτος
1122 5538 1178 5590 ὲν
1212 5530 1256 5604 ᾧ
1298 5538 1398 5606 ἤδη
1431 5539 1535 5590 ’καὶ
1565 5540 1689 5602 τοὺς
1747 5539 1879 5591 καθ-

306 5629 650 5696 ηγουμένους
670 5629 879 5696 εἰσάγει
896 5627 1084 5698 ὥσπερ
1103 5628 1448 5698 πολεμάρχης
1466 5632 1492 5682 ὁ
1510 5628 1631 5696 Γὼγ
1651 5630 1741 5682 καὶ
1761 5630 1881 5683 Μα-

311 5723 451 5790 γὼγ,
485 5722 546 5774 ὃν
580 5724 674 5775 καὶ
714 5722 973 5791 Ἰεζεκιὴλ
1007 5722 1338 5792 προφητεύει
1366 5708 1452 5774 ἐπ’
1486 5723 1715 5792 ἐσχάτου
1755 5740 1874 5777 και-

315 5815 410 5884 ροῦ
460 5813 812 5884 ἐλευσόμενον
862 5817 958 5869 σὺν
1003 5815 1228 5884 δυνάμει
1277 5813 1487 5885 βαρείᾳ.
1537 5815 1676 5869 Ἀλλ’
1721 5815 1878 5878 Ἰεζε-

1977 4638 2031 4683 et
2061 4638 2247 4696 gentes
2278 4637 2333 4681 et
2377 4629 2491 4682 lora
2528 4629 2709 4687 orbis.
2742 4629 2944 4696 quibus
2977 4628 3064 4681 ille.
3109 4644 3264 4681 suam
3311 4629 3538 4716 familia-

1979 4736 2091 4774 rem
2116 4721 2365 4774 ostendet
2399 4721 2774 4787 imposturam,
2798 4729 2851 4773 et
2881 4735 2976 4788 per
2999 4734 3138 4786 quos
3161 4727 3214 4772 et
3243 4719 3542 4773 secundum

1978 4825 2118 4878 quos
2153 4819 2415 4878 tauquam
2447 4812 2615 4864 duces
2638 4819 2895 4863 cruentos
2949 4809 3147 4864 bellum
3193 4811 3297 4863 hoc
3337 4811 3543 4864 consti-

1981 4912 2186 4955 tuatur.
2217 4902 2418 4956 Gentes
2451 4903 2633 4967 itaque
2663 4903 2795 4953 dicit
2830 4901 2975 4962 illos.
3012 4902 3105 4970 qui
3160 4900 3316 4954 facile
3361 4912 3545 4968 patent

1979 4993 2283 5061 deceptioni
2321 5010 2334 5046 :
2369 4993 2485 5046 loca
2527 5008 2653 5044 vero
2681 5006 2775 5044 cos
2803 4991 2894 5058 qui
2930 5001 3132 5058 partem
3158 4992 3261 5043 sub
3289 4991 3429 5044 ccelo
3459 4991 3544 5042 in-

1981 5087 2183 5148 colunt,
2215 5098 2354 5152 quos
2383 5085 2544 5136 etiam
2575 5092 2805 5150 quatuor
2831 5092 2986 5134 teme
3025 5082 3254 5148 angulos
3281 5083 3545 5143 nominat,

1980 5185 2217 5245 quatuor
2250 5174 2398 5228 orbis
2445 5175 2578 5227 lines
2622 5173 2694 5226 ita
2740 5188 2965 5238 vocans,
2997 5188 3027 5227 a
3073 5173 3206 5227 solis
3248 5173 3547 5226 latiouibus

1982 5268 2054 5321 ita
2085 5265 2405 5335 appellatos,
2446 5271 2498 5318 et
2524 5263 2969 5333 appropriatione
3008 5264 3371 5332 quarumdam
3417 5264 3547 5316 stel-

1985 5360 2180 5412 larum.
2214 5355 2478 5422 Quoniam
2516 5355 2680 5424 igitur
2711 5355 2791 5408 ha!
2829 5361 3016 5424 gentes
3042 5364 3171 5407 sunt
3197 5370 3320 5407 cum
3348 5354 3548 5422 quibus

1983 5450 2180 5506 bellum
2209 5462 2314 5501 una
2338 5446 2740 5502 conﬁciendum
2772 5457 2875 5508 est,
2903 5454 2957 5499 et
2987 5459 3016 5498 a
3050 5447 3247 5514 quibus
3280 5447 3424 5498 vires
3452 5461 3547 5497 su—

1984 5542 2222 5603 mendas,
2249 5549 2302 5593 et
2339 5539 2455 5593 haec
2493 5539 2637 5606 regio
2680 5538 2732 5591 in
2763 5553 2867 5607 qua
2895 5538 3006 5606 jam
3050 5539 3211 5591 etiam
3245 5550 3548 5606 praeeuntes

1986 5633 2191 5687 inducit
2219 5631 2334 5700 Gog
2377 5642 2432 5685 et
2476 5629 2663 5699 Magog
2707 5630 2872 5683 veluti
2911 5629 3034 5685 belli
3083 5630 3193 5682 dux
3239 5647 3252 5683 :
3309 5645 3468 5698 quem
3495 5640 3548 5684 et

1985 5723 2230 5781 Ezechiel
2263 5723 2544 5792 prophelat
2573 5722 2861 5790 postremis
2891 5721 3225 5789 temporibus
3258 5732 3543 5778 venturum

1984 5833 2109 5875 cum
2138 5823 2402 5888 potestate
2433 5815 2600 5884 gravi.
2631 5815 2733 5870 Sed
2765 5814 3010 5872 Ezechiel
3039 5815 3256 5883 quidem
3284 5816 3548 5869 adversus
