4252 6436
264 425 363 488 761

1331 429 1717 492 COMMENT.
1758 433 1834 491 IN
1860 435 2386 496 APOCALYPSIN.

3407 446 3518 507 762

337 535 446 587 Καὶ
480 536 512 601 ἡ
541 533 824 586 θάλασσα
855 535 965 586 οὐκ
993 535 1163 586 ἔστιν
1191 534 1298 588 ἔτι.
1328 537 1388 588 ΕΞ
1412 539 1614 608 κόσμος
1640 533 1792 599 οὗτος
1816 544 1843 592 ό
1875 550 1916 600 Α

1836 562 1843 591 ι
1875 550 1916 600 Α
2021 542 2087 594 Et
2121 560 2265 595 mare
2295 562 2396 594 non
2437 556 2509 596 est
2540 546 2797 613 amplius.
2839 544 2895 596 Si
2929 545 3166 600 mutulos
3216 545 3304 600 hic
3341 551 3515 601 sensi-

263 626 522 691 αἰσθητὸς
546 664 560 687 ,
593 624 692 676 οὑκ
731 624 859 676 ἀλλο
888 642 961 686 τι,
997 626 1030 694 ἢ
1078 625 1141 676 τὸ
1181 627 1240 691 ἐξ
1287 628 1543 696 ούρανοῦ,
1584 633 1678 683 καὶ
1722 632 1844 698 γῆς,

265 715 362 766 καὶ
383 717 488 765 τῶν
519 715 576 766 ὲν
603 713 679 784 τῷ
706 715 856 784 μέσῳ
880 716 1133 786 σύστημά
1159 719 1275 769 ἐστι
1305 722 1396 771 καὶ
1421 720 1724 792 σύγκριμα,
1754 723 1846 774 τοῦ

262 806 498 875 ούρανοῦ
532 807 752 869 πάντως
789 809 883 860 καὶ
927 811 1026 876 τῆς
1059 810 1163 876 γῆς
1205 811 1697 866 ἀνακαινισθέντων
1721 857 1735 876 ,
1772 815 1846 877 ὠς

263 897 366 965 ἤδη
407 897 756 967 παρεθέμεθα
780 939 793 960 ,
832 899 1050 961 πάντως
1078 901 1174 952 καὶ
1212 902 1280 952 τὰ
1324 904 1752 974 συμπληροῦντα
1783 908 1845 958 τὸ

261 985 475 1038 τοιοῦτο
504 988 758 1058 σύστημα
800 990 900 1041 ούκ
945 991 1236 1059 ἀμοιρήσει
1286 992 1377 1044 τοῦ
1424 996 1841 1064 ἀνακαινισμοῦ.

263 1077 330 1128 Τί
357 1074 450 1129 οὖν
480 1080 512 1148 ἡ
537 1079 775 1132 θάλασσα
802 1081 936 1149 μόνη
961 1083 1066 1133 τῶν
1095 1083 1152 1134 ἐν
1177 1085 1326 1155 μέσῳ
1351 1086 1563 1152 φύσεων
1592 1083 1750 1147 οὖσα,
1777 1091 1839 1141 ού

266 1168 430 1236 μόνον
473 1172 746 1240 ἠστόχησε
788 1174 882 1224 τοῦ
908 1175 1330 1243 ἁνακαινισμοῦ,
1365 1177 1500 1230 ἀλλὰ
1528 1182 1624 1230 καὶ
1665 1179 1840 1249 πάντη

260 1259 359 1310 τοῦ
393 1256 565 1326 εἶναις
599 1263 656 1314 ΕΞ
688 1264 743 1314 δὲ
786 1264 935 1329 λέγει
967 1282 1050 1326 τις
1086 1268 1166 1318 ὅτι
1205 1269 1316 1320 τῶν
1361 1269 1712 1336 ἐμπλεόντων
1743 1270 1843 1323 οὐκ

261 1350 433 1402 ὄντων
460 1393 474 1416 ,
510 1353 725 1422 ἀνάγκη
761 1355 897 1422 μηδὲ
930 1355 1098 1424 αὐτὴν
1147 1360 1508 1426 χρηματίζειν
1549 1359 1684 1426 ὅπερ
1727 1360 1843 1412 ἐστὶ

259 1442 377 1506 νῦν,
422 1445 662 1507 εἰκότως.
700 1447 772 1498 τὸ
804 1447 859 1498 δὲ
896 1449 974 1509 είς
1008 1450 1247 1517 παντελῆ
1294 1451 1633 1519 ἀνυπαρξίαν
1666 1451 1842 1504 ἐλθεῖν

259 1534 430 1600 αὐτὴν
470 1535 563 1603 ὲᾷν
598 1537 656 1598 ἐξ
705 1537 962 1604 ἡμισείας
1009 1539 1382 1602 ἐπιτελοῦντος
1438 1541 1527 1592 τὸν
1560 1545 1838 1594 ἀνακαινιο

259 1623 398 1689 σμόν
426 1626 562 1677 ἐστι.
598 1626 662 1678 Τί
697 1626 788 1678 οὖν
821 1628 934 1679 ἐστι
973 1629 1104 1699 πρὸς
1136 1631 1292 1682 τοῦτο
1345 1633 1520 1702 ἐρεῖν,
1555 1632 1588 1702 ἦ
1625 1636 1841 1696 παντως

256 1716 476 1780 ἐκεῖνο,
526 1716 601 1778 ὡς
642 1718 827 1786 ἐπειδὴ
873 1719 1121 1792 θαλάσσῃ
1169 1721 1450 1792 ὼμοίωσεν
1482 1727 1510 1776 ὁ
1557 1724 1839 1794 θεοπάτωρ

251 1809 348 1859 τὶν
391 1810 633 1878 παρόντα
681 1811 924 1880 κόσμον,
971 1814 1321 1878 ἀναγκαίως,
1373 1816 1460 1868 ἵνα
1509 1817 1583 1886 μή
1633 1833 1716 1880 τις
1759 1816 1838 1886 τῷ

253 1901 638 1971 ἀνακαινισμῷ
669 1903 761 1954 τοῦ
793 1904 1021 1972 ούρανοῦ
1055 1908 1148 1958 καὶ
1178 1911 1276 1973 τῆς
1314 1910 1439 1976 γῆς,
1473 1908 1567 1960 καὶ
1591 1910 1689 1979 τὴν
1716 1911 1836 1963 κατ’

252 1993 396 2044 αύτά
440 1993 644 2064 τύρϐην
691 1995 977 2060 ύποϐάλοι,
1012 1996 1099 2050 διὰ
1133 1998 1227 2050 τοῦ
1273 1999 1495 2063 τελείως
1529 2000 1836 2070 ἀφανισμοῦ

249 2079 352 2146 τῆς
408 2079 705 2148 θαλάσσης.
761 2083 902 2134 κατά
953 2083 1049 2152 τὴν
1102 2089 1460 2155 τροπο).ογίαν
1518 2089 1612 2141 τοῦ
1678 2089 1840 2141 Δαυῖδ

249 2172 436 2225 ἐκεῖνα
463 2173 771 2242 ἑσημείωσε
805 2177 898 2227 καὶ
931 2176 1189 2241 ἐξείλετο,
1220 2178 1296 2240 ὼς
1326 2179 1559 2249 φρούδου
1587 2182 1681 2233 καὶ
1704 2182 1835 2235 ταύ-

247 2280 351 2332 της
383 2264 523 2317 κατά
551 2265 642 2318 τὸν
664 2267 1053 2336 άνακαινισμδν
1081 2269 1378 2340 ὲσομένης;

322 2421 428 2474 Καὶ
458 2420 574 2487 τὴν
604 2423 786 2476 πόλιν
813 2424 928 2492 τὴν
955 2425 1132 2493 ἁγίαν
1172 2427 1561 2498 Ἰερουσαλὴμ
1591 2431 1832 2498 καινήν.

245 2512 422 2564 Πάλαι
491 2513 624 2583 μὲν,
694 2515 897 2582 φησὶν,
977 2514 1338 2586 Ἰερουσαλὴμ
1403 2521 1464 2570 τὸ
1529 2519 1834 2587 ἁγιώτατον

247 2605 514 2673 σκήνωμα
551 2605 854 2674 ἐνομίζετο.
889 2609 947 2660 ὲν
1074 2609 1168 2661 καὶ¹
1210 2611 1238 2661 ὁ
1267 2609 1392 2671 ναὸς
1429 2610 1522 2662 καὶ
1562 2613 1738 2665 πάντα
1765 2614 1834 2666 τὰ

243 2696 347 2762 τῆς
390 2695 721 2762 θεογνωσίας
766 2695 1044 2766 μυστήρια
1088 2697 1533 2768 τεθησαύρισται.
1580 2701 1726 2774 Δῦτη
1776 2703 1832 2757 δὲ

243 2786 345 2842 νῦν
395 2787 556 2858 καινὴ
593 2787 693 2843 οὑκ
749 2787 855 2856 ἔξω
907 2787 1069 2859 λόγου
1128 2790 1322 2861 ἐφόσον
1359 2793 1426 2862 τῇ
1479 2789 1574 2847 τοῦ
1627 2796 1832 2865 Κυρίου

245 2895 523 2952 παρουσία
552 2884 734 2935 ἐκεῖνα
777 2887 842 2951 τῇ
873 2883 1196 2953 παλαιότητι
1228 2884 1538 2954 ἢχρειοῦτο.
1590 2885 1830 2957 ’Δνάγκη

241 2977 358 3042 ἄρα
415 2975 606 3046 καινὴν
645 2974 740 3027 τοῦ
787 2976 992 3036 παντὸς
1045 2977 1422 3047 καινοποιήσει
1474 2977 1832 3048 Ἰερουσαλὴμ

243 3068 689 3138 ἐμφανισθῆναι,
739 3069 836 3120 καὶ
887 3069 947 3132 ιξ
987 3068 1218 3138 οὐρανοῦ
1257 3068 1580 3132 κατιοῦσαν,
1635 3070 1829 3122 ὁπόθεν

241 3159 560 3221 καινοποιὸς
619 3159 825 3229 Κύριος
893 3158 1101 3228 Ἰησοῦς
1154 3161 1406 3228 Χριστός.
1475 3160 1826 3231 Ἰερουσαλὴμ

244 3253 349 3322 μὲν
377 3246 470 3304 οὖν
500 3249 694 3319 καινὴν
716 3291 730 3314 ,
771 3249 861 3303 διὰ
893 3251 1052 3302 τοῦτο
1071 3268 1084 3281 ’
1116 3251 1271 3303 πόλιν
1297 3251 1372 3313 δὲ,
1407 3251 1481 3314 ὼς
1512 3252 1829 3321 οἰκητήριον

241 3343 462 3394 πάντων
492 3341 742 3409 ἀγγέλων
779 3342 872 3392 καὶ
910 3340 1213 3409 ἀνθρώπων
1261 3341 1550 3410 ἐσομένην.
1601 3342 1738 3393 Ὑπὸ
1772 3343 1828 3395 δὲ

238 3435 337 3486 τοῦ
378 3433 514 3486 Θεοῦ
563 3431 931 3502 ἡτοιμάσθαι·
983 3433 1034 3484 τί
1092 3432 1201 3502 γάρ
1257 3449 1342 3495 τις
1390 3432 1497 3484 τῶν
1545 3435 1828 3502 σωτηρίων

241 3526 423 3594 ἑαυτῷ
473 3524 761 3596 κατορθοῖ,
793 3525 892 3592 τῆς
941 3525 1046 3576 ἀπὸ
1076 3524 1168 3576 τοῦ
1215 3524 1350 3576 Θεοῦ
1393 3525 1830 3594 σνναντιλήψεως

241 3618 522 3687 ἀμοιρῶνς
555 3617 847 3686 Τροπικῶς
877 3617 933 3668 δὲ
981 3620 1074 3669 καὶ
1109 3618 1546 3686 μεγαλοπρεπῶς
1587 3618 1662 3680 ὡς
1693 3619 1828 3687 νύμ-

243 3729 352 3779 φην
377 3711 747 3780 κεκόσμηκεν,
779 3708 850 3771 ὼς
879 3708 946 3761 ἂν
980 3710 1043 3760 ἐκ
1067 3709 1174 3761 τῶν
1197 3709 1470 3779 αἰσθητῶς
1497 3711 1826 3779 λεγομένων,

241 3806 321 3859 εἰς
351 3802 449 3871 τὴν
472 3802 668 3872 νοητὴν
691 3800 800 3852 τῶν
825 3800 998 3866 ἁγίων
1029 3802 1406 3870 μακαριότητα
1436 3802 1530 3855 καὶ
1551 3802 1829 3872 διαγωγὴν

241 3895 335 3946 τὸν
364 3892 487 3946 νοῦν
524 3891 990 3962 παραπέμψωμεν
1016 3892 1107 3944 τὸν
1134 3892 1422 3964 ἡμέτερον.

316 4114 424 4168 Καὶ
449 4111 634 4177 αὐτὸς
674 4114 708 4165 ὀ
744 4109 890 4175 Θεὸς
912 4113 1040 4179 μετ’
1069 4111 1269 4165 αὐτῶν
1300 4112 1492 4166 ἔσται.
1527 4111 1696 4165 Τοῦτο
1731 4132 1819 4167 σαι

245 4207 508 4275 φέστερον
536 4207 564 4256 ό
595 4202 917 4265 ’Δπόστολος
945 4202 1116 4272 δηλῶν
1139 4204 1341 4270 ἔλεγεν·
1375 4224 1392 4254 ι
1418 4204 1650 4256 Ἔπειτα
1671 4206 1829 4274 ἡμεῖς

243 4300 294 4350 οἱ
327 4298 523 4362 ζῶντες
553 4295 602 4348 οἱ
643 4295 1086 4364 περιλειπόμενοι
1118 4295 1560 4364 ἁρπαγησόμεθα
1591 4297 1648 4346 ὲν
1673 4295 1830 4362 νεφέ-

244 4394 365 4454 λαις
395 4394 473 4454 είς
521 4391 828 4458 ἀπάντησιν
860 4391 954 4444 τοῦ
988 4391 1195 4460 Κυρίου
1238 4394 1318 4451 εἰς
1349 4393 1488 4460 ἀέρα
1513 4432 1527 4453 ,
1559 4394 1653 4446 καὶ
1686 4392 1830 4446 οὕτω

246 4484 479 4538 πάντοτε
529 4484 626 4536 σὺν
685 4482 877 4551 Κυρίῳ
932 4482 1192 4550 ἐσόμεθα.
1226 4501 1243 4532 ι
1301 4483 1389 4534 Ἐν
1439 4485 1612 4554 ταύτῃ
1643 4480 1735 4538 οὖν
1760 4489 1824 4554 τῇ

1953 634 2077 688 bilis
2107 652 2212 687 non
2245 636 2391 688 aliud
2419 647 2501 690 est
2527 654 2691 704 quam
2720 639 3076 706 congregatio
3109 648 3160 691 et
3191 640 3519 692 coadunatio

1949 741 2011 776 ex
2046 727 2185 776 ι-ωιο
2217 736 2270 778 et
2290 736 2431 778 terra
2453 737 2503 777 et
2537 728 2894 791 intermediis,
2926 732 3108 791 utique
3131 728 3272 780 caelo
3293 739 3345 782 et
3375 739 3518 782 terra

1949 819 2241 878 renovatis,
2282 828 2338 870 nt
2363 817 2476 886 jam
2509 820 2561 871 in
2597 821 2833 873 medium
2891 820 3240 887 protulimus,
3293 821 3520 873 omnino

1947 907 2111 959 etiam
2139 923 2200 960 ea
2231 925 2352 976 quze
2378 909 2691 976 huiusmodi
2720 912 3199 979 congregationem
3219 912 3517 980 complent,

1948 1011 2052 1047 non
2085 1007 2248 1048 erunt
2278 1001 2522 1066 expertia
2557 1001 2952 1055 renovationis.
3001 1002 3185 1066 Quare
3227 1002 3390 1071 igitur
3425 1018 3519 1054 so-

1947 1086 2056 1139 lum
2092 1102 2258 1141 .mare
2305 1091 2451 1155 quod
2502 1091 2555 1142 iu
2597 1089 2776 1142 medio
2833 1100 3210 1146 creaturarum
3263 1102 3369 1155 est,
3410 1108 3516 1146 non

1944 1178 2119 1229 solum
2152 1180 2502 1233 renovatione
2539 1179 2866 1234 frustratum
2895 1191 2999 1246 est,
3032 1184 3126 1236 sed
3148 1193 3202 1238 et
3228 1184 3343 1252 ipsa
3374 1185 3520 1238 exsi-

1944 1270 2172 1321 stcntia?
2204 1269 2259 1322 Si
2306 1283 2483 1324 auum
2525 1274 2671 1326 dicat
2705 1274 2854 1342 quis,
2906 1274 3050 1341 quod
3100 1290 3220 1328 cum
3273 1292 3378 1329 non
3411 1277 3520 1332 sint

1943 1361 2034 1428 qui
2069 1363 2121 1412 in
2158 1378 2223 1414 eo
2250 1365 2529 1429 navigem,
2559 1381 2668 1418 non
2701 1377 2784 1418 est
2813 1381 3041 1419 necesse
3075 1366 3206 1418 illud
3243 1369 3517 1436 appellare

1943 1452 2085 1517 quod
2123 1469 2266 1505 nunc
2293 1464 2376 1506 est
2410 1472 2421 1506 :
2460 1465 2604 1507 recte
2638 1457 2855 1523 quidem
2881 1473 2893 1506 :
2916 1472 3104 1510 verum
3138 1457 3318 1510 sinere
3343 1458 3516 1526 ipsum

1943 1542 2127 1594 venire
2157 1545 2220 1593 ad
2261 1545 2574 1596 absolutum
2621 1545 2901 1598 interitum
2925 1587 2940 1609 ,
2975 1557 3060 1600 est
3111 1549 3517 1600 renovationetn

1941 1645 2005 1682 cx
2037 1630 2258 1681 dimidia
2297 1643 2447 1699 parte
2479 1633 2714 1686 efﬁcere.
2742 1632 2883 1697 Quid
2919 1636 3082 1702 igitur
3107 1637 3171 1688 ad
3207 1636 3309 1688 hoc
3335 1636 3521 1689 dicen-

1940 1722 2069 1774 dum
2108 1722 2234 1775 est?
2271 1724 2347 1774 An
2382 1724 2572 1792 utique
2606 1725 2762 1787 illud,
2796 1726 2943 1794 quod
2976 1728 3102 1793 quia
3135 1727 3225 1780 Dei
3260 1728 3516 1796 progeni-

1942 1817 2029 1864 tor
2060 1813 2195 1865 mari
2235 1813 2378 1867 hunc
2408 1815 2671 1867 mundum
2708 1816 3052 1877 assimilavit,
3088 1818 3421 1880 necessario,
3453 1833 3519 1871 ne

1942 1901 2066 1971 quis
2094 1903 2162 1954 ad
2194 1903 2315 1956 ωεΙί
2349 1913 2402 1957 et
2435 1913 2591 1958 terra:
2627 1907 3036 1959 renovationem
3079 1906 3241 1959 etiam
3279 1907 3516 1961 mentio-

1944 2008 2065 2045 nem
2098 1992 2278 2047 facere
2309 1995 2376 2047 de
2421 1998 2578 2048 turba
2620 2012 2742 2064 qua:
2772 2000 2824 2048 in
2863 1997 2994 2063 ipsis
3029 2006 3133 2058 est.
3167 2013 3263 2066 per
3292 1997 3516 2052 absolu-

1943 2094 2058 2138 tum
2098 2086 2266 2139 mat-is
2308 2086 2589 2139 interitum
2627 2087 2784 2154 juxta
2827 2087 3188 2158 tropologiam
3224 2087 3390 2141 David
3427 2089 3516 2142 illa

1938 2179 2227 2231 notavitet
2257 2179 2490 2246 accepit,
2546 2179 2704 2248 quasi
2764 2179 3041 2233 incassum
3085 2179 3250 2234 etiam
3309 2179 3411 2234 hoc
3460 2179 3514 2233 in

1939 2267 2296 2323 renovatione
2321 2277 2470 2323 esset
2499 2268 2852 2323 addendum?

2005 2422 2172 2494 820
2195 2420 2264 2476 Et
2293 2423 2401 2476 vidi
2423 2423 2688 2476 civitatem
2715 2433 2954 2478 sanctam
2983 2425 3279 2482 Jerusalem
3305 2446 3513 2487 novam.

1935 2516 2098 2582 Olim,
2122 2515 2318 2585 inquit,
2341 2514 2640 2571 Jerusalem
2667 2518 3075 2572 sanctissimum
3099 2522 3511 2576 tabernaculum

1933 2609 2372 2673 existimabatur,
2412 2609 2465 2662 in
2495 2624 2603 2679 qua
2634 2619 2688 2664 et
2717 2611 2977 2678 templum
3012 2620 3067 2665 et
3096 2614 3278 2667 omnia
3317 2617 3513 2669 divinae

1934 2699 2263 2771 cognitionis
2333 2702 2588 2773 mysteria
2631 2711 2788 2758 erant
2830 2704 3143 2769 recondita;
3176 2703 3293 2760 haec
3334 2714 3510 2759 autem

1933 2807 2079 2846 nunc
2103 2808 2214 2846 non
2261 2793 2360 2846 abs
2405 2808 2465 2846 re
2509 2808 2647 2847 nova
2698 2794 2922 2857 dicitur,
2971 2805 3242 2863 quatenus
3294 2798 3382 2849 illa
3411 2813 3505 2865 per

1931 2887 2227 2940 adventum
2261 2883 2478 2938 Domini
2513 2894 2784 2940 vetustate
2837 2897 2966 2941 sunt
3005 2888 3204 2940 abolita
3242 2906 3255 2941 :
3291 2905 3514 2943 necesse

1934 2975 2228 3044 estitaque
2280 2989 2478 3028 novam
2516 2975 2822 3030 Jerusalem
2874 2980 3230 3032 renovatione
3274 2981 3516 3035 ttni'cl‘si

1931 3081 2216 3135 apparere,
2255 3076 2310 3120 et
2345 3068 2412 3122 de
2453 3069 2592 3122 coelo
2641 3070 3090 3133 descendentem,
3143 3075 3286 3124 unde
3337 3088 3514 3126 novus

1931 3159 2185 3227 apparuit
2217 3158 2484 3214 Dominus
2520 3158 2650 3215 Jesu
2685 3160 2962 3216 Christus.
2991 3162 3293 3217 Jerusalem
3325 3167 3516 3234 itaque

1935 3262 2156 3320 propter
2183 3252 2285 3306 hoc
2317 3252 2519 3307 dicitur
2555 3269 2570 3308 :
2604 3254 2798 3307 civitas
2851 3271 3000 3318 vero,
3053 3265 3313 3323 tauquam
3363 3255 3512 3309 futu-

1937 3358 2056 3396 rum
2100 3343 2468 3397 habitaculum
2516 3354 2841 3399 cunctorum
2879 3345 3195 3413 angelorum
3252 3361 3306 3399 et
3337 3347 3515 3399 humi-

1938 3448 2089 3485 num.
2134 3438 2172 3485 A
2222 3434 2332 3485 Deo
2390 3433 2575 3486 autem
2651 3445 2836 3501 parata
2880 3451 2892 3486 :
2944 3435 3075 3503 quid
3129 3434 3276 3486 enim
3333 3445 3512 3502 posset

1937 3525 2209 3593 quispiam
2251 3536 2511 3594 praestare
2535 3527 2677 3594 quod
2707 3527 2810 3579 sibi
2844 3526 2908 3578 ad
2939 3527 3166 3578 salutem
3199 3526 3435 3586 cederet.
3465 3527 3511 3580 si

1936 3630 2133 3682 expers
2175 3616 2246 3668 sit
2281 3615 2468 3668 auxilii
2515 3616 2661 3684 quod
2703 3631 2733 3667 a
2764 3615 2875 3667 Deo
2917 3615 3040 3669 est?
3071 3616 3352 3671 Moraliter
3381 3631 3513 3670 vero

1935 3706 2103 3757 etiam
2155 3706 2446 3771 magniﬁce
2486 3715 2749 3774 tanquam
2809 3722 3072 3776 sponsam
3107 3708 3419 3774 adornavit,
3455 3719 3514 3763 ut

1935 3813 1998 3850 ex
2039 3796 2395 3850 scnsibilibus
2428 3797 2496 3849 ad
2531 3798 2954 3852 intellectualem
2989 3809 3303 3852 sanctorum
3339 3799 3515 3853 beati-

1937 3885 2178 3941 tudinem
2208 3905 2271 3943 ac
2298 3891 2775 3944 conversationem
2825 3889 3226 3946 transferamus
3271 3901 3511 3946 mentem

1936 3987 2207 4032 nostram.

2007 4107 2076 4161 Et
2101 4110 2211 4177 ipse
2237 4109 2370 4162 Deus
2394 4125 2512 4162 cum
2535 4109 2608 4164 eis
2632 4110 2751 4163 erit.
2777 4107 2893 4164 Hoc
2924 4110 3272 4166 manifestius
3305 4111 3511 4180 signiﬁ-

1937 4218 2068 4255 cans
2105 4203 2424 4271 Apostolus,
2479 4203 2656 4256 dixit:
2697 4222 2714 4253 ι
2750 4202 2860 4257 Nos
2890 4205 2980 4272 qui
3015 4204 3250 4258 vivimus
3299 4207 3392 4274 qui
3427 4220 3512 4258 reo

1937 4294 2255 4364 linquimnr,
2294 4298 2568 4364 rapientur
2592 4295 2806 4348 obviam
2834 4295 3056 4349 Christo
3089 4297 3142 4349 in
3174 4313 3324 4360 aera,
3357 4308 3410 4351 et
3428 4297 3510 4351 sic

1936 4401 2152 4455 semper
2199 4402 2322 4439 eum
2389 4384 2622 4438 Domino
2680 4387 2889 4440 erimus
2935 4388 2977 4440 ⁸.
3025 4407 3044 4438 ι
3094 4387 3152 4440 In
3198 4388 3303 4442 hoc
3347 4389 3513 4457 igitur

1936 4477 2308 4538 tabernaculo,
2338 4493 2442 4529 non
2476 4476 2814 4539 manufacto,
2864 4492 2972 4530 non
3002 4478 3106 4530 erit
3141 4477 3300 4533 ﬂetus
3335 4495 3512 4548 neque

247 4575 422 4642 σκηνῇ
471 4575 534 4641 τῇ
585 4571 990 4642 ἀχειροποιήτῳ
1026 4573 1126 4623 οὐκ
1176 4572 1330 4624 ἔσται
1382 4571 1661 4640 κλαυθμὸς
1707 4573 1829 4625 οὔτε
1867 4583 1906 4636 υ

1867 4583 1906 4636 υ
1939 4565 2196 4636 lacryma,
2238 4579 2364 4633 qua:
2412 4567 2628 4618 mortali
2677 4567 2799 4619 vit-.e
2843 4577 3071 4635 cognata
3126 4581 3282 4629 sunt,
3342 4585 3513 4638 neque

244 4663 482 4731 δάκρυον
536 4662 603 4714 τά
655 4661 912 4731 σύστοιχα
957 4661 1034 4731 τῷ
1072 4664 1319 4733 ἐπικήρῳ
1371 4662 1472 4731 βίῳ
1505 4663 1627 4715 οὔτε
1672 4664 1830 4727 πόνος

248 4753 367 4822 (τὴν
389 4753 496 4804 τῶν
530 4752 702 4819 ἁγίων
735 4751 882 4820 λέγω
920 4753 1292 4806 κακοπάθειαν
1319 4755 1384 4824 ἢν
1418 4754 1731 4824 ὑπέστησαν
1773 4757 1831 4807 ἐν

245 4846 324 4914 τῷ
353 4845 611 4917 μοχθηρῷ
640 4845 816 4917 τούτῳ
845 4846 943 4914 βίῳ
964 4848 1005 4914 )·
1044 4848 1102 4898 ὲν
1134 4848 1327 4916 ἐκείνῳ
1359 4848 1415 4901 δὲ
1443 4847 1520 4917 τῷ
1555 4849 1826 4917 μέλλοντι,

250 4938 375 4990 ἐπεὶ
404 4939 478 4999 ὡς
519 4936 784 5006 ἀφθάρτῳ
813 4938 1023 5005 ἀπέδρα
1061 4937 1206 5008 λύπη
1237 4939 1330 4992 καὶ
1366 4939 1526 5008 ὀδύνη
1572 4940 1662 4991 καὶ
1703 4955 1830 4991 στε-

247 5029 478 5097 ναγμὸς,
503 5029 649 5098 ἀργὰ
672 5029 844 5082 ταῦτα
879 5030 1058 5082 πάντα
1088 5031 1182 5083 καὶ⁵
1218 5032 1472 5100 περιττά.

323 5183 452 5235 Ὅτι
489 5183 558 5235 τὰ
586 5182 787 5250 πρῶτα
811 5182 1067 5251 ἀπῆλθε.
1114 5183 1196 5236 Τά
1224 5183 1436 5253 πρῶτα,
1477 5186 1545 5238 τὰ
1594 5187 1701 5240 ἀπὸ
1729 5189 1826 5257 τῆς

249 5273 611 5343 παραϐάσεως
681 5274 854 5344 Ἀδάμ
901 5277 968 5344 τῇ
1030 5274 1206 5345 φθορᾷ
1263 5275 1671 5347 ὑποϐληθέντα,
1718 5279 1828 5330 εῐτε

249 5365 455 5434 ὀχληρὰ
488 5366 579 5417 καὶ
626 5365 876 5418 ἐπώδυνα
919 5370 1030 5430 τοῖς
1068 5367 1342 5436 θεοφιλέσι
1391 5369 1461 5421 δι’
1502 5369 1701 5440 ἀρετὴν
1740 5370 1830 5422 εὑ-

251 5462 561 5532 πορούμενα
582 5503 595 5525 ,
628 5461 737 5514 εἴτε
780 5461 849 5513 δι’
883 5462 1201 5527 ἀλαζονείαν
1241 5465 1334 5517 καὶ
1371 5465 1684 5536 ἀφροσύνην
1717 5467 1828 5530 τοῖς

253 5554 600 5606 θεοϐλαϐἑσιν
630 5554 1117 5623 ἐπακολουθοῦντα,
1146 5557 1323 5610 πάντα
1350 5557 1580 5627 ἀπῆλθε.

325 5817 348 5851 ⁸
375 5818 395 5870 ι
425 5816 622 5873 Thess.
653 5833 723 5882 tv,
765 5816 846 5870 ιο.

1933 4660 2118 4712 labor:
2153 4667 2467 4711 sanctorum
2502 4657 2847 4710 alﬂictiouem
2879 4659 3024 4722 dico,
3055 4673 3219 4727 quam
3262 4660 3313 4713 in
3357 4659 3513 4728 flagi-

1931 4751 2070 4804 tiosa
2102 4760 2155 4803 et
2181 4749 2458 4801 laboriosa
2491 4748 2591 4802 hac
2621 4748 2728 4801 vita
2776 4748 3164 4802 sustinuerunt
3199 4769 3212 4803 :
3247 4751 3299 4802 in
3329 4750 3510 4805 futura

1926 4850 2103 4894 autem
2151 4840 2259 4893 vita
2303 4856 2427 4894 cum
2489 4841 2818 4895 immortalis
2863 4841 2933 4895 sit
2970 4879 2986 4903 ,
3035 4840 3171 4910 fugit
3230 4841 3407 4896 luctus
3460 4853 3514 4898 et

1928 4935 2086 4988 dolor
2118 4949 2181 4985 ac
2209 4933 2446 5003 gemitus
2480 4950 2494 4987 :
2520 4942 2576 4987 et
2607 4933 2680 4987 ita
2705 4933 2885 4988 otiosa
2914 4941 3080 4989 erunt
3107 4934 3222 4988 hac
3249 4935 3433 4988 omnia
3458 4945 3512 4990 et

1928 5025 2225 5095 superﬂua.

2009 5182 2275 5248 Quoniam
2300 5183 2473 5250 prima
2504 5183 2768 5238 abierunt.
2802 5181 2984 5237 Prima
3011 5198 3132 5252 qua:
3151 5197 3183 5236 α
3212 5191 3512 5252 transgres-

1939 5276 2094 5330 sione
2122 5276 2292 5327 Adam
2326 5274 2738 5343 corruptionem
2767 5275 3194 5339 comitabantur,
3240 5274 3356 5327 sive
3390 5291 3508 5325 mo-

1931 5368 2067 5422 lesta
2094 5382 2160 5421 ac
2185 5367 2440 5420 dolorosa
2476 5382 2600 5435 qua
2634 5366 2687 5419 iu
2721 5365 2914 5419 amicis
2946 5364 3038 5416 Dei
3072 5373 3297 5433 propter
3329 5365 3510 5416 virtu-

1931 5471 2037 5515 tem
2068 5460 2367 5524 abundant,
2400 5459 2518 5515 sive
2546 5467 2766 5529 propter
2801 5456 3114 5526 superbiam
3159 5472 3225 5516 ac
3249 5456 3514 5523 insipien-

1929 5554 2062 5607 tiam
2112 5551 2311 5621 impios
2355 5567 2420 5608 ac
2451 5547 2777 5607 temerarios
2821 5557 3272 5619 consequuntur,
3326 5548 3513 5603 omnia

1930 5646 2206 5700 abierunt.
