4252 6436
787 446 895 509 767

1634 447 1963 509 ARETHIE
2000 447 2379 509 CIESAREJE
2410 443 2889 506 ΟΑΡΡΑῸΟΕΙᾹΞ
2926 443 3262 502 El’lSCOPl

3935 442 4050 505 768

784 556 1111 622 prehensus.
1138 556 1327 612 Murus
1351 558 1535 624 itaque
1567 556 1718 612 visus
1746 567 1828 609 est
1852 573 1915 611 ex
1941 556 2154 626 jaspide
2181 556 2356 624 lapide
2383 558 2434 615 Α
2458 575 2463 601 ι

2383 558 2434 615 Α
2458 570 2540 605 σει
2564 552 2786 621 ληπτόν.
2822 552 2895 603 Τὸ
2936 553 3115 619 τεῖχος
3162 551 3261 619 μὲν
3290 549 3383 603 οὖν
3425 548 3629 603 ἰάσπιδι
3678 548 3864 620 ὼράθη
3904 550 4049 619 λίθῳ

783 648 1126 715 compositus
1150 656 1369 715 propter
1394 647 1595 701 coloris
1624 647 1977 701 viriditatem.
2008 646 2189 701 \iiride
2218 648 2363 700 enim

786 754 1009 808 gramen
1042 740 1193 806 prazit
1226 754 1389 792 omne
1433 752 1709 792 terrenum
1751 740 2090 794 alimentum.
2125 738 2266 804 Quin
2312 749 2366 794 et

789 830 1166 899 crystallizans
1216 831 1390 899 jaspis
1445 834 1625 895 muri,
1663 832 1907 901 designat
1962 832 2140 901 ipsum
2187 832 2365 886 conti-

788 935 916 971 uere
950 920 1241 988 puritatem
1274 930 1327 974 et
1372 936 1563 976 carere
1601 923 2053 990 reprehensione.
2098 922 2363 977 Praeterea

786 1011 1076 1065 sublimem
1112 1011 1248 1065 dicit
1286 1029 1505 1067 murum
1540 1022 1594 1069 et
1624 1016 1791 1068 altum
1830 1031 1845 1067 :
1883 1030 2059 1084 neque
2093 1015 2236 1069 enim
2268 1016 2363 1070 Al-

788 1101 1001 1154 ιίεςίιηο
1017 1111 1229 1169 gratum
1255 1112 1341 1158 est
1368 1106 1419 1156 in
1451 1105 1749 1160 humilibus
1775 1116 1828 1160 et
1852 1106 2076 1175 abiectis
2094 1107 2362 1171 habitare,

788 1194 882 1247 sed
920 1194 972 1247 in
1000 1196 1085 1249 his
1112 1196 1314 1264 quibus
1345 1198 1607 1253 sublimes
1633 1210 1757 1253 sunt
1786 1214 1981 1254 sensus
2002 1210 2057 1254 et
2085 1200 2362 1255 cmlestem

790 1282 1049 1337 habentes
1093 1275 1534 1341 sanctimor’iiam.
1590 1288 1812 1358 Species
1850 1299 2031 1344 autem
2078 1291 2365 1348 luminaria

773 1374 1190 1441 pretiosissimo
1218 1379 1436 1446 quidem
1463 1380 1626 1447 lapidi
1648 1390 2018 1448 comparatur,
2046 1397 2154 1436 non
2183 1393 2362 1438 tamen

788 1464 968 1531 qualis
1002 1466 1167 1521 fuerit
1196 1479 1446 1536 aspectus
1475 1469 1781 1524 ostenditur
1812 1490 1827 1526 :
1858 1473 1987 1542 quia
2013 1488 2189 1543 neque
2217 1490 2362 1527 mor-

791 1555 987 1609 ial-hus
1028 1566 1084 1611 et
1127 1561 1580 1624 corruptibilihus
1620 1563 1783 1618 rebus
1823 1563 2098 1633 designari
2137 1570 2364 1633 possunt

789 1660 908 1713 qua:
952 1646 1293 1704 divinissima
1338 1659 1467 1705 sunt
1504 1662 1559 1706 et
1599 1654 1785 1707 sensui
1831 1669 2178 1723 nequaquam
2228 1655 2359 1708 sub-

788 1736 955 1802 iectu.

859 1825 1000 1890 XXI,
1037 1828 1219 1883 l‘l-M.
1268 1828 1338 1881 Et
1384 1832 1604 1885 habebat
1643 1843 1825 1902 portas
1874 1835 2179 1899 duodecim,
2212 1849 2261 1891 et
2306 1838 2361 1891 in

2473 643 2976 712 συντετελεσμένον,
3007 642 3096 695 διὰ
3117 643 3177 693 τὸ
3208 641 3425 710 χλοερὸν
3446 641 3538 693 τοῦ
3560 640 3868 710 χρώματος.
3892 642 4049 710 Χλόη

2471 736 2578 805 γὰρ
2600 737 2816 804 ἡγεῖται
2855 735 3036 803 πάσης
3064 732 3307 801 ἐπιγείου
3325 732 3551 802 τροφῆς.
3600 733 3757 785 Ἀλλά
3783 732 3875 786 καὶ
3904 750 4052 801 xpu—

2473 825 2824 889 σταλλίζουσα
2855 828 2889 895 ἡ
2921 827 3111 888 ἴασπις
3146 822 3241 878 τοῦ
3288 825 3521 892 τείχους,
3557 825 3619 876 τὸ
3648 824 3892 893 καθαρὸν
3946 827 4046 877 καὶ

2469 916 2702 987 ἄμωμον
2742 916 3092 986 αἰνιττομένη
3139 916 3235 970 τοῦ
3289 916 3706 986 περιεχομένου.
3747 917 3905 970 Ἀλλά
3945 918 4043 969 καὶ

2470 1005 2672 1077 ὑψηλόν
2702 1024 2833 1079 φησι
2868 1007 3023 1075 τοῦτο
3066 1008 3159 1062 καὶ
3194 1008 3359 1076 μέγα.
3392 1007 3466 1061 Οὐ
3516 1008 3623 1078 γάρ
3658 1011 3716 1061 ὲν
3757 1011 4045 1071 ταπεινοῖς

2470 1100 2559 1152 καὶ
2593 1099 2949 1169 χαμαιζήλοις
3002 1099 3031 1151 ό
3081 1098 3346 1167 ’Υψιστος
3391 1099 3679 1169 εὐαρεστεῖ
3736 1104 4041 1161 κατοικεῖν,

2469 1188 2585 1242 ἀλλ’
2612 1190 2757 1251 ὅσοις
2781 1190 3049 1259 μετάρσια
3085 1187 3157 1240 τά
3177 1188 3520 1259 φρονήματα,
3548 1190 3640 1242 καὶ
3662 1189 3761 1257 τῆς
3782 1190 4042 1257 οὐρανίου

2470 1278 2702 1348 ἐχόμενα
2727 1278 3076 1348 σεμνότητος.
3108 1278 3182 1331 Τὸ
3205 1278 3265 1332 δὲ
3279 1277 3375 1331 τοῦ
3402 1279 3687 1349 φωστῆρες
3718 1275 3878 1340 εἶδος,
3903 1279 4045 1349 λίθῳ

2471 1370 2571 1438 μὶν
2634 1367 3046 1438 παραὸάλλεται
3084 1369 3422 1438 τιμιωτάτῳ,
3469 1368 3532 1421 οὐ
3584 1369 3766 1437 μέντοι
3798 1370 3892 1420 καὶ
3939 1371 4045 1438 τὴν

2471 1457 2613 1510 ἰδέαν
2639 1458 2822 1519 ὁποῖος
2850 1456 3205 1521 ἐνδείκνυται,
3243 1457 3326 1510 ὅτι
3361 1457 3497 1527 μηδὲ
3553 1457 3766 1527 θνητοῖς
3809 1459 3905 1510 καὶ
3937 1461 4045 1524 ὰφ-

2468 1547 2687 1615 θάρτοις
2717 1548 2786 1601 τά
2812 1548 3063 1600 θειότατα
3084 1547 3180 1600 καὶ
3203 1547 3451 1617 αἰσθήσει
3478 1546 3757 1603 ἀδούλωτα
3791 1548 4044 1616 πέφυκεν

2469 1639 3048 1710 ὕποδειγματίςεσθαι.

2541 1821 2856 1890 Ἕχουσαν
2888 1819 3177 1887 πυλῶνας
3224 1819 3470 1884 δώδεκα,
3499 1818 3595 1873 καὶ
3617 1819 3715 1872 ἐπὶ
3758 1836 3882 1884 τοις
3926 1835 4044 1871 πισ-

786 1920 953 1983 portis
980 1921 1191 1988 angelos
1227 1921 1527 1989 duodecim,
1559 1936 1607 1978 et
1649 1928 1864 1980 nomina
1908 1929 2165 1992 inscripta
2186 1968 2201 1990 ,
2243 1945 2360 1998 qure
2394 1906 2465 1968 Β·

2394 1906 2435 1963 Β
2460 1911 2655 1969 αἰῶσιν
2675 1914 2971 1983 ἀγγέλους
2990 1914 3237 1969 δώδεκα.
3269 1915 3373 1968 Kal
3403 1914 3663 1983 ὀνόματα
3684 1913 4040 1981 ἐπιγεγραμ-

785 2018 909 2060 ειιηι
947 2012 1175 2064 nomina
1202 2014 1480 2068 duodecim
1512 2017 1747 2070 tribuum
1783 2020 2016 2087 ﬁliorum
2049 2018 2241 2076 Israel.
2281 2022 2359 2075 Ab

787 2100 986 2154 oriente
1019 2110 1187 2169 parte
1229 2113 1357 2166 tres,
1393 2116 1441 2157 et
1482 2106 1547 2158 ab
1575 2108 1817 2174 aquilone
1853 2123 2021 2177 portae
2050 2120 2172 2174 tres,
2208 2123 2258 2165 et
2296 2112 2358 2165 ab

789 2201 973 2244 austro
998 2203 1165 2261 porta:
1191 2204 1320 2259 tres,
1340 2194 1507 2266 824
1533 2207 1581 2251 et
1616 2198 1681 2250 ab
1716 2215 1905 2253 occasu
1936 2212 2102 2269 portae
2135 2218 2258 2257 tres.
2293 2203 2360 2257 Et

787 2291 969 2336 murus
998 2285 1228 2340 civitatis
1259 2286 1480 2340 habebat
1512 2288 1857 2356 fundamenta
1882 2292 2190 2359 duodecim,
2225 2304 2272 2347 et
2307 2297 2361 2349 in

788 2371 917 2438 ipsis
945 2370 1220 2428 duodecim
1262 2377 1476 2429 nomina
1509 2376 1785 2431 duodecim
1815 2380 2172 2449 apostolorum
2201 2382 2357 2453 Agni.

858 2638 1073 2693 Nullum
1101 2654 1166 2694 ex
1200 2640 1287 2696 his
1320 2641 1519 2697 durum
1552 2642 1889 2701 intellectum
1918 2647 1984 2700 ad
2013 2643 2360 2715 explandtio-

789 2745 912 2782 nem
938 2730 1076 2783 trahi
1100 2746 1324 2785 necesse
1340 2743 1445 2788 est.
1468 2734 1697 2799 Quando
1723 2736 1869 2789 enim
1895 2752 2157 2792 numerus
2179 2747 2364 2807 aperte

787 2820 1036 2889 designat
1080 2823 1364 2890 apostolos
1410 2823 1659 2889 Domini,
1701 2825 1816 2895 ipse
1863 2837 2141 2896 portarum
2195 2845 2362 2895 usus,

791 2923 986 2978 nempe
1012 2912 1157 2979 quod
1205 2911 1557 2968 introducam
1586 2915 1651 2968 ad
1685 2917 1942 2972 conclave
1974 2920 2117 2983 vitae,
2146 2930 2365 2988 aposto-

789 3000 871 3053 lus
901 2998 1073 3067 ipsius
1117 3010 1491 3069 reprzesentat,
1529 3019 1627 3073 per
1662 3020 1799 3074 quos
1830 3016 2017 3075 gentes
2049 3012 2114 3063 ad
2157 3010 2362 3065 Christi

786 3090 1047 3145 conclave
1086 3091 1410 3147 introductae
1446 3103 1594 3150 sunt.
1642 3098 1879 3165 Angelos
1915 3113 2044 3153 vero
2076 3100 2363 3157 duodecim

791 3180 843 3235 in
872 3183 1042 3251 portis
1065 3184 1426 3250 constituunt,
1453 3200 1596 3253 quos
1618 3187 1952 3257 interpretati
1979 3202 2109 3246 sunt
2140 3204 2360 3263 aposto-

787 3273 889 3336 los,
922 3289 1018 3343 per
1040 3290 1177 3344 quos
1200 3277 1358 3331 nobis
1386 3278 1645 3333 introitus
1677 3288 1731 3333 et
1763 3282 1828 3334 ad
1859 3279 2072 3336 Patrem
2105 3299 2360 3341 accessus

789 3377 1123 3434 praeparatur
1156 3370 1540 3437 coeperatione
1582 3372 1933 3440 angelorum,
1967 3375 2060 3445 qui
2093 3378 2208 3445 pari
2256 3395 2358 3431 nu-

791 3472 944 3511 mero
976 3456 1085 3513 sint
1122 3474 1247 3512 cum
1298 3461 1382 3513 his
1418 3462 1688 3528 praefectis
1736 3481 1751 3517 :
1802 3474 1898 3519 aut
1950 3467 2132 3535 potius
2170 3485 2357 3523 eorum

791 3548 1105 3618 angelorum
1157 3550 1248 3618 qui
1290 3552 1557 3620 segregati
1604 3562 1734 3609 sunt
1788 3554 1851 3608 ad
1907 3557 2357 3622 gubernationem

789 3637 1077 3693 duodecim
1127 3641 1369 3695 tribuum
1428 3640 1623 3708 Israel,
1674 3643 1828 3712 juxta
1881 3648 2262 3715 cognationem
2306 3652 2358 3703 in

791 3730 1077 3784 sanctitate
1109 3731 1413 3787 fundatam.
1452 3732 1515 3787 Et
1559 3735 1910 3790 meritissimo
1944 3738 2017 3791 ita
2052 3739 2273 3794 dicitur.
2302 3740 2359 3795 Si

789 3821 934 3873 enim
986 3835 1306 3891 persuasum
1344 3825 1502 3878 nobis
1542 3833 1645 3887 est,
1683 3826 1882 3894 cuique
1929 3826 2170 3881 ﬁdelium
2222 3830 2362 3885 desi-

789 3922 1014 3983 gnatum
1057 3929 1180 3967 esse
1223 3914 1513 3983 angelum,
1548 3917 1720 3969 multo
1764 3916 1937 3986 magis
1990 3917 2364 3975 fundamentis

793 4004 1051 4058 Ecclesiae
1080 4015 1134 4058 et
1166 4005 1462 4074 evangelici
1492 4006 1637 4060 verbi
1676 4007 2100 4063 seminatoribus
2130 4025 2364 4065 consen-

792 4110 1012 4153 taneum
1039 4105 1123 4152 est
1153 4099 1377 4168 angelos
1420 4113 1543 4154 esse
1582 4098 1859 4169 adjutores
1890 4101 1956 4153 ad
1989 4104 2357 4173 evangelicam

792 4189 1254 4259 praedicationem.

860 4281 930 4336 Et
966 4283 1179 4336 nomina
1225 4284 1494 4351 inscripta.
1546 4282 1603 4337 In
1654 4284 1805 4337 cultu
1853 4285 2072 4353 quidem
2130 4285 2362 4342 Moesico

791 4384 1116 4443 praeceptum
1149 4384 1264 4429 erat
1297 4387 1356 4429 nt
1378 4376 1430 4427 in
1458 4375 1894 4444 superbumerali
1927 4378 2358 4433 inscriberentur

793 4468 1004 4522 nomina
1031 4467 1486 4536 patriarcharum,
1512 4467 1565 4520 in
1589 4477 1913 4522 testamento
1939 4479 2117 4523 autem
2142 4469 2357 4524 Domini

2461 2005 2645 2075 μένα,
2715 2007 2754 2061 ἄ
2804 2007 2976 2060 ἐστιν
3033 2008 3292 2077 ὀνόματα
3353 2005 3475 2059 τῶν
3531 2004 3760 2059 δώδεκα
3825 2007 4040 2075 φυλῶν

2460 2096 2609 2151 υιῶν
2657 2097 2917 2164 Ἰσραήλ.
2956 2096 3101 2153 ’Δπὸ
3155 2096 3489 2163 ἀνατολῶν,
3539 2096 3814 2161 πυλῶνες
3858 2096 4038 2163 τρεῖς,

2462 2190 2558 2242 καί
2609 2188 2725 2243 ἀπὸ
2769 2187 2964 2258 ,βορῤᾶ
3009 2188 3287 2254 πυλῶνες
3328 2187 3505 2256 τρεῖς,
3540 2187 3640 2241 καί
3683 2189 3801 2241 ἀπὸ
3852 2190 4035 2241 νότου

2463 2277 2736 2344 πυλῶνες
2771 2279 2945 2348 τρεῖς,
2972 2278 3071 2331 κάί
3098 2278 3215 2332 ἀπὸ
3258 2276 3509 2346 δυσμῶν
3534 2276 3812 2343 πυλῶνες
3854 2277 4037 2344 τρεῖς,

2463 2370 2559 2422 καὶ
2586 2369 2648 2422 τὸ
2677 2368 2873 2439 τεῖχος
2902 2369 3013 2436 τῆς
3038 2370 3269 2436 πόλεως
3282 2369 3430 2439 ἕχον
3448 2369 3762 2438 θεμελίους
3782 2369 4036 2435 δώδεκα,

2465 2462 2561 2514 καί
2586 2463 2681 2515 ἐπ’
2711 2461 2910 2515 αὐτῶν
2933 2458 3163 2516 δώδεκα
3195 2462 3455 2531 ὀνόματα
3479 2459 3598 2514 τῶν
3633 2459 3861 2516 δώδεκα
3888 2461 4041 2515 ἀπο·

2463 2554 2701 2609 στόλων
2726 2552 2834 2607 τοῦ
2881 2554 3138 2623 Ἀρνέου.

2531 2639 2698 2702 Οὐδὲν
2727 2650 2790 2701 ὲκ
2831 2645 3037 2701 τούτων
3065 2646 3380 2717 περισκελὶς
3412 2646 3590 2717 νόημα
3618 2647 3698 2707 εἰς
3736 2645 4043 2714 σαφήνειαν

2469 2737 2860 2809 μεθελκόμενον
2892 2737 3175 2807 τυγχάνει.
3211 2736 3281 2789 '0
3313 2753 3371 2789 τε
3410 2736 3519 2804 γὰρ
3563 2734 3793 2805 ἀριθμὸς
3851 2734 4042 2800 σαφῶς

2464 2832 2592 2895 τοὺς
2636 2829 2967 2894 ἀποστόλους
2991 2828 3195 2899 Κυρίου
3219 2826 3533 2896 ὑποφαίνει,
3557 2825 3594 2896 ἢ
3626 2842 3686 2877 τε
3718 2824 3877 2894 χρεία
3920 2824 4036 2876 τῶν

2465 2924 2726 2979 πυλώνων
2754 2925 2831 2988 ὡς
2875 2924 3208 2991 εἰσαγόντων
3253 2923 3333 2985 εἰς
3373 2922 3433 2974 τδ
3478 2921 3576 2989 τῆς
3608 2919 3755 2988 ζωῆς
3810 2921 4041 2987 ταμεῖον

2464 3018 2591 3079 τοὺς
2621 3015 2788 3070 αὐτοῦ
2835 3014 3163 3077 ἀποστόλους
3203 3014 3465 3083 παριστᾷ,
3491 3012 3557 3066 δι’
3587 3004 3663 3065 ὧν
3700 3011 3768 3064 τὰ
3792 3010 3921 3077 ἔθνη
3964 3008 4042 3077 τῷ

2468 3106 2708 3177 Χριστοῦ
2740 3106 2951 3177 ταμείῳ
3003 3104 3357 3176 εἰσήχθησαν.
3400 3101 3690 3171 ’Δγγέλους
3720 3101 3777 3154 δὲ
3829 3100 4042 3153 δώδεκα

2467 3201 2559 3253 ἐπὶ
2592 3199 2701 3253 τῶν
2746 3198 3008 3253 πυλώνων
3046 3197 3389 3260 καθιστᾶσιν,
3424 3193 3519 3259 οὓς
3551 3194 3675 3257 τοὺς
3706 3194 4044 3254 ἀποστόλους

2462 3290 2803 3360 ὲξειλήφασι,
2832 3289 2901 3341 δι’
2940 3281 3016 3342 ὧν
3040 3289 3072 3357 ὴ
3118 3287 3320 3349 εἰσοδος
3348 3284 3531 3357 ἡμῶν,
3557 3284 3650 3337 καὶ
3679 3285 3712 3353 ἡ
3763 3284 3901 3351 1:95;
3950 3283 4043 3335 τὸν

2462 3378 2684 3449 Πατέρα
2706 3377 3043 3448 προσαγωγῆ
3064 3377 3157 3444 ὲνή
3168 3392 3363 3446 ργηται
3380 3375 3475 3428 ἰπὶ
3500 3375 3760 3445 συνεργίᾳ
3786 3373 4044 3439 ἀγγέλων

2466 3468 2771 3539 ἰσαρίθμων
2800 3468 2910 3522 τῶν
2947 3467 3316 3539 προύχόντων,
3345 3464 3442 3521 καὶ
3472 3465 3672 3535 μᾶλλον
3705 3468 3769 3535 τῇ
3808 3466 4042 3516 ἐπιστα-

2465 3562 2556 3633 σίᾳ
2604 3561 3004 3631 ἀφωρισμένων
3047 3559 3158 3612 τῶν
3189 3558 3395 3612 δώδεκα
3447 3557 3630 3626 φυλῶν
3678 3554 3774 3608 τοῦ
3818 3556 4043 3625 Ἰσραὴλ

2463 3652 2606 3705 κατὰ
2638 3651 2736 3721 τὴν
2792 3649 3111 3720 ἀγχιστείαν
3140 3650 3239 3716 τὴν
3296 3648 3353 3701 ὲν
3398 3646 3646 3715 ἁγιότητι
3680 3641 4042 3714 θεμελιωθεῖ-

2466 3762 2585 3799 σαν.
2625 3744 2733 3797 Καὶ
2768 3742 2914 3812 μάλα
2932 3741 3180 3803 εἰκότως.
3207 3739 3268 3792 Εἰ
3301 3739 3408 3808 γὰρ
3430 3738 3645 3804 ἑκάστῳ
3662 3735 3769 3787 τῶν
3803 3733 4039 3794 πιστῶν,

2463 3837 2693 3904 ἄγγελον
2751 3833 2979 3887 ἔπεσθαι
3028 3829 3477 3900 πεπιστεύκαμεν
3504 3868 3518 3893 ,
3584 3825 3762 3896 πολλῷ
3834 3825 4041 3895 μᾶλλον

2462 3928 2575 3987 τοίς
2615 3922 2887 3993 θεμελίοις
2931 3922 3030 3993 τῆς
3073 3919 3425 3989 Ἐκκλησίας,
3451 3919 3544 3972 καὶ
3585 3920 3695 3980 τοῖς
3742 3915 3835 3969 τοῦ
3868 3916 4043 3982 εὐαγ-

2463 4013 2683 4080 γελικοῢ
2734 4013 2894 4079 λόγου
2926 4011 3241 4081 σπορεῦσιν,
3269 4009 3534 4079 ἀγγέλους
3572 4006 3869 4077 συνεργοὺς
3900 4007 4041 4076 προς

2463 4104 2524 4160 τὸ
2568 4102 2928 4172 εὐαγγελικδν
2955 4104 3217 4173 κήρυγμα
3241 4100 3478 4155 νοεῖσθαι
3508 4100 3822 4156 ἀκόλουθον.

2534 4282 2644 4337 Καὶ
2713 4281 2976 4351 ὀνόματα
3035 4280 3532 4351 ἐπιγεγραμμένα.
3585 4252 3709 4335 Ἐπὶ
3770 4281 3871 4350 μὲν
3926 4283 4028 4351 τῆς

2462 4375 2739 4439 Μωῦσέως
2769 4375 3047 4444 λατρείας,
3076 4375 3143 4426 τά
3187 4374 3295 4427 τῶν
3328 4373 3640 4444 άρχιφύλων
3661 4373 3904 4444 ὀνόματα
3944 4375 4040 4427 ἐπὶ

2462 4469 2560 4537 τῆς
2610 4466 2886 4536 ἐπωμίδος
2930 4464 3262 4535 γεγράφθαι,
3298 4466 3628 4535 πρόσταγμα
3662 4481 3677 4498 ·
3731 4466 3788 4518 ἑν
3854 4466 3912 4519 δὲ
3965 4468 4035 4535 τῇ

788 4555 939 4621 Jesu,
988 4558 1206 4612 nomina
1254 4558 1377 4611 novi
1415 4557 1579 4612 Israel
1628 4559 1682 4612 in
1732 4561 1904 4628 portis
1957 4561 2353 4627 inscribuntur,
2387 4565 2467 4621 Di

2387 4565 2436 4621 υ
2463 4556 2602 4610 κατά
2635 4556 2837 4626 Κύριον
2887 4554 3097 4626 Ἰησοῦν
3130 4554 3375 4627 Διαθήκῃ
3408 4554 3501 4608 τοῦ
3532 4556 3654 4608 νέου
3707 4555 3929 4625 Ἰσραὴλ
3967 4557 4037 4609 τά

792 4650 893 4703 hoc.
944 4658 1065 4714 est,
1104 4650 1157 4703 in
1199 4650 1281 4704 his
1314 4650 1709 4717 introducunt,
1738 4652 1805 4706 de
1846 4654 2044 4721 quibus
2074 4655 2236 4707 etiam
2281 4656 2361 4708 di-

792 4753 939 4795 ctum
1002 4751 1087 4796 est
1145 4759 1158 4795 :
1223 4761 1241 4793 ι
1283 4741 1558 4797 Nuntiabo
1615 4760 1812 4799 nomen
1878 4755 2031 4800 tuum
2098 4746 2361 4804 fratribus

790 4837 922 4890 meis
944 4836 1031 4903 ὀς
1074 4854 1091 4886 ι
1132 4851 1331 4889 nomen
1372 4836 1561 4889 «licens
1588 4836 1907 4907 mysterium
1944 4838 2063 4891 lidei
2101 4838 2153 4891 in
2201 4838 2362 4892 Chri-

788 4939 955 4992 stum,
985 4927 1130 4997 quod
1165 4942 1271 4981 non
1302 4927 1370 4981 ad
1403 4926 1674 4981 ineﬂ'abile
1702 4936 1994 4992 secretum,
2027 4928 2121 4982 sed
2159 4941 2218 4982 ut
2244 4946 2360 4984 om-

786 5014 951 5070 nibus
995 5013 1346 5069 manil‘estum
1395 5016 1524 5079 liat,
1574 5015 1862 5084 pollicetur
1918 5018 2351 5086 proponendum.

786 5103 1153 5159 Conformiter
1182 5115 1362 5160 autem
1399 5105 1466 5160 ad
1506 5121 1795 5160 numerum
1845 5106 2085 5167 tribuum
2121 5109 2354 5163 ﬁliorum

785 5193 955 5249 Jacob
1010 5206 1138 5251 sunt
1179 5203 1235 5250 et
1292 5204 1492 5264 portae,
1541 5196 1671 5265 quia
1719 5212 1896 5265 neque
1942 5212 2038 5266 per
2088 5199 2247 5253 [idem
2303 5201 2355 5255 in

2463 4652 2705 4720 ὀνόματα
2730 4651 2822 4702 ἐπὶ
2839 4651 2951 4711 τοῖς
2971 4647 3484 4714 πυλῶσι,τουτέστι,
3505 4649 3619 4711 τοῖς
3639 4648 3948 4714 εἰσαγωγεῦ
3958 4666 4035 4714 σι,

2464 4743 2591 4814 περί
2624 4738 2699 4795 ὧν
2728 4743 2821 4796 καὶ
2873 4742 3126 4810 εἴρηται·
3162 4759 3200 4808 υ
3235 4739 3555 4809 Ἀπαγγελῶ
3606 4739 3667 4793 τὸ
3716 4739 3891 4807 ὄνομά
3941 4756 4037 4792 σου

2460 4837 2573 4897 τοῖς
2604 4833 2852 4900 ἀδελφοῖς
2881 4849 3003 4902 μου,
3050 4853 3067 4882 ι
3097 4831 3268 4901 ὄνομα
3299 4830 3362 4883 τὸ
3411 4830 3551 4882 κατά
3583 4827 3682 4898 τὴν
3720 4828 3905 4879 πίστιν
3937 4829 4039 4898 τὴν

2465 4927 2606 4979 κατὰ
2641 4924 2897 4994 Χριστὸν,
2933 4923 3235 4993 μυστήριον
3266 4920 3462 4987 λέγων,
3493 4918 3523 4977 ὃ
3550 4919 3650 4971 οὐκ
3684 4919 3761 4979 εἰς
3786 4918 4039 4988 ἀπόρρη-

2461 5034 2551 5070 τον
2594 5014 2909 5085 ἐχεμυθίαν,
2932 5014 3047 5067 ἀλλ’
3083 5014 3163 5076 εἰς
3198 5012 3367 5066 ἂπασ.
3409 5006 3687 5080 προῦπτον
3728 5010 4039 5079 προὸἀλλεο

2459 5111 2577 5161 σοαι
2617 5110 2981 5177 ὑπισχνεῖται.
3018 5107 3318 5173 Ἀναλόγως
3346 5105 3402 5157 δὲ
3428 5105 3548 5166 ταῖς
3571 5103 3678 5155 ἀπὸ
3710 5101 3909 5155 Ἰακὼϐ
3932 5120 4037 5171 φυ-

2458 5202 2576 5262 λαῖς
2604 5200 2698 5252 καὶ
2732 5201 2781 5251 οἱ
2823 5197 3086 5262 πυλῶνες,
3116 5198 3199 5250 ὅτι
3232 5196 3363 5265 μηδὲ
3393 5195 3571 5248 πάντα
3602 5192 4037 5264 κατήργηταιτά

784 5287 1063 5341 Christum
1099 5288 1302 5342 abolita
1348 5300 1478 5343 sunt
1511 5289 1764 5343 universa
1806 5304 1930 5359 qua:
1965 5292 2163 5345 veteris
2202 5303 2358 5348 erant
2453 5310 2463 5327 ι

2355 5336 2358 5345 ,
2453 5294 2553 5361 τῆς
2579 5291 2822 5355 Παλαιᾶς
2854 5294 2921 5361 τῇ
2971 5290 3110 5343 κατά
3145 5289 3380 5360 Χριστὸν
3415 5287 3619 5347 πίστει.
3651 5286 3768 5339 ἀλλ’
3797 5287 3928 5339 ὅσον
3961 5285 4034 5339 τά

785 5376 1135 5440 teSIamenti,
1164 5377 1258 5431 sed
1281 5385 1551 5447 quatenus
1581 5377 1848 5431 infantilia
1878 5387 2007 5433 sunt
2037 5379 2182 5433 virili
2214 5390 2355 5435 statu
2453 5403 2464 5434 η

2346 5398 2355 5435 l
2453 5382 2696 5454 νηπιὼδη
2730 5382 2829 5454 τῆς
2876 5380 3136 5452 ἀνδρικῆς
3182 5378 3576 5442 καταστάσεως
3625 5375 4025 5445 ἀσθενέστερα.

787 5467 1109 5523 inﬁrmiora.

859 5558 990 5624 Qua
1042 5568 1168 5613 sunt
1225 5559 1440 5613 nomina
1498 5562 1776 5616 duodecim
1829 5562 2063 5617 tribuunt
2118 5563 2358 5632 ﬁliorum

788 5649 985 5707 Israel.
1032 5653 1167 5707 Cum
1215 5652 1400 5708 lideles
1445 5663 1692 5711 vocasset
1740 5654 1929 5722 Israel,
1960 5657 2260 5726 permansit
2305 5657 2357 5711 in

864 5833 905 5863 ¹⁰
935 5832 1072 5886 ιἰδιιίΔ
1109 5835 1337 5895 "1,25.

2527 5567 2598 5620 Ἀ
2655 5565 2828 5618 ἐστιν
2884 5563 3148 5632 ὀνόματα
3171 5558 3290 5613 τῶν
3342 5556 3575 5611 δώδεκα
3615 5551 3834 5625 φυλῶν
3887 5551 4037 5606 υιῶν

2456 5656 2727 5724 Ἰσραήλ.
2742 5655 2882 5719 Τοὺς
2901 5652 3126 5715 πιστοὺς
3142 5648 3377 5711 καλέσας
3395 5643 3619 5716 Ἰσραὴλ
3646 5642 4034 5714 ὶπιμεμένηκε
