4252 6436
248 390 358 449 7ῦο

1319 390 1706 450 ΕΟΜΜΕΝΤ.
1755 388 1830 446 I.\'
1875 389 2399 454 APOCALYPSIN.

3390 397 3504 461 7'70

245 506 341 556 καὶ
367 503 444 572 τῷ
471 501 563 555 τοῦ
588 502 952 573 πληρώματος
978 506 1156 559 αὐτῶν
1194 505 1435 574 ἀριθμῷ.
1468 504 1685 556 Δώδεκα
1713 505 1816 573 γὰρ

1847 503 1894 561 Λ
1925 519 2152 557 numero
2182 507 2564 574 eomplcmenti
2607 507 2852 576 ipsorum
2891 526 2903 561 :
2933 525 3055 562 nam
3090 512 3178 565 ubi
3215 513 3501 570 duodecim

243 595 417 661 φυλὰς
448 593 639 658 εἰπὼν,
667 593 732 657 ἃς
770 594 832 663 δὴ
871 597 962 648 καὶ
994 597 1136 648 κατὰ
1175 595 1272 664 τὴν
1298 594 1494 664 τριάδα
1533 592 1822 663 διῃρῆσθαι

237 685 316 754 τῷ
342 687 669 755 τετραμερεῖ
698 686 793 738 τοῦ
830 689 1036 754 κόσμου
1072 687 1336 756 σχήματι,
1373 685 1470 738 καὶ
1505 679 1823 753 ἰσαρίθμους

237 775 335 826 τοῦ
399 774 696 843 σταυρικοῦ
743 776 972 843 σημείου
1007 779 1072 846 τῇ
1111 777 1360 844 διαστολῇ
1413 777 1551 827 κατὰ
1591 775 1822 844 τριπλα-

244 869 494 934 σιασμδν,
523 866 700 935 δῆλον,
730 868 826 918 καὶ
847 866 916 918 τὰ
940 868 1300 937 ἁφωρισμένα
1325 868 1484 936 μέρει
1507 861 1820 936 ἀτέοφήνας,

241 958 450 1009 τούτων
487 959 581 1010 καὶ
603 959 749 1026 τρισὶ
784 957 946 1012 πάλιν
994 958 1242 1010 πυλῶσιν
1271 960 1500 1011 ἕκαστον
1547 958 1820 1038 εμηχέναι

241 1051 338 1117 τὴν
366 1050 568 1102 εἴσοδον
607 1051 920 1119 διαγράφει.
950 1052 1024 1102 Οὐ
1070 1050 1176 1120 γὰρ
1226 1049 1341 1102 ἔστι
1374 1052 1470 1118 τῆς
1500 1051 1594 1102 τοῖ’
1627 1052 1822 1103 ἕστακ’·-

244 1141 493 1207 ρωμένου
536 1140 744 1209 Κυρίου
797 1144 1048 1211 μυήσεως
1099 1141 1598 1209 κατευμεγεθῆσαι,
1629 1142 1703 1211 μὴ
1753 1144 1818 1210 τῇ

216 1233 502 1301 ⁴’ὐττεροἐιε›
529 1232 719 1302 Τριάδι
747 1233 808 1286 τὸ
857 1233 1227 1303 εἰσαγώγιμον
1259 1234 1530 1302 εἰληχότα.
1567 1235 1821 1286 "AaM-.1

241 1324 354 1390 γὰρ
384 1325 477 1375 τοῦ
509 1325 712 1394 κόσμου
747 1326 817 1377 τὰ
844 1327 1060 1396 πέρατα
1094 1320 1314 1378 οί’θείοι
1367 1325 1654 1378 ἀπόστολοι
1685 1326 1818 1378 διει-

241 1417 493 1484 ληφὸτες.
526 1418 733 1487 Τριάδα
763 1435 820 1470 τε
855 1418 1151 1485 ὁμοούσιον
1175 1418 1287 1476 τοῖς
1313 1416 1489 1468 ἔθνεσι
1548 1416 1817 1484 κηρύξαν-

239 1527 354 1570 τες.
386 1509 691 1563 ἐϐάπτισαν
748 1511 827 1571 εἰς
855 1508 915 1562 τὸ
962 1510 1134 1576 ὄνομα
1183 1505 1278 1560 τοῦ
1330 1505 1541 1576 Πατρός
1574 1507 1668 1558 καὶ
1721 1507 1814 1559 τοῦ

238 1599 372 1651 Υἱοῦ
411 1601 504 1652 καὶ
523 1617 618 1652 του
652 1601 809 1667 ἁγίου
847 1600 1184 1668 Πνεύματος.

311 1692 417 1745 Kal
461 1693 554 1745 ἐπ’
606 1692 806 1747 αὐτῶν
847 1692 1076 1745 δώδεκα
1131 1695 1394 1759 ὀνόματα
1428 1691 1544 1745 τῶν
1587 1689 1814 1743 δώδεκα

233 1784 596 1837 ἀποστόλων
619 1784 724 1838 τοῦ
763 1785 1020 1850 'Ap't'ov.
1055 1784 1193 1846 Τοὺς
1223 1784 1431 1837 δώδεκα
1483 1781 1813 1842 ἀποστόλους

235 1875 337 1944 ἥδη
363 1875 545 1937 καλῶς
569 1874 735 1927 ποιῶν
763 1874 1116 1944 διεσάφησεν,
1149 1876 1231 1928 ὅτι
1257 1877 1383 1938 τοὺς
1419 1875 1629 1927 δώδεκα
1672 1875 1811 1926 ἀπο-

237 1965 458 2027 στόλους
482 1964 676 2033 δηλοῦν
705 1966 734 2017 ό
759 1968 980 2030 σκοπός,
1016 1965 1113 2029 οὓς
1160 1967 1255 2018 καὶ
1288 1966 1540 2028 πυλῶνας
1572 1967 1665 2017 καὶ
1716 1965 1807 2015 ϐε-

237 2056 456 2123 μελίους
488 2055 640 2123 φησί·
673 2055 974 2125 θεμελίους,
1001 2057 1078 2118 t'o;
1121 2055 1218 2125 τῆς
1259 2057 1397 2109 κατὰ
1440 2044 1673 2125 Χριστὸν
1720 2055 1810 2106 πί-

237 2165 410 2210 στεως
426 2147 524 2217 τὴν
550 2148 863 2216 ὑποὸἀοραν
883 2148 1081 2209 αὐτοὺς
1108 2148 1532 2217 καταθεμένους·
1557 2145 1808 2208 ίτυλῶνχς

231 2240 312 2297 δὲ,
340 2240 417 2301 ὡς
457 2239 525 2291 δι’
553 2240 734 2292 αὐτῶν
771 2240 896 2308 ἤδη,
934 2240 1103 2308 ἤγουν
1155 2239 1245 2291 διὰ
1291 2237 1387 2290 τοῦ
1455 2237 1810 2307 κηρύγματος

233 2326 438 2389 αὐτῶν,
470 2327 530 2380 τὸ
575 2327 947 2395 εἰσαγώγιμον
979 2326 1080 2394 τῆς
1109 2328 1250 2379 κατὰ
1295 2326 1532 2396 Χριστὸν
1576 2327 1811 2386 πίστεως

233 2419 499 2487 εὑρίσκει.

304 2509 412 2561 Kal
443 2511 476 2562 ό
523 2509 732 2562 ,λαλῶν
777 2509 906 2576 μετ’
935 2509 1080 2577 ἐμοῦ
1109 2505 1235 2578 εἶχε
1261 2509 1499 2577 μέτρον.
1538 2508 1812 2576 κάλαμον

231 2601 524 2667 χρυσοῦν,
564 2602 665 2653 ἵνα
691 2601 964 2668 μετρήσῃ
988 2601 1103 2667 τὴν
1139 2605 1342 2664 πόλιν,
1377 2602 1472 2652 καί
1511 2579 1652 2678 τοὺς
1697 2615 1810 2651 πυ-

229 2693 431 2758 λῶνας
455 2695 664 2760 αὐτῆς,
691 2695 788 2746 καὶ
823 2694 886 2745 τὸ
912 2692 1111 2761 τεῖχος
1153 2693 1368 2760 αὐτῆς.
1400 2693 1506 2746 Καὶ
1544 2692 1580 2757 ἠ
1633 2692 1810 2754 πόλις

232 2783 594 2849 τετράγωνος
614 2781 823 2845 κεῖται,
850 2782 950 2833 καὶ
980 2791 1044 2833 το
1069 2781 1267 2849 μῆκος
1296 2777 1507 2844 αὐτῆς,
1547 2777 1698 2829 ὅσον
1746 2776 1810 2828 τὸ

229 2874 482 2936 πλάτος.
529 2873 636 2925 Kal
683 2872 973 2941 ἐμέτρησε
1044 2871 1160 2938 τὴν
1199 2874 1382 2924 πόλιν
1421 2870 1501 2935 τῷ
1556 2860 1806 2935 halama

229 2965 330 3017 ἐπὶ
391 2965 677 3030 σταδίους
716 2965 944 3019 δώδεκα
997 2964 1303 3033 χιλιάδων.
1363 2963 1434 3016 Τὸ
1468 2959 1660 3030 μῆκος
1709 2962 1808 3014 καὶ

229 3055 463 3123 πλάτος
514 3057 613 3111 καὶ
661 3058 724 3111 τι)
795 3058 956 3125 ὕψος
1027 3054 1220 3124 αὐτῆς
1297 3055 1404 3108 ἴσα
1463 3054 1616 3109 ἐστι.
1698 3052 1809 3110 Kal

225 3149 521 3216 ἐμέτρησε
545 3150 608 3202 τὸ
646 3148 843 3218 τεῖχος
874 3145 1066 3214 αὐτῆς
1088 3145 1224 3215 ρμό
1257 3146 1489 3214 πηχῶν,
1505 3146 1571 3200 τὸ
1591 3147 1812 3215 μέτρον

225 3239 566 3306 ἀνθρώπου,
597 3239 629 3292 ὅ
656 3241 828 3293 ἐστιν
877 3241 1154 3309 ἀγγέλου.
1198 3239 1304 3293 Kal
1337 3235 1415 3308 ἦν
1458 3239 1497 3306 ἡ
1555 3237 1804 3306 ἐνδόμη-

225 3347 332 3396 σις
360 3333 465 3385 τοῦ
491 3334 730 3400 τείχους
758 3331 948 3399 αὐτῆς
989 3332 1217 3395 tamne.

310 3423 368 3475 '0
400 3424 498 3492 μὲν
538 3423 782 3490 κάλαμος
830 3416 875 3490 ᾧ
911 3423 1185 3492 διεμέτρει
1240 3422 1338 3491 τὴν
1401 3421 1566 3488 ἁγίαν
1617 3420 1798 3484 πόλιν,

224 3513 602 3586 γεωμετρικὸν
631 3513 865 3584 ὑπῆρχε.
891 3512 1140 3582 Χρυσοῦν
1153 3512 1207 3565 δὲ
1233 3512 1324 3565 διὰ.
1351 3512 1410 3564 τὸ
1429 3513 1605 3581 τίμιον
1625 3511 1720 3563 τοῦ
1744 3527 1801 3563 τε

229 3603 557 3674 μετροῦντος
591 3606 847 3672 ἀγγέλου,
886 3608 1105 3672 καὶτῆς
1143 3605 1520 3673 μετρουμένης
1571 3603 1799 3661 πόλεως.

239 3695 678 3765 ’Δνθρωποειδῶς
705 3694 764 3748 δὲ
806 3694 1086 3767 ὲθεωρήθη
1128 3693 1323 3757 ταῦτα,
1353 3695 1433 3747 ὅτι
1466 3691 1598 3763 μηδὲ
1629 3693 1801 3754 ἄλλως

225 3787 498 3857 ὁραθῆναι
525 3787 697 3841 ταῦτα
727 3788 954 3840 δυνατὸν
987 3786 1108 3839 θεῖα
1142 3787 1271 3838 ἥντα
1299 3787 1396 3838 καὶ
1425 3786 1498 3848 ὡς
1547 3786 1657 3854 ἔχει
1701 3784 1800 3853 φύ-

229 3895 389 3937 σεως.
425 3879 586 3930 Πόλιν
610 3879 665 3931 δὲ
691 3879 751 3930 τὸ
778 3878 919 3930 κατὰ
952 3878 1187 3948 Χριστὸν
1215 3877 1538 3946 μυστήριον,
1577 3877 1656 3936 είς
1689 3874 1715 3926 ὃ
1745 3875 1795 3925 οι

227 3969 474 4032 πυλῶνες
498 3969 816 4039 ἐμϐιϐάζειν
845 3969 1140 4039 ἀπέλαχον,
1163 3968 1246 4020 ὅτι
1273 3966 1362 4018 διὰ
1389 3966 1484 4018 τοῦ
1508 3963 1802 4034 κηρύγμα-

225 4079 319 4123 τος
351 4062 384 4130 ὴ
416 4063 555 4113 κατὰ
590 4062 827 4130 Χριστὸν
852 4061 1034 4122 πίστις
1060 4057 1405 4128 γνωρίζεται.

300 4156 407 4208 Kal
438 4155 469 4220 ii
499 4155 677 4218 πόλις
700 4152 1065 4221 τετράγωνος
1099 4151 1302 4203 κεῖται.
1331 4147 1436 4200 Τοῦ
1466 4147 1678 4216 τείχους
1705 4147 1800 4199 καὶ

226 4244 326 4311 τῆς
363 4244 568 4304 πόλεως
609 4246 670 4294 τὸ
705 4243 915 4310 σχῆμα,
952 4241 1316 4308 τετράγωνον,
1346 4240 1439 4289 καὶ
1481 4236 1589 4286 τῶν
1619 4235 1799 4288 πυλώ-

226 4352 337 4385 νων
367 4336 444 4396 εἲς
473 4333 699 4386 δώδεκα.
735 4330 1091 4399 Τετράγωνος
1125 4331 1234 4396 γὰρ
1261 4327 1395 4381 οὖσα
1435 4330 1468 4396 ἠ
1522 4326 1695 4391 πόλις,
1722 4325 1799 4395 τῷ

229 4421 508 4491 σταυρικῷ
553 4421 765 4490 σημείῳ
799 4419 940 4472 κατὰ
987 4419 1076 4470 τὸν
1106 4419 1396 4486 διάμετρον
1423 4416 1670 4486 διῃρέθη,
1708 4416 1796 4484 ἀφ’

1931 595 2104 648 tribus
2137 598 2307 658 dixit,
2336 613 2475 665 quas
2508 600 2669 652 etiam
2715 602 2954 654 ternario
2989 602 3192 657 divisas
3241 619 3362 658 esse
3406 622 3502 674 ρετ

1926 690 2372 757 quadripartitam
2410 692 2594 743 mundi
2624 692 2871 760 ﬁguram,
2907 703 2960 746 et
2988 695 3225 778 aequales
3257 711 3378 748 esse
3408 713 3504 748 nu-

1926 791 2075 829 mero
2101 794 2224 831 cum
2252 779 2604 834 distinctione
2638 783 2774 852 signi
2816 776 3291 853 crucis'triplir-ata
3331 791 3505 842 niani-

1925 863 2120 919 festum
2161 881 2240 921 est
2277 885 2289 921 :
2320 870 2411 923 ubi
2440 870 2602 922 etiam
2637 873 2858 926 nomina
2903 890 3024 943 quae
3070 877 3123 927 in
3165 886 3375 944 partem
3420 895 3504 933 se-

1925 970 2140 1025 gregata
2168 969 2294 1013 sunt
2316 961 2581 1023 deﬁnivit,
2617 961 2809 1016 horum
2845 965 3056 1034 singula
3081 968 3254 1019 tribus
3286 984 3502 1022 rursum

1925 1051 2097 1114 portis
2125 1052 2315 1103 sortita
2351 1066 2472 1104 esse
2511 1053 2792 1106 introitum
2823 1055 3104 1110 describit.
3133 1057 3297 1127 825
3322 1058 3504 1127 Neque

1921 1140 2062 1193 enim
2106 1151 2281 1207 potest
2315 1143 2588 1211 quispiam
2630 1145 2880 1199 oblinere
2911 1148 3252 1215 disciplinain
3286 1150 3507 1219 DOllllti

1921 1231 2190 1290 cruciﬁxi,
2227 1233 2327 1286 nisi
2363 1233 2495 1287 illud
2527 1236 2793 1290 sortiatur
2824 1238 2968 1304 quod
3002 1240 3068 1290 ad
3100 1241 3499 1296 divinissimam

1919 1321 2241 1376 Trinitatem
2271 1325 2462 1378 initiat.
2493 1327 2666 1380 Diviui
2697 1328 2964 1398 siquidem
3009 1333 3238 1398 apostoli
3265 1337 3502 1403 acceptis

1918 1413 2176 1466 omnibus
2210 1415 2396 1468 tnundi
2436 1418 2719 1480 terminis,
2756 1415 3208 1474 consubslantiali
3239 1423 3499 1477 Trinitate

1917 1502 2166 1569 gentibus
2197 1506 2508 1572 pradicata,
2551 1508 2900 1576 baptizarunt
2930 1526 3025 1565 eas
3056 1512 3108 1565 in
3139 1516 3361 1568 nomine
3391 1515 3462 1568 Pa
3483 1547 3498 1557 -

1920 1592 2021 1646 tris
2048 1602 2102 1647 et
2131 1593 2249 1649 Filii
2278 1606 2332 1650 et
2365 1598 2602 1667 Spiritus
2633 1608 2828 1658 sancti.

1986 1681 2055 1736 Et
2083 1685 2132 1736 in
2153 1688 2280 1752 ipsis
2303 1690 2578 1744 duodecim
2602 1695 2814 1747 nomina
2837 1696 3111 1750 duodecim
3136 1703 3495 1767 apostolorum

1913 1773 2070 1841 Agni.
2105 1773 2272 1830 Recto
2309 1794 2453 1833 nunc
2477 1782 2666 1837 ordine
2696 1784 2982 1840 duodecim
3016 1791 3291 1857 apostolos
3321 1794 3496 1845 Inani-

1844 1859 1882 1914 B
1914 1864 2150 1930 festavit,
2188 1870 2446 1936 quoniam
2488 1887 2687 1941 sropus
2735 1886 2855 1929 erat
2889 1878 3175 1934 duodecim
3210 1885 3493 1951 apostolos

1911 1956 2220 2024 signiﬁcare
2245 1998 2260 2022 ,
2301 1976 2442 2030 quos
2492 1973 2546 2016 et
2575 1975 2761 2032 portas
2807 1981 2863 2020 et
2917 1970 3270 2026 fundamenta
3309 1975 3441 2027 dicit
3475 1993 3488 2027 :

1913 2044 2307 2112 fundamenta,
2363 2060 2421 2102 ut
2473 2051 2566 2119 qui
2617 2052 2740 2108 ﬁdei
2777 2058 2829 2108 in
2878 2055 3158 2111 Christum
3211 2060 3382 2114 basim
3431 2078 3492 2116 ac

1913 2133 2328 2191 fundamentum
2356 2141 2744 2198 collocaverint
2775 2161 2788 2195 :
2819 2156 3006 2215 portas
3037 2164 3186 2213 vero,
3217 2154 3360 2219 quod
3394 2171 3489 2222 per

1913 2225 2060 2294 ipsos
2105 2230 2218 2283 sive
2257 2245 2349 2300 per
2394 2232 2635 2300 ipsorum
2688 2237 3127 2302 praedicationem
3181 2241 3493 2297 inveniatur

1907 2315 2020 2383 jam
2050 2317 2382 2374 introductio
2414 2321 2532 2375 ﬁdei
2568 2324 2621 2376 in
2651 2323 2951 2381 Christum.
3011 2307 3026 2321 ‘

1982 2496 2121 2559 XXI,
2175 2498 2356 2553 15-19.
2409 2499 2474 2552 Et
2527 2502 2616 2570 qui
2670 2503 2982 2573 loquebatur
3022 2524 3220 2561 mecum
3266 2510 3489 2565 habebat

1914 2605 2212 2642 ntenwram
2239 2593 2551 2646 arundinem
2578 2612 2814 2659 auream,
2847 2610 2900 2649 ut
2926 2600 3199 2653 metiretur
3221 2604 3488 2656 ciuitatem

1913 2690 1958 2730 et
2006 2690 2185 2747 portas
2216 2682 2328 2748 ejus
2359 2693 2408 2736 et
2439 2701 2648 2737 murum
2678 2688 2808 2752 ejus.
2847 2687 2915 2741 Et
2957 2691 3141 2743 civitas
3192 2695 3243 2743 in
3287 2698 3488 2762 quadra

1911 2771 2084 2836 posita
2118 2781 2193 2824 est
2223 2788 2240 2825 :
2272 2782 2321 2824 et
2349 2775 2621 2842 longitudo
2647 2778 2759 2843 eius
2790 2787 2940 2831 tanta
2969 2791 3067 2840 est,
3097 2794 3296 2849 quanta
3323 2796 3371 2837 et
3403 2785 3487 2836 lu-

1913 2863 2100 2916 titudo.
2151 2862 2218 2916 Et
2248 2881 2452 2918 mensus
2481 2877 2558 2920 est
2592 2871 2851 2923 ciuitatem
2883 2873 3142 2926 arundine
3168 2891 3259 2942 per
3287 2879 3488 2929 duodr-

1912 2957 2014 3008 ci’m
2047 2955 2215 3010 millia
2241 2957 2530 3014 stadiorum
2565 2976 2586 3016 :
2609 2962 2965 3034 et-{ottgitudo
2987 2976 3039 3020 et
3055 2965 3295 3022 latitudo
3325 2978 3374 3022 et
3405 2971 3491 3021 al-

1914 3047 2083 3102 titudo
2108 3050 2221 3118 ejus
2260 3052 2486 3120 a'quales
2517 3065 2661 3108 sunt.
2706 3056 2772 3109 Et
2800 3074 3006 3112 mensus
3033 3069 3109 3112 est
3140 3077 3348 3112 murum
3375 3062 3487 3129 ejus

1912 3152 2117 3194 centum
2146 3142 2734 3214 quadragintaquatuor
2765 3150 3085 3214 cubitorum,
3114 3169 3360 3207 mensura
3393 3153 3487 3206 lto-

1914 3234 2068 3287 minis
2115 3250 2231 3302 qua:
2263 3245 2338 3287 est
2387 3238 2579 3307 angeli.
2614 3238 2683 3292 Et
2708 3239 2821 3295 erat
2854 3253 3124 3297 structura
3157 3248 3293 3298 muri
3323 3249 3484 3314 ipsius

1901 3343 2094 3396 jaspts.

1979 3419 2204 3473 Arundo
2235 3437 2344 3491 qua
2381 3422 2654 3476 civitatem
2694 3422 3108 3491 dimetiebatur,
3154 3429 3482 3495 geometrica

1909 3519 2025 3562 erat
2061 3526 2076 3564 :
2108 3527 2273 3567 aurea
2323 3531 2470 3577 vero,
2506 3524 2726 3584 propter
2773 3515 3035 3570 honorem
3086 3528 3139 3571 et
3180 3520 3356 3586 angeli
3390 3523 3482 3589 qui

1911 3603 2236 3657 metiebatur
2260 3645 2274 3668 ,
2309 3614 2363 3659 et
2397 3606 2638 3660 civitatis
2681 3620 2803 3674 qua:
2842 3609 3283 3663 mensurabatur.
3313 3611 3483 3664 Porro

1908 3693 2150 3748 hominis
2190 3696 2368 3765 specie
2422 3698 2536 3751 lure
2579 3697 2694 3751 visa
2752 3709 2918 3762 sunt,
2974 3699 3100 3768 quia
3149 3716 3322 3771 neque
3375 3703 3484 3756 alio

1909 3785 2071 3836 modo
2106 3785 2217 3838 ltzrc
2251 3787 2421 3840 videri
2460 3794 2709 3855 poterant
2741 3787 2792 3840 in
2835 3797 3026 3841 natura
3068 3804 3165 3842 sua
3187 3831 3201 3852 ,
3242 3806 3367 3844 cum
3402 3792 3483 3845 di-

1906 3876 2027 3928 vina
2060 3877 2192 3930 sint.
2237 3879 2444 3932 Civitas
2474 3893 2604 3931 vero
2647 3880 2967 3948 mysterium
3016 3887 3098 3934 est
3141 3881 3207 3935 de
3237 3881 3478 3945 Christo,

1907 3968 1971 4020 ad
2011 3969 2156 4036 quod
2214 3969 2562 4024 introducere
2615 3971 2785 4039 portis
2835 3970 3023 4025 datum
3073 3981 3175 4033 est.
3223 3974 3350 4042 quia
3387 3990 3482 4043 per

1905 4062 2352 4130 praedicationem
2385 4064 2675 4119 manifesta
2707 4064 2767 4118 ﬁt
2791 4064 2925 4119 ﬁdes
2957 4065 3008 4119 in
3038 4065 3337 4123 Christum.

1977 4153 2044 4205 Et
2075 4156 2257 4207 civitas
2291 4157 2344 4207 in
2371 4156 2574 4223 quadra
2620 4157 2794 4224 posita
2829 4165 2926 4210 est.
2969 4155 3108 4211 Muri
3148 4173 3212 4212 ac
3245 4159 3478 4214 civitatis

1909 4244 2078 4312 ﬁgura
2134 4247 2592 4315 quadrangularis
2628 4259 2772 4313 erat,
2805 4257 2860 4301 et
2909 4248 3160 4302 similiter
3197 4259 3474 4318 portarum

1906 4337 2216 4390 duodecim.
2253 4335 2389 4391 Cum
2423 4338 2568 4391 enim
2609 4337 2802 4392 civitas
2829 4339 3280 4407 quadrangulsris
3311 4352 3476 4404 esset.

1906 4441 2000 4494 per
2035 4429 2264 4494 ﬁguram
2302 4430 2481 4481 crucis
2513 4443 2578 4481 ex
2625 4429 2893 4482 diametro
2921 4428 3280 4483 dividebatur.
3326 4430 3478 4485 Unde

226 4508 290 4568 οὖ
322 4516 418 4566 καὶ
455 4516 513 4566 al
546 4515 811 4583 τέσσαρες
858 4511 1091 4581 πλευραὶ
1127 4510 1229 4561 ἀνὰ
1264 4509 1410 4576 τρισὶ
1454 4507 1664 4559 πυλῶσι
1703 4508 1798 4578 τὴν

1844 4540 1874 4593 [δ
1905 4530 1957 4571 et
1983 4530 2220 4587 quatuor
2251 4521 2412 4572 latera
2451 4521 2620 4572 ternis
2648 4519 2820 4587 portis
2847 4529 2993 4573 recte
3020 4521 3280 4587 partitum
3312 4521 3476 4574 liabe-

225 4607 431 4660 εἴσοδον
459 4606 802 4676 ηὑμοίρησαν
833 4606 999 4674 σχεῖν,
1020 4603 1094 4666 ὡς
1124 4603 1366 4671 ἐυθημεν
1393 4602 1790 4670 παραθέμενοι.

310 4698 442 4752 Ἐπὶ
495 4697 782 4760 σταδίους
832 4695 1059 4748 δώδεκα
1111 4693 1414 4762 χιλιάδων.
1487 4693 1790 4762 Ἱσαριομοι

225 4795 341 4853 τοῖς
365 4792 653 4860 μακαρίοις
681 4787 999 4848 ἀποστόλοις
1030 4789 1078 4840 οι
1104 4786 1327 4840 στάδιοι.
1375 4785 1529 4836 Ἐπεὶ
1567 4787 1662 4836 καὶ
1699 4785 1795 4836 τοῦ

227 4882 584 4951 κηρύγματος
629 4878 811 4934 αὐτῶν
867 4876 1079 4948 καρπὸς
1131 4879 1163 4947 ή
1215 4878 1392 4928 ἐκεῖσε
1458 4874 1795 4943 ἀποκειμένη

227 4974 404 5043 λῆξις.
442 4972 728 5042 ίσόμετρος
753 4965 886 5024 οὖσα
911 4970 1054 5022 κατὰ
1094 4970 1273 5031 πάσας
1301 4970 1400 5031 τὰς
1450 4967 1785 5033 διαστάσεις,

227 5064 441 5119 καὶτοῦ
474 5066 614 5118 κατὰ
641 5064 774 5117 Θεὸν
815 5062 931 5132 βίου
977 5064 1034 5114 al
1065 5063 1257 5131 ἀρεταὶ
1287 5063 1347 5113 ὲν
1384 5061 1695 5131 συμμετρία
1733 5061 1794 5112 τδ

225 5155 366 5210 εἶναι
394 5157 574 5225 ἔχουσι
607 5155 746 5209 κατὰ
775 5155 986 5208 Παῦλον
1019 5153 1110 5204 τὸν
1135 5153 1296 5213 θεῖον,
1329 5152 1387 5214 ὃς
1421 5148 1530 5204 οἶδε
1562 5153 1653 5203 καὶ
1697 5168 1794 5204 τας

224 5250 557 5312 πεινοῦσθαι,
588 5250 683 5302 καὶ
739 5246 1103 5317 περισσεύειν,
1131 5245 1226 5297 καὶ
1282 5243 1668 5313 χορτάζεσθαι,
1700 5245 1794 5296 καὶ

224 5346 436 5413 πεινᾷν.
470 5344 579 5397 Καὶ
607 5337 758 5405 οὗτο,
776 5345 804 5395 ό
833 5341 1064 5411 ἀριθμὸς
1106 5339 1214 5392 τῶν
1247 5340 1535 5409 μακαρίων
1563 5339 1794 5391 ἀποστό-

221 5435 329 5486 λων
357 5434 592 5503 ἔμφασιν
623 5431 755 5502 ἔχει.
803 5431 862 5483 Ὀ
912 5431 1119 5484 δώδεκα
1169 5430 1279 5496 γὰρ
1329 5429 1414 5495 ἐφ’
1443 5428 1634 5479 ἑαυτὸν
1686 5443 1786 5478 πο-

220 5523 641 5585 λυπλασιασθεὶς
683 5563 697 5587 ,
759 5523 852 5575 τὸν
937 5518 1791 5588 ἑκατοντεσσαρακοντατέσσαρα

222 5620 384 5670 ποιεί.
438 5617 512 5669 Τὸ
562 5617 619 5670 δὲ
660 5615 855 5685 μέτρον
907 5614 1015 5666 τῶν
1063 5616 1794 5700 ἐκατοντεσσαρακοντατεσ-

220 5714 411 5779 σαρων
472 5709 664 5776 πηχῶν
703 5708 898 5778 μέτρον
957 5705 1244 5774 ἀνθρώπου
1286 5702 1477 5761 εἰπὼν.
1518 5702 1791 5769 ἐπιφέρει,

221 5804 302 5854 ὃτι
357 5800 420 5854 τὸ
479 5800 676 5870 μέτρον
730 5797 888 5851 τοῦτο
919 5798 1154 5864 ἀγγέλου
1189 5798 1324 5858 ﬁeri,
1354 5797 1401 5847 εἰ
1430 5796 1524 5848 καὶ
1554 5795 1690 5846 κατὰ
1737 5794 1795 5846 τὸ

1903 4612 2031 4664 bant
2066 4613 2391 4676 ingressum,
2428 4611 2889 4680 quemadmodum
2919 4611 3297 4678 praediximus,

1973 4702 2075 4754 Per
2103 4704 2379 4755 duodecim
2415 4703 2586 4755 millia
2617 4704 2935 4755 stadiorum.
2987 4700 3206 4770 Equali
3250 4718 3476 4754 numero

1900 4809 2022 4846 cum
2056 4797 2258 4847 sanctis
2282 4794 2544 4862 apostolis
2573 4803 2698 4846 sunt
2729 4793 2892 4846 millia
2917 4794 3218 4847 studiorum
3253 4811 3267 4846 :
3295 4809 3473 4861 quan-

1900 4887 2191 4956 doquidem
2224 4888 2627 4955 praedicationis
2653 4902 2840 4939 eorum
2871 4887 3036 4955 826
3066 4885 3278 4938 {ructus
3307 4896 3387 4938 est
3420 4885 3471 4936 in

1899 4977 2144 5032 futurum
2186 4978 2420 5046 reposita
2453 4977 2628 5045 quies,
2666 4993 2790 5030 cum
2831 4977 3058 5044 aqualis
3105 4977 3175 5028 sit
3205 4991 3473 5029 menslirrc

1893 5067 2048 5136 juxta
2098 5069 2343 5134 singulas
2380 5066 2749 5119 dimensiones
2787 5083 2801 5118 :
2838 5073 2893 5117 et
2936 5065 3168 5117 virtutes
3201 5065 3323 5117 vitae
3350 5081 3470 5130 Ilum

1898 5154 2198 5208 secundum
2250 5153 2415 5206 Deum
2460 5162 2574 5215 est,
2615 5153 2667 5206 id
2709 5153 2909 5205 habent
2947 5162 3001 5205 ut
3049 5153 3470 5220 proportiouatze

1898 5246 2028 5309 sint,
2053 5244 2204 5312 juxta
2244 5244 2429 5296 divum
2457 5243 2685 5296 Paulum
2719 5248 2811 5312 qui
2855 5244 3001 5295 novit
3026 5251 3080 5296 et
3115 5243 3392 5295 humiliaii
3420 5254 3473 5294 et

1899 5353 2180 5406 superare,
2225 5347 2277 5388 et
2321 5337 2555 5388 saturari
2597 5344 2653 5390 et
2697 5336 2924 5387 esurire.
2978 5331 3041 5386 Et
3087 5333 3174 5385 hic
3210 5349 3469 5386 numerus

1897 5429 2180 5482 duodecim
2212 5427 2582 5496 apostolorum
2616 5425 2920 5494 emphasim
2960 5425 3144 5478 habet.
3182 5423 3468 5477 Duodeia-

1900 5520 2015 5573 rius
2041 5521 2184 5572 enim
2210 5533 2472 5571 numerus
2495 5517 2547 5570 in
2569 5518 2804 5585 seipsum
2830 5516 3217 5584 multiplicatus
3247 5525 3465 5567 centum

1900 5611 2492 5680 quadragintaqoatuor
2516 5610 2696 5663 elﬁcit.
2719 5607 2816 5661 Ubi
2843 5623 2973 5661 vero
2995 5608 3132 5660 dixit
3155 5621 3463 5660 u'iensuram

1899 5713 2116 5757 centum
2149 5703 2746 5770 quadragintaquatuor
2767 5700 3077 5752 cubitorum
3101 5713 3221 5751 esse
3244 5713 3433 5750 mensu
3449 5728 3464 5739 ι

1899 5813 2012 5851 ram
2050 5796 2306 5862 hominis,
2341 5795 2621 5865 subjungit
2650 5794 2792 5862 quod
2828 5805 3078 5848 mensura
3115 5791 3227 5844 lnec
3256 5801 3336 5842 est
3361 5803 3462 5842 an-
