4252 6436
247 415 352 473 777

1316 407 1460 467 C0.“
1473 403 1699 465 MENT.
1747 403 1820 462 [Ν
1864 403 2385 464 APOCALYPSIS.

3381 409 3483 477 778

253 523 375 574 καθ’
408 523 473 592 ἢν
500 523 566 573 τὰ
599 522 692 573 τοῦ
720 522 894 589 φωτὸς
929 521 1068 593 ἔργα
1093 523 1454 591 πεπράξεται,
1487 521 1603 582 πῶς
1624 515 1734 572 οἶόν
1763 536 1820 572 τε
1851 528 1892 582 Α
1925 534 1932 588 ]

1803 536 1820 572 ε
1851 528 1892 582 Α
1925 530 2219 589 perpetuus
2245 520 2317 574 sit
2346 519 2461 573 dies
2503 519 2556 573 in
2591 534 2703 588 quo
2738 518 2876 573 lucis
2919 533 3084 588 opera
3121 533 3482 590 peraguntur.

255 616 353 684 τὴν
387 613 707 684 νυκτερινὴν
751 614 1029 684 ἀπραξίαν
1082 614 1436 682 παρείσδυσιν
1489 614 1604 664 ἐκεῖ
1651 614 1818 681 σχεῖν,

253 706 448 768 νυκτὸς
474 707 535 757 τὸ
562 707 826 776 παράπαν
864 706 964 758 οὐκ
992 704 1159 773 οὔσης
1183 723 1198 770 ;
1237 705 1429 756 Δισσὺν
1463 704 1518 756 δὲ
1538 705 1598 756 τὸ
1625 705 1818 772 ὄνομα.

255 800 325 848 Ἰι
355 799 462 866 γὰρ
492 797 650 849 τοῦτο
685 796 936 867 βούλεται
982 795 1176 865 δηλοῦν
1203 797 1286 849 ὅτι
1312 797 1504 865 είρήνη
1539 795 1688 848 ἔσται
1733 795 1823 846 καὶ

253 888 546 954 ἀσφάλεια,
593 888 667 950 ὼς
716 888 850 958 μηδὲ
895 888 1103 940 δεῖσθαι
1133 886 1378 953 φυλακὴν
1426 888 1694 939 ποιεῖσθαι
1725 887 1823 953 τῆς

255 979 491 1042 πόλεως,
523 981 589 1049 τῇ
623 980 731 1031 τῶν
761 979 945 1033 πυλῶν
989 979 1324 1042 ἀποκλείσει,
1352 978 1384 1049 ἢ
1416 980 1475 1030 τὸ
1505 981 1663 1030 κάκεῖ
1695 978 1821 1040 τοὺς

253 1070 431 1133 θείους
467 1071 717 1132 πυλῶνας
748 1073 844 1138 τῆς
874 1070 1239 1138 ἀποστολικῆς
1281 1069 1626 1130 διδασκαλίας
1655 1067 1823 1137 ὴνεῷ-

254 1161 380 1228 χθαι
442 1162 577 1212 πᾶσι
628 1160 767 1230 πρὸς
817 1161 917 1229 τὴν
973 1160 1084 1210 τῶν
1150 1159 1498 1226 τελειοτὲρων
1565 1157 1816 1225 μάθησιν.

263 1251 481 1320 Ἡμέρα
510 1252 567 1304 δὲ
599 1251 754 1304 ἔσται
790 1254 904 1305 ἐκεῖ
940 1252 1032 1304 καὶ
1065 1252 1179 1315 νὺξ,
1215 1252 1297 1302 ὅτι
1342 1249 1479 1316 αὕτη
1511 1252 1616 1301 τοί.
1647 1250 1815 1318 ἀμαρ-

251 1343 446 1403 τωλοῖς
475 1343 1026 1414 ἀποκληρωθήσεται.

324 1433 434 1486 ιιάὶ
463 1435 706 1488 οἴσουσι
754 1435 870 1499 τὴν
907 1435 1214 1496 δόξανκαὶ
1264 1434 1378 1499 τὴν
1416 1434 1613 1505 τιμήν.
1663 1433 1726 1484 Ul
1757 1432 1822 1485 τά

254 1526 420 1592 γήϊνα
469 1526 975 1594 καταγωνισάμενοι
1029 1526 1200 1591 πάθη,
1266 1525 1472 1576 οἴσουσι
1529 1523 1686 1587 δόξαν
1748 1523 1824 1592 τῷ

257 1616 882 1685 συναντιλαμϐανομένῳ
897 1614 1036 1682 Θεῷ.
1062 1615 1229 1666 Οὐδὲν
1257 1613 1366 1682 γὰρ
1393 1615 1502 1666 τῶν
1534 1614 1824 1682 κατωρθω-

257 1708 436 1775 μένων
464 1707 773 1776 ἀνθρώποις
809 1707 958 1769 θείας
1000 1706 1318 1777 ἐπικουρίας
1369 1704 1525 1764 ἐκτὸς
1571 1706 1820 1772 συσταίη.

254 1797 364 1860 Οὓς
395 1799 508 1850 ἀνω
550 1797 787 1868 βασιλεῖς
820 1799 1008 1865 εἴρηκε
1056 1797 1178 1866 γῆς,
1228 1797 1448 1857 τούτους
1489 1794 1824 1862 εἰσαγωγούς

256 1908 394 1958 φησι
429 1864 742 1941 τῶννὲθνῶν
777 1888 875 1955 τῆς
901 1864 1060 1956 δόξης
1088 1864 1179 1940 ea».
1215 1889 1313 1956 τῆς
1343 1885 1529 1953 τιμῆς.
1553 1887 1617 1937 Τί
1662 1885 1719 1937 δὲ
1739 1886 1828 1937 διὰ
1859 1864 1900 1918 Β

255 1982 461 2034 τούτων
496 1981 818 2052 παριστῶν;
856 1982 924 2032 Ἦ
975 1982 1057 2033 ὅτι
1112 1981 1161 2031 οἱ
1217 1977 1726 2040 καταπαλαίσαντες
1761 1977 1829 2028 τὰ

257 2075 387 2141 περὶ
431 2074 532 2142 γῆν
570 2071 910 2141 ίλυττώμενα
945 2072 1092 2139 πάθη
1144 2072 1222 2140 τῷ
1271 2070 1394 2124 καθ’
1438 2071 1663 2131 ἑαυτοὺς
1699 2070 1830 2121 ὑπο-

254 2165 511 2232 δείγματι
548 2166 641 2216 καὶ
671 2168 783 2226 τοῖς
829 2164 1038 2226 λοιποῖς
1090 2163 1298 2215 ἔθνεσιν
1332 2161 1697 2231 εἰσαγώγιμον
1736 2178 1831 2212 περ

256 2258 525 2324 ποιήκασι
553 2254 651 2324 τὴν
701 2254 814 2308 ἄνω
875 2251 1251 2324 Ἰερουσαλὴμ,
1299 2247 1468 2321 οὗπερ
1503 2250 1829 2319 ὑπόδειγμα,

254 2347 385 2412 δόξα
414 2347 507 2399 καὶ
533 2348 687 2418 τιμὴ,
723 2347 755 2417 ἢ
793 2346 932 2416 πρὸς
969 2345 1127 2410 δόξαν
1178 2345 1273 2397 καὶ
1300 2343 1467 2413 τιμὴν
1509 2344 1620 2404 τοῖς
1657 2341 1831 2394 ἔθνεσι

259 2439 604 2492 συνετέλεσε.

834 2551 1084 2603 ΚΕΦΑΛ.
1117 2551 1240 2603 Ell'.

259 2663 395 2732 Περὶ
432 2663 538 2715 τοῦ
566 2664 826 2728 καθαροῦ
880 2663 1148 2730 ποταμοῦ
1184 2663 1288 2715 τοῦ
1320 2660 1718 2726 ὀπτανθέντος
1765 2662 1830 2714 ἐκ

669 2735 774 2785 τοῦ
807 2734 1023 2799 θρόνου
1049 2735 1427 2800 πορεύεσθαι.

332 2846 438 2898 Καὶ
471 2844 663 2908 ἔδειξέ
687 2862 789 2914 μοι
817 2845 1087 2913 ποταμὸν
1114 2845 1396 2912 καθαρὸν,
1442 2845 1659 2909 ὓδατος
1687 2844 1834 2913 ζωῆς

256 2938 539 3005 λαμπρὸν
580 2937 661 3002 ὡς
699 2939 1089 3004 κρύσταλλον
1125 2937 1602 3004 ἐκπορευόμενον
1631 2938 1698 2990 ἐκ
1728 2935 1835 2989 τοῦ

257 3031 482 3098 θρόνου
526 3030 632 3083 τοῦ
680 3030 830 3084 Θεοῦ
862 3031 960 3082 καί
994 3029 1100 3082 τοῦ
1155 3031 1378 3098 Ἀρι-ίου
1423 3032 1491 3082 ἐν
1528 3032 1696 3098 μέσῳ
1728 3029 1835 3097 τῆς

259 3122 550 3186 πλατείας
596 3121 806 3189 αὐτῆς.
845 3122 949 3175 Kal
1004 3121 1111 3174 τοῦ
1140 3122 1408 3187 ποταμοῦ
1433 3122 1713 3175 ἐντεῦθεν
1737 3121 1836 3174 καί

1923 611 2196 679 quomodo
2212 611 2469 680 possibile
2487 621 2630 664 esset
2650 611 2779 664 illud
2811 620 3136 664 nocturnum
3157 613 3326 664 Olilllll
3353 614 3488 667 irre-

1926 717 2075 770 pere.
2091 703 2183 756 ubi
2209 718 2316 757 nox
2333 702 2557 755 omnino
2580 717 2687 757 non
2707 704 2848 756 erit?
2870 703 3080 772 Duplex
3105 713 3190 758 est
3211 715 3391 758 autem
3413 706 3488 757 in-

1929 795 2193 849 tellectus.
2217 796 2328 849 Aut
2346 793 2491 848 enim
2515 791 2617 847 hoc
2634 794 2942 864 significare
2959 795 3074 848 v'ult
3096 796 3239 864 quod
3259 811 3362 865 pax
3385 797 3490 849 erit

1924 895 1978 940 et
1994 888 2278 945 securitas.
2311 896 2368 940 ut
2391 901 2568 953 neque
2595 886 2801 940 civitati
2826 902 2965 957 opus
2985 889 3056 942 sit
3082 902 3286 956 ponere
3304 897 3490 942 custo-

1925 980 2070 1033 diam
2094 980 2399 1034 claudendo
2423 989 2605 1048 portas
2633 995 2646 1029 :
2673 991 2766 1032 aut
2791 982 2934 1048 quod
2954 981 3027 1035 ibi
3056 995 3276 1051 quoque
3295 979 3492 1034 divina:

1925 1079 2094 1138 portae
2138 1070 2400 1124 doctrina:
2457 1070 2769 1138 apostolica
2813 1070 3066 1124 omnibus
3123 1079 3324 1138 apertae
3358 1067 3492 1127 sint.

1926 1161 1992 1212 ad
2059 1160 2473 1214 instructionem
2537 1176 2725 1215 eorum
2782 1176 2904 1229 qua?
2969 1161 3292 1230 perfectiora
3341 1172 3487 1214 sunt.

1925 1252 2048 1308 Dies
2077 1262 2256 1306 autem
2297 1255 2398 1306 erit
2436 1253 2531 1316 ibi,
2564 1263 2618 1306 et
2649 1268 2756 1305 non
2790 1267 2918 1314 nox,
2950 1252 3078 1320 quia
3112 1253 3225 1305 haec
3271 1253 3336 1306 ad
3369 1267 3492 1321 pec-

1924 1355 2046 1399 cato
2056 1358 2140 1395 res
2169 1343 2513 1410 relegabitur.

1998 1434 2062 1485 Et
2094 1434 2313 1500 a/ferent
2345 1433 2568 1502 gloriam
2598 1443 2646 1485 et
2688 1433 2956 1485 honorem.
2984 1429 3086 1496 Qui
3131 1441 3374 1483 terrenos
3403 1429 3496 1482 tle-

1927 1527 2173 1579 vicerunt
2225 1527 2470 1587 allectus,
2517 1525 2693 1578 ferent
2741 1524 2968 1591 gloriam
3022 1522 3333 1576 auxiliatori
3368 1520 3494 1575 Deo.

1927 1616 2147 1670 Nullum
2189 1620 2335 1670 enim
2373 1617 2649 1685 egregium
2698 1613 2911 1668 facinus
2940 1614 3256 1668 hominibus
3285 1613 3498 1666 contin-

1926 1719 2077 1779 geret
2107 1709 2312 1777 absque
2341 1709 2527 1761 divino
2575 1709 2799 1760 auxilio.
2857 1706 3026 1758 Porro
3059 1721 3196 1773 quos
3244 1705 3498 1772 superius

1927 1800 2065 1853 dixit
2094 1815 2246 1868 reges
2279 1809 2454 1862 terrae,
2489 1814 2635 1852 nune
2672 1797 2807 1851 dicit
2843 1797 3165 1850 inducentes
3200 1795 3427 1864 gloriam
3448 1805 3502 1846 et

1932 1893 2192 1945 honorem
2225 1889 2646 1959 gentium.Quid
2684 1899 2863 1942 autem
2909 1904 3004 1957 per
3041 1889 3155 1942 haec
3202 1888 3503 1956 signiﬁcat?

1932 1985 2040 2037 Aut
2069 1983 2211 2052 quod
2246 1982 2298 2035 hi
2327 1982 2418 2050 qui
2448 1981 2674 2034 allectus
2708 1980 2773 2033 ad
2808 1989 3024 2033 terrena
3066 1979 3368 2034 allicientes
3405 1991 3503 2030 suo

1934 2085 2213 2144 peraruut,
2235 2089 2336 2129 suo
2359 2073 2606 2140 exemplo
2636 2071 2847 2127 caeteris
2882 2087 3098 2140 quoque
3131 2070 3382 2138 gentibus
3418 2071 3503 2122 itt-

1934 2168 2330 2219 troductiouem
2359 2166 2422 2218 ad
2447 2179 2740 2233 supernam
2776 2162 3077 2218 Jerusalem
3106 2164 3501 2232 praestiterunt,

1935 2257 2090 2323 cujus
2120 2256 2426 2325 exeu'tplum
2465 2267 2593 2311 sunt
2619 2255 2787 2325 gloria
2818 2265 2871 2310 et
2905 2256 3102 2320 honor,
3150 2265 3244 2309 aut
3294 2255 3359 2308 ad
3391 2254 3506 2323 glo-

1935 2348 2070 2401 riam
2102 2356 2156 2402 et
2195 2348 2454 2402 honorem
2490 2348 2746 2416 gentibus
2773 2329 3100 2418 profuerunt

2370 2528 2546 2623 ‘331
2567 2552 2794 2609 CAPUT
2817 2552 2899 2607 Lx
2915 2553 3046 2608 vut.

2010 2666 2081 2718 De
2111 2667 2269 2734 ﬂuvio
2300 2685 2432 2737 puro
2452 2671 2540 2737 qui
2563 2671 2701 2723 visus
2733 2681 2809 2724 est
2837 2686 2900 2723 ex
2935 2674 3118 2724 throno
3141 2675 3436 2739 procedere.

2011 2835 2172 2912 XXII,
2222 2847 2331 2900 1-5.
2368 2846 2432 2899 Ει
2461 2849 2688 2901 ostendit
2721 2850 2849 2902 mihi
2879 2850 3094 2918 ﬂuvium
3135 2865 3326 2918 purum
3361 2867 3510 2919 aqua

1938 2938 2084 2992 vium.
2121 2937 2456 3000 splendidum
2488 2948 2735 3008 tanquam
2766 2939 3100 3009 crystallum,
3149 2940 3511 3009 procedentem

1937 3029 2000 3079 de
2035 3027 2220 3080 (lu-ano
2250 3028 2343 3080 Dei
2365 3039 2414 3080 et
2444 3029 2578 3098 Agni
2624 3031 2678 3081 in
2721 3030 2891 3082 medio
2937 3030 3126 3098 plateae
3151 3031 3287 3098 ejus.
3339 3029 3403 3082 Et
3447 3045 3514 3083 ex

1941 3125 2165 3183 utraque
2187 3127 2337 3184 parte
2369 3117 2522 3184 ﬂuvii
2553 3117 2753 3186 lignum
2801 3119 3027 3186 aﬂ'erens
3057 3119 3265 3188 fructus
3310 3121 3512 3175 duode-

257 3213 332 3265 ἐκ
366 3211 491 3265 ῖΙΙεν
515 3215 706 3276 ξύλον
729 3212 878 3280 ζωῆς
905 3214 1120 3266 ποιοῦν
1147 3214 1411 3278 καρποὺς
1431 3213 1659 3265 δώδεκα
1681 3213 1831 3267 κατὰ
1863 3216 1907 3274 C

1863 3216 1907 3274 (ζ
1941 3211 2064 3274 cim,
2092 3227 2186 3279 per
2220 3229 2421 3265 menses
2443 3213 2679 3281 singulos
2712 3214 2929 3267 reddens
2957 3215 3190 3282 fructum
3229 3232 3386 3268 suum
3411 3232 3429 3269 :
3463 3226 3513 3269 et

255 3305 428 3374 μῆνα
458 3304 566 3355 ἕνα
601 3303 866 3356 ἕκαστον
888 3301 1215 3366 ἀποδιδοὺς
1236 3301 1341 3353 τὸν
1373 3299 1605 3368 καρπὸν
1629 3299 1835 3362 αὐτοῦ,

262 3399 362 3449 καὶ
419 3399 488 3448 τὰ
535 3397 740 3463 φύλλα
791 3394 898 3447 τοῦ
963 3395 1155 3456 ξύλου
1203 3396 1291 3456 εὶς
1349 3393 1666 3458 θεραπείαν
1723 3392 1842 3444 τῶν

261 3486 474 3539 ἐθνῶν.
519 3486 625 3540 Kal
676 3484 800 3539 πᾶν
843 3485 1143 3553 κατάθεμα
1183 3486 1294 3536 οὐκ
1343 3484 1515 3536 ἔσται
1558 3482 1699 3536 ἐκεῖ.
1735 3481 1844 3536 Kal

263 3582 296 3630 ό
320 3579 533 3644 θρόνος
551 3576 657 3628 τοῦ
679 3577 828 3629 Θεοῦ
853 3575 950 3628 καί
973 3575 1079 3628 τοῦ
1118 3575 1354 3641 Ἀρνίσυ
1381 3574 1451 3626 ἐν
1473 3572 1625 3640 αὐτῇ
1651 3574 1840 3626 ἔσται.

264 3671 371 3723 Καὶ
413 3670 465 3720 οὶ
518 3668 726 3720 δοῦλοι
783 3666 971 3719 αὐτοῦ
1013 3665 1462 3731 λατρεύσουσιν
1509 3662 1691 3726 αὐτῷ.
1737 3662 1836 3716 καί

263 3760 520 3825 ὄψονται
549 3759 611 3811 τὸ
647 3754 1196 3824 πρόσωποναίντοῦ,
1229 3754 1328 3805 καὶ
1352 3753 1416 3804 τὸ
1440 3753 1627 3819 ὄνομα
1647 3752 1834 3804 αὐτοῦ

263 3850 366 3902 ἐπὶ
409 3848 527 3901 τῶν
558 3847 845 3916 μετώπων
899 3845 1116 3900 αὐτῶν.
1174 3846 1282 3898 Kal
1328 3845 1442 3908 νὺξ
1499 3846 1608 3896 οὐκ
1660 3843 1829 3896 ἔσται

1939 3303 2072 3371 folia
2110 3305 2237 3374 ligni
2273 3307 2342 3358 ad
2373 3306 2626 3359 medelam
2673 3307 2929 3374 gentium.
2993 3307 3061 3360 Et
3093 3324 3244 3361 omne
3289 3307 3516 3361 maledi-

1940 3405 2081 3448 ctum
2108 3412 2211 3448 non
2251 3398 2349 3449 erit
2377 3397 2626 3465 amplius,
2660 3399 2751 3451 sed
2800 3399 3019 3452 thronus
3057 3398 3152 3452 Dei
3183 3407 3233 3452 et
3279 3401 3413 3468 Agni
3458 3402 3508 3452 in

1941 3486 2037 3539 illa
2069 3488 2210 3539 erit:
2241 3498 2288 3539 et
2318 3489 2452 3540 servi
2491 3488 2604 3554 ejus
2631 3489 2853 3541 servient
2906 3489 3009 3549 illi.
3054 3499 3102 3543 et
3151 3490 3396 3543 uidebunt
3430 3489 3514 3557 [a-

1943 3580 2074 3632 ciem
2123 3580 2236 3648 ejus
2269 3596 2284 3631 :
2312 3591 2361 3633 et
2400 3597 2586 3634 nomen
2614 3582 2728 3648 ejus
2767 3582 2819 3634 in
2859 3579 3121 3650 frontibus
3154 3583 3407 3648 ipsorum.
3445 3581 3514 3636 Et

1947 3682 2050 3719 nox
2079 3684 2180 3720 non
2204 3671 2303 3721 erit
2334 3670 2409 3721 ibi
2435 3686 2454 3722 .'
2476 3679 2525 3721 et
2556 3687 2657 3722 non
2686 3679 2834 3737 egent
2872 3671 3086 3723 lucerna
3117 3687 3208 3723 nec
3223 3672 3337 3724 lure
3363 3672 3513 3735 solis,

1941 3760 2195 3827 quoniam
2231 3759 2492 3813 Dominus
2526 3761 2663 3814 Deus
2703 3762 2974 3815 illuminat
3025 3761 3167 3816 illos.
3214 3761 3282 3815 Et
3330 3779 3518 3832 regna-

1938 3848 2063 3903 buut
2101 3852 2154 3903 in
2182 3852 2378 3905 swcula
2410 3853 2747 3906 sa'culorum.

263 3939 530 4003 ἐκεῖ,καὶ
581 3941 792 4009 χρείαν
824 3940 932 3991 οὐκ
972 3939 1186 4004 ἔχουσι
1233 3937 1467 4005 λύχνου
1499 3935 1594 3989 καί
1647 3936 1840 4004 φωτὸς
1914 3940 2114 4006 ἡλίου,
2157 3943 2246 3997 ὅτι
2287 3947 2504 4012 Κύριος
2561 3949 2593 3998 o'
2633 3946 2777 4012 Θεὸς
2828 3945 3053 4015 φωτίζει
3118 3948 3363 4010 αὐτούς.
3410 3947 3518 4000 Kal

259 4037 754 4102 ¹βασιλεύσουσιν
777 4038 863 4100 εις
893 4034 1032 4100 τοὺς
1054 4035 1273 4100 αἰῶνας
1303 4032 1421 4086 τῶν
1444 4035 1691 4086 αἰώνων.

341 4131 536 4201 Διττὴν
577 4131 736 4199 ἴσμεν
782 4131 876 4183 τοῦ
907 4129 1156 4196 ποταμοῦ
1191 4129 1290 4199 τὴν
1327 4129 1617 4196 ὠφέλειαν,
1653 4129 1837 4198 δίψους

267 4225 592 4294 ἀνάκτησιν,
661 4227 754 4279 καὶ
803 4223 978 4296 ῥύπου
1031 4225 1332 4293 κάθαρσιν,
1382 4219 1458 4278 ὧν
1516 4226 1842 4296 ἀμφοτέρων

253 4318 487 4387 ’πλήρης
520 4319 552 4387 ὴ
589 4319 728 4370 κατά
786 4317 848 4370 τὸ
901 4318 1259 4385 εὖαγγελικὸν
1307 4320 1544 4387 Χριστοῦ
1584 4321 1843 4390 κήρυγμα

271 4411 409 4479 ζωή.
441 4409 604 4478 Δίψος
649 4427 707 4462 τε
734 4409 842 4478 γὰρ
869 4410 1207 4478 ἀνεκτήσατο
1237 4411 1346 4463 τῶν
1377 4411 1482 4481 πρὸ
1502 4412 1603 4480 τῆς
1639 4429 1845 4481 παρου-

2018 4127 2295 4197 Duplieem
2351 4129 2606 4184 novimus
2653 4130 2896 4186 llttminis
2956 4132 3269 4195 utilitatem.
3331 4148 3523 4203 nempe

1942 4218 2061 4273 sitis
2081 4218 2528 4274 refoeillalionem
2552 4231 2602 4274 et
2629 4222 2870 4275 sordium
2892 4223 3286 4291 purgationem.
3311 4221 3526 4278 Utrius~

1942 4325 2049 4379 que
2115 4313 2274 4382 plena
2314 4313 2534 4382 acleptio
2559 4322 2644 4366 est
2676 4314 2727 4366 in
2758 4314 2864 4366 vita
2895 4330 3017 4382 qua:
3057 4323 3139 4368 est
3165 4314 3320 4383 juxta
3349 4317 3525 4370 Evan-

1945 4404 2067 4473 gelii
2096 4404 2299 4457 Christi
2341 4405 2812 4472 praedicationem.
2851 4405 2983 4458 Nam
3032 4417 3085 4460 et
3119 4407 3269 4461 sitim
3303 4408 3525 4462 refocil-

273 4504 396 4565 σίας
422 4500 661 4572 Χριστοῦ
712 4502 1033 4571 προφητῶν,
1071 4519 1089 4552 ι
1139 4503 1393 4571 Ἐδίψησέ
1426 4520 1504 4567 σε,
1556 4523 1574 4555 ι
1609 4505 1843 4572 φασκόν-
1879 4493 1952 4589 Di

1879 4536 1920 4589 ὓ
1946 4493 2076 4546 lavit
2101 4494 2483 4562 prophetarum
2503 4496 2592 4562 qui
2623 4495 2977 4550 fuerantaute
2992 4495 3192 4552 Christi
3231 4498 3522 4553 adventum

268 4612 401 4656 των,
441 4613 459 4646 ι
500 4593 709 4664 ἡψυχὴ
756 4592 938 4662 ἡμῶν,
993 4613 1010 4644 ι
1067 4597 1163 4646 καὶ
1211 4593 1549 4664 βαπτίσματι
1602 4596 1846 4667 θεουργῴ

269 4689 401 4749 τοὺς
463 4689 789 4758 λουομένους
841 4689 1136 4758 ἁγνίζουσα
1190 4690 1446 4761 ὲκάοαρε.
1506 4694 1614 4745 Καὶ
1660 4693 1742 4744 ὅτι
1790 4693 1850 4745 τὸ

277 4779 565 4848 βάπτισμα
619 4781 823 4843 σκοπὸς
877 4782 1284 4853 παρεμφαίνειν
1336 4783 1426 4833 τὸν
1479 4785 1724 4848 ποταμὸν
1774 4785 1851 4854 τῷ

277 4867 666 4937 εὐαγγελιστῇ,
701 4868 936 4921 ἐνταῦθα
963 4871 1224 4940 ἐχέγγυον
1256 4871 1630 4924 πιστώσασθαι
1665 4874 1725 4925 τὸ
1746 4877 1854 4928 ἀπὸ

273 4958 369 5012 τοῦ
405 4958 598 5029 θρόνου
634 4959 730 5013 τοῦ
773 4961 984 5031 Ἀρνίου
1017 4965 1416 5032 ὲκπορευεσθαι
1446 4965 1609 5017 αὑτὸν
1659 4967 1854 5020 ὑποθέ-

277 5051 426 5117 σθαι,
460 5053 554 5104 καὶ
593 5053 760 5122 μέσον
784 5054 881 5122 τῆς
907 5055 1170 5116 πλατείας
1198 5057 1461 5126 διαρρεῖν,
1494 5057 1586 5109 τοῦ
1620 5059 1854 5127 εὐαγγε-

275 5143 430 5195 λικοῦ
462 5143 664 5214 δηλαδὴ
699 5145 1077 5214 κηρύγματος.
1113 5148 1186 5200 Οὐ
1214 5149 1321 5218 γὰρ
1342 5149 1492 5201 ἔστιν
1524 5151 1601 5213 εἰς
1624 5152 1722 5220 τὴν
1744 5153 1855 5206 ἀνω

285 5236 650 5306 Ἰερουσαλὴμ
682 5237 968 5299 εἰσελθεῖν,
1005 5241 1147 5293 κατὰ
1178 5241 1273 5311 τὴν
1297 5242 1387 5293 τοῦ
1413 5243 1614 5312 Κυρίου
1648 5246 1852 5315 φωνὴν,

274 5327 367 5377 τὸν
402 5328 476 5396 μὴ
527 5327 733 5380 ἄνωθεν
771 5329 1204 5399 ἀναγεννηθέντα
1243 5332 1309 5385 δι’
1347 5332 1536 5396 ὓδατος
1562 5333 1656 5385 καὶ
1688 5335 1848 5387 πνεύ-

277 5434 470 5487 ματος.

351 5511 456 5563 l’t’al
487 5510 594 5563 τοῦ
623 5506 892 5581 ποταμοῦ
919 5515 1201 5569 ἐντεῦθεν
1223 5517 1317 5569 ml
1353 5517 1599 5572 ἐκεῖθεν.
1632 5517 1848 5570 Ἐντεῦ-

276 5601 368 5654 θεν
396 5600 490 5652 καὶ
521 5602 731 5654 ἐκεῖθεν
754 5604 844 5656 τοῦ
867 5605 1227 5673 εὐαγγελικοῦ
1256 5608 1631 5678 κηρύγματος,
1665 5610 1848 5662 ἐντεῦ-

351 5786 392 5821 ¹¹
427 5788 572 5843 l‘sal.
605 5805 740 5850 uti.
762 5787 817 5840 Ξ.

599 5884 869 5943 Parnm.
903 5885 995 5940 (in
1059 5882 1213 5940 (Ὰί.

1949 4597 2002 4640 et
2034 4589 2305 4650 dicebant,
2342 4607 2361 4638 ι
2401 4588 2582 4642 Sitivit
2609 4599 2660 4643 te
2682 4590 2864 4643 anima
2901 4603 3018 4641 mea
3050 4590 3114 4656 “,
3160 4609 3179 4642 ι
3217 4601 3270 4645 et
3299 4607 3394 4646 eos
3434 4596 3525 4664 qui

1951 4694 2112 4733 sacro
2168 4688 2221 4733 et
2265 4679 2466 4734 ellicaci
2521 4683 2844 4750 baptismate
2901 4680 3196 4746 lavantur,
3254 4686 3527 4753 expiantlo

1952 4772 2222 4842 purgavit.
2276 4772 2343 4826 Et
2383 4772 2527 4842 quod
2575 4774 2919 4841 evangelista!
2971 4788 3168 4842 scopus
3213 4775 3280 4829 sit
3318 4785 3378 4829 ut
3423 4777 3526 4830 llu-

1954 4865 2076 4918 vius
2115 4862 2316 4917 referat
2346 4863 2636 4933 baptisma,
2671 4864 2800 4918 hinc
2830 4865 3085 4920 idoneum
3123 4875 3206 4922 est
3236 4883 3528 4936 argumen-

1957 4969 2069 5016 tum
2121 4959 2186 5011 ad
2218 4959 2678 5023 conﬁrmandum,
2711 4962 2856 5026 quod
2906 4968 2961 5013 et
3003 4960 3178 5028 ipsum
3235 4962 3530 5029 procedere

1953 5047 2206 5117 supponit
2231 5047 2298 5100 de
2326 5049 2522 5101 throno
2555 5046 2647 5101 Dei
2679 5058 2732 5101 et
2768 5049 2926 5118 Agui,
2956 5058 3010 5104 et
3038 5049 3281 5105 dililuere
3326 5052 3378 5104 in
3414 5067 3528 5105 me-

1951 5138 2042 5192 dio
2071 5137 2277 5206 plateae,
2319 5139 2645 5206 evangelij
2679 5139 2932 5194 videlicet
2969 5143 3390 5210 prtedicationis.
3419 5145 3525 5197 Νυ-

1953 5246 2059 5299 quc
2106 5232 2254 5284 enim
2289 5239 2462 5299 potest
2520 5232 2810 5301 quisquam
2866 5234 2918 5286 in
2968 5249 3260 5303 supernam
3319 5235 3526 5303 ingredi

1951 5321 2272 5385 Jerusalem,
2307 5323 2458 5391 juxta
2490 5323 2707 5378 Domini
2748 5341 2959 5390 vocem,
3005 5326 3111 5379 nisi
3144 5328 3238 5396 qui
3297 5344 3532 5398 superne

1954 5423 2304 5482 regeneratus
2331 5415 2403 5467 sit
2435 5430 2530 5483 per
2563 5430 2761 5484 aquam
2793 5425 2846 5470 et
2881 5416 3222 5485 sanguinem.

2032 5507 2100 5561 Et
2127 5524 2191 5561 ea:
2222 5517 2442 5578 utraque
2467 5519 2620 5576 parte
2648 5510 2817 5578 ﬂuvii.
2850 5510 2924 5564 Ex
2948 5521 3176 5582 utraque
3196 5521 3346 5580 parte
3367 5527 3533 5568 evan—

1959 5604 2142 5672 gelirte
2195 5603 2595 5671 praedicationis
2650 5623 2662 5656 :
2725 5620 2787 5658 ex
2827 5604 2926 5658 hac
2969 5606 3189 5675 quidem
3231 5608 3529 5663 secundum

3143 5880 3224 5942 25
