4252 6436
775 412 882 478 781

785 568 2953 598 2W
1679 589 2953 598 _——.______.___—._—__.

1343 738 1785 862 AliliTHlli
1868 738 2660 868 ARCHIEPISCOPI
2740 741 3433 911 CIESAREENSIS

3942 433 4054 498 7‘28

3681 593 3842 604 ’ν-ο

2246 968 2556 1028 ORATIO

923 1151 1071 1240 DE
1148 1150 1302 1238 SS.
1384 1147 2152 1236 MARTYRIBUS
2224 1147 3139 1274 SAMONA,.GURIA
3213 1151 3364 1243 ET
3433 1154 3834 1250 ABIBO.

1628 1337 1840 1395 tSurius,
1866 1341 1980 1385 Acta
2009 1337 2102 1383 SS.
2137 1337 2194 1384 lii
2219 1337 2359 1396 Non,
2387 1344 2503 1386 tom.
2535 1341 2613 1398 Ιν,
2637 1341 2721 1389 ed:
2743 1342 2932 1397 Colon,
2956 1358 2996 1403 p.
3031 1343 3166 1407 355.)

835 1637 872 1690 Ι.
906 1637 1192 1700 Quomodo
1224 1647 1402 1692 vester
1432 1639 1586 1693 vobis
1611 1654 1667 1691 se
1697 1639 1913 1695 animus
1963 1641 2145 1706 habet,
2190 1658 2342 1696 sacer
2376 1647 2418 1701 Α
2449 1643 2641 1696 horum
2669 1643 2909 1695 virorum
2943 1629 3546 1709 certamina,tanquatn
3581 1641 3633 1693 in
3658 1642 3876 1698 tabellis
3909 1644 4044 1713 qni-

762 1733 932 1803 gre'.l'.’
963 1730 1052 1797 qui
1090 1731 1232 1782 diem
1292 1731 1490 1783 festum
1551 1732 1695 1783 hunc
1742 1732 2084 1800 splendidius
2126 1734 2339 1790 Christi

762 1823 1173 1875 confessorilms
1196 1823 1381 1890 agitis,
1415 1823 1634 1891 quando
1666 1835 1890 1879 externa
1956 1828 2124 1881 etiam
2170 1829 2339 1881 multa

767 1930 858 1968 vos
895 1916 969 1967 uti
1020 1915 1175 1968 video
1223 1916 1463 1978 lautitia,
1507 1932 1831 1986 summaque
1880 1934 2005 1972 cum
2070 1920 2345 1975 hilaritate

764 2019 980 2058 saeruzn
1037 2005 1181 2058 hunc
1218 2006 1396 2059 locum
1446 2021 1739 2075 occupare.
1776 2007 2050 2078 Numquid
2087 2009 2340 2075 fortasse,

765 2113 886 2165 qut-.e
943 2099 994 2149 itt
1039 2099 1190 2150 vobis
1245 2098 1530 2166 imperium
1569 2101 1780 2153 obtinet
1831 2116 2014 2161 mens,
2057 2101 2261 2155 sensim
2313 2117 2342 2155 a

765 2189 928 2241 rel-us
962 2187 1168 2240 deflexa
1204 2189 1340 2249 suis,
1386 2204 1482 2257 per
1520 2206 1715 2246 sensus
1747 2192 2065 2252 effunditur,
2091 2201 2146 2244 et
2192 2193 2245 2245 in
2271 2208 2332 2246 ea

761 2282 950 2344 etiam,
978 2296 1096 2349 quae
1121 2283 1407 2335 oculorum
1447 2284 1694 2350 subjecta
1722 2292 1850 2337 sunt
1885 2285 2161 2348 sensibus,
2184 2285 2346 2338 dissi-

765 2373 965 2437 patur?
1004 2374 1082 2425 An
1111 2389 1234 2427 vero
1265 2388 1387 2426 cum
1420 2375 1701 2442 paululum
1725 2377 1859 2440 hate,
1896 2377 2228 2431 blandientis
2257 2391 2346 2430 cu-

759 2461 976 2528 jusdam
1008 2463 1185 2514 catelli
1222 2479 1393 2520 more.
1416 2465 1601 2518 sensui
1635 2464 1845 2517 adulari
1874 2467 2203 2531 permiserit,
2231 2466 2343 2536 ipsa

766 2557 819 2607 itt
842 2569 940 2608 sua
965 2554 1206 2624 gaudens
1235 2554 1544 2615 altitudine,
1575 2556 1958 2625 pulcherrimis
1978 2557 2193 2625 sibique
2222 2573 2346 2626 pro-

765 2647 898 2713 priis
932 2647 1244 2715 spectandis
1279 2649 1440 2701 rebus
1469 2657 1720 2702 movetur
1773 2649 2137 2718 allieiturqne,
2172 2662 2227 2705 et
2258 2666 2346 2704 re-

761 2737 1013 2804 jiciendis
1056 2737 1428 2806 voluptatibus
1485 2741 1754 2808 corporis,
1814 2743 2095 2810 proprium
2144 2742 2344 2796 Christi

767 2829 1102 2896 martyribus
1133 2842 1258 2881 vere
1285 2829 1520 2880 natalem
1555 2829 1795 2883 celebrat
1821 2829 2010 2882 diem?
2047 2827 2101 2880 Si
2137 2830 2251 2883 hiec
2277 2832 2344 2881 ita

764 2935 823 2972 se
855 2919 1076 2982 habent,
1105 2929 1158 2972 et
1190 2920 1488 2974 victoribus
1517 2920 1600 2974 his
1638 2921 1899 2974 honorem
1935 2921 2096 2974 istum
2141 2920 2344 2973 haben-

2450 1735 2675 1788 busdam
2710 1750 2736 1785 a
2774 1733 2932 1786 nobis
2962 1733 3204 1799 depicta,
3247 1731 3504 1786 omnibus
3537 1735 3838 1801 spectanda
3907 1753 4040 1804 pro.

2447 1836 2738 1896 ponantur,
2771 1823 2915 1894 quod
2959 1823 3025 1877 ad
3047 1823 3154 1878 diei
3183 1823 3304 1877 festi
3333 1823 3758 1878 celebrationem
3819 1826 3906 1879 llis
3942 1843 4042 1877 a---

2445 1918 2843 1972 commodatins
2878 1931 2999 1970 esse
3029 1915 3164 1968 nihil
3195 1915 3467 1968 videatur.
3509 1913 3621 1970 Hoc
3660 1917 3828 1985 igitur
3852 1927 3908 1969 et
3944 1920 4030 1968 fa-

2447 2012 2680 2065 ciamus.
2713 2007 2954 2062 Tametsi
3001 2006 3068 2061 ad
3119 2007 3452 2077 pingendum
3508 2009 3690 2062 nobile
3723 2009 3861 2062 adeo
3933 2011 4038 2062 hoc

2448 2111 2830 2170 argumentum
2867 2102 3059 2154 idonea
3085 2101 3201 2156 sine
3231 2102 3399 2155 dubio
3426 2107 3696 2170 pigmenta
3733 2104 3893 2157 nobis
3926 2121 4035 2156 non

2447 2203 2760 2264 suppetunt,
2792 2202 2848 2246 ut
2876 2209 2938 2245 ex
2979 2193 3179 2246 invicta
3213 2203 3516 2260 martyrum
3581 2196 3893 2247 constantia
3951 2198 4033 2246 di-

2449 2285 2606 2337 vinus
2654 2283 2706 2336 in
2742 2283 2957 2336 animos
3009 2291 3231 2335 nostros
3291 2279 3502 2335 fructus
3562 2285 3893 2352 perveniat:
3925 2301 4036 2352 quo

2446 2391 2638 2430 eorum
2687 2375 2931 2428 videlicet
2979 2373 3326 2427 tet-iulatione
3377 2374 3601 2427 excitati
3643 2416 3656 2437 ,
3715 2388 4036 2444 oppugnata

2447 2482 2546 2537 pro
2572 2468 2783 2520 viribus
2805 2465 3088 2533 impotenti
3118 2465 3287 2518 animi
3318 2464 3576 2520 vitiorum
3597 2465 3910 2532 dominatu,
3951 2485 4038 2537 pe-

2447 2573 2671 2613 rennem
2724 2558 2883 2611 vobis
2913 2572 2980 2610 ex
3032 2555 3272 2609 maxime
3325 2557 3509 2611 divina
3568 2558 3672 2612 ista
3727 2562 4037 2614 certatione

2447 2649 2674 2716 gloriam
2708 2649 2956 2717 pariatis.
2996 2646 3101 2701 Sed
3131 2647 3360 2714 agedum
3383 2663 3727 2715 apponamus
3769 2651 3883 2718 jam
3933 2667 4032 2702 vo-

2451 2741 2558 2804 bis,
2596 2755 2718 2807 qua:
2768 2740 3058 2800 habemus,
3111 2739 3274 2806 idque
3319 2749 3592 2806 quatenus
3621 2739 3910 2795 facultates
3936 2759 4033 2794 no-

2449 2841 2575 2886 strae
2605 2832 2906 2900 patiuntur.
2931 2828 3198 2884 Caeterum
3229 2831 3633 2900 qualiacunque
3658 2835 3767 2885 sint
3794 2848 3880 2895 ea,
3920 2835 4033 2887 eol-

2448 2923 2554 2976 lata
2579 2939 2702 2977 cum
2721 2923 2926 2984 studio,
2960 2936 3184 2988 prorsus
3202 2921 3467 2986 placitura
3503 2937 3611 2991 non
3640 2923 3856 2988 dubito,
3889 2940 4033 2992 prae-

764 3013 894 3063 dum
957 3012 1273 3077 censuistis,
1306 3024 1466 3080 atque
1517 3014 1587 3065 ita
1630 3012 1771 3065 diem
1820 3010 2014 3064 festuzn
2069 3011 2342 3065 celebrare
2375 2987 2418 3042 Β
2447 3017 2636 3070 settim
2670 3013 2763 3084 qui
2799 3014 2970 3067 sciant
3016 3029 3121 3065 non
3164 3013 3341 3067 solere
3372 3027 3402 3066 a
3455 3013 3712 3082 legitimis
3747 3025 3803 3067 et
3856 3019 4033 3084 teqttis

765 3105 1113 3167 tontenelitis,
1145 3123 1160 3153 ς
1191 3103 1401 3170 Venite,
1428 3102 2345 3172 exsultemusDomino,jubilemus

770 3196 879 3249 Deo
910 3195 1134 3248 salutari
1170 3206 1381 3258 nostro,
1413 3214 1431 3247 ι
1456 3196 1548 3264 qui
1573 3195 1782 3264 pridem
1815 3196 1977 3248 etiam
2004 3209 2193 3248 servos
2214 3209 2346 3248 suos

771 3290 917 3342 velut
946 3290 1320 3358 passerculum
1348 3291 1636 3358 quemdam
1675 3290 1740 3342 de
1795 3289 1988 3357 laqueo
2021 3287 2338 3340 venantium

765 3380 1046 3448 eripuerit,
1073 3390 1125 3433 et
1157 3397 1298 3433 nunc
1333 3381 1385 3434 in
1425 3381 1537 3449 ipsa
1572 3381 1699 3433 anni
1733 3381 2119 3443 conversione,
2150 3387 2340 3448 optato

768 3474 964 3540 gaudio
996 3474 1149 3525 nobis
1171 3473 1356 3534 allato,
1379 3474 1551 3526 sacris
1581 3488 1768 3526 eorum
1795 3471 2185 3525 certaminibus
2213 3485 2347 3538 quo-

767 3567 890 3613 ιειιιιι
959 3561 1114 3613 hilari
1179 3561 1342 3614 veluti
1395 3561 1668 3623 convivio,
1702 3559 2005 3614 studiosius
2047 3574 2148 3613 nos
2196 3559 2346 3612 exci-

769 3667 802 3720 p
825 3666 895 3703 -re
926 3651 1180 3703 voluerit.

841 3742 902 3796 Il.
967 3743 1031 3796 Et
1083 3745 1211 3813 quid
1282 3744 1385 3799 hoc
1429 3743 1552 3797 est?
1605 3741 1659 3795 Id
1719 3757 1931 3809 nempe,
1985 3743 2348 3809 quodcunque

773 3837 943 3890 animi
977 3837 1125 3891 vires
1163 3837 1469 3898 confirmat,
1502 3847 1554 3889 et
1586 3846 1762 3903 spreta
1794 3835 2138 3888 laudabiliter
2203 3835 2348 3886 mul-

770 3927 1003 3982 titudine
1030 3929 1307 3998 imperita,
1339 3929 1404 3981 ad
1450 3929 1568 3981 illas
1604 3927 1828 3980 alterius
1875 3927 1997 3980 vitae
2036 3926 2350 3980 mansiones

769 4024 1126 4091 erigiturque,
1172 4024 1273 4076 alis
1336 4022 1498 4075 veluti
1556 4020 1882 4089 quibusdam
1940 4021 2186 4073 omnium
2221 4035 2350 4089 pru-

768 4115 1096 4170 dentissime
1119 4117 1171 4168 in
1216 4117 1385 4168 altum
1421 4125 1692 4167 evectum.
1727 4113 1877 4167 Talis
1899 4123 1981 4167 est
2009 4115 2154 4166 enim
2208 4127 2352 4165 mar-

769 4219 949 4275 tyrum
1003 4207 1172 4260 festus
1214 4206 1350 4269 dies,
1387 4205 1491 4258 tale
1532 4206 1803 4256 victorum
1839 4213 2151 4256 nostrorum
2193 4202 2350 4255 thea-

768 4309 936 4358 trum,
974 4299 1099 4350 talia
1135 4305 1262 4350 sunt
1292 4311 1377 4359 ea,
1429 4309 1550 4364 quae
1601 4294 1699 4346 abs
1751 4307 1810 4346 se
1845 4293 2006 4345 allata
2063 4291 2240 4353 nobis,
2275 4289 2349 4342 illi

768 4393 1010 4444 cenvivis
1077 4391 1190 4443 suis
1247 4403 1522 4458 apponere
1570 4396 1916 4442 statuerunt:
1965 4384 2185 4453 quando
2239 4397 2346 4437 non

771 4486 872 4536 boc
925 4481 1088 4535 modo
1145 4481 1380 4550 epulari,
1438 4479 1746 4546 laetitiaeque
1779 4476 2082 4545 indulgere,
2119 4476 2212 4529 sed
2256 4474 2347 4528 uni

767 4573 942 4626 ventri
999 4573 1231 4641 turpiter
1279 4571 1579 4633 deservire,
1636 4570 1752 4638 qui,
1811 4567 2078 4638 quidquid
2135 4569 2187 4620 in
2222 4581 2347 4619 eum

769 4667 891 4734 quis
919 4665 1084 4718 studii
1115 4662 1428 4727 contulerit,
1455 4663 1506 4714 in
1546 4676 1822 4715 secessqu
1863 4659 2062 4713 emittit
2093 4677 2106 4712 :
2145 4667 2199 4711 et
2255 4673 2348 4710 ve-

768 4759 935 4812 snum
971 4756 1275 4810 mutatione
1310 4755 1446 4807 alios
1469 4753 1708 4808 vicissim
1744 4752 1879 4806 alios
1925 4765 2186 4820 superare
2220 4764 2350 4802 con-

770 4850 1008 4913 tendere,
1047 4863 1154 4901 non
1188 4848 1363 4901 solum
1421 4863 1508 4900 res
1585 4861 1845 4914 generosa
1914 4861 2019 4897 non
2055 4854 2159 4905 est,
2197 4843 2347 4908 ejus-

776 4941 1055 5008 modique,
1089 4954 1210 5008 quae
1244 4938 1489 4990 moribus
1517 4938 1928 5008 disciplinaeque
1979 4947 2182 4989 nostra:
2220 4948 2351 4987 con-

770 5031 972 5094 veniat,
1011 5029 1104 5084 sed
1135 5030 1202 5082 ab
1229 5033 1346 5097 ipso
1375 5029 1539 5082 etiam
1574 5037 1657 5082 est
1711 5027 2126 5080 convivatorum
2184 5039 2349 5077 sensu

773 5133 1057 5190 menteque
1103 5122 1461 5174 alienissima.
1521 5119 1644 5174 llzec
1702 5119 1866 5185 igitur
1911 5133 2035 5170 cum
2089 5116 2160 5168 ita
2218 5115 2347 5178 sint,

771 5232 1007 5280 t'tttttqtte
1047 5230 1144 5267 nos
1183 5229 1294 5282 quo
1334 5224 1494 5282 picto
1551 5213 1694 5265 diem
1732 5209 1932 5264 festum
1959 5215 2210 5276 oporteat
2263 5221 2349 5259 ce-

772 5312 972 5367 lehrari
1001 5323 1156 5364 antea
1182 5310 1289 5375 iam
1311 5304 1774 5363 denuntiaritnus,
1806 5315 1904 5354 nec
1934 5298 2052 5353 sine
2083 5312 2177 5366 spe
2211 5297 2347 5360 fore,

779 5413 858 5459 ut,
898 5402 1060 5469 jactis
1090 5402 1141 5450 in
1180 5409 1377 5450 terrain
1402 5397 1621 5454 bonam,
1647 5391 1955 5444 animarum
1983 5383 2228 5441 videlicet
2256 5401 2348 5440 ve-

773 5507 1005 5550 Sllal'lllll
1036 5491 1418 5558 cogitationes,
1443 5485 1709 5539 orationis
1741 5481 2069 5545 seminibus,
2089 5477 2350 5545 multipli-

775 5604 867 5640 res
896 5588 1067 5638 simus
1121 5586 1306 5652 spicas
1339 5578 1574 5634 tn€ssuri
1614 5596 1624 5630 :
1661 5575 1915 5644 agedum,
1947 5587 2069 5640 age,
2099 5571 2346 5639 inquam,

2451 3122 2633 3160 rerum
2669 3108 3096 3161 :nstimatoribns
3123 3106 3250 3159 liliis
3287 3105 3555 3173 repudiari
3613 3117 3908 3174 parentum
3944 3109 4027 3161 fa-

2449 3199 2701 3260 cultates,
2736 3199 2828 3252 sed
2867 3209 3153 3266 propterea
3197 3197 3265 3250 iis
3318 3197 3515 3250 charas
3554 3213 3693 3260 esse,
3726 3200 3872 3267 quod
3916 3201 4031 3252 sint

2449 3302 2712 3362 paterna.
2753 3289 2929 3344 Simili
2959 3289 3120 3343 modo
3143 3292 3307 3344 etiam
3337 3289 3560 3357 pauperi
3588 3304 3693 3342 non
3720 3291 3788 3344 sit
3823 3292 3921 3360 qui
3959 3293 4030 3343 vi-

2450 3383 2526 3437 tio
2555 3389 2749 3442 vertat,
2789 3380 2832 3435 si
2866 3381 2957 3449 qui
2993 3380 3336 3435 comessandi
3369 3393 3531 3432 causa
3561 3381 3626 3432 ad
3656 3379 3806 3433 illum
3841 3372 4037 3434 seei-s-

2450 3474 2644 3536 scrint,
2680 3472 2746 3527 de
2787 3486 2873 3536 ea,
2906 3471 3000 3541 qui
3061 3472 3165 3525 sibi
3227 3483 3426 3540 praesto
3469 3467 3657 3534 fuerit,
3689 3471 3848 3539 copia
3902 3473 4039 3540 ipsis

2451 3566 2737 3632 largiatur.

2521 3655 2608 3710 ΙΙΙ.
2635 3658 2775 3710 Sane
2807 3653 3024 3724 quidem
3057 3653 3273 3715 Gurias,
3311 3652 3582 3707 Samonas
3610 3663 3664 3707 et
3716 3654 3952 3716 Altibus,
3983 3667 4037 3707 et

2452 3749 2560 3800 nati
2599 3757 2726 3800 sunt
2753 3744 2996 3808 Etlcssze,
3026 3753 3079 3797 et
3104 3744 3342 3798 educati.
3407 3744 3575 3798 l'orro
3626 3744 3843 3798 Edess:e
3869 3748 4040 3813 hujus

2452 3840 2595 3910 (qua!
2620 3838 2846 3907 quidem,
2870 3837 3000 3891 urbs
3038 3847 3120 3890 est
3142 3837 3194 3888 in
3245 3835 3658 3905 Mesopotamia)
3681 3851 3880 3889 nomen
3909 3853 4034 3890 cum

2453 3933 2604 4004 pacis
2629 3930 2922 3984 admodum
2956 3940 3082 3982 ante
3115 3929 3198 3981 bis
3231 3938 3498 3997 martyres
3530 3928 3809 3996 cognitum
3857 3941 4027 3991 esset,

2453 4026 2522 4078 ab
2548 4023 2614 4078 iis
2640 4024 2713 4077 ita
2734 4022 2947 4077 celebre
2972 4021 3194 4085 factum,
3223 4020 3666 4089 illustratumque
3691 4029 3796 4084 est,
3830 4030 3886 4071 ut
3926 4035 4032 4072 una

2453 4132 2576 4170 cum
2603 4129 2790 4167 eorum
2821 4112 2965 4166 fama
3021 4127 3116 4180 per
3146 4113 3462 4165 universum
3519 4127 3578 4165 se
3626 4111 3817 4164 orbem
3859 4120 4036 4164 terra-

2452 4221 2575 4259 rum
2610 4204 2886 4258 dill‘uderit
2915 4218 2929 4256 :
2977 4215 3152 4269 neque
3194 4216 3323 4254 vero
3352 4202 3420 4254 iis
3460 4200 3602 4253 intra
3629 4200 3822 4253 urbem
3857 4200 4041 4252 domi-

2381 4324 2427 4385 ο
2458 4298 2642 4352 cilium
2692 4295 2812 4359 fuit,
2850 4294 2943 4349 sed
2993 4294 3045 4347 in
3078 4307 3207 4361 agro
3246 4303 3423 4354 extra.
3468 4292 3559 4345 ubi
3589 4291 3840 4346 videlicet
3884 4301 4038 4345 tran-

2455 4387 2764 4456 quilliorem
2808 4401 2837 4439 a
2878 4386 3001 4438 vitae
3035 4385 3198 4453 hujus
3227 4384 3464 4451 negotiis
3491 4385 3656 4438 vitam
3711 4392 3894 4436 essent
3946 4398 4036 4436 ac-

2453 4481 2582 4542 turi,
2622 4478 2811 4548 procul
2847 4492 2875 4530 a
2907 4476 3158 4531 civilibus
3213 4476 3389 4530 turbis
3416 4476 3633 4538 remoti,
3668 4489 3788 4544 qua
3822 4483 4037 4528 certum

2453 4569 2622 4625 animi
2672 4569 2724 4620 in
2760 4567 3025 4636 religione
3075 4565 3417 4635 propositum
3445 4565 3766 4635 perturbare
3833 4566 4037 4630 solent,

2452 4671 2613 4730 atque
2643 4667 2968 4729 pervertere.
3013 4672 3188 4724 neque
3211 4657 3446 4727 spatium
3474 4657 3624 4720 dare,
3657 4663 3716 4708 ut
3735 4655 4038 4722 pulchritu-

2452 4749 2633 4800 dinem
2663 4761 2820 4800 suam
2850 4744 2998 4798 velut
3024 4743 3076 4796 in
3110 4745 3336 4813 speculo
3383 4744 3559 4798 valeat
3621 4744 4034 4812 contemplari:

2453 4854 2518 4893 ac
2549 4839 2596 4893 si
2627 4837 2756 4907 quid
2782 4838 2875 4902 sit,
2901 4838 3048 4905 quod
3078 4836 3127 4891 ei
3162 4837 3381 4898 olliciat,
3410 4845 3463 4889 et
3496 4835 3796 4903 ignoretur,
3836 4834 3888 4888 id
3913 4852 4038 4904 per-

2455 4932 2638 4984 videre
2663 4929 2833 4999 possit
2860 4939 3022 4998 atque
3056 4928 3353 4998 corrigere.
3399 4927 3606 4981 Idcirco
3667 4926 3836 4997 igitur
3884 4939 4036 4996 grata

2454 5022 2539 5076 his
2570 5022 2724 5074 valde
2748 5021 2853 5074 vita
2887 5019 2989 5074 fuit
3014 5019 3251 5088 agrestis
3283 5037 3296 5072 :
3332 5020 3383 5070 in
3430 5033 3538 5086 qua
3593 5017 3756 5069 etiam
3808 5017 4035 5082 assidui,

2456 5129 2561 5168 una
2595 5129 2717 5166 cum
2767 5112 3034 5182 Propheta
3069 5110 3226 5174 illud,
3267 5109 3525 5169 solitarii,
3578 5107 3752 5160 donec
3792 5117 4036 5162 transea-

2455 5222 2598 5268 mus,
2628 5206 2872 5260 onmium
2899 5205 3234 5274 pulehrrime
3263 5208 3589 5255 renuerunt.

2526 5299 2616 5353 IV.
2639 5297 2743 5353 Sed
2770 5299 2915 5352 enim
2943 5293 3128 5350 Curia:
3168 5293 3502 5364 praecipuum
3533 5292 3584 5343 in
3625 5289 3733 5343 vita
3769 5291 4032 5353 studium,

2455 5389 2739 5444 meditatio
2759 5399 2812 5442 et
2839 5388 3172 5443 coatinentia
3203 5386 3325 5448 fuit,
3357 5379 3768 5453 quaa'diuturna
3807 5396 4035 5436 consueo

2457 5481 2644 5534 tudine
2674 5479 2975 5533 familiares
3009 5478 3084 5531 illi
3121 5493 3182 5531 ac
3206 5476 3509 5546 peculiares
3541 5472 3719 5534 factae,
3754 5471 3952 5538 fecere,
3981 5485 4033 5528 ut

2457 5583 2820 5643 cognomento
2856 5571 3156 5624 Contincns
3185 5569 3584 5638 appellaretur:
3622 5567 4032 5633 nequeeniqu

777 5680 1038 5750 prrrlaro
1068 5679 1207 5730 lat-to
1230 5677 1341 5745 jam
1396 5675 1499 5726 hoc
1559 5670 1824 5723 orationis
1855 5667 2031 5728 initio,
2068 5681 2130 5718 ea
2189 5664 2343 5718 vobis
2372 5663 2422 5721 D
2449 5681 2570 5718 cum
2601 5664 2755 5718 aliter
2782 5663 3098 5724 indicas~es,
3141 5661 3245 5715 nisi
3273 5661 3400 5714 dum
3423 5675 3548 5714 eum
3579 5656 3912 5720 nominares,
3941 5674 4035 5709 no-

777 5775 1032 5838 lll‘lllCllllS
1059 5784 1258 5838 propon
1276 5781 1444 5824 unus,
1460 5781 1577 5832 qua:
1596 5763 1700 5816 diei
1723 5762 1859 5815 festo
1877 5757 2200 5812 celebrando
2214 5770 2348 5808 con-

780 5867 1012 5919 veniant.
1043 5864 1106 5916 Λι
1125 5862 1267 5916 enim
1294 5860 1636 5922 desideratis,
1659 5857 1833 5924 video,
1857 5864 1912 5909 ut
1933 5851 2354 5910 lot‘tiSsiutorum

2463 5759 2771 5812 minietiam
2795 5757 3176 5810 Continentem
3203 5753 3527 5809 addidisses.
3573 5755 3640 5807 At
3670 5753 3940 5808 Satnonas
3956 5753 4032 5803 vi-

2468 5849 2717 5920 gentibus
2743 5848 2979 5905 maxitnc
2997 5846 3226 5904 ctanimi
3255 5855 3311 5902 et
3342 5845 3586 5914 corporis
3607 5845 3835 5908 viribus,
3862 5844 4032 5912 iisque
