4252 6436
244 420 357 483 ’189

1089 416 1370 473 ORATIO
1402 414 1496 473 DE
1538 413 1639 471 SS.
1672 410 1995 482 SAMONA,
2033 411 2274 470 GUIUA
2313 412 2405 468 ΕΤ
2439 412 2679 469 ABIBU.

3395 418 3500 476 790

240 531 522 598 pugilims.
557 544 675 594 qua:
731 528 822 593 qni
882 526 1106 586 habent,
1147 542 1242 579 ens
1305 525 1533 578 libenter
1584 525 1820 593 Spiritus
1853 533 1889 584 Α
1926 524 2311 575 communibus
2359 541 2433 583 se,
2469 541 2632 590 quam
2677 539 2849 573 sai-its
2900 537 3262 576 cuttventitius
3324 531 3497 580 timui-

238 634 464 674 γεω-1ης
494 624 609 672 suis
637 622 832 673 solitus
881 630 962 671 est
1013 619 1201 670 choris
1266 631 1587 685 aggregare,
1621 619 1820 684 quippe.

240 714 612 776 rnmjuvenes
664 712 912 762 hortetur
953 721 1006 760 ut
1038 723 1095 760 se
1154 708 1461 760 senioribus
1505 707 1820 774 adjougant,

243 814 303 852 ut
333 813 570 852 \t(‘.ltil'l;l‘.
606 818 708 851 una
734 817 952 852 carmen
990 800 1371 850 euneelebrcnt
1403 820 1409 851 :
1448 797 1552 857 his,
1575 798 1819 864 inquam,

242 896 334 944 ιιιι-
357 903 617 958 praestans
645 892 811 942 anitni
854 901 905 942 ct
932 890 1176 956 corporis
1208 889 1440 946 viribus.
1482 889 1546 940 ad
1595 888 1818 939 Curiam

242 1004 303 1034 se
343 989 596 1044 contulit,
638 983 756 1050 ejus
811 984 934 1034 vita:
972 983 1150 1033 studia
1209 981 1430 1048 prepius
1488 980 1819 1041 imitaturus,

243 1093 307 1126 ae
359 1075 402 1126 si
437 1087 640 1141 posset,
676 1075 839 1125 etiam
893 1081 1271 1139 superaturos.
1303 1071 1569 1124 Ciﬁlﬁl‘lllll
1592 1071 1683 1138 qui
1733 1068 1824 1120 ab-

243 1171 473 1216 solutam
509 1166 614 1216 illis
652 1165 904 1217 chorcam
939 1163 1264 1215 ronliciebat
1301 1164 1538 1229 Spiritus
1572 1173 1816 1221 sanctus,

245 1270 467 1308 tertium
495 1259 657 1309 etiam
693 1270 952 1324 pra-u-rea
984 1255 1280 1322 quau-ebat,
1315 1254 1406 1322 qui
1443 1271 1565 1307 cum
1605 1253 1817 1306 numeri

247 1350 474 1415 puritate
496 1364 614 1402 eam
642 1349 1075 1404 similitudinem.
1101 1362 1222 1414 qua:
1249 1345 1351 1398 sibi
1390 1361 1513 1399 cum
1566 1346 1724 1400 Patre
1769 1357 1820 1399 et

247 1440 388 1492 l'ilio
411 1450 512 1501 cst,
537 1441 770 1506 perfecte
802 1443 852 1491 in
875 1441 1042 1491 choro
1072 1438 1310 1505 ipsorum
1335 1440 1680 1505 exprimeret,
1705 1449 1817 1490 tum

242 1545 406 1582 ctiam
439 1547 666 1582 numero
697 1531 1008 1583 lirmitatem
1037 1531 1352 1585 Concordiae
1384 1531 1671 1582 stabiliret.
1720 1530 1820 1582 Ita-

240 1637 347 1687 que
372 1622 426 1685 (ο
460 1619 825 1688 felicitatem!)
853 1621 1015 1673 etiam
1041 1621 1246 1674 invenit
1282 1621 1514 1672 Abibum
1553 1640 1564 1673 :
1593 1620 1708 1687 qui,
1743 1632 1820 1673 ta-

243 1711 403 1762 tnetsi
453 1724 682 1776 utroque
719 1720 848 1765 natu
888 1711 1066 1764 minor
1098 1721 1233 1773 erat,
1271 1720 1448 1764 tamen
1499 1712 1643 1777 quod
1676 1713 1818 1763 artati

243 1804 450 1863 deerat.
477 1806 762 1874 snppicbat
785 1821 890 1857 non
924 1821 988 1858 eo
1031 1807 1231 1868 solum,
1261 1806 1406 1873 quod
1442 1806 1816 1872 pervestigalis

1933 621 2144 663 sit-erunt
2175 629 2185 662 :
2232 611 2282 662 in
2319 611 2491 669 l'oruui
2525 629 2629 663 non
2665 613 3096 664 admittebantur
3125 635 3133 665 :
3170 616 3316 664 omni
3349 630 3488 668 eom-

1930 705 2254 755 ineri-iorum
2281 704 2404 770 jure
2429 705 2882 757 cxcludcbantur.
2907 721 3250 770 quascunque
3280 715 3403 757 ante
3429 708 3494 757 il-

1927 795 2014 846 Iud
2037 808 2249 859 tempus
2275 795 2531 846 omnibus
2565 797 2870 860 promiscue
2910 806 3220 862 patuerant,
3260 806 3366 847 tam
3399 812 3497 863 pu—

1928 887 2082 945 blice,
2105 902 2268 953 quant
2309 886 2558 953 privatim
2597 903 2609 936 :
2639 888 2963 939 contrahere
2993 888 3075 938 eis
3125 903 3248 938 cum
3279 905 3496 939 uentum

1928 979 2120 1030 licebat
2167 1000 2176 1028 ι
2220 992 2413 1043 magna
2450 978 2502 1028 in
2547 978 2772 1028 urbibus
2794 978 3230 1030 Christianorum
3261 990 3376 1031 erat
3407 997 3498 1032 so-

1927 1070 2095 1122 liludo
2129 1084 2142 1119 :
2173 1070 2223 1120 in
2271 1085 2460 1120 earum
2498 1070 2679 1119 locum
2715 1070 3033 1121 remotiores
3055 1071 3121 1121 ab
3157 1072 3221 1122 iis
3248 1088 3497 1122 recessus

1923 1162 2302 1222 succedebant,
2335 1176 2475 1230 quos
2527 1160 2817 1212 multitudo
2873 1163 3202 1229 cornu-,qui
3257 1163 3497 1229 exagita-

1929 1255 2148 1312 bantur.
2195 1254 2518 1321 complebat.
2550 1252 2708 1306 Nulla
2740 1254 2791 1306 in
2833 1257 3273 1321 persecutoribus
3300 1258 3493 1308 adver-

1924 1362 2018 1399 sus
2057 1355 2187 1397 uatu
2225 1346 2458 1410 majores
2486 1345 2786 1398 reverentia
2822 1363 2831 1395 :
2866 1347 3011 1396 nulla
3061 1360 3377 1411 parvorum,
3433 1362 3497 1396 ae

1924 1449 2204 1507 propterea
2239 1439 2506 1492 malorum
2543 1453 2739 1492 sensus
2763 1440 3069 1505 expertium
3094 1439 3494 1499 misericordia,

1918 1549 1991 1584 ne
2023 1533 2089 1584 iis
2134 1531 2374 1598 quidem,
2407 1532 2606 1598 quibus
2655 1531 2845 1582 tribuit
2870 1532 2983 1597 ipsa
3018 1539 3236 1588 natura.
3277 1542 3333 1582 ut
3373 1547 3498 1598 pro-

1924 1630 2040 1687 pter
2073 1619 2266 1672 virium
2301 1620 2756 1681 imbecillitatem,
2783 1619 3092 1687 hujusmodi
3145 1622 3337 1673 atl'ectu
3381 1599 3497 1686 plu-

1923 1711 2121 1762 rimum
2156 1721 2526 1765 moverentur.
2563 1709 2716 1764 Ferae
2741 1712 2979 1764 immites
3013 1727 3205 1764 omnes
3233 1713 3496 1764 adversus

1922 1801 2284 1864 Christianos,
2321 1817 2537 1869 unaque
2588 1803 2640 1855 in
2692 1817 2750 1855 re
2792 1812 3005 1857 tantum
3057 1803 3302 1861 humani,
3349 1804 3495 1870 quod

243 1896 531 1962 utriusque
581 1901 822 1965 ipsorum
857 1899 979 1949 vita:
1011 1897 1294 1958 institutis,
1337 1899 1388 1948 in
1423 1896 1666 1949 animum
1729 1897 1814 1949 in-
1855 1877 1894 1927 η
1924 1911 2157 1963 quorqu
2193 1897 2244 1947 in
2275 1896 2472 1947 animis
2505 1897 2648 1962 piam
2678 1896 2743 1948 de
2779 1895 3038 1961 religione
3065 1895 3222 1947 [idem
3253 1911 3490 1946 concus—

237 1987 415 2044 duxit.
444 1999 500 2039 ut
533 1989 585 2039 in
621 1989 810 2040 eodem
857 2004 914 2040 se
946 2003 1052 2040 una
1082 2004 1206 2041 cum
1260 1990 1326 2040 iis
1356 1989 1633 2041 curriculo
1665 2005 1820 2041 exer-

241 2090 408 2141 ceret,
448 2082 538 2132 scd
572 2097 634 2132 eo
668 2081 849 2144 rtiam,
893 2079 1038 2148 quod
1091 2097 1248 2134 sacro
1276 2081 1595 2134 diaconatus
1630 2082 1821 2133 ordine

242 2172 828 2242 iusignilus,magnum
856 2173 944 2234 iis,
969 2173 1169 2241 quibus
1195 2187 1254 2225 se
1279 2173 1490 2226 socium
1523 2173 1821 2241 adjungere

239 2262 544 2327 festinaret,
577 2274 958 2317 ornamentum
988 2262 1226 2316 afferret.
1269 2263 1501 2317 Medium
1537 2264 1681 2317 enim
1737 2266 1819 2318 his

240 2371 300 2408 se
333 2371 457 2407 cum
518 2355 854 2418 inservisset,
887 2371 1102 2422 unaque
1149 2369 1273 2407 cum
1339 2356 1405 2408 iis
1455 2355 1596 2420 apud
1645 2357 1820 2408 domi-

241 2462 390 2506 num,
433 2447 518 2497 cui
545 2446 915 2506 mini~trabat,
947 2447 1172 2499 tidenter
1201 2448 1425 2516 egisset,
1453 2449 1557 2518 piis
1580 2449 1816 2517 quietem

244 2553 275 2589 ε
315 2539 760 2606 persecutoribus
819 2539 1148 2593 conciliavit.
1184 2540 1464 2611 Siquidem
1513 2551 1636 2610 post
1684 2542 1818 2595 illud

237 2638 455 2696 tempus
482 2638 670 2683 nostra
703 2631 970 2698 sanguine
1001 2641 1296 2700 martyrum
1327 2633 1616 2687 rubescere
1649 2633 1814 2686 desiit

240 2731 406 2781 terra,
444 2721 599 2790 pulso
645 2720 900 2772 nimirum
933 2737 962 2773 e
995 2737 1159 2789 regno
1211 2722 1442 2786 Licinio,
1489 2723 1808 2777 Constanti-

241 2826 422 2880 noque
470 2811 523 2864 iu
566 2812 686 2878 ejus
741 2811 919 2864 locum
968 2814 1281 2866 substituto.
1312 2813 1434 2879 Quo
1460 2815 1679 2883 quidem
1717 2817 1818 2868 iut-

242 2913 496 2969 peratore
540 2901 784 2955 Itoniana
831 2918 915 2955 res
939 2903 1134 2957 ﬂorere
1175 2906 1607 2975 ampliticariqne
1630 2907 1818 2974 coepit,

239 2994 448 3061 quique
500 2993 717 3062 primus
807 3007 838 3045 e
902 2994 1117 3060 regibus
1173 2998 1428 3050 omnibus
1490 2997 1819 3064 impietatem

239 3093 551 3144 aversatus,
591 3083 846 3151 pietatem
873 3083 1050 3150 palam
1096 3095 1180 3138 est
1212 3085 1489 3153 libereque
1515 3087 1818 3155 professus.

317 3173 379 3226 ν.
415 3173 740 3243 llujusmodi
777 3176 987 3244 prtediti
1022 3176 1235 3229 virtutis
1267 3177 1570 3246 insignibus
1625 3178 1821 3232 Gurias

238 3279 291 3318 et
322 3267 610 3331 Samonas,
660 3284 764 3322 non
802 3267 913 3335 jam
953 3266 1169 3320 Edessa:
1204 3278 1437 3333 tantum,
1472 3279 1633 3336 atque
1694 3270 1815 3336 ejus

241 3361 439 3412 tinibus
472 3362 670 3426 cogniti
705 3371 880 3420 erant,
932 3361 1026 3414 sed
1085 3362 1137 3412 in
1187 3371 1402 3412 exteras
1449 3364 1610 3413 ctiam
1644 3371 1816 3414 terras

241 3454 404 3518 longe
452 3451 667 3519 lateque
700 3466 758 3505 se
789 3465 979 3504 eorum
1016 3451 1158 3504 fama
1196 3453 1533 3521 propagabat
1574 3470 1585 3503 :
1628 3463 1816 3505 erant-

241 3560 348 3610 que
373 3542 498 3596 hinc
530 3542 855 3596 Christianis
892 3543 1072 3595 laetitia
1105 3558 1168 3597 ac
1205 3545 1393 3604 decus,
1429 3543 1576 3597 illinc
1615 3542 1816 3599 Graecis

244 3636 462 3687 tristitia
493 3643 546 3687 et
589 3635 744 3687 dolor
805 3637 1117 3698 vehemens,
1152 3651 1217 3689 ac
1260 3637 1525 3705 quidquid
1577 3639 1818 3708 denique

244 3723 369 3774 mali
409 3737 599 3776 creare
638 3724 776 3775 solet
811 3723 1034 3776 invidia.
1069 3722 1435 3787 Quamobrem
1492 3741 1596 3778 non
1632 3725 1817 3780 ferunt

245 3815 320 3866 illi
393 3814 686 3866 illustrium
741 3814 970 3881 gloriam
1039 3815 1281 3866 virorum
1349 3831 1442 3882 per
1502 3816 1813 3872 universam

243 3905 455 3974 Syriam
483 3905 763 3958 ditIosam.
802 3905 1168 3958 Diocletianus
1193 3915 1311 3959 erat
1333 3921 1396 3959 co
1436 3915 1680 3976 tempore
1711 3907 1815 3962 Ro-

245 4009 533 4048 manorum
578 3999 871 4063 imperator
909 4015 921 4048 :
958 3997 1204 4063 quicum
1241 4013 1345 4049 non
1386 3998 1519 4052 satis
1565 4015 1814 4068 magnam

243 4103 303 4140 se
345 4087 599 4154 adeptum
644 4104 710 4140 ex
757 4089 998 4142 subactis
1031 4088 1261 4158 imperio
1311 4091 1525 4142 cunctis
1569 4091 1818 4158 gentibus

247 4180 476 4249 gloriam
504 4180 862 4244 existimaret,
892 4180 1022 4233 illud
1055 4180 1213 4248 longe
1237 4181 1339 4234 sibi
1376 4181 1692 4249 prmelarius
1726 4185 1816 4235 fu-

246 4281 429 4324 turum
467 4271 696 4339 putavit,
741 4272 787 4324 si
837 4272 1182 4325 Christianos
1214 4288 1404 4326 eorum
1442 4275 1719 4328 voluntate
1749 4275 1816 4327 ad

245 4363 571 4417 Sclltclltiatn
595 4379 748 4417 suam
784 4363 1136 4428 traduxisset,
1171 4373 1264 4417 aut
1298 4377 1612 4420 recusantes
1639 4366 1818 4424 fundi-

248 4457 646 4510 tusdelevisset
691 4473 703 4510 :
740 4465 798 4509 ut
828 4457 1059 4509 sublatis
1091 4458 1183 4525 qui
1226 4456 1394 4509 Deum
1432 4459 1812 4528 intelligerent,

1922 1998 2130 2051 serant,
2164 1988 2251 2047 iis,
2277 1989 2439 2041 simul
2482 1997 2532 2038 nt
2576 2002 2669 2040 eos
2700 1989 2764 2039 ad
2798 1988 3218 2040 simulacrorum
3251 2002 3376 2038 aras
3405 1988 3499 2036 ad-

1919 2082 2208 2143 duxerant,
2249 2081 2475 2132 liberam
2507 2081 2650 2132 male
2681 2080 2891 2133 vivendi
2927 2088 3249 2146 potestatem
3275 2080 3489 2147 permit-

1921 2175 2125 2227 tebant.
2152 2173 2274 2235 Quo
2300 2171 2520 2239 quidem
2571 2171 2702 2224 nihil
2740 2172 2845 2240 piis
2903 2182 3112 2239 poterat
3147 2187 3270 2225 esse
3307 2173 3492 2238 perui-

1921 2263 2147 2317 ciesius.
2187 2260 2382 2314 Gravis
2413 2277 2730 2330 oppressam
2767 2272 3076 2315 creaturam
3115 2264 3332 2315 tenebat
3361 2276 3493 2314 lt‘ltt-

1922 2365 2103 2420 pestas
2131 2397 2145 2419 ,
2193 2369 2315 2422 qua:
2371 2354 2574 2406 nullam
2603 2370 2858 2421 .prorsus
2887 2366 3160 2407 secutura:
3196 2357 3496 2421 tranquilli-

1923 2447 2050 2498 tatis
2142 2445 2597 2514 signiﬁcationem
2680 2446 2852 2509 daret,
2924 2448 3195 2498 uullamve
3255 2448 3494 2500 melioris

1920 2548 2094 2591 status
2153 2537 2366 2590 miseris
2419 2537 2677 2605 alIulgere
2704 2553 2854 2606 spem
2893 2539 3098 2591 sineret.
3130 2553 3192 2592 ex
3237 2539 3342 2602 his,
3372 2556 3491 2607 qua;

1922 2640 2048 2684 Slllll
2072 2641 2390 2683 consecuta.

1999 2717 2103 2772 \‘ll.
2127 2717 2234 2770 Nec
2261 2721 2376 2786 ipsa
2413 2717 2615 2771 Edessa
2648 2720 3022 2771 communium
3058 2724 3323 2786 temporis
3350 2721 3494 2773 illius

1921 2811 2292 2862 calamitatum
2323 2811 2585 2862 immunis
2623 2810 2740 2863 fuit.
2778 2811 3094 2864 (discebant
3127 2814 3178 2864 in
3216 2816 3332 2880 pios
3371 2832 3498 2882 (ιιιιι-

1923 2903 2051 2955 tidie
2082 2916 2339 2955 :erumnae
2371 2910 2461 2954 :et
2501 2902 2798 2971 impietatis
2832 2905 3092 2970 procella,
3129 2922 3250 2972 qua:
3300 2909 3492 2959 civita-

1924 3001 2029 3046 tem
2067 2992 2361 3052 invaserat,
2389 2991 2661 3055 eﬂeccrat,
2708 3002 2766 3045 ut
2797 3010 2988 3046 omnes
3010 2995 3121 3061 jam
3149 3002 3214 3047 de
3249 2997 3354 3047 vita
3401 3013 3492 3063 ιιι-ε

1925 3085 2072 3136 nitus
2098 3083 2468 3150 desperarent.
2507 3083 2709 3136 Domus
2735 3084 2963 3151 singulae
2992 3101 3120 3139 suos
3160 3097 3495 3140 scrutatores

1927 3175 2220 3235 habebant,
2257 3182 2366 3228 tam
2398 3189 2520 3243 quae
2543 3175 2594 3227 in
2640 3177 2838 3228 illustri
2877 3179 3070 3245 posita:
3096 3180 3332 3231 civitatis
3357 3180 3494 3240 loco.

1923 3280 2085 3332 quam
2110 3279 2230 3332 quae
2268 3266 2412 3330 quod
2450 3266 2502 3317 in
2537 3265 2778 3321 obscuro
2807 3282 2929 3320 esse
2965 3269 3491 3335 viderentur,t:itum

1919 3366 2075 3408 antea
2106 3357 2275 3409 latere
2305 3357 2608 3411 volentibus
2655 3357 2960 3428 perfugium
3011 3372 3269 3428 praestare
3320 3365 3491 3415 solice

1920 3457 2095 3498 erant.
2133 3445 2320 3513 Neque
2371 3448 2470 3515 ipsi
2517 3450 2679 3501 etiam
2730 3452 2844 3517 agri
2870 3451 3034 3517 hujus
3067 3462 3225 3504 erant
3287 3464 3494 3517 tempe-

1920 3538 2076 3590 statis
2105 3547 2355 3606 expertes
2381 3554 2393 3589 :
2416 3539 2684 3606 siquidem
2720 3541 2889 3594 nihilo
2918 3543 3277 3596 tolerabilior
3312 3545 3360 3595 in
3391 3546 3494 3606 his,

1919 3644 2081 3696 quam
2117 3631 2168 3680 in
2204 3630 2437 3696 oppidis,
2479 3633 2824 3683 miseriarum
2855 3643 2974 3684 erat
3003 3634 3308 3694 ﬂuctuatio,
3341 3636 3496 3684 simi-

1920 3722 2194 3789 libusque,
2244 3722 2329 3774 hic
2386 3732 2548 3790 atque
2616 3724 2744 3784 illic,
2785 3726 3042 3790 periculis
3100 3728 3275 3793 pietas
3331 3727 3491 3778 veluti

1924 3823 2243 3880 tempestate
2285 3815 2520 3880 quodam
2559 3816 2886 3882 jactabatur.

1997 3903 2123 3956 Vlll.
2147 3905 2223 3956 Eo
2259 3917 2500 3972 tempore
2532 3907 2632 3975 ipsi
2659 3923 2880 3974 quoque
2912 3908 3178 3962 Gurtaset
3202 3908 3494 3965 Samonas.

1921 3994 2006 4045 hic
2024 3995 2375 4056 l‘ortitudinis,
2408 3997 2498 4048 ille
2518 3997 2864 4050 continentia:
2885 3999 3043 4050 laude
3067 3997 3318 4065 insignis,
3341 4013 3494 4049 eom-

1923 4085 2170 4152 prehensi
2201 4094 2346 4147 sunt,
2370 4103 2588 4154 unaque
2611 4103 2734 4141 cum
2756 4089 2823 4140 iis
2846 4090 3037 4157 ingens
3051 4089 3493 4140 Christianorum

1923 4177 2212 4229 multitudo
2239 4177 2448 4229 carceri
2489 4177 2726 4239 addicta,
2761 4196 2884 4230 cum
2916 4195 3023 4231 non
3051 4191 3196 4231 esset
3230 4180 3322 4247 qui
3353 4180 3496 4230 I'C'ii-

1921 4281 2112 4328 meret,
2145 4283 2315 4336 neque
2348 4268 2440 4336 qui
2499 4270 2709 4321 salvum
2755 4270 2978 4323 faceret.
3015 4274 3089 4322 Ac
3144 4272 3328 4322 ueteri
3373 4272 3498 4337 qui-

1919 4362 2038 4414 dem
2071 4361 2270 4427 quibus
2319 4371 2412 4411 aut
2466 4361 2703 4414 nominis
2742 4362 3072 4424 obscuritas,
3102 4372 3195 4414 aut
3228 4362 3350 4414 lidei
3406 4380 3498 4414 ne»

1921 4454 2173 4521 gligentia
2196 4467 2359 4504 causa
2386 4462 2504 4504 erat
2569 4462 2626 4503 ut
2655 4462 3159 4513 contemnerentur,
3195 4454 3311 4506 sine
3343 4470 3497 4505 mora

245 4545 476 4598 sublatis
506 4545 690 4609 etiam,
734 4545 827 4613 qui
883 4545 1166 4598 incruento
1207 4546 1478 4599 sacriﬁcio
1522 4548 1819 4602 bonitatem
1855 4560 1897 4613 ι)
1927 4559 1956 4595 c
1991 4545 2236 4596 custodia
2261 4543 2653 4606 educebat-Itur.
2680 4544 2880 4611 quippe
2910 4558 3032 4595 cum
3060 4543 3194 4594 nihil
3229 4543 3497 4595 adversus

245 4636 509 4700 facerent,
535 4636 767 4690 liberum
805 4637 1148 4690 daemonibus
1179 4638 1290 4691 suis
1317 4638 1647 4693 sacriﬁcium
1692 4657 1817 4709 pos-

244 4740 327 4782 set
371 4729 573 4781 oll’erri.
626 4728 764 4781 llinc
814 4745 880 4782 ex
920 4729 1083 4797 regiis
1136 4730 1348 4788 litteris,
1385 4745 1507 4798 qua:
1568 4748 1817 4800 quoquo-

252 4835 466 4871 versum
539 4836 631 4886 per
710 4822 1026 4874 universam
1116 4823 1485 4875 lintiianorum
1557 4823 1816 4878 ditionem

249 4910 601 4962 mittebantur
639 4947 653 4970 ,
706 4919 760 4962 et
825 4911 926 4978 piis
1012 4913 1280 4978 pernicies
1373 4913 1709 4980 parabatur,
1769 4925 1821 4967 et

248 5002 544 5068 ignominia
597 5019 610 5053 :
652 5010 952 5071 contraque
1008 5005 1214 5071 impiis,
1253 5005 1346 5073 qui
1394 5015 1541 5057 muta
1595 5015 1650 5059 et
1705 5021 1818 5058 ma-

248 5093 467 5146 nul‘aeta
502 5093 797 5148 siumlacra
853 5108 1265 5162 venerarentur,
1342 5100 1516 5151 honor
1566 5110 1617 5151 et
1671 5100 1821 5154 salus

248 5187 639 5255 spondebatur.

328 5277 410 5331 \"l.
445 5279 524 5331 Ad
561 5281 671 5331 hinc
701 5279 946 5347 judicum
984 5281 1334 5349 injustorum,
1369 5291 1423 5334 et
1471 5283 1671 5336 caedem
1712 5283 1822 5350 Spi-

249 5372 620 5424 rantiumalia:
641 5381 762 5440 post
782 5373 916 5424 alias
945 5376 1192 5441 procella:
1225 5391 1236 5426 :
1269 5376 1468 5443 quibus
1491 5375 1622 5428 illud
1651 5390 1820 5426 unum

245 5472 367 5515 erat
402 5464 760 5530 propositum,
794 5467 1258 5532 quemadmodum
1296 5467 1549 5520 omnibus
1582 5468 1634 5521 itt
1661 5469 1823 5520 rebus

250 5557 316 5606 iis
347 5570 553 5606 morem
593 5567 861 5623 gererent,
891 5559 982 5625 qui
1017 5576 1072 5610 se
1120 5559 1415 5612 misissent.
1457 5558 1634 5611 l’arati
1668 5568 1824 5610 erant

250 5661 528 5714 praecones
549 5686 565 5712 ,
618 5659 800 5718 aperta
825 5651 1101 5714 subsellia,
1130 5650 1363 5704 editiora
1397 5652 1824 5704 exstruebantur

252 5745 573 5809 tribunalia,
610 5751 758 5799 oumi
813 5749 1242 5817 eiretnuipraque
1303 5758 1698 5803 tormentorum
1732 5763 1824 5816 ge-

255 5856 382 5893 nere
415 5839 631 5895 vallata.
658 5839 1008 5896 lntcrdictum
1057 5852 1171 5896 crat
1199 5842 1548 5905 Christianis,
1584 5856 1650 5895 ne
1712 5852 1820 5894 tam

1926 4653 1982 4690 se
2005 4637 2389 4704 impugnantes
2419 4652 2526 4702 pta:
2549 4651 2607 4688 se
2640 4635 2866 4698 ferrent,
2898 4636 3039 4704 quod
3069 4647 3212 4688 esset
3238 4640 3305 4687 ad
3331 4653 3501 4703 expu-

1927 4730 2200 4796 guandum
2227 4724 2625 4779 diﬂiciltimum.
2653 4725 2849 4778 Verum
2877 4724 3394 4777 Gut'ia'etSamona:
3423 4726 3503 4776 in-

1930 4835 2080 4888 geus,
2120 4835 2240 4885 qua:
2262 4833 2356 4871 eos
2384 4817 2772 4880 comitabatur,
2814 4818 3002 4872 solidae
3052 4817 3271 4884 pietatis
3307 4818 3499 4886 glm.::,

1928 4927 2089 4963 causa
2126 4911 2247 4972 fuit,
2274 4911 2554 4963 utdiutius
2596 4911 2647 4962 in
2679 4911 2929 4963 custodia
2951 4920 3390 4963 asservareutur.
3424 4908 3494 4959 ελ

1929 5019 2038 5070 quo
2071 5003 2287 5070 quidem
2353 5003 2602 5055 videntur
2665 5002 2797 5055 mihi
2867 5005 3063 5055 merito
3123 5005 3499 5053 Cottii-sstnnm

1931 5098 2093 5148 etiam
2139 5105 2562 5162 cognomentum
2596 5097 2774 5164 adepti
2804 5112 2816 5147 :
2849 5096 2993 5164 quod
3031 5097 3234 5160 pnetnii
3270 5099 3391 5146 lem
3439 5095 3500 5144 is

1929 5190 2126 5241 drleiri
2168 5190 2387 5240 solitum
2434 5199 2538 5249 cst,
2582 5189 2674 5256 qui
2734 5188 2941 5240 ChriSIi
2983 5203 3150 5240 causa
3199 5190 3294 5237 hoc
3341 5189 3503 5237 modo

1932 5283 2068 5333 citta
2109 5297 2292 5332 necem
2325 5280 2466 5333 male
2503 5279 2669 5333 habiti
2702 5289 2850 5332 s‘Unt.
2877 5278 3155 5346 Siquidem
3193 5279 3243 5328 in
3271 5293 3333 5328 ea
3367 5289 3474 5327 tam

1933 5377 2024 5427 tittl
2053 5377 2299 5426 teruntur
2338 5373 2729 5440 permansisse,
2762 5373 2940 5440 quoad
2965 5374 3070 5422 vita
3101 5372 3287 5423 functo
3323 5371 3496 5438 primu

1934 5484 2195 5535 ItlltiClpc,
2232 5468 2368 5519 alter
2397 5467 2447 5517 in
2475 5463 2593 5531 ejus
2618 5465 2795 5517 locum
2831 5466 3121 5516 successit.

2007 5558 2094 5610 IX.
2123 5557 2466 5611 Verumcuim
2492 5557 2772 5610 alllictatio
2825 5558 2909 5609 hic
2939 5558 3324 5609 oblectamenti

1934 5664 2068 5715 crat,
2100 5663 2150 5704 et
2179 5650 2649 5704 inconimtnlorum
2681 5651 2966 5718 perpessio
2993 5649 3391 5716 philosophiam
3449 5648 3497 5696 iu

1933 5763 2119 5800 eorum
2137 5746 2336 5798 animis
2354 5744 2605 5812 augebat,
2631 5759 2750 5812 qua:
2773 5744 2990 5811 quidem
3012 5743 3346 5811 graviorum,
3381 5755 3501 5805 qna-

1936 5855 2058 5893 mox
2103 5855 2203 5905 pro
2258 5837 2478 5891 Christo
2521 5846 2706 5891 essent
2760 5835 3062 5904 excepturi,
3107 5842 3498 5887 tornmuoriun

3388 5560 3502 5602 'tu-n
