4252 6436
780 411 877 472 791

1595 410 1922 471 ARETI‘L‘E
1958 410 2340 475 C/ESAREAS
2371 408 2852 470 CAPPADOCLE
2890 407 3233 471 EPISCOPI

3927 409 4051 477 ’192

778 520 1054 589 quoddam
1108 519 1770 589 eratvelatprteludium:
1829 521 1964 590 quin
2022 521 2159 576 alios
2191 520 2355 574 etiam
2385 558 2430 615 Α
2458 518 2603 572 viam
2659 519 2725 573 ad
2766 520 2842 583 id,
2874 520 3019 589 quod
3064 520 3171 575 sibi
3227 529 3603 591 proposuerat,
3655 524 3870 577 occulte
3914 539 4048 578 IIII-

777 612 1030 679 exetnplo
1048 626 1149 666 suo
1174 611 1505 672 excitabant,
1537 611 1743 680 quippe
1772 627 1896 666 cum
1923 614 2179 666 docerent
2208 627 2350 673 eam,

777 717 944 767 quam
976 702 1100 770 quis
1147 714 1274 752 vere
1321 701 1690 768 profiteretur,
1728 704 1909 765 iidem,
1945 716 2119 773 neque
2187 702 2352 755 rebus

781 794 1011 862 asperis,
1044 807 1165 861 qua:
1202 793 1408 847 Christi
1438 808 1603 848 causa
1636 795 1871 849 maxime
1928 796 2348 859 intentarentur,

783 886 978 954 frangi,
1014 901 1189 955 neque
1222 888 1492 939 malorum
1514 890 1866 955 perpessione
1895 888 2000 940 ulla
2036 885 2303 939 debilitari
2335 903 2350 939 :

780 991 954 1045 neque
984 977 1129 1029 cnim
1166 980 1567 1047 permissurum
1613 981 1827 1049 justum
1860 981 2220 1033 certaminum
2263 994 2351 1032 ar-

778 1066 981 1118 bitrum
1010 1083 1073 1121 ac
1108 1071 1533 1134 moderatorem,
1562 1081 1617 1123 nt
1648 1085 1710 1122 ea
1735 1079 1826 1122 aut
1848 1084 2062 1137 semper
2091 1070 2353 1122 durarent

776 1167 873 1207 aut
916 1159 1121 1225 maiora
1147 1170 1352 1224 essent,
1383 1176 1546 1228 quain
1584 1170 1641 1213 ut
1684 1160 1751 1213 iis
1788 1159 2026 1212 ferendis
2052 1160 2177 1229 quis
2231 1174 2353 1213 esse

777 1262 874 1316 par
906 1258 1093 1318 possit
1124 1268 1138 1302 :
1178 1254 1480 1321 prtesertim
1517 1256 1559 1306 si
1587 1252 1756 1305 l’aulo
1786 1251 2034 1305 habenda
2095 1253 2163 1305 sit
2192 1251 2347 1314 ﬁdes,

777 1340 871 1408 qui
898 1342 1012 1409 ipse
1041 1359 1223 1396 rerum
1252 1359 1576 1397 arcanarum
1604 1354 1657 1396 et
1687 1345 1963 1413 inspector
1986 1344 2108 1406 fuit,
2133 1352 2187 1398 et
2216 1359 2351 1412 prte-

778 1430 1015 1484 tlieator.
1077 1431 1141 1484 Et
1178 1432 1221 1485 si
1249 1433 1400 1486 labor
1434 1443 1519 1486 est
1555 1434 1782 1498 mullus,
1808 1443 1863 1488 at
1887 1434 2129 1489 nonduin
2170 1445 2349 1489 tamen

776 1527 860 1571 est
886 1528 1091 1583 tantus,
1132 1521 1243 1573 imo
1276 1521 1599 1591 longissimo
1634 1524 1922 1577 intervallo
1953 1526 2153 1587 minor,
2185 1538 2348 1594 quam

777 1618 836 1663 ut
864 1625 990 1663 cum
1025 1626 1112 1675 eo,
1147 1614 1240 1683 qui
1282 1614 1332 1666 in
1373 1629 1474 1669 nos
1497 1625 1684 1684 postea
1720 1617 2039 1671 revelandus
2070 1627 2151 1670 est
2173 1618 2352 1686 splen-

776 1700 898 1763 dor,
931 1701 1041 1753 ulla
1075 1716 1139 1754 ex
1176 1715 1331 1772 parte
1366 1706 1564 1758 merito
1593 1714 1759 1773 queat
1788 1708 2121 1774 comparari.
2174 1708 2351 1776 Atque

780 1788 896 1845 lucc
916 1792 1133 1860 quidem
1158 1793 1267 1849 illis
1303 1794 1408 1857 hoc
1437 1796 1620 1850 modo.
1662 1794 2151 1851 Verutnonimvero
2206 1812 2349 1866 quo-

2459 610 2618 662 niret.
2658 609 2801 675 Quin
2833 620 2889 665 et
2928 624 3257 681 nugamenta
3294 612 3556 666 adversus
3585 612 3708 668 illos
3740 615 4048 668 verborum

2451 704 2701 771 quaedam
2757 703 3036 770 contexit,
3093 703 3174 758 sic
3216 704 3612 773 propemodum
3663 713 3843 760 astute
3885 705 4051 774 ipsos

2454 791 2790 861 aggrediens.

2527 880 2616 934 XI.
2670 882 2877 950 Nolite,
2921 884 3138 955 inquit,
3172 894 3364 955 putare
3394 899 3523 947 vos,
3560 900 3646 939 me
3689 886 3878 939 animo
3914 901 4047 940 esse

2455 974 2737 1042 praeduro,
2769 976 3171 1047 eiusmodique,
3205 978 3299 1047 qui
3329 978 3652 1033 crudelitate
3682 988 3736 1033 et
3788 978 4047 1031 bumano

2454 1067 2719 1135 sanguine
2764 1068 3083 1123 delectetur.
3139 1068 3401 1123 Naturam
3445 1084 3699 1124 revereor
3741 1088 3755 1124 :
3810 1070 4044 1123 miseret

2454 1170 2541 1209 me
2574 1158 2938 1226 cognationis,
2966 1174 3089 1228 qua:
3112 1159 3246 1212 mibi
3278 1170 3362 1214 est
3384 1161 3665 1214 vobiscum
3706 1178 3719 1213 :
3747 1169 3801 1214 et
3830 1176 4042 1229 quatu-

2454 1248 2537 1301 vis
2571 1249 2905 1303 contrariam
2933 1249 3093 1305 nobis
3126 1250 3409 1320 religionis
3439 1253 3581 1305 viain
3614 1251 3734 1306 sitis
3774 1252 4040 1321 ingressi,

2455 1340 2616 1410 idque
2656 1339 2889 1396 fortasse
2926 1342 3170 1396 veritatis
3197 1342 3414 1396 inscitia
3444 1343 3615 1409 ducti,
3646 1358 3710 1395 ac
3740 1352 4041 1412 propterea

2454 1428 2510 1483 in
2562 1431 2804 1485 animum
2864 1433 3022 1487 vobis
3070 1433 3396 1496 induxistis,
3449 1443 3510 1488 ut
3566 1444 3811 1488 extrema
3846 1436 4042 1489 omnia

2454 1520 2597 1576 ferre
2629 1522 2814 1576 libenti
2839 1524 3027 1578 animo
3044 1524 3308 1595 supplicia
3337 1525 3460 1579 sitis
3484 1526 3659 1593 parati
3696 1543 3710 1579 :
3750 1525 4042 1579 nihilomi-

2453 1625 2560 1665 nus
2587 1627 2690 1681 ego
2715 1613 2935 1680 quidem
2965 1614 3033 1666 de
3058 1612 3162 1669 hoc
3196 1613 3351 1669 vobis
3383 1614 3631 1683 ignosco.
3662 1614 3826 1685 idque
3852 1614 4043 1668 consi-

2454 1698 2513 1752 lii
2540 1701 2705 1755 vestri
2737 1702 3100 1757 imbecillitati
3142 1704 3326 1759 tribuo
3370 1723 3382 1759 :
3424 1705 3697 1774 siquidem
3736 1706 3855 1760 scio
3885 1721 4042 1760 tuor-

2455 1790 2649 1846 talium
2689 1793 2871 1847 adhuc
2921 1794 3196 1848 neminem
3222 1796 3540 1862 exstitisse,
3575 1796 3671 1865 qui
3712 1795 3938 1865 quidem
3985 1797 4040 1849 in

780 1886 927 1938 niam
962 1887 1269 1954 oportebat,
1300 1898 1358 1941 ut
1396 1889 1807 1957 perfectioribus
1844 1890 2017 1944 inulto
2077 1889 2352 1946 laboribus
2388 1916 2428 1972 Β
2456 1885 2688 1940 consilio
2740 1886 2842 1941 sibi
2898 1886 3171 1957 capiendo
3222 1901 3496 1957 nusquam
3546 1886 3779 1950 errarit,
3830 1886 4043 1956 quique

779 1994 839 2030 se
869 1977 1086 2041 darent,
1114 1988 1168 2031 et
1204 1978 1269 2031 ad
1312 1980 1707 2034 nobilitandam
1732 1982 2027 2034 etiamnum
2058 1981 2232 2050 magis
2277 1982 2355 2051 ip-

778 2085 965 2122 sorutn
999 2071 1250 2138 gloriam,
1287 2087 1344 2125 re
1375 2072 1491 2140 ipsa
1517 2073 1816 2141 superioris
1844 2087 1958 2127 sua:
2001 2074 2350 2127 exercitatio-

778 2158 865 2212 nis
914 2157 1265 2227 perspicuum
1323 2160 1582 2213 omnibus
1645 2161 1869 2216 ederent
1913 2163 2351 2217 documentum;

777 2252 994 2305 furebat
1044 2252 1195 2305 rabie
1240 2254 1506 2313 incitatus
1553 2252 1844 2308 adversum
1884 2254 2225 2311 Christianos
2274 2256 2352 2322 is,

777 2343 871 2413 qui
896 2343 1059 2413 paulo
1076 2353 1200 2396 ante
1222 2346 1423 2398 missus
1442 2345 1733 2413 provinciae
1764 2345 2009 2414 regendae
2023 2344 2195 2401 fuerat
2216 2361 2355 2417 prte—

777 2448 889 2488 ses.
934 2432 1114 2488 Porro
1142 2434 1323 2489 rabies
1350 2434 1440 2488 illa
1471 2436 1522 2487 id
1562 2451 1729 2488 unum
1755 2436 2052 2503 spectabat,
2081 2438 2353 2506 quemad-

781 2530 1000 2581 modum
1029 2530 1104 2593 ei,
1129 2544 1159 2582 a
1186 2544 1298 2598 quo
1347 2530 1552 2584 missus
1585 2530 1783 2595 fuerat,
1809 2530 2069 2587 omnibus
2098 2533 2153 2585 in
2192 2533 2356 2588 rebus

777 2619 1193 2688 gratiﬁcaretur.
1262 2618 1446 2689 Itaque
1544 2622 1679 2675 nihil
1769 2636 1996 2690 prorsus
2070 2624 2357 2679 omittebat

776 2725 989 2774 eorum,
1042 2726 1162 2779 qua:
1207 2726 1302 2765 eos
1363 2721 1624 2781 praestare
1681 2727 1779 2782 par
1821 2722 1950 2775 est,
2003 2714 2094 2783 qtti
2150 2716 2355 2770 furoris

777 2802 864 2855 sui
905 2802 1071 2857 sociis
1128 2804 1385 2857 omnibus
1445 2803 1497 2855 in
1540 2807 1702 2856 rebus
1749 2804 2074 2859 inserviunt.
2128 2806 2209 2861 Ad
2254 2809 2354 2861 tri—

779 2894 942 2946 bunal
1010 2895 1148 2963 rapti
1206 2896 1328 2949 alia:
1383 2896 1583 2949 indolis
1628 2896 1728 2949 viri
1786 2897 2079 2961 sistuntur,
2137 2899 2356 2968 pietatis

775 3002 888 3039 sua:
944 3000 1134 3053 poenas
1188 2987 1390 3041 daturi.
1455 2990 1725 3042 (ceterum
1774 3004 1896 3055 qua:
1961 3004 2155 3057 magna
2227 3006 2352 3044 cum

775 3078 1087 3130 animorum
1116 3077 1376 3141 elatione,
1402 3094 1711 3148 magnoque
1757 3097 1881 3132 eum
1914 3082 2133 3148 spiritu,
2165 3084 2357 3136 adrer-

776 3181 870 3220 sus
913 3167 1055 3221 hunc
1082 3168 1224 3220 dicta
1258 3181 1386 3221 tunc
1425 3167 1646 3222 fortiter
1672 3186 1700 3223 a
1740 3172 2073 3241 martyribus
2100 3184 2245 3235 sunt,
2286 3190 2350 3226 es

2458 1993 2583 2032 cum
2617 1980 2671 2032 in
2706 1978 2827 2034 aliis
2861 1979 3069 2049 optime
3100 1979 3358 2042 senserit,
3395 1981 3447 2033 in
3481 1980 3570 2045 iis,
3602 1993 3724 2049 quae
3761 1979 4043 2048 praecipua

2458 2066 2561 2137 ipsi
2616 2078 2808 2133 erant,
2859 2085 2966 2123 non
3024 2070 3321 2139 aliquando
3373 2069 3689 2134 olIenderit,
3745 2082 3912 2142 atque
3962 2073 4040 2126 ibi

2458 2158 2715 2219 maxime,
2750 2158 2838 2210 ubi
2873 2159 3106 2214 maxime
3134 2174 3193 2212 se
3220 2171 3482 2229 praestare
3523 2161 3845 2215 conﬁderet.
3878 2161 3984 2229 Qui
4008 2188 4041 2205 ο

2459 2247 2629 2315 circa,
2659 2248 2784 2303 licet
2815 2249 3233 2305 innumerabilia
3266 2260 3496 2321 urgeant
3524 2267 3611 2307 me
3647 2268 3833 2324 regum
3859 2254 4039 2323 iussa,

2456 2337 2815 2393 nihilominus
2843 2349 3025 2394 tamen
3070 2341 3282 2405 malim,
3316 2344 3498 2412 quoad
3532 2343 3647 2399 fieri
3680 2345 3875 2414 possit,
3911 2360 4040 2399 cum

2457 2429 2749 2487 manifeste
2781 2432 3093 2501 periculosa
3122 2448 3211 2490 res
3246 2436 3339 2502 sit,
3369 2435 3593 2505 quidvis
3632 2438 3886 2507 supplicii
3922 2439 4042 2507 ipse

2457 2521 2641 2578 subire
2667 2524 2869 2593 potius,
2902 2539 3065 2594 quam
3091 2540 3346 2596 asperum
3383 2529 3439 2582 in
3473 2544 3571 2583 vos
3594 2528 3895 2601 quidquam
3925 2530 4046 2588 elli-

2458 2629 2603 2681 cere,
2642 2630 2814 2685 usque
2862 2616 2995 2670 dum
3046 2616 3282 2674 fortasse
3314 2620 3517 2675 duritia
3548 2631 3729 2676 vestra
3775 2637 3897 2676 mea
3942 2638 4040 2692 pa-

2459 2706 2648 2761 tientia
2695 2707 2942 2775 devicta,
2982 2709 3286 2767 leuioribus
3332 2727 3431 2767 vos
3463 2713 3645 2768 verbis
3680 2714 3750 2768 ab
3781 2714 4040 2770 obstina—

2458 2797 2605 2852 tione
2636 2798 2737 2855 ista
2761 2799 3050 2867 deductos,
3078 2800 3131 2855 in
3163 2818 3341 2858 meam
3372 2805 3699 2859 sententiam
3731 2806 4041 2870 addusero,

2458 2889 2546 2945 cui
2579 2889 2831 2947 ferociter
2868 2908 3016 2948 nunc
3041 2897 3374 2964 repugnatis.

2530 2980 2647 3035 XII.
2686 2984 2858 3050 Quem
2887 2985 3033 3039 enim
3067 3000 3223 3041 sacra
3260 2996 3439 3041 vestra
3490 3003 3598 3042 non
3633 3000 3853 3045 moveat
3885 2991 4042 3045 cani-

2460 3074 2582 3137 ties,
2616 3074 2808 3137 Guria,
2840 3091 2963 3145 quae
2999 3076 3051 3130 in
3089 3077 3244 3133 vobis
3283 3079 3524 3149 undique
3555 3092 3801 3149 apparet,
3840 3098 4038 3151 quant-

2459 3180 2565 3233 que
2615 3167 2953 3221 continentia
3002 3170 3359 3236 conspicuam
3420 3169 3585 3234 facit,
3625 3186 3751 3226 cum
3784 3174 3840 3226 in
3890 3174 4038 3237 ista.

775 3256 975 3324 quibus
1010 3266 1059 3308 rt
1095 3258 1377 3325 praesentis
1401 3262 1633 3312 fortuna:
1664 3260 2025 3313 inconstantia
2071 3260 2348 3313 deridere-
2380 3250 2422 3308 C
2455 3271 2577 3325 quae
2605 3258 2758 3311 vobis
2787 3268 3031 3312 extrema
3076 3260 3284 3329 reliqua
3316 3271 3418 3324 est,
3453 3263 3576 3315 vitae
3608 3272 3761 3329 parte
3798 3278 3923 3319 eam
3954 3264 4042 3335 ia-

774 3361 883 3415 tur,
916 3359 968 3401 ct
991 3366 1204 3413 eorum,
1236 3368 1357 3417 quae
1394 3351 1447 3403 in
1488 3360 1764 3420 posterum
1785 3362 1970 3419 parata
1994 3361 2143 3412 sunt,
2178 3352 2361 3404 bono--

775 3458 896 3495 rum
951 3440 1121 3509 gloria
1159 3442 1448 3508 magniﬁce
1489 3442 1882 3509 praedicaretur
1939 3444 2178 3511 (tametsi
2212 3458 2355 3496 inar-

774 3533 1076 3602 garitarum
1106 3533 1366 3587 nobilitas
1395 3544 1518 3588 ante
1538 3535 1683 3588 suilli
1705 3535 1920 3603 generis
1954 3535 2200 3588 homines
2223 3549 2353 3604 pro-
2391 3584 2401 3598 ,

770 3626 1115 3696 iiciebatnr),
1158 3637 1253 3681 aut
1282 3628 1746 3696 quemadmodum
1780 3628 1893 3696 ipse
1923 3628 2087 3679 etiam
2154 3625 2349 3691 Judex,

773 3720 902 3771 dum
930 3734 1026 3772 eos
1047 3728 1239 3784 tentat,
1268 3720 1361 3789 qui
1382 3720 1775 3773 tentationilius
1805 3720 1943 3773 vinci
1965 3735 2072 3772 non
2101 3728 2350 3786 possunt,

776 3808 1033 3861 invictam
1070 3823 1261 3862 eorum
1315 3810 1481 3862 animi
1518 3810 1882 3863 constantiam
1910 3820 2090 3863 astute
2121 3809 2352 3862 subver-

770 3909 886 3953 tere
916 3900 1240 3963 conabatur,
1277 3900 1499 3970 Iungunt
1531 3902 1721 3970 utique
1746 3908 1894 3954 esset
1925 3900 2177 3969 persequi
2224 3914 2352 3954 ora-

772 3991 960 4045 tione:
993 3992 1352 4045 nihilominus
1396 4002 1601 4052 tamen,
1637 4001 1694 4045 ut
1733 4004 1995 4061 quantum
2041 3992 2106 4045 ad
2160 3992 2353 4046 intelli-

771 4082 1010 4153 gendum
1055 4083 1127 4137 sit
1161 4084 1319 4149 satis,
1351 4084 1543 4152 quales
1579 4083 1652 4135 illi
1687 4083 1909 4141 fuerint.
1943 4082 2255 4146 doceamus,
2282 4096 2351 4136 ne

768 4176 1000 4245 egregia:
1017 4184 1317 4245 martyrum
1341 4178 1607 4245 palaestrae
1630 4189 1856 4244 prorsus
1877 4174 2051 4229 simus
2076 4184 2349 4243 expertes,

768 4282 906 4321 neve
934 4267 1054 4334 ejus
1116 4268 1218 4330 rei,
1260 4282 1424 4335 quam
1466 4281 1535 4320 cx
1608 4265 1867 4319 omnibus
1925 4266 2347 4334 pulcherrimam

768 4361 1132 4433 speravimus,
1161 4361 1431 4430 iacturam
1458 4361 1741 4421 faciamus,
1769 4361 1906 4414 tales
1935 4369 2111 4424 erant,
2145 4370 2240 4414 aut
2266 4360 2350 4415 bis

767 4453 1127 4506 similitudine
1157 4468 1324 4520 quam
1354 4452 1605 4523 prosilui.

839 4544 906 4596 Χ.
940 4544 1143 4597 Blande
1176 4544 1369 4612 agebat
1406 4560 1530 4598 cunt
1559 4544 1693 4598 viris
1724 4545 1929 4600 sanctis
1962 4545 2030 4607 is,
2066 4546 2153 4599 cui
2193 4545 2343 4615 judi-
2382 4580 2424 4635 υ

766 4635 923 4689 (anili
975 4645 1214 4704 potestas
1263 4637 1572 4704 obtigerat,
1624 4652 1856 4705 seseque
1906 4640 2100 4699 modo,
2148 4650 2205 4690 ttt
2248 4639 2342 4707 qui

766 4744 964 4782 nocere
993 4729 1072 4782 eis
1110 4729 1292 4794 nollet,
1338 4730 1403 4782 ad
1442 4730 1720 4783 leuitatem
1763 4730 1930 4783 dabat
1970 4749 1981 4783 :
2020 4733 2178 4784 modo
2210 4748 2343 4799 sup-

767 4821 930 4891 plicia
963 4819 1269 4882 differebat,
1304 4838 1370 4874 ne
1404 4822 1571 4875 anitni
1603 4822 1808 4875 szevitia
1842 4838 1905 4876 ea
1940 4822 2005 4874 iis
2035 4823 2344 4877 accelerare

767 4912 1076 4976 videretur,
1127 4913 1219 4981 qui
1270 4914 1335 4965 ad
1374 4915 1597 4982 qua-vis
1639 4913 1990 4983 perpetienda
2034 4913 2133 4980 ipsi
2187 4924 2344 4967 erant

764 5004 1132 5074 paratissimi,
1197 5006 1453 5075 nullaque
1499 5022 1556 5059 re
1614 5006 1803 5077 magis“
1849 5022 2012 5073 quam
2090 5006 2343 5075 supplicii

765 5077 917 5147 iuora
974 5094 1388 5148 oll'endebantur
1444 5112 1457 5148 :
1508 5111 1695 5149 verum
1739 5097 2032 5165 apparebat
2083 5099 2224 5150 laeta
2263 5098 2344 5150 di-

764 5188 866 5238 ctis
896 5201 1017 5239 esse
1064 5190 1372 5250 contraria,
1413 5186 1614 5257 quippe
1652 5202 1776 5241 cum
1830 5204 1936 5241 non
1984 5190 2342 5245 humanitatis

763 5294 827 5331 ea
866 5287 1073 5341 essent,
1123 5293 1245 5346 quae
1289 5280 1358 5332 ab
1409 5294 1475 5332 eo
1524 5283 1732 5343 ﬁerent,
1785 5280 1878 5334 sed
1930 5282 2286 5335 immanitatis
2325 5300 2338 5336 :

764 5368 933 5421 animi
988 5384 1097 5422 non
1154 5369 1414 5432 beneﬁci,
1469 5369 1563 5422 sed
1618 5370 1847 5423 maleﬁci
1900 5388 1911 5422 :
1956 5369 2225 5437 siquidem
2275 5385 2341 5424 ex

764 5478 930 5516 inor-.e
981 5462 1299 5531 huiusmodi
1361 5462 1776 5534 interpositione
1828 5462 2155 5531 apparebat,
2214 5478 2340 5517 cum

762 5568 954 5605 eorum
1010 5554 1179 5607 animi
1234 5553 1545 5607 ﬁrmitatem
1608 5554 1886 5623 roburque
1942 5555 2144 5609 sensim
2206 5555 2343 5611 velle

763 5646 1129 5709 labefactare,
1171 5655 1226 5700 et
1257 5646 1507 5701 ardorem
1533 5647 1910 5716 restinguere,
1944 5662 2053 5716 quo
2092 5647 2344 5702 videlicet

768 5749 1058 5809 postquam
1089 5759 1152 5793 ex
1191 5740 1502 5810 huiusmodi
1531 5740 1978 5810 atnpliationibus
2009 5756 2201 5795 recens
2230 5740 2341 5796 ala-

765 5833 933 5889 critas
983 5833 1073 5890 illa
1111 5833 1274 5889 veluti
1307 5833 1673 5893 deferbuissct
1695 5872 1709 5901 ,
1742 5834 2135 5907 consopitaquc
2165 5845 2338 5903 esset,

2456 3348 2591 3403 ctari
2633 3349 3074 3405 animadvertat?
3102 3352 3235 3415 Quis
3272 3367 3436 3422 porro
3469 3369 3576 3407 non
3614 3354 3866 3410 Samon:
3900 3359 4040 3412 inte-

2456 3456 2581 3510 gras
2628 3441 2796 3493 animi
2850 3453 2903 3495 et
2960 3444 3206 3510 corporis
3258 3445 3401 3499 vires
3450 3460 3665 3499 suntme
3708 3446 4037 3512 admiretur,

2457 3546 2827 3601 perpetuoque
2888 3534 3131 3587 laborum
3193 3535 3296 3589 sibi
3356 3552 3482 3590 cum
3534 3536 3733 3592 habere
3786 3542 4038 3595 omnium

2456 3627 2667 3679 socium
2713 3626 3027 3681 desideret?
3061 3624 3287 3680 Valeant
3318 3626 3604 3695 iudiciaria
3636 3628 3923 3693 subsellia,
3956 3631 4041 3684 di-

2455 3719 2620 3772 viti:e.
2656 3716 2892 3769 honores
2927 3735 2941 3770 :
2991 3719 3241 3786 quamvis
3275 3719 3421 3770 enim
3462 3720 3573 3771 inec
3607 3719 3883 3775 illecebris
3918 3724 4038 3776 suis

2457 3807 2652 3859 blande
2701 3808 2764 3859 ad
2821 3823 2878 3860 5e
2927 3809 3143 3859 animos
3189 3808 3435 3859 omnium
3492 3808 3765 3871 allii-iant,
3818 3824 4036 3878 perma-

2455 3913 2733 3967 gnuinque
2771 3899 2837 3950 ad
2873 3898 3008 3950 bene
3048 3898 3314 3967 beateque
3346 3899 3635 3952 vivendqu
3677 3900 3881 3953 habere
3918 3918 4037 3955 tuo-

2455 3998 2701 4041 mentum
2733 3988 3037 4053 rideantur,
3071 3988 3427 4043 nihilominus
3453 3998 3653 4054 tamen,
3687 3994 3913 4061 quando
3939 4011 4035 4050 tus

2455 4083 2557 4134 ista
2590 4095 2803 4134 morum
2834 4080 3128 4149 probitate,
3170 4081 3546 4149 modestiaque
3571 4084 3672 4136 viri
3710 4084 3780 4138 ita
3822 4084 4032 4141 facien-

2453 4172 2582 4225 dum
2618 4173 2880 4236 censetis,
2912 4172 3114 4242 placeat
3154 4173 3284 4225 mihi
3319 4188 3539 4243 quoque
3582 4175 3766 4226 omnia
3810 4192 3876 4230 ex
3919 4177 4032 4232 for-

2455 4271 2598 4315 tuna:
2628 4262 2939 4316 temeritate
2969 4263 3225 4331 pendere,
3259 4277 3364 4330 qua
3395 4272 3752 4326 commutata,
3785 4279 3850 4317 ea
3888 4282 4030 4335 quo-

2452 4370 2560 4422 que
2609 4356 2938 4408 connnutari
2994 4370 3219 4409 necesse
3275 4355 3366 4408 sit.
3406 4353 3626 4416 Videte,
3677 4357 3896 4423 qualem
3946 4375 4031 4413 me

2452 4446 2717 4500 adversus
2746 4462 2842 4499 vos
2878 4461 3059 4515 geram
3099 4462 3113 4498 :
3145 4444 3348 4498 donate
3379 4445 3481 4498 hoc
3516 4444 3674 4509 mihi,
3716 4455 3776 4499 ut
3801 4449 4028 4503 meliora

2451 4539 2519 4592 de
2547 4537 2700 4593 vobis
2728 4538 2931 4607 possim
2952 4552 3193 4607 sperare.
3220 4536 3326 4599 Tu,
3350 4535 3547 4599 Guria,
3573 4538 3817 4591 adhibita
3849 4541 3945 4594 tibi
3974 4543 4026 4595 iu

2452 4630 2741 4685 consilium
2794 4646 2893 4694 ca,
2939 4645 3046 4698 qna
3085 4630 3289 4698 pollere
3333 4630 3530 4684 solitus
3564 4644 3659 4692 es,
3701 4631 4025 4699 prudentia,

2446 4740 2772 4793 summaque
2800 4725 3101 4792 eademque
3143 4731 3383 4791 spectata
3416 4723 3678 4777 omnibus
3716 4723 3819 4777 ista
3856 4727 4023 4778 animi

2448 4816 2525 4870 tui
2587 4816 2963 4885 magnitudine
3019 4817 3409 4884 gravitateque.
3445 4813 3525 4867 Tu
3563 4830 3714 4881 vero,
3759 4816 4022 4880 Sanioua,

2446 4909 2623 4963 solido
2661 4925 2690 4962 a
2736 4921 2785 4962 te
2820 4910 2925 4962 isto
2956 4924 3021 4962 ac
3058 4907 3239 4961 vivido
3288 4908 3538 4975 corporis
3589 4909 3784 4962 robore
3829 4919 3929 4964 tuo
3958 4912 4023 4964 ad

2449 5002 2588 5070 regis
2625 5002 2892 5055 culturam
2961 5001 3227 5055 translato
3265 5000 3339 5069 (id
3374 5000 3519 5069 quod
3552 5001 3717 5054 etiam
3752 5000 4022 5066 futurum,

2446 5094 2703 5147 hesterna
2753 5095 2841 5147 die
2893 5093 3091 5147 tlivinre
3126 5093 3258 5145 niibi
3312 5092 3532 5161 Sibyllae
3564 5090 4021 5160 conﬁrmarunt);

2448 5189 2650 5251 nolite,
2711 5203 2929 5256 quaeso,
2986 5187 3058 5239 ita
3110 5186 3408 5239 crudeliter
3436 5185 3752 5252 duritcrque
3785 5189 4019 5249 vestris,

2443 5279 2645 5349 quibus
2682 5294 2780 5332 vos
2810 5287 3004 5331 natura
3038 5278 3260 5346 largiter
3286 5277 3457 5341 auxit,
3488 5276 3647 5329 bonis
3675 5278 3849 5330 abuti.
3887 5275 4017 5329 Nam

2446 5387 2475 5426 a
2506 5387 2591 5425 me
2613 5372 2832 5427 quidem
2858 5372 3295 5426 misericordiam
3321 5372 3612 5426 adversum
3640 5385 3735 5425 vos
3754 5374 4016 5426 aufertis:

2447 5388 2475 5426 a
2506 5388 2591 5425 me
2654 5388 2832 5427 utuem
2858 5388 3295 5426 misericordiam
3321 5388 3612 5426 adversum
3640 5388 3735 5425 vos
3754 5388 4016 5426 auterus:

2447 5480 2543 5519 vos
2584 5388 2713 5519 viro
2760 5465 2814 5517 in
2873 5464 3253 5533 turpissimam
3296 5478 3483 5519 necem
3537 5463 3907 5534 compingitis,
3960 5480 4021 5520 ac

2445 5556 2724 5609 maleﬁcos
2753 5555 3005 5610 homines
3048 5553 3360 5619 imitamini,
3403 5553 3497 5623 qui
3547 5554 3751 5609 misere
3780 5556 4021 5610 soletnos

2443 5648 2547 5718 ipsi
2605 5647 2711 5705 sibi
2761 5658 2991 5702 mortem
3040 5647 3417 5702 consciscunt.
3466 5646 3646 5717 Atque
3703 5646 4017 5716 huiusmodi

2442 5740 2663 5810 quidem
2697 5740 2864 5795 astuti
2886 5740 3089 5811 iudicis
3117 5749 3173 5795 et
3205 5741 3343 5797 ratio
3366 5747 3421 5795 et
3446 5739 3623 5795 oratio
3649 5736 3778 5794 fuit.

2514 5833 2656 5891 λιιι.
2686 5836 2828 5901 Quid
2858 5850 2986 5892 vero
3027 5836 3127 5892 viri
3184 5836 3471 5893 fortissimi
3507 5835 4023 5908 imperterritique?
