4252 6436
281 438 392 501 703

1145 425 1428 487 ORATIO
1458 424 1554 484 DE
1594 426 1697 483 SS.
1732 420 2060 495 SAMONA,
2096 422 2341 483 GURIA
2383 422 2477 482 ET
2507 419 2753 481 ABIBO.

3434 419 3543 484 τρι

288 551 518 604 Easdem
554 546 588 600 ii
629 544 889 599 nimirum
920 540 986 596 ad
1019 555 1144 593 eum
1177 539 1499 607 capiendum
1536 545 1680 589 artes
1703 533 1856 587 adbi-
1892 541 1932 593 Α
1966 534 2175 601 abjiwta
2220 548 2470 600 persona,
2499 542 2681 599 aperta
2727 529 3061 598 impudentia
3094 529 3145 582 in
3186 544 3373 584 necem
3418 548 3543 585 san-

288 654 488 703 tuiere,
537 637 735 708 quibus
787 636 958 689 fretus
1012 633 1121 695 ille,
1168 647 1263 685 eos
1305 646 1363 684 se
1405 630 1530 682 dolo
1573 638 1857 693 rapturum

287 732 562 800 sperabat.
602 728 733 782 Nam
768 728 899 797 quid
948 736 1053 789 est,
1082 726 1354 793 inquiunt.
1394 720 1539 791 quod
1580 730 1861 788 tantopere

287 844 313 874 ιι
338 822 629 879 .senteutit.
672 831 856 873 nostra
885 832 983 870 nos
1016 816 1191 869 valeat
1229 812 1546 866 dimovi‘re?
1585 808 1860 878 Numquid

292 917 585 967 vehemens
622 913 857 965 fortasse
889 908 1161 963 instabilis
1198 906 1319 959 vita),
1361 905 1524 971 hujus
1555 900 1863 971 cupiditas?

290 1005 395 1057 Sed
420 1006 679 1074 quidnam
732 1013 838 1066 est,
888 1016 1094 1070 quteso,
1134 1014 1197 1051 ex
1236 996 1514 1057 omnibus,
1550 1011 1670 1063 (μιξρ
1705 995 1755 1047 in
1799 1008 1861 1046 ea

295 1100 562 1151 habentur
609 1095 871 1163 jucunda,
911 1106 1020 1162 quo
1061 1092 1277 1165 animus
1310 1097 1495 1142 noster
1537 1097 1699 1156 queat
1740 1101 1861 1155 per-

293 1189 538 1243 moveri?
582 1189 774 1239 Annon
850 1181 1243 1235 animadvertis
1302 1193 1402 1232 nos
1470 1179 1709 1247 optimos
1766 1190 1861 1228 vos

293 1292 458 1337 testes
489 1280 705 1338 habere,
740 1273 1044 1343 cujusmodi
1083 1274 1185 1325 hoc
1213 1272 1301 1333 sit,
1326 1285 1436 1338 quo
1469 1286 1587 1321 smn
1622 1269 1767 1321 circu
1782 1282 1863 1318 m-

292 1374 547 1435 amictus,
604 1367 1010 1436 corpusculum,
1053 1379 1217 1433 quam
1285 1360 1627 1429 paucissimis
1678 1359 1742 1410 a.|
1805 1372 1863 1409 sc

293 1468 347 1519 in
390 1464 498 1517 vita
549 1461 812 1514 tuendum
861 1466 1217 1514 Contentum,
1270 1464 1323 1507 et
1366 1452 1622 1520 expedito
1658 1448 1862 1502 Christi

294 1556 452 1608 militi
504 1565 766 1621 perquam
800 1547 997 1611 simile,
1036 1545 1128 1614 qui
1165 1544 1230 1596 ad
1262 1543 1446 1595 omnia
1476 1540 1677 1593 tribuni
1710 1538 1860 1606 jussa

291 1645 647 1714 «sequenda
707 1644 975 1709 sitquam
1024 1638 1432 1705 paratissimus,
1488 1634 1692 1703 quique
1722 1631 1866 1683 velut

294 1753 458 1806 snper
494 1734 811 1788 tenuissima
860 1742 1010 1792 rate,
1054 1731 1177 1781 vim:
1205 1725 1369 1795 hujus
1417 1728 1639 1794 pelagus
1681 1734 1862 1776 trans-

300 1830 502 1889 mittat,
569 1840 640 1878 ne
676 1838 784 1890 qua
818 1837 875 1875 re
918 1829 1179 1890 gravante
1230 1816 1482 1884 impedita
1514 1815 1633 1878 illa,
1678 1827 1863 1865 ncces-

296 1921 443 1975 surio
497 1931 719 1971 cursum
790 1914 996 1967 tardius
1051 1910 1337 1964 eunticiat?
1397 1908 1551 1963 Unde
1618 1907 1783 1975 igitur
1836 1920 1864 1957 a
1897 1907 1943 1964 B

296 2010 563 2065 sententia
608 2023 693 2062 me
732 2021 848 2061 mea
896 2007 1103 2075 poteris
1155 2000 1449 2055 revocare?
1478 1998 1745 2069 quibusve
1774 2012 1868 2049 ca-

298 2120 425 2171 pere
478 2100 892 2161 blandimentis,
926 2106 985 2149 ttt
1035 2110 1119 2149 me
1170 2110 1256 2148 res
1288 2094 1410 2146 vita
1450 2091 1613 2161 hujus
1648 2103 1867 2158 permo-

297 2204 477 2255 vimnt,
514 2192 607 2260 qui
645 2189 895 2242 maxima
927 2186 1072 2240 illius
1107 2186 1219 2254 jam
1259 2184 1395 2253 parti
1429 2193 1678 2234 mortuus
1706 2179 1871 2233 sum?

293 2284 496 2352 quippe
520 2284 609 2352 qui
636 2279 1004 2349 voluptatibus
1025 2274 1439 2331 contemnendis
1461 2276 1575 2341 ipse
1601 2272 1653 2324 in
1682 2270 1873 2323 volun-

300 2378 498 2428 taiiam
537 2389 622 2427 me
666 2381 897 2425 mortem
941 2368 1285 2427 tradiderim,
1334 2375 1496 2434 atque
1525 2364 1628 2416 hoc
1657 2362 1871 2430 ipsutu,

294 2463 441 2532 quod
475 2477 619 2516 nunc
654 2463 797 2523 vivo,
823 2474 890 2513 eo
922 2458 1097 2511 vivam
1124 2495 1139 2518 ,
1165 2455 1311 2523 quod
1336 2455 1457 2523 ejus
1489 2453 1735 2516 iniussu,
1776 2449 1871 2520 qui

297 2572 386 2609 me
416 2556 469 2607 in
501 2555 664 2607 vitam
696 2552 931 2613 induxit,
965 2549 1131 2603 nolim
1158 2549 1307 2600 exire
1329 2545 1395 2599 de
1427 2546 1556 2598 vita.
1590 2542 1870 2613 Siquidem

299 2662 427 2699 eum
464 2646 715 2714 jubemur
777 2652 1125 2711 exspectare,
1164 2641 1293 2691 dum
1323 2637 1594 2691 vinculum
1620 2636 1814 2698 solvat,
1843 2650 1873 2689 a

295 2753 409 2805 quo
457 2738 713 2788 nimirum
765 2735 819 2786 in
855 2747 976 2785 eam
1005 2730 1204 2783 fuimus
1235 2728 1447 2797 illigati.
1485 2727 1550 2781 Et
1582 2726 1734 2795 quid,
1770 2727 1871 2778 ob.

298 2845 457 2883 secro
478 2868 494 2893 ,
550 2841 727 2879 nonne
767 2827 870 2877 hoc
897 2836 1125 2878 summa:
1158 2831 1303 2873 esset
1326 2819 1613 2872 dementia
1632 2856 1646 2881 ,
1674 2816 1874 2885 quibus

294 2920 518 2989 juvenis
555 2919 811 2971 nuntium
860 2916 1221 2975 remisissem,
1265 2912 1350 2965 liis
1397 2910 1582 2963 denuo
1606 2910 1876 2978 cupidita.

299 3026 408 3065 tem
442 3011 577 3063 Velle
613 3009 851 3070 irritare,
880 3014 1044 3073 atque
1073 3020 1160 3062 ea,
1189 3019 1313 3071 qua:
1342 3000 1668 3070 jampridem
1700 2998 1876 3051 omni-

304 3106 429 3163 bus,
461 3100 553 3170 qui
588 3114 648 3153 ea
682 3099 903 3163 vellent,
939 3098 1114 3149 libens
1146 3094 1502 3156 dlmisissem,
1542 3094 1729 3162 gratia:
1762 3092 1878 3144 loco

301 3208 450 3245 nunc
485 3192 735 3260 cupidius
760 3187 1054 3258 appetere?
1082 3190 1387 3255 prtesertim
1413 3200 1536 3239 cum
1572 3184 1701 3237 illud
1731 3191 1878 3237 esset

304 3294 605 3347 t.:certuin,
639 3299 707 3336 au
750 3283 842 3336 diu
891 3281 1055 3335 simul
1098 3296 1161 3334 ac
1200 3296 1260 3332 ea
1290 3294 1465 3332 essem
1505 3278 1760 3345 adeptus,
1797 3276 1878 3329 eis

303 3380 435 3433 mihi
469 3392 660 3431 secure
704 3391 798 3444 per
826 3374 1000 3426 otium
1032 3373 1136 3425 l‘rui
1170 3372 1374 3425 liceret.
1407 3370 1510 3424 Sed
1544 3380 1598 3423 ut
1630 3371 1878 3436 adempta

306 3484 532 3538 prorsus
567 3468 636 3522 sit
659 3466 842 3521 omnis
870 3466 937 3519 de
978 3466 1081 3518 hac
1108 3481 1167 3517 re
1216 3464 1508 3527 dubitatio,
1545 3462 1685 3515 haud
1716 3460 1880 3513 dubie

306 3563 352 3613 is
400 3560 655 3627 degeneri
704 3556 1065 3625 illiberalique
1106 3571 1166 3610 se
1208 3569 1333 3608 esse
1363 3558 1550 3607 animo
1593 3551 1878 3614 ostendat,

303 3655 397 3722 qui
456 3655 618 3706 rebus
665 3653 885 3705 aeternis
924 3651 1160 3705 caducas
1194 3656 1524 3716 anteponat,
1558 3646 1878 3699 stabilibus-

304 3762 433 3814 que,
485 3759 547 3796 ac
584 3741 1037 3811 prrinauentibus
1080 3755 1166 3801 ea,
1209 3754 1331 3807 qua:
1379 3738 1539 3791 citius
1592 3735 1876 3795 dillluunt,

305 3850 471 3900 quam
524 3834 823 3886 consistere
884 3829 1179 3898 potuerint.
1240 3826 1305 3879 Et
1352 3825 1495 3894 quod
1543 3826 1761 3893 quidem
1811 3822 1876 3875 ad

310 3941 396 3978 me
432 3924 649 3987 attinet,
684 3924 787 3976 huc
822 3924 985 3975 modo
1015 3937 1030 3973 :
1067 3920 1188 3985 Quo
1222 3927 1379 3986 parto
1410 3931 1547 3986 vero,
1576 3916 1739 3967 etiam
1781 3915 1879 3965 Sa-

312 4034 531 4071 muuam
596 4017 738 4069 hunc
789 4016 919 4083 (pro
970 4028 1036 4067 eo
1080 4028 1228 4064 enim
1280 4012 1491 4077 loquor,
1532 4009 1677 4078 quod
1728 4007 1773 4059 is
1827 4014 1881 4059 et

309 4110 478 4161 animi
509 4123 797 4169 sensuum,
839 4116 893 4158 et
927 4104 1201 4173 praeclara:
1224 4102 1386 4170 hujus
1426 4098 1881 4169 peregrinationis

312 4205 443 4253 mihi
474 4200 657 4254 Socios
686 4201 793 4267 est)
825 4214 855 4250 a
882 4213 1017 4251 sano
1042 4212 1145 4250 suo
1175 4194 1341 4249 animi
1370 4191 1651 4263 proposito
1680 4190 1880 4259 poteris

309 4310 540 4347 timeare
560 4294 581 4345 ?

385 4386 525 4439 λιν.
556 4385 710 4439 Dices
741 4385 996 4447 lortasse,
1024 4398 1132 4437 non
1158 4380 1446 4436 convenire
1482 4377 1877 4432 adolescentem

311 4490 475 4533 aetate
524 4480 767 4547 integra,
816 4487 871 4530 et
918 4476 1127 4529 viribus
1172 4475 1416 4542 corporis
1460 4467 1878 4530 valentissimis,

1971 637 2182 677 ciorum
2227 639 2466 693 przeceps
2509 624 2634 675 ruit.
2669 621 2901 674 Mirabili
2942 620 3107 687 igitur
3139 621 3396 674 inrettsus
3434 624 3542 676 ira-

1970 716 2190 778 cundia,
2226 715 2291 767 iis
2322 714 2567 767 celeriter
2602 717 2665 766 ad
2702 729 2759 765 se
2794 713 3099 775 accersitis,
3139 728 3374 781 quorum
3420 730 3542 767 niu-

1970 824 2074 861 nns
2115 818 2197 861 est
2233 806 2538 859 istiusmodi
2580 805 2926 857 earnilieiuas
2966 819 3241 866 exercere,
3298 805 3542 865 mandat,

1972 910 2028 952 ut
2079 900 2207 951 fune
2249 900 2417 951 altera
2473 912 2634 949 manu
2692 897 2948 963 religatos
2989 904 3279 963 martyres,
3331 895 3421 947 diu
3473 894 3544 947 ita

1971 992 2233 1044 sublimes
2266 998 2487 1042 teneant
2527 1006 2540 1040 :
2576 988 2776 1055 quibus
2808 998 3170 1055 praeterquam
3204 986 3348 1053 quod
3380 985 3548 1038 totius

1970 1083 2214 1151 corporis
2243 1081 2482 1150 pondere
2531 1080 2734 1145 gravati
2771 1079 3183 1140 divellebantur,
3216 1079 3280 1130 ad
3324 1078 3544 1146 majoris

1970 1178 2130 1227 etiam
2168 1184 2423 1241 pia-terea
2466 1186 2687 1225 sensum
2726 1170 2954 1235 dolonis,
3010 1171 3408 1225 intolerandum
3451 1184 3544 1241 pe-

1969 1268 2130 1320 dibus
2155 1266 2326 1332 aptari
2366 1263 2580 1335 pondus
2605 1262 2778 1331 jubet.
3330 1260 3343 1274 '

2040 1397 2156 1453 XV.
2192 1397 2396 1451 Norunt
2438 1397 2704 1467 plerique,
2756 1394 2848 1449 scd
2879 1394 3122 1447 ouminm
3159 1394 3393 1446 maxime
3438 1408 3549 1446 me-

1969 1490 2164 1543 dicina?
2199 1489 2336 1542 artis
2381 1489 2576 1557 periti,
2614 1488 2708 1556 qui
2750 1497 2963 1540 natura),
2996 1502 3196 1539 arcana
3245 1486 3344 1553 ipsi
3379 1485 3550 1539 subti-

1972 1582 2077 1634 lius
2115 1580 2462 1647 indagarunt,
2520 1594 2686 1646 quam
2739 1577 3101 1631 intolerabilis
3137 1578 3283 1631 illius
3315 1578 3387 1630 sit
3420 1592 3548 1630 cru-

1972 1673 2147 1725 ciatus
2180 1671 2334 1723 dolor
2366 1670 2418 1723 in
2448 1672 2644 1739 quovis
2675 1670 2973 1731 animante,
3009 1670 3057 1723 si
3096 1680 3336 1723 extrema
3371 1671 3550 1739 aliqua

1972 1759 2055 1813 sui
2088 1768 2239 1828 parte
2269 1774 2595 1827 suspensum
2630 1769 2902 1822 teneatur,
2932 1768 3097 1826 atque
3132 1760 3185 1812 in
3217 1775 3337 1812 eam
3381 1775 3544 1811 unam

1974 1850 2287 1903 universum
2363 1851 2611 1919 corporis
2678 1850 2848 1902 totius
2913 1851 3128 1917 pondus
3191 1851 3473 1903 recumbat
3535 1866 3548 1901 :

1972 1940 2173 2009 quippe
2200 1956 2322 1993 cum
2348 1942 2555 1993 ossium
2583 1955 2873 2008 compages
2897 1942 2948 1992 in
2978 1957 3044 1993 eo
3071 1942 3198 2002 sint,
3235 1951 3294 1994 ut
3320 1940 3547 2009 jamjam

1972 2031 2338 2086 disrludcndm
2374 2032 2503 2093 sint,
2538 2031 2799 2100 nervique
2829 2034 2929 2099 ipsi
2966 2034 3074 2085 sint
3103 2043 3298 2101 prazter
3327 2035 3550 2085 modum

1971 2124 2215 2187 distenti,
2252 2135 2305 2177 et
2336 2123 2568 2177 musculi
2598 2124 2867 2184 distracti,
2899 2135 2949 2177 et
2987 2135 3133 2177 totus
3162 2125 3277 2193 ipse
3307 2126 3553 2193 corporis

1976 2229 2208 2270 truncus
2240 2224 2431 2281 suopte
2456 2224 2615 2282 atque
2640 2215 2817 2269 alieno
2838 2216 3001 2268 etiam
3035 2217 3274 2285 pondere
3296 2217 3554 2270 diductus

1974 2306 2381 2377 constringatur
2424 2326 2436 2360 :
2476 2306 2673 2361 deinde
2720 2323 2843 2361 cum
2884 2309 3150 2361 naturalis
3203 2311 3400 2361 humor
3447 2324 3555 2361 una

1974 2415 2099 2452 cum
2155 2400 2380 2452 animali
2429 2401 2658 2469 spiritu,
2713 2414 2820 2469 qua
2880 2400 3096 2466 quidem
3150 2402 3202 2453 in
3254 2402 3557 2453 exteriores

1974 2502 2156 2561 partes
2181 2501 2519 2555 coaretetur,
2556 2507 2662 2561 qua
2697 2507 2827 2545 vero
2855 2503 3076 2561 propter
3104 2503 3378 2546 meatuutu
3416 2508 3554 2546 cou-

1973 2584 2321 2652 stipationem
2345 2584 2527 2652 egredi
2561 2585 2934 2653 prohibeatur,
2961 2585 3178 2654 gravior
3201 2586 3253 2639 in
3278 2586 3554 2639 animante

1977 2675 2251 2727 excitatur
2275 2674 2483 2730 doloris
2516 2675 2617 2737 vis,
2650 2676 2791 2729 inter
2821 2686 3015 2731 czeteia
3045 2676 3231 2729 omnia
3262 2677 3363 2731 hoc
3387 2678 3551 2731 etiam

1978 2766 2119 2834 ipso,
2175 2767 2318 2833 quod
2369 2766 2549 2819 exitus
2594 2768 2647 2819 in
2692 2767 2919 2820 elisione
2969 2767 3338 2835 pra-cluditur,
3382 2783 3559 2837 eoque

1978 2858 2174 2927 magis,
2195 2859 2240 2912 si
2263 2858 2525 2911 distensio
2553 2873 2673 2926 quze
2708 2858 2787 2920 tit,
2813 2875 2878 2912 ex
2906 2859 3173 2913 diametro
3205 2860 3438 2921 exsistit,
3464 2860 3559 2930 qui

1976 2948 2195 3015 quidem
2246 2946 2458 3013 longior
2495 2947 2840 3015 exc0gitatus
2891 2947 2983 3009 sit,
3028 2963 3196 3015 quam
3242 2949 3313 3002 sit
3346 2952 3556 3017 qumvis

1978 3050 2250 3091 rectarum
2280 3038 2514 3105 partium
2550 3040 2725 3091 media
2757 3040 2921 3092 linea.
2945 3038 3063 3092 Tali
3101 3038 3267 3107 igitur
3295 3047 3557 3109 tantoque

1982 3128 2203 3183 Satanae
2252 3130 2628 3183 ministrorum
2664 3130 2887 3183 solertia
2923 3140 3236 3197 comparato
3262 3140 3555 3193 tormento,

1900 3244 1946 3309 ρ
1982 3237 2107 3275 cum
2142 3222 2197 3273 in
2228 3236 2293 3275 eo
2330 3236 2425 3289 per
2450 3220 2747 3274 dimidiata:
2782 3219 2888 3275 diei
2936 3223 3196 3289 spatium,
3229 3237 3404 3291 eoque
3444 3237 3556 3276 am—

1983 3313 2125 3381 plius
2184 3310 2258 3363 illi
2298 3320 2612 3364 constanter
2670 3324 3137 3381 perseverassent,
3192 3314 3281 3366 ubi
3323 3329 3380 3366 se
3421 3314 3555 3366 nihil

1983 3406 2246 3472 prolicere
2304 3402 2505 3471 impius
2556 3404 2722 3471 judex
2758 3404 3164 3469 animadvertit,
3206 3421 3237 3458 a
3290 3407 3558 3475 supplicio

1983 3497 2201 3549 tandem
2237 3496 2489 3559 relaxari,
2523 3509 2687 3564 atque
2720 3498 2772 3549 in
2802 3498 3249 3551 obscurissimum
3283 3515 3555 3552 carcerem

1984 3592 2125 3644 trmli
2177 3602 2443 3659 martyres
2486 3590 2673 3659 jubet,
2718 3592 2903 3660 ibique
2937 3593 3194 3645 diuturna
3244 3607 3339 3645 eos
3382 3593 3555 3645 inedia

1983 3685 2271 3736 macerari.
2309 3681 2445 3734 Tum
2479 3683 2710 3751 quaestio
2741 3700 2954 3742 rursus,
2991 3697 3043 3736 et
3088 3691 3361 3736 tormenta
3401 3685 3557 3750 longe

1981 3776 2237 3827 omnibus
2281 3774 2366 3838 iis,
2419 3788 2541 3841 quae
2588 3783 3007 3843 praecesserant,
3045 3774 3297 3842 graviora
3358 3774 3554 3827 imma-

1982 3881 2267 3935 moraque.

2052 4021 2190 4076 XVI.
2225 4022 2497 4075 Caeterum
2530 4023 2749 4077 Curiam
2804 4022 2929 4087 ille,
2964 4033 3153 4093 utpote
3192 4033 3246 4079 et
3282 4034 3561 4079 senectute

1978 4114 2085 4182 jam
2120 4125 2173 4167 et
2216 4114 2417 4176 inedia,
2465 4124 2517 4168 et
2548 4113 2635 4177 iis,
2669 4128 2811 4183 quos
2861 4115 3021 4181 paulo
3070 4124 3195 4169 ante
3241 4117 3557 4183 pertulerat,

1980 4206 2312 4261 cruciatibus
2367 4221 2503 4274 pene
2539 4206 2873 4270 confectum,
2898 4206 3085 4259 statuit
3117 4211 3401 4261 tormentis
3434 4223 3553 4261 am-

1982 4298 2123 4367 plius
2157 4313 2263 4351 non
2306 4299 2586 4359 divexare,
2647 4313 2733 4362 nc,
2786 4298 2829 4351 si
2872 4297 2921 4350 id
2981 4300 3153 4359 lieret,
3186 4298 3423 4351 animam
3465 4298 3559 4351 ille

1983 4391 2122 4443 inter
2162 4400 2451 4453 tormenta,
2495 4391 2811 4460 priusquam
2844 4390 3109 4443 voluisset
3144 4390 3278 4458 ipse,
3312 4399 3367 4444 et
3392 4391 3556 4445 lentis

1980 4497 2104 4534 eum
2166 4481 2345 4550 pannis
2379 4480 2669 4544 all‘ecisset,
2708 4483 3035 4549 exspiraret,
3072 4488 3233 4547 atque
3258 4480 3361 4534 hoc
3395 4480 3556 4533 modo

313 4569 526 4623 \‘inlldi
562 4571 723 4621 liuent
754 4568 954 4631 facere,
987 4574 1042 4620 et
1075 4574 1202 4619 ante
1232 4562 1588 4632 praestitutam
1624 4560 1729 4614 sibi
1759 4558 1881 4611 vita:
1914 4583 1956 4633 ο
1987 4586 2082 4641 spe
2134 4574 2309 4641 ipsum
2364 4574 2604 4627 ηηχίηη
2657 4572 2987 4625 dumpar“,
3043 4571 3325 4640 Siquidem
3364 4570 3555 4625 εχίειί-

313 4664 494 4727 diem,
544 4662 612 4714 de
666 4662 773 4713 vita
814 4660 950 4713 velle
1002 4659 1285 4712 decedere.
1345 4656 1556 4718 Fateor,
1607 4654 1749 4723 viget
1797 4652 1885 4705 ille

316 4754 537 4824 quidem
563 4762 741 4811 aetate.
768 4751 861 4805 sed
896 4750 1006 4804 Deo
1029 4753 1193 4818 viget,
1225 4749 1367 4802 unde
1395 4758 1449 4802 et
1472 4748 1709 4815 vigorem
1734 4746 1883 4797 illum

318 4844 532 4913 accepit
570 4861 584 4895 :
621 4843 764 4909 viget
805 4842 931 4893 item
971 4840 1201 4901 viribus,
1237 4838 1329 4892 sed
1362 4838 1466 4889 hoc
1499 4849 1716 4904 quoque
1750 4834 1887 4885 inter

320 4952 409 4991 res
434 4935 672 4989 maxime
704 4930 1006 4986 laudabiles
1038 4939 1143 4992 est,
1170 4945 1290 4998 qua:
1315 4938 1471 4982 aetate
1501 4935 1628 4981 sunt
1657 4925 1885 4992 integra,

317 5042 373 5083 ct
403 5029 613 5082 viribus
647 5026 841 5087 ﬁrmis,
868 5040 930 5078 ea
962 5024 1037 5077 illi
1065 5022 1281 5087 oﬂ‘erre,
1313 5023 1398 5075 cui
1428 5032 1583 5073 vetus
1611 5022 1771 5071 etiam
1805 5018 1888 5068 lex

316 5132 524 5189 gratam
554 5119 824 5172 victimam
850 5117 1026 5178 oll'ert,
1066 5114 1292 5167 vitulum
1331 5112 1625 5173 novellum,
1650 5118 1704 5163 et
1731 5117 1887 5161 actate

320 5215 600 5264 llorrnteut
625 5251 642 5274 ,
687 5208 945 5261 cornibus
989 5222 1133 5259 nunc
1165 5204 1457 5275 primulum
1493 5218 1549 5255 se
1588 5201 1731 5255 foras
1772 5208 1885 5251 tru-

320 5302 597 5363 deutibus,
622 5312 674 5354 et
697 5300 914 5369 ungulis
934 5301 1211 5352 decorum.
1239 5296 1385 5349 Talis
1405 5296 1566 5348 etiam
1602 5296 1887 5354 Santonus,

323 5395 415 5447 tali
470 5394 633 5450 etiam
673 5394 924 5446 similiter
960 5390 1299 5452 immoletur,
1338 5386 1549 5440 ﬂorenti
1592 5387 1889 5438 etiamnum

322 5495 503 5547 :etate,
554 5495 610 5538 et
656 5485 845 5537 nitenti
884 5484 1020 5537 facie
1060 5500 1073 5536 :
1120 5498 1224 5535 non
1256 5492 1431 5533 autem
1466 5481 1519 5532 in
1561 5486 1890 5530 senectutem

320 5594 433 5645 jam
462 5586 737 5644 vergente,
764 5590 829 5627 ne
860 5574 1093 5629 fortasse
1131 5570 1278 5641 rugis
1316 5574 1478 5624 etiam
1510 5567 1890 5621 insidiantium

324 5668 495 5725 nobis
542 5683 808 5723 annorum
852 5674 1174 5733 corruptus,
1210 5660 1624 5718 ticlimmvitiet
1673 5657 1893 5727 integri-

328 5774 514 5817 tatem.
548 5761 645 5817 llis
674 5760 896 5821 auditis,
931 5767 1145 5812 astutus
1175 5758 1261 5810 ille
1293 5770 1357 5809 ac
1389 5764 1676 5816 veterator,
1713 5752 1895 5806 conl‘eo

323 5869 453 5911 sunt
488 5868 659 5924 spem,
702 5870 864 5924 quam
897 5862 1213 5920 conceperat
1240 5890 1255 5914 ,
1284 5848 1485 5903 amisit.
1526 5845 1891 5913 Quamobrem

1992 4665 2180 4718 mahat
2237 4681 2295 4719 se
2342 4665 2499 4729 illum,
2524 4669 2748 4719 omnino
2800 4663 3095 4733 aliquando
3149 4672 3449 4727 tentatum,
3501 4664 3554 4717 in

1988 4764 2305 4825 potestatem
2336 4772 2492 4811 suam
2526 4758 2892 4816 redacturum,
2919 4754 3119 4823 quippe
3154 4763 3248 4807 aut
3280 4754 3555 4809 blanditiis

1989 4847 2290 4899 etnollitum
2334 4857 2428 4898 aut
2467 4848 2753 4900 tormentis
2783 4846 3014 4899 fractum
3060 4846 3124 4897 iri
3157 4846 3369 4899 animos
3398 4844 3517 4913 ejus
3541 4886 3554 4905 .

1990 4948 2083 4992 aut
2108 4940 2341 5006 denique
2374 4938 2488 4992 fore
2543 4950 2621 5001 ut,
2659 4956 2783 4993 cum
2813 4940 3035 5001 videret,
3069 4940 3267 5008 quibus
3303 4940 3392 4992 alii
3433 4954 3558 4992 cru-

1991 5030 2224 5084 ciatibus
2242 5030 2602 5092 adicerentur,
2632 5032 2809 5085 alieno
2830 5032 3069 5099 periculo
3088 5031 3343 5090 disceret,
3366 5047 3558 5099 quem-

1993 5119 2282 5170 admodum
2331 5135 2426 5171 cos
2474 5120 2607 5187 ipse,
2665 5120 2919 5172 mutanda
2989 5121 3255 5173 sententia
3314 5135 3432 5179 sua,
3465 5121 3559 5173 de-

1993 5210 2234 5263 clinaret.
2283 5211 2474 5263 \‘ernui
2522 5212 2815 5264 Samonam
2838 5252 2851 5275 ,
2893 5213 3035 5280 quod
3065 5229 3187 5265 eum
3222 5223 3273 5265 et
3304 5212 3555 5280 juvenem

1993 5301 2220 5365 videret,
2269 5314 2321 5353 et
2359 5304 2663 5362 robustum,
2719 5311 2989 5357 tormento
3031 5302 3210 5354 denuo
3252 5300 3558 5367 aggreditur:-

1993 5393 2260 5446 atrociore
2300 5393 2489 5460 longe,
2543 5404 2597 5445 et
2646 5409 2810 5463 supra
2856 5408 3019 5461 quam
3070 5391 3177 5445 dici
3220 5390 3559 5458 cogitariquc

1994 5484 2185 5551 possit,
2238 5482 2462 5550 majore,
2511 5498 2674 5551 quam
2715 5493 2891 5538 antea.
2935 5480 3069 5535 Nam
3108 5496 3173 5535 ex
3215 5482 3385 5533 altero
3426 5480 3559 5548 pede

1993 5574 2273 5646 capiteque
2294 5589 2420 5628 eum
2446 5576 2736 5629 sublimem
2761 5583 3045 5637 statutum,
3070 5572 3306 5641 pondere
3328 5570 3556 5624 alterum

1997 5660 2123 5718 ferri
2154 5664 2457 5720 incredibili
2491 5666 2542 5719 iu
2573 5666 2846 5719 diversum
2876 5665 3108 5718 distrahi
3136 5662 3330 5730 jussit,
3360 5662 3561 5730 quippe

1994 5757 2081 5810 cui
2112 5768 2319 5811 certum
2349 5767 2527 5820 esset,
2580 5758 2730 5810 illum
2766 5772 2991 5826 prorsus
3036 5758 3138 5808 hoc
3177 5754 3338 5806 modo
3366 5768 3561 5819 quam-

1996 5850 2229 5920 primum
2266 5850 2398 5905 vcllc
2455 5850 2785 5919 discerpere.
2829 5848 2903 5902 Ex
2955 5862 3065 5918 quo
3111 5846 3327 5917 quidem
3359 5844 3561 5900 laetum
