4252 6436
285 409 387 468 797

1186 400 1469 457 ORATIO
1510 398 1604 457 DE
1652 397 2065 456 TRANSLAT.
2111 397 2168 456 S.
2211 395 2612 454 EUTHYMH.

3399 392 3506 456 798

282 531 432 569 mora
471 512 880 583 promptissimi,
943 521 991 562 et
1033 511 1082 559 in
1141 508 1432 561 tribuendo
1469 506 1614 574 quod
1647 508 1842 575 cuique
1874 522 1910 566 Α
1944 517 2197 574 pra-terea
2223 511 2384 559 etiam
2409 505 2751 572 sanctitatem
2773 519 2785 555 :
2811 516 2974 571 quam
3003 501 3217 555 aliunde
3235 519 3498 572 nusquam

273 606 547 663 convenit,
590 603 816 656 minime
852 602 1001 653 lenti.

348 695 506 749 ΧΧἸΙ.
541 694 776 748 Prorsus
821 693 932 760 jam
956 732 970 751 ,
1002 706 1035 743 0
1091 705 1245 744 sacer
1272 698 1596 744 conventus.
1635 704 1697 741 ac
1733 688 1841 740 Dro

272 786 452 839 dicata
489 785 703 846 concio,
766 783 896 837 mihi
935 785 1154 852 quidem
1197 783 1472 850 persoluta
1526 793 1672 843 sunt,
1725 795 1844 850 qua:

275 875 428 927 vobis
459 888 605 925 cram
637 873 929 941 pollicitus,
962 883 1013 925 et
1044 872 1307 925 orationis
1338 886 1491 924 caena
1526 881 1710 940 parata
1738 881 1842 934 est,

275 977 328 1016 et
354 979 472 1031 qua:
499 966 562 1015 ad
592 964 1030 1032 repra-seulanda
1063 972 1360 1031 martyrum
1398 964 1692 1015 certamina
1726 977 1844 1030 pcr-

276 1055 520 1107 tiuebant
542 1094 556 1117 ,
588 1055 752 1106 veluti
788 1055 838 1104 in
884 1054 1008 1105 albo
1040 1053 1256 1106 aurium
1289 1063 1592 1105 vestrarum
1643 1068 1740 1120 pro
1771 1053 1846 1102 vi-

281 1145 434 1197 ribus
477 1144 744 1197 deliueata
794 1159 822 1198 a
857 1143 1013 1197 nobis
1047 1152 1194 1196 sunt.
1245 1142 1352 1196 Vos
1384 1157 1512 1195 vero
1545 1141 1717 1210 quid?
1752 1141 1846 1209 qui

279 1234 346 1288 ad
383 1234 525 1287 diem
567 1233 762 1287 festum
796 1234 1151 1296 convenistis,
1179 1233 1270 1302 qui
1299 1232 1536 1284 convivae
1569 1231 1722 1291 estis,
1755 1231 1846 1299 qui

281 1326 586 1388 auditores,
619 1327 710 1395 qui
734 1341 864 1379 oves
891 1329 1097 1379 ratione
1116 1325 1349 1393 praedita?
1383 1343 1394 1378 :
1422 1324 1574 1392 quid,
1605 1324 1844 1390 inquam,

281 1415 692 1470 confessor-ibus
741 1417 889 1470 hisce
938 1417 1289 1485 martyribus,
1335 1416 1464 1483 quid
1499 1416 1624 1467 item
1661 1425 1849 1466 contra

282 1509 442 1561 nobis
493 1510 814 1577 reponetis?
865 1506 1132 1560 Nimirum
1167 1508 1285 1560 illos
1335 1507 1552 1572 quidem
1599 1504 1848 1574 hymnis,

279 1599 646 1667 laudibusque
704 1599 1141 1668 proseqncmini,
1200 1609 1252 1649 et
1312 1613 1432 1665 quin
1485 1598 1623 1649 bona
1689 1606 1847 1659 sunt,

281 1703 496 1740 summa
528 1703 630 1757 ope
665 1690 838 1756 magis
885 1703 949 1740 ac
980 1687 1151 1755 magis
1197 1688 1248 1738 in
1287 1686 1399 1738 dies
1430 1685 1625 1737 sertari
1675 1684 1851 1738 stude-

284 1779 413 1832 bitis
439 1797 452 1833 :
482 1779 747 1848 siquidem
788 1789 998 1848 gratum
1026 1778 1353 1848 martyribus
1369 1787 1472 1838 est,
1500 1777 1543 1831 si
1569 1776 1669 1830 hoc
1694 1777 1852 1831 modo

1944 598 2167 664 adipisci
2199 597 2324 664 quis
2347 603 2530 661 queat,
2555 609 2718 661 quant
2744 590 3025 653 membris,
3049 605 3170 658 qua:
3195 599 3321 643 sunt
3345 605 3505 658 super

1946 702 2174 747 terram,
2225 686 2633 739 mortitieandis.
2678 685 2798 751 Quo
2840 683 3060 752 quidem
3102 681 3321 734 nomine
3364 682 3507 732 arb?-

1946 792 2057 835 tror
2113 796 2212 850 ego
2267 781 2429 833 vitam
2476 793 2595 831 eam
2652 776 2949 846 appellari,
3009 790 3130 844 quae
3181 772 3509 827 turbulentis

1944 876 2108 926 animi
2163 874 2400 925 motibus
2445 869 2681 923 obnoxia
2727 878 2830 922 est.
2882 868 2962 921 llli
3001 881 3128 919 vero
3167 867 3510 918 sanctdicare

1947 983 2042 1016 vos
2064 964 2423 1026 dcdieareque
2451 973 2666 1014 summo
2696 959 2876 1011 studio
2906 958 3136 1020 debetis,
3166 956 3258 1026 qui
3291 956 3379 1016 iis,
3413 955 3507 1023 qui

1945 1071 2038 1106 rer
2063 1069 2091 1106 a
2127 1053 2498 1106 materialibus
2526 1050 2782 1103 surdilms
2808 1060 3196 1117 expurgarunt,
3226 1047 3506 1118 praemium

1949 1147 2074 1197 illml
2111 1145 2368 1211 largitur,
2424 1150 2483 1194 ut
2533 1156 2593 1195 se
2644 1141 2790 1193 clare
2837 1140 3184 1207 pervideant,
3217 1150 3270 1192 et
3302 1137 3508 1191 caelesti

1949 1235 2036 1286 illa
2069 1233 2236 1301 gloria
2269 1232 2505 1286 indidem
2536 1231 2882 1298 impleantur,
2916 1240 2974 1282 ut
3001 1227 3229 1297 Moyses.

2021 1325 2110 1375 Sic
2138 1321 2352 1390 quidem
2386 1336 2484 1390 ego
2528 1329 2680 1389 pater
2716 1329 2915 1382 vester,
2949 1334 3044 1372 vos
3073 1333 3198 1371 vero
3227 1317 3343 1380 lilii,
3378 1317 3510 1369 cha-

1955 1414 2232 1468 rissimum
2260 1425 2311 1465 et
2338 1414 2793 1467 amabilissimum
2816 1425 3014 1464 nomen
3046 1409 3382 1462 inveniemus
3405 1408 3514 1459 for-

1954 1518 2118 1570 tasse,
2145 1521 2267 1559 cum
2293 1504 2358 1556 ad
2392 1503 2760 1556 luereditatem
2801 1502 2947 1555 illam
2982 1509 3240 1554 aeternam
3268 1499 3514 1552 translati

1951 1600 2180 1656 erimus.
2219 1609 2275 1648 ιιι
2305 1597 2486 1648 vivere
2527 1608 2633 1645 una
2668 1593 2964 1660 possimus,
2991 1591 3265 1658 simulque
3295 1590 3463 1642 laetari
3499 1607 3512 1642 :

1952 1693 2169 1761 quando
2231 1690 2480 1742 videlicet
2548 1687 2713 1740 etiam
2775 1700 2976 1740 corona
3053 1685 3394 1753 gloriationis
3450 1685 3517 1736 de

1956 1784 2109 1837 vobis
2137 1784 2482 1842 honestatus,
2529 1780 2594 1833 ad
2621 1793 2966 1832 communem
3002 1777 3289 1830 Dominum
3335 1775 3519 1828 excla-

285 1859 423 1922 festi
462 1846 649 1924 eorum
681 1846 810 1924 dies
839 1846 1197 1924 celebrentur.
1251 1869 1366 1924 lloc
1403 1868 1564 1922 modo
1600 1878 1849 1922 strenuos
1881 1846 1926 1904 Β
1957 1875 2137 1936 mabo,
2173 1876 2310 1927 Ecce
2339 1887 2473 1938 ego,
2517 1879 2570 1924 et
2609 1870 2781 1939 pueri,
2814 1884 2954 1938 quos
2981 1867 3176 1922 dedisti
3225 1866 3380 1928 mihi,
3413 1866 3520 1918 De-

281 1959 486 2013 Christi
519 1960 723 2028 pugiles
760 1962 1026 2015 honorare
1075 1960 1344 2014 laudabile
1371 1968 1474 2024 est,
1518 1959 1608 2012 tali
1644 1958 1848 2019 studio,

287 2050 489 2103 talibus
526 2049 793 2106 fructibus
822 2070 836 2106 :
870 2052 1029 2105 nobis
1063 2065 1189 2105 vero
1231 2050 1595 2105 obedientiam
1628 2059 1852 2119 praesta-

288 2141 440 2207 bitis,
471 2144 966 2208 mansuetudinem,
998 2157 1182 2214 pacem
1209 2153 1375 2212 atque
1403 2143 1772 2206 concordiam,
1799 2149 1854 2196 et

310 2352 346 2360 ..
375 2356 590 2382 ,____i
625 2357 892 2383 :=_____
919 2358 1412 2365 ____________

1959 1964 2104 2017 mine
2159 1980 2172 2014 :
2213 1962 2312 2029 ipsi
2345 1961 2514 2031 gloria
2553 1970 2606 2013 et
2637 1959 2924 2028 imperium
2967 1958 3022 2012 in
3066 1957 3263 2012 saecula
3293 1956 3493 2010 szecnlo

1959 2069 2105 2108 rum.
2138 2054 2327 2107 Amen.

984 2559 1673 2684 ARETHKE
1760 2553 2834 2687 C/ESARIENSIS

1770 2789 2010 2840 ORATIO

887 2964 986 3026 DE
1026 2961 1618 3024 TRANSLATIONE
1656 2962 1717 3021 S.
1766 2959 2132 3020 EUTHYMII
2186 2958 2769 3022 ARCHIEPISCOI‘I
2821 2962 2933 3022 (ΣΡ.

1415 3145 1515 3206 Ad
1558 3143 1909 3222 sepulcrum
1950 3142 2125 3204 illius
2166 3143 2402 3205 habita.

631 3315 796 3382 (Apud
829 3313 1111 3362 Lwoxsscu
1144 3311 1212 3360 De
1243 3306 1351 3359 vitis
1375 3314 1665 3367 sanctorum,
1696 3306 1918 3354 Venetiis
1947 3305 2082 3363 ιδτςι,
2110 3304 2177 3364 4ο,
2206 3311 2321 3353 tum.
2361 3306 2444 3365 Ill,
2474 3322 2488 3352 ι
2525 3308 2796 3370 interprete
2830 3312 2931 3358 viro
2957 3311 3104 3360 docto
3151 3313 3198 3372 ι)

374 3614 514 3680 Quid
539 3615 640 3669 hoc
667 3622 771 3675 est,
804 3627 958 3668 sacer
991 3623 1312 3674 conventus,
1337 3612 1626 3668 ha'reditas
1657 3612 1870 3666 sancti-
1898 3627 1941 3685 ο
1975 3612 2241 3681 siquidem
2276 3611 2534 3665 memoria
2589 3610 2720 3678 justi
2749 3625 2872 3665 cum
2921 3609 3348 3677 laudationibus,
3380 3617 3536 3684 atqui

305 3708 488 3769 licata,
543 3707 740 3777 popule
774 3705 880 3760 Deo
913 3706 1127 3759 alllate?
1171 3708 1295 3774 quis
1352 3722 1523 3760 novus
1572 3715 1751 3759 vester
1786 3707 1872 3760 ille

309 3813 616 3852 concursus
648 3806 704 3851 et
731 3797 1050 3851 inusitatum
1084 3798 1360 3850 solemne?
1385 3809 1566 3865 utpote
1602 3799 1692 3851 ubi
1725 3800 1872 3851 nulla

306 3889 507 3944 laetitia:
540 3889 716 3958 signa,
765 3889 909 3942 nulla
946 3888 1228 3956 amplioris
1249 3888 1528 3956 dignitatis
1546 3900 1872 3957 appareant;

307 3990 604 4048 contraque
649 3981 828 4049 potius
869 3979 955 4033 ubi
995 3980 1130 4033 nihil
1171 3994 1278 4032 non
1322 3980 1470 4033 triste
1503 3994 1564 4033 ac
1597 3989 1872 4043 Intestum,
1908 4005 1912 4009 -

310 4070 444 4122 nihil
480 4086 581 4122 non
601 4069 942 4124 lamentabile
973 4083 1035 4123 ac
1058 4069 1252 4133 ﬂebile,
1269 4069 1398 4121 nihil
1419 4085 1523 4121 non
1543 4083 1729 4122 eorum
1757 4083 1877 4137 quae

310 4162 365 4213 in
395 4161 645 4214 mavimis
669 4159 1073 4214 calamitatibus
1103 4159 1385 4212 acerbitati
1420 4173 1483 4212 ac
1509 4159 1728 4212 ttimrori
1756 4173 1877 4213 esse

313 4252 604 4306 homnibus
657 4259 1078 4315 consueverunt,
1136 4265 1256 4304 sese
1315 4253 1596 4318 copiosum
1625 4250 1874 4313 effundit,

314 4350 373 4397 ut
416 4357 445 4395 a
496 4343 710 4397 cunctis
751 4343 1162 4411 propemodum,
1199 4343 1346 4395 velut
1390 4341 1460 4394 ab
1495 4357 1600 4395 uno
1640 4342 1878 4395 funebris

315 4434 498 4487 haberi
542 4433 718 4487 Oratio
752 4435 1041 4487 videatur?
1074 4433 1206 4499 Quae
1238 4433 1336 4486 ista
1363 4433 1525 4501 igitur
1554 4434 1690 4486 adeo
1717 4433 1878 4487 vehe-

317 4539 474 4578 mens
496 4534 580 4578 est
605 4527 759 4594 plaga
779 4525 802 4579 ῖ
825 4526 1016 4594 quisve
1039 4524 1159 4580 iste.
1187 4526 1278 4594 qui
1331 4534 1526 4593 printer
1549 4541 1751 4578 morem
1782 4539 1880 4578 uo-

312 4626 486 4670 strum
508 4617 750 4669 onmimn
780 4619 992 4670 animos
1016 4616 1302 4683 occupavit
1317 4616 1472 4668 dolor
1489 4617 1583 4670 ?ut
1601 4631 1669 4670 ne
1689 4619 1879 4671 oculos

311 4707 530 4774 quidem
587 4720 616 4759 a
669 4706 1036 4776 lacrymarum
1099 4705 1319 4758 tristitia
1381 4720 1584 4759 vacuos
1659 4707 1876 4760 tollendi

314 4799 542 4852 liberam
595 4798 746 4852 vobis
784 4799 1091 4851 facultatem
1129 4797 1444 4866 permittat?
1470 4796 1738 4852 Nimirum
1777 4798 1881 4852 Eu-

315 4892 575 4963 thymius,
619 4907 845 4961 magnus
895 4892 985 4945 ille
1044 4892 1132 4944 Dei
1180 4892 1442 4961 pontifex,
1481 4893 1880 4947 lamentationis

316 4983 472 5036 vobis
513 4983 671 5037 istius
709 4998 875 5037 causa
923 4982 1046 5046 fuit,
1085 4984 1352 5038 innocens
1383 4985 1645 5053 injuriose
1679 4995 1878 5039 tracta-

318 5083 427 5132 tus,
460 5089 488 5125 a
519 5070 644 5128 sede
679 5089 778 5128 sua
815 5075 1006 5143 procul
1036 5075 1374 5139 exturbatus,
1417 5077 1485 5130 ab
1514 5078 1671 5146 impia
1707 5079 1878 5131 scele-

319 5172 562 5214 ratorum
631 5178 792 5222 manu
853 5163 1161 5225 damnatus,
1216 5175 1390 5218 morte
1445 5182 1589 5219 nunc
1645 5166 1876 5234 denique

323 5254 602 5317 multatus,
651 5262 813 5322 atque
869 5255 1008 5308 inid
1061 5265 1360 5322 postremo,
1407 5257 1554 5326 quod
1616 5256 1705 5312 hic
1753 5267 1876 5311 ante

318 5346 508 5397 oculos
547 5346 781 5413 positum
815 5355 918 5410 est,
943 5350 1249 5416 sepulcrum
1287 5348 1486 5400 illatus.

389 5432 454 5485 Et
503 5434 632 5500 quid
696 5434 911 5497 horum,
973 5451 1182 5503 quarm,
1236 5452 1488 5505 magmtm
1544 5438 1678 5492 adeo
1723 5439 1878 5494 vobis

319 5525 560 5577 excitare
592 5522 776 5577 lli-tum
805 5525 1033 5580 debuit?
1062 5529 1172 5579 imo
1216 5543 1339 5580 vero
1371 5529 1501 5597 quid
1537 5541 1640 5596 est,
1679 5531 1732 5584 in
1767 5546 1878 5600 quo

322 5632 428 5671 nou
457 5633 667 5671 summa
699 5634 820 5675 esse
864 5620 1046 5675 laetitia
1077 5639 1400 5692 summaque
1447 5625 1761 5693 jucuuditas
1787 5629 1880 5682 de-

321 5709 485 5766 brat?
507 5711 702 5769 quidve
721 5712 1013 5780 ejusmodi,
1034 5729 1144 5780 quo
1165 5730 1269 5767 non
1296 5718 1496 5786 quivis,
1514 5719 1654 5788 quia
1683 5720 1881 5774 Saecula

320 5798 432 5855 Deo
486 5802 556 5856 sit
588 5815 962 5870 consecratus,
1013 5806 1160 5861 velut
1212 5807 1530 5865 honestatus
1577 5812 1883 5880 glorietur?

1977 3705 2214 3758 laudatio
2256 3703 2411 3756 hilari
2457 3703 2757 3770 gratiarum
2808 3712 2861 3756 et
2895 3704 3112 3760 laudum
3148 3708 3382 3768 actione,
3430 3723 3536 3760 non

1979 3794 2116 3847 tristi
2183 3791 2567 3845 lamentatione
2617 3800 2670 3843 et
2733 3791 2881 3845 luctu
2942 3795 3141 3861 quibus
3187 3810 3282 3850 vos
3341 3799 3534 3851 turbati

1977 3901 2120 3939 nunc
2169 3885 2324 3947 estis,
2377 3883 2642 3936 contineri
2692 3885 2850 3938 solita
2896 3894 2998 3938 est.
3055 3883 3171 3939 Non
3207 3897 3352 3950 sunt,
3407 3889 3538 3942 mihi

1979 3976 2205 4036 credite.
2257 3979 2358 4029 ista
2413 3976 2691 4028 hominum
2740 3976 2833 4043 qui
2882 3990 3004 4030 esse
3042 3977 3300 4031 moderati
3357 3981 3539 4042 velint,

1978 4071 2151 4124 aliena
2184 4078 2310 4124 sunt
2337 4085 2366 4122 a
2417 4084 2573 4138 grege
2612 4079 2802 4122 nostro
2823 4085 2942 4137 qua:
2966 4085 2996 4122 a
3029 4070 3181 4124 Vobis
3209 4086 3353 4126 nunc
3386 4072 3539 4125 fiunt.

1979 4160 2227 4214 Surrexit
2267 4160 2332 4212 ad
2366 4175 2513 4224 enni,
2555 4160 2713 4229 cujus
2745 4160 3021 4216 desiderio
3048 4163 3352 4228 tenebatur,
3384 4179 3540 4234 egre-

1980 4253 2102 4322 gius
2151 4261 2393 4314 amator;
2444 4265 2670 4320 peregre
2728 4249 2794 4303 ad
2842 4253 3212 4307 munerarium
3267 4253 3541 4323 profectus

1979 4353 2060 4397 est
2090 4357 2305 4406 cursor,
2353 4343 2418 4395 ad
2478 4358 2603 4396 eum
2673 4344 2814 4397 unde
2861 4344 3098 4412 legitime
3151 4347 3251 4414 ipsi
3303 4347 3556 4401 dandum

1983 4436 2261 4503 praemium
2300 4444 2438 4496 erat,
2468 4434 2602 4488 abiit
2641 4434 2865 4489 illustris
2919 4439 3305 4503 pancratiasta,
3338 4439 3543 4493 sudore

1979 4526 2280 4578 etiamnum
2339 4541 2403 4578 ex
2437 4526 2741 4580 vehementi
2775 4542 2805 4581 a
2838 4543 2896 4582 se
2930 4529 3172 4586 adhibita
3205 4533 3255 4585 in
3286 4534 3543 4589 certando

1983 4616 2331 4669 contentione
2398 4617 2647 4682 madens,
2697 4630 2861 4687 atque
2927 4635 2994 4674 ex
3061 4622 3246 4677 labore
3304 4639 3561 4679 cursura.»

1981 4708 2215 4776 graviter
2257 4708 2540 4774 anhelans,
2577 4725 2805 4778 seseque
2855 4713 2940 4765 vix
2978 4727 3087 4781 pra:
3124 4714 3441 4769 lassitudine
3481 4733 3558 4771 ae-

1983 4799 2176 4852 virium
2210 4799 2377 4852 animi
2404 4800 2793 4865 imbecillitate,
2825 4815 3158 4871 sustentans,
3198 4808 3262 4859 ad
3297 4818 3540 4875 paratam

1985 4891 2087 4945 sibi
2116 4892 2167 4944 in
2199 4891 2366 4945 altera
2419 4893 2531 4946 vita
2574 4895 2815 4962 requiem
2867 4898 3129 4963 pervenit,
3162 4899 3319 4966 cujus
3357 4917 3386 4954 a
3430 4918 3548 4952 mo-

1914 4987 1956 5039 D
1987 4984 2154 5038 lestiis
2183 4984 2439 5037 omnilms
2473 4999 2655 5039 vacuae
2686 4985 2799 5054 jam
2835 4985 3008 5042 factus
3045 4998 3128 5041 est
3167 4989 3456 5057 particeps.
3485 4990 3542 5042 In

1987 5089 2048 5127 ca
2087 5073 2520 5141 pulchritudines
2572 5076 2740 5143 ipsas,
2786 5092 3016 5144 quarum
3056 5094 3222 5133 causa
3270 5081 3323 5134 in
3374 5091 3550 5134 certa-

1988 5165 2132 5217 mina
2161 5164 2249 5218 illa
2295 5165 2673 5232 descenderat,
2705 5168 2815 5236 jam
2847 5171 3266 5238 contemplatur,
3301 5173 3543 5225 laborum

1991 5269 2214 5308 suorum
2255 5257 2474 5323 praemia
2507 5258 2573 5310 de
2605 5273 2782 5310 rerum
2819 5259 3061 5311 omnium
3094 5269 3312 5326 potente
3345 5262 3551 5328 accepit

1989 5348 2232 5410 dextera,
2281 5355 2594 5417 teternaque
2647 5349 2848 5416 potitur
2888 5353 3242 5406 beatitudine.
3281 5352 3548 5418 Quocirca

1988 5441 2186 5511 gaudio
2247 5441 2492 5503 exsilire,
2545 5442 2837 5511 laetitiaque
2888 5444 3066 5498 efferri
3122 5428 3357 5515 oportet,
3405 5454 3548 5518 quod

1982 5533 2294 5588 cretestibus
2335 5534 2422 5586 ille
2453 5535 2656 5604 petitur
2706 5537 2964 5604 praemiis,
3009 5539 3154 5607 quod
3189 5540 3548 5611 lacnymarmn

1982 5641 2204 5680 Suarum
2271 5627 2554 5690 sementis,
2604 5642 2767 5694 quam
2812 5627 2949 5683 flens
2997 5632 3196 5700 sparsit
3240 5632 3292 5685 in
3329 5644 3548 5696 terram,

1983 5733 2127 5771 nunc
2161 5717 2406 5784 gaudens
2441 5718 2754 5786 manipulos
2793 5720 3001 5790 colligit
3036 5737 3099 5776 ac
3133 5723 3322 5778 beatus
3362 5724 3552 5776 trium-

1983 5813 2134 5881 pltat.
