4252 6436
760 388 866 449 799

1576 385 1900 444 ARETlf/E
1940 384 2318 445 C/ESAREAS
2359 385 2835 446 CAPPADOCLE
2889 386 3227 448 EPISCOI‘I

3907 396 4024 459 800

834 496 914 548 Tu
945 509 1073 548 vero
1111 492 1310 564 quibus
1339 507 1401 546 cx
1447 493 1613 545 rebus
1662 508 1935 559 summam
1973 507 2169 561 capcrc
2203 494 2338 547 Iaeti-
2372 501 2411 555 Α
2443 508 2615 560 eaque
2665 497 2779 562 ipsc
2824 504 3214 564 persecuturus
3264 501 3647 555 tantummodo
3686 518 3810 572 qua:
3840 508 3914 560 ab
3944 524 4018 565 ea

764 584 895 635 tiam
935 583 1120 647 debes,
1158 583 1229 635 ob
1259 595 1351 633 cas
1384 579 1678 633 dolendum
1712 580 1805 632 tibi
1837 592 1888 632 et
1922 580 2329 633 lamentandnm

767 675 964 741 putas?
1010 674 1172 740 Atqui
1226 685 1401 738 neque
1450 670 1558 723 Deo
1612 680 1763 738 grata
1813 678 1940 723 sunt
1986 671 2107 734 ista,
2156 685 2333 739 neque

767 763 1061 832 Buthymio
1114 762 1467 815 conveniunt.
1521 759 1765 813 Tametsi
1829 761 1973 814 enim
2040 763 2191 815 visus
2250 773 2334 815 est

766 856 940 908 oculis
967 852 1340 920 insipientium
1372 852 1510 904 mori
1549 852 1641 918 (ut
1672 860 1756 904 est
1788 853 1840 904 in
1868 852 2039 905 sacris
2074 850 2330 917 Litteris)

768 957 823 998 ct
874 944 1182 999 existimata
1216 952 1300 997 est
1332 943 1557 995 afflictio
1590 943 1771 996 exitus
1802 942 1942 1009 ejus,
1973 949 2027 995 et
2059 942 2332 995 discessus

768 1048 799 1086 a
856 1034 1013 1087 nobis
1065 1033 1354 1094 contritio;
1416 1034 1777 1086 nihilominus
1817 1042 1994 1086 tamen
2057 1049 2201 1086 nunc
2249 1042 2334 1087 est

770 1124 823 1175 in
869 1138 1021 1191 pace,
1056 1123 1315 1189 quoniam
1351 1122 1493 1176 Deus
1523 1123 1672 1176 illum
1716 1122 1974 1187 suscepit,
2009 1124 2233 1177 tentavit
2266 1125 2333 1176 il-

770 1212 882 1266 lum
909 1224 961 1266 et
991 1213 1211 1266 invenit
1252 1213 1480 1281 dignum
1516 1230 1604 1275 ss;
1638 1222 1893 1283 tauquam
1924 1228 2113 1266 aurum
2145 1215 2196 1267 in
2224 1214 2334 1267 for—

769 1319 903 1357 nace
954 1304 1203 1372 probavit
1238 1305 1414 1366 illum,
1448 1317 1500 1358 et
1533 1308 1688 1373 quasi
1735 1306 2109 1358 holocaustum
2149 1306 2334 1359 hostia:

773 1394 984 1463 accepit
1018 1394 1202 1458 illiilli;
1248 1406 1409 1463 atque
1448 1397 1519 1447 ob
1562 1409 1681 1446 eam
1721 1409 1941 1447 causam
1989 1395 2042 1446 in
2093 1405 2335 1463 tempore

771 1490 934 1539 etiam
1004 1488 1327 1539 visitationis
1398 1486 1724 1554 Splendebit,
1792 1487 2011 1554 quando
2090 1486 2336 1540 Videlicet

770 1592 959 1629 omnes
1004 1577 1137 1644 justi
1190 1575 1471 1643 fulgebunt
1507 1586 1565 1629 ut
1599 1578 1700 1637 sol,
1745 1578 2063 1631 clarissima:
2112 1578 2217 1631 luci
2257 1577 2347 1630 illi.

770 1665 1116 1732 conjunctus,
1137 1664 1483 1733 tenebrisque
1502 1682 1565 1719 ac.
1586 1668 1817 1736 caligine
1836 1682 1960 1735 pars
1972 1670 2037 1719 ad
2058 1668 2334 1721 sinistram

773 1758 944 1823 posita
987 1756 1482 1817 circntufmnletur;
1521 1757 1794 1826 Stabitquc
1830 1758 2015 1824 justus
2073 1757 2335 1810 adversus

2440 594 2589 654 gesta
2620 596 2745 641 sunt
2774 595 2987 655 postea.

2525 673 2765 730 Habebat
2796 691 2860 730 ex
2908 690 2974 730 eo
3002 685 3242 746 tempore
3277 695 3441 750 penes
3475 696 3535 737 se
3564 684 3926 742 celeberrima
3961 700 4019 744 et

2441 767 2587 836 regia
2619 768 2733 823 haec
2762 768 2956 822 civitas
2990 769 3255 824 illustrem
3289 783 3538 827 nostrum
3572 776 3716 830 hunc
3743 779 4016 847 pugilem,

2440 860 2530 928 qui
2582 874 2706 914 cum
2747 860 2978 930 benigne
3027 876 3056 914 a
3092 862 3319 929 privatis
3370 864 3608 934 hOSpitio
3649 871 4017 939 reciperetur,

2440 950 2739 1004 mercedem
2766 967 2885 1004 eam
2917 952 3097 1006 collati
3136 954 3188 1006 in
3222 968 3280 1008 se
3308 954 3376 1007 ab
3409 956 3542 1023 ipsis
3568 956 3727 1012 ollicii
3753 963 4017 1014 omnibus

2439 1040 2787 1109 rependebat,
2815 1057 2975 1111 quam
3005 1046 3221 1113 assequi
3254 1045 3379 1099 illos
3418 1048 3664 1114 decebat,
3704 1050 3797 1118 qui
3830 1052 4014 1106 virum

2440 1132 2732 1186 virtutibus
2759 1132 2894 1186 adeo
2922 1134 3298 1201 excellentem,
3331 1138 3559 1192 comiter
3583 1140 4018 1209 humaniterque

2442 1231 2755 1276 tractarent.
2808 1223 3037 1289 Quando
3081 1226 3278 1281 mulier
3333 1228 3495 1282 etiam
3547 1229 3638 1284 illa
3701 1229 4016 1300 Sareptana

2441 1316 2619 1367 meriti
2653 1314 2794 1383 quod
2829 1315 2881 1368 in
2911 1315 3082 1369 Eliam
3126 1317 3277 1370 illum
3315 1316 3632 1373 'l‘hcsbitem
3669 1322 4014 1386 contulerat,

2440 1400 2621 1454 debita
2667 1401 2912 1475 mercede
2956 1401 3205 1455 fraudata
3240 1418 3346 1457 non
3394 1403 3530 1469 fuit;
3567 1406 3840 1475 siquidem
3882 1422 4018 1476 pro-

2442 1499 2622 1559 pterea
2658 1493 2799 1560 quod
2831 1493 3005 1546 amice
3050 1493 3201 1546 illum
3237 1494 3476 1563 hOSpitio
3506 1505 3849 1564 susceperat,
3890 1514 4017 1549 am-

2444 1583 2612 1655 pliora
2665 1584 2712 1635 ei
2762 1584 3027 1638 divinitus
3075 1585 3140 1637 ad
3192 1587 3365 1638 vitam
3417 1586 3716 1655 degendam
3766 1588 4016 1642 vicissim

2442 1677 2643 1731 tributa
2679 1672 3146 1748 fuere‘praesidia.
3197 1674 3444 1730 Celebris
3496 1676 3607 1744 jam
3661 1692 4017 1747 quoquover—

2444 1783 2563 1821 sum
2591 1767 2826 1820 nominis
2848 1765 2966 1835 ejus
2995 1766 3137 1820 fama
3175 1768 3594 1837 pervagabatur.
3621 1766 3811 1837 Neque
3837 1770 4016 1830 enim,

770 1858 866 1897 eos
896 1846 987 1913 qui
1029 1861 1088 1898 se
1127 1844 1603 1913 angustiaveruut,
1648 1846 1692 1900 si
1728 1847 1855 1915 quid
1887 1846 2073 1899 divino
2109 1846 2338 1900 creden-
2367 1836 2414 1894 B
2444 1869 2499 1912 ιη
2554 1860 2815 1913 Dominus
2858 1858 2955 1921 an,
3007 1858 3271 1913 abscondi
3296 1844 3297 1847 “
3322 1836 3485 1927 δίψη
3546 1836 3783 1913 mum,"
3827 1862 4016 1929 Imma

769 1936 898 1989 dum
954 1947 1038 1990 est
1086 1937 1381 2005 propheta),
1430 1936 1521 2005 qui
1585 1938 1850 2006 supplicia
1909 1938 2111 2006 quibus
2155 1929 2340 2006 postea

773 2028 1043 2097 plcetcndi
1096 2043 1194 2096 pro
1248 2028 1458 2081 meritis
1518 2028 1767 2096 injuriosi
1811 2028 2061 2082 homines
2114 2027 2341 2090 fuerint,

772 2120 1067 2175 describit.

844 2204 1043 2261 Verum
1090 2209 1235 2262 enim
1288 2208 1416 2277 quid
1460 2218 1543 2263 est
1594 2208 1790 2261 horum
1833 2206 2165 2276 hujusmodi,
2196 2203 2343 2276 quod

774 2296 1033 2353 lamentis
1075 2299 1509 2369 prosequamur?
1552 2298 1682 2365 Quze
1716 2297 1876 2352 istius
1934 2315 2056 2367 qua:
2105 2313 2204 2352 nos
2250 2313 2344 2351 oc-

774 2392 995 2460 cupavit
1043 2393 1279 2445 tristitiae
1326 2406 1490 2446 causa
1520 2431 1536 2456 ,
1594 2390 1807 2444 undeve
1866 2398 2047 2443 tantus
2099 2392 2201 2444 iste
2250 2391 2340 2459 qui

777 2498 995 2541 nostros
1054 2486 1266 2539 animos
1321 2484 1510 2553 afﬂigit
1574 2482 1807 2535 mmror?
1868 2482 2177 2551 potiusque.
2210 2482 2342 2551 quid

775 2581 919 2648 quod
958 2594 1064 2631 non
1118 2578 1483 2632 sanctissima:
1537 2577 1701 2643 hujus
1748 2577 1850 2629 viri
1893 2576 2087 2630 animae
2139 2592 2344 2630 conve-

778 2671 931 2724 niat?
963 2669 1234 2738 Quodque
1266 2683 1373 2722 nou
1407 2667 1667 2721 laudabili
1709 2668 1877 2720 totius
1923 2667 2043 2732 ejus
2068 2668 2189 2720 vitae
2218 2682 2345 2720 cur-

779 2762 955 2815 riculo
993 2776 1166 2829 usque
1200 2761 1269 2813 ab
1299 2758 1643 2812 incunabulis
1676 2757 2046 2827 respondeat?
2242 2812 2243 2819 χ

850 2853 1064 2921 Quippe
1096 2852 1242 2904 enim
1287 2849 1587 2903 Seleuciam
1622 2849 1711 2902 ille
1743 2849 1929 2902 habuit
1956 2859 2205 2909 matrem,
2227 2862 2347 2915 qua:

780 2945 994 3010 genter-is
1035 2942 1437 2996 necessitudine
1499 2939 1821 3007 Gregorium
1877 2940 2118 2993 divinum
2172 2939 2344 2991 virum

780 3038 931 3090 illum
991 3038 1302 3104 attingeret,
1366 3049 1525 3102 quem
1577 3033 1806 3085 alterum
1872 3030 2345 3099 Thaumatutgum

785 3142 984 3193 magno
1041 3142 1141 3178 suo
1195 3126 1338 3177 bono
1372 3134 1505 3178 retas
1551 3139 1613 3177 ea
1656 3124 1798 3185 tulit,
1842 3137 1961 3190 qua:
2004 3123 2142 3175 hanc
2169 3119 2346 3188 paulo

780 3228 907 3273 ante
929 3229 1167 3270 nostram
1192 3215 1486 3284 praecessit,
1514 3226 1694 3267 ortum
1728 3214 1901 3281 ipsum
1928 3226 2141 3279 quoque
2158 3228 2220 3264 ex
2243 3209 2345 3262 De-

780 3310 955 3377 capoli
992 3306 1244 3369 Isaurizr;
1275 3320 1573 3372 verumque
1606 3318 1728 3355 esse
1763 3302 1966 3353 dictum
2001 3301 2128 3352 ilhnl
2165 3299 2352 3353 docuit

781 3410 835 3454 et
878 3398 1224 3452 continuavit
1260 3414 1273 3450 :
1316 3395 1608 3449 Gem-ratio
1658 3403 1928 3446 rectorum
1979 3388 2349 3444 benedicetur.

790 3492 1055 3561 I'Ixerp'us
1089 3505 1215 3544 vero
1257 3504 1382 3540 mox
1416 3496 1499 3540 est
1529 3486 1598 3539 ab
1634 3482 1883 3554 Olympo.
1930 3481 2352 3551 pra-clarissimo

779 3582 1105 3637 Christianae
1133 3578 1433 3645 disciplina:
1472 3575 1766 3629 domicilio.
1800 3571 1948 3625 Unde
1983 3581 2101 3639 post
2134 3572 2186 3623 in
2231 3584 2352 3623 mo-

782 3675 1085 3727 nasterium
1133 3678 1217 3724 cst
1263 3669 1516 3729 traditus,
1567 3667 1708 3735 quod
1756 3671 1838 3715 est
1868 3662 1931 3714 ad
1965 3663 2144 3714 sinum
2194 3663 2352 3714 Asta-

782 3780 1000 3825 ccumu,
1032 3763 1122 3815 ubi
1153 3760 1405 3815 similiter
1440 3772 1660 3827 quoque
1690 3754 1904 3825 egregie
1930 3755 2189 3809 certando
2215 3772 2352 3824 pra--

781 3857 927 3909 clara
958 3855 1077 3923 ejus
1116 3854 1288 3907 virtus
1325 3851 1543 3906 enituit.

855 3948 1129 3999 (laterum
1167 3959 1289 4013 quae
1324 3942 1426 3997 sibi
1495 3941 1584 3994 illc
1637 3949 1834 4009 tropzca
1886 3938 2207 4007 singillatim
2256 3938 2353 3992 ad-
2395 3980 2402 3986 .

783 4053 976 4092 VCISUS
1002 4050 1350 4091 COIDDIUIlﬁtﬂ
1396 4033 1641 4086 οῐιιιιίιιιιι
1690 4040 1936 4084 ιιοδιιῚιιιι
1981 4029 2350 4082 ειιΙνιῖῐδίΙΓῘυΙΙὶ

782 4128 1033 4191 erexerit,
1060 4142 1288 4195 quaeque
1317 4140 1384 4179 ex
1411 4124 1477 4178 iis
1505 4126 1557 4176 in
1582 4123 1782 4191 quibus
1817 4123 2138 4176 excellenter
2163 4121 2354 4174 admo-

783 4223 913 4275 dum
940 4235 998 4274 se
1019 4220 1187 4289 gessit
1205 4216 1613 4292 certaminibus
1648 4216 1907 4284 prmclara
1939 4214 2181 4267 victoriae
2219 4215 2351 4267 insi-

785 4313 908 4379 gnia
960 4311 1281 4380 reportarit,
1338 4324 1527 4364 eorum
1580 4307 1826 4361 omnium
1874 4306 2355 4359 commemoratioo

786 4419 909 4455 nem
945 4402 1051 4455 illis
1078 4416 1198 4455 sum
1236 4400 1550 4460 relicturus,
1580 4397 1671 4466 qui
1701 4397 1801 4465 ipsi
1835 4396 2020 4449 invicti
2050 4396 2147 4449 viri
2192 4396 2353 4463 hujus

2440 1948 2630 2021 civitas
2662 1957 2855 2015 potest.
2897 1948 3033 2003 Hinc
3057 1950 3109 2001 in
3139 1949 3283 2018 regis
3317 1950 3564 2005 notitiam
3608 1954 3877 2019 pervenit,
3914 1954 4021 2004 mi-

2441 2049 2591 2091 ratur
2615 2030 2827 2092 virtutis
2862 2038 2980 2108 ejus
3014 2039 3283 2107 egregiam
3304 2040 3537 2093 indolem
3562 2078 3579 2101 ,
3620 2042 3859 2094 amicum
3914 2040 4018 2092 sibi

2443 2126 2593 2180 illum
2630 2126 2899 2194 adjungit,
2934 2140 2997 2180 ac
3039 2127 3362 2195 patriarchae
3387 2128 3479 2198 qui
3509 2137 3627 2182 erat
3663 2143 3730 2182 eo
3760 2137 4018 2197 tempore

2441 2216 2886 2271 contubernalem
2919 2214 3070 2270 facit.

2515 2308 2666 2363 llaud
2704 2310 2777 2362 ita
2822 2308 2993 2363 multo
3028 2317 3152 2378 post
3191 2308 3487 2363 vehemens
3526 2306 3828 2364 Ecclesiam
3873 2316 4020 2361 tem—

2443 2401 3042 2471 pestasinvasit,quam
3062 2402 3205 2469 ejus,
3242 2402 3292 2455 in
3321 2401 3479 2470 cujus
3510 2409 3622 2454 tum
3655 2414 3822 2454 manu
3854 2409 4021 2453 erant

2444 2493 2830 2561 gubernacula,
2891 2493 3202 2562 arrogantia
3232 2493 3535 2547 excitarat:
3573 2493 3627 2547 in
3657 2506 3765 2562 quo
3791 2491 4021 2559 quidem

2444 2587 2679 2640 tumultu
2719 2578 2852 2654 cum
2905 2594 3095 2640 auctor
3141 2586 3261 2655 ejus
3294 2586 3384 2639 ille
3416 2585 3509 2654 qui
3548 2584 3725 2638 fuerat
3763 2583 4014 2636 animum

2444 2678 2854 2747 despondisset,
2888 2677 3139 2747 sacrique
3166 2677 3251 2731 sui
3284 2676 3504 2731 honoris
3524 2675 3735 2745 repudii
3768 2674 4018 2727 libellum

2447 2769 2706 2824 Ecclesiae
2737 2763 2997 2830 dedisset,
3022 2768 3199 2821 malus
3237 2768 3377 2820 male
3415 2767 3568 2820 abiit.
3623 2764 3828 2819 Aderat
3877 2781 4024 2819 unus

2449 2858 2493 2910 is
2546 2868 2657 2910 tum
2681 2857 2965 2933 .idoucus,
3017 2858 3111 2926 qui
3177 2857 3456 2912 desertum
3506 2856 3558 2910 id
3599 2859 3668 2910 ab
3703 2871 3768 2909 eo
3818 2870 4024 2909 munus

2448 2950 2772 3024 susciperet.
2810 2949 2943 3014 Quis
2982 2950 3129 3002 enim
3166 2962 3253 3009 eo,
3282 2949 3373 3017 qui
3407 2948 3550 3016 apud
3578 2962 3772 3001 omnes
3812 2957 3934 3000 erat
3966 2948 4021 2999 in

2452 3040 2868 3108 gratia,'magis
2918 3039 3011 3108 qui
3062 3038 3108 3092 ei
3164 3039 3375 3091 muneri
3424 3038 3783 3106 prmlieerctur
3832 3047 4023 3105 apltts,

2452 3134 2733 3200 magisque
2783 3132 2980 3198 dignus
3031 3138 3246 3198 poterat
3294 3129 3564 3197 judicari?
3616 3131 3687 3181 Ex
3734 3144 3844 3196 quo
3890 3143 4028 3183 sane

2456 3228 2653 3281 factum
2711 3204 2793 3278 est
2847 3233 2904 3275 ut
2959 3222 3101 3290 quod
3140 3221 3263 3274 aliis
3316 3219 3501 3273 multis
3540 3234 3642 3273 usu
3687 3235 3797 3273 non
3847 3221 4023 3279 venit,

2454 3317 2710 3385 suffragio
2768 3314 3053 3377 universae,
3086 3327 3229 3381 "qua:
3275 3312 3377 3366 sub
3425 3313 3565 3365 ecelo
3619 3322 3721 3375 est,
3762 3311 4028 3364 Ecclesia:

2452 3408 2695 3460 delectus
2752 3405 2853 3467 sit,
2900 3403 2994 3472 qui
3041 3402 3701 3471 Constantinopolitanam
3754 3403 3897 3455 hanc
3941 3418 4026 3453 re-

2453 3500 2681 3567 gendam
2725 3496 3041 3563 susciperet.
3081 3492 3485 3547 Animadvertis
3530 3492 3708 3561 qualis
3739 3492 3806 3545 sit
3843 3495 3944 3545 iste
3972 3503 4028 3546 et

2398 3626 2403 3629 -
2457 3600 2695 3659 quantus
2745 3587 2846 3652 vir,
2874 3596 2925 3639 ct
2957 3585 3261 3653 cujusmodi
3297 3583 3531 3653 praemiis
3556 3584 3626 3636 ob
3656 3584 3878 3636 virtutis
3905 3584 4027 3649 ejus

2454 3680 2821 3749 praestantiam
2858 3677 3119 3729 aﬂieitur?
3154 3674 3259 3729 Sed
3287 3675 3375 3741 qui
3405 3689 3468 3728 ea
3516 3674 3765 3742 persequi
3810 3685 4025 3743 potem,

2453 3788 2573 3835 quze
2607 3779 2735 3824 sunt
2780 3768 3037 3835 deinceps
3090 3766 3313 3821 secuta?
3349 3763 3687 3818 Notariorqu
3738 3766 4025 3818 hominum

2457 3863 2740 3925 invidiam,
2803 3860 3004 3915 caedem
3066 3858 3134 3910 ab
3184 3857 3364 3925 impiis
3401 3855 3622 3916 factam,
3686 3855 3908 3908 crudi-le
3961 3870 4027 3907 ae

2455 3952 2748 4007 violentum
2788 3947 3080 4017 judicium,
3111 3945 3389 4013 judicibus
3424 3944 3493 3996 iis
3528 3942 3601 4011 (ο
3631 3942 3904 4011 justitiam
3943 3944 4023 3993 di-

2456 4044 2660 4106 vinam,
2692 4054 2725 4092 o
2756 4039 3128 4106 incorruptum
3161 4033 3248 4085 Dei
3282 4032 3554 4085 tribunal!
3583 4032 3600 4097 )
3635 4030 3839 4100 quibus
3868 4030 4016 4081 nulla

2455 4150 2583 4189 cura
2622 4132 2723 4185 fuit
2756 4144 3059 4189 sacrorum,
3094 4129 3187 4179 sed
3215 4127 3309 4177 toti
3339 4126 3390 4177 in
3423 4139 3590 4176 unum
3626 4132 3837 4176 tantum
3864 4130 4027 4174 erant

2400 4284 2403 4285 ν
2456 4233 2724 4294 (ιιιίιξειυιη
2768 4222 2980 4275 intenti.
3025 4219 3194 4285 Cujus
3226 4232 3387 4270 c:msa
3419 4215 3517 4285 ipsi
3563 4215 3632 4269 ab
3674 4216 3927 4269 universa
3972 4226 4027 4268 et

2411 4348 2413 4350 -
2454 4330 2588 4370 sana
2619 4312 2867 4366 Ecclesiae
2899 4317 3051 4380 parte
3077 4307 3335 4370 abscissi,
3383 4306 3449 4359 ad
3500 4304 3789 4359 sanitatem
3847 4304 4026 4357 redire

2458 4407 2563 4460 non
2595 4411 2907 4473 potuerunt,
2937 4411 2991 4455 et
3033 4407 3266 4467 arrepta,
3303 4412 3463 4464 quam
3498 4411 3714 4450 summe
3745 4403 4024 4462 optarant,

783 4491 1178 4548 certaminibus
1235 4489 1548 4544 interfuere.
1604 4488 1882 4557 Siquidem
1937 4488 1970 4539 ii
1995 4503 2183 4541 eorum
2234 4505 2355 4556 qua:
2382 4497 2434 4554 1)
2461 4495 2770 4553 occasione,
2802 4507 2831 4544 a
2868 4490 3014 4543 mullo
3062 4503 3120 4543 se
3150 4487 3354 4557 (modo
3380 4485 3640 4554 possent)
3673 4485 4027 4554 quantumvis

783 4585 957 4638 oculis
992 4582 1094 4653 ipsi
1124 4582 1352 4637 viderint
1387 4581 1523 4644 suis,
1558 4588 1722 4633 testes
1757 4594 1879 4633 esse
1913 4589 2163 4646 poterunt
2200 4580 2351 4632 locu-

784 4674 1094 4746 pletissimi,
1127 4674 1294 4727 veluti
1336 4687 1565 4726 summa:
1600 4670 1760 4725 famis
1791 4686 1854 4724 ac
1878 4670 1999 4723 sitis
2026 4670 2351 4734 tolerantiae,

786 4780 1123 4834 summaeque
1165 4763 1467 4828 nuditatis;
1507 4764 1709 4832 quippe
1763 4777 1887 4815 cum
1942 4763 2100 4815 unica
2142 4770 2351 4815 tantum

782 4866 934 4909 veste
979 4853 1377 4908 intolerabilem
1424 4852 1532 4907 vim
1571 4853 1716 4906 illam
1766 4849 1986 4921 frigoris
2039 4852 2351 4914 sustineret,

782 4947 1107 5001 uncinorum
1155 4954 1416 5013 praeterea
1466 4944 1820 4997 hamorumve
1876 4959 1905 4997 c
1952 4943 2173 4997 sublimi
2222 4958 2354 5012 pcn-

782 5039 1053 5101 dentium,
1106 5037 1306 5106 quibus
1353 5036 1518 5090 veluti
1572 5035 1896 5089 necessitate
1935 5035 2169 5101 quadam
2208 5048 2353 5088 som-

785 5142 918 5185 num
951 5128 1039 5180 ille
1071 5128 1141 5181 ab
1169 5128 1346 5182 oculis
1375 5127 1594 5181 arcebat
1622 5127 1759 5189 suis,
1792 5126 1937 5195 quod
1973 5124 2222 5193 exemplo
2252 5123 2353 5177 Da-

783 5220 871 5272 vid
897 5219 1271 5273 habitaculqu
1295 5219 1560 5279 iuvcnire,
1594 5218 1886 5286 locumque
1914 5217 2001 5271 ubi
2030 5217 2350 5286 quiesceret,

785 5313 1133 5367 vehementer
1183 5321 1416 5380 optaret,
1457 5311 1547 5365 ubi
1595 5311 1855 5363 nimirum
1906 5310 2051 5363 nulla
2086 5324 2150 5363 ex
2203 5309 2353 5363 curis

784 5406 910 5459 vita:
960 5404 1122 5473 hujus
1166 5403 1470 5467 ﬂuctuatio,
1528 5404 1675 5457 nulla
1731 5411 1815 5457 est
1860 5402 2168 5456 animorum
2219 5410 2353 5455 tem-

785 5503 987 5561 pestas.
1026 5494 1170 5548 nulla
1204 5495 1421 5563 gravior
1461 5508 1492 5548 a
1540 5495 1787 5549 scelestis
1818 5494 2104 5563 spiritibus
2145 5494 2350 5548 inveCIa

784 5583 1041 5653 procella.
1086 5584 1317 5651 llorum,
1363 5586 1606 5656 inquam,
1658 5586 1900 5639 omnium
1952 5601 2350 5640 commemora-

784 5679 1013 5741 tionem,
1064 5694 1125 5731 ac
1166 5681 1233 5733 dc
1267 5682 1787 5735 commemoratione
1818 5681 2044 5750 gloriam
2086 5680 2348 5748 integram

788 5769 894 5822 illis
939 5770 1033 5841 qui
1064 5786 1126 5826 ea
1165 5774 1261 5842 ipsi
1301 5783 1601 5845 praesentes
1635 5773 1836 5841 videre,
1879 5789 1998 5829 sum
2032 5774 2347 5835 relicturus.

2464 4582 2670 4637 nefario
2719 4580 3047 4650 flagitiorum
3095 4593 3157 4631 ac
3191 4576 3488 4631 facinorum
3521 4590 3718 4643 genere
3752 4585 4026 4642 tempera-

2463 4681 2610 4735 runt,
2644 4686 2711 4725 ue
2743 4671 2787 4725 si
2823 4670 3058 4740 parietes
3088 4667 3304 4738 quidem
3338 4665 3571 4737 perfodi,
3610 4675 3705 4720 aut
3733 4679 4026 4718 crumenas

2460 4767 2702 4821 desecari
2732 4779 2870 4833 opus
2902 4762 3115 4824 fuisset,
3146 4761 3346 4829 quippe
3376 4774 3501 4814 eum
3533 4759 3727 4812 domos
3764 4757 4026 4825 iniquita-

2463 4868 2575 4911 tum
2607 4855 2812 4924 replere
2845 4852 3166 4908 festinarent
3203 4850 3476 4903 tenebrosi
3524 4857 3699 4902 terrae.
3745 4846 3887 4900 llinc
3941 4846 4024 4899 in-

2461 4948 2735 5002 credibilis
2774 4961 2962 5000 eorum
2995 4945 3174 4999 rabies
3205 4942 3427 5006 exarsit,
3449 4940 3705 5009 quoniam
3732 4940 3880 4991 nulla
3914 4938 4023 5004 jam

2463 5039 2531 5093 iis
2560 5036 2700 5107 juris
2734 5038 2940 5104 species
2969 5034 3229 5094 resrabat,
3264 5046 3427 5100 quam
3464 5030 3766 5084 facinorum
3798 5044 4023 5082 suorum

2461 5129 2743 5184 audaciam
2785 5135 3139 5197 prmtexerent
3168 5142 3184 5189 ;
3210 5134 3264 5177 et
3300 5123 3467 5177 totius
3515 5120 3656 5175 sacri
3690 5118 3901 5173 ordinis
3937 5134 4023 5172 se-

2460 5231 2584 5277 cuta
2636 5219 2874 5273 venditio
2912 5226 3144 5285 estquae
3179 5215 3378 5284 palam,
3420 5212 3533 5280 jam
3559 5208 3795 5279 proiecta
3845 5206 4024 5263 onmis

2462 5310 2806 5373 verecundia,
2832 5308 3013 5363 ﬁebat.

2531 5403 2668 5459 Ilinc
2718 5411 2911 5473 praiter
2966 5409 3191 5453 cmtcros
3243 5398 3297 5450 iu
3364 5395 3511 5449 hunc
3566 5406 3787 5462 quoque
3847 5391 4021 5445 virum

2461 5497 2748 5553 sanctitate
2793 5491 3166 5563 plenissimum
3215 5486 3463 5557 superbm
3508 5482 4024 5549 contumeliosaequc

2462 5588 2680 5643 silentio
2726 5582 3116 5655 praetereunda
3148 5580 3251 5634 ill-.e
3297 5593 3444 5640 mine
3490 5592 3517 5628 a
3570 5575 3726 5630 nobis
3776 5573 4023 5642 injuriae;

2461 5679 2613 5735 nefas
2666 5688 2897 5744 namque
2943 5672 3076 5727 mihi
3122 5670 3358 5725 arbitror
3399 5682 3542 5730 esse,
3592 5664 3639 5719 si
3693 5660 4022 5718 recensenda

2460 5772 2636 5826 denuo
2663 5782 2847 5823 earum
2881 5762 3217 5834 turpitudine
3259 5762 3497 5829 linguam
3524 5758 3800 5827 inquinetn
3829 5766 4022 5816 meam,
