4252 6436
257 449 359 512 sm

1176 440 1456 504 ORATlO
1496 443 1591 503 DE
1625 441 2039 503 TRANSLAT.
2083 443 2140 498 Β.
2185 443 2587 505 ΕΗΤΠΥΜΙῘ.

3383 450 3490 513 80?.

255 580 383 617 cum
424 578 518 616 eas
555 562 718 615 etiam
751 560 1108 614 Barbarorum
1147 564 1290 615 oculi
1341 562 1533 614 merito
1586 561 1823 614 aversari
1852 564 1899 621 Α
1928 570 1979 612 et
2014 561 2333 614 nutritorem
2374 565 2522 617 illum
2570 579 2730 617 suum
2780 565 2932 632 egeni
2972 566 3338 634 appellabant,
3378 585 3492 621 mu-

258 654 667 718 abborrcreque
704 650 1054 713 debuissent;
1096 648 1539 718 quandoquidem
1596 648 1824 701 aderant

258 746 427 799 etiam
473 741 757 811 legationis
802 756 964 795 causa
1021 740 1302 804 Saraceni,
1355 750 1409 794 et
1461 740 1627 792 totius
1677 739 1823 793 illius

258 836 485 904 nnjnris
516 849 680 901 quam
725 833 955 887 scenicae
986 843 1080 886 aut
1111 832 1329 901 tragicae
1361 832 1523 885 ullius
1563 830 1826 885 foeditatis

262 925 555 994 participes
622 923 804 988 fuere,
882 932 1122 977 actorum
1189 924 1397 976 similes
1462 931 1824 990 spectatores,

259 1016 481 1085 quando
511 1015 663 1069 nefas
694 1025 810 1068 erat
840 1016 1041 1084 alioqui
1070 1024 1129 1066 ut
1155 1015 1268 1067 haec
1294 1014 1582 1080 impiorum
1617 1012 1829 1064 theatro

263 1116 665 1173 spectarentur,
694 1120 815 1170 quae
841 1117 949 1158 tam
989 1106 1252 1160 scelerate
1280 1104 1349 1156 ab
1379 1104 1560 1172 impiis
1592 1101 1827 1169 ageban-

264 1205 373 1251 tur.
408 1196 728 1264 llujusmodi
771 1212 934 1267 porro
976 1198 1238 1265 przeclara
1278 1196 1433 1249 initio
1463 1210 1692 1249 munera
1738 1195 1826 1247 illa

265 1300 388 1339 mox
443 1285 605 1338 etiam
654 1287 1050 1354 sequebantur,
1097 1287 1263 1338 multa
1310 1285 1529 1348 exsilii,
1578 1292 1826 1337 notormu

263 1376 333 1428 ab
366 1393 433 1429 eo
473 1375 753 1430 hominum
790 1384 1011 1446 propter
1045 1376 1390 1430 imminentes
1422 1375 1739 1429 formidines
1775 1377 1826 1429 in

261 1467 430 1518 rebus
463 1467 672 1534 asperis
702 1466 860 1532 fuga,
893 1465 1103 1519 coactis
1150 1465 1428 1518 malevolis
1467 1479 1589 1518 eum
1647 1464 1830 1518 videre

260 1571 423 1624 quem
448 1558 578 1610 odio
627 1558 1131 1625 prosequebantur;
1174 1558 1258 1611 bis
1289 1572 1418 1610 vero
1463 1558 1624 1610 etiam
1672 1557 1830 1619 longe

260 1647 576 1713 disjunctis,
603 1649 717 1703 sive
740 1649 884 1715 quod
915 1648 1163 1703 assidens
1204 1662 1299 1701 eos
1332 1646 1582 1701 militaris
1620 1646 1829 1700 duritas

260 1737 619 1807 custodiaque
655 1748 1043 1803 summoveret,
1089 1740 1203 1791 sive
1248 1737 1391 1805 quod
1434 1753 1498 1792 ex
1536 1739 1722 1789 innata
1773 1736 1827 1789 in

260 1828 462 1883 animis
501 1830 792 1882 multorum
831 1831 1071 1894 levitate,
1128 1830 1183 1883 in
1216 1830 1329 1898 ipsa
1361 1844 1551 1883 eorum
1583 1842 1716 1882 usus
1748 1829 1829 1880 in-

260 1921 501 1990 digentia
566 1936 817 1991 perverse
870 1922 1087 1975 inutiles
1144 1924 1489 1984 exsisterent,
1550 1930 1606 1974 et
1667 1920 1825 1989 cujus

263 2023 392 2064 ante
448 2013 577 2066 illud
631 2023 843 2082 tempus
892 2014 1119 2067 mirifice
1181 2012 1394 2066 fuerant
1458 2012 1713 2076 studiosi,
1774 2013 1823 2066 ei

264 2115 435 2162 nunc,
476 2103 698 2157 mutatis
731 2106 785 2156 in
814 2103 1150 2156 contrarium
1178 2103 1566 2164 voluntatibus,
1586 2104 1825 2169 impense

262 2191 671 2257 obtrectarent;
703 2195 922 2262 quando
962 2204 1153 2248 natura
1186 2196 1259 2247 ita
1304 2204 1675 2262 comparatum
1718 2203 1822 2254 est,

261 2292 324 2335 ut
366 2283 527 2336 rebus
553 2284 807 2338 secundis
837 2284 1076 2338 adversa:
1116 2299 1329 2353 semper
1358 2284 1604 2337 insidiari
1653 2283 1826 2337 solita:

262 2374 413 2426 sint:
462 2390 573 2443 quo
602 2375 735 2429 nihil
782 2377 852 2431 sit
895 2376 1193 2445 quidquam
1240 2378 1293 2429 in
1340 2378 1502 2439 rebus
1545 2376 1821 2440 humanis,

260 2464 405 2533 quod
436 2478 464 2515 a
493 2465 569 2518 rei
595 2466 697 2519 sibi
727 2467 1010 2519 contraria:
1040 2466 1161 2520 labe
1200 2482 1396 2536 purum
1453 2468 1825 2536 intactumque

259 2553 351 2615 sit,
420 2555 639 2623 cuique,
694 2556 820 2609 licet
871 2557 1348 2623 praeclarissimum
1406 2556 1499 2619 sit,
1558 2558 1820 2624 quasdam

256 2643 414 2709 quasi
451 2643 639 2699 sordes
687 2644 965 2698 hominum
999 2661 1234 2714 nequam
1267 2644 1485 2699 invidia:
1528 2645 1664 2699 livor
1713 2662 1819 2701 non

259 2732 471 2787 allinat.

334 2820 414 2873 Ad
470 2821 583 2876 haec
628 2823 788 2876 etiam
846 2824 1079 2891 positum
1134 2824 1219 2879 hic
1276 2824 1330 2879 in
1385 2836 1677 2893 conspectu
1738 2840 1825 2880 se-

258 2910 534 2978 pulcrum,
568 2913 621 2966 iu
664 2928 772 2982 quo
814 2914 899 2969 hic
938 2925 1269 2978 asservatur,
1306 2916 1691 2985 superantibus
1723 2917 1823 2971 hu-

261 2997 525 3051 manitate
577 3012 675 3053 sua
748 3000 851 3068 piis
909 3002 1126 3068 regibus
1190 3002 1581 3056 immanitatem
1640 3003 1828 3057 ferita-

259 3098 480 3158 temque
528 3091 839 3160 superstitis
892 3090 1069 3147 adhuc
1118 3094 1353 3163 tyranni,
1423 3095 1582 3164 cnjns
1658 3110 1822 3164 opera

1932 651 2169 705 lict-cola:
2202 667 2385 715 suum,
2424 670 2546 709 cum
2583 672 2612 709 a
2644 656 2753 709 Deo
2793 658 3199 721 discessissent,
3240 659 3491 712 defenso-

1930 756 2045 794 rem
2096 742 2442 810 primarium,
2487 746 2637 811 pueri
2680 746 2987 815 disciplinae
3032 763 3142 800 sua:
3193 750 3500 802 moderato-

1933 850 2043 887 rem
2068 834 2536 899 vociferabantur;
2559 852 2746 890 omnes
2774 838 3033 905 denique,
3066 852 3160 905 per
3189 853 3247 891 se
3266 838 3499 906 quisque

1928 940 2050 979 eum
2078 928 2130 979 in
2155 942 2265 995 quo
2293 937 2661 996 opportunum
2684 929 2786 981 sibi
2807 929 3157 982 sublevandis
3182 929 3498 997 indigentiis

1931 1017 2047 1071 suis
2108 1018 2345 1085 positum
2399 1027 2542 1071 esset
2601 1017 2928 1086 perfugium.
2984 1020 3169 1087 Itaque
3219 1019 3348 1072 dum
3395 1020 3497 1071 bn-

1925 1102 2160 1172 jusmodi
2196 1118 2319 1157 cum
2357 1105 2667 1157 laudatione
2706 1104 2870 1157 funus
2905 1109 3235 1170 celebratur,
3279 1109 3335 1161 in
3390 1108 3496 1160 boc

1930 1195 2394 1262 religiosissimum
2410 1197 2669 1264 templum
2692 1198 2759 1249 ab
2772 1199 3027 1251 omnibus
3046 1200 3389 1264 convenitur,
3406 1200 3498 1252 ubi

1930 1288 2167 1355 peractis
2208 1288 2448 1356 reliquis,
2479 1305 2601 1357 qua:
2636 1288 2700 1339 ad
2738 1290 3091 1355 persolvenda
3128 1291 3305 1344 funeri
3343 1292 3495 1359 justa

1930 1380 2173 1442 deerant,
2222 1392 2344 1431 cum
2395 1380 2507 1447 jam
2559 1381 2863 1447 periculum
2899 1391 3069 1443 esset,
3109 1396 3175 1432 ne
3206 1382 3353 1449 quod
3397 1397 3496 1434 su-

1930 1468 2206 1538 p.-rfucrat
2253 1471 2585 1526 sanctissimi
2633 1474 2732 1526 viri
2785 1473 3215 1537 tabernaculum,
3277 1484 3499 1541 propter

1931 1576 2119 1613 eorum
2175 1562 2266 1629 qui
2316 1576 2382 1614 eo
2431 1564 2799 1616 confluxerant
2849 1564 3008 1616 fidem
3063 1564 3486 1631 discerperetur,

1934 1651 2196 1704 violenter
2238 1650 2305 1702 de
2346 1660 2624 1718 raptorqu
2680 1653 2932 1707 inanibus
2979 1665 3255 1707 extortqu
3302 1668 3498 1707 excus-

1931 1757 2161 1811 sumque
2202 1753 2305 1806 est,
2338 1750 2499 1810 atque
2555 1745 2655 1795 hoc
2691 1743 2855 1795 modo
2890 1744 2943 1796 in
3007 1754 3363 1797 sacrosancto
3393 1744 3496 1795 hoc

1930 1848 2091 1902 quem
2130 1833 2395 1897 videmus,
2424 1834 2603 1887 locqu
2664 1842 3078 1889 sacrosanctqu
3113 1849 3238 1888 vere
3269 1834 3366 1887 Dei
3395 1835 3496 1886 lm-

1932 1924 2128 1977 minem
2171 1924 2580 1977 collocavilnus.

2000 2013 2081 2064 An
2114 2012 2407 2066 mediocris
2437 2013 2550 2064 lucc
2582 2011 2676 2065 tibi
2710 2013 2963 2065 videntur
2996 2012 3256 2066 momenti
3290 2012 3355 2065 ad
3393 2012 3491 2065 de—

1928 2104 2241 2156 claraudam
2316 2104 2415 2156 viri
2506 2103 2669 2171 hujus
2732 2105 3013 2168 virtutem,
3072 2102 3278 2172 Deique
3369 2116 3495 2172 erga

1930 2209 2120 2247 servos
2164 2209 2316 2255 suos,
2354 2196 2483 2247 dum
2531 2195 2711 2248 adlmc
2740 2196 2901 2248 etiam
2946 2196 2998 2247 in
3053 2194 3153 2247 hac
3195 2193 3301 2245 vita
3339 2202 3491 2256 sunt,

1928 2301 2113 2339 curam
2167 2286 2329 2339 rebus
2397 2286 2656 2339 secundis
2715 2286 2968 2339 similiter
3028 2294 3191 2351 atque
3246 2284 3490 2336 adversis

1928 2377 2311 2429 indicandam?
2340 2376 2509 2429 Nemo
2543 2376 2636 2437 sit,
2662 2376 2880 2444 opinor,
2912 2375 3005 2444 qui
3028 2376 3372 2435 adversetur,
3412 2376 3494 2426 ui-

1926 2467 1970 2521 si
2018 2469 2062 2521 si
2105 2468 2229 2536 quis
2271 2468 2538 2537 ejusmodi
2577 2468 2647 2521 sit
2701 2468 2793 2534 qui
2833 2467 3049 2520 virlutis
3106 2468 3389 2535 praemium
3442 2467 3494 2519 in

1925 2574 1991 2613 eo
2039 2559 2415 2613 tantummodo
2456 2558 2690 2627 positum
2738 2566 2913 2625 putet,
2966 2557 3009 2611 si
3058 2557 3360 2610 continenti
3409 2571 3496 2607 rc-

1930 2666 2052 2704 rutn
2104 2650 2371 2704 bonarum
2425 2664 2587 2703 cursu
2650 2660 2914 2717 perpetuo
2964 2649 3016 2701 in
3067 2648 3169 2701 bac
3218 2649 3328 2701 vita
3375 2649 3501 2715 quis

1928 2742 2077 2795 nulla
2101 2756 2224 2795 cum
2252 2740 2556 2794 offensione
2580 2749 2783 2801 utatur,
2814 2748 3115 2806 contraque
3140 2738 3494 2791 difficiliorem

1927 2830 1981 2883 lu
2023 2831 2145 2899 ejus
2178 2829 2262 2883 via
2292 2844 2643 2897 progressum
2681 2843 2875 2897 pronas
2908 2829 3173 2896 quasdam
3202 2843 3324 2882 esse
3352 2828 3498 2881 arbi-

1928 2929 2122 2984 tretur,
2154 2921 2355 2989 quibus
2395 2920 2615 2975 assidue
2648 2935 2749 2989 pro
2784 2919 2999 2973 meritis
3025 2919 3288 2973 divinitus
3322 2917 3502 2972 homi-

1927 3028 2057 3066 num
2102 3011 2386 3066 malefacta
2419 3011 2737 3081 puniantur,
2780 3012 3045 3080 opinione
3081 3025 3207 3064 cum
3242 3011 3344 3079 ipsi
3376 3024 3487 3077 per-

1931 3101 2160 3165 niciosa,
2186 3110 2297 3153 tum
2323 3116 2353 3154 a
2382 3100 2474 3153 Dei
2497 3100 2634 3167 aequi
2658 3114 2838 3154 rerum
2861 3099 3108 3153 omnium
3134 3098 3495 3153 moderatoris

256 3180 599 3249 potissimum
626 3182 679 3235 in
705 3196 797 3236 eas
817 3183 906 3237 ille
926 3182 1102 3237 fuerat
1134 3186 1475 3239 calamitates
1515 3186 1817 3255 eonjectus,
1848 3214 1890 3270 ε
1929 3193 2194 3261 sapientia
2227 3192 2521 3245 admodum
2566 3192 2762 3245 aliena.

259 3282 425 3342 atque
475 3274 520 3327 is
563 3274 748 3338 etiam,
797 3275 886 3344 qui
926 3275 1129 3331 nefarie
1160 3276 1337 3331 fuerat
1366 3279 1674 3342 damnatus,
1706 3279 1821 3332 suis

260 3369 456 3421 saltem
495 3378 617 3436 post
668 3370 875 3423 obitum
928 3371 1231 3435 restitutus,
1281 3381 1337 3423 ut
1378 3372 1601 3426 haberet
1657 3373 1819 3426 etiam

258 3457 443 3511 denuo
466 3474 617 3513 sacra
645 3462 1023 3529 promissionis
1049 3473 1189 3516 terra
1216 3463 1396 3516 dilecti
1432 3479 1556 3517 ossa
1600 3462 1824 3532 Josepb,

259 3550 463 3617 quibus
508 3565 605 3619 per
659 3550 983 3605 lectissimos
1031 3566 1277 3620 quosque
1318 3567 1381 3605 ex
1431 3567 1591 3606 sacro
1638 3554 1827 3606 ordine

260 3639 412 3692 viros
434 3640 579 3708 justa
612 3640 973 3695 solverentur.
1011 3640 1374 3695 Commodum
1409 3644 1555 3697 enim
1586 3643 1823 3697 edictum

260 3743 419 3797 reges
466 3730 896 3799 promulgarunt,
932 3739 1094 3800 atque
1143 3734 1381 3801 undique
1411 3736 1702 3803 extemplo,
1737 3750 1829 3789 ve-

258 3820 343 3874 lut
387 3834 453 3873 ex
493 3821 794 3888 composito
825 3820 1223 3890 ('quamobrem
1274 3823 1419 3877 enim
1472 3825 1585 3877 lucc
1631 3841 1826 3895 magna

259 3912 396 3965 adeo
451 3925 576 3964 cum
643 3912 960 3967 celebritate
1018 3927 1127 3966 non
1192 3915 1461 3983 tierent?)
1529 3916 1826 3987 ingensque

257 4002 527 4057 confluxit
550 4003 859 4068 multitudo,
892 4005 1129 4059 maxima
1166 4006 1398 4075 quadam
1434 4022 1626 4077 pompa
1657 4011 1828 4063 victo-

256 4110 371 4149 rem
418 4095 567 4149 illum
614 4098 683 4149 ab
710 4096 903 4150 exsilio
944 4097 1262 4152 redeuntem
1318 4100 1496 4167 coepit
1550 4102 1824 4165 comitari,

257 4187 756 4243 innumerabilibus
816 4187 1027 4245 facibus
1080 4205 1311 4259 quarum
1362 4191 1561 4246 bonam
1612 4204 1824 4262 partem

258 4282 407 4350 regia
450 4281 624 4350 pietas
656 4281 1057 4351 suppeditabat,
1091 4297 1241 4337 mare
1264 4293 1439 4337 totum
1473 4285 1829 4349 collustrans,

254 4368 703 4439 Suavissimisque
720 4369 958 4425 incensis
971 4371 1231 4425 odoribus
1250 4373 1535 4427 molestam
1563 4374 1705 4427 illam
1724 4390 1830 4428 ma-

255 4459 335 4515 ris
348 4473 605 4514 nauseam
618 4459 936 4525 discutiens,
951 4468 1005 4515 et
1021 4470 1273 4530 perpetua
1293 4461 1618 4531 hymnorum
1640 4465 1829 4517 modu-
1859 4520 1864 4527 ,

2000 3286 2194 3339 Verqu
2225 3285 2369 3337 enim
2406 3283 2662 3351 quoniam
2699 3280 2930 3336 dicendo
2962 3282 3027 3334 ad
3065 3281 3207 3335 hanc
3238 3279 3501 3333 orationis

1924 3385 2129 3446 partem
2160 3375 2531 3444 pervenimus,
2565 3371 2937 3435 conferamus,
2963 3371 3008 3425 si
3040 3372 3242 3440 placet,
3290 3385 3352 3423 ea
3378 3386 3501 3438 qua:

1926 3478 2117 3522 sancto
2150 3469 2276 3519 huic
2304 3467 2422 3519 viro
2450 3480 2700 3524 evenere,
2728 3464 3080 3532 vicissimque
3119 3477 3241 3531 quae
3269 3462 3502 3514 Alexan-

1926 3559 2026 3612 dro
2071 3567 2226 3610 antea
2274 3558 2543 3617 accidere,
2593 3558 2981 3623 videamusque
3030 3553 3490 3622 quemadmodum

1929 3646 2021 3700 Dei
2053 3646 2263 3715 justitia
2299 3646 2536 3714 praemiis
2576 3646 2868 3714 unicuique
2903 3659 2969 3697 ex
3009 3644 3206 3697 merito
3248 3642 3498 3695 tribuen—

1926 3738 2011 3791 dis
2046 3736 2354 3791 rectissime
2385 3737 2567 3790 omnia
2597 3736 2929 3789 moderetur.
2980 3733 3071 3788 Ille
3096 3732 3242 3787 enim
3274 3748 3401 3787 cum
3441 3744 3497 3785 ct

1929 3842 2021 3881 rex
2069 3834 2217 3882 esset
2267 3836 2319 3879 et
2375 3826 2525 3894 regio
2562 3840 2758 3893 genere
2803 3833 2979 3888 ortus,
3029 3823 3395 3889 miseramque
3442 3822 3495 3873 in

1935 3917 2053 3985 ipsa
2094 3916 2306 3985 imperii
2341 3916 2605 3985 dignitate
2644 3913 2942 3968 animulam
2993 3911 3286 3966 infeliciter
3325 3915 3496 3965 exha-

1930 4008 2115 4071 lasset,
2147 4007 2351 4075 quibus
2395 4010 2504 4060 vita
2548 4004 2771 4059 functus
2810 4003 3072 4058 laudibus
3119 4011 3203 4058 est
3236 4001 3501 4057 aﬂ‘ectus?

1939 4099 2102 4161 Cum,
2143 4098 2371 4167 repetita
2428 4096 2589 4166 paulo
2646 4095 2808 4149 altius
2859 4094 3129 4158 oratione,
3174 4107 3237 4148 ea
3286 4108 3409 4161 quae
3446 4094 3498 4145 in

1933 4198 2166 4258 utroque
2196 4188 2369 4252 fuere,
2400 4188 2690 4256 diligenter
2718 4186 3158 4247 consideremus,
3189 4184 3298 4249 hic,
3327 4200 3494 4254 quem

1932 4282 1986 4335 in
2054 4282 2155 4334 hoc
2208 4281 2329 4334 loco
2389 4280 2662 4348 sepultum
2712 4278 2996 4341 habemus,
3056 4292 3122 4331 eo
3183 4276 3347 4332 modo
3388 4293 3500 4346 quo

1909 4370 2177 4423 'diximus
2221 4371 2363 4422 altus
2410 4370 2783 4438 educatusque
2829 4377 2951 4438 post
2985 4377 3065 4423 tot
3096 4369 3346 4433 adversa,
3377 4370 3502 4437 qui-

1932 4460 2035 4515 bus
2094 4460 2272 4513 fuerat
2327 4459 2718 4524 conflictatus,
2778 4469 2966 4530 totque
3037 4460 3321 4530 praeclara,
3380 4477 3504 4530 quae

255 4550 460 4602 latione
492 4548 806 4617 pontificem
832 4548 969 4603 mire
996 4549 1405 4604 concelebrans.
1430 4548 1701 4605 Cmterum
1735 4552 1815 4605 si-
1856 4563 1897 4616 π)
1933 4549 2147 4603 virtutis
2200 4564 2313 4602 suae
2365 4548 2613 4602 ediderat
2661 4550 3014 4615 documenta,
3077 4550 3238 4603 talem
3284 4551 3499 4620 qualem

254 4640 369 4693 mul
412 4650 469 4693 ut
495 4638 562 4692 ad
599 4638 817 4708 Virgam
849 4638 1137 4709 (littoralis
1160 4648 1362 4695 tractus
1389 4641 1441 4694 id
1472 4652 1555 4696 est
1583 4641 1821 4711 nomen)

256 4729 604 4798 appulerunt,
646 4730 920 4784 sublatum
961 4739 1046 4786 est
1080 4732 1148 4785 de
1198 4732 1349 4801 regio
1399 4731 1576 4786 lembo
1630 4749 1824 4787 sacro-

256 4830 507 4875 sanctum
551 4822 682 4875 illud
717 4823 1153 4889 tabernaculum,
1196 4834 1358 4894 atque
1404 4825 1455 4878 in
1499 4826 1608 4878 divi
1652 4825 1828 4880 Emi-

256 4914 385 4966 liani
418 4912 585 4965 aedem
611 4913 843 4978 illatum,
876 4915 1058 4984 ibique
1081 4899 1332 4971 similiter
1362 4918 1626 4985 appositis
1660 4918 1823 4987 hym—

256 5002 342 5054 nis
386 5001 705 5056 decautatus
744 5010 828 5056 est
871 5002 964 5057 Dei
1017 5018 1229 5069 servus,
1273 5013 1325 5058 et
1364 5005 1678 5059 laudatione
1726 5021 1823 5060 cu-

252 5094 473 5163 jusdam
510 5093 576 5146 de
607 5094 923 5161 pontificum
958 5110 1186 5149 numer
1215 5096 1555 5151 honestatus.

330 5183 427 5238 "IS
477 5186 551 5239 ita
618 5186 877 5255 peractis,
922 5202 1045 5241 cum
1098 5188 1371 5241 sublatqu
1427 5189 1551 5242 inde
1603 5202 1819 5242 sacrum

255 5284 557 5343 gestaretur
594 5276 931 5344 pberetrum,
970 5286 1132 5347 atque
1164 5278 1216 5330 in
1260 5278 1706 5332 honestissimum
1741 5278 1821 5329 ln-

255 5381 381 5417 cum
432 5365 641 5420 huncce
676 5366 991 5429 inferretur,
1024 5370 1235 5423 sustolli
1278 5370 1520 5439 undique
1549 5370 1617 5422 ab
1647 5370 1821 5421 omni-

258 5454 361 5508 bus
402 5465 613 5523 emptus
665 5466 745 5510 est
794 5458 1020 5521 clamor,
1073 5459 1517 5526 magistratibus,
1571 5458 1817 5527 privatis,

256 5544 643 5613 locupletibus,
692 5550 969 5612 tenuibus,
1017 5550 1167 5611 viris,
1203 5549 1437 5612 feminis,
1469 5550 1670 5618 parvis,
1727 5564 1821 5616 pu-

256 5636 498 5700 beribus,
551 5637 881 5709 impubibus,
929 5655 1162 5709 quorum
1221 5641 1415 5709 partim
1459 5656 1582 5693 eum
1627 5656 1819 5694 secun-

256 5729 384 5780 dum
423 5726 586 5782 Deum
630 5739 835 5799 patrem
868 5732 1156 5797 vocabant,
1199 5732 1393 5801 partim
1428 5743 1697 5801 pastorem
1738 5749 1829 5785 rea

256 5819 568 5886 quirebant,
609 5822 700 5875 alii
752 5831 1208 5893 propugnatorem
1241 5822 1642 5879 desiderabant.
1685 5821 1819 5877 Nam

1928 4656 2091 4710 supra
2127 4641 2554 4695 memoravimus
2597 4642 2720 4695 vita:
2757 4643 2966 4695 exitum
3020 4642 3231 4706 habuit,
3271 4656 3503 4711 eamque

1930 4740 2124 4785 nactus
2169 4741 2254 4785 est
2296 4732 2632 4799 sepulturam
2670 4748 2831 4800 quam
2859 4748 2954 4786 vos
2986 4734 3244 4785 nimirum
3281 4734 3494 4795 videtis,

1931 4819 2277 4888 magnificam
2364 4833 2560 4886 nempe
2611 4825 2665 4871 et
2746 4818 3065 4887 gloriosam,
3124 4817 3503 4884 ejusmodique

1927 4926 2091 4980 quam
2130 4912 2273 4964 viros
2305 4910 2414 4963 Deo
2442 4910 2653 4963 dicatos
2693 4909 2953 4977 consequi
2987 4922 3083 4977 par
3107 4917 3223 4972 est;
3258 4908 3310 4961 id
3350 4909 3499 4976 quod

1928 5002 2101 5070 magis
2144 5000 2444 5054 etiamnqu
2488 5002 2685 5053 mirum
2726 4999 2887 5053 debet
2932 4998 3145 5060 videri,
3179 4998 3323 5066 quod
3370 5000 3500 5050 dra-

1926 5091 2080 5144 conis
2112 5101 2275 5155 caput
2308 5105 2338 5142 a
2370 5105 2480 5157 quo
2520 5088 2807 5141 insanabili
2843 5088 2932 5139 ille
2972 5100 3153 5140 morsu
3199 5086 3379 5139 fuerat
3421 5088 3501 5139 ic-

1926 5194 2033 5247 tus,
2077 5182 2283 5249 reliqua
2339 5181 2517 5233 adhuc
2560 5180 2642 5231 sui
2683 5180 2929 5248 corporis
2972 5187 3124 5247 parte
3180 5174 3500 5253 palpitabat,

1926 5285 2228 5341 magnaque
2270 5285 2394 5322 cum
2426 5270 2655 5322 audacia
2702 5283 2869 5322 ruens
2908 5267 3204 5327 ferebatur,
3244 5275 3493 5319 metuens

1925 5363 2153 5427 scilicet,
2204 5376 2269 5413 ne
2306 5360 2435 5428 quid
2484 5374 2543 5413 se
2580 5370 2862 5428 propterea
2919 5358 3112 5410 melius
3152 5356 3487 5417 ostenderet,

1927 5453 2142 5507 tametsi
2192 5452 2473 5504 incassum
2526 5464 2718 5504 omnes
2776 5449 2881 5518 ipsi
2930 5459 3159 5503 conatus
3211 5446 3288 5499 illi
3341 5457 3492 5499 erant

1926 5544 2128 5605 casuri,
2192 5557 2316 5596 cum
2351 5541 2403 5595 id
2442 5540 2641 5610 egisset
2685 5552 2903 5594 terrena
2938 5547 3203 5608 potestas,
3242 5545 3301 5590 ut
3329 5536 3491 5590 soluti

1926 5636 1979 5687 in
2008 5648 2254 5703 spumam
2286 5632 2408 5701 ejus
2444 5631 2643 5686 fluctus
2685 5631 2922 5695 abirent,
2960 5638 3122 5697 atque
3153 5627 3243 5680 hic
3270 5626 3488 5695 quidem

1925 5727 2026 5782 hoc
2055 5726 2235 5779 modo.

1992 5818 2192 5872 Contra
2244 5831 2374 5872 vero
2428 5813 2746 5869 Alexander.
2810 5809 2861 5866 ls
2914 5810 3057 5864 enim
3117 5805 3380 5879 quidquid
3434 5802 3490 5857 in
