4252 6436
798 428 903 489 803

1425 426 1747 486 ΑΠΕΤΙΙ.·Ε
1785 421 2303 481 (ἷβΕΞΑΒΙ-ΕΝΕΙΞ
2345 420 2437 479 ΟΕ
2472 420 2888 482 TRANSLAT.
2930 421 2987 477 S.
3034 420 3104 477 El

1785 421 2303 481 CfESARl-ENSIS
2345 420 2437 479 DE
2472 420 2888 482 TRANSLAT.
2930 421 2987 477 S.
3034 419 3433 478 EUTIlYMll.

3934 417 4040 479 80£

805 536 965 588 terris
1017 534 1203 587 haberi
1253 534 1546 601 voluptatis
1606 547 1668 581 ae
1704 531 2025 582 deliciarum
2070 538 2267 598 potest,
2312 528 2360 579 td
2396 533 2436 586 Α
2469 530 2774 580 universam
2812 528 3070 581 existimo
3106 542 3191 580 me
3224 541 3438 580 morum
3473 526 3593 593 ejus
3627 525 4036 592 pertersitatent

802 642 965 678 otnnc
1005 628 1073 678 ab
1106 626 1235 693 ipsis
1276 623 1620 675 incunabulis
1650 622 1796 688 large
1831 636 2045 689 SCIIIpDI'
2080 622 2361 683 habuerat,

802 729 964 784 atque
1021 732 1048 765 ιι
1109 716 1273 767 fratre
1326 712 1502 764 fuerat
1554 711 1818 765 educatus
1876 712 1992 763 viro
2053 710 2361 773 eorumodo,

802 818 1123 871 sutmraque
1177 812 1230 854 et
1290 801 1579 854 sanctitate
1638 799 1863 868 pra-dite
1927 809 1980 852 et
2035 797 2362 862 innocentia,

810 895 1125 959 maioreque
1183 892 1325 957 apud
1382 905 1504 943 eum
1568 891 1734 960 digno
1787 899 1933 944 certe
1983 888 2363 957 appellatione,

801 998 962 1049 qnam
994 982 1195 1037 fratris.
1223 982 1274 1036 1s
1294 982 1462 1043 enim,
1500 982 1717 1036 tametsi
1741 982 1884 1051 quod
1910 980 2074 1033 multa
2107 982 2367 1032 adversus

804 1074 981 1138 ipsum
1040 1088 1176 1125 nova
1237 1082 1354 1125 erat
1396 1072 1654 1135 molitus,
1701 1080 2093 1141 proptereaque
2134 1069 2204 1122 ab
2248 1069 2367 1136 ipso

800 1172 946 1215 esset
980 1163 1436 1231 comprehensus,
1476 1163 1654 1215 nullas
1688 1173 1865 1214 tamen
1900 1160 2143 1228 concepti
2176 1159 2226 1212 in
2259 1160 2368 1212 fra-

804 1260 936 1302 trem
985 1251 1205 1303 sceleris
1246 1266 1435 1319 premis
1484 1252 1760 1320 gratiores
1815 1250 1964 1302 dedit
2018 1248 2367 1319 (cuiusmodi

804 1341 956 1392 multi
995 1342 1179 1394 multis
1211 1351 1336 1395 ante
1382 1342 1431 1393 id
1462 1353 1672 1408 tempus
1705 1339 1919 1393 fuerint
1956 1340 2173 1410 affecti)
2207 1355 2366 1408 quam

804 1441 861 1483 ut
895 1431 945 1482 iu
982 1432 1284 1484 custodiam
1340 1439 1548 1483 tantum
1590 1432 1835 1491 daretur,
1882 1430 2369 1498 prohibereturque

808 1535 876 1571 ne
922 1535 1042 1587 quae
1091 1519 1254 1587 impie
1284 1521 1335 1573 in
1392 1518 1614 1574 fratrem
1652 1519 1831 1575 facere
1871 1521 2158 1589 cogitarat,
2200 1536 2262 1573 ea
2301 1519 2369 1573 ad

804 1609 1007 1662 exitum
1058 1611 1414 1679 perduceret,
1449 1625 1480 1665 a
1510 1626 1621 1680 quo
1670 1612 1882 1665 tametsi
1916 1628 1983 1664 eo
2027 1612 2187 1665 modo
2234 1612 2370 1665 insi-

803 1700 907 1754 diis
960 1701 1151 1769 petito,
1200 1715 1370 1769 regno
1420 1701 1710 1755 incolumis
1750 1702 1935 1769 (quod
1986 1701 2194 1754 utinam
2231 1716 2371 1753 mtu-

804 1799 968 1853 quam
1005 1784 1260 1852 fecisset)
1300 1788 1643 1851 servabatur,
1685 1787 1830 1855 quod
1870 1802 2084 1856 acquum
2122 1788 2366 1855 putabat,

2466 620 2883 671 deelaraturum.

2537 709 2651 764 illos
2702 721 2786 765 est
2845 709 3064 776 regibus
3104 709 3567 765 Christianorum,
3607 707 3700 774 qui
3751 705 3893 760 idem
3935 705 4043 757 illis

2465 803 2774 855 communis
2809 812 2890 855 est
2924 816 3047 855 cum
3080 801 3337 853 omnibus
3384 799 3735 861 Christianis,
3781 810 3861 858 ut.
3897 814 4042 864 quo-

2467 894 2782 959 tiescunque
2812 890 2903 945 Dei
2927 890 3177 945 basilicas
3210 889 3613 957 ingrediuntur,
3644 902 3710 955 ap
3732 898 3831 940 -rto
3863 898 4044 954 capte

2466 999 2559 1038 eas
2579 982 2974 1051 ingrediantur.
3012 980 3185 1045 Quem
3204 979 3423 1048 quidem
3444 977 3645 1031 Paulus
3664 978 3778 1044 ipse
3812 986 4043 1045 aposto-

2470 1075 2553 1127 lus
2578 1074 2785 1143 primus
2820 1072 3028 1125 inducit
3058 1080 3223 1139 atque
3242 1068 3500 1123 omnibus
3528 1070 3581 1120 in
3618 1066 3931 1122 Christiana
3959 1083 4042 1119 re-

2468 1164 2680 1233 publica
2706 1161 3101 1217 observaudum
3148 1160 3443 1213 mandavit.
3492 1156 3647 1212 lluuc
3674 1172 3879 1210 morem
3913 1172 4040 1210 eum

2468 1252 2859 1322 sapientissimi
2889 1251 3134 1305 videlicet
3153 1250 3226 1303 illi
3255 1261 3416 1319 atque
3434 1248 3625 1318 optimi
3656 1248 3757 1300 viri
3782 1245 4043 1300 sustulis-

2469 1352 2610 1405 sent,
2643 1351 3033 1412 persuaserunt
3058 1341 3261 1395 homini
3295 1355 3495 1394 erassm
3519 1338 3660 1393 cutis
3686 1354 3748 1392 ac
3774 1339 3842 1391 de
3877 1338 4043 1392 suillo

2468 1450 2683 1506 genere,
2711 1444 2986 1489 ettaututn
3016 1449 3122 1487 non
3153 1432 3463 1504 grunnienti
3488 1432 3596 1501 (eui
3628 1431 3795 1492 enim,
3828 1445 4039 1497 quaeso,

2470 1526 2678 1596 mquius
2696 1526 3000 1594 comparari
3021 1526 3107 1579 ille
3126 1533 3335 1594 poterat
3360 1538 3520 1592 quam
3541 1522 3623 1576 sui
3648 1520 3901 1575 Bosotica:
3916 1517 3963 1587 ζ’)
3984 1528 4046 1571 ut

2470 1628 2725 1688 cooperto
2754 1618 2927 1687 capite
2976 1620 3029 1672 in
3082 1619 3197 1671 loca
3239 1624 3586 1671 sacrosancta
3642 1613 4041 1681 ingrederetur.

2470 1710 2644 1776 Quam
2664 1711 2878 1779 quidem
2904 1710 2991 1763 ille
3011 1708 3354 1778 disciplinam
3376 1722 3497 1760 cum
3518 1722 3547 1758 a
3569 1706 3854 1764 Imisisset.
3874 1715 4042 1771 atque

2471 1802 2537 1855 ad
2563 1802 2769 1870 majora
2792 1801 3089 1856 etiamnum
3120 1799 3291 1851 multo
3328 1794 3674 1867 perdiscenda
3711 1794 3960 1846 facinora
3982 1808 4044 1845 se

805 1887 863 1928 ut
895 1891 1056 1945 quem
1091 1877 1193 1929 sibi
1233 1891 1354 1931 sors
1387 1878 1537 1945 regni
1604 1878 1814 1932 socium
1845 1878 2101 1943 dedisset,
2123 1879 2172 1931 ei
2206 1893 2369 1948 paca-
2404 1869 2444 1928 Β
2476 1869 2727 1964 param,“
2765 1893 3053 1962 praeberet,
3098 1892 3360 1945 ηίειιίνυιη
3409 1888 3631 1959 pulchre
3681 1886 3768 1939 ille
3819 1900 4043 1955 quoque

808 1977 921 2020 tum
971 1967 1354 2036 incolumeque
1399 1968 1528 2021 illud
1571 1971 1830 2022 traderet.
1868 1967 2063 2023 Verum
2111 1985 2232 2023 (‘lllll
2267 1970 2369 2021 hu-

808 2057 1188 2122 manissimus,
1222 2058 1473 2127 idemque
1505 2058 1869 2113 suavissimus
1909 2074 2001 2112 rex
2031 2057 2138 2112 Leo
2164 2074 2226 2111 ex
2271 2058 2371 2113 hac

804 2149 910 2201 vita
937 2150 990 2202 in
1023 2164 1155 2218 pace
1178 2159 1324 2204 esset
1348 2150 1628 2210 tliutissus.
1683 2164 2011 2219 summaque
2046 2164 2230 2203 rerum
2255 2164 2371 2202 om.

803 2240 956 2291 nium
983 2246 1226 2305 potestas
1254 2238 1322 2291 ah
1344 2254 1408 2291 eo
1438 2237 1503 2291 ad
1539 2240 1682 2292 hunc
1709 2240 2035 2303 devertisset,
2082 2238 2368 2294 confestim

807 2328 893 2381 hic
926 2329 1044 2397 ipso
1073 2330 1225 2382 initio
1251 2330 1559 2397 cuiusmodi
1589 2338 1730 2384 esset
1752 2330 2072 2394 declaravit,
2096 2346 2371 2400 quamque

807 2420 943 2473 nihil
984 2421 1086 2473 sibi
1143 2419 1434 2490 profuisset
1488 2422 1608 2474 \itce
1657 2421 2015 2484 consuetudo,
2066 2437 2187 2492 qua:
2246 2438 2369 2475 eum

813 2507 981 2565 fratre
1016 2512 1114 2581 ipsi
1141 2510 1356 2574 fuisset,
1380 2512 1633 2581 quodque
1658 2512 1727 2564 ab
1750 2528 1816 2565 eo
1841 2513 2134 2567 clementer
2155 2512 2372 2567 habitus

806 2609 988 2664 esset;
1021 2614 1319 2667 verumque
1356 2614 1479 2652 esse
1513 2599 1869 2652 Proverbium
1911 2599 2098 2651 docuit
2131 2613 2146 2651 :
2181 2596 2370 2651 Virum

806 2702 1132 2764 potestatem
1186 2692 1471 2744 habentem
1522 2692 1573 2743 iu
1607 2690 1761 2760 pejus
1803 2688 2088 2759 proﬁcere.
2133 2689 2373 2757 Repente

806 2798 1045 2853 namque
1098 2792 1158 2836 ut
1209 2782 1688 2844 scelestissimum,
1737 2795 1801 2834 ac
1846 2780 2082 2833 maxime
2131 2778 2373 2833 nefarius

806 2877 1133 2947 ﬂagitiisque
1163 2888 1229 2927 ae
1265 2873 1604 2928 facinoribus
1632 2872 2015 2941 Oper-tissimus
2046 2870 2279 2939 quisque
2306 2869 2371 2922 ad

805 2982 929 3021 eum
963 2980 1023 3020 se
1048 2966 1393 3026 contulisset.
1430 2964 1663 3033 ejusque
1703 2963 1910 3018 assecla
1942 2977 2061 3017 esse
2095 2963 2373 3031 cmpisset,

806 3060 880 3111 ita
926 3070 1142 3110 summa
1185 3054 1329 3124 apud
1378 3053 1529 3107 illum
1560 3061 1679 3107 erat
1709 3053 1761 3105 in
1798 3053 1993 3123 gratia,
2024 3052 2077 3104 in
2118 3051 2375 3105 consilia-

805 3149 1122 3216 riorumque
1210 3160 1497 3199 numerum
1572 3143 1917 3207 admittebat,
1989 3156 2054 3197 ac
2113 3156 2242 3210 pars
2323 3141 2371 3194 ei

806 3242 987 3311 aliqua
1020 3236 1520 3293 administrationis
1549 3235 1764 3303 imperii
1795 3234 2257 3289 committebatur.
2288 3233 2366 3287 Ex

807 3347 917 3400 quo
966 3330 1209 3398 quidem,
1250 3329 1295 3382 si
1344 3328 1475 3396 quid
1549 3338 1710 3379 antea
1772 3341 1960 3379 eorum
2012 3341 2132 3394 qua:
2164 3324 2370 3378 occulte

808 3424 861 3478 in
897 3422 1118 3476 fratrem
1151 3421 1540 3483 moliebantur,
1581 3420 1742 3487 vulgo
1777 3432 1951 3486 usque
1976 3418 2029 3470 in
2072 3416 2122 3470 id
2161 3426 2370 3481 tempus

806 3514 984 3568 fuerat
1008 3513 1276 3584 ignotum,
1304 3512 1355 3564 id
1382 3519 1513 3565 time
1568 3510 1740 3579 palam
1764 3508 1874 3578 iam
1907 3518 2199 3577 aperteque
2224 3505 2370 3559 dete-

807 3605 1054 3675 gebatur,
1116 3603 1567 3673 impudenterque
1597 3600 1925 3662 iactabatur.
1987 3596 2119 3650 Nam
2156 3606 2211 3651 et
2256 3597 2366 3649 cle-

806 3694 1138 3752 mentissimi
1166 3695 1219 3747 lu
1255 3694 1438 3763 ipsum
1493 3692 1681 3745 fratris
1712 3698 2096 3745 testamentum
2129 3688 2367 3742 rescindi

811 3795 1073 3857 coeptum,
1094 3795 1303 3839 veteres
1333 3784 1453 3851 eius
1482 3784 1642 3836 amici
1680 3781 1911 3851 superbe
1935 3778 2369 3834 contumeliosa:-

804 3893 910 3948 que
958 3876 1175 3931 tractari
1218 3876 1514 3943 rejiciqtte;
1576 3874 1839 3927 innocens
1903 3878 2162 3940 praeterea
2218 3877 2369 3922 torus

810 3971 925 4037 ipse
965 3968 1148 4035 regius
1186 3967 1381 4033 iniuria
1417 3966 1555 4019 allici
1592 3976 1756 4025 atque
1786 3978 1816 4017 e
1846 3963 1990 4031 regia
2022 3958 2366 4024 submoveri;

804 4072 858 4115 et
914 4064 1017 4114 nisi
1070 4060 1230 4113 terris
1281 4057 1545 4111 Dominus
1574 4054 1757 4126 Regia:
1789 4054 1974 4123 stirpis
2010 4066 2197 4106 semen
2238 4050 2366 4103 relic

802 4155 1037 4223 quisset,
1092 4153 1268 4219 ipsum
1320 4150 1465 4202 hunc
1512 4149 1699 4212 etiam,
1742 4160 1905 4215 quem
1962 4156 2104 4195 nunc
2140 4140 2368 4195 feliciter

806 4246 1094 4314 imperium
1169 4242 1503 4296 obtinentem
1583 4240 1870 4299 videmus,
1947 4232 2364 4288 Constantinum

806 4339 1039 4407 eiectum
1092 4337 1481 4395 Stllmtovissct,
1543 4340 1597 4384 et
1655 4328 2064 4383 adolescentulo
2112 4326 2368 4380 sclaveno

807 4426 1103 4494 lacteturpi
1142 4425 1385 4478 moribus
1435 4423 1601 4477 etiam
1643 4422 1894 4489 turpiori,
1928 4418 2187 4473 traditum
2222 4422 2369 4470 esset

808 4517 1219 4591 gubernandum
1254 4515 1541 4584 imperium
1574 4513 1902 4567 Romanum.

874 4613 958 4666 Ab
990 4614 1092 4665 hac
1140 4609 1484 4679 Iniquissima
1533 4607 1771 4660 novitate
1806 4604 2029 4673 iniuriae
2061 4601 2225 4657 etiam
2269 4602 2371 4655 illa:

808 4707 1078 4775 prodiere,
1139 4704 1339 4771 quibus
1396 4699 1623 4754 affectus
1679 4696 1781 4750 fuit
1847 4704 2066 4749 sanctus
2125 4694 2214 4747 hic
2265 4693 2366 4745 vir.

810 4798 1054 4865 Namque
1099 4793 1431 4847 consiliariis
1472 4804 1607 4843 usus
1635 4789 1723 4851 iis,
1757 4801 1897 4856 quos
1934 4785 2043 4839 Leo
2080 4801 2223 4853 satpe
2252 4786 2372 4837 vita:

813 4902 925 4941 sum
972 4885 1201 4940 insidias
1238 4883 1405 4938 fuisse
1457 4880 1674 4934 molitos
1719 4876 2004 4931 manifeste
2040 4878 2369 4939 convicerat,

810 4991 874 5029 ac
906 4982 1191 5045 propterea
1222 4973 1383 5026 ctiam
1416 4972 1483 5025 ab
1521 4969 1767 5025 ecclesiis
1814 4968 2111 5036 repulerat,
2147 4966 2227 5021 vel
2270 4967 2369 5035 ipsi

810 5070 1016 5137 potius,
1066 5074 1210 5119 metu
1256 5079 1320 5117 ne
1356 5063 1907 5131 deprehenderentur,
1945 5075 2044 5113 sua
2085 5074 2141 5112 se
2182 5069 2372 5128 sponte

807 5169 1172 5219 removerant,
1206 5168 1264 5209 ut
1291 5171 1431 5224 quos
1459 5155 1700 5222 eiusdem
1731 5167 1913 5206 secum
1945 5151 2226 5205 sententiae.
2252 5166 2372 5204 esse

810 5248 1055 5318 putabat,
1085 5248 1215 5300 viris
1237 5245 1568 5298 inunanihus
1602 5258 1665 5296 ac
1701 5241 1854 5303 feris,
1892 5241 2097 5309 quique
2129 5242 2221 5293 uni
2249 5249 2371 5294 tau-

808 5347 920 5391 tum
952 5337 1179 5407 qumstui
1225 5335 1532 5399 inhiabant,
1563 5349 1625 5387 ea
1674 5333 1896 5387 saevitia:
1931 5333 2178 5399 exempla
2213 5331 2265 5384 in
2305 5332 2371 5385 il-

806 5429 916 5482 lum
952 5430 1139 5493 edidit,
1171 5442 1277 5497 que
1312 5428 1364 5481 in
1396 5440 1519 5481 eum
1555 5426 1640 5479 edi
1677 5439 1777 5494 par
1821 5433 1926 5489 est,
1960 5425 2051 5493 qui
2089 5424 2143 5477 in
2178 5423 2373 5492 huius—

814 5520 960 5574 modi
1019 5520 1406 5574 sceleratorum
1441 5532 1635 5570 manus
1668 5515 1898 5571 traditus
1934 5517 2025 5569 sit.
2062 5517 2138 5569 Ae
2180 5525 2371 5569 caetera

802 5608 1021 5678 quidem
1079 5610 1266 5663 videor
1295 5609 1428 5663 mihi
1477 5607 1644 5661 missa
1698 5606 1966 5670 facturus,
2034 5621 2373 5674 qua:cuuque

801 5698 1256 5755 contumeliosius
1287 5699 1375 5753 ille
1415 5699 1469 5753 in
1518 5709 1740 5753 sanctos
1784 5698 1931 5752 viros
1962 5697 2159 5761 effecit,
2200 5713 2372 5766 eaque

801 5792 1248 5845 commemorabo
1309 5792 1726 5854 tantummodo,
1797 5790 1942 5845 unde
2003 5791 2370 5859 pulcherrime

2470 1993 2799 2039 consecutus
2852 1995 2938 2039 est
2987 1998 3172 2037 casus.
3225 1983 3435 2036 Etenim
3493 1980 3583 2034 ubi
3633 1978 3910 2031 hominem
3963 1976 4045 2029 sic

2469 2090 2792 2145 persuasum
2824 2075 2898 2129 illi
2928 2074 3294 2137 iutroduxere,
3323 2089 3387 2127 ac
3425 2070 3644 2125 violacei
3676 2069 3880 2124 coloris
3904 2068 4044 2120 ami-

2468 2168 2591 2222 culo
2632 2174 2831 2221 tectum
2865 2182 3036 2221 sacrae
3083 2179 3284 2220 mensae
3325 2164 3633 2226 admovere,
3685 2176 3887 2229 magno
3914 2174 4039 2211 cum

2469 2270 2589 2319 suo,
2606 2264 2717 2308 tum
2734 2254 2876 2308 illius
2892 2254 3075 2309 futuro
3090 2254 3352 2310 dedecere
3365 2253 3628 2322 (quando,
3642 2250 3858 2320 opinor,
3880 2262 4044 2318 pana

2474 2347 2589 2400 haec
2641 2347 2804 2400 illatae
2848 2346 2964 2399 viro
3011 2356 3202 2401 sancto
3253 2346 3403 2399 necis
3443 2352 3560 2399 erat
3612 2342 3797 2397 futura
3820 2344 3863 2408 i,
3906 2354 4042 2394 con-

2472 2436 2654 2491 chtim
2702 2436 2790 2491 ille
2848 2445 2970 2504 post
3019 2436 3234 2490 facinus
3284 2435 3414 2489 illud
3461 2443 3568 2489 tam
3622 2433 3801 2486 audax
3854 2442 4046 2484 mente

2471 2537 2666 2595 captus
2706 2538 2810 2592 est,
2862 2542 3038 2596 neque
3066 2541 3133 2579 ex
3164 2542 3231 2580 eo
3276 2526 3365 2580 die
3393 2526 3444 2579 iu
3480 2532 3747 2594 potestate
3783 2537 3883 2577 sua
3919 2537 4042 2573 am-

2474 2619 2617 2686 plius
2654 2616 2776 2670 fuit.
2815 2616 2953 2670 Nam
2980 2627 3031 2671 et
3062 2616 3513 2678 audacissimum,
3548 2629 3653 2667 non
3688 2625 3868 2666 tamen
3892 2610 4045 2663 omni

2472 2722 2535 2762 ex
2579 2716 2729 2775 parte
2762 2705 3290 2775 reprehemlemlum,
3326 2704 3541 2757 facinus
3583 2702 3791 2770 maiore
3826 2715 3951 2752 utox
3978 2713 4047 2751 ac

2477 2796 2865 2866 perniciosiore
2890 2794 2995 2848 alio
3033 2793 3352 2848 cumulavit.
3398 2793 3534 2846 Cum
3560 2792 3703 2845 enim
3733 2790 3931 2843 statuis
3952 2788 4046 2851 iis,

2472 2901 2596 2954 qua:
2646 2886 2709 2961 in.
2746 2884 3113 2954 hippodromo
3147 2892 3294 2947 sum,
3326 2882 3544 2938 solitum
3579 2880 3792 2933 Baccho
3833 2878 4051 2932 sacrifi-

2473 2981 2616 3031 cium
2648 2976 2761 3030 fieri
2795 2974 3031 3039 fecisset,
3052 2989 3186 3028 sane
3212 2974 3459 3027 meritam
3478 2972 3599 3038 eius
3627 2970 3705 3026 rei
3737 2970 4046 3024 mercedem

2476 3069 2624 3123 illico
2670 3067 2968 3137 reportavit
3004 3082 3019 3118 :
3069 3065 3341 3134 siquidem
3394 3065 3461 3118 iis
3494 3062 3736 3117 nondum
3781 3061 4045 3132 peractis.

2478 3160 2863 3215 miserabiliter
2907 3158 3158 3212 sublimis
3212 3156 3355 3210 intra
3402 3156 3713 3208 cubiculum
3757 3168 3920 3208 suum
3964 3162 4054 3207 est

2479 3252 2828 3319 importatus.
2855 3246 2997 3302 Casu
3032 3247 3203 3301 nihilo
3242 3245 3466 3299 meliore
3491 3258 3651 3313 quam
3690 3241 3792 3295 fuit
3824 3242 3913 3296 ille
3943 3242 4053 3296 He-

2478 3340 2650 3401 rodis,
2677 3339 2770 3409 qui
2800 3353 2923 3393 cum
2950 3335 3214 3391 Jacohum
3248 3334 3490 3390 Zebeda-i
3524 3335 3691 3388 lilium
3721 3333 3776 3387 iu
3816 3336 4051 3403 gratiam

2477 3447 2669 3486 eorum
2703 3432 2797 3501 qui
2850 3431 3128 3485 Christum
3170 3428 3503 3492 occiderant,
3542 3427 3935 3491 interemisset,
3983 3442 4053 3480 ac

2481 3525 2701 3578 Petrum
2736 3524 2913 3592 ipsqu
2943 3522 3319 3591 apostolorum
3352 3519 3650 3589 principem
3685 3518 3851 3571 simili
3891 3519 4052 3571 modo

2482 3614 2676 3666 fuisset
2707 3616 2956 3676 adortus,
2989 3612 3243 3665 meritum
3272 3611 3389 3679 ipse
3416 3623 3639 3679 quoque
3666 3606 3933 3663 facinoris
3960 3610 4050 3661 sui

2479 3707 2760 3776 praemium
2798 3712 2883 3759 est
2920 3713 3278 3769 consecutus;
3323 3702 3523 3772 quippe
3553 3700 3648 3771 qui
3695 3700 3749 3754 in
3782 3700 4051 3761 maxima,

2479 3810 2602 3862 quae
2632 3795 2697 3847 ad
2747 3794 2890 3847 diem
2933 3794 3231 3847 solemnem
3292 3801 3682 3856 convenerant,
3735 3789 4051 3845 mortalium

2479 3886 2804 3954 frequentia.
2863 3886 3013 3952 regio
3074 3884 3370 3939 satellitum
3430 3882 3688 3938 comitatu
3752 3882 4050 3944 subnixus,

2479 3992 2695 4032 summo
2722 3977 2995 4039 cruciatu,
3030 3976 3364 4030 scatentihus
3408 3974 3649 4045 undique
3672 3988 3739 4029 ex
3769 3972 3892 4043 eius
3918 3987 4055 4028 cor-

2477 4082 2607 4138 pore
2638 4068 2938 4131 vcrmibus,
2968 4068 3033 4122 de
3060 4066 3166 4121 vita
3199 4066 3532 4121 discesserit.

2553 4159 2843 4223 Quomodo
2893 4168 3073 4212 autem
3132 4158 3221 4211 hic
3278 4158 3503 4211 uoster?
3547 4154 3729 4209 Nostis
3778 4153 4051 4224 profecto,

2479 4247 2942 4314 qm-madmodum
2979 4248 3282 4301 miserrime
3319 4246 3425 4301 fuit
3454 4247 3542 4300 ille
3574 4246 3773 4309 elatus,
3807 4257 4052 4315 quanta—

2475 4354 2579 4409 que
2609 4340 2662 4392 iu
2689 4339 2809 4408 eius
2843 4337 3034 4392 funere
3062 4338 3312 4394 faciendo
3335 4340 3576 4394 adhibita
3594 4337 3890 4403 festinatio,
3913 4337 4052 4391 sella

2482 4433 2651 4502 regia,
2697 4447 2801 4501 qua
2824 4432 2945 4501 eius
2979 4446 3178 4501 corpus
3211 4432 3549 4501 portabatur,
3583 4428 3889 4495 confracta,
3921 4443 4054 4497 per-

2398 4539 2449 4598 D
2479 4524 2603 4578 inde
2630 4539 2694 4578 ac
2727 4524 2770 4577 si
2820 4538 2961 4592 azgre
3014 4523 3229 4577 tulisset
3259 4523 3681 4577 sceleratissima
3712 4536 3771 4576 se
3807 4521 3899 4574 illa
3928 4536 4054 4575 sar-

2475 4616 2596 4667 cina
2651 4628 2896 4683 pressam
2953 4612 3140 4667 fuisse.
3187 4611 3501 4666 Meminisse
3533 4611 3758 4679 potestis
3787 4621 4054 4679 pra-terea

2475 4720 2638 4774 quam
2664 4704 2902 4773 graviter
2929 4703 3178 4772 ftedeque
3208 4703 3390 4756 infelix
3428 4702 3557 4756 illud
3598 4716 3800 4770 corpus
3826 4701 4050 4763 feteret.

2477 4803 2826 4863 quantusque
2871 4809 2934 4848 ac
2976 4808 3141 4862 quam
3187 4803 3321 4847 teter
3371 4800 3518 4846 esset
3569 4793 3702 4846 odor
3737 4791 3849 4853 ille,
3882 4806 4052 4860 quem

2476 4884 2883 4938 occurrentium
2935 4884 3037 4937 sibi
3085 4884 3311 4938 natibus
3348 4882 3574 4943 amaret.
3606 4881 3875 4951 eiusmodi
3900 4882 4054 4935 vide-

2486 4977 2617 5031 licet
2661 4976 2753 5045 qui
2811 4983 3116 5029 aromatum
3164 4990 3283 5043 quae
3334 4976 3751 5029 incenderentur
3798 4974 4051 5028 omnium

2481 5069 2702 5122 odorem
2744 5067 3125 5122 confunderet.
3167 5066 3505 5120 lutumuerat
3546 5075 3807 5135 pra-terea
3846 5068 4049 5119 mirum

2479 5160 2533 5212 iu
2572 5159 2818 5212 modum.
2869 5160 3043 5226 Atque
3073 5158 3185 5211 haec
3217 5158 3434 5225 quidem
3470 5156 3665 5211 divinae
3697 5156 4056 5225 providenti-.2

2479 5262 2630 5301 nunc
2664 5248 2717 5300 in
2762 5246 2929 5299 rebus
2966 5246 3222 5299 humanis
3262 5246 3386 5300 vitae
3424 5246 3584 5314 huius
3625 5244 3825 5299 iudicia
3862 5245 4053 5310 fuere;

2479 5353 2603 5392 nam
2652 5348 2707 5392 et
2757 5337 3181 5406 eolliquesccute
3234 5337 3345 5405 iam
3382 5337 3436 5391 in
3478 5347 3753 5405 putroretn
3795 5351 4053 5405 corpore,

2475 5430 2595 5497 eius
2628 5429 2806 5481 adhuc
2834 5428 3100 5497 spirantis
3126 5428 3338 5481 tabidas
3370 5442 3565 5481 carnes
3592 5442 3658 5479 ex
3694 5426 4056 5481 inferimihus

2477 5519 2635 5573 aiunt
2669 5518 2920 5587 partibus
2969 5517 3282 5583 efﬂuxisse;
3328 5534 3436 5587 quo
3474 5518 3692 5587 quidem
3732 5516 3937 5570 factum
3971 5529 4057 5572 est

2480 5620 2540 5663 ut
2569 5611 2655 5662 vix
2708 5608 2775 5661 ad
2821 5608 3154 5663 destinatum
3203 5609 3510 5678 sepulcrum
3542 5608 3781 5663 delatum
3818 5611 4052 5679 turpiter

2483 5701 2672 5765 fuerit,
2706 5700 3180 5772 ignominioseque
3211 5702 3531 5771 proiectum.

2554 5790 2924 5846 Confer-antur
2959 5808 3106 5848 nunc
3132 5794 3355 5859 nostris,
3393 5792 3436 5847 si
3462 5793 3656 5863 placet,
3685 5808 3748 5848 ea
3775 5811 3898 5865 quae
3923 5794 4058 5850 huic
