4252 6436
275 425 382 485 805

1248 421 1590 480 JOANNES
1629 423 2062 486 GEOMETRA.
2084 451 2150 461 -
2188 429 2444 488 NOTLTI
2461 435 2516 490 τι.

3403 435 3510 499 806

271 547 595 593 CVt‘llCl‘lllll,
643 529 1069 596 ostcmlatnrque
1127 530 1256 597 quid
1300 532 1584 605 religiosus
1622 543 1673 582 et
1720 531 1839 598 pius
1879 548 1916 597 Α
1951 534 2264 602 lmjusmndi
2334 540 2540 590 exitum
2608 548 2882 605 exspectat
2942 557 3155 594 morum
3229 549 3512 611 asperitas,

271 629 380 686 vir,
426 625 554 692 quid
605 626 730 674 item
760 632 948 674 contra
1004 621 1095 673 Dei
1141 631 1481 689 cotiteitzj‘itnr
1519 632 1574 674 et
1619 623 1837 690 impius,

269 716 656 785 quomodoque
701 714 801 766 viri
836 714 907 780 pii
951 714 1158 766 exitum
1193 714 1371 766 honos
1403 714 1597 766 solitus
1631 714 1702 766 sit
1744 730 1836 766 co-

269 807 476 869 mitari,
522 816 822 872 contraque
867 805 1076 857 scelesti
1121 806 1324 859 derisio
1375 807 1835 874 contemptioquc.

267 898 404 952 Nam
454 896 519 950 ad
568 911 653 960 ea,
703 910 824 964 qum
873 896 1132 959 diximus,
1188 897 1318 950 illud
1370 897 1534 950 etiam
1586 900 1834 961 accessit,

267 988 414 1057 quod
445 1003 510 1039 ue
541 986 699 1039 solita
731 984 951 1053 quidem
980 986 1111 1038 viris
1141 985 1246 1053 piis
1277 996 1394 1052 post
1422 997 1648 1040 mortem
1685 988 1837 1039 adhi-

268 1078 384 1131 bui
429 1076 810 1143 exsi‘quiarum
846 1076 992 1143 justa
1037 1076 1086 1128 ei
1140 1077 1413 1144 persoluta
1457 1078 1627 1141 luere,
1665 1094 1838 1144 neque

267 1168 416 1234 regia
473 1165 712 1220 adhibita
777 1181 805 1216 a
869 1167 1278 1233 magistratibus
1340 1183 1571 1235 pompa,
1643 1180 1836 1235 praeter

265 1257 624 1327 paucissimos
642 1258 908 1325 quosdam
955 1258 1284 1326 eosdt-tthue
1312 1259 1830 1326 contemptissiinos,

263 1349 358 1416 qui
391 1347 609 1400 cuilibet
652 1347 814 1398 etiam
858 1347 925 1400 de
969 1349 1130 1415 vulgo
1162 1349 1380 1399 solitum
1415 1350 1652 1401 ollicium
1699 1367 1833 1418 pne-

265 1439 461 1491 staturi
499 1437 749 1491 fuissent.
783 1439 945 1504 Atqui
985 1441 1190 1491 multos
1232 1449 1410 1492 tamen
1462 1441 1548 1492 ille
1584 1442 1665 1493 sui
1719 1452 1827 1493 stu-

264 1532 449 1581 diosos
499 1530 753 1592 habebat,
814 1546 990 1596 neque
1035 1532 1289 1600 impedita
1351 1542 1466 1584 erat
1518 1533 1712 1600 cuique
1767 1534 1830 1584 ad

260 1635 384 1674 eum
435 1620 744 1674 continendi
784 1631 1054 1690 potestas;
1101 1624 1201 1676 nisi
1245 1623 1418 1676 sicubi
1468 1625 1630 1692 aliqui
1671 1625 1831 1678 etiam

262 1725 462 1779 praesto
506 1711 677 1773 fuere,
720 1727 859 1780 quos
901 1723 1086 1782 utpote
1134 1724 1450 1767 auctoratos
1511 1716 1628 1769 sine
1679 1730 1831 1768 mora

263 1803 688 1870 imperatoribus
734 1818 997 1871 apparere
1056 1817 1352 1873 Opnrteret.
1400 1804 1502 1859 Sed
1569 1808 1825 1859 nimirum

260 1895 547 1962 oportebat
585 1904 644 1947 ut
691 1895 997 1962 huiusmodi
1035 1898 1371 1964 sepulturam
1418 1899 1826 1951 nancisceretur
1858 1884 1899 1941 Β

262 1988 343 2037 ιλιι·
373 1986 617 2038 omnium
647 1987 1170 2054 importunissimus,
1207 2004 1327 2056 quae
1353 1989 1532 2042 debita
1566 1989 1731 2042 rebus
1759 1993 1826 2042 ab

259 2095 326 2130 eo
355 2080 618 2132 scelerate
648 2080 814 2145 gestis
845 2081 1071 2132 alterius
1102 2080 1149 2132 ei
1181 2081 1298 2133 \itze
1326 2081 1593 2148 supplicia
1632 2097 1824 2148 reprze-

260 2184 522 2228 sentaret.
559 2174 827 2226 Cmterum
876 2175 960 2226 hic
995 2175 1213 2243 quidem
1262 2176 1358 2226 hoc
1392 2176 1553 2227 modo
1603 2175 1823 2229 meritas

258 2265 525 2318 scelerum
554 2280 778 2319 suorum
809 2281 995 2334 poenas
1023 2267 1293 2335 pependit.

328 2355 468 2420 Quid
502 2370 632 2408 vero
675 2357 794 2423 ejus
819 2358 1032 2412 consilii
1061 2357 1304 2425 primarii
1339 2367 1610 2418 auctores.
1651 2360 1823 2412 maxi-

258 2461 455 2515 meque
488 2447 576 2500 illa
605 2447 813 2500 circum
846 2448 1111 2501 nefarium
1137 2459 1297 2517 caput
1325 2450 1593 2518 palpitans
1611 2451 1822 2504 cauda?

256 2539 503 2592 Aliorum
558 2540 814 2594 nimirum
859 2541 968 2609 jam
1024 2542 1228 2595 exitum
1289 2544 1546 2607 vidimus,
1589 2560 1820 2613 quormn

259 2632 521 2684 memoria
557 2648 679 2685 cum
724 2633 906 2686 sonitu
946 2633 1123 2700 periit,
1157 2634 1276 2686 aliis
1314 2635 1476 2687 etiam
1508 2650 1570 2688 ex
1603 2635 1822 2703 propin-

255 2735 364 2788 quo
393 2719 502 2787 jam
531 2720 816 2775 imminere
857 2722 1132 2786 videmus;
1187 2738 1362 2790 neque
1403 2723 1545 2775 enim
1589 2723 1822 2790 gemitus

259 2824 561 2878 pauperum
612 2811 806 2879 peribit
859 2812 912 2864 in
946 2815 1131 2878 linem,
1175 2823 1444 2880 canetque
1487 2813 1689 2866 chorus
1729 2813 1819 2881 juo

256 2899 632 2960 vencularum,
677 2901 868 2960 nostri,
919 2901 1164 2970 inquam,
1207 2903 1390 2955 szetuli
1432 2901 1819 2963 Ecclesiarnm.

254 2989 500 3041 victorize
560 3005 806 3053 carmen,
872 3005 1010 3043 novo
1072 3002 1124 3044 ct
1175 2993 1486 3060 importuno
1537 2991 1822 3045 Pharaone

257 3095 358 3132 una
397 3095 520 3134 cum
554 3081 808 3135 curribus
843 3092 895 3134 et
923 3083 1196 3151 equitibus
1233 3083 1502 3137 demerso.
1541 3085 1817 3152 Siquidem

1947 628 2156 679 duritas
2228 628 2772 696 implm-abilitasque.
2809 630 2912 682 Sed
2968 631 3080 685 hac
3125 634 3287 688 missa
3341 638 3509 689 (acia-

1946 731 2089 777 mus,
2110 730 2306 784 eaque,
2341 732 2461 783 qua:
2493 718 2644 770 initio
2679 720 2834 773 nobis
2863 723 3138 788 proposita
3170 733 3344 783 erant,
3381 741 3510 792 prn-

1945 821 2264 874 sequamur,
2298 808 2708 876 orationemque
2741 812 2840 865 hne
2869 814 3028 864 modo
3061 815 3435 868 terminemus.

2016 894 2062 949 Ο
2085 905 2409 966 potestatem
2448 899 2768 966 pontiﬁcum
2814 901 2935 955 Dei!
2970 919 3092 971 quae
3127 920 3232 956 una
3264 923 3384 958 cum
3422 908 3507 970 iis,

1942 984 2034 1053 qui
2081 986 2295 1040 virtutis
2345 1002 2512 1040 causa
2549 992 2792 1055 perpessi
2843 993 3073 1059 injurias
3120 1003 3270 1058 sunt,
3325 997 3506 1048 laetitia

1940 1077 2217 1141 exsultas;
2255 1094 2360 1131 una
2393 1094 2517 1132 cum
2568 1080 2698 1131 Abel
2742 1080 2955 1135 invidia:
2992 1084 3228 1138 obnoxia
3274 1101 3353 1148 cs,
3401 1102 3505 1139 una

1940 1185 2066 1223 cum
2101 1171 2328 1238 antiquo
2360 1171 2452 1224 illo
2492 1171 2664 1224 Jacob
2695 1173 2764 1225 ab
2789 1175 3002 1228 annulis
3024 1179 3244 1230 assidue
3269 1181 3504 1241 Vexat-is.

1941 1278 2045 1314 una
2083 1278 2207 1316 cum
2251 1262 2511 1316 Zacharia
2549 1264 2840 1332 jugulanis,
2892 1281 2996 1319 una
3048 1283 3170 1321 cum
3208 1269 3408 1323 Jacobo
3451 1274 3503 1325 iu

1937 1356 2165 1422 gratiam
2205 1355 2520 1410 Iudaeorum
2564 1357 2843 1417 mactaris,
2878 1373 2985 1410 una
3017 1374 3139 1411 cum
3171 1361 3296 1413 divo
3331 1364 3504 1414 Atha-

1938 1449 2091 1502 nasio
2135 1465 2165 1502 e
2219 1451 2442 1504 sedibus
2501 1451 2609 1504 tuis
2662 1452 2990 1516 cxturbaris,
3037 1468 3143 1505 una
3180 1468 3302 1505 cum
3338 1451 3504 1504 Paulo

1935 1540 2114 1594 exsilii
2173 1543 2398 1610 pedicis,
2461 1544 2919 1611 quemadmodum
2982 1543 3090 1605 hic,
3143 1543 3505 1597 confessionis

1941 1633 2268 1695 honestatis,
2330 1650 2437 1688 una
2491 1651 2613 1688 cum
2664 1634 2970 1704 Nicephoro
3020 1647 3073 1689 et
3122 1635 3315 1690 Photio
3373 1637 3503 1690 viris

1939 1724 2261 1779 clarissimis
2302 1725 2442 1794 fugis
2473 1741 2536 1779 ac
2575 1727 2843 1778 mortibus
2877 1727 3170 1780 decoraris.
3217 1725 3292 1780 Te
3323 1727 3505 1795 sepul-

1936 1831 2089 1868 crum
2124 1831 2232 1868 non
2259 1816 2497 1884 operuit,
2534 1817 2625 1870 sed
2656 1816 2911 1870 omnibus
2941 1831 3064 1886 quae
3091 1816 3192 1870 sub
3216 1817 3355 1869 cmlo
3377 1828 3504 1869 sunt

1933 1908 2090 1961 terris
2121 1909 2352 1976 aperuit.
2382 1907 2457 1962 Te
2497 1924 2604 1962 non
2643 1918 2783 1962 terra
2829 1911 3091 1974 contexit,
3122 1910 3214 1963 sed
3249 1910 3502 1963 omnibus

1932 2013 2054 2067 quae
2111 1999 2311 2067 ubique
2375 2009 2503 2053 sunt
2553 2002 2800 2068 partibus
2832 2000 2950 2064 ejus
2989 2003 3246 2062 ostendit.
3279 2004 3500 2069 dignum

1935 2089 2245 2155 pontiﬁcem
2275 2103 2341 2140 eo
2364 2087 2454 2155 qui
2474 2098 2522 2140 te
2555 2101 2835 2142 creaverat
2858 2089 2987 2150 Deo,
3012 2090 3266 2142 idoneum
3295 2105 3499 2158 praeco-

1936 2193 2054 2230 nem
2122 2178 2282 2230 rebus
2318 2177 2460 2230 illius
2487 2178 2775 2246 magniﬁce
2819 2178 3008 2246 gestis,
3055 2178 3287 2231 similem
3332 2179 3495 2230 etiam

1930 2281 2120 2318 eorum
2138 2282 2274 2334 quos
2291 2267 2404 2335 ipse
2422 2267 2615 2320 tulerat
2637 2268 2882 2320 laborum
2901 2268 3104 2319 exitum
3122 2277 3497 2320 consecutum.

1936 2351 2318 2407 Verumtamen
2351 2357 2440 2423 qui
2463 2357 2708 2408 laborum
2741 2357 2851 2423 jam
2887 2366 3102 2408 tuorum
3127 2357 3343 2422 praemia
3375 2372 3498 2424 per-

1929 2447 2140 2513 cepisti,
2168 2461 2384 2514 unaqne
2417 2463 2474 2500 es
2516 2463 2638 2500 cum
2683 2448 2820 2499 duce
2851 2447 3222 2517 magistroque
3257 2447 3498 2508 Christo,

1931 2555 2053 2592 cum
2093 2540 2288 2593 isthinc
2318 2539 2474 2593 nobis
2496 2540 2748 2603 concilia,
2775 2550 2832 2593 ut
2854 2541 3339 2609 sistatprocellam,
3360 2550 3498 2594 tem-

1931 2639 2196 2697 pestatem
2229 2631 2505 2690 cohibeat.
2550 2633 2719 2684 maris
2753 2631 3041 2684 tmnnltum
3076 2631 3247 2691 sedet,
3281 2631 3366 2694 iis,
3404 2630 3494 2696 qui

1932 2719 2116 2772 itidem
2167 2731 2224 2773 ut
2259 2736 2358 2774 nos
2388 2720 2604 2790 injuriis
2637 2721 2816 2774 aﬂ'ecti
2847 2721 3020 2781 fuere,
3053 2725 3244 2774 merita
3279 2722 3498 2789 prmmia

1931 2810 2222 2877 persolvat,
2261 2811 2375 2864 sive
2426 2821 2484 2863 ut
2523 2812 2791 2879 judicium
2845 2824 3197 2865 convertatur
3239 2814 3291 2865 in
3335 2813 3499 2882 justi-

1933 2903 2081 2963 tiam,
2142 2902 2254 2956 sive
2306 2912 2362 2956 ut
2415 2903 2739 2970 injuriarum
2791 2913 3043 2955 auctores
3095 2913 3394 2972 agnoscant
3441 2919 3500 2956 se

1926 2992 2246 3060 deliquisse,
2280 3003 2333 3045 et
2375 2993 2648 3057 idoneam,
2698 3003 2884 3046 contra
2930 3008 3095 3061 quam
3137 2992 3401 3047 hactenus
3431 2994 3497 3044 ab

1929 3087 2010 3137 his
2040 3085 2241 3138 factum
2275 3095 2377 3149 est,
2405 3085 2732 3140 cantilenam
2765 3085 3141 3142 ausoicentur.

1341 3320 1568 3328 __,-__v..--
1587 3321 1612 3326 ..
1633 3320 1710 3326 .~._-
1734 3320 1736 3323 τ
1759 3317 2428 3326 .——————————-—

260 3289 1418 3330 Μ

1314 3465 1616 3520 ΙΝΕΒΝΤΕ,
1672 3466 1752 3509 UT
1784 3467 2084 3520 \‘IDETUH,
2125 3466 2373 3508 SECL’LU
2407 3467 2441 3508 Χ

718 3665 1685 3846 JOANNES
1821 3664 3024 3846 GEOMETRA

1649 4131 2154 4223 NOTl'l‘lA

250 4330 346 4391 (lix
380 4327 665 4391 pra-latione
711 4323 769 4373 Ii.
801 4324 852 4372 Ρ.
881 4324 995 4372 Ant.
1027 4321 1280 4392 Ballerini,
1319 4321 1385 4392 8;.
1410 4322 1482 4390 .l.,_
1510 4323 1556 4388 in
1595 4320 1831 4392 praclara
1852 4319 2103 4392 "Sylloge
2125 4320 2551 4392 Monumentornm
2589 4324 2646 4392 ad
2679 4323 2967 4392 mysterium
3010 4322 3352 4383 Conceptionis
3400 4324 3489 4368 im-

1077 4387 1328 4431 maculatte
1353 4383 1565 4442 Virginis
1593 4383 1818 4442 Deiparze
1848 4381 2188 4430 illustrandum
2217 4387 2378 4430 Ilumu:
2402 4383 2518 4432 Ιδέὶϋ
2543 4384 2712 4443 edita.)

1854 4556 1916 4568 σ-υ

323 4689 400 4748 Γε
429 4692 579 4737 certa
616 4693 776 4736 male
819 4698 924 4752 qua
958 4683 1246 4736 Gi-oinctra
1296 4684 1511 4743 vixerit,
1546 4683 1782 4736 nondum
1816 4695 2046 4749 constat,
2086 4685 2210 4737 licet
2252 4681 2497 4736 nonnulli
2544 4681 2804 4750 temporis
2843 4681 2996 4745 lines,
3043 4681 3134 4734 lati
3182 4682 3216 4735 ii
3248 4682 3488 4750 quidem.

245 4771 419 4840 aliqui
485 4780 669 4825 tamen
702 4771 973 4840 assignari
1007 4774 1116 4840 jam
1153 4773 1384 4841 possint,
1417 4772 1616 4840 quibus
1657 4786 1756 4825 nec
1785 4771 2058 4840 antiquior
2087 4785 2184 4822 nec
2213 4769 2486 4822 recentior
2527 4768 2789 4821 dicendus
2825 4769 2920 4821 sit.
2952 4769 3195 4820 Alterum
3227 4769 3385 4821 nobis
3423 4769 3490 4819 li-

254 4860 442 4914 mitem
480 4859 596 4914 haec
638 4861 778 4929 ipsa,
819 4861 924 4914 nisi
961 4860 1142 4925 fallor,
1176 4862 1350 4915 oratio
1383 4861 1600 4928 pra-bet.
1631 4874 1796 4928 quam
1821 4860 2054 4913 edimus.
2088 4856 2219 4910 Nam
2252 4858 2338 4911 ubi
2371 4857 2438 4910 ad
2474 4855 2875 4923 explanandum
2909 4854 3204 4908 Dominica:
3240 4855 3490 4908 incarna-

247 4949 415 5001 tionis
466 4947 786 5017 mysterium
828 4946 1070 5001 Joannes
1113 4950 1344 5012 accedit,
1395 4964 1500 5001 non
1555 4946 1950 5016 Eutychianam
2009 4947 2191 5006 modo,
2243 4959 2431 4997 verum
2479 4945 2642 4998 etiam
2681 4941 3140 4995 Monotheliticam
3181 4942 3488 4993 han-micam

249 5033 638 5088 confusionem
699 5045 778 5088 sat
833 5036 1036 5088 diserte
1086 5037 1398 5105 perstringit
1455 5047 1504 5087 ct
1542 5036 1820 5104 impugnat
1857 5033 1910 5103 (§
1958 5031 2118 5099 XXI).
2160 5029 2292 5085 Post
2321 5040 2566 5084 exortam
2611 5029 2774 5098 igitur
2811 5029 3287 5081 Monothelitarum
3325 5027 3491 5078 lzazre-

253 5121 362 5174 sim
395 5121 639 5189 scriptus
667 5131 752 5174 est
780 5137 985 5175 sermo.
1023 5124 1268 5176 Alterum
1300 5139 1430 5176 vero
1464 5124 1686 5175 limitem
1721 5132 1928 5175 certmn
1957 5120 2138 5188 deligit
2163 5116 2363 5171 Catena
2395 5115 2621 5168 Patrum
2648 5118 2700 5167 in
2726 5114 2924 5167 Lucam
2958 5115 3026 5167 ab
3053 5113 3486 5167 eminentissimo

249 5207 458 5275 Angelo
492 5208 638 5260 Maio
672 5207 860 5262 Gra'ce
892 5209 1036 5262 edita
1069 5211 1120 5261 in
1167 5207 1362 5277 Script.
1406 5221 1504 5262 ret.
1539 5219 1577 5260 t.
1633 5207 1722 5269 IX,
1766 5219 1818 5263 et
1854 5209 2093 5262 Nicetam
2131 5206 2797 5274 Constantinopolitanum
2829 5205 3118 5257 diaconum
3157 5201 3359 5252 habens
3390 5216 3490 5251 au-

247 5307 477 5351 ctorem.
516 5293 652 5348 Cum
688 5297 833 5349 enim
883 5299 1050 5351 multa
1081 5317 1108 5351 e
1143 5297 1371 5351 Joannis
1400 5299 1700 5351 Geomctne
1736 5297 1956 5365 scriptis
1992 5295 2179 5349 Niceta
2209 5293 2564 5360 decerpserit,
2596 5301 2650 5344 ct
2681 5308 2792 5344 sua:
2826 5288 3127 5344 collectioni
3173 5289 3489 5340 inseruerit:

251 5385 306 5438 id
332 5398 417 5450 ,ue
457 5395 578 5448 post
612 5387 850 5438 medium
886 5388 1146 5440 smculum
1188 5403 1239 5440 λι
1275 5387 1606 5454 prtrstiterit,
1644 5386 1819 5452 palam
1850 5395 1932 5436 est
1968 5384 2309 5437 Geometram
2354 5390 2480 5434 ante
2516 5381 2564 5432 id
2606 5380 2865 5448 temporis
2897 5377 3165 5430 ﬂoruisse.
3192 5375 3345 5440 Quod
3391 5389 3489 5426 au-

254 5484 360 5526 tem
391 5474 636 5544 quidam,
676 5474 824 5525 nulla
858 5475 984 5535 alia,
1020 5483 1076 5526 ut
1101 5474 1332 5536 videtur,
1367 5475 1432 5526 de
1464 5489 1648 5533 causa,
1686 5473 1789 5525 nisi
1823 5483 1881 5525 ιιι
1911 5487 1978 5525 ne
2009 5485 2230 5540 prorsus
2260 5471 2326 5521 de
2357 5483 2422 5521 eo
2455 5476 2688 5527 taceant,
2722 5475 2922 5520 certam
2953 5465 3192 5530 aliquam
3224 5461 3487 5528 epoebam

250 5563 543 5630 disignare
594 5561 912 5625 maluerint,
946 5561 1021 5613 uti
1053 5578 1101 5614 ι’.
1141 5578 1221 5630 gr.
1253 5560 1559 5614 Casimirus
1589 5560 1860 5622 Oudinus,
1896 5561 1986 5628 qui
2019 5558 2094 5627 (η)
2127 5571 2268 5609 anno
2301 5555 2440 5609 l050
2478 5565 2530 5608 et
2559 5554 2919 5606 Ct'lllllCliSiIIS
2952 5552 3044 5620 qui
3077 5552 3148 5618 (b)
3179 5551 3358 5602 medio
3385 5563 3486 5601 sa.-

251 5651 379 5704 culo
410 5666 440 5703 ι
473 5660 568 5704 aut
596 5665 649 5702 ιι
674 5649 1024 5704 Geometram
1052 5650 1254 5704 vixisse
1286 5649 1648 5713 allirmarnnl,
1682 5662 1782 5717 pto
1814 5648 1986 5701 nihilo
2027 5645 2335 5699 habendum
2365 5653 2470 5698 est.
2517 5640 2771 5708 Nunquid
2804 5639 2950 5693 enim
2988 5653 3093 5691 non
3126 5637 3240 5705 pari
3268 5636 3391 5706 jure
3423 5631 3494 5726 ad

329 5803 407 5870 (α)
451 5803 522 5860 De
552 5810 734 5875 script.
769 5809 892 5861 (τοι.
923 5808 984 5872 ll,
1018 5807 1130 5860 (illi.
1526 5873 1530 5875 ἓ
2010 5804 2081 5868 (ἔν)
2115 5801 2249 5855 Bibl.
2285 5801 2444 5856 Conr.
2481 5802 2585 5856 vol.
2615 5798 2653 5864 l,
2689 5815 2808 5870 pag.
2837 5799 2922 5852 25.
