4252 6436
764 424 867 485 807
1975 421 2310 485 JOANNES
2350 420 2781 496 GEOMETRA.
3910 415 4034 478 808

765 537 1025 592 sarculum
1074 528 1792 617 ismauide-nrascjfiptorcm
1847 534 2050 589 referre
2098 538 2370 606 quispiam
2421 540 2639 606 posset?
2687 516 3009 605 Hippolytus
3046 533 3384 586 Marraccius
3420 527 3701 599 (Biblioth.
3744 525 4029 595 ,πατοῖθ’-η

769 632 911 692 part.
949 639 960 675 l
1000 626 1066 675 ad
1112 640 1158 672 ν.
1201 602 1778 689 ,Ιξόὶεκὲιί-ἐῗ(Ιῖιὶ-ηιρίνα)
1816 623 2027 687 scribit,
2071 639 2193 676 eum
2227 624 2470 690 ﬂoruisse
2503 626 2644 678 circa
2686 640 2884 677 annum
2914 624 3108 676 salutis
3141 638 3233 690 per
3266 622 3536 674 Christum
3586 627 3849 683 reparata:
3884 617 4028 670 980.

774 708 926 762 llnde
955 719 1134 760 tamen
1170 708 1218 758 id
1248 707 1521 770 diditerit,
1542 709 1753 768 tacitus
1785 711 2040 778 [tranet-it.
2065 709 2219 774 Quod
2254 712 2299 765 si
2332 712 2584 765 nonnihil
2616 710 3010 765 verisimilibus
3045 707 3381 777 conjecturis
3409 704 3574 760 tribui
3612 714 3891 772 Oporteat,
3913 704 4032 758 hoc

776 812 944 849 unum
981 797 1117 846 t'orte
1152 809 1257 845 non
1294 794 1644 848 almucudum
1685 797 1980 861 videbitur,
2028 813 2092 850 eo
2126 798 2245 864 ipso
2292 800 2437 866 quod
2481 807 2588 851 tam
2620 798 2789 850 multa
2823 814 2853 851 e
2897 797 3188 850 Geometra
3222 796 3275 848 in
3307 805 3557 847 catenam
3591 807 3746 844 suam
3792 792 4030 844 Nic-etas

771 884 1057 946 derivavit,
1086 884 1340 935 omnibus
1369 884 1651 951 perpensis
1678 885 1754 938 rei
1783 884 2075 952 adjunctis,
2105 884 2249 937 haud
2277 884 2664 954 improbabiles
2687 885 2810 938 duci
2841 899 2999 953 posse
3022 882 3263 937 rationes
3283 882 3569 951 opinandi,
3595 881 3663 933 ab
3700 878 4019 933 Geometra

773 969 1016 1023 Nicetam
1048 985 1153 1023 non
1179 971 1404 1023 omnino
1426 970 1627 1039 exiguo
1651 985 1917 1025 annorum
1948 970 2232 1045 intervallo
2264 971 2574 1040 svjunctum
2608 969 2798 1024 fuisse.

843 1056 976 1121 Quis
1006 1068 1189 1109 autem
1238 1056 1418 1120 fuerit,
1469 1058 1726 1111 omnibus
1765 1058 1869 1109 huc
1912 1071 2084 1125 usque
2128 1058 2331 1112 mansit
2366 1059 2785 1124 incompertum.
2827 1055 2959 1109 illud
2997 1063 3177 1109 tamen
3225 1069 3288 1108 ex
3329 1051 3596 1105 Vaticano
3636 1052 3827 1105 codice
3872 1053 4028 1103 inter

775 1145 987 1198 (ἔνατος
1018 1143 1298 1197 Palatinas
1332 1144 1378 1197 Ν
1389 1186 1401 1198 .
1433 1145 1539 1197 41)·2.
1566 1145 1773 1199 discere
1793 1154 1945 1197 certo
1969 1144 2116 1211 licet,
2154 1147 2559 1214 presbyteratus
2582 1142 2774 1195 ordine
2796 1156 2921 1196 eum
2950 1141 3266 1208 insignitum
3303 1138 3511 1202 fuisse;
3545 1147 3723 1190 exstat
3751 1138 3905 1190 enim
3943 1137 4023 1188 ibi

772 1232 892 1301 ejus
916 1232 1112 1295 oratio,
1138 1232 1216 1293 εἰς
1244 1231 1431 1284 suos?»
1466 1231 1626 1300 ἡνίκα
1651 1229 2019 1300 πρεσϐύτερος
2044 1232 2448 1301 ἐχειροτονήθη

2345 1232 2448 1301 ιθηο
2482 1232 2535 1282 in
2568 1244 2622 1282 se
2641 1229 2815 1297 ipsum
2844 1245 2964 1281 cum
2992 1236 3325 1281 consecratus
3354 1236 3430 1279 est
3460 1224 3771 1293 presbyter;
3803 1239 3868 1277 ex
3901 1239 4024 1291 qua

770 1318 933 1372 etiam
965 1318 1217 1372 novimus
1244 1332 1391 1378 eum,
1431 1317 1627 1369 nedum
1662 1323 1903 1382 matura,
1931 1316 2027 1371 sed
2060 1317 2195 1371 satis
2223 1330 2478 1384 provecta
2510 1326 2687 1378 aetate,
2713 1316 2933 1383 quando
2973 1316 3079 1384 iam
3118 1314 3465 1374 canescebat,
3500 1314 3822 1379 viribusque
3852 1314 4024 1365 elan-

773 1423 936 1473 guere
968 1414 1231 1475 coeperat,
1264 1405 1639 1473 presbyterum
1671 1412 2079 1461 consecratum.
2111 1402 2242 1469 Ejus
2270 1415 2397 1459 sunt
2442 1423 2452 1453 ι

2346 1415 2397 1458 nt
2442 1408 2642 1460 verba:
2678 1406 2741 1457 Ei
2781 1404 2838 1457 δέ
2868 1421 2951 1465 τις
2990 1404 3075 1473 εἴη
3110 1403 3218 1456 τῶν
3255 1397 3364 1463 οἷος
3394 1400 3524 1468 ἐγὼ,
3562 1395 3607 1467 ᾦ
3645 1399 3804 1451 πολιὰ
3844 1400 3952 1467 μὲν
3984 1401 4025 1469 ἡ

774 1492 917 1562 θρὶξ,
950 1492 1134 1561 νωθρὰ
1158 1493 1213 1544 δὲ
1245 1490 1350 1543 ὑπὸ
1382 1490 1474 1542 τοῦ
1510 1491 1706 1561 χρόνου
1736 1494 1768 1562 ἡ
1798 1490 2043 1562 δύναμις,
2070 1492 2375 1562 ὑπότρομος
2405 1493 2460 1546 δὲ
2483 1495 2577 1545 καὶ
2606 1488 2930 1553 ὑποσκάζων
2955 1492 2984 1541 ὁ
3010 1488 3190 1555 λόγος,
3220 1487 3409 1540 τοῦτον
3439 1489 3497 1539 ὲν
3530 1489 3642 1547 τοῖς
3672 1487 3861 1555 ἱδρῶσι
3894 1487 4016 1537 τῶν

772 1578 1089 1643 ἀγωνιστῶν
1127 1576 1611 1645 ὲπευφραίνεσϐαι,
1651 1594 1707 1632 κ.
1754 1595 1805 1631 τ.
1846 1577 1896 1630 λ.
1942 1580 2301 1632 monaSticam
2341 1581 2447 1633 vita

2342 1581 2504 1633 vitam
2541 1579 2848 1648 professum
2896 1576 3047 1630 illum
3083 1576 3276 1636 fuisse,
3316 1574 3458 1627 haud
3496 1589 3702 1641 anceps
3736 1575 4021 1626 indicium

773 1666 1082 1733 suppeditat
1110 1665 1352 1733 ejusdem
1386 1664 1712 1732 epusculum
1743 1664 1829 1717 cui
1857 1665 2047 1719 titulus
2084 1675 2167 1719 cst
2198 1664 2520 1726 Paradisus,
2547 1665 2802 1734 quodque
2830 1678 2954 1718 cum
2989 1662 3302 1715 Morclliaua
3336 1660 3584 1715 versione
3605 1660 3717 1726 jam
3753 1660 3808 1712 in
3841 1662 4026 1713 editis

776 1752 1062 1807 habemus.
1092 1751 1240 1806 Satis
1279 1750 1443 1806 fuerit
1476 1752 1561 1804 hic
1589 1751 1944 1819 descripsisse
1976 1753 2212 1821 primum
2246 1768 2276 1805 e
2312 1751 2475 1807 XCIX
2506 1752 2839 1809 tetrasticbis
2869 1752 3071 1821 quibus
3104 1760 3274 1805 totum
3309 1764 3447 1819 Opus
3474 1748 3776 1803 absolvitur
3808 1766 3823 1802 :

1610 1862 1928 1918 Sanctorum
1963 1874 2124 1919 cwtus
2150 1881 2264 1918 vere
2286 1873 2361 1918 est
2389 1865 2670 1933 paradisus
2704 1878 2962 1928 amamus,

1684 1949 1830 2004 Unde
1851 1951 2044 2004 animis
2076 1952 2214 2021 aﬂiat
2243 1951 2417 2004 suavis
2448 1963 2495 2004 et
2524 1951 2699 2005 almus
2740 1953 2890 2005 odor.

1609 2037 1748 2106 Ergo
1776 2038 1862 2090 cui
1892 2038 2084 2105 u/fecm
2113 2049 2232 2090 sunt
2259 2049 2469 2106 pectora
2504 2039 2633 2090 ltesa
2665 2040 2914 2107 profano,

1688 2123 1804 2177 lluc
1832 2127 2019 2185 veniat,
2056 2126 2237 2193 ﬂorent
2269 2140 2451 2194 carpat
2476 2136 2524 2180 et
2555 2127 2856 2182 ambrosiw.

840 2229 997 2284 C(etu
1031 2239 1211 2285 autem
1253 2240 1590 2297 sanctorum,
1620 2231 1686 2285 ad
1715 2247 1876 2301 quem
1917 2244 2111 2287 auctor
2158 2234 2373 2296 invitat,
2405 2234 2541 2289 nihil
2576 2234 2853 2304 designari
2886 2236 3056 2300 aliud,
3096 2249 3261 2306 quam
3295 2233 3695 2289 cmnobitarum
3731 2240 4024 2285 monaste-

773 2319 939 2384 rimn,
968 2335 1077 2372 non
1113 2322 1274 2372 modo
1303 2335 1390 2373 res
1414 2319 1529 2388 ipsa
1560 2320 1781 2385 clamat,
1814 2321 1911 2375 sed
1936 2331 1989 2375 et
2015 2323 2119 2375 alia
2150 2321 2473 2376 tetrasticha
2517 2322 2873 2387 coulirmant,
2902 2324 2994 2377 ubi
3023 2334 3077 2378 et
3104 2323 3500 2377 monachorum
3533 2314 3738 2374 mentio
3768 2319 4027 2387 injicitur

773 2414 827 2457 et
870 2405 938 2459 de
985 2405 1304 2460 monasticis
1350 2406 1642 2460 virtutibus
1686 2407 1888 2476 agitur,
1925 2408 2189 2478 exemplis
2226 2408 2599 2478 antiquiorum
2645 2410 3046 2467 casnobitarum
3085 2410 3331 2475 Antonii,
3378 2408 3618 2472 Arseuii,
3651 2407 4024 2469 Bessarionis,

774 2491 1093 2568 Agathonis,
1126 2492 1349 2546 Achillae
1382 2493 1702 2563 propositis.

844 2581 976 2646 imo,
1006 2581 1051 2637 si
1080 2581 1211 2636 fides
1246 2581 1490 2636 habenda
1532 2591 1615 2636 est
1642 2582 1866 2638 alterius
1897 2584 2167 2640 sermonis
2197 2584 2373 2651 titulo,
2397 2600 2559 2655 quem
2595 2584 2841 2641 referunt
2870 2594 2984 2639 tum
3019 2584 3449 2654 ChristOphorus
3482 2582 3675 2637 llarles
3708 2582 3760 2635 in
3801 2581 3924 2636 suis
3955 2578 4025 2633 ad

773 2666 1009 2722 Fabricii
1042 2666 1434 2723 Bibliothecam
1463 2669 1708 2726 Grmcam
1732 2670 2138 2736 additamentis,
2170 2680 2282 2726 tum
2313 2670 2555 2728 Joannes
2586 2672 2781 2725 lriarte
2812 2670 2865 2725 in
2892 2672 3215 2726 recensione
3239 2670 3502 2725 Codicum
3530 2670 3850 2725 Graecorum
3885 2668 4025 2720 Mss.

776 2754 1125 2809 Bibliotheca:
1160 2754 1512 2821 Matritensis,
1546 2758 1637 2825 qui
1670 2765 1723 2810 et
1766 2759 2037 2825 prolixum
2069 2759 2316 2827 ejusdem
2357 2760 2631 2815 sermonis
2661 2757 3026 2828 fragmentum
3074 2758 3317 2822 exhibet,
3357 2757 3496 2812 haud
3545 2758 3707 2826 plane
3742 2756 4028 2810 immerito

774 2842 1045 2912 conjicere
1077 2843 1349 2912 quispiam
1411 2852 1594 2911 posset
1625 2883 1639 2906 ,
1677 2843 1940 2898 Joannem
1974 2856 2218 2899 nostrum
2253 2848 2544 2916 episcopali
2576 2861 2793 2915 quoque
2818 2845 3081 2913 dignitate
3108 2845 3306 2897 deinde
3340 2845 3657 2897 decoratum
3694 2842 3891 2895 fuisse.
3930 2841 4030 2894 Ti-

774 2930 922 2984 tulus
946 2930 1089 2983 enim
1121 2938 1245 2984 est:
1283 2929 1530 2982 ’ῒωάννου
1585 2932 1971 3002 Πρωτοθρόνου
2022 2934 2117 2986 τοῦ
2157 2936 2447 3004 Γεωμέτρο

2353 2951 2482 3004 τρου
2525 2932 2655 3002 περὶ
2693 2931 2788 2985 τοῦ
2831 2933 3024 3003 μήλου.
3063 2931 3289 2985 Joannis
3339 2929 3681 2983 Protothruni
3728 2930 4028 2983 Geometras

773 3036 943 3072 sermo
973 3019 1037 3071 de
1079 3018 1241 3072 malo.
1273 3016 1442 3073 Porro
1481 3033 1824 3091 quacunque
1877 3021 1943 3077 de
1972 3038 2074 3079 usu
2109 3024 2261 3079 vocis
2293 3021 2679 3094 Πρωτοορόνου
2725 3031 3027 3092 suppetunt
3076 3031 3317 3075 veterum
3356 3030 3733 3079 monumenta,
3771 3032 3840 3070 eo
3869 3017 4030 3070 colli-

775 3114 939 3159 ncant
995 3110 1202 3169 omnia,
1268 3116 1324 3162 ut
1384 3121 1567 3173 nemo,
1617 3108 1711 3179 qui
1764 3109 2128 3181 episcopalem
2194 3112 2431 3182 aliquem
2492 3111 2749 3163 thronum
2819 3123 2927 3162 non
2997 3107 3257 3171 tennerit,
3320 3106 3422 3159 hoe
3497 3105 3658 3158 titulo
3722 3116 4027 3158 exornatus

773 3194 1124 3263 putetur(a).
1305 3252 1328 3260 _
1391 3233 1417 3237 η
1496 3238 1501 3239 ν
1864 3240 1873 3248 .
1984 3264 1988 3266 ἡ
2218 3248 2219 3251 η

843 3280 1165 3351 Quanquam
1197 3269 1693 3351 vero‘lncomperttt
1736 3281 1916 3349 "adhuc
1944 3278 2163 3351 manent
2194 3280 2421 3357 Joannis
2450 3284 2753 3340 Geometras
2799 3294 2913 3337 tum
2952 3292 3101 3353 gesta
3143 3292 3256 3336 tum
3298 3292 3445 3336 certa
3502 3292 3636 3335 artas
3666 3322 3681 3344 ,
3731 3293 3839 3331 non
3867 3292 4030 3343 mque

777 3379 956 3424 tamen
990 3369 1283 3427 obscurum
1318 3379 1420 3431 est,
1454 3369 1728 3437 quodnam
1760 3370 1827 3425 de
1862 3386 1927 3425 co
1954 3370 2243 3438 judicium,
2275 3373 2492 3442 scriptis
2521 3374 2691 3443 ipsius
2734 3374 3016 3443 inspectis,
3061 3372 3342 3437 ferendum
3392 3372 3484 3423 sit.
3522 3369 3847 3422 Balthsssar
3886 3367 4029 3420 Cor-

775 3458 961 3511 derius
995 3458 1046 3508 in
1092 3456 1293 3523 praevio
1326 3456 1567 3511 iudiculo
1608 3456 1852 3526 Patrum,
1899 3472 2133 3527 quorum
2182 3458 2417 3528 scriptis
2457 3462 2658 3515 texitur
2703 3450 2898 3515 eatena
2943 3475 3106 3529 quam
3146 3446 3388 3528 vulgavit
3429 3459 3482 3511 in
3519 3456 3749 3518 Lucam,
3792 3456 3935 3507 hanc
3961 3454 4031 3505 de

714 3603 748 3613 μ
777 3545 1065 3599 Gcometra
1115 3544 1392 3598 ferendam
1434 3546 1760 3599 sententiam
1804 3546 2060 3600 censuit:
2104 3545 2238 3599 Eum
2272 3548 2438 3601 multa
2470 3550 2631 3601 etiam
2674 3548 2850 3601 soluta
2898 3550 3140 3601 oratione
3188 3563 3290 3598 non
3329 3546 3595 3614 eleganter
3641 3543 3817 3594 minus
3864 3556 4028 3608 quam

773 3647 986 3685 nervosa
1013 3632 1310 3699 scripsisse,
1343 3641 1559 3699 apparet
1588 3649 1650 3685 ea:
1676 3633 1987 3700 fragmentis
2017 3633 2133 3702 ejus
2162 3649 2263 3687 non
2293 3636 2477 3699 paucis
2508 3651 2599 3687 nec
2624 3637 2822 3703 parvis,
2858 3635 2955 3689 hac
2987 3633 3186 3687 Catena
3220 3634 3422 3697 citatis,
3458 3634 3509 3685 in
3540 3631 3731 3700 quibus
3765 3640 3816 3683 et
3853 3630 4025 3681 subii-

776 3735 909 3771 mem
943 3718 1259 3788 theologum,
1295 3719 1607 3772 historicum
1636 3721 1930 3784 eruditum,
1968 3730 2017 3774 et
2053 3721 2392 3789 interpretem
2431 3739 2495 3775 ac
2532 3723 2866 3777 ecclesiasten
2907 3723 3162 3775 eximium
3202 3723 3335 3788 agit.
3385 3719 3722 3773 Marraccius
3766 3720 4024 3769 eumdem

775 3814 1033 3875 tanquam
1061 3818 1322 3860 oratorem
1353 3824 1414 3860 ac
1442 3817 1649 3876 poetam
1675 3823 1769 3861 suo
1797 3818 2023 3877 tempore
2053 3809 2311 3878 insignem
2343 3809 2689 3879 depraedieat.
2710 3806 2820 3864 Nec
2847 3809 3006 3864 aliter
3032 3808 3403 3863 Cutttbelisius
3435 3806 3613 3876 ipsum
3644 3820 3744 3859 ceu
3778 3805 4027 3857 devotum

774 3906 1040 3947 aucwretn
1071 3904 1117 3947 ct
1144 3896 1407 3948 eruditum
1444 3895 1645 3950 laudat.

843 4026 921 4096 (a)
948 4026 1107 4081 Conf.
1142 4026 1218 4080 Du
1249 4026 1420 4097 Cang.
1445 4026 1620 4084 Gloss.
1652 4027 1824 4083 erc.
1848 4029 1915 4084 ad
1941 4046 1992 4083 v.
2025 4029 2314 4095 ΘΡΟΝΟΣ,
2356 4039 2411 4085 et
2436 4030 2611 4086 Gloss.
2639 4028 2757 4085 Lat.
2789 4030 2853 4085 ad
2887 4047 2939 4084 v.
2967 4029 3428 4085 Pnorernnoaus.

1854 4301 2363 4393 NOTITIA
2432 4301 2929 4393 ALTERA.

1672 4460 1893 4522 (Famuc.
1922 4460 2150 4511 Bibliolh.
2176 4463 2262 4511 Gr.
2285 4461 2365 4510 ed.
2395 4461 2588 4522 liarles,
2612 4469 2732 4512 tom.
2770 4462 2898 4524 \‘lll,
2924 4477 2972 4526 p.
2993 4462 3129 4524 625.)

846 4677 1146 4732 Geometras
1171 4675 1559 4729 adscribuntur
1588 4689 1603 4727 :

846 4769 1041 4838 llymni
1074 4776 1311 4837 quatuor
1357 4768 1581 4837 elegiaci
1620 4768 1674 4823 iu
1713 4767 1771 4822 S.
1808 4768 2105 4838 Virginem,
2144 4786 2266 4825 cum
2312 4775 2643 4844 metaphrasi
2695 4774 2937 4831 Federiei
3009 4774 3242 4838 Morelli,
3291 4776 3554 4845 subjectis
3602 4786 3727 4831 octo
3780 4777 4028 4831 versibus

776 4856 1043 4921 iambicis,
1074 4855 1275 4925 quibus
1306 4866 1496 4909 auctor
1532 4857 1629 4920 ait,
1663 4871 1722 4910 se
1751 4858 1916 4912 unius
1954 4872 1985 4910 e
2033 4856 2133 4911 SS.
2168 4857 2439 4914 Trinitate
2470 4874 2748 4931 parentem
2782 4863 3023 4933 perfecta
3078 4864 3306 4928 decade,
3341 4865 3600 4919 trecentis
3644 4866 3899 4919 versibus
3931 4872 4028 4930 (tot

773 4945 917 5000 enim
944 4946 1158 5015 στίχους
1192 4946 1632 5015 complectuntur
1658 4944 1733 4998 illi
1771 4945 2003 5015 hymni),
2032 4949 2362 5011 celebrasse,
2397 4951 2742 5004 hexametros
2771 4960 2978 5012 autem,
3007 4961 3067 5004 ut
3096 4951 3480 5019 perfectiores,
3512 4950 4017 5021 imperfectioribus

775 5034 1127 5103 pentametris
1151 5034 1422 5102 juuxisse,
1452 5043 1510 5087 ut
1538 5033 1613 5086 illi
1636 5033 1899 5095 divinam,
1936 5035 1988 5086 hi
2015 5034 2307 5089 humanam
2341 5036 2547 5090 Christi
2575 5045 2829 5092 naturam
2864 5039 3221 5093 denotarent.

846 5119 1088 5191 llymnus
1121 5121 1172 5173 in
1206 5119 1265 5173 Β.
1317 5120 1600 5190 Deiparam
1647 5120 2047 5189 alphabeticns,
2082 5122 2151 5175 ita
2200 5132 2258 5177 ut
2285 5124 2487 5192 singuli
2521 5125 2781 5178 versiculi
2817 5125 3118 5187 vocabulis,
3150 5125 3220 5179 ab
3261 5125 3451 5179 eadem
3498 5125 3681 5179 littera
3726 5126 4023 5181 secundum

775 5206 1023 5259 ordinem
1055 5206 1325 5275 alphabeti
1349 5206 1754 5275 incipientibus,
1784 5217 2055 5263 constent.
2087 5207 2260 5263 llmee
2288 5211 2522 5279 hymnos
2558 5214 2610 5266 in
2642 5228 2873 5281 corpore
2906 5221 3192 5281 poetarum
3220 5213 3537 5268 Graecorum
3578 5215 3935 5270 heroicorum
3971 5226 4025 5269 et

777 5295 1144 5361 elegiacorum
1174 5297 1338 5350 etiam
1364 5304 1597 5363 utraque
1626 5295 1812 5364 lingua
1843 5296 2087 5365 vulgatos
2113 5296 2317 5350 Gcttev.
2358 5300 2520 5360 16M,
2561 5300 2679 5363 l‘ol.,
2704 5316 2757 5369 p.
2790 5300 2915 5361 746.
2943 5302 3154 5368 primus
3183 5316 3308 5355 cum
3335 5301 3669 5370 metaphrasi
3698 5317 3800 5357 sua
3834 5301 4014 5356 Latina

781 5382 1016 5447 vulgavit
1044 5391 1099 5436 et
1127 5382 1390 5452 Gregorio
1428 5382 1545 5437 XIV
1574 5385 1813 5453 pontiﬁci
1841 5384 2044 5440 dicavit
2075 5384 2367 5443 Federicus
2404 5385 2677 5450 Morellus,
2721 5385 2896 5441 Paris.
2929 5386 3087 5453 1591,
3114 5386 3167 5442 8.
3204 5387 3286 5443 Ab
3314 5388 3507 5443 eodem
3534 5404 3626 5441 an.
3690 5388 3854 5453 1595,
3888 5389 3942 5453 8,
3972 5390 4021 5443 iu

781 5467 956 5521 lucem
983 5469 1167 5524 Grazce
1194 5480 1245 5526 et
1272 5470 1459 5526 Latine
1484 5472 1664 5526 editus
1695 5482 1781 5526 est
1806 5472 2032 5527 Joannis
2063 5471 2365 5528 Geometras

856 5554 1173 5621 Paradisus,
1222 5559 1337 5613 sive
1380 5560 1771 5629 epigrammata
1809 5559 2125 5615 tetrasticha
2156 5558 2321 5614 XCIX
2352 5562 2576 5617 moralis
2603 5563 2936 5631 argumenti,
2971 5572 3027 5617 et
3056 5562 3203 5619 dicta
3249 5563 3498 5633 factaque
3531 5561 3632 5617 SS.
3679 5564 4016 5623 Ascetarutn.

782 5645 1025 5711 Achillae,
1055 5648 1371 5715 Agathonis,
1402 5650 1685 5719 Apollinis,
1722 5650 1966 5712 Antonii,
1999 5634 2238 5716 Arsenii,
2271 5649 2632 5713 Bessarionis,
2661 5648 2937 5712 Carionis,
2966 5647 3142 5712 Isaiae,
3178 5648 3444 5719 Eutropii,
3488 5650 3766 5704 lleliodnri
3800 5650 3899 5716 (ai.
3928 5651 4018 5703 lsi-

781 5729 944 5799 dori),
985 5731 1165 5795 Lucii,
1224 5733 1437 5800 Matois,
1494 5733 1775 5805 Mdtiadis,
1835 5735 2035 5802 Pioris,
2101 5737 2321 5805 Pittaci,
2387 5737 2706 5809 Pityrionis,
2757 5736 3022 5804 Simonis,
3094 5736 3293 5807 Sisois,
3357 5735 3599 5794 Theonis
3661 5749 3716 5792 et
3790 5736 4021 5792 Zenonis

782 5817 1096 5874 referentis.
