4252 6436
301 402 409 463 809
1749 397 1975 459 ΝΟΤΙΤ

1854 401 2076 459 ΤΙΤΙΑ.
3432 401 3533 460 810

375 514 616 568 Joannes
648 513 937 568 Geometra
969 513 1165 581 sapius
1195 513 1391 568 citatur
1419 512 1472 566 in
1506 514 1724 567 Catenis
1746 513 1952 567 Crzecis
1987 513 2039 564 in
2065 511 2286 572 Lucam,
2323 510 2480 563 etiam
2514 511 2563 562 in
2604 509 2806 562 Catena
2836 523 2999 562 ani-ca
3035 509 3255 563 'l'lroime
3294 515 3528 579 Aqmna

305 604 400 656 tis.
433 601 634 672 [Atque
663 616 728 654 ex
761 600 968 654 blorelli
999 602 1087 655 ed.
1118 616 1232 654 rec.
1263 602 1316 654 in
1341 601 1650 670 Appendice
1679 601 1809 656 bibl.
1846 601 2066 654 Patrum
2093 613 2188 668 per
2215 597 2505 669 Margarin.
2545 599 2612 652 de
2674 599 2723 653 la
2769 597 2934 668 Digne
2979 598 3150 650 l‘aris.
3190 599 3349 660 1651,
3402 611 3454 653 et
3485 603 3534 653 in

301 700 451 742 torno
482 686 617 748 XIV,
644 687 732 740 ed.
768 687 928 751 1654,
967 686 1063 741 fol.
1090 685 1185 742 Gr.
1219 702 1282 740 ac
1316 686 1483 758 Lat.].

402 775 694 828 lambit-am
723 775 1092 843 Metaphrasin
1140 776 1487 829 Canticorum
1518 775 1576 830 S.
1612 773 1908 846 Scripturze
1935 789 1964 829 a
1996 772 2204 828 Joanne
2228 773 2515 828 Ceometra
2539 785 2643 826 non
2687 771 2975 825 infeliciter
3006 771 3386 826 concinnatam
3440 773 3538 826 ha~

311 865 434 918 buit
464 862 570 916 MS.
609 863 716 916 Leo
742 863 991 927 Allatius,
1029 873 1088 917 ut
1109 864 1224 932 ipse
1246 874 1431 918 narrat
1455 866 1520 917 de
1551 865 1704 918 libris
1726 862 2112 918 ecclesiasticis
2137 861 2452 915 Graecorum
2479 875 2598 928 pag.
2631 859 2720 912 62.
2751 861 2924 928 Atque
2951 857 3317 928 Paraphrasin
3342 862 3540 915 cantici

304 951 550 1018 lieiparae
575 951 678 1020 legi
707 951 760 1003 in
785 949 973 1005 codice
998 951 1312 1004 Colbertino
1341 953 1406 1004 ad
1429 951 1819 1020 Apollinariani
1851 948 2098 1004 l'salterii
2117 948 2345 1009 calcem,
2371 946 2610 1014 Cangius
2635 946 2686 997 in
2715 945 2994 1000 Glossario
3019 947 3206 1000 Grzcco
3227 949 3526 1001 adnotavit.

302 1039 566 1094 Similiter
617 1040 670 1092 in
705 1039 894 1093 codice
946 1038 1284 1094 Barocciano
1318 1041 1387 1094 26
1430 1040 1735 1095 Bodleianre
1787 1038 1917 1092 bibl.
1954 1035 2237 1090 Canticum
2283 1033 2448 1087 Musis
2494 1048 2523 1084 a
2568 1033 2857 1086 Geometra
2893 1035 3277 1104 μεταφρασθὲν
3316 1038 3381 1089 ad
3424 1039 3540 1090 cal-

309 1146 430 1184 cem
447 1128 820 1198 Appollinaris
849 1128 1116 1183 occurrit.
1148 1129 1415 1183 Caeterum
1462 1129 1809 1198 χαιρετισμοὶ
1837 1125 1931 1187 illi,
1964 1128 2076 1178 sive
2107 1123 2290 1193 hymni
2319 1131 2557 1190 quatuor
2588 1122 2639 1173 in
2673 1120 2729 1172 Β.
2766 1123 3018 1186 Mariam,
3051 1139 3288 1191 quorum
3325 1124 3541 1192 singula

303 1217 548 1271 disticha
595 1231 628 1270 a
670 1215 939 1269 vocabulo
968 1218 1126 1286 χαῖρε
1162 1217 1451 1284 incipiunt,
1483 1225 1699 1269 exstant
1721 1215 1882 1267 etiam
1918 1228 2050 1266 mss.
2096 1211 2148 1263 in
2197 1211 2324 1263 bibl.
2363 1208 2616 1262 Vaticana
2654 1207 2730 1278 [v.
2760 1208 3055 1262 Montfauc.
3092 1210 3234 1264 Bibl.
3279 1213 3538 1266 biblioth.

305 1321 440 1359 mss.
487 1305 525 1368 I,
559 1320 682 1374 pag.
731 1304 786 1359 5.
816 1302 907 1373 C.]
936 1313 990 1356 et
1028 1304 1080 1356 in
1107 1305 1373 1364 Caesarea,
1409 1305 1721 1372 subjuncto,
1763 1301 1945 1355 nescio
1979 1300 2160 1366 cujus,
2205 1299 2258 1351 in
2295 1297 2597 1352 Geometrie
2633 1297 2846 1349 laudent
2890 1299 3254 1366 ἡρωε).εγείῳ.
3313 1300 3544 1355 Exstant

301 1395 464 1447 etiam
502 1409 606 1445 una
634 1408 758 1446 cum
789 1391 1202 1461 epigrammatis
1233 1390 1400 1443 variis
1425 1391 1672 1444 iambicis
1707 1405 1808 1442 ms.
1843 1389 1894 1441 in
1933 1388 2142 1449 codice,
2174 1400 2334 1453 quem
2373 1385 2481 1450 regi
2512 1383 2987 1438 Christianissimo
3026 1386 3169 1439 dono
3193 1387 3339 1440 dedit
3370 1389 3540 1441 Anto-

304 1482 426 1533 nius
467 1479 768 1548 Eparchus.
831 1479 966 1531 Vide
995 1477 1254 1530 Bandurii
1308 1485 1464 1530 notas
1499 1477 1564 1530 ad
1607 1475 1958 1543 antiquitates
1985 1473 2147 1528 Cl’ol.
2191 1489 2310 1542 pag.
2342 1473 2443 1524 877
2476 1480 2532 1528 et
2568 1472 2696 1536 881,
2737 1477 2828 1540 qui
2859 1473 3205 1528 Ceometram
3243 1477 3540 1543 pessimum

304 1576 516 1633 poetam
553 1565 809 1633 appellat,
853 1564 1076 1631 indigno
1103 1578 1200 1632 pro
1230 1573 1389 1616 relate
1419 1564 1707 1632 imprimis,
1738 1577 1843 1630 qua
1868 1561 2026 1623 vixit,
2055 1561 2253 1630 elogio.

374 1650 678 1704 Gemiteth
713 1651 965 1705 hoinilias
997 1652 1112 1705 sive
1139 1665 1422 1705 sermones
1451 1652 1503 1704 in
1537 1651 1846 1720 passionem
1884 1649 2053 1703 Christ

1884 1649 2086 1703 Christi
2119 1657 2282 1716 atque
2317 1648 2366 1699 in
2401 1646 2460 1699 Β.
2492 1649 2786 1717 virginem,
2821 1648 3160 1717 alterumque
3188 1649 3391 1716 ἐξόδιον
3423 1651 3541 1705 sive

303 1738 761 1806 προπεμπτήριον
801 1738 854 1790 in
895 1736 1279 1790 dormitionem
1317 1737 1576 1804 Deiparae,
1609 1746 1661 1790 et
1685 1736 1904 1790 tertium
1935 1749 1982 1787 at

1865 1751 1904 1788 ιι
1935 1733 2000 1787 ad
2030 1734 2277 1787 eamdem
2314 1737 2767 1803 προσφωνητικὸν
2808 1737 2921 1789 sive
2962 1738 3315 1806 χαριστήριον
3346 1741 3544 1794 evolvit

305 1839 680 1895 memoratque
719 1827 952 1880 Albitius
987 1827 1059 1878 De
1091 1824 1445 1889 Simeonibus,
1483 1842 1604 1895 pag.
1640 1825 1729 1886 91,
1759 1825 1848 1889 95,
1889 1823 2011 1876 114.
2048 1822 2102 1875 In
2137 1823 2308 1876 altero
2342 1829 2594 1883 testatur.
2631 1839 2689 1877 se
2713 1823 2875 1876 etiam
2911 1826 3250 1894 apocryphas
3279 1826 3343 1877 de
3377 1825 3543 1880 Maria

305 1914 674 1979 narrationes,
724 1929 844 1982 qua:
887 1913 1350 1981 evangelistarum
1401 1912 1624 1980 scriptis
1664 1928 1768 1965 non
1805 1911 1984 1965 adver:

1863 1911 2260 1971 Iversarentur,
2311 1911 2613 1964 attexuisse
2651 1930 2662 1964 :
2716 1911 3065 1963 Συνείλεκται
3115 1913 3170 1964 δὲ
3202 1913 3292 1966 καὶ
3320 1915 3448 1982 ἡμῖν
3482 1918 3542 1967 οὑ

305 2001 472 2070 μόνον
497 2002 598 2054 ὅσα
618 2001 770 2070 παρὰ
794 2000 900 2052 τῶν
930 2000 1333 2067 εὐαγγελιστών
1355 2017 1414 2051 τε
1442 2001 1536 2051 καὶ
1564 1999 1878 2068 προφητῶν,
1897 1998 2031 2050 ἀλλὰ
2052 1999 2146 2050 καὶ
2166 2000 2265 2051 ὅσα
2291 2001 2422 2066 παρ’
2449 2000 2629 2051 αὐτῶν
2654 1999 2761 2049 τῶν
2785 2000 3119 2068 ἁποκρύῆςων
3148 2002 3541 2071 ἀνελεξάμεϐα,

306 2089 572 2159 σύμφωνα
603 2090 697 2140 καὶ
728 2088 901 2141 ταῦτα
937 2086 1137 2158 δηλαδὴ
1169 2089 1262 2140 καὶ
1295 2086 1706 2149 ἀκόλουθατοῐς
1738 2086 2153 2154 εὐαγγελισταίς
2186 2087 2279 2139 καὶ
2311 2089 2640 2157 προφήταις,
2679 2089 2772 2139 καὶ
2804 2091 2914 2148 τοῖς
2949 2090 3203 2157 μεγάλοις
3240 2093 3331 2141 καὶ
3361 2092 3545 2162 θεολή-

306 2195 462 2240 πτοις
500 2178 744 2248 [Ιατρασι
772 2177 864 2228 καὶ
894 2175 1249 2237 διδασκάλοις.
1287 2175 1506 2229 Eiectat
1535 2173 1590 2226 δὲ
1623 2174 1838 2234 πάντως
1862 2175 1956 2240 ὅγε
1986 2173 2189 2234 δίκαιος
2221 2175 2493 2244 ἀκροατὴς
2520 2175 2612 2226 καὶ
2636 2176 2848 2244 κριτής.
2884 2174 3048 2233 Fann.

376 2265 628 2330 Joannis,
670 2266 981 2329 Geometrw,
1015 2263 1364 2318 Protothroni
1414 2262 1693 2333 (Ἰωάννου
1725 2261 2055 2333 πρωτοθρόνι

1866 2261 2100 2328 εοθρόνου
2132 2262 2224 2314 τοῦ
2256 2263 2596 2332 γεωμέτρου)
2627 2272 2766 2316 orat.
2812 2265 2874 2317 de
2911 2267 3072 2329 malo,
3110 2281 3232 2336 qua:
3263 2270 3387 2323 mali
3431 2271 3545 2323 sive

305 2355 453 2427 pomi
500 2356 685 2408 laudes
735 2353 1104 2424 persequitur,
1151 2352 1398 2422 ejusdem
1454 2351 1762 2404 encomium
1799 2365 2067 2418 quercus;
2114 2349 2398 2417 ecphrasis
2447 2349 2622 2415 horti;
2655 2352 2760 2404 alia
2804 2354 3087 2422 ccphrasis
3133 2366 3186 2408 et
3229 2360 3541 2412 encomium

302 2443 602 2514 quoddam,
633 2444 777 2512 quod
808 2443 915 2497 inc.
953 2442 1018 2494 Τί
1049 2441 1114 2511 δὴ
1147 2441 1240 2494 καὶ
1286 2441 1345 2494 τὸ
1382 2440 1582 2511 μῆλον;
1627 2448 1754 2492 sunt
1788 2441 1840 2490 in
1890 2437 2012 2490 cod.
2055 2436 2278 2489 Barocc.
2315 2436 2407 2489 ‘25.
2445 2435 2510 2489 V.
2549 2436 2666 2491 Cat.
2710 2440 2867 2492 codd.
2911 2441 3134 2511 Anglire,
3176 2454 3278 2497 etc.
3317 2445 3355 2509 I,
3405 2462 3456 2514 p.
3489 2447 3542 2501 5.

303 2531 485 2585 Prima
521 2533 698 2585 oratio
727 2531 790 2583 de
835 2529 976 2582 malo
1007 2538 1189 2584 exstat
1221 2544 1444 2599 quoque
1479 2529 1530 2581 in
1568 2526 1689 2581 cod.
1728 2542 1840 2596 reg.
1875 2525 2076 2580 Matrit.
2111 2523 2200 2590 82,
2230 2539 2294 2578 ex
2322 2538 2431 2593 quo
2462 2523 2610 2578 illam
2645 2527 2939 2595 exscripsit.
2969 2539 3024 2582 et
3055 2530 3241 2586 Graece
3271 2533 3546 2603 evulgavit

305 2619 499 2673 lriarte
527 2620 579 2673 in
603 2619 774 2672 Catal.
809 2617 970 2672 codd.
1002 2617 1098 2673 Gr.
1126 2617 1353 2684 Matrit.,
1382 2632 1505 2686 pag.
1537 2617 1634 2670 501
1673 2632 1793 2684 sqq.

379 2706 669 2761 Florentiae
701 2707 755 2760 in
783 2705 914 2759 bibl.
953 2704 1213 2759 Laurent.
1251 2705 1374 2758 cod.
1403 2703 1472 2768 Χ,
1507 2720 1559 2756 ιι.
1594 2704 1647 2766 6,
1671 2704 1804 2772 plut.
1846 2703 1900 2758 5.
1929 2703 2015 2758 J0.
2049 2703 2350 2757 Geometras
2381 2703 2634 2757 versiculi
2671 2704 2886 2759 iambici
2921 2708 2972 2759 in
3004 2711 3326 2777 martyrium
3350 2710 3544 2763 Printe-

305 2794 577 2846 lecmonis.
600 2823 662 2832 —
704 2793 756 2846 in
781 2793 903 2847 cod.
925 2792 1016 2856 27,
1050 2808 1106 2846 ιι.
1143 2792 1197 2855 4,
1227 2792 1515 2860 explicatio
1553 2789 1620 2843 ΙΧ
1647 2791 1986 2845 canticorum
2018 2792 2274 2845 Ecclesiae
2306 2805 2371 2843 ex
2403 2801 2498 2843 ore
2524 2790 2750 2843 Joannis
2783 2791 3110 2857 Geometrae,
3142 2799 3382 2851 carmine
3410 2799 3546 2852 iam-

308 2883 453 2944 bico,
489 2895 610 2950 qua:
643 2879 942 2933 Bandinius
975 2880 1026 2932 in
1059 2888 1166 2933 cat.
1203 2879 1366 2932 codd.
1397 2878 1491 2932 Gr.
1526 2877 1691 2931 Laur.
1720 2877 1760 2940 Ι,
1791 2893 1910 2946 pag.
1950 2879 2041 2939 65,
2072 2894 2195 2946 sqq.
2233 2877 2419 2930 Graece
2455 2876 2751 2944 publicavit
2804 2883 2879 2946 (et
2922 2896 2974 2949 p.
3021 2884 3090 2935 25
3117 2885 3183 2937 de
3209 2886 3330 2936 cod.
3375 2884 3540 2940 Laur.

306 2980 466 3024 antea
517 2978 818 3022 memorato
854 2967 1008 3037 egit).
1065 2968 1210 3020 Idem
1260 2968 1503 3032 adnotat,
1549 2966 1782 3034 primum
1824 2967 2040 3018 illorum
2077 2972 2242 3020 etiam
2273 2981 2394 3020 esse
2430 2967 2482 3018 in
2525 2966 2653 3020 cod.
2699 2966 2924 3022 Bai-occ.
2959 2971 3147 3033 citato,
3198 2973 3381 3026 onmia
3419 2991 3545 3028 vero

313 3057 503 3110 haberi
537 3056 590 3108 in
621 3055 745 3108 cod.
780 3053 1098 3108 Colbertino
1130 3071 1183 3107 ιι.
1219 3055 1375 3117 1476,
1409 3069 1584 3122 eaque
1639 3054 1743 3107 sibi
1783 3055 1911 3107 olim
1944 3068 2292 3122 comparasse
2325 3052 2494 3106 Leon.
2531 3054 2811 3119 Allatium,
2851 3055 2952 3109 hoc
2985 3058 3102 3123 ipso
3131 3067 3267 3111 teste
3293 3061 3345 3112 in
3402 3060 3540 3115 diss.

306 3143 384 3196 De
421 3143 572 3194 libris
601 3142 786 3195 eccles.
820 3150 928 3194 tom
962 3141 1027 3203 ll,
1060 3158 1111 3211 p.
1143 3142 1246 3195 617
1268 3159 1283 3207 ;
1308 3143 1547 3212 denique
1575 3143 1860 3196 exstitisse
1889 3141 2053 3193 etiam
2089 3140 2142 3193 in
2174 3139 2304 3194 bibl.
2340 3138 2790 3203 Ullcnbachiana,
2825 3141 3003 3195 indire
3038 3143 3078 3195 Ι.
3119 3143 3280 3197 Ilenr.
3313 3144 3456 3200 Maio
3488 3149 3540 3200 in

307 3231 451 3285 Bibl.
493 3229 699 3299 {’ﬁ'enb.
725 3247 826 3284 ms.
861 3246 980 3301 pag.
1007 3231 1132 3295 482,
1164 3232 1254 3300 qui
1282 3241 1602 3301 argumenta
1628 3231 1966 3298 singulorum
1993 3227 2287 3294 recensuit,
2338 3235 2396 3281 et
2422 3227 2656 3295 primum
2686 3239 2850 3296 atque
2880 3229 3128 3283 ultimum
3165 3247 3385 3286 carmen
3417 3243 3540 3286 tan-

307 3334 472 3387 quam
504 3319 766 3373 ineditnm
800 3319 850 3370 in
890 3321 1062 3372 lucem
1094 3320 1338 3387 protulit.
1376 3348 1446 3358 —
1469 3319 1523 3372 In
1557 3319 1684 3372 bibl.
1722 3317 1982 3371 Escerial.
2012 3315 2098 3370 Jo.
2132 3317 2434 3370 Ccometra:
2467 3316 2729 3380 carmina,
2766 3324 2938 3370 totum
2966 3329 3240 3374 certamen
3289 3325 3544 3393 martyris

307 3405 741 3462 Panteelemouis
769 3405 1100 3460 continentia
1128 3407 1225 3474 (a),
1260 3415 1394 3461 teste
1426 3406 1709 3482 Pluere-in
1746 3404 1935 3460 Itiner.
1967 3420 2057 3472 per
2096 3401 2347 3470 Hispan.,
2376 3417 2498 3471 pag.
2539 3403 2660 3457 1ἰ6.

377 3495 434 3548 Ιιι
467 3493 595 3548 bibl.
626 3493 856 3549 Coislin.
888 3495 1011 3548 cod.
1049 3493 1168 3558 106,
1199 3493 1292 3547 fol.
1322 3494 1446 3554 177,
1476 3493 1567 3547 Jo.
1597 3493 1980 3547 Geontssermo
2012 3491 2305 3559 gratiarum
2337 3490 2560 3542 actionis
2591 3490 2643 3542 in
2673 3489 3132 3556 adnuntiationem
3166 3494 3412 3564 Deiparw
3440 3501 3540 3569 (b).

312 3581 434 3634 Vid.
472 3579 770 3636 Montfauc.
795 3579 933 3635 Bibl.
957 3580 1188 3636 Coislin.
1232 3597 1353 3650 pag.
1392 3581 1512 3635 181.
1539 3613 1605 3621 -
1640 3582 1775 3635 Ibid.
1807 3597 1860 3650 p.
1895 3579 1995 3634 251
2036 3588 2371 3633 memoratur
2399 3578 2606 3631 Niceta:
2641 3578 2889 3635 collectio
2931 3580 3438 3651 interpretationum
3471 3606 3542 3646 ex

305 3666 538 3720 diversis
569 3667 954 3737 interpretibus
998 3667 1075 3735 (in
1109 3668 1214 3730 his,
1247 3668 1404 3722 Joan.
1428 3668 1752 3735 Geometraz)
1783 3670 1836 3721 in
1874 3669 2079 3736 Evang.
2117 3668 2417 3721 secundum
2445 3665 2672 3720 Lucam.

377 3751 466 3807 J0.
494 3754 684 3807 Ceom.
715 3754 935 3823 quidam
973 3755 1157 3824 hymni
1185 3757 1389 3809 suntin
1427 3756 1559 3810 bibl.
1593 3755 1776 3810 Paris.
1809 3755 1955 3824 publ.
1981 3771 2056 3809 CUI

1858 3755 1955 3808 ibl.
1981 3756 2137 3809 codd.
2174 3755 2298 3808 687.
2341 3783 2404 3791 -
2451 3753 2606 3821 1650,
2641 3771 2695 3807 ιι.
2730 3754 2814 3809 15.
2855 3785 2923 3796 —-
2947 3757 3107 3823 2408,
3136 3776 3189 3815 n.
3216 3761 3268 3815 9.
3297 3791 3367 3802 -—
3396 3763 3537 3819 2655

304 3852 356 3895 et
383 3841 438 3894 in
471 3841 634 3905 2892,
672 3842 1010 3896 canticorum
1049 3841 1344 3912 Scriptura:
1381 3845 1766 3910 metaphrasis,
1806 3843 2027 3895 heroicis
2065 3844 2330 3896 versibus.

380 3929 651 3984 Monachii
699 3930 752 3984 in
789 3931 925 3987 bibl.
957 3931 1090 3988 clec.
1125 3932 1246 3987 cod.
1280 3931 1374 3988 101
1421 3933 1630 3987 eadem.
1661 3930 1726 3987 V.
1758 3939 1867 3988 cat.
1910 3929 2070 3985 codd.
2103 3929 2198 3985 Gr.
2236 3929 2428 3986 Bavar.
2469 3945 2524 4003 p.
2558 3931 2646 3998 58,
2681 3930 2771 3988 ubi
2799 3930 2980 3989 forsan
3019 3937 3222 3994 rectius
3253 3940 3535 4010 scribitur,

306 4016 541 4072 versibus
579 4016 838 4070 iambicis.

386 4125 725 4182 Vindobonae
754 4126 809 4181 in
842 4126 967 4181 cod.
1001 4125 1250 4181 Caesareo
1291 4127 1457 4181 theol.
1493 4127 1620 4192 289,
1654 4142 1726 4181 ιιι.
1752 4125 1842 4194 50,
1871 4137 2107 4196 quatuor
2145 4126 2329 4197 hymni
2371 4127 2422 4180 in
2458 4127 2764 4196 Deiparam,
2800 4144 2924 4183 cum
2969 4134 3221 4202 anonymi
3261 4138 3538 4206 epigram-

304 4223 451 4271 mate
481 4214 535 4269 in
566 4213 650 4268 Jo.
681 4213 1048 4280 Gcometram,
1082 4229 1194 4271 sec.
1219 4212 1469 4269 Nesselii.
1502 4217 1620 4270 Cat.
1651 4223 1792 4284 part.
1827 4232 1864 4280 ι,
1898 4231 1951 4286 p.
1979 4216 2105 4282 598,
2138 4228 2230 4269 aut
2260 4231 2370 4271 sec.
2406 4215 2661 4272 Lainbcc.
2691 4217 2996 4274 Comment.
3032 4220 3096 4286 V,
3136 4237 3257 4293 pag.
3292 4226 3416 4292 517,
3450 4247 3532 4298 sq.

305 4304 374 4360 de
403 4302 523 4358 cod.
554 4303 682 4359 255.

379 4390 670 4446 Mediolani
697 4391 752 4447 in
783 4391 916 4447 bibl.
951 4393 1204 4449 Ambros.
1240 4395 1294 4448 in
1321 4395 1634 4464 passionem
1672 4394 1898 4459 Christi,
1931 4399 2066 4444 teste
2100 4388 2392 4442 Montfauc.
2426 4388 2478 4441 in
2511 4388 2653 4444 Bibl.
2690 4390 2985 4446 bibliotltrc.
3018 4410 3143 4446 mss.
3183 4396 3223 4461 Ι,
3263 4415 3314 4467 p.
3343 4401 3446 4458 499
3479 4403 3538 4470 E,

318 4479 511 4533 eodem
545 4478 840 4533 adnotante
863 4479 936 4533 ib.
969 4480 1034 4546 ll,
1063 4496 1184 4551 pag.
1211 4482 1366 4535 1527.
1401 4480 1461 4534 D.
1487 4479 1571 4535 J0.
1608 4483 1896 4535 Ceomeua
1932 4480 1994 4530 de
2026 4476 2173 4538 cwlo,
2207 4475 2299 4528 Gr.
2334 4477 2471 4528 inter
2495 4478 2652 4530 codd.
2684 4477 3010 4546 de..Mesmc.
3052 4481 3220 4535 "ABL.

377 4564 627 4637 [Joannis
675 4564 962 4621 Ceomelra:
991 4580 1046 4620 ut
1079 4569 1274 4636 ferunt,
1305 4572 1545 4625 carmina
1576 4571 1727 4625 varia
1755 4571 1805 4623 in
1837 4566 2120 4622 Anccdolis
2155 4562 2355 4616 Gnrcis
2394 4579 2458 4616 ea:
2486 4565 2638 4617 codd.
2683 4581 2809 4616 mss.
2844 4567 3166 4623 bibliotheca:
3197 4571 3537 4642 Parisiensis,

303 4668 334 4709 ει
357 4652 406 4708 J.
437 4654 502 4708 A.
539 4654 805 4709 Cramero
845 4654 1041 4709 0x0nii
1086 4673 1230 4711 anno
1274 4658 1400 4713 1841
1432 4660 1614 4714 editis.
1649 4658 1805 4713 Tom.
1833 4656 1918 4722 IV,
1956 4671 2009 4724 p.
2037 4653 2160 4706 266.
2199 4652 2270 4704 Ibi
2290 4660 2508 4705 exstant
2532 4652 2899 4723 Paraphrases
2936 4654 2999 4708 IX
3032 4657 3083 4712 in
3113 4656 3170 4713 S.
3199 4657 3540 4731 Scripturam

299 4755 440 4811 quas
455 4741 566 4812 jam
598 4739 896 4797 Bandinius
923 4742 1166 4799 ediderat
1199 4745 1441 4815 Catalog.
1477 4755 1609 4800 tom.
1642 4745 1683 4812 Ι,
1718 4761 1770 4816 p.
1807 4745 1896 4801 64.
1929 4746 1978 4800 Ε

645 4740 896 4797 andinius
923 4742 1166 4799 ediderat
1199 4745 1441 4815 Catalog.
1477 4755 1609 4800 tom.
1642 4745 1683 4812 Ι,
1718 4761 1770 4816 p.
1807 4745 1896 4801 64.
1929 4746 2089 4800 Eon.
2123 4739 2324 4812 Ριιτιι.]

605 4870 621 4902 1

373 4914 451 4986 (a)
501 4912 643 4969 Editi
683 4914 787 4998 sub
832 4917 942 4997 hoc
985 4917 1477 5000 titulos-Elogium
1517 4919 1576 4973 S.
1614 4921 1862 5000 martyris

301 4984 744 5064 Paritelcenionis,
775 4983 970 5064 Grcccrﬂs
1001 4989 1242 5041 iambum
1287 4991 1413 5042 olim
1447 4991 1510 5044 ab
1537 5000 1751 5064 auctore
1782 5007 1863 5064 ni-

303 5066 442 5110 certo
487 5055 601 5124 (qui
637 5055 892 5127 Joannes
930 5056 1216 5127 Geometra
1258 5076 1381 5113 esse
1423 5061 1683 5127 creditur)
1731 5061 1864 5113 scri-

302 5136 449 5194 ptum
477 5133 526 5196 cl
565 5139 593 5176 ε
628 5125 937 5179 bibliotheca
968 5126 1128 5196 Regia
1162 5139 1367 5182 erumm
1400 5147 1430 5182 α
1462 5125 1714 5184 cherico
1747 5129 1864 5183 Μο-

303 5199 456 5250 rello.
483 5194 708 5249 Lutetia:
732 5197 890 5262 1605,
921 5194 1095 5251 ιιι-12.
1135 5199 1289 5252 Εοιτ.
1322 5199 1493 5255 Pun.

373 5266 447 5334 (b)
487 5264 676 5340 Editus
708 5266 760 5318 in
786 5267 923 5340 libro
945 5268 1032 5340 c_ui
1061 5269 1248 5323 titulus
1280 5289 1291 5324 :
1333 5269 1542 5340 Sylloge
1563 5287 1866 5325 monumen-

305 5346 476 5388 torum
506 5335 583 5408 ad
605 5338 912 5408 mysterium
943 5337 1308 5408 Conceptionis
1342 5335 1696 5394 innuaculatrc
1751 5341 1866 5395 Vir-

302 5407 440 5476 ginis
493 5404 735 5476 Deipafa:
783 5404 1178 5471 illustrandum,
1223 5415 1361 5463 cura
1416 5411 1537 5464 Anz.
1603 5411 1863 5465 Ballerini

303 5474 425 5550 Sac.
467 5476 615 5550 λεια.
650 5474 834 5529 Romae
870 5478 1028 5540 1856,
1067 5480 1208 5548 typis
1243 5480 1298 5530 S.
1335 5481 1398 5534 C.
1431 5483 1494 5533 de
1526 5485 1866 5550 propaganda

300 5548 424 5617 ﬁde.
452 5566 469 5596 ι
497 5545 654 5617 Hunc
687 5545 1422 5617 serinonem,'inquiteditor,
1455 5545 1601 5604 certo
1623 5545 1864 5616 'au'ctori,

300 5609 496 5669 Joanni
542 5609 877 5682 Géometrzc,
909 5609 1291 5672 inscribendum
1336 5609 1454 5673 esse
1499 5640 1602 5675 non
1655 5609 1868 5675 Vatica;

302 5701 405 5742 nus
437 5687 600 5740 modo
627 5688 792 5740 codex
829 5689 970 5741 inter
1009 5688 1225 5744 Graecos
1270 5690 1542 5744 Palatinos
1584 5710 1636 5744 ιι.
1670 5695 1772 5746 402
1806 5695 1868 5746 ti-

299 5759 422 5830 dem
469 5756 878 5830 facittcticum
909 5772 991 5830 eo
1020 5757 1388 5830 Coislinianus
1432 5778 1485 5815 ιι.
1534 5764 1650 5824 106,
1686 5765 1776 5830 qui
1813 5767 1866 5818 in

302 5828 571 5896 lmperiali
625 5828 920 5882 Parisiensi
960 5829 1284 5883 bibliotheca
1335 5843 1602 5895 servatur,
1655 5828 1717 5886 ac
1763 5835 1865 5886 Ba-

622 5927 890 6015 Ριιτιιυι..
940 5926 1049 5983 (in.
1101 5927 1257 5986 CH.

1972 4917 2258 4971 roceianns
2305 4913 2471 4976 XXV,
2519 4915 2613 4968 sed
2654 4923 2921 4970 testantur
2955 4926 3008 4970 et
3053 4917 3142 4972 alii
3189 4920 3359 4974 (irasci
3404 4939 3538 4979 mss.

1971 4990 2205 5049 codicus,
2233 4995 2291 5038 ut
2323 5001 2387 5038 ex
2428 4985 2840 5039 lleortodromio
2871 4997 3014 5054 patet
3044 4987 3321 5045 Nicodemi
3350 5010 3544 5047 mona-

1973 5059 2080 5119 chi,
2115 5060 2207 5124 qui
2241 5066 2295 5108 et
2327 5057 2379 5107 in
2419 5054 2806 5122 Prolegomenis
2847 5059 2916 5108 ad
2957 5073 3206 5111 canonem
3241 5063 3541 5115 Annuntia-

1974 5128 2132 5180 tionis
2163 5142 2282 5179 eam
2317 5127 2456 5196 inter
2497 5126 2632 5196 alias
2666 5125 2908 5191 ejusdem
2939 5132 3242 5196 argumenti
3287 5132 3539 5188 homitias

1973 5207 2238 5260 recenset,
2279 5205 2330 5249 et
2361 5194 2554 5246 deinde
2599 5210 2693 5262 per
2729 5194 3024 5250 decursum
3056 5203 3428 5255 commentarii
3469 5205 3538 5257 ad

1972 5269 2220 5320 eumdem
2263 5279 2526 5318 canonem
2567 5266 2798 5320 subinde
2831 5269 3112 5330 nonnulla,
3145 5284 3211 5322 ex
3243 5285 3305 5322 ea
3351 5273 3537 5326 decer-

1973 5350 2086 5405 pta,
2132 5335 2427 5402 fragmenta
2463 5333 2650 5407 refert.
2683 5336 2926 5407 Accedit,
2961 5341 3105 5405 quod
3136 5339 3380 5407 ejusdem
3409 5359 3536 5395 ora-

1975 5407 2151 5478 tionis
2175 5407 2468 5474 particulas
2505 5405 2667 5456 modo
2714 5406 2988 5459 breviores
3029 5405 3189 5461 modo
3241 5411 3535 5478 longiores,

1969 5478 2072 5528 sub
2116 5475 2414 5528 Geometrae
2457 5489 2679 5527 nomine
2729 5477 2982 5529 recitatas
3019 5480 3296 5534 cernimus
3338 5475 3451 5534 tum
3481 5475 3536 5537 in

1966 5547 2166 5599 Catena
2203 5544 2399 5596 Nicetae
2448 5545 2662 5596 diaconi
2717 5560 2804 5613 ap.
2853 5549 2990 5614 Ang.
3041 5549 3266 5611 Maium,
3319 5559 3432 5603 tum
3481 5555 3536 5608 in

1967 5620 2131 5669 altera
2162 5615 2476 5668 Crtecorum
2509 5613 2731 5686 Patrum
2773 5613 2978 5668 Catena
3019 5618 3070 5669 in
3104 5617 3328 5681 Lucam,
3369 5638 3535 5686 quam

1966 5686 2260 5739 Corderius
2288 5686 2457 5737 edidit
2486 5703 2497 5737 :
2522 5685 2722 5751 quibus
2758 5687 2880 5739 addi
2914 5697 3085 5754 potest
3116 5705 3277 5740 aurea
3305 5687 3363 5742 S.
3391 5685 3534 5745 Tho-

1968 5773 2065 5810 ma'
2094 5756 2368 5823 Aquinalis
2405 5756 2457 5808 in
2485 5758 2734 5810 eumdem
2767 5756 2968 5809 Lucam
3003 5756 3225 5813 Catena.
3273 5778 3291 5809 ι
3335 5759 3409 5814 la.

3112 5935 3190 5996 ‘26
