4252 6436
302 374 408 436 813

1087 363 1344 422 SERMU
1385 360 1461 420 IN
1509 362 1613 418 SS.
1659 359 2011 418 DEU’AILE
2051 362 2764 420 ANNUN'I‘iA'l‘IUXEM.

3445 366 3554 428 8M

302 498 486 555 μενον·
533 484 564 552 ἦ
612 482 740 536 ἄλλο
784 497 838 531 τι
896 478 1006 531 τῶν
1046 475 1459 546 ἀνθρωπίνωνῆ
1498 473 1657 526 θείων
1706 474 1737 544 ἤ
1777 475 1868 526 καὶ
1905 485 1946 538 Α
1977 475 2062 528 vel
2098 478 2268 529 semet
2298 475 2764 543 transﬁguranten‘

1977 475 2062 528 vel
2098 478 2268 529 semet
2298 475 2798 543 transﬁgurantcm,
2831 489 2892 528 ac
2936 475 3306 529 testimonium
3357 480 3558 548 accipi-

302 575 731 645 συναμφοτέρων
757 569 1232 640 οἰκονομούμενον,
1265 569 1297 637 ἢ
1328 568 1389 620 τὸ
1415 568 1742 630 τελευταῖον,
1775 568 1866 618 καὶ

300 667 663 737 ἀνισταμενον
690 681 749 717 τε
779 665 873 718 καὶ
901 661 1107 730 ἀνυψού
1117 679 1300 732 μενον,
1333 661 1479 729 κάμὲ
1507 657 1876 727 συνανυψοῦν-

300 778 391 824 τα,
425 760 521 812 καὶ
552 757 732 826 ἑαυτῴ
768 756 867 826 μὲν
900 755 958 808 τὸ
989 754 1089 819 τῆς
1123 753 1461 822 οἰκονομίας,
1517 750 1642 820 ἐμοὶ
1683 750 1738 802 δὲ
1775 750 1876 816 τῆς

305 852 582 923 σωτηρίας
638 849 812 920 πέρας
868 848 1418 918 πραγματευόμενον.
1482 844 1634 913 Ἐμοὶ
1685 843 1741 895 δὲ
1777 843 1875 912 τὴν

306 946 461 1016 ῥίζαν
489 946 694 996 τούτων
718 943 976 995 ἁπάντων
1031 939 1186 1002 δότω,
1240 939 1406 1007 τιμᾷν
1459 937 1554 988 καὶ
1596 937 1874 1005 προτιμᾷν

301 1038 414 1089 τῶν
449 1036 674 1099 λοιπῶν,
704 1036 934 1086 κάκεῖνα
970 1030 1068 1101 μὲν
1118 1032 1350 1098 φάσκειν
1383 1029 1561 1081 πάντα
1608 1031 1700 1081 καὶ
1753 1025 1877 1079 νοῦν

303 1128 400 1180 καὶ
431 1126 588 1192 λόγον
619 1124 713 1178 καὶ
745 1125 926 1178 πάντα
967 1122 1036 1175 τὰ
1069 1121 1173 1191 πρὸ
1206 1121 1298 1173 τοῦ
1345 1121 1620 1190 θαύματα,
1671 1118 1877 1187 ταύτην

302 1221 359 1272 δὲ
392 1221 618 1271 κάκεῖνα
641 1219 798 1288 νικᾷν
941 1215 1200 1285 θαύματι.
1242 1213 1603 1280 Σαρκωθέντα
1637 1211 1734 1283 μὲν
1769 1212 1876 1282 γὰρ

303 1315 406 1384 ῆδη
451 1313 581 1364 Θεὸν
629 1309 989 1379 γηννηθῆναι,
1042 1307 1138 1360 καὶ
1197 1305 1550 1375 γεννηθέντα,
1619 1304 1874 1373 φανῆναι,

304 1405 398 1455 καὶ
431 1402 667 1471 φανέντα
703 1399 972 1453 τοσούτων
996 1398 1090 1449 καὶ
1123 1395 1462 1464 τηλικούτων
1489 1395 1872 1464 τελεσιουργὸν

301 1494 600 1561 θαυμάτων
631 1488 1035 1558 ἀποφανθῆναι,
1083 1487 1180 1540 καῖ.
1211 1487 1530 1556 ἀναστῆναι,
1565 1486 1744 1540 πάντα
1779 1489 1876 1555 τῆς

305 1583 652 1644 ἀκολουθίας,
693 1582 787 1634 καὶ
838 1580 993 1633 οὐδὲν
1032 1579 1175 1632 οὓτω
1227 1578 1565 1649 θαυμαστὸν,
1616 1579 1698 1631 ὅτι
1759 1577 1875 1646 Θεῷ

300 1676 638 1749 σαρκωθὲντι
660 1672 1150 1746 παραόαλλόμενον
1180 1669 1519 1739 θαυμαστόν.
1544 1669 1617 1721 Τὸ
1638 1669 1695 1722 δὲ
1742 1685 1876 1739 σαρ-

296 1768 543 1835 κωθῆναι
593 1766 749 1831 Θεὸν,
787 1765 879 1818 καὶ
917 1764 1014 1817 τὸν
1072 1760 1358 1832 ἁχώρητον
1401 1760 1742 1831 χωρηθῆναι,
1783 1761 1876 1812 καὶ

1981 579 2158 623 entem
2191 578 2304 622 tum
2339 582 2368 620 a
2400 567 2579 621 Patris
2605 583 2737 622 voce
2775 577 2886 621 tum
2923 585 2951 621 a
2987 569 3264 635 splendida
3300 568 3558 626 Divinita-

1983 660 2053 714 tis
2080 661 2282 729 specie,
2309 659 2390 713 vel
2424 660 2718 728 quodpiam
2739 659 2884 712 aliud
2917 660 3032 712 sive
3062 659 3422 713 humanorum
3444 661 3559 716 sive

1983 753 2287 806 divinorum
2321 753 2434 805 sive
2467 753 2529 805 ad
2562 765 2850 820 utrumque
2884 751 3132 806 ordinem
3172 753 3556 820 pertinentium

1983 861 2206 912 operum
2244 844 2630 912 perlicientem,
2665 845 2744 895 vel
2801 845 3048 897 eumdem
3108 843 3450 907 morientem,
3496 859 3560 899 ac

1987 951 2150 1003 porro
2179 943 2577 1002 resurgentem,
2612 923 2770 1000 atque
2807 934 2858 985 in
2883 936 3052 988 caelos
3082 937 3561 998 ascemlentem,et

1980 1040 2165 1078 secum
2200 1039 2283 1076 me
2314 1013 2924 1093 quoque‘exaltantem,
2956 1028 3227 1093 liuemque
3267 1033 3379 1076 tum
3413 1041 3561 1102 (geo-

1981 1115 2290 1169 nomizsibi
2323 1116 2659 1191 przestittttw,
2701 1125 2814 1168 tum
2847 1117 3038 1169 salutis
3079 1133 3211 1187 niese
3260 1118 3407 1186 operi
3460 1119 3564 1170 im-

1980 1218 2290 1276 ponentem.
2331 1211 2425 1282 Ast
2470 1207 2598 1260 mihi
2649 1209 2931 1272 concedat,
2991 1217 3047 1261 ιιι
3099 1193 3563 1267 horumomnium

1979 1299 2212 1353 radicem
2270 1285 2473 1352 honore
2517 1313 2831 1368 prosequar,
2893 1314 3124 1366 eamque
3180 1315 3288 1369 prie
3337 1301 3560 1369 reliquis

1980 1389 2232 1444 omnibus
2257 1390 2308 1442 in
2330 1389 2538 1443 honore
2557 1390 2804 1453 habeam,
2830 1399 2940 1442 tum
2961 1390 3122 1442 etiam
3149 1389 3371 1443 fidenter
3399 1391 3566 1459 proli-

1994 1489 2129 1544 tear,
2164 1497 2226 1535 ca
2257 1481 2473 1551 quidem
2505 1481 2687 1534 omnia
2718 1489 2772 1533 et
2810 1482 3004 1533 mentis
3042 1492 3285 1549 captum,
3341 1490 3396 1534 et
3445 1496 3566 1535 om-

1989 1588 2109 1626 nem
2138 1575 2242 1626 vim
2267 1572 2572 1637 alicendi,et
2601 1588 2956 1641 qumcumque
2985 1573 3036 1626 in
3061 1582 3404 1628 antecessum
3438 1589 3566 1643 per-

1991 1673 2195 1733 petrata
2228 1672 2355 1719 sunt
2407 1664 2701 1728 mirabilia,
2735 1679 3032 1732 superare;
3095 1667 3235 1719 hanc
3289 1667 3568 1721 nihilomi-

1990 1775 2094 1813 nus
2124 1759 2232 1812 illis
2262 1775 2481 1829 quoque
2514 1759 2722 1814 ratione
2757 1761 3005 1814 miraculi
3039 1776 3393 1829 praecurrere.
3427 1759 3560 1815 Nam

292 1861 386 1912 τὸν
421 1858 645 1929 βασιλέα
689 1855 1027 1926 πτωχεῦσαι,
1091 1855 1184 1908 καὶ
1228 1855 1325 1923 τὴν
1366 1852 1564 1922 ἔχθραν
1615 1851 1869 1922 λυθῆναι,
1915 1849 1953 1904 Β
1992 1845 2138 1920 quod
2172 1848 2444 1918 Deusjam
2491 1851 2758 1904 int-amati

1992 1845 2138 1920 quod
2172 1848 2444 1918 Deusjam
2491 1851 2808 1905 incarnatus
2838 1853 2889 1905 in
2947 1852 3121 1905 lucem
3163 1851 3341 1905 editus
3384 1852 3473 1912 sit,
3514 1861 3568 1906 et

292 1953 388 2005 καὶ
423 1952 682 2022 μιχθῆναι
714 1951 782 2002 τὰ
817 1950 1048 2018 ἄμικτα,
1098 1945 1290 2016 φύσεις
1333 1944 1448 2015 ἅμα
1481 1945 1575 1998 καὶ
1619 1943 1862 2014 γνώμας,

289 2045 444 2096 τοῦτό
480 2048 648 2107 ἐστιν,
677 2043 704 2095 ὃ
738 2045 835 2095 καὶ
877 2041 1110 2104 Παῦλος,
1145 2041 1240 2093 καὶ
1290 2041 1440 2092 πᾶςα
1488 2039 1598 2090 τῶν
1627 2037 1799 2090 ἄλλων

288 2138 452 2206 φύσις
485 2136 643 2205 ὑλική
680 2151 740 2187 τε
792 2133 909 2203 ἅμα
931 2134 1025 2185 καὶ
1074 2131 1234 2194 ἇῦλος
1288 2129 1590 2200 θαυμάζειν
1617 2121 1865 2199 βούλεται

287 2230 412 2299 μὲν,
447 2229 698 2280 ἀδυνατεῖ
721 2227 778 2279 δὲ
810 2227 933 2279 ὅσον
961 2224 1131 2289 ἀξιον.
1556 2235 1561 2244 ·’

1986 1941 2131 2011 quod
2177 1950 2335 1994 natus
2361 1951 2531 1995 semet
2556 1942 3004 2008 mauifestaverit,
3038 1953 3090 1996 et
3111 1945 3256 2012 quod
3283 1943 3568 1996 manifesto

1978 2033 2239 2101 cognitus
2302 2043 2378 2086 tot
2440 2043 2827 2101 tantorumque
2880 2036 3268 2089 miraculorum
3326 2043 3569 2103 patrator

1989 2128 2324 2194 apparuerit,
2367 2129 2595 2196 etquod
2643 2143 2673 2180 e
2725 2129 2957 2181 mortuis
3011 2129 3396 2192 resurrexerit,
3452 2129 3567 2180 haec

1985 2219 2169 2271 Omnia
2201 2229 2566 2272 consentanea
2591 2235 2814 2288 prorsus
2840 2229 2986 2283 sunt,
3006 2230 3168 2289 atque
3202 2220 3338 2274 adeo
3367 2219 3439 2272 nil
3465 2220 3570 2272 πηίο-

289 2342 427 2388 rum,
457 2324 602 2394 quod
630 2323 697 2377 ah
724 2323 1003 2376 incarnato
1030 2320 1138 2374 Deo
1156 2321 1292 2374 mira
1350 2319 1627 2389 prodeant.
1655 2319 1722 2371 At
1742 2332 1890 2381 vero,
1932 2315 2078 2385 quod
2115 2316 2408 2367 humanam
2460 2330 2680 2367 carnem
2717 2314 2858 2368 Deus
2889 2315 3263 2384 assumpserit,
3295 2313 3569 2383 quod'in-

287 2415 792 2484 t-oniprehensibilis
848 2413 1006 2466 fuerit
1058 2413 1503 2481 comprehensus,
1557 2410 1700 2480 quod
1760 2425 1854 2462 rex
1893 2407 2068 2462 faetus
2131 2408 2199 2460 sit
2259 2405 2561 2467 mendicus,
2602 2407 2747 2475 quod
2816 2399 3341 2458 iuiiuieitiadsuhlata
3376 2403 3568 2470 fuerit,

286 2510 431 2578 quod
467 2510 520 2563 in
548 2525 713 2562 unum
743 2507 1157 2575 eoiverirrtquze
1183 2505 1412 2559 invicem
1469 2504 1854 2566 abhorrebant,
1898 2502 2104 2556 scilicet
2161 2509 2369 2553 naturte
2409 2499 2570 2552 simul
2633 2508 2684 2552 et
2715 2499 3042 2561 voluntates,
3072 2497 3172 2550 hoc
3235 2499 3476 2566 estquod
3516 2511 3571 2556 ιι

291 2603 491 2657 l'aulns
537 2612 588 2656 et
619 2601 824 2671 quaavis
851 2599 955 2653 alia
1013 2609 1206 2652 natura
1252 2599 1365 2652 sive
1422 2596 1696 2650 terrestris
1746 2596 1858 2649 sive.
1896 2594 2156 2656 cmlestis,
2220 2593 2323 2648 etsi
2391 2593 2627 2647 maxime
2678 2593 2877 2661 cupiat,
2942 2591 3126 2644 mirari
3161 2599 3341 2645 tamen
3363 2606 3426 2646 ac
3472 2607 3562 2647 ce-

290 2700 502 2752 lebrare
525 2711 622 2766 pro
647 2695 908 2766 dignitate
940 2711 1045 2748 non
1078 2695 1234 2748 valet.

368 2788 440 2842 A'.
477 2788 686 2851 Ἀλλως
728 2804 788 2840 τε
833 2788 928 2839 καὶ
957 2788 1006 2839 εί
1036 2787 1161 2849 τοὺς
1192 2785 1418 2849 κλάδους
1464 2785 1772 2856 θαυμάζειν
1803 2787 1879 2840 εί-

299 2881 418 2942 κδς,
447 2879 564 2942 πῶς
590 2879 651 2930 ού
677 2877 778 2946 τὴν
806 2878 963 2949 ῥίζαν
984 2878 1152 2946 αὐτὴν
1179 2876 1286 2946 πρὸ
1329 2875 1578 2940 ἐκείνων,
1607 2877 1874 2928 κάκείνων

303 2970 483 3023 αὐτῶν
516 2970 680 3022 ’ἑνεκα
729 2968 1158 3038 θαυμασόμεθα;
1211 2968 1377 3019 Ὥστε
1423 2969 1518 3020 καὶ
1545 2967 1716 3036 χωρὶς
1763 2968 1871 3020 τῶν

303 3063 482 3118 ἄλλων
511 3061 605 3114 καὶ
633 3060 741 3114 τῶν
766 3061 988 3129 ἑαυτῆς,
1019 3062 1120 3112 ὅσα
1153 3059 1217 3111 ἄν
1253 3075 1340 3122 τις
1391 3075 1456 3110 πε
1469 3061 1520 3128 pl.
1551 3058 1659 3111 τῶν
1697 3059 1872 3112 ἄλλων

307 3154 627 3225 μυστηρίων
648 3156 781 3224 ἐρεῖ,
813 3153 967 3205 ταῦθ’
989 3151 1108 3222 ἄμα
1146 3152 1504 3223 συμφορήσας
1535 3151 1665 3221 περὶ
1706 3151 1866 3220 τῆσδε

2050 2784 2140 2842 IV.
2173 2786 2254 2839 Ad
2290 2787 2402 2838 luce
2426 2785 2472 2838 si
2495 2792 2923 2840 consentaneum
2950 2794 3032 2838 est
3059 2798 3240 2837 ramos
3273 2782 3561 2847 admirari,

1977 2880 2071 2950 qui
2115 2852 2351 2954 rgdicem
2403 2878 2579 2948 ipsam
2635 2893 2745 2947 prae
2791 2877 2897 2931 illis
2925 2887 2978 2931 et
3031 2877 3244 2930 illorum
3314 2877 3558 2946 ipsorum

1980 2985 2145 3048 causa
2173 2986 2281 3024 non
2316 2970 2683 3022 mirabimur?
2708 2968 2856 3023 Adeo
2897 2979 2955 3022 ut
2987 2979 3188 3038 praeter
3232 2969 3436 3036 reliqua
3475 2983 3563 3023 «ac

1984 3065 2205 3133 pr0pria
2245 3063 2489 3132 ejusdem
2531 3061 2842 3117 festivitatis
2897 3061 3170 3126 encomia,
3219 3053 3566 3133 qtqecunque

1990 3156 2207 3210 demum
2232 3155 2298 3208 de
2323 3156 2443 3209 aliis
2468 3155 2736 3225 mysteriis
2757 3153 3027 3223 quispiam
3059 3153 3275 3214 dixerit,
3307 3153 3419 3205 haec
3445 3166 3568 3205 om-

302 3250 402 3315 τῆς
452 3245 642 3316 ἑορτῆς
692 3247 828 3317 ἐρεῖ,
883 3245 1013 3314 παρ’
1040 3240 1109 3315 ἦς
1159 3245 1408 3311 κάκεῖνα,
1439 3245 1534 3296 καὶ
1588 3241 1727 3314 αὕτη
1765 3242 1874 3295 τῶν
1905 3273 1946 3328 c
1985 3248 2071 3301 nia
2104 3247 2156 3300 in
2195 3262 2361 3299 unum
2392 3260 2691 3313 congerens
2726 3247 2764 3299 dt

1985 3248 2071 3301 nia
2104 3247 2156 3300 in
2195 3262 2361 3299 unum
2392 3260 2691 3313 congerens
2726 3247 2793 3299 de
2825 3245 2927 3300 hac
2978 3245 3092 3314 ipsa
3135 3245 3501 3310 solemnitate,
3533 3261 3566 3300 θ

306 3338 527 3408 ὲκείνης
560 3337 788 3408 καρπῶν
817 3338 849 3406 ἡ
913 3337 1062 3407 ῥίζα,
1090 3338 1183 3391 καὶ
1232 3336 1370 3406 αὕτη
1406 3335 1514 3388 τῶν
1553 3335 1813 3404 ποταμῶν
1845 3337 1877 3406 ἡ

307 3431 486 3500 πηγή.
525 3429 830 3500 Προσθήσω
869 3429 914 3482 δ’
945 3429 1026 3482 ὅτι
1075 3430 1230 3500 καὶὴ
1273 3428 1382 3498 ἐμὴ
1431 3426 1568 3498 ζωή.
1613 3427 1880 3480 Τοσοῦτον

299 3523 416 3572 ἔστι
449 3520 509 3571 τὸ
548 3520 682 3572 Θεὸν
711 3520 944 3590 ὀφθῆναι
976 3517 1188 3589 βροτὸν,
1231 3519 1291 3570 τὸ
1322 3518 1377 3571 δὲ
1408 3519 1504 3570 καὶ
1537 3517 1874 3589 θεουργηθῆο

295 3630 386 3664 ναι
419 3611 629 3682 βροτόν,
675 3613 738 3663 Ὃ
768 3613 862 3663 καὶ
891 3611 1024 3664 αὐτὸ
1052 3610 1144 3664 τοῦ
1182 3611 1451 3681 παρόντος
1481 3610 1730 3680 ἔγνωμεν
1769 3629 1871 3680 μυ-

297 3703 526 3774 στηρίου
585 3702 832 3772 πηλίκον.
877 3702 967 3765 Ὠς
1030 3701 1323 3754 κινδυνεύω
1374 3704 1474 3772 τὴν
1531 3704 1724 3773 ἑορτὴν
1755 3706 1874 3766 ταῖς

299 3795 507 3861 ἄλλαις,
535 3796 610 3858 ῶς
635 3795 832 3866 ἁπλῆν,
862 3794 1234 3865 παραϐάλλειν
1263 3795 1577 3865 ἐπιχειρῶν,
1601 3796 1871 3865 εὑρίσκων

299 3886 518 3956 διπλῆν,
542 3889 633 3940 καὶ
663 3886 741 3957 τῷ
761 3887 917 3956 μέρει
941 3888 1062 3949 ταῖς
1085 3886 1276 3950 ἄλλαις
1302 3886 1560 3952 νικῶσαν,
1591 3888 1689 3940 οὐκ
1709 3887 1872 3957 ἔχειν,

301 3979 450 4041 ὅπως
477 3981 588 4042 τοῖς
636 3980 859 4048 μέρεσιν
915 3979 1054 4050 αὐτὴ
1099 3979 1234 4050 πρὸς
1276 3979 1476 4051 ἑαυτὴν
1519 3980 1705 4050 κριθῇ,
1745 3980 1875 4049 μηδ’

301 4062 457 4135 ᾧτινι
485 4069 594 4122 τῶν
627 4071 808 4142 μερῶν
846 4068 1008 4123 δώσει
1042 4072 1198 4140 νικᾷν
1242 4069 1322 4141 τῷ
1369 4070 1633 4142 θαύματι,
1668 4072 1879 4144 ἄνθρω-

300 4179 408 4216 πον
449 4163 540 4216 τὸν
567 4165 720 4229 Θεὸν,
749 4163 944 4234 ῆΘεδν
978 4163 1213 4233 φανῆναι
1245 4164 1332 4216 τὸν
1365 4164 1677 4235 ἄνθρωπον.

1985 3356 2089 3410 qua
2113 3347 2166 3392 et
2198 3337 2286 3390 illa
2332 3339 2636 3402 dimanant,
2689 3328 2938 3392 dicturus
2972 3339 3062 3399 sit,
3105 3339 3305 3408 quippe
3343 3353 3465 3406 qua:
3509 3347 3568 3392 et

1987 3429 2181 3483 borum
2219 3428 2396 3497 ipsius
2432 3428 2712 3482 {rut-tuum
2743 3439 2824 3482 est
2859 3429 3092 3494 radix,et
3115 3430 3229 3498 ipsa
3277 3429 3564 3482 ﬂuminum

1985 3526 2069 3571 est
2107 3517 2374 3570 seatehra.
2407 3518 2671 3586 Adjiciam
2697 3529 2748 3569 et
2772 3518 2925 3583 illud,
2950 3520 3095 3588 quod
3121 3521 3244 3574 hinc
3275 3529 3432 3574 estet
3455 3519 3566 3573 vita

1992 3622 2132 3660 mea.
2169 3605 2529 3662 Tantumdem
2579 3621 2662 3663 est
2697 3609 2864 3662 Deum
2905 3613 3223 3680 apparuisse
3255 3612 3564 3683 mortalem,

1985 3712 2155 3770 atque
2191 3702 2428 3755 vicissim
2459 3701 2743 3757 mortalem
2771 3705 2836 3758 ad
2868 3705 3209 3759 divinitatem
3239 3703 3407 3759 luisse
3435 3721 3566 3774 pro-

1986 3805 2224 3848 vectum.
2256 3794 2375 3862 Quo
2410 3810 2542 3848 sane
2573 3797 2689 3865 ipso
2721 3807 2924 3866 quanta
2974 3800 3046 3852 sit
3100 3798 3343 3868 mysterii
3399 3797 3564 3866 hujus
3605 3844 3623 3864 ,

1986 3885 2308 3955 magnitudo
2343 3887 2616 3941 novimus.
2651 3887 2861 3941 Etenim
2885 3888 3015 3942 dum
3061 3888 3201 3942 hanc
3242 3887 3561 3955 solemnita-

1987 3987 2118 4042 tem,
2152 3979 2313 4047 quasi
2349 3994 2453 4032 una
2487 3989 2696 4034 tantum
2731 3980 2822 4045 sit,
2859 3996 3024 4050 cum.»
3053 3981 3177 4036 aliis
3233 3973 3556 4050 comparare

1993 4071 2241 4133 instituo,
2264 4052 2383 4125 eam
2419 4084 2599 4125 autem
2642 4072 2911 4140 duplicem
2941 4072 3277 4138 sicinvenio,
3308 4082 3368 4126 ut
3397 4072 3563 4126 etiam

1982 4165 2151 4219 altera
2180 4175 2386 4219 tantum
2421 4166 2678 4236 suiparte
2696 4167 2818 4221 aliis
2850 4166 3559 4232 festivitatibusantecellat,

300 4263 414 4331 jam
458 4276 623 4328 prope
656 4261 708 4313 in
737 4275 803 4313 eo
836 4275 978 4323 sum,
1019 4270 1078 4313 ut
1101 4260 1258 4328 plane
1282 4261 1542 4326 nesciam,
1607 4261 1878 4329 quodnam
1919 4262 1985 4316 de
2014 4261 2224 4326 eadem,
2249 4277 2435 4316 secum
2469 4261 2582 4330 ipsa
2649 4261 2829 4332 quoad
2852 4272 3032 4331 partes
3092 4277 3219 4316 suas
3244 4261 3566 4329 eollata,ju-

313 4358 515 4410 dieium
552 4357 676 4409 ferri
707 4365 891 4425 queat,
921 4364 972 4410 et
1002 4358 1108 4410 utri
1163 4357 1398 4424 partium
1459 4357 1669 4410 ratione
1721 4357 1968 4411 miraculi
2033 4357 2256 4412 victoria
2315 4357 2677 4428 adjudicanda
2740 4358 2946 4426 sit,an
3000 4358 3209 4412 scilicet
3238 4359 3382 4428 quod
3402 4358 3566 4411 homo

313 4451 625 4520 apparuerit
656 4448 819 4510 Deus,
853 4464 922 4501 an
978 4463 1105 4501 vero
1156 4448 1302 4516 quod
1350 4447 1494 4502 Deus
1570 4447 1748 4503 factus
1812 4450 1883 4503 sit
1922 4450 2105 4504 homo.

378 4549 453 4601 Β.
503 4544 662 4598 Ἀλλά
700 4562 763 4611 γε
791 4543 852 4596 τὸ
899 4545 1017 4597 πᾶν
1049 4544 1432 4607 ἀναπτύσσων,
1481 4543 1580 4612 ἤδη
1613 4545 1709 4596 καὶ
1754 4561 1874 4613 τρια
1900 4547 1954 4605 D
2058 4545 2122 4602 V.
2158 4543 2484 4614 Quanquam
2512 4545 2558 4599 si
2591 4545 2764 4615 penita

2058 4545 2122 4602 V.
2158 4543 2484 4614 Quanquam
2512 4545 2558 4599 si
2591 4545 2807 4615 penitus
2844 4560 3036 4599 omnes
3092 4545 3331 4615 mysterii
3385 4555 3566 4613 partes

309 4641 450 4707 πλῆν
493 4637 748 4706 εὑρίσκω·
794 4635 887 4688 καὶ
922 4636 955 4706 ὴ
1007 4634 1188 4698 πίστις
1243 4635 1429 4702 ἐγγύς.
1469 4638 1543 4687 Ub
1573 4637 1682 4706 γὰρ
1716 4638 1879 4703 εὐαγ-

309 4734 493 4800 γέλια,
547 4737 641 4783 καὶ
691 4729 864 4782 ταῦτα
908 4729 1075 4782 διπλᾶ
1123 4730 1304 4798 μόνον,
1355 4729 1489 4782 ἀλλά
1531 4731 1624 4783 καὶ
1665 4729 1880 4798 φύσεως

311 4825 556 4895 ἐορτὰζω
587 4824 656 4875 τά
696 4823 1012 4892 νικητήρια,
1054 4822 1254 4891 μᾶλλον
1311 4821 1367 4874 δὲ
1417 4822 1657 4891 χάριτος
1714 4823 1746 4891 η
1784 4823 1882 4892 μὲν

315 4933 422 4986 γαρ
462 4917 718 4986 ἡττᾶται,
783 4916 818 4984 ἡ
848 4913 905 4966 δὲ
954 4915 1102 4984 νικᾷ.
1137 4912 1415 4984 Παρθένου
1461 4911 1720 4981 σύλληψιν
1743 4912 1882 4978 ἄγω,

315 5009 585 5078 παρθέὑου
617 5007 836 5076 κύησιν,
879 5006 1152 5077 παρθένου
1198 5006 1317 5075 μετ’
1349 5006 1529 5074 ὀλίγον
1561 5009 1652 5057 καὶ
1688 5005 1882 5074 γέννης-

316 5118 419 5152 σιν.
457 5099 733 5169 Παρθενία
771 5097 865 5148 καὶ
905 5097 1091 5166 γεννᾷ.
1135 5098 1228 5148 καὶ
1258 5097 1537 5162 γεννᾶταγ
1591 5097 1623 5166 η
1657 5095 1754 5164 μὲν
1793 5099 1882 5147 τὸν

311 5196 511 5259 Λόγον,
543 5193 576 5261 ἡ
603 5192 681 5252 δὲ,
713 5188 805 5241 τοῦ
832 5190 1006 5256 Λόγου
1033 5187 1468 5258 νομοθετοῦντος,
1498 5190 1591 5241 καὶ
1632 5189 1746 5256 μετ’
1773 5188 1883 5239 ὀλί-

313 5306 431 5354 γον,
466 5283 610 5361 ᾗπερ
644 5286 861 5354 ἐτέχθη,
897 5286 990 5337 καὶ
1022 5286 1160 5355 ὅπερ
1184 5286 1380 5354 ὲφάνη,
1413 5288 1505 5338 καὶ
1531 5286 1686 5338 τόκον
1709 5285 1885 5336 διδόν-·

313 5397 401 5442 τος
435 5382 545 5442 τοῖς
584 5378 931 5447 πειθομένοις
961 5379 1166 5447 ὅμοιον.
1214 5379 1352 5431 Νυνὶ
1399 5378 1454 5430 δέ
1483 5395 1571 5446 μοι
1597 5377 1880 5438 συλλάϐοις

310 5475 400 5528 τὸν
439 5475 597 5541 λόγον
622 5477 648 5525 ὁ
676 5473 768 5525 τοῦ
813 5473 988 5540 Λόγου
1020 5471 1118 5541 τὴν
1166 5470 1427 5540 σύλληψιν
1461 5471 1753 5539 ἑορτάζων,
1789 5470 1881 5520 καὶ

311 5566 543 5636 λογικῶς
570 5583 622 5618 τι
649 5566 776 5636 περὶ
803 5565 902 5634 τῆς
953 5566 1148 5634 ἑορτῆς
1188 5563 1592 5632 φιλοσοφήσας,
1639 5563 1702 5612 ἵν’
1799 5578 1880 5613 σοι

314 5663 408 5713 καὶ
432 5658 590 5712 τοῦτο
617 5658 728 5711 τῶν
765 5659 893 5731 περὶ
921 5657 1021 5727 τὴν
1054 5656 1244 5728 ἑορτὴν
1281 5645 1652 5732 εὐλογώτατον
1680 5672 1737 5704 τε
1766 5653 1879 5721 ἅμα

311 5753 405 5804 καὶ
426 5752 777 5804 οἰκειότατον.

1982 4639 2258 4714 eyolvero,
2292 4639 2456 4692 etiam
2478 4638 2744 4707 triplicem
2763 4638 2875 4707 jam
2904 4637 3123 4691 invenio
3160 4637 3301 4691 hanc
3329 4653 3450 4692 esse
3480 4637 3560 4692 fe—

1983 4731 2308 4794 suvitatem;
2342 4740 2395 4784 et
2432 4739 2516 4784 est
2538 4731 2587 4783 iii
2618 4741 2868 4798 promptu
2901 4743 3010 4798 quo
3039 4730 3089 4782 id
3117 4729 3561 4784 suadeatur.Non

1955 4814 1962 4822 ’
1982 4826 2125 4880 enim
2151 4823 2486 4876 faustissima
2506 4824 2593 4878 illa
2621 4824 2830 4888 nuntia,
2851 4837 3024 4892 eaque
3037 4822 3164 4876 bina
3185 4822 3560 4876 tantummodo

1986 4915 2304 4971 celebranda
2330 4925 2659 4980 occurrunt;
2695 4915 2788 4970 sed
2828 4915 3134 4984 triumphos
3165 4923 3422 4983 praeterea
3457 4930 3561 4968 ce-

1990 5009 2139 5092 lebro
2170 5016 2395 5072 naturze,
2425 5023 2517 5061 seu
2550 5009 2730 5076 potius
2755 5009 2972 5077 gratim;
2999 5007 3087 5060 illa
3137 5007 3280 5060 enim
3332 5023 3562 5074 supera-

1987 5089 2095 5164 lzur,
2131 5100 2243 5154 haec
2270 5109 2449 5154 autem
2483 5094 2816 5167 triuinphum
2871 5100 3001 5167 agit.
3067 5097 3337 5167 Virginem
3374 5100 3560 5152 conci-

1987 5193 2246 5262 pientem,
2283 5191 2548 5259 virginem
2581 5201 2735 5267 utero
2760 5200 3086 5261 gestantem,
3118 5192 3377 5259 virginem
3394 5192 3558 5258 paulo

1989 5294 2115 5354 post
2142 5283 2303 5336 etiam
2333 5283 2633 5350 parientem
2655 5283 2892 5337 celebro.
2930 5268 3222 5351 Virginius
3265 5292 3320 5333 et
3363 5282 3556 5349 gignit,

1987 5385 2040 5428 et
2070 5376 2304 5444 gignitur
2328 5390 2342 5438 ;
2383 5390 2506 5426 nam
2544 5376 2712 5444 gignit
2739 5376 2956 5443 quidem
2988 5390 3049 5428 ea
3072 5373 3308 5428 Verbum
3337 5391 3350 5437 ;
3376 5371 3555 5427 Verbo

1981 5477 2166 5520 autem
2193 5466 2503 5533 legislature
2530 5467 2693 5535 paulo
2733 5477 2853 5532 post
2876 5469 3040 5520 etiam
3081 5467 3339 5537 gignitur,
3368 5475 3560 5533 quate-

1981 5575 2085 5611 nus
2111 5558 2376 5626 ejusmodi
2397 5574 2612 5628 quoque
2636 5569 2847 5627 partum
2877 5560 3224 5613 credentibus
3251 5557 3424 5610 Verbo
3459 5573 3555 5611 eo-

1982 5652 2103 5703 dem
2137 5650 2780 5726 tribuenteqYirginitas,
2807 5653 2953 5722 quod
2986 5664 3038 5706 et
3061 5651 3349 5722 perspicue
3385 5634 3554 5720 appa-

1981 5744 2107 5796 ruit.
2149 5742 2351 5794 Inunilo
2378 5744 2596 5798 el'l‘ulsit.
2635 5743 2789 5799 Nunc
2825 5749 3005 5816 itaque
3036 5746 3289 5816 quisquis
3319 5760 3550 5816 cgneep-

317 5848 521 5904 tionem
557 5845 716 5900 Verbi
749 5844 1002 5914 praesenti
1032 5842 1378 5899 solemnitate
1437 5840 1705 5896 celebras.
1738 5853 2071 5898 sermonem,
2115 5851 2276 5906 quem
2334 5837 2620 5893 Illlbiillliln
2689 5857 2833 5905 sum,
2871 5841 2954 5895 far
2982 5843 3243 5908 excipias,
3303 5857 3364 5894 ar
3421 5839 3554 5895 sub-
