4252 6436
711 442 819 504 819

1958 439 1988 498 J
1996 437 2200 499 OANN
2211 437 2283 496 IS
2315 437 2750 497 GEOMETll/E

3855 422 3970 486 8‘20

705 567 854 606 mum
881 567 1117 623 namque
1133 563 1236 618 est,
1263 554 1432 622 ipsam
1468 567 1563 622 per
1599 551 1861 621 Spiritum
1906 561 2154 605 sanctum
2181 547 2292 617 jam
2325 551 2368 606 Δ

2291 572 2292 599 ι
2325 551 2368 606 Δ
2399 548 2520 602 σθαι
2551 547 2758 619 ταύτην
2786 547 2850 600 ἐκ
2900 546 3239 614 Πνεύματος,
3276 540 3371 593 καὶ
3423 538 3581 601 ἀξίαν
3633 536 3970 604 γεγενῆσθαι

702 644 874 712 gratia
893 646 1106 714 plenam
1128 643 1611 712 esse,diguamque
1626 655 1733 696 tam
1754 642 1999 712 angustis
2017 637 2286 709 sponsali-

706 736 810 791 bus
834 735 1079 791 ell‘eetam
1101 734 1289 790 fuisse.
1315 734 1359 790 Ο
1380 735 1520 789 elata
1539 734 1685 788 illius
1711 748 1875 804 supra
1906 742 2158 786 naturam
2183 743 2285 782 na-

707 841 850 894 tura,
894 844 998 882 non
1031 829 1227 882 anima:
1262 827 1462 891 solum,
1503 827 1596 882 sed
1638 827 1801 881 etiam
1825 823 2094 893 corporis,
2118 837 2282 890 quam

708 923 779 975 ob
811 936 924 976 rem
951 921 1190 990 Spiritus
1214 921 1388 975 sancti
1423 921 1677 974 virtutem
1728 918 1900 986 magis
1931 917 2091 970 etiam
2123 930 2284 984 quam

709 1022 910 1068 sanctte
932 1023 1255 1067 cacterorum
1287 1013 1482 1066 animm
1502 1011 1601 1066 sibi
1626 1009 1880 1064 attraxit!
1915 1008 1971 1061 In
2001 1007 2120 1061 istis
2142 1007 2286 1059 enim

710 1103 796 1155 vix
831 1103 959 1169 ipsa:
991 1117 1211 1171 quoque
1229 1103 1448 1166 animae,
1478 1110 1754 1168 utcunque
1781 1098 1972 1166 spiritu
1993 1097 2285 1151 admodum

708 1192 1034 1255 emundutm,
1065 1196 1261 1245 mirum
1299 1205 1459 1259 quam
1485 1189 1685 1258 exiguo
1713 1188 2000 1257 splendore
2031 1187 2284 1241 niterent.

713 1286 768 1339 lu
803 1286 903 1340 bac
939 1301 1067 1338 vero
1097 1285 1179 1338 vel
1211 1286 1324 1352 ipsa
1359 1296 1489 1336 caro
1514 1280 1868 1350 plenitudinis
1900 1279 2138 1348 Spiritus
2188 1278 2289 1332 do-

715 1377 976 1430 micilium
1007 1375 1127 1435 fuit,
1165 1374 1393 1441 Filiiqne
1435 1370 1677 1433 ollicina,
1737 1385 1832 1424 seu
1890 1370 2067 1438 potius
2115 1371 2287 1437 ipsam

715 1469 844 1523 huic
875 1466 1154 1520 materiam
1190 1465 1436 1534 praebuit,
1462 1475 1515 1518 et
1539 1464 1773 1533 puritate
1807 1462 2146 1530 temperavit.

795 1559 886 1615 ΧΙ.
931 1559 1123 1613 Verum
1159 1558 1260 1611 ista
1297 1558 1518 1626 quidem
1573 1556 1636 1608 ad
1695 1569 1947 1621 Sponsam
2001 1553 2288 1622 pertinent.

722 1651 874 1724 [Haec
901 1660 1052 1714 sunt,
1087 1651 1152 1704 de
1174 1650 1375 1717 quibus
1407 1646 1676 1716 (angelus)
1716 1645 1922 1712 Virgini
1954 1644 2111 1697 ﬁdem
2140 1642 2292 1714 facit]

717 1741 874 1810 Quod
936 1756 1063 1795 vero
1095 1749 1317 1810 prOpter
1360 1739 1576 1791 dolores
1621 1734 1751 1789 olim
1804 1735 2100 1789 iutentatos
2129 1735 2150 1764 ⁸
2207 1732 2293 1804 [ac

716 1847 938 1908 propter
976 1845 1212 1891 veterem
1256 1834 1400 1886 illam
1435 1829 1762 1885 sententiam
1801 1827 2142 1891 solvendam,
2193 1827 2294 1881 hoc

2392 640 2560 694 τῶνδε
2600 641 2709 692 τῶν
2742 637 3172 708 νυμφευμάτων.
3214 635 3281 686 Ὢ
3317 632 3413 700 τῆς
3448 630 3588 698 ὑπὲρ
3619 629 3780 697 φύσιν
3819 629 3964 678 ὲκεί-

2395 752 2493 804 νης
2525 733 2758 802 φύσεως,
2795 733 2855 786 ού
2886 730 3068 800 ψυχῆς
3105 729 3290 798 μόνον,
3315 725 3454 779 ἀλλὰ
3482 725 3578 776 καὶ
3617 723 3894 789 σώματος,
3937 721 3974 790 ἢ

2397 828 2490 879 καὶ
2538 825 2701 878 πλέον
2754 825 2865 878 τῶν
2907 825 3038 892 παρ’
3085 822 3267 881 ἄλλοις
3317 817 3489 883 ἁγίων
3527 815 3715 886 ψυχῶν
3749 815 3964 866 ἔσπασε

2395 920 2490 972 τοῦ
2523 917 2844 985 Πνεύματος
2866 916 2965 985 τὴν
2995 915 3297 984 ἐνέργειαν.
3338 909 3455 965 Ἐπ’
3481 909 3706 962 ἐκείνοιν
3735 907 3834 976 μὲν
3863 907 3976 974 γὰρ

2400 1011 2550 1081 μόλις
2581 1011 2674 1064 καὶ
2701 1009 2758 1062 al
2795 1008 2989 1079 ψυχαὶ,
3041 1008 3136 1060 καὶ
3190 998 3354 1059 α’ὗται
3392 1002 3510 1054 λίαν
3554 997 3975 1068 κεκαθαρμέναι

2394 1103 2473 1170 τῷ
2515 1101 2814 1170 Πνεύματι,
2843 1099 3043 1170 μικρὸν
3088 1098 3213 1150 ὅσον
3247 1093 3762 1164 περιελάμφθησανο
3799 1087 3977 1157 ταύτῃ

2395 1194 2452 1246 δὲ
2484 1195 2578 1248 καὶ
2610 1194 2643 1262 ἠ
2676 1191 2813 1261 σὰρξ
2865 1191 2991 1244 ὅλου
3030 1187 3125 1242 τοῦ
3180 1185 3500 1254 Πνεύματος
3528 1183 3844 1252 οἰκητήριον
3879 1180 3974 1231 καὶ

2395 1285 2759 1354 ἐργαστήριον
2795 1281 2889 1335 τοῦ
2931 1281 3085 1334 Υἱοῦ·
3116 1280 3317 1349 μᾶλλον
3362 1277 3419 1329 δὲ
3445 1275 3540 1328 καὶ
3571 1272 3669 1343 τὴν
3709 1272 3846 1340 ὓλην
3873 1269 3977 1322 αὖ·

2395 1373 2495 1442 τὴν
2513 1373 2662 1444 αύτῷ
2684 1372 3060 1444 παρεχομένη.
3086 1370 3181 1423 καὶ
3208 1363 3631 1435 συγκιρνωμένη
3655 1363 3744 1415 διὰ
3772 1359 3982 1428 καθάρ-

2397 1482 2557 1526 σεως.

2475 1554 2579 1608 IA'.
2622 1553 2786 1605 Ἀλλὰ
2817 1551 2991 1606 ταῦτα
3023 1550 3123 1621 μὲν
3168 1550 3235 1601 τὰ
3265 1550 3364 1616 τῆς
3392 1547 3636 1616 νύμφης.
3665 1542 3873 1615 [Τοῦτο
3903 1543 3972 1609 τῇ

2399 1647 2539 1716 κόρῃ
2577 1643 2894 1716 μαρτυρεῖ.]
2923 1643 2996 1695 Τὸ
3025 1642 3082 1695 δὲ
3130 1641 3227 1694 καὶ
3269 1640 3444 1709 αὐτὴν
3476 1637 3614 1706 αὐτῇ
3647 1633 3974 1705 χαρίζεσθαι

2399 1739 2498 1807 τὴν
2529 1737 2701 1808 χαρὰν
2738 1734 2846 1807 [διὰ
2870 1734 2968 1805 τὴν
2998 1733 3165 1787 πάλαι
3197 1731 3399 1802 λύπην,
3437 1730 3533 1782 καὶ
3569 1728 3668 1799 τὴν
3696 1725 3853 1778 λύσιν
3879 1723 3982 1789 τῆς

2401 1830 2752 1897 ἀποφάσεως,
2778 1825 2937 1879 τοῦτο
2964 1828 2996 1894 ἠ
3035 1823 3360 1890 ἐπαγγελία.
3384 1821 3494 1874 Καὶ
3526 1819 3589 1872 τὸ
3615 1821 3734 1886 μὲν,
3768 1817 3972 1884 Χαῖρε,

717 1931 882 1985 etiam
911 1927 1165 1998 gaudium
1199 1925 1297 1994 ipsi
1334 1923 1575 1992 jucunde
1603 1921 1879 1982 exhibeat,
1913 1921 1978 1974 ad
2029 1918 2294 1987 pollicita-
2329 1914 2369 1970 Β

2329 1914 2369 1970 Β
2399 1923 2565 1973 οἱονεὶ¹
2593 1919 2868 1988 μνῆστρον
2915 1915 3010 1968 τοῦ
3045 1914 3279 1985 νυμφίου
3310 1913 3436 1978 ,καὶ
3483 1911 3765 1982 ἀρραϐών·
3800 1909 3862 1962 τὸ
3901 1910 3980 1972 δὲ,

718 2023 898 2078 tiones
931 2020 981 2074 id
1019 2019 1272 2089 pertinet.
1312 2017 1375 2070 Et
1402 2016 1531 2068 illud
1552 2014 1771 2084 quidem
1805 2013 1930 2076 Ave,
1979 2014 2138 2081 quasi
2197 2027 2303 2065 nu-

728 2114 894 2185 ptiale
928 2112 1113 2182 sponsi
1143 2125 1342 2164 munus
1376 2118 1482 2174 est,
1513 2116 1568 2162 et
1592 2106 1752 2161 arrba
1783 2104 1965 2172 ;quod
1997 2115 2178 2158 autem
2225 2103 2306 2158 ni-

723 2217 837 2260 tore
858 2206 1116 2258 virtutum
1137 2202 1250 2271 ipsa
1269 2201 1332 2254 sit
1354 2201 1526 2270 gratia
1543 2199 1718 2268 plena,
1739 2198 1821 2251 ba:
1849 2207 1977 2251 sunt
1993 2212 2206 2265 sponsa:
2225 2195 2306 2250 di—

721 2299 885 2354 vitim.
919 2296 1022 2351 Sed
1051 2305 1105 2351 et
1132 2295 1293 2358 illud,
1331 2293 1589 2348 Dominus
1617 2303 1785 2345 tecum
1810 2329 1824 2355 ,
1855 2293 1956 2344 hoc
1983 2291 2158 2360 ipsum
2211 2305 2309 2359 po-

2404 2010 2805 2082 κεχαριτῶσοαι
2861 2009 2981 2070 ταῖς
3044 2007 3287 2077 ἀρεταῖς,
3347 2003 3506 2058 τοῦτο
3567 2003 3664 2071 τῆς
3702 2001 3925 2070 νύμφης
3959 2001 3989 2052 ὁ

2407 2105 2656 2167 πλοῦτος.
2697 2102 2772 2156 Τὸ
2802 2101 2856 2155 δὲ
2886 2104 2980 2155 καὶ
3009 2101 3072 2152 ⁸0
3091 2100 3307 2167 Κύριος
3331 2099 3481 2168 μετὰ
3519 2095 3658 2155 σοῦ,
3705 2093 3836 2146 αὑτό
3887 2092 3989 2159 τῆς

2407 2197 2740 2266 ἐπαγγελίας
2763 2197 2825 2249 τὺ
2857 2194 3032 2258 τέλος,
3057 2192 3221 2256 αὐτὸς
3265 2195 3293 2245 ὁ
3326 2190 3559 2260 νυμφίος
3604 2188 3851 2255 εὔλογος,
3909 2185 3988 2245 ὡς

2410 2290 2586 2358 Λόγος
2612 2288 2703 2341 διὰ
2730 2288 2890 2356 λόγου
2935 2286 3031 2339 καὶ
3066 2285 3164 2338 σὺν
3192 2284 3270 2354 τῷ
3311 2283 3458 2354 λόγῳ
3503 2281 3597 2334 καὶ
3653 2280 3796 2350 ὑπὲρ
3831 2278 3994 2343 λόγον

740 2390 1016 2443 tissimum
1059 2396 1162 2450 est,
1191 2386 1334 2451 quod
1397 2383 1763 2454 promittitur,
1834 2382 2155 2437 benedictus
2189 2384 2304 2451 ipse
2401 2402 2419 2436 σι

2401 2382 2499 2454 τὴν
2533 2382 2724 2434 ἕνωσιν
2755 2377 3144 2449 ἐργαζόμενος·
3181 2378 3262 2446 (τὸ
3288 2377 3345 2429 δὲ
3367 2379 3462 2429 καὶ
3491 2373 3606 2444 μετ’
3629 2373 3801 2438 αὐτῆς
3829 2369 3992 2423 αὐτὸν

725 2498 981 2553 sponsus,
1001 2480 1092 2549 qui
1136 2489 1393 2547 tauquam
1437 2475 1671 2530 Verbum
1723 2489 1817 2544 per
1863 2476 2103 2528 verbum
2156 2474 2306 2528 etsi-

730 2575 840 2629 ntul
868 2589 993 2629 cum
1023 2572 1188 2626 verbo
1217 2581 1270 2624 et
1304 2583 1466 2638 supra
1506 2583 1672 2638 quam
1705 2567 1887 2621 verbis
1927 2565 2078 2620 ell‘ari
2126 2565 2307 2629 liccat,

727 2667 1167 2737 conjunctionem
1190 2666 1530 2730 exsequitur,
1574 2662 1645 2730 (et
1687 2661 1831 2730 quod
1873 2671 2129 2730 praeterea
2187 2675 2310 2713 eum

729 2775 794 2816 ea
843 2760 958 2829 ipse
994 2766 1330 2828 permaneat,
1354 2756 1457 2809 hoc
1490 2755 1630 2808 idem
1649 2764 1734 2808 est
1763 2768 1924 2808 omne
1987 2756 2212 2814 donum,
2260 2755 2310 2805 in

733 2851 840 2905 hoc
862 2855 991 2902 sunt
1012 2860 1200 2899 omnes
1231 2844 1417 2910 sponsi
1449 2843 1674 2904 divitiae,
1714 2851 1773 2895 ιιι
1809 2856 2010 2908 Sponsa
2035 2856 2296 2908 sponsum

735 2940 914 3010 ipsum
949 2937 1189 3000 habeat).
1250 2932 1315 2988 Et
1346 2932 1463 3002 ipse
1483 2931 1705 3000 quidem
1758 2945 1996 3001 sponsus
2057 2931 2220 2986 simul
2259 2942 2314 2985 et

734 3031 898 3086 Pater
927 3026 1107 3083 evadit
1125 3033 1180 3080 et
1206 3023 1398 3086 Filius,
1421 3023 1622 3093 quippe
1645 3021 1739 3092 qui
1764 3031 1818 3076 et
1843 3023 1957 3090 ipse
1978 3032 2130 3075 sator
2158 3030 2241 3075 est
2259 3030 2314 3076 et

737 3124 854 3192 ipse
880 3130 1056 3185 satus,
1085 3133 1180 3173 seu
1204 3117 1407 3185 potius,
1445 3112 1612 3170 veluti
1668 3114 1956 3182 coagulum
1989 3113 2190 3168 virtute
2211 3129 2311 3167 sua

2405 2473 2677 2542 γενέσθαι,
2697 2472 2856 2524 τοῦτο
2875 2470 2935 2522 τὸ
2963 2469 3136 2539 δῶρον
3163 2469 3290 2530 πᾶν,
3323 2466 3480 2518 τοῦτο
3506 2465 3614 2524 πᾶς
3647 2464 3674 2516 ὁ
3710 2461 3802 2514 τοῦ
3852 2477 3993 2527 νυμο

2409 2567 2534 2635 φίου
2596 2564 2847 2628 πλοῦτος,
2904 2565 2970 2633 τῇ
3019 2561 3210 2632 νύμφῃ
3266 2559 3430 2621 αὐτὸς
3490 2560 3518 2610 ὁ
3566 2555 3847 2625 νυμερίος.)
3881 2554 3996 2606 Καὶ

2413 2659 2645 2730 νυμφίος
2680 2659 2709 2709 ὁ
2739 2658 2899 2719 αὐτὸς
2941 2655 3079 2724 ὁμοῦ
3121 2654 3214 2707 καὶ
3254 2652 3443 2722 Πατὴρ
3485 2650 3580 2703 καὶ
3613 2649 3739 2710 Υἱὸς
3769 2647 3999 2714 γινόμε-

2417 2768 2528 2814 νος,
2562 2751 2637 2813 ὡς
2676 2749 2838 2810 αὐτὸς
2869 2750 2967 2817 μὲν
2998 2745 3261 2816 σπείρων,
3296 2743 3458 2804 αὐτὸς
3511 2741 3568 2792 δὲ
3610 2738 3999 2807 σπειρόμενος,

2421 2842 2623 2911 μᾶλλον
2654 2843 2734 2905 δὲ,
2765 2839 2954 2909 ὥσπερ
3016 2838 3149 2900 ὀπὸς
3198 2836 3359 2903 γάλα,
3404 2834 3505 2905 τὴν
3550 2832 3679 2901 ὃλην
3707 2829 3870 2898 φύσιν
3919 2847 4004 2880 νι-

2420 2935 2555 2997 κῶν,
2582 2937 2676 2988 καὶ
2711 2932 2892 3003 ἐαυτῷ
2923 2930 3331 3003 περιπλάττων.
3366 2922 3493 2981 Οἷον
3520 2925 3576 2978 δὲ
3609 2925 3702 2977 καὶ
3741 2923 3802 2974 τὸ
3828 2923 4000 2989 ἀκρο-

2418 3025 2720 3078 τελεύτιονί
2755 3023 2832 3088 ὡς
2867 3019 3243 3092 πληρὲστατόν
3271 3035 3330 3072 τε
3366 3019 3483 3086 ἅμα
3518 3015 3614 3069 καὶ
3644 3009 4000 3080 συντομώτα-

2420 3135 2512 3171 τον
2535 3117 2576 3189 ί]

733 3215 818 3269 lac
844 3211 1187 3280 constringit,
1223 3211 1338 3279 ipse
1373 3208 1638 3277 integram
1665 3207 1771 3261 sibi
1795 3206 2018 3275 subjicit
2068 3214 2343 3272 naturam,
2385 3225 2615 3280 eamque
2642 3209 2939 3265 ell‘ormans
3005 3206 3108 3261 sibi
3143 3202 3471 3261 circumdat.
3497 3198 3689 3266 Qualis
3716 3209 3885 3268 porro
3915 3205 4004 3249 est

736 3316 792 3361 et
810 3305 886 3360 rei
914 3304 1114 3367 exitus,
1154 3316 1319 3372 quam
1352 3301 1681 3356 immensum
1713 3299 1877 3353 simul
1917 3314 2055 3367 opus
2107 3306 2192 3353 est
2221 3342 2234 3362 ,
2258 3311 2312 3354 et
2351 3303 2588 3356 maxime
2621 3295 3124 3371 compendiosum}

803 3397 1115 3472 [Benedicta
1157 3407 1208 3450 tu
1233 3397 1288 3450 in
1320 3395 1653 3458 mulieribus,
1684 3404 1872 3463 aperte
1910 3409 2019 3464 prae
2055 3395 2312 3449 omnibus
2342 3407 2383 3462 c

739 3494 947 3563 pariter
983 3490 1331 3544 mulieribus.
1368 3487 1474 3542 Sed
1512 3496 1568 3542 et
1599 3487 1900 3542 benedicta:
1934 3501 2159 3554 prorsus
2185 3486 2238 3539 in
2268 3498 2318 3541 te

741 3583 1021 3643 mulieres,
1053 3579 1515 3650 quemadmodum
1555 3589 1607 3633 et
1633 3579 1736 3632 viri
1773 3579 1826 3633 in
1850 3577 1991 3632 Filio
2037 3589 2167 3642 tuo;
2223 3595 2318 3632 seu

745 3675 925 3743 potius
959 3671 1232 3727 benedicti
1266 3671 1486 3739 utrique
1539 3670 1595 3723 in
1646 3679 1900 3738 utroque.
1953 3670 2126 3723 Sicuti
2175 3671 2321 3723 enim

747 3783 843 3836 per
878 3782 1040 3820 unam
1069 3775 1123 3819 et
1155 3780 1249 3834 per
1272 3780 1463 3828 unum,
1492 3763 1772 3818 mulierem
1806 3762 2016 3817 scilicet
2041 3773 2097 3817 et
2120 3763 2322 3828 virum,

749 3856 1061 3911 maledictio
1088 3864 1142 3908 et
1169 3853 1372 3916 luctus,
1406 3852 1487 3907 sic
1512 3851 1677 3907 etiam
1731 3867 1880 3906 nunc
1911 3866 2006 3920 per
2059 3867 2229 3906 unum
2271 3861 2326 3906 et

747 3966 842 4019 per
871 3964 1032 4004 unam
1054 3958 1108 4002 et
1134 3946 1437 4001 benedictio
1457 3955 1509 3999 et
1534 3944 1793 4016 gaudium
1815 3945 1980 3998 etiam
2003 3944 2058 3999 in
2083 3944 2324 4014 reliquos

749 4055 943 4094 omnes
971 4037 1202 4094 cll'usum
1225 4045 1309 4092 est
1340 4035 1475 4108 (ι).]

820 4149 938 4206 Xll.
968 4149 1167 4204 \‘erum
1201 4149 1289 4204 hic
1313 4150 1568 4211 observa,
1608 4145 1883 4217 quomodo
1917 4145 2208 4216 precantia
2223 4144 2328 4206 iata

752 4244 994 4313 antiquis
1020 4242 1125 4296 illis
1154 4241 1338 4295 omnia
1367 4256 1432 4296 es
1460 4233 1695 4296 adverso
1722 4254 1781 4294 se
1814 4239 2072 4294 habeant.
2096 4235 2231 4300 Illic,
2263 4234 2330 4293 In

752 4336 936 4389 dolore
964 4335 1137 4403 paries
1157 4333 1334 4402 ﬁlios,“
1363 4350 1378 4397 ;
1414 4332 1522 4394 ltie,
1560 4330 1684 4394 Ave,
1709 4329 2058 4395 ettristitiam
2082 4328 2329 4397 eiiciens,

755 4439 808 4481 et.
843 4427 1084 4479 Iretitiam
1113 4424 1363 4477 invicem
1409 4424 1556 4476 illius
1613 4421 1880 4475 inducens
1909 4419 2059 4484 ;illic
2108 4419 2332 4473 tristitia

757 4519 913 4590 prmit
944 4517 1206 4587 parientis
1239 4515 1542 4574 doloribus,
1576 4511 1798 4565 dolores
1850 4524 1982 4564 vero
2051 4510 2330 4564 tristitiam

755 4611 1038 4681 excipiunt
1067 4627 1082 4674 ;
1113 4609 1422 4674 iterumque
1444 4604 1664 4658 dolores
1689 4602 1909 4656 tristitia
1928 4601 2334 4670 excipit,tristi-

758 4705 1003 4771 tiamque
1033 4701 1251 4755 dolores
1275 4697 1520 4769 [acjugis
1540 4709 1908 4750 aerumnarum
1945 4691 2292 4762 vicissitudo]
2318 4711 2332 4759 ;

2491 3395 2911 3468 [Εὐλογημένη
2939 3393 3021 3448 σὺ
3061 3392 3132 3445 ἐν
3165 3389 3429 3460 γυναιξὶ,
3464 3385 3616 3454 παρὰ
3657 3381 3838 3442 πάσας
3864 3378 4009 3449 ὁμοῦ

2423 3491 2626 3560 δηλαδὴ
2653 3490 2751 3551 τὰς
2774 3490 3060 3557 γυναῖκας.
3109 3484 3270 3539 Ἀλλὰ
3319 3484 3416 3537 καὶ
3453 3476 3820 3547 εὐλογημέναι
3867 3471 4010 3525 πάν-

2423 3601 2531 3644 τως
2557 3585 2615 3634 ἐν
2645 3582 2728 3635 σοὶ
2760 3583 2816 3635 αἱ
2857 3581 3138 3647 γυναῖκες,
3171 3575 3431 3644 καθάπερ
3485 3573 3583 3626 καὶ
3632 3570 3680 3621 οἱ
3724 3567 3920 3635 ἄνδρες
3950 3565 4012 3616 ἐν

2423 3676 2502 3743 τῷ
2535 3674 2668 3743 Υἱῷ·
2709 3673 2910 3744 μᾶλλον
2966 3671 3023 3724 δὲ
3057 3671 3151 3723 καὶ
3194 3671 3251 3722 ἑν
3304 3665 3638 3738 ἀμφοτέροις
3673 3659 4004 3729 ἀμφότεροι.

2426 3764 2696 3834 Καθάπερ
2728 3764 2836 3831 γὰρ
2867 3761 2955 3814 διὰ
2997 3760 3124 3828 μιᾶς
3153 3757 3250 3812 καὶ
3279 3757 3420 3820 ἑνὸς,
3463 3751 3722 3822 γυναικὸς
3749 3749 3846 3802 καί⁵
3906 3749 4006 3798 ἁνο

2426 3855 2571 3923 δρὸς,
2604 3854 2638 3923 ἠ
2686 3854 2794 3922 ἀρὰ
2837 3852 2929 3904 καὶ
2961 3849 3129 3919 λύπη,
3160 3849 3304 3900 οὓτω
3333 3846 3426 3900 καὶ
3479 3843 3574 3898 νῦν
3610 3841 3700 3895 διὰ
3747 3839 3877 3908 μιᾶς
3911 3835 4012 3890 καὶ

2429 3946 2546 4007 ἐνὸς
2585 3947 2618 4013 ἠ
2649 3943 2870 4012 εὐλογία
2923 3959 2983 3997 τε
3012 3941 3107 3995 καὶ
3130 3941 3276 4012 χαρά
3315 3939 3412 3993 καὶ
3446 3937 3559 3999 τοῖς
3586 3933 3767 3994 ἄλλοις
3828 3931 4010 3984 annos

2429 4037 2691 4108 διεδόθη.]

2505 4145 2604 4200 lB’.
2653 4144 2793 4199 Ἀλλ’
2831 4145 2954 4216 ὅρα,
2983 4144 3103 4206 πῶς
3150 4141 3408 4197 ἀντίθετα
3457 4140 3572 4201 τοῖς
3618 4136 3786 4190 πάλαι
3824 4133 4012 4186 πάντα

2431 4238 2502 4294 τὰ
2534 4237 2649 4293 νῦν.
2693 4239 2860 4301 Ἐκεῖ,
2910 4237 3014 4291 Ἐν
3044 4236 3272 4298 λύπαις
3317 4233 3462 4299 τέξῃ
3510 4231 3715 4284 τέκνα·
3749 4223 4015 4283 ἐνταῦθα,

2432 4328 2628 4397 Χαῖρε,
2653 4327 2748 4381 καὶ
2765 4327 2865 4397 τὴν
2892 4325 3070 4394 λύπην
3090 4322 3390 4381 ἐκϐάλλων,
3418 4319 3514 4372 καὶ
3541 4314 3884 4381 ἀντεισάγων
3911 4310 4017 4379 τὴν

2434 4418 2776 4490 ἀγαλλίασινο
2822 4419 2958 4480 ὲκεῐ,
2991 4414 3161 4468 λύπαι
3192 4413 3290 4484 μὲν
3312 4407 3724 4481 προηγούμεναι
3741 4403 3852 4456 τῶν
3882 4399 4016 4452 ὠδί-

2435 4529 2562 4579 νων,
2586 4511 2774 4572 ὠδῖνες
2790 4507 2848 4562 δὲ
2862 4509 2960 4571 τὰς
2977 4507 3155 4570 λύπας
3175 4503 3568 4573 διαδεχόμεναι·
3595 4497 3690 4551 καὶ
3715 4495 3879 4548 πάλιν
3916 4491 4020 4554 τὰς

2435 4603 2632 4663 ὠδῖνας
2675 4599 2864 4663 λύπαι,
2895 4598 2990 4650 καὶ
3039 4596 3141 4659 τὰς
3196 4593 3373 4654 λύπας
3423 4587 3761 4658 ὼδῖνες[καὶ
3808 4581 4015 4643 κύκλος

2441 4689 2787 4762 συμφορῶν·]
2820 4689 2904 4741 ἀεὶ
2949 4687 3059 4757 γὰρ
3102 4685 3142 4753 ἠ
3194 4678 3551 4749 ἀποστροφὴ
3583 4677 3732 4743 πρὸς
3777 4673 3888 4726 τὸν
3916 4671 4023 4723 ἇν-

758 4810 975 4866 semper
1003 4795 1148 4848 enim
1207 4792 1276 4844 ad
1312 4792 1482 4844 virum
1533 4787 1799 4840 conversio
1821 4786 1841 4817 "
1877 4828 1892 4849 ,
1917 4793 1972 4840 et
2015 4795 2335 4854 conceptus,
2370 4771 2414 4824 Ῑ)

2370 4771 2414 4824 Ῑ)
2442 4784 2576 4850 δρα,
2635 4781 2731 4835 καὶ
2773 4783 2808 4850 ἡ
2857 4777 3139 4848 σύλληψις,
3193 4775 3290 4828 καὶ
3339 4775 3374 4843 ἡ
3424 4768 3718 4838 ὲπικύησις
3767 4767 3868 4820 καὶ
3908 4765 4023 4817 τῶν

761 4889 1004 4945 ﬁliorum
1036 4885 1201 4940 simul
1228 4900 1292 4938 ac
1319 4883 1568 4937 dolorum
1602 4879 1834 4948 gestatio
1863 4919 1876 4938 ,
1947 4875 2035 4929 ltic
2109 4891 2240 4929 vero
2275 4884 2333 4928 et

760 4982 1020 5052 gaudium
1044 4978 1335 5049 puerperio
1359 4982 1572 5046 praeest,
1607 4979 1662 5025 et
1694 4969 1893 5036 gaudio
1924 4967 2038 5037 ipsa
2070 4976 2152 5020 est
2207 4965 2335 5020 obs-

760 5073 923 5128 tetrix
950 5071 1145 5142 gratia,
1171 5078 1226 5121 et
1257 5077 1369 5121 tum
1407 5061 1639 5134 gestatio
1671 5059 1877 5122 suavis,
1905 5069 1960 5112 et
2001 5058 2220 5111 suavior
2251 5056 2334 5109 di-

2445 4876 2655 4928 τέκνων
2706 4872 2822 4941 ἅμα
2878 4872 2973 4924 καὶ
3028 4869 3138 4923 τῶν
3167 4867 3391 4920 ὠδίνωνο
3442 4861 3678 4917 ἐνταῦθα
3715 4857 3859 4929 χαρὰ
3916 4857 4020 4924 μὲν

2444 4966 2683 5036 ἡγήτρια
2709 4961 2817 5015 τῶν
2861 4961 3087 5014 ὠδίνωνο
3119 4958 3222 5028 τῆς
3260 4956 3317 5009 δὲ
3348 4955 3525 5026 χαρᾶς
3572 4954 3606 5022 ἠ
3659 4951 3821 5021 χάρις
3874 4947 4020 5015 αὐτὴ

2447 5055 2757 5127 μαιεύτρια,
2789 5055 2884 5107 καὶ
2914 5053 3143 5121 γλυκεῖα
3180 5048 3278 5119 μὲν
3307 5049 3340 5114 ἡ
3372 5045 3663 5118 κυοφορία,
3700 5038 4020 5111 γλυκυτέρα

833 5271 856 5303 ⁸
880 5267 1016 5325 Gen.
1045 5283 1130 5333 ιιι,
1166 5265 1250 5319 16.
1285 5258 1653 5330 Multiplicabo
1674 5271 1937 5311 wrumnas
1972 5255 2225 5312 tuas...'et
2252 5253 2304 5306 in
2328 5253 2505 5306 dolore
2533 5252 2706 5320 paries
2730 5250 2890 5318 ﬁlios.
2967 5251 2988 5281 ‘
3015 5249 3147 5303 ibid.
3221 5249 3242 5281 "
3270 5245 3405 5301 ibid.

840 5453 920 5523 (l)
954 5449 1092 5505 Tota
1129 5449 1244 5502 base
1279 5448 1650 5518 paragraphus
1692 5446 1771 5523 s_i_c
1814 5441 2004 5513 paucis
2054 5439 2342 5523 exhibetur

769 5526 824 5578 in
849 5515 921 5576 'S.
961 5523 1186 5574 'l‘ltonue
1225 5515 1608 5572 catena'aurea
1646 5535 1658 5569 ε
1698 5515 1814 5569 Hoc
1856 5523 2032 5566 autem
2065 5524 2142 5564 est
2175 5518 2341 5562 totunt

772 5593 1054 5664 legationis
1074 5590 1536 5664 complementum.
1569 5586 1662 5639 Dei
1685 5588 1821 5664 enim
1850 5582 2074 5636 Verbum
2105 5589 2159 5632 ut
2186 5596 2344 5659 spon-

771 5652 858 5719 stis
891 5659 1054 5729 supra
1074 5652 1340 5713 rationem
1390 5659 1631 5711 unionem
1655 5657 1897 5725 efficiens.
1927 5664 2194 5718 tamquam
2235 5652 2343 5729 ipse

772 5720 1345 5803 germinansidemque
1390 5720 1935 5803 gerrninqttts_.ntotam
1966 5731 2211 5774 naturam
2240 5720 2340 5801 liu-

774 5791 987 5856 inanem
1029 5802 1129 5855 sibi
1161 5791 1272 5866 ipsi
1297 5791 1660 5868 con-formarit.
1699 5795 1950 5868 Ultimum
1985 5808 2102 5846 vero
2115 5791 2341 5868 ponitur

777 5885 1043 5942 tamquam
1074 5861 1507 5941 perfectissimum
1538 5882 1586 5924 ct
1622 5866 2040 5934 corripendiosunt
2069 5879 2084 5915 :
2114 5861 2341 5917 Benedi-

2449 5446 2535 5491 cta
2565 5444 2619 5488 tu
2652 5434 2706 5488 in
2741 5433 3063 5488 mulieribus
3096 5447 3242 5486 :una
3280 5427 3478 5480 scilicet
3519 5439 3631 5494 prce
3666 5424 3868 5476 cunctis
3909 5438 4032 5474 mu-

2441 5506 2656 5560 lieribus
2687 5522 2704 5555 :
2728 5517 2784 5558 ut
2822 5506 2984 5557 etiam
3017 5502 3392 5555 benedicuntur
3419 5498 3475 5549 iu
3516 5506 3564 5550 te
3590 5496 3860 5558 mulieres,
3893 5494 4034 5544 sicut

2441 5594 2612 5631 κιαι-εδ
2650 5578 2702 5628 in
2731 5576 2868 5643 ﬁlio,
2910 5576 2999 5628 sed
3038 5575 3206 5642 magis
3247 5581 3462 5637 uterque
3489 5568 3542 5619 in
3573 5567 3832 5633 utrisque.
3878 5561 4033 5615 Velut

2440 5650 2581 5702 enim
2627 5663 2718 5716 per
2764 5660 2925 5716 unum
2970 5644 3220 5712 fetniuant
3247 5650 3295 5694 et
3326 5654 3486 5691 unum
3519 5652 3720 5688 marem
3752 5643 4032 5700 peccatum

2442 5717 2603 5772 simul
2627 5712 2693 5770 ἐι
2744 5714 2965 5767 tristitia
2997 5714 3252 5775 intravit;
3293 5712 3368 5764 sic
3404 5717 3452 5760 et
3495 5722 3632 5758 nunc
3656 5721 3746 5773 per
3785 5714 4034 5775 unanret

2443 5806 2605 5842 unum
2634 5786 2922 5840 benedictio
2948 5795 3186 5839 revocata
3211 5773 3348 5838 estet
3365 5779 3575 5842 lwtitia,
3603 5787 3651 5831 ct
3683 5776 3750 5830 ad
3783 5773 4033 5843 singulos

2441 5870 2518 5915 est
2552 5858 2798 5928 profusa.
