4252 6436
313 453 410 514 821

911 563 936 576 υ

1098 459 1351 518 SERMO
1396 461 1471 519 IN
1516 461 1614 519 SS.
1662 463 2010 523 DEII'AILIE
2048 467 2764 532 ΑΝΝΗΝΤΙΑἹῚΟΝΕΜ.

3449 472 3555 535 89.2

314 567 367 616 δὲ
400 563 729 633 ήθεοτοκία,
751 563 847 616 καὶ
877 563 972 634 τῆς
1005 565 1275 634 κοσμικῆς
1308 565 1558 628 εύτοκίας
1580 567 1880 638 αὐτουργὸς
1913 580 1954 633 Α

1874 580 1954 633 ςΛ
1993 573 2148 628 vinus
2205 575 2292 628 ille
2319 584 2525 642 partus,
2559 577 2650 644 qni
2713 575 2880 629 totitts
2961 575 3147 630 mundi
3213 577 3553 638 fecunditatis

315 656 454 724 ομιῦ
488 657 579 709 καὶ
610 657 966 725 προάγγελος.

392 750 489 802 ll".
526 750 696 820 [Ὅρα
731 767 821 819 μοι
865 748 964 817 τῆς
1010 749 1289 820 Παρθένου
1332 753 1430 821 τὴν
1481 751 1728 822 καθαρὰν
1786 753 1885 804 καὶ

317 841 487 910 σοφὴν
529 842 623 894 καὶ
655 841 834 912 ψυχὴν
859 841 996 911 ὁμοῦ
1031 845 1124 896 καὶ
1156 845 1359 913 φωνήν.
1414 845 1606 914 Χαρὲιν
1649 845 1886 898 ἀκούσα-

317 951 409 996 σα,
441 934 539 1004 οὐχ
575 933 798 1003 ἦπλωσε
826 933 926 1004 τὴν
955 935 1147 1003 ἀκοὴν,
1179 936 1294 987 ἀλλ’
1333 935 1624 989 ἑὸασάνισε
1654 938 1750 1006 τὴν
1774 955 1887 1004 cpio-

317 1027 436 1095 νήνι
474 1029 567 1079 καὶ
586 1027 710 1080 οὗτε
736 1027 984 1097 φανερῶς
1007 1028 1317 1080 ἀντιπίπτει
1352 1029 1438 1081 διΞι
1470 1028 1566 1098 τὴν
1597 1029 1879 1093 ἀπιστίαν,

317 1117 441 1169 οὔτε
484 1117 759 1181 παντελῶς
807 1118 968 1181 εὐθὺς
1001 1118 1300 1171 ὑποπίπτει
1338 1119 1425 1172 διὰ
1475 1119 1570 1188 τὴν
1612 1120 1884 1172 εὐκολίαν·

315 1209 430 1261 ἀλλ’
458 1209 638 1279 gazam;
679 1208 958 1277 φεύγουσα
979 1209 1074 1263 καὶ
1111 1209 1211 1279 τὴν
1241 1209 1562 1279 ἁπαλότητα
1585 1211 1684 1280 τῆς
1719 1210 1880 1275 Εὔας,

317 1303 409 1354 καὶ
441 1303 540 1371 τὴν
575 1300 856 1355 ἀπείθειαν
906 1301 997 1355 τοῦ
1037 1301 1331 1371 Ζαχαρίου,
1384 1305 1524 1370 μέση
1576 1304 1745 1371 χωρεῖ
1798 1303 1886 1356 διὰ

313 1397 416 1463 τὴν
447 1394 769 1464 ἀσφάλειαν·
796 1394 889 1447 καὶ
911 1395 1329 1462 διαταραττεται
1365 1398 1484 1462 μὲν,
1513 1396 1590 1456 ὡς
1624 1394 1786 1456 εἰκός·
1823 1396 1885 1446 ού

312 1488 404 1540 διὰ
433 1488 499 1540 τε
520 1487 772 1556 ὁρώμενα
801 1487 1019 1557 μᾶλλον·
1052 1487 1304 1540 τοσοῦτον
1335 1489 1473 1556 αὐτῇ
1505 1487 1562 1539 τὸ
1594 1488 1878 1556 παράστη-

318 1595 414 1648 μα·
443 1579 617 1641 ἄλλως
641 1596 700 1631 τε
735 1581 829 1631 καὶ
879 1578 1088 1632 τούτων
1125 1576 1260 1632 οὖσα
1308 1578 1416 1631 τῶν
1461 1579 1748 1645 θεαμάτων
1783 1578 1885 1648 ήδη

319 1671 576 1741 συνήθης,
607 1670 744 1724 ἀλλὰ
779 1670 867 1724 διὰ
909 1671 978 1724 τὰ
1021 1670 1312 1740 λεγόμενα.
1369 1670 1554 1724 Ταῦτά
1600 1686 1684 1722 τοι
1733 1670 1827 1722 καὶ
1858 1670 1886 1722 ό

315 1767 703 1835 εὐαγγελιστὴς
724 1767 786 1818 ού
813 1767 879 1835 τῇ
908 1764 1112 1836 θεωρία
1155 1766 1379 1836 μᾶλλον,
1417 1764 1554 1819 ἀλλὰ
1605 1766 1670 1832 τῇ
1702 1765 1878 1830 ἐπαγ-

314 1853 471 1918 γελία
521 1853 612 1905 τὸν
667 1853 904 1924 τάραχον
957 1854 1268 1908 ἀποδίδωσι.
1333 1853 1690 1921 Διεταράχθη
1748 1853 1879 1925 γὰρ,

1989 664 2210 719 ellector
2233 666 2394 719 simul
2425 675 2479 719 et
2509 667 2732 722 nuntius
2763 667 2990 722 exstitit.

2063 757 2200 810 XIII.
2231 757 2359 828 [Sed
2394 767 2650 822 praeterea
2686 759 2908 828 inspice,
2965 775 3176 828 quaeso,
3215 776 3404 828 puram
3436 780 3548 829 pt'tt-

1989 849 2314 918 dentemque
2344 849 2578 918 Virginis
2610 860 2844 904 mentem
2910 851 3113 921 pariter
3170 866 3233 906 ac
3292 853 3532 922 Iingttattt

1990 942 2251 1007 Quamvis
2276 943 2453 1011 gaudii
2490 958 2591 996 vox
2625 943 2928 1008 insonaret,
2961 960 3068 999 non
3123 947 3331 999 arrexit
3371 963 3556 1006 aures,

1989 1032 2082 1086 sed
2115 1046 2420 1086 sermonem
2457 1033 2745 1103 diligenter
2763 1034 3081 1102 perpendit;
3116 1046 3228 1088 tum
3284 1051 3413 1088 vero
3461 1052 3557 1088 ne-

1988 1137 2096 1191 que
2162 1122 2539 1177 incredulitate
2600 1135 2786 1192 aperte
2834 1124 3119 1189 obnititur,
3171 1143 3343 1193 neque
3369 1128 3555 1180 statim

1989 1215 2158 1268 nimia
2187 1214 2420 1283 quadam
2447 1215 2703 1270 facilitate
2724 1216 2952 1271 omnino
2980 1216 3122 1270 cedit
3147 1235 3162 1282 ;
3192 1219 3284 1270 εοεὶ
3309 1235 3372 1272 ex
3403 1233 3559 1287 :rquo

1989 1316 2043 1360 ct
2071 1308 2138 1362 ab
2172 1308 2292 1361 Eva:
2323 1308 2568 1372 mollitie,
2603 1318 2657 1362 et
2686 1310 2754 1364 ab
2780 1308 3059 1364 incredula
3100 1309 3376 1364 Zachariae
3406 1311 3556 1362 duri-

1990 1399 2062 1452 tie
2094 1398 2402 1462 declinans,
2436 1398 2488 1452 in
2528 1399 2706 1452 medio
2745 1409 2904 1455 caute
2942 1402 3343 1471 prudenterque
3383 1399 3560 1454 consi-

1989 1491 2104 1545 stit.
2133 1488 2196 1543 Et
2226 1491 2583 1545 conturbatur
2610 1490 2700 1543 illa
2726 1491 2966 1558 quidem,
2990 1491 3164 1560 prouti
3191 1507 3280 1545 res
3323 1489 3558 1552 ferebat;

1990 1599 2096 1635 tton
2119 1581 2255 1636 adeo
2271 1597 2401 1636 sane
2415 1598 2478 1636 ex
2501 1581 2656 1645 visis,
2682 1581 2812 1634 licet
2825 1590 2934 1635 tam
2959 1583 3298 1637 tremendum
3319 1582 3370 1635 id
3389 1589 3554 1643 esset,

1989 1673 2130 1740 quod
2164 1672 2338 1726 oculis
2370 1671 2471 1740 ipsi
2498 1672 2911 1738 obversabatur,
2940 1673 3238 1735 praasertim
3275 1688 3400 1725 eum
3435 1687 3557 1725 cer-

1989 1763 2178 1817 nendis
2191 1761 2457 1830 ejusmodi
2476 1776 2692 1830 quoque
2705 1761 3003 1818 visionibus
3022 1762 3134 1831 jam
3157 1761 3292 1816 foret
3320 1770 3556 1824 assueta;

1987 1857 2079 1910 sed
2108 1855 2294 1924 utique
2316 1854 2675 1908 conturbatur
2717 1869 2782 1909 ex
2842 1855 3020 1910 dictis.
3074 1854 3150 1908 lta
3207 1851 3450 1924 profecto
3507 1864 3560 1906 et

316 1947 472 2014 φησι,
503 1945 602 1997 ἐπὶ
636 1944 715 2010 τῷ
741 1945 944 2016 λόγωι
1112 1945 1248 2018 [Οὐχ
1286 1949 1315 2000 ό
1360 1946 1600 2008 τοκετός·
1661 1945 1742 1997 ἔτι
1773 1947 1882 2016 γὰρ
1920 1932 1960 1990 Β
1988 1966 1995 1996 ι

1881 1973 1882 1987 ι
1920 1932 1960 1990 Β
1988 1947 2343 2014 evangelista,
2385 1960 2490 1999 non
2527 1954 2637 1999 tant
2664 1959 2728 2000 ex
2759 1944 2989 2011 visione,
3021 1946 3114 2002 sed
3155 1945 3337 2015 potius
3360 1961 3424 1998 ex
3463 1960 3560 1998 au-

314 2035 502 2102 ὴγνόει
541 2034 634 2090 τοῦ
669 2037 968 2108 μυστηρίου
998 2038 1056 2090 τὸ
1091 2038 1342 2108 μέγεθος.
1402 2036 1541 2088 Ἀλλ’
1588 2037 1736 2106 ὅμως
1769 2037 1883 2088 ἐδε-

312 2126 483 2179 δοίκει
507 2128 600 2180 καὶ
629 2128 828 2198 ἔτρεμε
858 2128 956 2198 τὴν
990 2128 1142 2182 θείαν
1188 2128 1405 2197 ὁμιλίαν
1451 2129 1541 2180 καὶ
1571 2132 1877 2191 κοινωνίαν,

315 2215 411 2268 καὶ
437 2215 560 2270 καθ’
592 2215 762 2288 αὐτὴν
789 2217 1006 2288 ἠπόρει,
1044 2219 1262 2287 ποταπή
1291 2235 1373 2281 τις
1400 2216 1540 2285 αῦτη
1573 2218 1664 2270 καὶ
1693 2217 1839 2280 ὅπως
1864 2233 1879 2248 ο

315 2302 429 2376 ἆρα
452 2309 680 2380 πορνική
707 2326 791 2372 τις
821 2311 913 2362 καὶ
950 2311 1174 2372 ἄτοπος,
1216 2309 1290 2372 ὡς
1325 2309 1385 2372 ἐξ
1414 2307 1604 2378 ἀνδρὸς
1635 2307 1767 2376 πρὸς
1794 2309 1886 2360 κό-

319 2414 443 2470 ρην·
477 2399 509 2470 ἢ
549 2399 688 2464 θεία,
715 2401 901 2471 ἐπειδὴ
944 2402 1038 2454 καὶ
1066 2401 1202 2455 Θεοῦ
1253 2403 1441 2472 μνήμη
1477 2399 1612 2468 αὐτῇ
1638 2399 1881 2464 σύνεστι,

317 2490 401 2551 τὸ.
422 2490 481 2544 Ὀ
503 2493 715 2560 Κύριος
739 2492 888 2561 μετὰ
912 2491 1075 2564 σοῦ.]

1992 2036 2106 2089 dito
2139 2034 2331 2088 nuntio
2357 2035 2629 2088 incussam
2669 2051 2790 2090 esse
2817 2037 3182 2090 turbationem
3242 2037 3426 2090 tradit.
3464 2036 3550 2089 ln-

1980 2127 2096 2195 quit
2129 2125 2272 2179 enim
2308 2144 2321 2180 :
2354 2124 2589 2190 Turbata
2618 2137 2696 2180 est
2728 2127 2784 2180 in
2816 2144 3050 2181 sermone
3080 2128 3099 2158 ⁸
3300 2129 3561 2198 [Itemque

1983 2233 2088 2273 non
2120 2224 2238 2272 eam
2269 2219 2321 2272 in
2353 2220 2497 2272 hunc
2521 2234 2778 2288 angorem
2809 2220 3044 2288 conjecit
3101 2221 3308 2274 mentio
3334 2232 3517 2288 partus
3545 2236 3560 2283 ;

1985 2310 2225 2364 nomium
2264 2311 2408 2363 enim
2441 2319 2776 2379 perspectam
2811 2311 2989 2379 magni
3024 2311 3170 2365 illius
3208 2311 3452 2380 mysmrii
3481 2326 3564 2362 ra-

1987 2402 2190 2457 tionem
2217 2401 2466 2456 habebat.
2500 2400 2880 2455 Verumtamen
2912 2418 2943 2456 a
2971 2403 3152 2456 divina
3183 2403 3270 2456 il'a
3303 2403 3558 2456 allocuti-

1987 2509 2091 2548 one
2122 2493 2648 2563 convcrsationeque
2691 2493 2936 2557 timebat,
2974 2491 3372 2561 tremebatque,
3401 2500 3565 2560 atque

317 2584 496 2640 anxiis
567 2588 868 2655 angebatur
913 2587 1362 2652 dubitationibus,
1424 2591 1730 2660 cnjusmodi
1789 2589 1877 2643 illa
1919 2588 2077 2654 foret,
2127 2603 2307 2657 quove
2380 2597 2698 2657 spectaret;
2739 2604 2868 2642 Imm
2920 2589 3210 2643 inhonesta
3247 2590 3358 2640 ullo
3404 2587 3565 2642 modo

318 2691 384 2730 ac
414 2677 606 2748 turpis,
631 2680 831 2748 quippe
855 2695 975 2749 quae
1001 2680 1103 2734 viri
1132 2683 1199 2734 ad
1257 2683 1513 2751 puellam,
1539 2699 1606 2736 an
1661 2696 1788 2737 vero
1845 2682 2054 2743 divina,
2115 2682 2373 2751 quoniam
2408 2681 2462 2734 in
2520 2680 2638 2750 ipso
2685 2681 2923 2752 alloquio
2966 2680 3178 2748 adjecta
3235 2681 3414 2734 fuerat
3470 2680 3564 2734 Dei

319 2775 547 2835 mentio,
582 2774 710 2827 illud
741 2790 935 2845 nempe
963 2775 1219 2830 Dominus
1241 2776 1461 2850 tecum.]

394 2863 490 2916 LV.
531 2863 747 2935 [Καίτοι
776 2865 875 2936 τῆς
923 2867 1089 2938 κόρης
1125 2869 1292 2937 μηδὲν
1346 2869 1628 2940 εἰπούσης,
1658 2868 1773 2921 ἀλλ’
1834 2868 1893 2921 ὲν

321 2955 488 3025 ἑαυτῇ
521 2956 650 3024 περὶ
691 2956 783 3010 τοῦ
830 2958 1123 3028 ἀσπασμοῦ
1154 2959 1621 3030 διαλογιζομένης,
1665 2962 1694 3013 ό
1731 2977 1896 3030 χαρο-

325 3047 480 3106 ποιὸς
512 3046 900 3114 νυμφοστόλος,
939 3043 1027 3102 οἷα
1053 3052 1178 3111 νοῦς
1205 3049 1297 3103 τὸν
1339 3050 1464 3103 νοῦν
1507 3050 1680 3120 αὐτῆς
1731 3049 1894 3120 ὁρῶν,

321 3135 424 3188 οὐκ
460 3135 711 3189 ἐκϐάλλει
745 3138 904 3205 μόνον
933 3139 1024 3192 τὸν
1051 3140 1236 3208 φόϐον,
1263 3139 1402 3194 ἀλλὰ
1428 3141 1524 3194 καὶ
1559 3143 1738 3194 πᾶσαν
1766 3141 1894 3194 ἀντι

2065 2865 2199 2920 XIV.
2231 2865 2251 2938 [
2287 2864 2421 2920 Cum
2453 2865 2637 2934 itaque
2671 2862 2834 2931 Virgo
2902 2863 3034 2916 nihil
3071 2863 3442 2931 responderet,
3476 2879 3566 2916 νυ·

1996 2971 2116 3010 rum
2157 2971 2342 3011 secum
2371 2957 2482 3025 ipsa
2514 2953 2582 3008 de
2612 2954 2943 3009 salutatione
2976 2954 3066 3006 illa
3120 2953 3310 3006 sedqu
3356 2954 3568 3022 disqui-

1998 3059 2161 3115 rerct,
2220 3047 2626 3118 paranymphus
2682 3045 2867 3113 gaudii
2916 3045 3187 3107 minister,
3246 3044 3446 3114 quippe
3471 3047 3566 3113 qui

1999 3150 2232 3195 mentem
2259 3140 2426 3201 illius,
2462 3149 2643 3206 utpote
2671 3153 2845 3201 mens,
2880 3135 3214 3206 pervidebat,
3254 3151 3362 3189 non
3404 3138 3566 3189 modo

323 3223 537 3292 εισάγει
591 3227 786 3295 χαρὰν,
856 3229 952 3282 καὶ
1004 3229 1198 3298 μηνύει
1253 3230 1345 3283 τὸν
1393 3229 1672 3300 ἄφραστον
1714 3231 1892 3282 τόκονο
1925 3264 1968 3323 c

1887 3246 1968 3323 ὀ
2003 3235 2252 3287 timorem
2307 3231 2566 3300 dispellit,
2617 3229 2712 3284 sed
2765 3230 2984 3299 plenum
3039 3243 3258 3298 quoque
3309 3228 3566 3298 gaudium

323 3316 421 3383 Mi;
447 3317 657 3385 φοϐοῦ,
685 3317 864 3389 φησί.]
895 3319 1065 3372 Ἱόῦτο
1085 3321 1172 3374 διὰ
1198 3320 1291 3373 τὸν
1313 3323 1418 3392 πρὸ
1446 3323 1540 3375 τοῦ
1564 3323 1670 3375 τῶν
1692 3322 1894 3376 ὠδίνων

323 3406 511 3474 φόϐον.
552 3405 747 3474 Τέξεις
783 3408 895 3476 γὰρ
918 3409 1074 3473 υἱὸν,
1123 3410 1221 3463 καί
1275 3409 1560 3478 καλέσεις
1608 3414 1675 3467 τὸ
1707 3415 1896 3482 ὄνομα

321 3497 512 3550 αὑτοῦ
555 3499 818 3565 Ἰησοῦνο
869 3531 940 3539 -
979 3502 1174 3566 Αὐτὸς
1218 3504 1328 3572 γὰρ
1373 3503 1560 3559 σώσει
1613 3509 1897 3560 τὸνλαόν

321 3586 532 3640 αὐτοῦ.
567 3588 680 3657 Οὐχ
716 3588 838 3640 ὅσον
867 3590 1018 3642 οὐδὲν
1056 3593 1216 3660 αὕτη,
1267 3595 1452 3662 φησὶν,
1497 3596 1561 3647 ὲκ
1605 3594 1698 3647 τοῦ
1734 3597 1893 3649 τόκον

325 3679 496 3750 πείσῃ
539 3679 712 3733 δεινὸν
745 3681 778 3753 ἦ
811 3684 1030 3753 πικρὸν,
1062 3683 1198 3736 ἀλλᾶ
1230 3686 1324 3738 καὶ
1347 3687 1374 3738 ό
1396 3688 1552 3750 τόκος
1577 3687 1732 3741 ἕσται
1762 3707 1896 3744 παν-

325 3773 383 3824 τὶ
409 3771 487 3841 τῷ
517 3772 707 3843 κόσμῳ
758 3776 1044 3844 σωτήριος·
1090 3776 1186 3828 καὶ
1217 3776 1374 3846 δῆλον
1401 3777 1465 3830 τὸ
1495 3778 1658 3848 ἔργον
1696 3783 1761 3832 ἐκ
1796 3783 1891 3833 τοῦ

323 3863 606 3934 ὀνόματος.
634 3863 732 3936 [Τὸ
759 3866 964 3935 μέντοι,
992 3866 1148 3922 Ἰδοὺ
1182 3868 1242 3920 τὸ
1271 3869 1433 3939 τάχος
1459 3871 1551 3923 καὶ
1592 3871 1653 3923 τὸ
1673 3871 1767 3924 νῦν
1791 3873 1891 3939 δή·

325 3958 431 4012 λοτ·
478 3959 564 4011 ἵνα
590 3959 684 4012 καὶ
703 3959 795 4013 διὰ
825 3959 1018 4014 τούτου
1051 3962 1149 4031 τὴν
1188 3961 1275 4015 διὰ
1303 3963 1462 4030 λόγου
1487 3964 1582 4017 καὶ
1630 3966 1726 4018 σὺν
1751 3966 1894 4035 λόγῳ

326 4051 550 4122 ἑμφήνῃ
589 4051 990 4123 σύλ).ηψιν.ι....
1050 4052 1303 4124 [Ἐπειδὴ
1328 4055 1384 4107 δὲ
1415 4055 1530 4108 ἐστι
1564 4056 1658 4109 καὶ
1706 4057 1764 4109 ὲν
1797 4075 1894 4125 γαο

328 4144 451 4210 στρὶ
473 4142 613 4196 κατά
646 4141 737 4195 τὸν
780 4144 1068 4212 προφήτην
1115 4147 1180 4214 τῇ
1217 4161 1280 4212 γε
1333 4147 1718 4215 πνενματικῶς
1747 4166 1897 4200 νοου-

331 4238 470 4308 μένῃ
498 4236 721 4306 Πνεῦμα
755 4237 1117 4290 συλλαϐέσθαι
1141 4237 1296 4298 Θεοῦ.
1334 4241 1428 4290 καὶ
1471 4239 1692 4309 Πνεῦμα
1717 4257 1894 4309 σωτη-

329 4329 451 4398 ρίας
493 4331 802 4390 ἀποτεκεῖν,
833 4329 970 4382 ἀλλὰ
1003 4330 1089 4394 σὺ,
1114 4330 1265 4398 φησι,
1300 4331 1393 4382 καὶ
1422 4331 1596 4395 τέξεις
1621 4333 1755 4384 υἱόν.
1795 4330 1890 4402 [Σὺ

324 4421 441 4484 οὖν,
473 4422 626 4489 φησὶ,
670 4421 949 4487 καλέσεις
989 4421 1107 4491 (οὐχ
1140 4423 1168 4473 ό
1198 4424 1406 4493 πατήρ·
1436 4424 1668 4493 ἀπάτωρ
1694 4425 1802 4493 γὰρ
1832 4425 1893 4476 τό

326 4529 389 4579 γε
420 4513 560 4566 κατὰ
590 4511 690 4580 τὴν
738 4511 890 4565 κάτω
924 4512 1195 4580 γέννησιν,
1228 4512 1417 4584 ὥσπερ
1461 4516 1694 4586 ἀμήτωρ
1747 4516 1893 4570 κατά

1999 3335 2187 3379 contra
2214 3323 2431 3392 ingerit,
2464 3331 2517 3375 et
2549 3319 2875 3375 incll‘ahilem
2915 3319 2962 3371 ei
2992 3328 3208 3386 partum
3255 3319 3565 3372 annuntiat.

2002 3415 2083 3469 Ne
2137 3415 2323 3467 timeas
2355 3414 2375 3443 ⁹
2406 3456 2421 3478 ,
2489 3412 2665 3482 inquit
2789 3409 2846 3464 Id
2894 3410 3177 3464 enimvero
3235 3410 3440 3464 dictum
3486 3418 3570 3464 est

2000 3514 2217 3572 propter
2246 3505 2494 3557 timorem
2528 3504 2746 3556 illorum
2806 3502 3053 3556 dolorum
3090 3502 3177 3570 qui
3234 3501 3568 3570 parientibus

1999 3598 2125 3652 olim
2155 3597 2394 3651 intentati
2428 3595 2666 3662 fuerunt.
2700 3593 2886 3648 Parias
2909 3596 3049 3648 enim
3066 3596 3260 3662 ﬁlium,
3284 3604 3332 3646 ct
3360 3592 3566 3645 vocabis

1997 3706 2185 3744 nomen
2217 3689 2332 3758 ejus
2348 3688 2531 3742 Iesum
2558 3688 2597 3721 '°
2634 3705 2649 3753 ;
2680 3686 2872 3754 —lpsc
2902 3688 3041 3739 enim
3065 3686 3269 3739 salvum
3301 3687 3459 3754 faciet
3479 3702 3568 3754 po-

1997 3783 2178 3850 pulum
2204 3798 2358 3835 suum
2384 3783 2448 3834 ιι.
2482 3779 2716 3842 Nedum,
2743 3779 2938 3847 inquit,
2962 3779 3073 3846 ipsa
3102 3778 3418 3831 existimare
3442 3791 3569 3845 pos-

1998 3876 2093 3939 sis,
2114 3875 2369 3929 acerbum
2409 3872 2686 3941 quidpiam
2719 3879 2813 3924 aut
2859 3871 3146 3925 molestum
3201 3884 3265 3923 ex
3298 3880 3451 3938 partu
3470 3869 3567 3922 tibi

1998 3965 2330 4033 impendere,
2399 3965 2511 4018 imo
2547 3978 2672 4017 vero
2730 3971 2919 4032 partus
2964 3971 3089 4014 tuus
3145 3961 3404 4015 universo
3428 3974 3568 4028 quo-

1996 4070 2102 4124 que
2130 4058 2333 4111 mundo
2367 4056 2595 4110 salutem
2631 4055 2815 4109 aII'eret
2843 4073 2858 4119 ;
2889 4063 2942 4107 et
2974 4053 3136 4122 hujus
3186 4050 3406 4120 quidem
3441 4064 3570 4118 opo-

1998 4149 2074 4202 ris
2099 4156 2475 4214 argumentum
2524 4147 2576 4200 in
2612 4146 2729 4213 ipso
2761 4146 2978 4199 nomine
3005 4152 3230 4212 prostat.
3257 4140 3570 4212 [Enimvero

1998 4240 2127 4292 illud
2155 4238 2286 4292 Ecce
2333 4239 2592 4302 declarat,
2633 4238 2778 4291 nulla
2832 4237 3149 4304 interposita
3193 4249 3342 4288 mora
3393 4243 3448 4286 et
3475 4233 3570 4286 im-

1998 4330 2408 4398 prtesentiarum
2439 4346 2550 4384 rem
2575 4339 2749 4382 actam
2778 4345 2791 4390 ;
2846 4337 3013 4394 utper
3037 4327 3086 4380 id
3133 4339 3352 4395 quoque
3388 4325 3565 4392 palam

2000 4423 2181 4488 faciat,
2210 4424 2613 4491 conceptionem
2657 4436 2749 4489 per
2779 4420 3001 4472 verbum
3020 4429 3072 4472 et
3097 4433 3220 4472 cum
3253 4416 3418 4468 verbo
3447 4429 3568 4483 per-

2001 4513 2194 4566 l'ectam
2243 4511 2528 4582 esse.|.....
2574 4511 2688 4581 [A't
2724 4525 2871 4573 vero,
2919 4508 3359 4578 quandoquidem
3413 4506 3566 4575 juxta

325 4604 425 4674 τήν
450 4604 605 4670 ἄνω),
641 4603 723 4656 σὺ
754 4603 1038 4671 καλέσεις
1068 4605 1323 4671 Ἰησοῦν.
1367 4605 1496 4657 Ἀπὸ
1529 4608 1627 4676 τῆς
1672 4608 1898 4677 εύεργε-
1923 4620 1974 4678 Ι)
2003 4623 2004 4629 ‘

1892 4620 1974 4678 ιι)
2003 4605 2315 4674 prophetam
2354 4603 2638 4673 contingit,
2671 4613 2729 4655 ut
2764 4603 2815 4654 in
2862 4609 3016 4654 utero
3039 4598 3452 4668 spiritualisane
3479 4614 3571 4650 ra-

330 4698 452 4759 σίας
476 4699 509 4766 ἡ
543 4696 833 4767 ὀνομασία,
866 4698 977 4750 ἀπὸ
1031 4696 1132 4766 τῆς
1177 4699 1427 4767 χρήσεως
1474 4699 1507 4767 ή
1548 4700 1762 4768 κλῆσις,
1787 4701 1896 4752 ἀπὸ

330 4788 440 4841 τῶν
469 4789 648 4858 ἔργων
678 4790 710 4858 ή
741 4789 988 4858 εὐφημία
1011 4807 1024 4820 ·
1065 4789 1131 4842 δι’
1181 4789 1344 4842 αὑτοῦ
1378 4789 1487 4860 γὰρ
1527 4789 1837 4858 ἀνθρώποις
1869 4793 1898 4844 ὁ

329 4881 430 4949 τῆς
456 4881 728 4951 σωτηρίας
762 4881 1150 4950 ἀνεξάντλητος
1171 4881 1493 4953 ὲπιῤῥεύσει
1517 4883 1894 4954 πλοῦτος.]....

332 4973 520 5045 [Ἐπεὶ
554 4974 611 5028 δὲ
645 4973 823 5028 κοινὸν
878 4973 1028 5046 αὐτῷ
1074 4974 1232 5029 τοῦτο
1271 4978 1366 5030 καὶ
1407 4977 1539 5046 πρὸς
1589 4977 1679 5030 τὸν
1730 4977 1897 5030 αὐτοῦ

329 5065 520 5127 τύπον,
549 5064 641 5116 τὸν
670 5065 972 5134 στρατηγὸν
1003 5065 1096 5119 καὶ
1130 5065 1459 5135 δημαγωγὸν
1488 5066 1583 5120 καὶ
1625 5066 1760 5135 πρὸς
1799 5068 1898 5136 τὴν

331 5157 433 5226 τῆς
462 5156 798 5224 ἐπαγγελίας
820 5160 923 5226 γῆν
948 5158 1160 5226 ὁδηγὸν,
1181 5158 1270 5211 διὰ
1297 5158 1458 5212 τοῦτο
1490 5159 1701 5221 δεικνὺς
1731 5160 1759 5212 ό
1798 5160 1898 5226 ἄγ-

332 5248 510 5314 γελος,
544 5247 620 5310 ὡς
650 5247 770 5300 κατ’
795 5249 1002 5301 ἐκεῖνον
1038 5249 1209 5314 ἔσται,
1253 5251 1470 5318 ἐπάγει·
1510 5246 1696 5316 Οὗτος
1729 5253 1900 5305 ἔσται

327 5339 633 5410 μέγας-κη]
685 5339 703 5411 [
739 5342 920 5393 Δώσει
953 5343 1131 5395 τοίνυν
1169 5343 1330 5407 αὐτῷ
1366 5345 1580 5410 Κύριος
1627 5345 1733 5397 τὸν
1771 5346 1898 5411 θρόι

334 5450 444 5485 νον
466 5433 643 5497 {97616
688 5433 794 5485 τοῦ
832 5435 1055 5500 πατρὸς
1091 5432 1301 5494 αὑτοῦ,
1355 5433 1430 5497 ὡς
1482 5434 1772 5504 ἀνθρώπῳ,
1808 5435 1900 5486 καὶ

334 5525 409 5586 ὡς
437 5524 691 5577 ἐντεῦθεν
731 5525 1017 5595 ἀρχομένῳ
1058 5526 1158 5594 τῆς
1204 5526 1504 5596 βασιλείας,
1549 5526 1637 5579 διὰ
1668 5525 1776 5578 τῶν
1808 5541 1899 5578 m-

336 5616 652 5677 στευὸντων,
679 5615 772 5678 οῦς
800 5617 893 5669 καὶ
939 5611 1087 5670 οἷκον
1117 5619 1208 5670 καὶ
1233 5617 1419 5687 θρόνον
1446 5618 1701 5686 ὀνομάζει
1735 5618 1899 5670 Δαϐἱδ

333 5722 394 5758 τε
426 5706 520 5758 καὶ
555 5705 770 5759 Ἰακώϐ.
799 5705 1024 5770 Οὐδενὸς
1047 5706 1101 5758 δέ
1125 5708 1240 5759 ἐστι
1270 5706 1330 5760 τὸ
1363 5706 1668 5776 βασιλεύειν
1704 5707 1781 5770 εἰς
1811 5706 1902 5758 τὸν

407 5889 428 5920 ⁸
456 5886 586 5945 Luc.
630 5905 669 5950 ι,
702 5888 790 5944 29.
825 5895 842 5921 ³
878 5890 987 5945 Luc
1047 5906 1080 5957 I,
1106 5891 1195 5946 30.
1255 5895 1294 5922 ἰ’
1323 5891 1560 5948 ώίά.δι.

1642 5891 1676 5920 “
1711 5889 1895 5944 Matth.
1937 5908 1971 5956 ι,
2012 5886 2097 5941 ‘21.

1994 4699 2141 4752 tione
2197 4696 2488 4759 intellecto,
2554 4695 2891 4762 concipiatur
2927 4693 3090 4746 etiam
3157 4690 3396 4758 Spiritus
3449 4687 3566 4753 Dei,

1997 4803 2058 4842 ac
2088 4789 2328 4856 pariatur
2356 4785 2590 4855 Spiritus
2611 4786 2825 4845 salutis,
2849 4785 2942 4837 sed
2975 4793 3054 4849 tu,
3130 4782 3307 4851 inquit
3337 4781 3380 4812 ¹²
3409 4821 3425 4847 ,
3473 4796 3572 4850 pa-

1999 4885 2106 4939 ries
2151 4885 2313 4938 etiam
2365 4882 2580 4952 Iilimn.]
2632 4881 2766 4953 [’I‘n
2818 4880 3005 4947 igitur,
3070 4878 3268 4946 inquit,
3335 4875 3570 4938 vocabis,

2000 4986 2108 5025 non
2177 4984 2305 5024 vero
2359 4981 2545 5039 pater;
2604 4985 2780 5038 neque
2829 4968 2974 5022 enim
3031 4977 3237 5034 patrem
3265 4965 3568 5020 secumlum

2003 5075 2270 5118 terrenam
2321 5063 2724 5130 generationem
2815 5062 3026 5123 habet,
3106 5056 3569 5126 quemadmodum

2005 5155 2300 5210 secundum
2363 5155 2638 5208 cmlestcm
2702 5169 2810 5206 non
2862 5153 3024 5206 habet
3078 5159 3327 5204 matrem.
3404 5146 3574 5202 Voca-

2005 5251 2080 5302 bis
2107 5265 2228 5302 eum
2272 5246 2474 5300 Jcsnnt.
2521 5246 2596 5300 Ex
2645 5246 2993 5312 beneﬁcentia
3037 5253 3120 5298 est
3157 5242 3397 5296 nominis
3427 5257 3570 5293 nun-

1999 5341 2236 5408 cupatio,
2281 5355 2342 5393 ex
2395 5339 2596 5393 tributa
2629 5338 2796 5407 gratia
2825 5336 3192 5406 compellatio,
3223 5350 3291 5387 ex
3313 5333 3568 5400 operibus

2002 5429 2236 5482 nominis
2281 5429 2605 5482 celebritas:
2665 5441 2789 5480 nam
2836 5412 2954 5493 per'
2981 5427 3157 5494 ipsum
3194 5425 3246 5477 in
3280 5424 3569 5476 universos

2004 5520 2247 5573 homines
2337 5519 2703 5573 indelicicntes
2786 5517 2980 5571 salutis
3056 5515 3255 5569 divitia:
3321 5514 3571 5566 dimana~

2003 5610 2599 5680 bunt.]....[Quoniam
2667 5625 2794 5664 vero
2835 5623 3122 5663 commune
3147 5608 3250 5661 hoe
3281 5607 3330 5659 ei
3368 5619 3570 5659 nomen

2002 5718 2118 5760 erat
2172 5721 2294 5756 eum
2353 5705 2462 5768 illo,
2505 5704 2598 5772 qui
2643 5715 2694 5758 et
2744 5712 2904 5772 typus
2941 5699 3185 5769 ejusdem
3236 5699 3356 5764 luit,
3413 5711 3573 5750 exer-

2183 5889 2220 5919 “'
2253 5887 2383 5940 Luc.
2428 5903 2465 5947 ι,
2508 5887 2564 5940 3i
