4252 6436
797 434 904 496 823
2034 430 2353 491 JOANNIS
2390 432 2476 491 UE

2390 431 2820 491 GEOMETlL‘E
3926 437 4032 498 824

793 554 997 608 cituum
1036 552 1191 613 duce,
1219 558 1271 603 ct
1306 548 1484 617 populi
1511 547 1711 615 judice,
1738 546 1975 615 atquein
2009 557 2209 600 terram
2237 562 2363 616 pro.
2392 569 2434 625 Δ
2467 568 2472 595 ε

2354 574 2363 589 ν
2392 569 2434 625 Δ
2467 547 2655 610 αἰῶνα,
2682 549 2729 599 εἰ
2762 549 2836 617 μὴ
2879 547 3035 600 θεοῦ·
3087 549 3228 601 ὥστε
3260 550 3306 601 εἰ
3339 549 3434 603 καὶ
3462 550 3759 621 λαμϐάνειν
3802 554 3889 606 διὰ
3928 558 4033 622 τὴν

794 644 1072 699 missionis
1092 643 1315 695 ductore
1346 640 1424 709 (2)
1456 680 1471 703 ,
1507 640 1706 692 idcirco
1731 640 1976 709 angelus,
2011 648 2069 693 ut
2099 640 2359 693 ostendat
2467 657 2473 684 ι

2357 679 2359 688 .
2467 636 2775 706 οἰκονομίαν
2823 636 3179 709 ἀνθρωπίνως
3207 640 3426 709 λέγεται
3478 643 3571 695 τὸν
3620 642 3810 714 θρόνον
3844 644 4036 711 Δαόὶό,

795 738 934 791 haud
951 738 998 789 ei
1018 749 1193 803 parem
1212 735 1353 786 hune
1374 731 1717 797 fore,subdit:
1748 730 1850 785 llic
1873 733 1971 786 erit
1994 729 2359 801 magnus”...]
2466 749 2474 780 ε

2356 731 2359 800 Ι
2466 726 2581 781 ἀλλ’
2615 727 2763 780 ἐστιν
2794 729 2823 781 ὁ
2876 728 3038 792 αὐτὸς
3070 730 3165 783 καὶ
3202 730 3398 794 θεῖκῶς
3446 732 3699 803 βασιλεὺς
3734 735 4035 806 ἀτελεύτη-

794 827 975 899 [Dabit
1016 826 1179 894 igitur
1204 824 1284 877 illi
1337 822 1593 876 Dominus
1637 822 1808 877 sedem
1844 821 2009 875 David
2031 822 2199 890 patris
2220 823 2359 889 ejus,
2463 836 2473 854 '

2358 870 2359 875 η
2463 836 2574 885 τος,
2607 819 2706 873 καὶ
2739 819 2851 888 τῆς
2879 820 3204 886 βασιλείας
3234 823 3421 877 αὐτοῦ
3455 826 3567 879 οὐκ
3613 826 3784 879 ἔσται
3832 827 4037 892 τέλος,

794 929 1053 985 tanquam
1106 914 1337 978 homini,
1369 922 1424 968 et
1450 922 1723 983 quatenus
1758 928 1984 983 regnum
2012 913 2210 967 exinde
2244 928 2357 967 au-
2455 928 2473 962 ι

2455 911 2517 963 ού
2547 910 2682 963 καθὸ
2710 910 2842 975 Θεὸς
2877 913 3057 981 μόνον,
3099 912 3236 967 ἀλλὰ
3263 913 3400 967 καθὸ
3439 916 3538 969 καὶ
3587 916 3901 987 ἄνθρωπος,
3937 920 4040 972 καὶ

791 1009 1090 1077 spicabitur
1121 1021 1151 1060 e
1174 1005 1543 1066 credentibus.
1573 1020 1713 1075 quos
1744 1006 1908 1059 etiam
1937 1005 2158 1059 domum
2183 1003 2356 1059 Jacob
2450 1005 2470 1055 ε

2354 1034 2356 1048 ι
2450 1003 2527 1068 ὡς
2547 1004 2611 1057 οὐ
2634 1004 2777 1058 κατὰ
2819 1005 2983 1074 φύσιν
3018 1006 3181 1074 μόνον
3215 1006 3491 1074 βασιλεὺς,
3521 1008 3655 1063 ἀλλὰ
3687 1010 4033 1079 βασιλεύσων

789 1112 843 1156 et
871 1102 1130 1156 thronum
1157 1099 1374 1154 Davidis
1393 1098 1646 1168 appellat.
1677 1094 1892 1149 Nullius
1946 1104 2127 1149 autem
2157 1104 2243 1149 est
2268 1110 2356 1149 re-
2456 1108 2468 1145 ι

2456 1092 2709 1146 καὶκατὰ
2733 1093 3082 1165 γνὼμην,καὶ
3103 1094 3200 1148 νῦν
3221 1097 3319 1164 μὲν
3339 1096 3571 1163 πολλῶν,
3591 1099 3678 1152 ἔπ’
3706 1100 3954 1169 ἐσχάτων
3977 1100 4038 1155 δὲ

789 1207 954 1263 gnare
989 1193 1042 1245 in
1091 1202 1374 1250 aeternum,
1410 1188 1512 1241 nisi
1547 1186 1638 1240 Dei
1695 1186 1909 1253 solius;
1958 1185 2185 1247 idcirco,
2248 1185 2349 1242 etsi
2447 1205 2468 1240 ι

2447 1190 2540 1242 καὶ
2554 1189 2955 1260 πάντων,ὴνίκα
2969 1190 3069 1244 καί
3082 1191 3521 1261 ὑποταγήσεται
3533 1191 3693 1258 αὐτῷ
3702 1194 3773 1247 τὰ
3788 1193 4040 1267 πάντα]

796 1285 1699 1346 rationeincarnationisthronum
1738 1282 1957 1336 Davidis
2009 1282 2267 1352 accipere
2309 1287 2613 1340 secundum
2647 1285 2877 1342 formam
2935 1287 3176 1344 hominis
3234 1288 3470 1353 dicatur,
3495 1299 3733 1346 attamen
3792 1302 4042 1345 aeternus

786 1398 1005 1452 quoque
1032 1396 1123 1435 rex
1156 1380 1273 1449 ipse
1317 1376 1632 1445 agnoscitur
1670 1374 1723 1428 in
1756 1373 1931 1428 forma
1988 1373 2103 1438 Dei,
2133 1384 2183 1428 et
2215 1377 2360 1446 regni
2395 1375 2508 1447 ejus
2533 1394 2638 1431 non
2684 1380 2784 1433 erit
2810 1378 2933 1447 finis
2967 1379 3011 1411 “
3037 1419 3053 1444 ,
3088 1394 3195 1436 non
3256 1382 3419 1437 modo
3449 1393 3721 1453 quatenus
3754 1394 3838 1440 est
3863 1384 4037 1449 Deus,

785 1494 974 1533 verum
1001 1476 1162 1531 etiam
1194 1476 1656 1545 quatenushomo,
1676 1486 1853 1541 neque
1877 1472 2051 1526 solum
2075 1480 2339 1542 tanquam
2380 1483 2574 1527 natura
2621 1490 2722 1529 sua
2788 1490 2903 1540 rex,
2932 1475 3030 1532 sed
3091 1490 3321 1546 regnum
3374 1486 3635 1545 praeterea
3682 1478 3915 1543 adeptus
3966 1492 4037 1532 ex

784 1574 1064 1627 voluntate
1092 1570 1326 1640 primum
1357 1570 1575 1639 quidem
1605 1568 1921 1637 multorum,
1969 1583 2195 1639 prorsus
2217 1584 2347 1625 vero
2387 1570 2630 1626 omnium
2661 1570 2728 1626 ad
2780 1571 2943 1627 ﬁnem
2998 1572 3205 1639 saeculi,
3239 1573 3461 1643 quando
3482 1583 3531 1627 et
3560 1574 3741 1628 omnia
3766 1576 3867 1644 ipsi
3899 1579 4033 1631 sub-

781 1663 1034 1732 jirientu'r
1062 1664 1103 1695 ³⁸

772 1812 781 1823 _
858 1755 1098 1809 XV.Sed
1136 1772 1233 1826 age
1264 1756 1393 1824 jam,
1423 1754 1565 1823 quod
1616 1755 1886 1825 reliquum
1917 1766 2001 1809 est
2049 1755 2350 1817 videamus.
2387 1759 2433 1819 Β

2387 1759 2433 1819 Β
2533 1758 2633 1815 IE'.
2672 1760 2812 1815 Ἀλλ’
2865 1761 3065 1831 ῑδωμεν
3120 1762 3305 1817 λοιπδν
3340 1761 3560 1831 καὶτῆς
3591 1761 3811 1831 νύμφης
3860 1761 4036 1829 αὐτῆς

786 1849 992 1903 scilicet
1026 1864 1240 1917 sponsa:
1268 1848 1439 1917 ipsius
1461 1857 1515 1902 et
1548 1849 1708 1903 verba
1735 1850 1897 1903 simul
1924 1859 1978 1903 et
2001 1850 2272 1915 animum,
2300 1861 2356 1905 et

786 1956 1070 2010 quousque
1087 1941 1301 2011 sapiens
1326 1941 1439 2010 ipsa
1458 1939 1619 1996 fuerit
1645 1957 1708 1996 ac
1737 1943 2062 2012 virginitatis
2088 1943 2353 2001 studiosa.

788 2031 879 2084 llla
939 2046 1111 2099 neque
1176 2032 1401 2085 omnino
1464 2032 1621 2085 Iidem
1673 2035 1887 2102 angelo,
1922 2043 2140 2105 propter
2186 2035 2355 2089 multa

787 2125 1027 2178 veritatis
1050 2125 1269 2188 indicia,
1298 2124 1752 2193 abnuere,nequc
1776 2140 1968 2180 rursus
1992 2127 2044 2179 in
2075 2134 2227 2182 tanto
2258 2142 2354 2198 pu-

785 2215 959 2294 ritatis
993 2217 1175 2270 studio
1213 2233 1242 2270 a
1281 2216 1591 2286 virginitate
1639 2216 1946 2273 desciscere
1980 2218 2223 2273 animum
2272 2222 2354 2274 in-

780 2311 973 2375 ducit;
1007 2309 1102 2364 scd
1136 2310 1312 2364 media
1358 2309 1711 2364 diﬂidentiam
1760 2309 1902 2364 inter
1927 2325 1993 2365 ac
2035 2320 2352 2382 promptum

783 2403 1075 2458 voluntatis
1103 2403 1424 2473 obsequium
1451 2411 1655 2469 manet,
1680 2403 2010 2474 modumque
2034 2405 2193 2475 hujus
2214 2421 2354 2475 pra:-

781 2505 864 2545 ter
904 2492 1062 2547 ﬁdem
1088 2504 1385 2563 conceptus
1408 2506 1461 2549 ct
1502 2505 1693 2566 partus
1739 2498 2001 2569 exquirit.
2053 2500 2348 2565 Quomodo,

779 2587 975 2654 inquit,
998 2586 1096 2638 erit
1128 2585 1221 2638 hoc
1246 2588 1393 2650 milii,
1423 2590 1671 2656 quoniam
1696 2590 1865 2643 virum
1885 2607 1984 2643 non
2006 2592 2351 2660 cognosco"?

778 2676 1083 2748 [Videlieet,
1114 2680 1391 2749 quomodo
1418 2696 1556 2749 opus
1583 2682 1875 2750 ejusmodi,
1906 2698 2014 2737 non
2051 2684 2214 2738 modo
2240 2694 2348 2739 tam

777 2769 1023 2824 divinum
1056 2779 1110 2825 et
1153 2770 1531 2825 admirandum
1585 2782 1639 2827 et
1676 2781 1895 2842 esptum
1939 2775 2135 2829 mentis
2190 2790 2348 2830 exce-

775 2861 932 2926 dens,
966 2877 1155 2915 verum
1180 2864 1338 2916 etiam
1373 2862 1473 2916 sibi
1505 2862 1640 2917 adeo
1664 2863 1844 2918 minus
1863 2864 2166 2929 cohaerens,
2186 2864 2238 2918 in
2264 2880 2351 2919 me

777 2954 1132 3023 implebitur?
1163 2954 1295 3008 Nam
1332 2963 1381 3008 et
1416 2955 1560 3023 quod
1600 2955 1741 3009 forte
1792 2958 1971 3011 virum
2016 2970 2350 3026 cognoscere

2457 1853 2552 1905 καὶ
2584 1852 2681 1924 τὴν
2705 1853 2953 1922 γλῶτταν
2986 1855 3104 1925 ἅμα
3128 1858 3222 1911 καὶ
3246 1855 3344 1927 τὴν
3373 1853 3573 1926 ψυχὴν,
3600 1852 3696 1906 καὶΙ
3732 1853 3857 1905 ὅσον
3886 1854 4037 1921 αὕτη

2458 1946 2593 2015 σοφή
2623 1962 2681 1997 τε
2719 1947 2811 1999 καὶ
2851 1946 3263 2018 φιλοπὰρθενος.
3294 1947 3434 2001 υῦτε
3472 1946 3552 2017 τῷ
3588 1945 3807 2016 ἀγγέλῳ
3846 1945 4037 1999 διαπισ

2458 2037 2605 2089 στεῖν
2632 2034 2744 2105 ἔχει
2772 2036 2860 2091 διὰ
2896 2037 2952 2090 τὸ
2977 2036 3308 2102 ἀξιόπιστον,
3330 2035 3457 2090 οῦτε
3496 2036 3661 2089 πάλιν
3684 2037 3783 2105 τὴν
3814 2034 4037 2104 παρθε-

2457 2127 2575 2180 νίαν
2598 2127 2883 2199 ἀρκεῖσθαι
2909 2129 2998 2181 διὰ
3023 2128 3121 2199 τὴν
3170 2128 3538 2199 καθαρότητα·
3580 2126 3717 2180 ἀλλὰ
3749 2126 3890 2195 μέση
3921 2143 4038 2195 χω-

2456 2221 2543 2289 ρεῖ
2571 2221 2667 2289 τῆς
2715 2220 2974 2283 ἀπιστίας
3029 2236 3085 2273 τε
3127 2220 3223 2274 καὶ
3269 2220 3370 2291 τῆς
3422 2219 3693 2282 εὐκολίας,
3727 2217 3824 2271 καὶ
3870 2215 4034 2287 ζητεῖ

2454 2314 2546 2365 τὸν
2585 2312 2785 2383 τρόπον
2816 2314 2916 2382 τῆς
2979 2312 3284 2384 παραδόξου
3338 2312 3547 2382 ταύτης
3588 2310 3954 2380 νυμφεύσεως
3987 2308 4023 2379 ἧ

2454 2405 2723 2473 κυήσεως.
2756 2402 2888 2470 Πῶς
2938 2404 3109 2458 ἔσται
3148 2422 3250 2474 μοι
3295 2404 3493 2466 τοῦτο,
3537 2403 3668 2456 ἐπεὶ
3716 2400 3911 2470 ἄνδρα
3958 2402 4035 2465 οὐ

2452 2492 2797 2563 γιγνώσκω;
2850 2494 2996 2567 [Πῶς
3031 2497 3210 2550 τοίνυν
3234 2495 3386 2549 ἔσται
3442 2513 3532 2564 μοι
3568 2494 3726 2547 τοῦτο
3776 2496 3841 2545 τὸ
3885 2493 4034 2545 θετον

2453 2585 2597 2638 οὓτω
2625 2588 2716 2638 καὶ
2747 2587 3063 2657 θαυμαστὸν
3101 2588 3194 2639 καὶ
3223 2585 3607 2657 ἁπερινόητον,
3632 2586 3726 2637 καὶ
3747 2586 3809 2638 οὐ
3852 2583 4032 2638 ταῦτα

2456 2677 2634 2746 μόνον,
2675 2677 2811 2730 ἀλλὰ
2839 2678 2935 2730 καὶ
2958 2676 3354 2743 ἁνακόλουθονς
3400 2677 3476 2728 Τό
3501 2693 3561 2728 τε
3591 2675 3703 2744 γὰρ
3734 2674 3908 2741 ἄνδρα
3959 2690 4029 2742 με

2452 2767 2674 2833 γνῶναι,
2713 2767 2966 2837 καθάπερ
2995 2767 3113 2836 Θεῴ
3163 2766 3612 2835 καθιερωθεῖσαν,
3645 2766 3754 2818 τῶν
3802 2765 4033 2835 ἀμηχά-

2452 2873 2580 2911 νωνο
2620 2858 2715 2912 καὶ
2764 2859 2846 2923 τὸ,
2900 2858 3071 2929 χωρὶς
3130 2857 3322 2927 ἀνδρὸς
3353 2859 3444 2910 καὶ
3480 2855 3767 2909 συλλαϐεῖν
3795 2859 3893 2908 καὶ
3931 2871 4024 2907 τε-

2455 2955 2591 3018 κεῖν,
2612 2951 2721 3005 τῶν
2742 2952 3037 3005 ἀδυνάτων.
3061 2952 3134 3003 Τὸ
3150 2951 3227 3015 δὲ,
3244 2951 3373 3004 ἐπεὶ
3396 2948 3584 3019 ἄνδρα
3599 2951 3672 3003 οὐ
3687 2948 4029 3019 γιγνώσκω,

776 3049 890 3115 ipsa
922 3046 1148 3116 possim,
1198 3046 1247 3098 id
1279 3046 1593 3114 contingere
1634 3046 1861 3101 omnino
1902 3047 2110 3113 nequit,
2147 3047 2348 3117 quippe

2378 3041 2582 3155 ἀξίαι-τε
2598 3043 2817 3103 πάντως
2850 3047 2947 3113 μὲν
2974 3042 3067 3095 καὶ
3100 3042 3236 3111 πρὸς
3265 3041 3359 3094 τὸν
3407 3040 3606 3111 Ἰωσὴφ
3648 3039 4028 3111 ἀναφέρουσα,

2461 3136 2483 3155 ³
2516 3152 2529 3155 -
2567 3134 2723 3155 λ-¹λ---
2761 3150 2858 3155 ----υ
2876 3131 3054 3155 -—-!-—
3089 3133 3248 3155 --λημ-
3283 3131 3450 3155 -η-.ιι,.
3497 3132 3589 3155 _L_
3632 3130 3790 3155 ,ηε-,π
3822 3131 4005 3155 ,ηιμ-η

774 3137 883 3189 voti
915 3135 1174 3205 religione
1199 3133 1307 3189 Deo
1340 3144 1656 3189 consecrata
1686 3150 1805 3189 sum
1842 3153 1855 3189 :
1884 3135 2029 3205 quod
2054 3150 2182 3189 vero
2198 3152 2345 3205 quaa-

773 3229 919 3297 piam
949 3227 1238 3295 eonciperc
1269 3241 1331 3279 ac
1359 3240 1549 3294 parere
1578 3226 1696 3280 sine
1728 3227 1829 3280 viri
1856 3228 2137 3281 consortio
2157 3238 2343 3297 queat,

779 3318 832 3370 id
863 3332 927 3369 ex
968 3330 1125 3384 aequo
1160 3315 1300 3367 inter
1331 3315 1690 3384 impossibilia
1751 3317 2147 3384 reponendum.
2176 3318 2347 3371 Porro

771 3408 917 3477 quod
947 3408 1173 3468 addidit.
1202 3408 1450 3474 quoniam
1480 3408 1646 3459 virum
1688 3424 1789 3460 nou
1809 3424 2082 3475 cognosco,
2113 3409 2164 3462 id
2189 3424 2345 3478 pror-

771 3513 866 3552 sus
894 3500 1054 3551 etiam
1092 3498 1155 3550 ad
1184 3495 1479 3565 Joscphum
1503 3496 1789 3562 referebat,
1821 3496 2024 3568 quippe
2051 3513 2173 3567 quae
2200 3514 2344 3567 nup-

771 3592 972 3642 tiarum
1002 3605 1125 3643 cum
1161 3589 1418 3657 ipsojura
1454 3589 1629 3642 solum
1652 3603 1826 3657 usque
1849 3590 1914 3642 ad
1942 3589 2216 3658 sponsalia
2248 3604 2345 3644 no-

772 3690 946 3745 verat,
988 3695 1175 3749 seque,
1214 3689 1402 3748 utpote
1422 3680 1711 3733 donarium
1751 3680 1859 3733 Deo
1882 3696 2101 3734 sacrum
2124 3695 2187 3734 ac
2217 3695 2343 3749 pro-

770 3775 956 3842 pterea
986 3772 1130 3842 lallgi
1180 3770 1353 3836 neias,
1410 3786 1441 3826 a
1471 3773 1567 3825 viri
1634 3773 2031 3825 consuetudine
2081 3770 2344 3840 integrann

773 3879 881 3917 non
915 3866 1092 3917 solum
1122 3864 1173 3917 in
1206 3879 1467 3932 prmscns,
1506 3863 1598 3916 sed
1649 3864 1700 3916 in
1758 3874 2077 3932 perpetuum
2125 3877 2345 3918 servare

769 3956 1103 4011 decreverat.
1138 3958 1311 4025 Atque
1344 3958 1413 4010 ita
1448 3956 1605 4026 plane
1635 3956 1790 4010 iidem
1823 3956 1897 4010 illi
1926 3971 2145 4026 quoque
2178 3956 2347 4011 tradi-

769 4050 903 4105 ti0ni
936 4048 1186 4113 faciebat,
1220 4066 1340 4119 quae
1361 4050 1427 4103 ad
1454 4066 1551 4104 nos
1567 4050 1828 4105 devenita
1856 4049 2129 4117 Patribus,
2166 4050 2344 4121 Virgi-

770 4157 895 4197 nem
936 4158 1040 4196 non
1088 4143 1249 4197 modo
1307 4144 1616 4213 nuptiarum
1670 4158 1853 4205 usum,
1907 4147 2002 4198 sed
2033 4159 2099 4197 ne
2124 4144 2344 4199 deside-

773 4233 917 4287 rium
946 4234 1164 4302 quidem
1201 4234 1445 4303 ejusdem
1473 4236 1705 4289 novisse.
1740 4233 1981 4297 Nullum,
2008 4236 2204 4306 inquit,
2241 4238 2341 4292 viri

769 4325 1100 4379 desiderium
1131 4327 1278 4389 novi,
1334 4326 1477 4380 nulla
1527 4327 1657 4381 mihi
1700 4328 1883 4382 carnis
1932 4330 2189 4383 volunlas
2232 4339 2337 4384 est.

760 4416 927 4481 Quod
956 4419 1173 4485 quidem
1209 4419 1290 4472 vel
1326 4434 1388 4473 ex
1421 4420 1569 4472 omni
1599 4418 1835 4474 femineo
1868 4436 1999 4474 srxu
2064 4422 2342 4491 singulare

770 4509 846 4561 illi
903 4507 1021 4572 fuit,
1050 4509 1307 4578 quoniam
1344 4520 1397 4563 et
1434 4526 1543 4579 pra:
1594 4512 1872 4575 omnibus,
1897 4521 1951 4566 et
1971 4528 2035 4566 ex
2061 4514 2339 4581 proposito

769 4600 1067 4654 voluntatis
1102 4601 1251 4655 hisee
1304 4601 1731 4670 inquinamentis
1772 4602 2087 4669 inaccessae,
2114 4605 2342 4660 castitas

772 4696 822 4743 in
851 4707 913 4744 ea
953 4693 1185 4747 refulsit.
1226 4691 1479 4763 jExinde
1530 4694 1802 4762 duplicem
1838 4710 1899 4749 ea
1958 4697 2122 4750 verba
2173 4696 2347 4765 expli-

769 4786 1042 4839 rationem
1072 4785 1269 4839 habent
1294 4803 1307 4838 :
1332 4786 1411 4839 vel
1429 4787 1573 4840 enim
1594 4789 1890 4855 generatim
1915 4788 2118 4843 incerta
2135 4787 2346 4858 (Virgo)

771 4879 937 4930 lueret
973 4878 1037 4931 de
1071 4888 1338 4945 conceptu
1367 4878 1508 4946 ipso,
1541 4888 1727 4946 utpote
1770 4880 1863 4950 qui
1910 4881 2029 4934 sine
2056 4881 2179 4941 _viri
2216 4896 2349 4935 con-

768 4970 1060 5022 suetudine
1092 4968 1278 5023 haberi
1324 4979 1578 5039 nequeat,
1604 4972 1688 5025 vel
1744 4973 1909 5025 etiam
1959 4973 2180 5025 modum
2207 4987 2340 5026 con-

766 5071 957 5130 ceptus
988 5062 1247 5131 exquirit,
1276 5062 1547 5115 undenam
1580 5063 1788 5117 scilicet
1839 5062 2053 5118 futurus
2080 5065 2169 5119 sit.
2202 5062 2337 5118 Nam

769 5165 1033 5217 sponsum
1064 5150 1339 5218 equidem,
1394 5150 1591 5221 inquit,
1647 5150 1943 5222 Josephum
1994 5153 2145 5225 novi,
2182 5163 2236 5208 at
2262 5153 2340 5207 vi-

769 5257 885 5294 rnm
926 5242 1076 5295 nullo
1098 5243 1284 5306 modo,
1319 5258 1479 5312 quem
1525 5259 1624 5299 nec
1657 5244 1851 5309 habeo,
1879 5259 1980 5299 nec
2020 5227 2208 5316 utique
2237 5245 2336 5299 ha-

770 5331 941 5386 bitura
961 5348 1105 5387 sum.
1133 5333 1251 5388 Non
1274 5335 1419 5391 enim
1449 5335 1549 5404 ipsi
1574 5334 1762 5391 datum
1782 5345 1884 5402 est,
1907 5347 1963 5391 ut
1988 5353 2110 5407 qua:
2136 5339 2336 5395 intacta

2456 3136 2529 3197 ὡς
2565 3134 2726 3204 μέχρι
2759 3131 3054 3203 μνηστείας
3085 3133 3248 3203 μόνον
3280 3131 3454 3185 είδυῐα
3496 3132 3589 3183 τὸν
3628 3130 3793 3185 αὐτοῦ
3822 3131 4028 3199 γάμον,

2455 3226 2551 3278 καὶ
2573 3225 2648 3287 ὡς
2676 3224 2738 3277 ού
2770 3222 2863 3276 νῦν
2895 3224 3076 3294 μόνον,
3106 3222 3244 3277 ἀλλὰ
3284 3224 3379 3277 καὶ
3400 3222 3486 3276 διὰ
3514 3222 3701 3285 τέλους
3758 3220 4031 3291 ἄχραντος

2456 3318 2727 3385 ὲγνωκυῖα
2766 3314 2946 3385 μένειν
2969 3314 3185 3383 ἀνδρὸς,
3238 3308 3328 3366 οἷα
3374 3314 3469 3366 καὶ
3518 3311 3663 3365 θεῖον
3708 3315 3800 3365 καὶ
3850 3311 4033 3380 ἄψαυ-

2456 3425 2580 3462 στον
2609 3407 2923 3478 ἀφιέρωμα.
2961 3406 3184 3469 Πάντως
3209 3405 3267 3459 δὲ
3317 3406 3570 3458 κάκεῖνον
3606 3403 3907 3474 βεϐαιοῦσα
3937 3402 4029 3455 τὴν

2454 3503 2632 3569 λόγον,
2664 3502 2723 3566 ὃς
2770 3505 2833 3555 ὲκ
2868 3502 3123 3572 πατέρων
3173 3500 3252 3564 εἰς
3303 3500 3452 3569 ἡμᾶς
3505 3499 3652 3568 ἥκει,
3694 3498 3778 3551 δτι
3816 3497 3894 3567 μὴ
3929 3495 4032 3565 τὴν

2454 3596 2649 3661 πεῖραν
2682 3592 2776 3646 τοῦ
2817 3593 3000 3661 γάμου
3053 3590 3236 3661 μόνον,
3281 3591 3419 3643 ἀλλὰ
3463 3590 3558 3643 καὶ
3612 3589 3714 3659 τὴν
3735 3588 3929 3656 ἔφεσιν
3994 3586 4030 3657 η

2455 3686 2732 3758 Παρθένος
2766 3685 3054 3756 ἠγνόησεν.
3088 3684 3202 3738 Οὐκ
3226 3682 3468 3752 ἔγνωκα,
3500 3682 3689 3751 φησὶν,
3728 3679 4033 3744 ἐπιθυμίαν

2452 3777 2665 3845 ἀνδρὸς,
2706 3775 2807 3828 οὐκ
2832 3774 2938 3845 ἔχω
2957 3774 3169 3845 θέλημα
3192 3774 3291 3843 τῆς
3316 3772 3537 3842 σαρκός.
3568 3772 3633 3825 '0
3666 3770 3734 3842 δὴ
3759 3772 3857 3824 καὶ
3887 3770 4035 3824 κατα

2453 3870 2636 3937 πάσης
2656 3867 2795 3937 αύτῇ
2829 3866 2926 3936 τῆς
2973 3864 3293 3934 γυναικείας
3319 3862 3598 3933 ἐξαίρετον
3644 3861 3887 3932 φύσεως,
3946 3863 4032 3915 ὅτι

2452 3959 2548 4011 καὶ
2578 3957 2719 4027 ὑπὲρ
2752 3957 2930 4019 πάσας
2953 3956 3093 4027 αὐτῇ
3123 3956 3219 4007 καὶ
3262 3954 3327 4007 ἑκ
3354 3952 3583 4024 γνώμης
3608 3951 3748 4012 ὅλως
3770 3951 4034 4005 ἀνεπιδε-

2452 4066 2581 4103 κτου
2620 4049 2718 4118 τῆς
2749 4046 3010 4119 τοιαύτης
3036 4047 3235 4109 κακίας
3262 4046 3296 4117 ἠ
3327 4044 3676 4115 σωφροσύνη·
3706 4044 3877 4113 ὥστε]
3946 4044 4031 4098 δι-

2452 4142 2619 4206 πλοῦς
2666 4145 2694 4195 ὁ
2738 4142 2915 4211 λόγος·
2953 4141 2987 4212 ἢ
3036 4140 3148 4209 γὰρ
3188 4140 3324 4201 ὅλως
3376 4139 3719 4207 διαπορετται
3752 4138 3884 4207 περὶ
3930 4136 4033 4207 τὴν

2454 4236 2743 4305 σύλληψιν,
2771 4236 2846 4298 ὡς
2875 4234 2937 4286 ού
2966 4232 3200 4302 δυνατὴν
3246 4232 3377 4285 ἄνευ
3412 4230 3630 4301 ἀνδρὸς,
3675 4228 3787 4281 εἴτε
3817 4230 3915 4281 καὶ
3938 4228 4031 4282 τὸν

2450 4330 2649 4396 τρόπον
2679 4328 2843 4381 αὑτὸν
2868 4325 3118 4393 ἐπιζητεί
3146 4323 3246 4391 τῆς
3277 4322 3616 4392 συλλήψεως,
3646 4321 3706 4387 ἐξ
3728 4312 3945 4382 οὗτινος
3964 4319 4031 4373 ἂν

2377 4470 2419 4523 D
2452 4421 2545 4473 καὶ
2577 4421 2809 4487 γένοιτο.
2860 4417 2963 4469 Τὸν
2993 4415 3102 4486 γὰρ
3164 4413 3362 4523 Ἰωσῗιςρ
3410 4406 4028 4523 εινηστῆραὶμὲῖὶοῖῗῖο

2449 4512 2636 4582 φησὶν,
2669 4510 2836 4580 ἄνδρα
2862 4508 2919 4560 δὲ
2940 4506 3215 4577 οὐδαμῶς,
3248 4504 3362 4558 οὔτ’
3408 4504 3628 4575 ἔχουσα,
3660 4503 3800 4572 τάχα
3824 4501 3883 4555 δὲ
3910 4501 4029 4555 οὔθ’

2440 4603 2655 4667 ἕξουσα.
2686 4600 2764 4657 Οὐ
2788 4601 2898 4670 γὰρ
2921 4599 2987 4669 δὴ
3015 4599 3226 4652 δέδοται
3269 4598 3366 4651 καὶ
3395 4596 3459 4650 τὸ
3483 4595 3683 4665 ψαύειν
3704 4594 3858 4663 αὐτῷ
3907 4593 4021 4648 τῶν

2440 4695 2760 4766 ἀψαύστων,
2798 4693 2922 4746 οὐδὲ
2951 4692 3043 4745 τὸν
3074 4689 3576 4758 ἀποκεκλεισμένον
3600 4689 3779 4757 κῆπον
3807 4688 4025 4740 ἀποσυ-

2443 4788 2561 4858 λᾷν.
2576 4786 2695 4839 οὐδὲ
2710 4786 2769 4839 τὸ
2786 4786 2887 4853 tot;
2895 4783 3225 4855 ραγισμὲνον
3244 4781 3451 4853 βιϐλίον
3465 4778 4008 4847 ἀποσφραγίζεσθαι.

2446 4880 2719 4949 Σύμφωνα
2769 4876 2941 4929 ταῦτα
2987 4875 3097 4928 τῶν
3167 4876 3227 4927 ὲν
3290 4872 3634 4943 ἁποκρύφοις
3691 4870 4021 4940 ίστορουμὲο

2449 4990 2553 5025 νων
2583 4989 2595 5003 ·
2625 4972 2707 5023 ὅτι
2737 4967 2990 5022 τοσοῦτον
3022 4966 3250 5037 ὲξελέγη
3274 4960 3457 5037 ’μόνον
3495 4967 3525 5018 ὀ
3566 4965 3764 5034 Ἰωσὴφ
3793 4962 3886 5016 ἐπ’
3906 4962 4025 5015 ὀνόο

2453 5080 2585 5133 ματι
2617 5062 2717 5129 τῆς
2762 5059 3054 5132 μνηστείας
3095 5060 3195 5128 τὴν
3238 5057 3488 5127 φυλακὴν
3525 5056 3694 5124 αὐτῆς
3740 5054 4021 5107 ποιεῖσθαι

2439 5156 2535 5225 τῆς
2593 5154 2918 5224 παρθενίαςο
2955 5152 3016 5205 ού
3044 5150 3155 5222 γὰρ
3202 5150 3267 5220 δὴ
3311 5150 3405 5204 καὶ
3428 5148 3491 5203 τδ
3539 5146 3877 5215 κοινωνῆσαι
3920 5147 4019 5213 γά-

2444 5263 2561 5315 μων
2613 5244 2751 5313 αὐτῇ
2806 5259 2957 5306 ποτε,
2995 5241 3070 5312 μὴ
3115 5241 3208 5294 καὶ
3256 5238 3562 5310 ἱεροσυλίαν
3606 5236 4021 5308 κατακριθῶσιν

2439 5338 2717 5407 ἄντικρυς,
2749 5333 3129 5400 ἁποσυλῶντες
3155 5331 3251 5388 τοῦ
3277 5331 3413 5388 Θεοῦ
3438 5331 3501 5385 τὸ
3526 5330 3812 5400 ἀνάθημα.

837 5558 880 5589 ’³
937 5557 1074 5638 iure.
1350 5561 1548 5638 “Luc.
1583 5580 1621 5630 ι,
1650 5562 1738 5638 33.
1768 5637 1779 5638 ί
1820 5566 1862 5597 ’⁵
1894 5566 1908 5618 Ι
1935 5565 2060 5638 Cor.
2104 5581 2193 5633 xv,
2222 5565 2291 5626 ‘28
2324 5580 2338 5623 :
2368 5569 2516 5625 ὐτατ

2335 5612 2338 5622 .
2368 5569 2535 5625 Ὅταν
2561 5566 2614 5625 δὲ
2643 5566 2889 5638 ὑποταγῇ
2919 5563 3068 5638 αὐτῷ
3107 5563 3174 5622 τὰ
3223 5562 3474 5624 πάντα...
3522 5559 3658 5620 Cum
3685 5570 3868 5618 autem
3895 5560 4014 5618 sub-

767 5639 897 5688 ιυηια
926 5629 1121 5697 fuerint
1151 5630 1230 5684 illi
1273 5637 1473 5700 omnia,
1505 5646 1609 5690 etc.
1690 5636 1733 5668 "
1764 5637 1892 5691 Luc.
1934 5654 1969 5699 I,
1998 5637 2085 5692 Si.

836 5834 911 5884 μὶ)
954 5832 1191 5893 lntclliee
1223 5833 1404 5891 θυμω)
1440 5837 1604 5890 lilium
1644 5835 1803 5891 Nave.
