4252 6436
312 470 419 533 825

1084 465 1338 525 SERMO
1382 464 1459 523 ΙΝ
1501 466 1603 524 SS.
1654 463 1929 524 DElP.\R
1959 467 1999 523 Ε
2046 465 2759 526 ᾹἺἫΝΤΗἹῚΠΧΕΝῘ.

3435 466 3538 527 82ϋ

313 592 437 632 sunt
463 586 666 648 tangat,
700 593 873 646 neque
900 587 954 630 ut
987 577 1204 630 hortum
1270 576 1588 629 conclusum
1654 578 2009 644 delira-detur,
2072 592 2245 640 neque
2290 588 2345 628 ut
2369 582 2747 642 cunsignatttm
2775 577 2970 628 librum
3028 573 3548 640 resignct.l‘.ot;sona

311 680 424 732 lucc
457 683 582 728 sunt
611 688 731 725 enm
762 671 827 722 iis
881 682 1002 737 qua:
1074 667 1126 719 in
1182 665 1505 735 apocrypbis
1567 676 1858 718 narrantur
1889 706 1902 728 ,
1944 666 2236 734 .losepbnm
2301 669 2547 720 videlicet
2588 670 2638 721 in
2680 671 2827 723 bune
2855 668 3203 721 solummodo
3247 666 3406 718 linem
3442 669 3550 718 ele-

310 781 457 824 ctum
484 767 673 824 fuisse,
707 771 765 814 ut
793 755 1232 827 desponsationis
1301 756 1520 807 nomine
1570 755 1894 822 virginitatis
1935 757 2105 824 ipsius
2158 757 2464 810 custodiam
2499 758 2744 822 baberet,
2785 758 2926 811 hami
2959 771 3089 811 vero
3155 772 3305 819 sane,
3332 764 3390 808 ut
3430 772 3553 808 cum

311 866 428 932 ipsa
468 863 522 915 in
543 857 797 912 connubii
827 869 1045 925 quoque
1090 852 1538 906 consuetudinem
1569 853 1860 921 aliquando
1928 856 2136 908 veniret
2173 870 2187 916 ;
2233 855 2371 907 absit
2410 855 2554 906 enim
2620 855 2760 907 utin
2798 853 3085 909 donarium
3146 851 3253 906 Deo
3298 851 3552 906 devotum

311 975 509 1015 manus
539 955 844 1024 injicientes
889 951 1152 1006 continuo
1201 949 1283 1003 vel
1325 948 1595 1016 sacrilegii
1647 948 2062 1003 damnarentur.

382 1053 499 1116 ις’.
532 1049 595 1102 Τί
641 1047 734 1100 οὖν
767 1048 795 1097 6
837 1045 1201 1114 νυμφαγωγός
1236 1058 1292 1093 τε
1325 1044 1419 1094 καὶ
1465 1043 1874 1110 νυμφοστόλος;
1913 1050 1956 1104 Α
2053 1041 2061 1094 ἶ

1913 1050 1956 1104 Α
2053 1041 2192 1096 XVI.
2230 1041 2368 1106 Quid
2400 1041 2583 1111 itaque
2631 1041 2719 1097 ille
2760 1057 2974 1110 sponsae
3027 1043 3310 1104 adductor,
3339 1039 3559 1108 nuptia-

314 1146 502 1216 ἷηορα,
537 1141 653 1202 πῶς
684 1141 750 1210 τῇ
785 1138 1048 1206 Παρθένῳ
1080 1134 1197 1187 λύει
1250 1136 1349 1204 τὴν
1378 1137 1614 1204 ἀπορίαν
1653 1135 1682 1185 6
1717 1137 1886 1202 ἄγγε..

311 1237 400 1298 λος
432 1234 548 1302 καὶ]
578 1234 690 1295 πῶς
717 1233 851 1300 αὐτῇ
875 1228 1219 1299 διερμηνεὺει
1243 1228 1334 1280 τὸν
1377 1226 1654 1296 ἄφθαρτον
1685 1227 1880 1296 γάμον,

315 1331 409 1382 καὶ
444 1329 534 1380 τὸν
568 1327 844 1395 ἄφραστον
869 1323 1024 1374 τόκον
1061 1320 1181 1390 [καὶ
1227 1322 1317 1372 τὸν
1347 1320 1731 1387 ἀκατάληπτον
1757 1320 1884 1387 τρό-

316 1419 460 1490 πον],
497 1419 587 1470 καὶ
631 1417 748 1485 ἅμα
799 1415 1150 1484 μυσταγωγεῖ
1176 1411 1234 1463 τὶ)
1292 1412 1389 1480 τῆς
1446 1411 1674 1479 Τριαδος
1727 1412 1868 1480 αὐτῇ

319 1513 657 1581 μυστήριονο
730 1506 828 1578 [Οὐ
877 1505 1052 1574 χρεία,
1116 1506 1303 1572 φησὶν,
1371 1503 1566 1572 ἀνδρός
1604 1520 1617 1532 ·
1668 1502 1727 1554 οὐ
1779 1504 1886 1569 γὰρ

314 1604 512 1671 ὁμοίως
567 1603 688 1663 ταῖς
723 1599 909 1659 ἄλλαις
939 1598 1030 1671 ,τὰ
1092 1597 1159 1648 σὰ
1194 1635 1209 1660 ,
1267 1596 1456 1665 ὥσπερ
1520 1595 1638 1647 οὐδὲ
1686 1596 1754 1647 τὰ
1795 1594 1885 1646 τοῦ

318 1700 448 1753 Υίοῦ
481 1701 591 1762 τοῖς
615 1698 768 1758 υἱοῖς,
798 1696 872 1748 Οὐ
905 1694 1012 1764 γὰρ
1039 1694 1072 1762 ἡ
1109 1691 1175 1761 σὴ
1201 1690 1458 1760 σύλληψις
1472 1693 1567 1759 τῆς
1592 1689 1888 1758 παρθενίας

315 1794 647 1862 ἀφαίρεσις,
710 1788 843 1842 ἀλλὰ
912 1786 1006 1839 καὶ
1107 1784 1414 1836 τούναντίον
1502 1783 1733 1850 σφραγὶς
1794 1783 1887 1833 καὶ

319 1883 668 1950 συντήρησις.
731 1879 897 1948 Δέχου
936 1875 1050 1939 οῦν,
1103 1866 1147 1925 ὧ
1207 1875 1472 1945 Παρθένε,
1529 1874 1590 1925 τὸ
1653 1872 1883 1941 λεχθέν·

319 1974 395 2044 μὴ
461 1972 614 2043 ζήτει
666 1970 725 2024 τὸ
787 1970 1030 2039 σιγηθέν.
1085 1967 1175 2036 Τῷ
1244 1968 1380 2035 τόκῳ
1451 1964 1758 2034 μαρτυρῶο
1811 1962 1890 2032 τῷ

316 2065 515 2135 πρόπιρ
564 2060 908 2132 παραχωρῶ.
956 2057 1224 2126 Ἀγγελος
1295 2057 1442 2126 γὰρ,
1505 2055 1562 2106 οὐ
1639 2054 1890 2107 διδασκα-

315 2157 406 2221 λός
468 2174 551 2210 σοι
603 2157 702 2225 τῆς
751 2153 1065 2222 οἰκονομίας
1125 2149 1365 2219 ἐλήλυθα
1397 2163 1412 2178 ⁸
1477 2148 1722 2210 διάκονος
1796 2146 1891 2198 καὶ

317 2247 493 2320 κήρυξ
540 2247 636 2316 τῆς
678 2245 1014 2312 Δεσποτικῆς
1078 2240 1390 2309 ἀπεστάλην
1445 2237 1890 2307 ὲπιδημίας,οὐκ

315 2339 611 2410 ἑρμηνεὺς,
640 2336 750 2391 οὐδ’
805 2335 1078 2405 ἐξηγητὴς
1141 2332 1238 2386 τοῦ
1284 2333 1728 2401 προστάγματος.
1763 2328 1890 2391 Πῶς

1988 1149 2218 1202 rumque
2248 1148 2453 1203 auspex
2479 1134 2745 1202 angelus?
2775 1132 2935 1204 [Vide
2966 1136 3242 1201 quomodo
3269 1147 3299 1187 a
3334 1130 3558 1200 Virgine

1986 1225 2355 1279 dubitationes
2404 1226 2580 1293 abigat
2639 1225 2712 1296 et]
2760 1228 3035 1292 quomodo
3095 1225 3556 1278 iucontaminatas

1989 1319 2090 1388 ipsi
2124 1320 2342 1386 nuptias
2383 1320 2820 1388 inelTaLilemquc
2861 1332 3076 1389 partum
3132 1326 3211 1389 [et
3253 1321 3557 1386 incompre-

1989 1411 2308 1464 ln-nsibilem
2348 1411 2590 1476 ejusdem
2636 1410 2926 1480 rationem]
2958 1411 3113 1479 quasi
3152 1412 3420 1477 interpres
3461 1424 3558 1462 ex-

1987 1513 2173 1570 ponat,
2198 1518 2258 1554 ac
2293 1502 2612 1570 mysterium
2645 1503 2807 1556 simul
2838 1503 3124 1556 Trinitatis
3159 1518 3279 1555 eam
3307 1502 3554 1554 edoceat.

1993 1594 2183 1664 [NibiL
2212 1594 2406 1660 inquit,
2434 1609 2572 1661 Opus
2600 1603 2682 1646 est.
2713 1595 2865 1657 viro;
2905 1612 3079 1663 neque
3109 1595 3255 1648 enim
3310 1604 3402 1646 tua
3427 1607 3552 1646 cum

1989 1687 2110 1739 aliis
2138 1686 2478 1748 mulieribus,
2537 1685 2696 1739 sicuti
2740 1701 2838 1739 nec
2861 1701 2982 1754 qum
3020 1697 3147 1739 sunt
3195 1685 3286 1738 lilii
3325 1685 3400 1737 tui
3428 1698 3553 1736 cum

1989 1778 2109 1830 aliis
2125 1777 2266 1838 liliis,
2288 1777 2581 1846 quidquam
2599 1792 2891 1831 commune
2916 1778 3134 1829 habent.
3156 1775 3554 1841 (lonceptiotua

1992 1870 2134 1923 haud
2164 1886 2292 1922 sane
2324 1871 2653 1938 virginitatis
2681 1878 2762 1922 est
2782 1869 2967 1928 funus.
2990 1869 3080 1921 sed
3107 1887 3136 1920 e
3164 1882 3428 1921 converso
3455 1866 3556 1918 0b-

1991 1960 2222 2027 signatio
2265 1961 2444 2028 potius
2498 1970 2551 2012 et
2592 1959 2860 2014 custodia.
2899 1961 3045 2013 Tene
3079 1959 3263 2029 igitur,
3299 1974 3331 2011 o
3365 1957 3553 2025 Virgo,

1991 2048 2132 2116 quod
2167 2049 2258 2101 tibi
2296 2050 2624 2112 revelatum;
2658 2049 2800 2116 quod
2834 2049 3048 2102 silentio
3084 2059 3167 2102 est
3192 2049 3542 2106 obvolutum.

1991 2155 2059 2192 ne
2099 2155 2330 2208 qureras.
2365 2139 2436 2190 De
2472 2149 2622 2207 partu
2659 2141 2816 2193 tidem
2860 2140 3031 2200 facio;
3067 2140 3134 2193 de
3181 2141 3339 2193 modo
3377 2139 3556 2192 dicere

1993 2231 2166 2285 mitto.
2196 2231 2429 2286 Nuntius
2475 2234 2617 2286 enim
2667 2233 2760 2286 tibi
2809 2232 3256 2300 dispensationis,
3296 2248 3400 2284 non
3436 2245 3557 2284 ma-

1994 2325 2158 2393 gister
2199 2325 2344 2378 veni:
2379 2325 2624 2379 minister
2645 2333 2699 2378 et
2741 2339 2917 2394 prmco
2963 2324 3231 2378 Dominici
3287 2323 3555 2376 adventus

316 2431 470 2483 ἔσται
525 2426 703 2493 τοῦτο,
739 2421 879 2478 οἶδεν
925 2423 1085 2487 αὐτὸς
1134 2425 1162 2475 6
1220 2425 1432 2493 παρών’
1470 2423 1550 2474 ὅτι
1601 2420 1882 2489 πάρεστιν,
1921 2406 1995 2467 BI

1870 2459 1882 2481 ,
1921 2406 1960 2458 Β
1989 2417 2188 2468 missus
2213 2431 2357 2479 sum,
2393 2431 2498 2468 non
2524 2417 2812 2482 interpres,
2838 2432 3012 2484 neque
3045 2417 3366 2485 explanator
3394 2430 3549 2466 man—

319 2521 667 2589 ἐπίσταμαι·
716 2517 809 2570 τὸν
872 2516 930 2568 δὲ
968 2515 1170 2586 τρόπον
1224 2514 1441 2580 λέγειν,
1497 2512 1558 2565 οῦ
1598 2509 1880 2580 δύναμαιή

317 2610 559 2678 Πνεῦμα
587 2609 756 2676 ἅγιον
789 2608 1178 2661 ἐπελεύσεται
1228 2605 1327 2658 ἐπὶ
1374 2605 1449 2656 σὲ
1480 2603 1601 2671 (καὶ
1634 2602 1885 2670 δύναμις

330 2703 623 2770 Ὑψίστου
675 2700 1013 2754 ἐπισκιάσει
1049 2703 1194 2766 σοι).
1236 2697 1334 2768 [οὺ
1364 2694 1472 2765 γὰρ
1531 2693 1742 2763 ἀνδρὸς,
1771 2692 1884 2746 ἀλλ’

319 2795 477 2862 ἁγίου
514 2791 828 2862 Πνεῦματος
875 2793 908 2861 ἡ
953 2791 1260 2854 ὲπέλευσις,
1294 2789 1388 2840 καὶ
1420 2787 1588 2856 αὐτῆς
1637 2786 1734 2854 τῆς
1788 2784 1882 2836 τοῦ

328 2884 586 2953 Ὑψίστου
615 2883 893 2951 δυνάμεως
917 2881 1294 2952 ἡέπισκίασις.
1315 2878 1389 2931 Τδ
1415 2878 1513 2946 μὲν
1533 2873 1625 2930 οὖν
1640 2874 1882 2944 Πνεῦμα,

316 2979 506 3048 φησὶν,
529 2973 904 3045 ἐπελεύσεται]
939 2972 1322 3042 προοδοποιοῦν
1358 2970 1434 3040 τῷ
1463 2971 1574 3040 Υίῷ
1624 2970 1722 3038 τὴν
1771 2969 1884 3020 εἴσ-

316 3071 435 3122 οδον
485 3069 578 3122 καὶ
633 3066 983 3137 προενοικοῦν
1038 3066 1131 3118 καὶ
1187 3062 1556 3135 προκαθαίρον
1621 3060 1767 3128 αὐτῷ
1796 3059 1886 3110 τὸν

317 3158 580 3227 θάλαμον,
647 3156 848 3225 μᾶλλον
895 3155 949 3206 δὲ
1005 3157 1100 3206 καὶ
1153 3150 1658 3222 προσκαλλωπίςον,
1701 3151 1749 3202 εἰ
1794 3149 1884 3200 καὶ

317 3249 758 3322 προκεκὰώαρται
782 3247 877 3301 καὶ
902 3244 1467 3317 προκεκαλλώπισται.

389 3511 500 3565 Καὶ
525 3511 779 3577 δύναμις
821 3507 1116 3576 ’Υψίστου
1143 3506 1484 3560 ἐπισκιάσει
1527 3519 1622 3557 σοι
1654 3519 1668 3533 ⁸
1700 3502 1880 3566 τοῦτο,

319 3605 413 3656 καὶ
435 3606 464 3656 6
507 3603 631 3663 Υἱὸς
662 3603 777 3670 ἅμα
822 3600 915 3652 καὶ
942 3601 969 3652 ὀ
1004 3600 1191 3667 Πατήρ
1224 3615 1238 3628 °
1275 3599 1302 3650 6
1342 3598 1461 3666 μὲν,
1494 3598 1526 3665 ή
1581 3595 1829 3664 δύναμις,
1858 3596 1886 3648 ό

322 3695 447 3756 Υἱός
479 3711 494 3726 ⁸
541 3696 570 3746 6
625 3693 705 3755 δὲ,
739 3687 910 3762 οὗπερ
949 3693 983 3761 ἡ
1031 3691 1284 3758 δύναμις,
1319 3690 1347 3741 6
1380 3689 1592 3758 Πατήρ.
1632 3688 1884 3756 Χριστὸς
1910 3731 1954 3793 C

321 3790 430 3857 γὰρ
471 3785 617 3839 Θεοῦ
648 3785 900 3852 δύναμις
934 3784 1029 3835 καὶ
1062 3781 1212 3834 Θεοῦ
1237 3780 1442 3848 σοφία.

391 3878 501 3930 Καὶ
537 3875 884 3928 ἐπισκιάσει
934 3889 1035 3927 σοι
1070 3888 1083 3901 ·
1125 3873 1340 3925 σκιὰσει
1392 3871 1492 3941 μὲν
1537 3870 1598 3924 τὸ
1637 3869 1884 3940 Πνεῦμα,

322 3967 634 4022 ἐπισκιάσει
660 3966 715 4019 δὲ
757 3966 906 4028 Υἱὸς,
947 3964 1195 4032 καθάπερ
1225 3963 1758 4032 ἑσκιαγραφημένοις
1805 3978 1886 4012 τι·

323 4064 410 4113 σὶν
435 4061 535 4129 ἤδη
577 4057 728 4128 παρὰ
758 4057 852 4109 τοῦ
883 4054 1198 4123 Πνεύματος
1229 4055 1342 4116 τοῖς
1372 4053 1704 4124 χαρίσμασιν
1761 4055 1884 4104 ὲπι-

321 4153 530 4206 ϐάλλων
552 4151 644 4203 καὶ
663 4150 799 4202 αὐτὰ
821 4147 889 4200 τὰ
919 4147 1202 4216 χρώματα,
1235 4145 1373 4197 αὐτὰ
1397 4146 1452 4197 δὲ
1483 4145 1678 4198 ἑαυτοῦ
1710 4145 1886 4198 πάντα

321 4246 390 4297 τὰ
434 4243 676 4311 πατρικὰ
700 4239 1056 4309 γνωρίσματα
1079 4254 1092 4268 ο
1124 4239 1157 4306 ἢ
1193 4237 1284 4289 καὶ
1317 4237 1414 4308 τὴν
1437 4237 1662 4288 ἀθέατον
1693 4236 1883 4301 αὑτοῦ,

321 4336 476 4405 φησὶ,
507 4335 723 4402 μορφὴν
767 4333 824 4383 ἐν
856 4331 938 4382 σοὶ
989 4330 1084 4382 καὶ
1123 4328 1363 4390 σκιωδῶς
1404 4330 1757 4399 περιγράψει,
1791 4331 1885 4382 καὶ

317 4427 379 4476 τὺ
408 4425 529 4477 καθ’
561 4424 704 4491 ἡμᾶς
723 4423 780 4475 ἐν
805 4420 887 4472 σοὶ
920 4420 1334 4489 μορφωθήσεται
1359 4435 1374 4450 θ
1398 4421 1430 4490 ἢ
1458 4422 1551 4474 καὶ
1589 4423 1622 4492 ή
1647 4420 1742 4473 τοῦ
1769 4423 1881 4474 Πα-

318 4515 445 4586 τρὸς
477 4515 615 4584 αὑτὴ
648 4513 903 4582 σφραγὶς,
931 4512 992 4564 τὸ
1026 4511 1386 4580 ἀπαύγασμα,
1417 4511 1478 4563 τὸ
1502 4512 1878 4580 ἀποσκίασμα,

321 4609 425 4661 κάν
466 4609 548 4659 σο).
569 4605 1088 4674 διασημανθήσεται,
1116 4603 1292 4664 πασας
1316 4602 1448 4672 ὁμοῦ
1473 4604 1572 4664 τὰς
1604 4604 1877 4674 πατρικὰς

318 4698 598 4767 ἐνεργείας
649 4697 824 4748 εἴτουν
881 4695 1034 4757 σκιὰς
1104 4694 1196 4746 καὶ
1242 4695 1368 4755 τοὺς
1421 4696 1770 4763 χαρακτῆρας
1821 4697 1882 4746 ἐν

319 4791 497 4858 ἑαυτῷ
552 4787 861 4858 περιφέρων
916 4786 1034 4855 [καὶ
1075 4786 1162 4848 σὸς
1196 4785 1392 4848 Υίὸς,ὁ
1443 4785 1536 4838 καὶ
1588 4783 1684 4836 τοῦ
1736 4783 1872 4837 Θεοῦ

319 4882 412 4937 καὶ
435 4879 645 4950 [ἰατρὸς
670 4881 816 4943 Υἱὸς,
844 4879 1126 4947 γινόμενος
1150 4879 1240 4930 καὶ
1268 4877 1430 4930 καλοῦ
1441 4876 1652 4948 μενος.]

387 5055 483 5111 1Ζ’.
528 5055 689 5108 Ἀλλὰ
733 5055 924 5106 σκόπει
984 5071 1077 5122 μοι
1125 5053 1226 5123 τὴν
1266 5053 1571 5123 ἀκρίϐειαν.
1617 5052 1722 5105 Τοῦ
1780 5054 1878 5122 μὲν

1989 2505 2119 2560 dati.
2145 2505 2433 2568 Quomodo
2454 2505 2694 2559 futurum
2722 2506 2775 2559 id
2807 2506 2898 2568 sit,
2921 2510 3068 2561 novit
3098 2506 3215 2574 ipse
3242 2506 3335 2574 qui
3361 2506 3512 2558 adest
3539 2522 3554 2558 :

1990 2613 2112 2650 nam
2171 2598 2361 2650 adesse
2414 2613 2562 2660 eum,
2595 2609 2934 2668 perspectum
2982 2600 3185 2663 habeo;
3223 2609 3276 2652 at
3334 2598 3553 2650 modum

1989 2690 2222 2750 edicere,
2248 2690 2379 2742 mibi
2407 2707 2510 2742 non
2545 2690 2826 2762 suppetit].
2864 2689 3098 2756 Spiritus
3129 2701 3346 2742 sanctus
3373 2706 3555 2753 super-

1989 2778 2151 2830 veniet
2193 2779 2243 2829 in
2272 2789 2319 2830 te
2359 2779 2425 2840 (ct
2457 2781 2624 2831 virtus
2670 2779 2936 2831 Altissimi
2983 2779 3311 2831 obumbrabit
3342 2779 3434 2831 tibi
3465 2778 3554 2847 ").

1990 2868 2125 2939 [Non
2153 2869 2295 2921 enim
2321 2871 2440 2930 viri,
2481 2870 2572 2924 sed
2599 2870 2836 2939 Spiritus
2864 2871 3035 2924 sancti
3065 2871 3169 2924 erit
3193 2873 3476 2933 adventus,
3506 2878 3560 2924 et

1990 2962 2163 3030 ipsius
2233 2961 2452 3016 virtutis
2520 2962 2788 3015 Altissimi
2846 2961 3214 3016 obumbratio.
3277 2961 3554 3030 Spiritus,

1988 3067 2117 3120 ergo
2161 3052 2354 3121 inquit,
2389 3053 2758 3124 superveniet]
2816 3053 2907 3122 qui
2967 3051 3106 3105 Filio
3161 3053 3304 3105 viam
3349 3053 3558 3118 ingrcs-

1988 3159 2216 3212 sumque
2249 3154 2530 3212 praeparet,
2573 3160 2637 3198 ac
2679 3145 2826 3213 prior
2851 3146 2904 3198 in
2945 3153 2997 3198 te
3036 3146 3214 3207 sistat.
3244 3153 3355 3197 tum
3385 3144 3557 3197 thala-

1989 3252 2134 3289 mum
2171 3236 2248 3289 illi
2282 3237 2638 3305 przemundet,
2667 3251 2763 3290 seu
2811 3236 2992 3306 p0tius
3037 3236 3147 3305 jam
3195 3245 3353 3291 antea
3393 3251 3557 3289 mun-

1986 3328 2172 3380 datum
2233 3337 2287 3382 et
2328 3337 2651 3382 exornatum
2706 3326 3061 3397 splendidiori
3110 3327 3288 3382 adhuc
3355 3327 3559 3381 decore

1986 3429 2233 3472 cxorneL

2060 3509 2128 3562 Et
2150 3511 2317 3564 virtus
2350 3509 2613 3564 Altissimi
2643 3509 3124 3573 obumbrabittibi;
3158 3510 3210 3565 id
3255 3516 3362 3575 est,
3387 3518 3439 3565 ct
3471 3507 3559 3562 Fi-

1986 3601 2092 3656 lius
2139 3601 2301 3655 simul
2347 3611 2403 3656 et
2464 3600 2657 3665 Pater;
2687 3600 2859 3656 Filius
2905 3611 2989 3656 est
3041 3603 3207 3663 enim.
3239 3601 3331 3671 qui
3385 3601 3560 3654 virtus

1990 3693 2328 3761 appellatur;
2366 3691 2527 3746 Pater
2565 3706 2715 3758 vero,
2741 3694 2900 3763 cujus
2961 3694 3051 3747 ille
3111 3693 3288 3747 virtus
3336 3693 3554 3746 dicitur.

1988 3778 2120 3834 Nam
2157 3780 2398 3834 Christus
2423 3780 2518 3833 Dei
2551 3783 2714 3833 virtus
2743 3793 2820 3835 est
2860 3792 2909 3834 et
2939 3782 3030 3836 Dei
3065 3783 3332 3850 sapientia
3379 3781 3444 3833 ¹⁸.
3489 3779 3558 3833 Et

1987 3871 2317 3925 obumbrabit
2371 3873 2467 3925 tibi
2534 3889 2552 3926 :
2621 3874 2973 3927 obumbrabit
3034 3883 3086 3927 te
3146 3874 3365 3941 quidem
3433 3870 3560 3940 Spi-

1987 3965 2125 4019 ritus
2184 3975 2441 4030 sanctus,
2502 3967 2594 4021 sed
2637 3967 2982 4021 obumbrabit
3021 3976 3076 4021 et
3130 3963 3320 4030 Filius,
3371 3964 3559 4033 gratia:

1987 4057 2143 4111 donis
2193 4058 2304 4125 jam
2361 4072 2390 4110 a
2453 4057 2660 4126 Spiritu
2725 4059 3126 4128 quodammodo
3201 4057 3547 4112 adumbratis

1985 4149 2148 4201 etiam
2177 4163 2308 4202 suos
2334 4149 2450 4217 (per
2469 4149 2548 4217 se)
2585 4150 2850 4217 adjiciens
2902 4150 3132 4210 colores.
3159 4149 3307 4218 ipsas
3365 4149 3557 4218 utique

1986 4257 2014 4294 a
2069 4240 2222 4295 Patre
2274 4250 2523 4310 acceptas
2572 4241 2654 4295 sui
2709 4241 2881 4310 ipsius
2916 4243 3272 4311 proprietates
3317 4255 3553 4307 omnes;

1987 4349 2080 4389 seu
2139 4334 2325 4394 etiam,
2380 4334 2577 4403 inquit,
2621 4334 2952 4387 invisibilem
3006 4349 3162 4388 suam
3210 4333 3438 4386 formam
3503 4333 3555 4384 in

1987 4435 2039 4480 te
2093 4424 2326 4492 quadam
2392 4425 2538 4477 velut
2597 4425 2790 4476 umbra
2832 4423 3264 4484 eircumscribet,
3312 4431 3553 4476 nostram

1986 4518 2194 4571 scilicet
2226 4516 2454 4570 formam
2497 4515 2550 4568 in
2607 4524 2658 4568 te
2703 4527 2977 4579 assumet;
3016 4529 3110 4569 seu
3148 4515 3332 4575 etiam,
3377 4515 3552 4580 ipsum

1985 4609 2162 4662 Patris
2208 4607 2571 4676 signaculum,
2601 4606 2857 4675 splendor
2895 4605 2960 4669 ",
3012 4604 3355 4658 adumbratio
3390 4603 3552 4655 etiam

1983 4701 2036 4753 in
2083 4710 2134 4753 te
2167 4697 2621 4762 manifestabitur,
2650 4712 2840 4753 omnes
2880 4697 3082 4765 pariter
3133 4703 3390 4763 paternas
3432 4693 3550 4745 vir-

1985 4799 2167 4852 tutes,
2226 4804 2321 4842 seu
2371 4789 2595 4842 umbras
2661 4796 2826 4857 atque
2889 4787 3217 4841 lineamenta
3265 4786 3320 4838 in
3362 4784 3547 4853 seipse

1983 4877 2372 4932 circumferens
2404 4876 2478 4947 [et
2528 4879 2668 4932 lilius
2725 4889 2852 4934 tuus
2892 4878 3160 4931 essistens
3206 4886 3261 4931 et
3293 4885 3545 4941 vocatus,

1910 4971 2081 5042 uni
2111 4972 2270 5024 etiam
2333 4969 2424 5022 Dei
2472 4985 2534 5024 ac
2589 4968 2767 5024 Patris
2835 4979 2918 5023 est
2961 4967 3177 5037 Filius].

2046 5059 2203 5114 XVII.
2238 5059 2436 5114 Verum
2471 5063 2698 5128 inspice,
2727 5077 2933 5130 quaeso,
2976 5069 3294 5115 accuratum
3335 5075 3546 5114 sermo-

318 5148 654 5218 Πνεῦματος,
689 5148 872 5214 φησιν,
898 5148 932 5214 ἡ
961 5146 1260 5206 ὲπέλευσις,
1299 5147 1436 5216 μόνη
1456 5146 1489 5214 ἡ
1516 5145 1654 5198 κατὰ
1692 5145 1878 5214 σχέσιν
1977 5170 1997 5207 ι

1872 5163 1878 5190 ν
1977 5169 2122 5207 nem.
2165 5153 2348 5206 Sancti
2414 5153 2669 5222 Spiritus,
2712 5154 2908 5222 inquit,
2945 5154 3212 5208 adventus
3275 5153 3551 5206 illumina-

318 5238 580 5307 ἔλλαμψις
608 5252 621 5264 ·
656 5238 687 5305 ἡ
721 5236 778 5288 δὲ
823 5234 916 5286 τοῦ
952 5234 1081 5287 Υίοῦ
1122 5239 1212 5286 καὶ
1265 5235 1596 5296 ὲπισκίασι-ς,
1629 5236 1794 5304 ἤγουν
1846 5238 1879 5305 ή
1977 5255 1996 5299 ι

1869 5253 1879 5305 ι
1977 5247 2176 5299 tionem
2236 5244 2614 5298 tantummodo
2660 5245 2793 5299 dicit
2833 5260 2927 5314 per
2969 5245 3212 5299 habitum
3243 5262 3257 5307 ;
3285 5243 3548 5297 adventus

319 5331 438 5382 κατ’
468 5329 652 5380 οὐσίαν
683 5327 917 5396 οἴκησις.
950 5326 981 5396 ἢ
1036 5328 1127 5378 καὶ
1166 5329 1198 5396 ἡ
1234 5327 1331 5396 τῆς
1360 5327 1561 5397 σαρκὸς
1589 5327 1876 5395 ἀνάληψις.

315 5422 415 5493 44.6
441 5421 535 5483 καὶ
582 5421 649 5472 τὸ
690 5421 1061 5488 τενπῦμενογ
1116 5417 1284 5486 ἅγιον
1333 5418 1699 5484 κληθήσεται
1749 5420 1877 5484 Υἱὸς

318 5512 487 5565 Θεοῦ.
517 5512 592 5563 Οὐ
623 5511 709 5563 διὰ
734 5511 832 5579 τὴν
866 5509 987 5562 καθ’
1014 5509 1310 5561 ὑπόστασιν
1350 5509 1509 5577 μόνον
1543 5511 1754 5572 ἕνωσιν,
1786 5511 1880 5562 καὶ

315 5605 405 5657 διὰ
437 5579 540 5674 τὴνΙ
566 5604 707 5657 κατὰ
753 5603 913 5673 χάριν
965 5601 1160 5654 θέωσιν
1188 5603 1216 5654 6
1245 5602 1408 5664 αὐτὸς
1456 5602 1548 5654 καὶ
1586 5601 1711 5664 Υἱὸς
1739 5600 1874 5652 Θεοῦ

319 5702 410 5751 καὶ
443 5698 567 5760 Υἱὸς
617 5695 906 5767 ἀνθρώπου
938 5693 1030 5749 καὶ
1080 5693 1156 5748 ὢν
1207 5693 1303 5749 καὶ
1348 5694 1700 5762 καλούμενος,
1738 5693 1873 5746 ἀλλὰ

901 5878 941 5907 ⁸⁸
976 5874 993 5929 Ι
1023 5875 1149 5929 Cur.
1181 5892 1215 5940 I,
1250 5875 1339 5933 24.
1420 5876 1459 5908 "
1521 5874 1677 5932 llebr.
1735 5893 1770 5938 l,
1810 5877 1856 5930 ὖ.

397 5877 436 5908 ⁸⁷
468 5875 601 5930 Luc.
641 5892 678 5939 ι,
729 5875 815 5930 55.

1977 5352 2107 5389 vero
2145 5336 2261 5390 Filii
2296 5347 2378 5390 est
2410 5347 2666 5405 prmterea
2713 5337 3084 5401 obumbratio,
3121 5336 3372 5389 videlicet
3397 5334 3554 5387 inha-

1988 5428 2175 5482 bitatio
2220 5430 2518 5482 secundum
2578 5429 2988 5495 substantiam,
3039 5445 3132 5482 seu
3203 5429 3318 5495 ipsa
3383 5426 3547 5480 etiam

1986 5520 2165 5571 carnis
2224 5519 2544 5586 assumptio.
2580 5515 2806 5586 Ideoque
2848 5518 2908 5572 ‘et
2963 5521 3098 5586 quod
3145 5521 3386 5572 nascitur
3420 5534 3546 5569 san-

1983 5618 2145 5670 ctum,
2181 5609 2448 5660 vocabitur
2486 5607 2661 5662 Filius
2692 5608 2782 5661 Dei
2823 5610 2891 5662 ’°.
2925 5607 3062 5662 Tum
3091 5609 3263 5664 Filius
3298 5610 3387 5663 Dei
3422 5619 3536 5662 tum

1982 5696 2151 5751 Filius
2195 5699 2430 5753 hominis
2488 5698 2601 5769 ipse
2631 5709 2683 5755 ct
2721 5710 2804 5755 cst
2840 5710 2894 5756 et
2934 5710 3179 5767 vocatur,
3215 5718 3321 5757 non
3361 5700 3544 5756 solum

1938 5879 1981 5909 5°
2007 5877 2139 5935 Luc.
2176 5897 2212 5946 I,
2274 5879 2360 5933 5ο.
