4252 6436
299 401 407 465 8‘29

1078 402 1335 462 SERMO
1376 401 1457 463 ΙΝ
1496 403 1596 462 SS.
1643 402 1998 462 DEIPARE
2042 402 2760 464 ANNUNTIATIONEM.

3438 399 3541 460 830

293 515 547 569 τοσοῦτον
607 513 830 584 ὑψώθη,
881 513 973 565 καὶ
1033 513 1169 582 πρὸς
1223 515 1526 583 ὑπουργίαν
1583 515 1863 584 ἀφιερὼθη
1902 525 1940 577 Α

1842 533 1863 579 η
1902 525 1940 577 Α
1973 517 2192 585 quidem
2250 517 2302 568 in
2352 514 2566 582 Virgine
2597 513 2740 567 aliud
2783 525 2891 580 pra:
2940 510 3046 563 alio
3093 510 3396 562 mirandum
3451 522 3521 564 sit

294 607 400 660 τοῦ
437 605 919 668 ταπεινώσαντος
956 605 1173 656 ἐαυτιλν
1220 604 1390 673 μέχρι
1450 606 1545 658 καὶ
1593 606 1868 672 σώματος

294 696 393 750 καὶ
415 695 695 754 θανάτου.
732 694 993 748 θανάτου
1028 694 1097 746 δὲ
1120 696 1405 763 σταυροῦ.
1441 696 1504 746 Τί
1535 697 1641 766 γάρ
1671 712 1868 764 φησινς

293 787 454 839 Οὕτω
484 787 578 839 τοῦ
615 787 960 856 ἀρχαγγέλου
989 789 1083 839 καὶ
1115 789 1415 856 σχημάτων
1455 790 1548 841 καὶ
1601 789 1866 857 ῥημάτων

293 879 557 950 τυχοῦσα,
601 882 693 932 καὶ
743 881 1154 949 κεχαριτωμένη
1207 881 1299 932 καὶ
1350 880 1534 949 νύμφη
1586 881 1867 933 ἀκούσασα

292 972 388 1024 τοῦ
439 971 599 1036 Θεοῦ,
637 971 731 1024 καὶ
779 974 890 1033 τοῖς
927 972 1239 1040 λεγομένοις
1287 973 1645 1036 πιστεύσασα,
1675 972 1868 1040 δούλην

292 1060 494 1130 ἑαυτὴν
542 1063 694 1130 ὅμως
718 1062 872 1113 καλεῖ
907 1078 920 1092 ·
979 1063 1072 1113 καὶ
1118 1064 1214 1130 τὴν
1272 1061 1605 1128 ἐπαγγελίαν
1651 1063 1866 1131 δέχεται

296 1151 398 1220 μὲν
444 1154 540 1204 καὶ
579 1152 1058 1219 συγκατατίθεται,
1102 1151 1178 1214 ὼς
1237 1153 1291 1204 δὲ
1343 1153 1419 1222 μὴ
1468 1156 1588 1205 κατ’
1647 1153 1857 1221 αὐτὴν,

293 1244 431 1296 ἀλλὰ
471 1245 755 1313 κρείττονα
814 1247 909 1297 καὶ
974 1246 1298 1315 προσδοκίας
1333 1245 1519 1307 οὖσαν,
1554 1245 1863 1316 ἐπεύχεται.

307 1333 462 1387 Ἰδοὺ
511 1336 550 1403 ἡ
609 1335 799 1402 δούλη
865 1337 1106 1403 Κυρίου,
1177 1336 1408 1406 γένοιτό
1458 1355 1558 1406 μοι
1593 1339 1745 1393 κατὰ
1798 1339 1867 1392 τὸ

285 1424 456 1494 ῥῆμά
510 1442 650 1482 σου.
706 1428 892 1480 Ταῦτά
944 1446 1026 1481 τοι
1082 1428 1332 1492 κάκεῖνος
1411 1429 1652 1500 ἀπῆλθεν
1704 1430 1867 1494 εὐθὺς

293 1518 390 1572 ἀπ’
444 1519 615 1589 αὐτῆς
665 1522 694 1571 δ
749 1520 998 1588 ἄγγελος,
1043 1519 1127 1591 [οὐ
1186 1521 1346 1591 μόνον
1379 1521 1687 1592 ἀπαρτίσας
1729 1523 1866 1591 ὅπερ

291 1606 550 1661 ἐϐούλετο
584 1651 598 1673 ,
662 1610 797 1663 ἀλλὰ
873 1610 970 1664 καὶ
1015 1611 1445 1682 ὑπερθαυμάσας
1503 1610 1596 1664 τοῦ
1661 1611 1866 1682 παρθε-

299 1697 451 1751 νικοῦ
498 1699 726 1764 κάλλους
775 1702 874 1771 τὴν
945 1701 1284 1772 ὡραιότητα,
1337 1702 1431 1754 καὶ
1501 1702 1602 1771 τῆς
1665 1702 1866 1772 ἀρετῆς

293 1790 396 1861 τὴν
439 1791 747 1862 ὑπερὸολὴν
779 1831 795 1857 ,
858 1793 954 1847 καὶ
1012 1793 1179 1864 μηδὲν
1228 1792 1322 1846 ἐπὶ
1372 1793 1533 1846 πλέον
1577 1793 1863 1862 βασανίσαι

1976 620 2196 677 stupore
2225 608 2384 676 digna
2417 608 2629 659 videtur
2661 604 2983 658 humilitatis
3005 602 3371 671 profunditas,
3406 619 3531 667 pru—

1975 710 2091 770 pter
2113 715 2273 768 quam
2325 708 2379 752 et
2422 698 2485 750 ad
2523 697 2808 750 sublimem
2842 695 2979 748 adeo
3009 694 3349 748 altitudinem
3388 693 3541 746 facile

1972 803 2155 846 evecta
2181 801 2286 854 est,
2314 800 2367 844 et
2395 799 2610 844 sacrata
2642 788 2904 841 divinitus
2931 787 3032 839 fuit
3059 786 3342 839 tremendo
3395 785 3540 837 illius

1974 883 2316 946 ministerio,
2379 880 2473 949 qui
2527 878 2823 930 Immiliavit
2877 878 3210 942 semeptisum
3261 893 3420 946 usque
3467 877 3535 926 ad

1973 972 2405 1043 (assumendum)
2430 984 2653 1040 corpus.
2677 979 2732 1025 et
2750 971 2814 1023 ad
2838 980 3077 1025 mortem.
3116 977 3336 1019 mortem
3364 978 3540 1019 autent

1972 1067 2144 1119 crucis
2177 1066 2243 1118 “.
2278 1065 2418 1130 Quid
2467 1065 2612 1117 enim
2665 1063 2783 1130 ipsa
2831 1059 3365 1125 fatur?Archangeli
3426 1071 3539 1112 tum

1970 1159 2228 1226 adspectu
2263 1165 2374 1210 tum
2419 1154 2661 1223 alloquio
2717 1151 2782 1205 ad
2847 1151 2993 1205 hunc
3045 1152 3263 1204 modum
3296 1152 3539 1219 dignata,

1970 1261 2023 1304 ct
2083 1260 2198 1302 tum
2237 1248 2408 1317 gratia
2439 1247 2594 1316 plena
2626 1257 2739 1300 tum
2770 1244 2862 1297 Dei
2901 1258 3098 1312 sponsa
3127 1244 3409 1311 appellata,
3439 1258 3539 1311 pro

1969 1340 2270 1394 verissimis
2306 1339 2529 1406 insuper
2558 1337 2666 1399 illa,
2695 1351 2817 1405 qua:
2853 1336 3201 1395 dicebautur,
3236 1334 3394 1401 plane
3434 1336 3534 1386 ha-

1969 1430 2124 1492 bens,
2152 1428 2402 1482 ancillam
2427 1437 2604 1480 tamen
2637 1427 2981 1491 scmetipsam
3014 1435 3207 1490 vocat;
3235 1435 3287 1476 et
3309 1425 3395 1488 iis,
3416 1440 3538 1492 qua:

1969 1523 2070 1577 sibi
2103 1531 2502 1590 proponuntur.
2537 1519 2838 1587 acquiescit
2872 1519 2961 1571 illa
3018 1519 3260 1585 quidem,
3293 1526 3346 1570 et
3401 1533 3535 1570 con-

1967 1625 2184 1664 sensum
2223 1609 2457 1678 pra-bet;
2485 1620 2663 1661 tamen
2689 1607 2852 1660 veluti
2891 1622 3014 1675 quae
3045 1608 3254 1659 meritis
3281 1607 3397 1659 suis
3427 1607 3538 1660 cel-

1969 1702 2114 1754 siora
2156 1701 2284 1764 sint,
2327 1699 2421 1752 sed
2462 1707 2515 1752 et
2566 1707 2761 1766 prmter
2809 1712 3027 1750 onmem
3076 1697 3534 1764 exspectationem

1968 1793 2119 1856 fiant,
2166 1791 2230 1844 ad
2300 1807 2361 1841 ea
2418 1805 2565 1842 mere
2629 1789 2864 1842 officium
2923 1787 3137 1840 famulze
3197 1788 3533 1854 pollicetur:

292 1879 550 1950 Θελήσεις,
595 1883 730 1934 ἀλλά
779 1882 879 1953 τὴν
917 1882 1210 1954 ὁμολογίαν
1273 1883 1368 1952 τῆς
1433 1881 1667 1946 πίστεως
1721 1881 1863 1934 ἐκεί·
1895 1869 1936 1924 Β

1856 1869 1936 1924 -Β
1971 1882 2102 1936 Ecce
2142 1881 2338 1934 ancilla
2391 1880 2624 1942 Domini,
2664 1881 2760 1950 ﬁat
2804 1880 2930 1931 mihi
2980 1879 3262 1930 secundum
3323 1878 3535 1931 verbum

289 1986 390 2041 νης
421 1970 736 2041 δεξάμενος.

1980 1985 2125 2028 tuum
2157 1976 2223 2029 ".
2259 1975 2350 2028 Sic
2382 1975 2499 2044 ipsa
2555 1973 2811 2043 quidem;
2848 1981 2901 2024 et
2935 1972 3117 2024 statim
3157 1971 3414 2024 discessit
3465 1970 3534 2022 ab

285 2065 590 2134 eaangelus
617 2081 722 2119 non
742 2064 915 2119 solum
952 2080 1193 2128 munere,
1230 2067 1374 2135 quo-l
1409 2067 1508 2120 sibi
1553 2067 1701 2121 cordi
1760 2075 1896 2132 erat,
1936 2068 2166 2122 feliciter
2199 2067 2537 2137 perfunctus,
2579 2067 2670 2121 sed
2706 2066 2930 2134 insuper
2979 2076 3200 2132 stupore
3246 2065 3533 2133 perculsus

291 2169 403 2222 pm
465 2158 720 2226 virgineae
775 2159 1200 2226 pulchritudinis
1251 2168 1556 2224 venustate,
1611 2174 1829 2228 praeque
1883 2159 2098 2212 virtutis
2143 2159 2461 2219 eminentia.
2520 2157 2766 2226 nihilque
2823 2155 3053 2210 ulterius
3099 2155 3322 2218 habens,
3382 2153 3529 2223 quod

287 2249 680 2316 sciscitaretur,
716 2250 807 2304 sed
828 2251 940 2319 jam
978 2266 1234 2306 assensus
1274 2251 1416 2304 illitis
1442 2250 1839 2305 confessionem
1873 2266 2179 2305 assecutus.

363 2344 448 2395 K'.
501 2339 754 2410 Εὔδρομά
791 2360 882 2410 μοι
911 2342 979 2394 τὰ
1007 2342 1170 2412 μέχρι
1205 2341 1408 2395 τούτων
1429 2358 1441 2371 '
1470 2342 1538 2394 τὰ
1601 2343 1645 2395 δ’
1673 2343 1858 2395 ἐντεῦ-

287 2432 385 2486 θεν
413 2431 651 2502 εὖστομα
681 2432 905 2494 κείσθω,
968 2432 1041 2494 ὼς
1077 2434 1175 2485 οὐκ
1207 2435 1418 2504 ἄρρητα.
1484 2433 1666 2501 μόνον,
1722 2433 1858 2485 ἀλλά

289 2525 386 2578 καὶ⁵
413 2524 650 2594 ἄληπτα,
685 2525 776 2577 καὶ
798 2523 975 2595 χρόνῳ
1005 2525 1182 2594 μόνον,
1232 2525 1345 2578 ἀλλ’
1372 2527 1493 2595 οὐχὶ
1529 2527 1623 2578 καὶ
1673 2526 1860 2596 τρόπῳ

282 2617 385 2682 τῆς
411 2617 525 2671 ἀνω
556 2618 653 2671 καὶ
679 2617 900 2687 πρώτης
933 2620 1238 2688 γεννήσεως
1269 2618 1301 2688 ἢ
1347 2619 1511 2688 μόνης
1542 2618 1858 2687 λειπόμενα.

287 2708 399 2761 Καὶ
428 2709 568 2779 τάχα
593 2709 780 2778 ὥσπερ
815 2710 1006 2779 ἀνδρὸς
1034 2710 1322 2780 ἄχραντον,
1372 2708 1514 2761 οὕτω
1569 2712 1663 2761 καὶ
1687 2710 1858 2776 λόγων

286 2799 612 2868 ἀμέθεκτον,
644 2803 672 2853 ὁ
700 2800 913 2870 τεχθεὶς
939 2802 1106 2868 Λόγος
1125 2800 1222 2871 τὴν
1242 2800 1498 2870 σύλληψιν
1518 2801 1856 2868 διεφύλαξεν,

287 2889 530 2960 ἄσπορον
560 2890 661 2960 μὲν
695 2891 1050 2959 πιστευθῆναι
1076 2891 1332 2961 θελήσας,
1386 2891 1592 2960 ἄπορον
1638 2891 1694 2945 δὲ
1727 2893 1857 2945 ταύ-

282 2997 386 3049 την
408 2978 813 3049 ὲρμηνευθῆναι
845 2979 1203 3049 διατηρήσας.
1258 2979 1461 3032 Ἐκεῖνο
1489 2979 1534 3031 δ’
1581 2980 1679 3030 οὑκ
1723 2981 1856 3034 ἄπο-

285 3085 403 3139 ρον,
430 3070 567 3123 ἀλλά
601 3073 696 3122 καὶ
727 3071 846 3123 λίαν
872 3070 1104 3142 εὑπορον
1134 3072 1227 3123 καὶ
1256 3071 1352 3140 τῆς
1382 3070 1678 3140 ἀμερίστου
1700 3073 1857 3142 Τριά-

278 3163 370 3225 δος
396 3163 690 3232 ἀμέριστον
715 3181 728 3193 θ
757 3163 830 3226 ὼς
859 3165 939 3216 ὅτι
971 3163 1266 3232 σαρκοῦται
1304 3164 1423 3233 μὲν,
1455 3164 1551 3215 οὐκ
1581 3164 1736 3226 ἄλλος
1773 3180 1878 3228 τιςσ

281 3255 381 3320 τῆς
405 3253 648 3323 Τριάδος,
671 3253 784 3307 ἀλλ’
803 3256 830 3306 ὁ
849 3255 993 3319 Υὲὸς,
1017 3255 1102 3306 ἵνα
1126 3257 1219 3306 καί
1243 3254 1402 3307 πάλιν
1420 3255 1494 3318 ὡς
1513 3256 1640 3318 Υἱὸς
1666 3257 1847 3328 μείνῃ,

286 3344 363 3413 μὴ
412 3343 837 3414 μετατιθεμένης
879 3347 977 3416 τῆς
1017 3345 1313 3414 ἰδιότητος·
1346 3346 1377 3417 ἢ
1414 3349 1506 3400 καὶ
1550 3348 1713 3401 πάλιν
1741 3351 1843 3419 Δη-

286 3436 568 3503 μιουργὸς,
601 3436 846 3507 καθάπερ
876 3438 1068 3501 κτίσας
1099 3438 1158 3490 τὸ
1219 3439 1501 3508 πρότερον,
1565 3440 1707 3493 οὕτω
1758 3442 1852 3494 καὶ

283 3528 636 3590 ἁνακαινίσας
663 3529 721 3580 τὸ
745 3529 995 3599 δεύτερον
1022 3547 1035 3561 ⁸
1065 3530 1202 3584 ἀλλά
1231 3531 1324 3582 καὶ
1345 3533 1448 3583 υἱοὶ
1472 3531 1759 3603 γενώμεθα
1783 3534 1851 3587 δι’

285 3618 444 3683 Υίοῦ,
479 3619 569 3672 διά
605 3618 698 3672 τοῦ
752 3621 931 3690 φύσει,
980 3621 1128 3674 θέσει
1170 3623 1694 3694 προσοικειούμενοι,
1757 3628 1852 3680 καὶ

280 3711 350 3764 δι’
396 3713 562 3766 αὑτοῦ
619 3713 713 3767 τοῦ
773 3715 1109 3785 κληρονόμου
1161 3716 1296 3784 πρὸς
1345 3715 1442 3786 τὴν
1483 3718 1852 3787 συγκληρονο-

286 3802 416 3869 μίαν
439 3804 936 3876 παρακαλούμενοι.

2028 2342 2146 2398 XX.
2183 2343 2347 2398 Plana
2380 2342 2513 2395 mihi
2556 2341 2663 2395 huc
2689 2355 2863 2410 usque
2899 2341 3122 2401 omnia;
3157 2347 3211 2392 at
3243 2354 3364 2408 qua!
3399 2338 3526 2392 dein

1958 2443 2278 2502 succedunt,
2343 2441 2560 2494 silentio
2609 2447 2829 2507 prastat
2889 2437 3284 2496 transmittere,
3323 2436 3527 2502 quippe

1958 2551 2079 2604 qua:
2105 2549 2211 2588 non
2243 2534 2408 2588 modo
2437 2533 2620 2587 verbis
2649 2533 2960 2586 nullatenus
2988 2530 3254 2594 enarrari,
3299 2529 3392 2582 sed
3461 2544 3529 2582 ne

1958 2627 2292 2698 cogitatione
2322 2625 2544 2694 quidem
2570 2625 2760 2693 attingi
2785 2623 3018 2693 possint.
3080 2637 3311 2690 quaeque
3341 2636 3370 2673 a
3414 2636 3525 2676 cm-

1965 2719 2086 2772 lesti
2118 2718 2208 2770 illa
2244 2731 2306 2770 ac
2338 2717 2537 2785 prima,
2579 2716 2823 2785 alioquin
2850 2713 3309 2780 singularissima,
3367 2727 3528 2781 gene-

1962 2807 2194 2873 ratione,
2226 2809 2328 2861 etsi
2360 2807 2571 2861 ratione
2596 2805 2858 2875 temporis
2904 2803 3181 2865 deficiant,
3221 2814 3275 2858 at
3299 2820 3406 2858 non
3435 2805 3531 2859 de-

1956 2899 2146 2953 ficiunt
2176 2899 2387 2953 ratione
2419 2898 2589 2953 modi.
2641 2897 2724 2964 Et,
2762 2907 2820 2951 ut
2850 2896 3009 2952 facile
3052 2904 3222 2966 patet,
3264 2895 3526 2960 Verbum,

1955 2991 2108 3045 nasci
2143 2990 2418 3058 dignatus,
2443 2988 2855 3057 conceptionem
2881 3003 3035 3042 suam
3063 2988 3525 3058 quemadmodum

1955 3096 1986 3135 a
2020 3081 2119 3135 viri
2147 3095 2311 3152 Opera
2365 3095 2584 3153 puram,
2625 3079 2698 3139 ita
2750 3079 3265 3135 ratiocinationibus
3322 3079 3526 3148 imper-

1956 3175 2097 3236 viam
2125 3162 2442 3238 custodlvit,
2483 3173 2687 3228 volens
2720 3186 2934 3243 nempe,
2969 3180 3028 3227 ut
3051 3172 3253 3226 fartam
3289 3172 3409 3224 sine
3434 3185 3524 3223 se-

1959 3267 2103 3321 mine
2135 3264 2268 3318 fides
2305 3280 2426 3318 eam
2463 3265 2728 3327 crederet,
2763 3272 2816 3318 et
2847 3266 3093 3320 eamdem
3132 3264 3280 3315 omni
3308 3261 3531 3315 investi-

1965 3357 2172 3424 gationi
2233 3372 2458 3411 servans
2513 3356 2877 3410 inaccessam.
2959 3357 3093 3410 lllnd
3144 3366 3323 3410 tamen
3384 3353 3527 3406 haud

1958 3458 2119 3518 captu
2160 3449 2397 3513 difficile,
2433 3449 2683 3518 quinimo
2731 3448 2890 3503 facile
2937 3460 3023 3504 est
3069 3457 3125 3502 et
3162 3448 3405 3509 obvium,
3445 3452 3529 3499 at-

1959 3556 2066 3611 que
2093 3541 2389 3595 individua:
2415 3540 2666 3594 Trinitati
2693 3556 2915 3609 prorsus
2949 3540 3262 3594 necessario
3326 3552 3526 3591 conve-

1961 3634 2146 3691 niens.
2174 3633 2319 3702 quod
2351 3647 2460 3685 non
2487 3633 2593 3686 alia
2635 3633 2902 3701 quaepiam
2953 3630 3241 3684 Trinitatis
3268 3643 3524 3698 persona.

1966 3727 2060 3781 sed
2087 3724 2260 3780 Filius
2298 3739 2517 3779 carnem
2561 3725 2774 3785 induat.
2801 3734 2859 3778 ut
2880 3734 2933 3778 et
2954 3723 3154 3785 denuo,
3186 3736 3289 3774 non
3324 3728 3527 3773 mutata

1951 3815 2225 3884 personali
2287 3815 2640 3883 proprietate.
2700 3825 2960 3883 tanquam
2995 3814 3167 3868 Filius
3224 3811 3522 3880 pcrsistat;

282 3898 367 3950 vel
407 3899 570 3952 etiam
604 3909 662 3952 ut
690 3909 900 3954 natura;
928 3899 1132 3954 Artifex
1188 3902 1648 3970 quemadmodum
1694 3907 1841 3976 prius
1873 3909 2101 3976 creavit,
2165 3909 2236 3962 ita
2275 3924 2422 3963 nunc
2491 3909 2770 3978 opificium
2833 3923 2994 3963 suum
3069 3906 3308 3962 secundo
3361 3919 3525 3958 reno-

281 4001 405 4055 vet;
438 3990 568 4061 quin
609 3991 775 4046 etiam
810 4001 869 4045 ut
899 3991 992 4045 lilii
1029 4008 1124 4062 per
1164 3991 1361 4048 Filium
1393 3994 1711 4065 efficiamur,
1748 4014 1842 4068 per
1866 4014 1989 4054 eum
2031 4001 2314 4066 nimirum,
2347 4002 2439 4071 qui
2481 4000 2651 4057 Filius
2696 4010 2779 4056 est
2807 4010 3027 4064 natura,
3057 3998 3434 4052 adsciscamur
3471 3998 3529 4051 in

282 4082 427 4137 filios
461 4083 790 4151 adoptionis,
824 4098 1026 4153 perque
1092 4099 1240 4149 eum,
1275 4086 1367 4154 qui
1400 4086 1575 4142 haeres
1602 4097 1688 4142 est
1737 4091 2028 4161 naturalis,
2056 4094 2109 4146 in
2139 4094 2585 4147 communionem
2629 4091 2966 4148 haereditatis
2996 4103 3284 4144 vocemur.

356 4176 464 4228 Καὶ
489 4177 568 4229 ὅτι
601 4175 814 4230 ἑνοῦται
846 4175 942 4246 μὲν
970 4179 1034 4246 τῇ
1057 4176 1220 4244 σαρκὶ
1246 4179 1396 4234 πᾶσα
1423 4180 1516 4231 καὶ
1544 4180 1766 4244 τελείως
1820 4185 1853 4253 ἠ

285 4268 498 4336 θεότης,
534 4267 840 4331 οὑσιωδῶς·
887 4267 1046 4338 μόνος
1069 4268 1126 4320 δὲ
1177 4271 1205 4322 ὁ
1232 4269 1379 4335 Υἱὸς,
1436 4271 1812 4338 ὑπσστατικῶς
1835 4292 1851 4307 ο

284 4360 442 4428 εἴπερ
469 4363 561 4412 καὶ
583 4359 780 4421 ὑλικῶς
837 4358 937 4429 μὲν
973 4361 1107 4430 ἡμῖν
1139 4360 1173 4430 ἡ
1202 4360 1392 4430 θεότης
1431 4363 1489 4415 ἐν
1521 4363 1598 4434 τῷ
1653 4366 1850 4436 Πατρὶ,

284 4449 479 4514 ὑλικῶς
503 4450 559 4503 δὲ
607 4450 682 4520 τῷ
725 4450 859 4519 Υίῷ,
909 4451 1105 4512 ὁλικῶς
1134 4451 1191 4503 δὲ
1247 4454 1343 4504 καὶ
1380 4452 1456 4522 τῷ
1483 4455 1622 4525 ἁγίῳ
1667 4457 1847 4510 Πνεύι

290 4560 450 4612 ματι·
483 4544 578 4596 καὶ
604 4541 776 4606 οὕτως
808 4543 904 4614 ὅλη
939 4544 1038 4613 μὲν
1069 4544 1102 4613 ή
1128 4543 1224 4612 τῆς
1252 4543 1506 4616 θεότητος
1537 4545 1698 4612 φύσις
1748 4549 1846 4621 ὅλῃ
1878 4587 1921 4641 D

285 4640 352 4709 τῇ
405 4637 717 4708 ἀνθρωπίνῃ
786 4636 1050 4707 κραθεῖσα
1111 4635 1297 4705 φύσει,
1345 4634 1438 4688 τὸν
1497 4635 1847 4707 θεάνθρωπον

285 4729 632 4783 ἀπετέλεσεν.
689 4729 762 4782 Οὑ
811 4728 917 4800 μὴν
988 4729 1178 4799 ὥσπερ
1245 4728 1343 4800 ὅλῃ
1393 4731 1459 4799 τῇ
1523 4731 1683 4798 φύσει
1737 4733 1839 4802 τὴν

289 4821 452 4891 φύσιν
505 4822 656 4891 ὅλην,
685 4821 826 4873 οὕτω
874 4821 968 4874 καὶ
1009 4821 1106 4884 τὰς
1155 4821 1478 4883 ὑποστάσεις
1528 4821 1654 4885 ὅλας
1703 4823 1853 4887 ὅλαις

286 4917 405 4978 ταῖς
430 4913 797 4985 ἀνθρωπίναις
823 4913 1091 4982 ὲνωθῆναι
1117 4913 1298 4982 λέγειν
1325 4913 1799 4984 ὲκὸιασθησόμεθα
1826 4933 1840 4948 ·

289 5008 503 5076 ἄπαγει
541 5007 663 5061 οὑδὲ
723 5004 1214 5076 διανοηθησόμεθα.
1258 5005 1397 5058 Ἀλλ’
1447 5006 1575 5076 ὅλην
1630 5006 1730 5072 μὲν
1755 5006 1854 5078 ὅλῃ

288 5102 356 5170 τῇ
421 5100 804 5170 ἀνθρωπότητι
885 5101 987 5170 τὴν
1059 5099 1329 5167 θεότητα,
1391 5099 1467 5163 ὡς
1541 5101 1677 5170 πρὸς
1751 5100 1851 5164 τὰς

289 5193 500 5260 φύσεις,
557 5193 716 5263 μόνον
766 5193 821 5244 δὲ
872 5193 962 5244 τὸν
994 5192 1120 5244 Υιὸν
1153 5192 1288 5263 μόνῃ
1325 5193 1390 5262 τῇ
1422 5191 1516 5245 τοῦ
1565 5191 1696 5245 Υίοῦ
1751 5210 1846 5245 κε-

292 5281 528 5352 κρᾶσθαι
571 5285 752 5352 σαρκὶ,
800 5281 875 5346 ὼς
927 5283 1059 5353 πρὸς
1100 5284 1195 5345 τὰς
1227 5283 1551 5347 ὑποστάσεις
1580 5283 1845 5355 ὁμολογή-

364 5438 408 5469 ²⁵
431 5437 630 5508 Philip.
660 5454 722 5501 tt,
749 5438 803 5492 8.
876 5439 921 5470 ’⁸
954 5438 1086 5493 Luc.
1116 5453 1154 5502 ι,
1181 5439 1270 5492 58.

290 5618 572 5685 pertinent,
590 5631 650 5666 ac
681 5616 816 5688 mira
845 5617 997 5679 adeo,
1030 5625 1090 5688 ut
1110 5615 1234 5684 jure
1257 5617 1484 5680 nescias,
1505 5619 1629 5688 quid
1648 5628 1855 5687 stupere

291 5691 346 5740 in
389 5689 503 5754 ipsa
553 5686 718 5753 magis
774 5685 979 5739 debeas.
1012 5687 1080 5739 At
1102 5702 1236 5758 vero
1288 5685 1556 5754 patiturne
1593 5690 1704 5742 haec
1737 5685 1867 5758 Vsibi

293 5765 849 5827 perpetuoconstans
887 5757 1274 5809 miraculorum
1309 5759 1499 5819 series,
1535 5769 1593 5813 ut
1618 5761 1668 5812 in
1721 5761 1853 5827 ipsis

290 5827 534 5897 ejusdem
564 5825 731 5880 initiis
746 5828 1022 5881 communi
1057 5834 1373 5882 εωιυτυιυιιι
1403 5825 1772 5899 miserumque
1802 5840 1856 5885 et

2027 4184 2164 4240 Illud
2195 4193 2454 4256 praterea
2512 4183 2855 4254 exploratum
2904 4192 3013 4248 est,
3079 4191 3246 4236 totam
3307 4179 3525 4250 quidem

1952 4275 2294 4330 divinitatem
2350 4275 2587 4342 perfecte
2620 4290 2685 4328 ac
2715 4274 3170 4337 substantialiter,
3207 4271 3380 4324 solum
3440 4281 3490 4323 ta

1951 4381 2072 4418 men
2099 4364 2294 4418 Filium
2322 4365 2683 4434 hypostatice,
2713 4365 2865 4418 carni
2897 4363 3180 4432 conjungi.
3213 4361 3516 4429 Siquidem,

1949 4465 2009 4510 ut
2057 4457 2160 4512 fide
2221 4465 2490 4521 tenemus,
2544 4456 2807 4510 divinitas
2865 4464 2949 4510 est
3004 4455 3213 4524 integra
3262 4453 3527 4513 inPatre.

1949 4547 2158 4615 integra
2216 4547 2269 4600 in
2324 4545 2484 4611 Filio,
2527 4547 2732 4616 integra
2800 4555 2856 4600 et
2904 4544 2957 4598 in
3016 4542 3227 4613 Spiritu
3287 4553 3524 4605 saneto;

1950 4647 2005 4693 et
2035 4638 2116 4692 sic
2149 4636 2398 4706 profecto
2429 4646 2540 4691 tota
2569 4648 2761 4690 natura
2787 4636 3111 4699 divinitatis,
3151 4635 3249 4689 toti
3275 4633 3528 4688 humanm

1951 4729 2240 4799 conjuncta
2275 4737 2508 4795 naturae,
2535 4727 2832 4798 perfectum
2867 4727 3036 4781 Deum
3079 4727 3358 4781 hominem
3387 4740 3528 4778 con-

1953 4822 2148 4878 stituit.
2176 4819 2362 4890 Neque
2388 4831 2567 4874 tamen
2619 4835 2686 4874 eo
2717 4820 3056 4875 adducemur
3090 4827 3152 4874 ut
3186 4825 3391 4872 temere
3441 4818 3524 4869 di-

1953 4931 2161 4977 camus,
2184 4915 2644 4982 quemadmodum
2678 4921 2846 4967 totam
2882 4923 3132 4967 naturam
3163 4919 3372 4964 natura:
3405 4908 3528 4974 toti,

1956 5009 2036 5063 sic
2061 5009 2221 5061 etiam
2265 5021 2528 5076 personas
2554 5021 2745 5060 omnes
2794 5003 3049 5073 (divinas)
3113 5003 3371 5056 humanis
3404 5015 3528 5054 orna

1958 5101 2120 5154 nibus
2150 5099 2330 5152 unitas
2355 5096 2548 5152 fuisse.
2609 5097 2784 5163 Absit,
2829 5112 2892 5151 ac
2927 5113 2992 5149 ne
3048 5094 3242 5149 leviter
3306 5092 3528 5160 quidem

1960 5192 2012 5246 id
2038 5202 2268 5246 mentem
2307 5191 2521 5246 subeat.
2570 5191 2672 5244 Sed
2709 5189 3082 5259 profiteantur,
3131 5187 3394 5254 integram
3431 5184 3531 5235 hu-

1961 5283 2203 5338 manitati
2227 5284 2449 5353 integra:
2475 5282 2839 5348 divinitatem,
2894 5280 3073 5350 quoad
3127 5286 3355 5333 naturas
3401 5274 3526 5345 qni-

1952 5615 2334 5692 abjectissimo
2361 5613 2749 5692 fatoohvoluta
2788 5611 2970 5692 divina
3010 5611 3197 5692 Virgo.
3232 5612 3524 5692 appareat?

1955 5682 2181 5740 Essetnc
2213 5685 2494 5740 dubitandi
2537 5685 2708 5744 locus,
2751 5698 2818 5737 an
2857 5682 3057 5750 aliquid
3089 5682 3158 5736 sit
3189 5682 3239 5733 iu
3275 5682 3516 5748 Virginis,

1953 5761 2096 5882 qlund
2139 5758 2403 5858 praealtis
2441 5753 2815 5825 prmrogativis
2861 5753 3044 5807 minus
3069 5754 3396 5821 stupendum
3443 5754 3519 5807 vi-

1954 5846 2069 5882 tert
2128 5840 2323 5882 nossu.

1954 5840 2069 5884 dert
2128 5840 2323 5897 possm
