4252 6436
285 362 393 423 833
1072 361 1328 423 SERMO
1368 363 1442 422 IN
1487 365 1588 423 SS.
1631 363 1982 426 DEIPARJE
2023 366 2739 428 ANNUNTIATIONEM.
3433 375 3534 436 83'.

363 475 506 526 Πόσα
562 491 650 544 μοι
698 473 791 526 καὶ
843 472 1047 541 πηλίκα
1079 473 1270 526 τούτου
1294 472 1389 526 τοῦ
1439 475 1738 544 μυστηρίου
1798 475 1942 554 16A
2040 499 2042 512 ε

1853 482 1942 544 ιΑ
2040 477 2183 540 Quot
2218 484 2270 527 et
2305 491 2467 543 quant
2521 476 2772 530 sublimia
2807 475 2860 529 in
2916 477 3017 529 Itoe
3083 480 3339 546 mysterio
3401 486 3532 535 mihi

283 566 567 634 θαύματα,
638 566 731 617 καὶ
766 566 966 634 όμοίως
1020 566 1272 634 ἄφραστα
1300 567 1394 618 καὶ
1427 566 1628 634 ὁμοίως
1677 566 1858 633 ἄγνω-

1851 594 1858 607 -
1968 566 2184 620 elucent
2221 567 2507 628 miracula,
2539 579 2740 637 quanta
2804 573 3076 622 sermonis
3104 569 3255 637 juxta
3290 587 3350 622 ae
3381 589 3530 625 men-

284 657 416 709 om!
448 658 627 708 Πάντα
660 656 758 726 μὲν
795 657 926 725 γὰρ,
958 656 1057 708 ὅσα
1088 657 1218 722 ἐγὼ,
1246 657 1312 710 δι’
1345 659 1442 726 ἐμὲ
1473 656 1681 724 γίνεται
1724 658 1857 720 Θεὸς

1854 676 1857 685 ι
1969 660 2038 711 tis
2071 674 2203 711 mea:
2238 660 2343 710 vini
2366 663 2706 728 superantia!
2740 662 3013 730 Quidquid
3046 664 3188 714 enini
3226 664 3337 728 ipse
3390 681 3533 727 sum,

285 746 517 816 ὓστερον
540 765 553 776 ·
585 749 645 798 06
681 747 841 817 μόνον
867 749 894 799 6
925 747 1180 814 ἀόρατος,
1213 748 1346 801 ἀλλὰ
1377 751 1472 802 καὶ
1509 751 1536 801 6
1560 750 1855 821 ἀπερινόη-

1967 751 2069 803 hoc
2100 751 2276 819 ipsum
2312 752 2450 803 licus
2510 753 2804 805 novissime
2841 763 3060 821 propter
3113 769 3198 807 me
3252 757 3534 821 naSritur;

277 856 373 901 τος
416 839 642 908 ὁρατός·
705 842 734 892 6
785 839 1032 907 ἀόριστος
1094 839 1328 908 όριστδς,
1411 841 1438 891 6
1477 843 1857 911 ἀπεριόριστος

1850 859 1857 901 ς
1963 842 2056 909 qui
2089 845 2288 894 nedum
2325 842 2614 896 invisibilis
2634 845 2829 907 oculis,
2865 845 2958 898 sed
3003 861 3068 897 ne
3107 855 3286 899 mente
3314 848 3529 914 quidem

282 932 678 1001 περιγραπτὸς,
717 934 745 983 6
789 931 952 993 6610;
1005 931 1210 994 61tx6;,
1241 932 1270 982 6
1332 933 1544 1002 ἀναφὴς
1582 933 1775 996 ἁπτὸς,
1827 935 1855 985 6

1854 963 1855 974 ι
1964 933 2476 998 comprehensibilis
2535 943 2639 997 cst,
2701 935 2788 988 hic
2854 936 2912 988 Iit
2971 937 3241 997 visibilis;
3290 937 3533 993 inﬁnitus

279 1024 496 1093 ἀπαθὴς
525 1023 788 1092 παθητὸς,
836 1026 862 1073 6
880 1024 1225 1093 ὑπερούσιος,
1246 1026 1273 1076 6
1295 1025 1647 1094 ὑπέρχρονος,
1671 1027 1699 1078 6
1722 1026 1853 1080 606-

1852 1057 1853 1062 η
1963 1024 2148 1076 evadit
2199 1026 2407 1088 ﬁnitus,
2469 1025 2981 1095 incircumscriptus
3035 1030 3531 1092 circumscribitur,

279 1132 460 1180 νατος,
485 1116 724 1179 κτιστὸς,
754 1117 932 1185 ὲφήμε
945 1133 1031 1184 ρος
1061 1117 1153 1169 καὶ
1180 1117 1394 1185 θνητός.
1428 1116 1594 1169 Οὕπω
1614 1118 1669 1170 δὲ
1701 1119 1795 1170 καὶ
1827 1120 1853 1170 6

1963 1116 2244 1168 materiam
2280 1117 2451 1170 induit
2496 1119 2585 1185 qui
2619 1119 2794 1170 nescit
2841 1120 3142 1183 materiam,
3200 1121 3254 1172 ﬁt
3290 1121 3532 1189 palpabi-

280 1210 686 1279 ἁνερμήνευτος
739 1210 1103 1279 ὲρμηνευτὸς,
1157 1210 1275 1261 οὐδὲ
1341 1211 1433 1261 καὶ
1490 1211 1517 1260 6
1570 1211 1849 1279 ἀκατάλη-

1960 1204 2026 1258 lis
2057 1205 2149 1272 qui
2179 1206 2321 1275 tangi
2355 1205 2566 1274 nequit,
2594 1221 2791 1260 exsors
2822 1207 3137 1274 passionum
3181 1211 3237 1260 lit
3285 1209 3529 1279 'passiuni

281 1317 436 1362 πτας,
462 1303 508 1352 εἰ
541 1301 636 1352 καὶ
662 1304 726 1370 τῇ
763 1304 924 1366 σαρκὶ
951 1304 1174 1371 ληπτός,
1229 1303 1570 1370 καταληπτὸς
1597 1303 1675 1372 τῷ
1721 1303 1850 1357 066-

1849 1336 1850 1341 η
1965 1296 2260 1362 obnoxius,
2292 1309 2340 1349 ct
2369 1309 2621 1350 creatura
2651 1300 2974 1364 temporalis
3004 1314 3067 1350 ae
3131 1303 3376 1355 mortalis
3431 1318 3528 1370 ap-

283 1409 415 1460 ρατι
447 1393 544 1460 τῆς
586 1393 932 1462 σαρκώσεως.
991 1394 1129 1445 Ἀλλ’
1179 1397 1226 1446 εξ
1257 1395 1335 1445 δεῖ
1362 1411 1410 1446 τι
1439 1399 1530 1446 καὶ
1567 1396 1842 1465 τολμηρός

1963 1390 2226 1457 paretqui
2282 1388 2641 1442 substantiam
2706 1404 2922 1440 omnem
2985 1399 3036 1442 et
3089 1403 3252 1442 omne
3319 1402 3529 1460 tempus

280 1499 440 1550 τερον
490 1485 686 1546 εἰπεῖν,
747 1485 1282 1554 ἁκαταληπτότερος,
1332 1486 1441 1553 ὅσῳ
1473 1492 1536 1555 τῇ
1587 1487 1719 1553 πρὸς
1752 1491 1848 1555 τῆς
1957 1495 1959 1500 ‘

1957 1481 2423 1547 prmtcrgreditur,
2477 1495 2539 1534 ac
2599 1492 2791 1534 natura
2846 1492 2931 1535 cst
2962 1483 3310 1536 immortalis.
3346 1484 3529 1551 Neque

277 1573 497 1640 φύσεως
544 1575 893 1645 ἀκαταληψίᾳ.
947 1577 1038 1627 καὶ
1099 1577 1202 1646 τὴν
1238 1578 1299 1627 ὲκ
1347 1577 1440 1642 τῆς
1494 1577 1847 1646 προσλήψεως

1846 1599 1847 1604 η
1957 1579 2137 1622 tamen
2167 1580 2387 1637 piopter
2427 1571 2807 1624 admirandam
2865 1574 3299 1626 incarnationem
3356 1577 3525 1627 elliei—

279 1662 682 1730 προσελὰὗετο·
716 1665 815 1716 οὐκ
851 1663 1233 1733 ἁνΟρωπότητι
1261 1663 1421 1732 μίξας
1475 1663 1703 1731 θεότητα
1754 1664 1848 1732 μό·
1957 1675 1958 1706 1

1847 1695 1848 1701 η
1957 1669 2066 1722 tur,
2113 1671 2169 1714 nt
2201 1663 2292 1729 qui
2346 1677 2561 1714 onmem
2598 1663 2849 1716 vincebat
2905 1666 3399 1733 investigationem,
3445 1668 3526 1720 in—

274 1771 388 1814 νον,
416 1753 548 1806 ἀλλὰ
575 1755 669 1806 καὶ
702 1754 860 1824 μίξας
888 1745 1232 1821 ἀδιαιρἑτως,
1281 1756 1372 1806 καὶ
1407 1755 1647 1823 κεράσας
1668 1755 1844 1824 63:69-

1843 1785 1844 1791 η
1955 1753 2298 1820 vestigationi
2359 1756 2552 1806 deinde
2599 1765 2798 1823 pateat,
2855 1772 3029 1824 neque
3087 1759 3284 1811 iterum
3343 1761 3522 1826 utqui

273 1859 384 1906 τως
408 1863 419 1874 ·
456 1843 576 1897 οὐδὲ
607 1846 845 1915 κεράσας
876 1844 1016 1898 οὕτω
1041 1846 1136 1906 τὰς
1167 1844 1378 1912 φύσεις,
1407 1846 1439 1915 ἢ
1476 1845 1633 1912 μίξας
1664 1847 1840 1913 μόνον,
1879 1851 1916 1903 Β
1949 1845 1952 1895 i

1879 1851 1916 1903 lt
1949 1845 2514 1913 incomprehensibilis
2543 1858 2682 1908 erat,
2725 1859 2843 1899 utut
2866 1863 3032 1900 carne
3063 1849 3520 1916 comprehensus,

272 1936 413 1990 ἀλλὰ
437 1939 530 1991 καὶ
560 1940 658 2001 τὰς
682 1939 962 2010 ἐνεργείας
995 1940 1089 1992 καὶ
1119 1938 1184 1991 τὰ
1216 1939 1515 2006 θελήματα.
1538 1939 1593 1990 ’0
1625 1942 1720 2007 μὲν
1750 1939 1841 1989 οὖν
1948 1966 1951 1983 ι

1833 1958 1841 1986 ν
1948 1939 2333 2006 eomprehcmli
2370 1941 2699 2007 cog’tatione
2731 1950 2915 2009 queat.
2952 1940 3092 2005 Quin
3129 1942 3256 2003 imo,
3304 1942 3348 1995 si
3384 1944 3512 2010 quid

270 2030 370 2100 οὐχ
394 2029 581 2102 ὥσπερ
606 2031 710 2084 ὑπὸ
735 2032 944 2102 χρόνον,
975 2031 1117 2083 οὕτω
1148 2031 1240 2083 καὶ
1271 2031 1375 2083 ὑπὸ
1401 2029 1557 2097 λόγον
1580 2031 1841 2098 εὖδόκησε
1948 2061 1949 2074 ι

1835 2047 1841 2079 :
1948 2032 2111 2085 etiam
2147 2032 2408 2086 audacius
2446 2031 2545 2084 fari
2601 2033 2750 2094 licet,
2786 2033 2941 2102 longe
2989 2033 3514 2100 incomprehensibi-

269 2123 556 2192 τεχθῆναι,
588 2126 679 2177 καὶ
699 2126 858 2194 χάρις
880 2125 1026 2192 αὑτῴ
1045 2123 1218 2193 τούτῳ
1238 2138 1251 2152 ο
1289 2123 1370 2176 ὅτι
1400 2125 1492 2176 καὶ
1515 2124 1651 2194 ὑπὲρ
1684 2122 1840 2190 λόγον

1949 2123 2258 2183 Iiorevadit,
2283 2133 2553 2191 quatenus
2575 2124 3233 2192 incomprehensibilitati,
3255 2139 3373 2192 quae
3396 2140 3521 2193 pro-

268 2216 367 2266 καὶ
397 2217 428 2285 ἡ
460 2217 618 2286 χάρις
647 2219 675 2269 6
699 2218 789 2270 καὶ
816 2216 1016 2286 τρόπος
1055 2215 1154 2286 τῆς
1198 2217 1438 2285 χάριτος.

1947 2216 2063 2284 pria
2085 2224 2168 2267 est
2193 2213 2388 2268 divinae
2419 2226 2641 2277 natursv,
2661 2231 2803 2275 eam.
2827 2231 2946 2285 qum
2969 2231 3031 2270 ex
3063 2227 3356 2285 assumpta:
3396 2232 3517 2270 car-

269 2312 358 2364 nis
401 2313 660 2382 mysterio
711 2311 1094 2381 proﬁciscitur,
1161 2308 1868 2379 incomprehensibilitatcm
1907 2309 2097 2377 adjicit
2134 2327 2147 2362 :
2185 2308 2313 2362 dum
2339 2310 2590 2365 videlicet
2653 2313 2978 2364 humanitati
3010 2311 3351 2366 divinitatem
3412 2327 3518 2363 non

265 2404 544 2457 connectit
577 2403 758 2467 modo,
824 2403 920 2457 sed
973 2401 1377 2457 indivisibiliter
1428 2399 1721 2460 connectit,
1773 2405 1825 2450 et
1865 2404 2074 2450 semota
2125 2399 2314 2466 quavis
2374 2396 3216 2468 confusionepermiscet;neque
3236 2400 3336 2451 hoc
3362 2407 3520 2467 pacto

267 2504 716 2550 naturastantum
737 2496 899 2549 modo
920 2495 1318 2565 permiscetseu
1337 2493 1628 2555 connectit,
1692 2505 1882 2542 verum
1922 2489 2085 2542 etiam
2116 2489 2460 2560 operationes
2527 2498 2580 2543 et
2620 2491 2948 2544 voluntates.
2978 2491 3134 2554 Quod
3183 2491 3364 2559 itaque
3413 2507 3518 2544 nun

263 2600 332 2638 ea
369 2587 581 2640 ratione
609 2587 709 2654 ipsi
738 2587 889 2639 nasci
950 2585 1230 2653 placuerit,
1275 2593 1332 2636 ut
1367 2583 1829 2652 quemadmodum
1871 2581 2102 2650 tempori
2170 2579 2442 2634 obnoxius
2514 2579 2690 2636 Iactus
2723 2591 2827 2646 est,
2876 2583 2948 2634 ita
2985 2596 3238 2636 sermone
3285 2582 3518 2638 eﬁ’abilis

262 2678 540 2737 evaderet.
565 2677 729 2730 etiam
759 2676 810 2728 in
839 2678 940 2732 hoe
975 2677 1092 2747 ipso
1129 2675 1399 2730 revelatur
1423 2674 1597 2743 gratia
1631 2690 1648 2730 :
1715 2674 1974 2743 quoniam
2007 2685 2122 2727 tum
2197 2673 2397 2740 gratia,
2466 2683 2580 2727 tum
2636 2676 2777 2728 ratio
2805 2675 2992 2743 gratia:
3042 2689 3258 2729 omnem
3291 2674 3507 2730 dicendi

265 2769 579 2824 facultatem
615 2778 893 2838 superant.
2412 2771 2423 2787 ‘

338 2862 466 2915 Kl".
511 2858 572 2913 '0
601 2861 658 2913 δὲ
689 2860 845 2928 λόγος
883 2861 987 2930 ἤδη
1022 2860 1117 2913 καὶ
1138 2858 1234 2913 τοῦ
1265 2859 1394 2930 περὶ
1421 2859 1520 2930 τὴν
1561 2858 1835 2928 Παρθένον
2011 2855 2017 2907 ἶ

2011 2854 2200 2910 XXIII.
2271 2854 2470 2910 Verum
2529 2873 2710 2912 sermo
2738 2859 2849 2928 jam
2913 2870 2968 2914 et
3018 2860 3150 2916 illud
3207 2873 3514 2931 portentum

264 2953 543 3023 θαύματος
567 2952 807 3021 ἅψασθαι
835 2954 931 3022 μὲν
961 2955 1080 3023 ἐρᾷ,
1115 2953 1489 3022 προσπελάσαι
1518 2951 1574 3004 δὲ
1611 2951 1835 3021 ἱλιγγιᾷ.
1938 2973 1943 3000 ι

1833 2990 1835 3000 ,
1938 2956 2159 3015 exoptat
2187 2947 2450 3012 delibare,
2475 2950 2620 3018 quod
2670 2950 2723 3003 in
2773 2951 2993 3020 Virgine
3017 2954 3343 3021 suspicimus
3372 2974 3386 3018 ;
3420 2957 3512 3010 sed

261 3045 442 3098 Πολλὰ
475 3046 574 3114 μὲν
602 3046 708 3116 γὰρ
741 3045 833 3098 καὶ
863 3045 1072 3114 μεγάλα
1096 3047 1187 3098 καὶ
1214 3046 1282 3099 τὰ
1301 3045 1439 3097 κατὰ
1462 3045 1561 3114 τὴν
1594 3042 1837 3096 Παλαιὰν
1937 3065 1940 3085 ‹

1835 3061 1837 3080 ι
1937 3054 2004 3093 eo
2035 3040 2294 3094 accedere
2316 3040 2442 3094 dum
2494 3043 2685 3096 nititur
2709 3084 2724 3108 ,
2754 3045 2989 3113 quadam
3046 3047 3207 3098 veluti
3245 3049 3514 3116 vertigine

259 3135 516 3205 θαύματα
545 3152 555 3162 ·
579 3135 822 3189 θάλασσα
837 3152 894 3188 τε
929 3136 1247 3204 διισταμένη
1268 3135 1360 3188 καὶ
1380 3135 1535 3188 πάλιν
1561 3150 1832 3186 συναπτο-
1861 3120 1902 3175 C
1937 3155 1938 3184 ξ

1861 3120 1902 3175 C
1937 3146 1995 3187 se
2022 3132 2271 3186 laborare
2302 3136 2579 3202 persentit.
2604 3134 2665 3188 Et
2683 3151 2813 3188 sane
2836 3138 3004 3190 multa
3029 3139 3212 3205 utique
3234 3154 3295 3193 ac
3319 3155 3511 3208 magna

271 3229 410 3296 μένη
441 3241 458 3258 ·
515 3228 608 3280 καὶ
665 3227 837 3296 πέτρα
873 3226 1345 3296 πλημμυρουμένη
1383 3227 1618 3295 νάμασι·
1664 3241 1833 3278 ποτα·
1936 3236 1950 3276 t

1936 3221 2224 3291 splendent
2247 3223 2409 3276 etiam
2449 3224 2503 3277 in
2548 3226 2718 3278 veteri
2769 3223 2974 3280 ﬁndere
3007 3230 3248 3297 prodigia
3287 3246 3299 3281 :
3348 3229 3512 3282 maris

260 3317 355 3386 μοὶ
407 3316 731 3386 ῥηγνύμενοε
772 3333 833 3369 τε
873 3319 968 3369 καὶ
993 3317 1488 3386 ἀναχαιτιζόμενοι·
1539 3316 1689 3385 ἣλιος
1737 3316 1836 3383 μὲν
1937 3330 1939 3338 ‘

1831 3335 1836 3357 ν
1937 3314 2094 3367 undae
2125 3314 2252 3368 hinc
2288 3315 2412 3368 Inde
2431 3316 2768 3378 recedentes,
2798 3327 2964 3386 a_tque
2999 3318 3194 3372 iterum
3243 3321 3295 3372 in
3340 3335 3510 3372 unum

259 3378 635 3479 ἐπεχόμενος’
699 3408 894 3478 νεφέλη
954 3409 1010 3461 δὲ
1072 3378 1166 3463 καὶ
1199 3378 1597 3479 προτρέχουσα,
1642 3378 1833 3471 στύλος
1934 3428 1938 3450 ε

1831 3428 1833 3436 π
1934 3404 2311 3467 conﬂuentes,
2353 3406 2541 3461 latices
2571 3421 2602 3460 e
2659 3378 3220 3476 parti-erumpentes
3258 3421 3311 3464 et
3339 3425 3510 3464 exun-

259 3500 660 3569 προερχόμενός
687 3516 746 3551 τε
778 3501 871 3552 καὶ
893 3499 1257 3568 ἐπερχόμενος
1289 3512 1302 3526 ⁸
1331 3501 1479 3568 πηγὴ
1509 3499 1683 3567 πικρὰ
1714 3498 1832 3566 μέλι
1935 3522 1938 3540 ε

1830 3538 1832 3547 ,
1935 3496 2178 3551 dantes:
2219 3497 2506 3552 ﬂuminum
2562 3499 2796 3567 impetus
2848 3509 2961 3553 tum
3001 3502 3341 3569 interruptus
3397 3513 3509 3556 tum

257 3591 479 3660 ῥέουσα,
516 3591 607 3642 καὶ
661 3589 800 3660 ξηρὰ
829 3591 1023 3659 96660;
1063 3589 1247 3643 ἄνθεσι
1281 3590 1521 3660 βρύουσα
1554 3606 1568 3621 ο
1609 3593 1701 3642 καὶ
1752 3589 1830 3642 ἔτι

1827 3629 1830 3640 .
1936 3596 2278 3654 retruactus;
2341 3591 2424 3642 sol
2480 3597 2626 3644 stare
2681 3590 2911 3658 jussus;
2964 3603 3074 3644 tum
3118 3593 3280 3644 etiam
3333 3593 3506 3646 nubes

256 3683 362 3750 πρὸ
392 3682 594 3735 τούτων
622 3682 883 3751 καιομένη
914 3699 972 3734 τε
1003 3683 1163 3750 βάτος
1188 3682 1433 3736 ἄκαυστα
1460 3723 1474 3745 ,
1518 3683 1612 3735 καὶ
1649 3682 1831 3752 δροσι·
1934 3694 1935 3745 f

1826 3709 1831 3722 ι
1934 3693 2299 3763 praecurrens,
2355 3688 2410 3734 et
2474 3681 2729 3735 columna
2775 3682 2916 3751 ignis
2962 3681 3124 3736 modo
3176 3683 3505 3751 praecedens,

257 3775 459 3842 ζομένη
506 3773 729 3842 κάμινος
787 3773 1024 3826 ἄσϐεστα
1054 3791 1066 3803 ·
1125 3775 1218 3826 καὶ
1247 3772 1390 3845 ὕδωρ
1421 3773 1607 3826 ὕδασιν
1638 3775 1826 3826 εισπυ-
1931 3786 1936 3822 1

1931 3771 2094 3824 modo
2126 3774 2467 3841 subsequens
2504 3789 2518 3826 :
2559 3772 2678 3828 fons
2738 3788 2962 3828 amarus
3023 3774 3179 3828 melle
3235 3773 3505 3836 diﬁlnens,

260 3865 653 3934 ρούμενον,καὶ
678 3864 744 3916 ἵν’
773 3865 845 3916 ἐῶ
871 3865 938 3918 τὰ
971 3865 1157 3930 πολλὰ,
1185 3866 1391 3928 πλάκες
1419 3865 1664 3934 δακτύλῳ
1692 3865 1825 3917 Θεοῦ
1928 3879 1939 3913 ι

1928 3870 1983 3914 et
2021 3863 2173 3916 arida
2217 3867 2368 3934 virga
2425 3863 2648 3919 ﬁoribus
2677 3876 2908 3931 onusta;
2944 3877 3008 3920 ac
3066 3875 3326 3935 prazterca
3382 3875 3508 3920 ante

255 3957 620 4025 γραφόμεναι,
671 3957 764 4009 καὶ
820 3955 953 4008 ὡσεὶ
983 3956 1168 4026 ἄμμος
1213 3957 1436 4009 πετεινά
1494 3957 1822 4026 βρεχόμεναο
1928 3952 1934 4003 ἱ

1820 3977 1822 3985 ι
1928 3952 2032 4006 ista
2071 3953 2241 4006 rubus
2272 3954 2471 4008 ardens
2498 3963 2553 4010 et
2584 3970 2692 4010 non
2726 3959 3089 4024 combustus;
3139 3966 3249 4010 tum
3305 3957 3499 4011 Iornax

257 4049 350 4099 καὶ
380 4048 446 4100 16
474 4047 676 4100 τούτων
718 4047 1049 4118 ἀρχαιότερὰ
1077 4066 1134 4102 τε
1163 4049 1258 4102 καὶ
1304 4050 1699 4120 ἐμφανέστερα,
1733 4049 1826 4102 καὶ
1929 4045 1936 4097 i

1825 4089 1826 4096 η
1929 4045 2281 4109 inexstincta,
2307 4047 2398 4100 sed
2415 4061 2538 4103 rore
2558 4052 2815 4115 madens;
2845 4058 2899 4103 et
2924 4064 3062 4118 aqua
3082 4049 3504 4118 aquisineensa,

259 4141 351 4191 νῦν
379 4140 540 4193 πάλιν
561 4139 801 4209 νεώτερα
837 4156 850 4169 ·
884 4143 1092 4210 στεῖραι
1137 4140 1433 4204 τίκτουσαι,
1476 4141 1566 4194 καὶ
1596 4141 1825 4212 γηραιαὶ
1928 4151 1938 4188 ε

1928 4147 2115 4204 atque,
2151 4146 2210 4190 ut
2253 4139 2407 4206 plura
2443 4141 2857 4207 prmtermittam
2885 4182 2898 4204 ,
2934 4141 3134 4195 tabula:
3193 4141 3286 4196 Dei
3339 4142 3507 4213 digito

257 4232 651 4300 βλαστάνουσαι
677 4273 691 4294 ,
745 4213 1068 4302 παραλόγως
1115 4232 1214 4301 μὲν
1237 4274 1251 4296 ,
1287 4233 1386 4285 οὐκ
1441 4233 1693 4304 ἀσπόρως
1726 4233 1820 4286 δέῐ
1926 4245 1936 4280 t

1817 4235 1820 4282 ἷ
1926 4229 2264 4298 conscriptae,
2291 4240 2343 4282 et
2377 4231 2626 4286 volucres
2659 4231 2834 4286 instar
2862 4247 3042 4287 arenae
3064 4234 3404 4302 depluentes.
3443 4245 3496 4288 et

265 4322 428 4376 ’Δλλὰ
457 4322 509 4374 τι
543 4339 632 4392 μοι
663 4323 858 4388 ταῦτα,
897 4323 1030 4393 πρὸς
1063 4324 1123 4376 16
1148 4327 1341 4392 νόμους
1396 4324 1620 4394 λυθῆναι
1666 4325 1821 4391 λόγου
1927 4335 1944 4372 t

1927 4335 2129 4373 manna
2165 4320 2383 4376 ecelitus
2415 4321 2736 4384 demissum,
2766 4323 2982 4393 aliaque
3010 4324 3092 4378 his
3109 4334 3164 4379 et
3193 4326 3504 4395 antiquiora

257 4417 350 4467 καὶ
383 4414 633 4484 φύσεως;
669 4415 809 4469 Ἀλλ’
835 4415 956 4486 οὐχὶ
993 4414 1184 4485 χρόνου
1207 4432 1264 4468 τε
1294 4417 1386 4467 καὶ
1406 4413 1705 4484 πηρώσεως
1729 4416 1823 4467 καὶ
1856 4461 1900 4520 D
1925 4426 1936 4461 t

1812 4425 1823 4466 ι
1856 4417 1978 4520 Det
2007 4409 2372 4478 praeclariora,
2421 4425 2484 4464 ae
2541 4413 2838 4466 recentiora
2878 4428 3118 4483 quoque,
3171 4429 3293 4483 qua:
3344 4431 3491 4469 nune

255 4507 534 4559 συλλαϐεῖν
585 4508 680 4560 καὶ⁵
732 4509 913 4559 τεκεῖν
957 4507 1272 4578 παρθένον;
1325 4508 1440 4561 Οὐκ
1491 4508 1650 4571 ἄνθος
1700 4507 1818 4560 οὐδὲ
1856 4502 1934 4555 "i

1856 4502 1898 4520 "
1929 4502 2130 4555 iterum
2181 4516 2438 4568 evenere,
2479 4502 2698 4558 steriles
2728 4503 3001 4573 parientes
3045 4506 3165 4574 (4⁸),
3213 4516 3268 4560 et
3316 4506 3501 4561 cil‘mta

255 4598 486 4668 καρπὸν,
521 4598 596 4661 ὼς
629 4599 663 4666 ή
694 4597 907 4667 ῥάϐδος,
952 4597 1132 4668 μόνον,
1182 4597 1300 4650 οὺδέ
1327 4614 1378 4650 τι
1413 4598 1636 4666 ρευστὺν
1663 4597 1695 4668 ἢ
1727 4598 1822 4652 καὶ
1922 4608 1934 4646 :

1821 4640 1822 4644 η
1922 4600 2084 4647 tetate
2155 4593 2413 4649 mulieres
2470 4594 2782 4664 inopinate,
2831 4611 3146 4666 quanquam
3203 4613 3314 4652 non
3379 4599 3500 4652 sine

255 4690 479 4758 ἄψυχον,
509 4688 583 4751 ὡς
621 4690 655 4758 ὴ
686 4689 863 4758 πέτρα
885 4689 945 4740 16
973 4690 1142 4757 νᾶμα,
1175 4688 1312 4742 ἀλλὰ
1342 4688 1530 4758 βροτὸν
1555 4729 1569 4752 ,
1616 4689 1817 4759 μᾶλλον
1925 4699 1934 4736 1

1925 4692 2183 4752 suscepto
2217 4684 2445 4748 semine,
2473 4684 2524 4738 in
2565 4695 2718 4739 utero
2737 4687 3051 4757 gestantes!
3092 4685 3290 4740 Verum
3327 4689 3499 4741 enim-

253 4778 310 4830 δὲ
338 4777 468 4829 Θεὸν
489 4776 624 4847 ὁμοῦ
659 4779 754 4831 καὶ
775 4777 985 4847 βροτὸν,
1011 4776 1229 4843 λογικόν
1248 4793 1306 4830 τε
1339 4778 1430 4828 καὶ
1464 4775 1646 4845 νοερόν
1677 4792 1689 4806 ·
1723 4775 1819 4829 καὶ
1925 4791 1932 4808 τ

1817 4815 1819 4824 ,
1925 4789 2055 4828 vero
2080 4775 2212 4844 quid
2249 4775 2354 4832 ista
2396 4775 2530 4830 mihi
2558 4817 2572 4839 ,
2607 4777 2654 4831 si
2691 4792 2813 4832 cum
2842 4776 3228 4833 deﬁcientibus
3258 4778 3337 4846 (in
3373 4775 3496 4832 Vir—

253 4867 348 4938 οὑχ
378 4869 500 4920 ὅσον
530 4867 604 4937 μὴ
637 4867 930 4938 φλεχοῆναι
955 4907 969 4931 ,
1001 4867 1138 4921 ἀλλὰ
1185 4868 1279 4919 καὶ
1336 4865 1624 4936 οεωθῆναι,
1695 4864 1819 4935 μηδ’
1924 4882 1932 4931 ι

1924 4864 2070 4933 gine)
2105 4873 2217 4917 tum
2248 4865 2686 4919 ratiocinationis
2711 4877 2933 4930 nostra},
2967 4876 3080 4920 tum
3125 4876 3335 4921 natura:
3369 4867 3500 4936 legi-

256 4963 432 5031 ὐλικῇ,
471 4961 725 5029 καθάπερ
755 4961 804 5013 οἱ
838 4959 1049 5024 παῖδες,
1080 4959 1214 5013 ἀλλὰ
1248 4957 1382 5011 Θεοῦ
1434 4958 1587 5026 φλογί
1622 4973 1635 4985 ⁸
1696 4957 1818 5026 μηδ’
1923 4958 1935 5011 l

1923 4958 2023 5011 bus
2054 4957 2450 5011 conferantur?
2488 4961 2567 5010 An
2601 4974 2729 5011 vero
2767 4967 2898 5011 mtas
2921 4957 3107 5013 effosta
3139 4973 3205 5013 ae
3236 4959 3498 5013 sterilitas

255 5053 430 5122 ἁκαρῇ
495 5052 587 5104 καὶ
644 5050 841 5114 ἔξωθεν
896 5051 1044 5117 σχεῖν
1102 5048 1198 5117 τὴν
1248 5048 1460 5115 φλόγα,
1511 5046 1817 5115 καθάπερὴ
1925 5058 1934 5115 4

1925 5051 2102 5116 (partu
2151 5049 2283 5101 mire
2335 5049 2544 5116 ditatze)
2581 5050 2688 5103 ullo
2739 5049 2902 5103 modo
2961 5049 3267 5119 comparari
3299 5059 3500 5118 queant

259 5145 436 5215 βάτος,
469 5143 583 5197 ἀλλ’
620 5142 765 5218 ἔνδον
798 5159 857 5194 τε
884 5145 974 5195 καὶ
1001 5142 1094 5194 ἐπὶ
1123 5143 1376 5193 τοσοῦτον
1405 5157 1419 5171 ·
1451 5142 1541 5193 καὶ
1574 5138 1647 5210 μὴ
1681 5139 1818 5191 διελ-
1925 5159 1938 5192 ι

1925 5158 2048 5194 eum
2104 5142 2370 5210 portentis
2413 5141 2554 5194 illius
2582 5179 2597 5203 ,
2646 5156 2765 5210 qua:
2797 5141 2950 5208 virgo
2989 5149 3043 5194 et
3082 5143 3410 5208 conceperit,
3446 5150 3501 5196 et

258 5239 365 5289 θεῖν
423 5235 604 5289 δοῦναι
661 5235 842 5304 μόνον,
896 5233 1038 5287 καοὰ
1069 5234 1229 5301 καὶή
1271 5231 1509 5302 Ἐρυθρὰ
1535 5231 1700 5285 πάλαι
1743 5229 1818 5299 τῷ
1926 5248 1937 5298 ι

1817 5261 1818 5272 ι
1926 5231 2232 5299 pepererit?
2277 5229 2434 5294 Quod
2477 5238 2659 5283 autem
2719 5245 2826 5283 non
2879 5228 3063 5283 ﬂorem
3121 5231 3496 5282 tantummodo

267 5327 502 5396 Ἰσραὴλ,
532 5325 666 5379 ἀλλὰ
712 5327 804 5379 καὶ
830 5326 1007 5396 σάρκα
1050 5323 1232 5378 δοῦναι
1265 5322 1341 5392 τῷ
1374 5322 1629 5392 ἐξαυτῆς
1662 5339 1676 5353 ·
1712 5340 1817 5392 μη-
1927 5324 1946 5376 I

1816 5356 1817 5360 η
1927 5324 2235 5378 [metumve
2290 5323 2598 5393 protulerit,
2655 5323 2731 5376 uti
2769 5323 2942 5392 prisca
2987 5321 3075 5375 illa
3103 5322 3290 5390 virga,
3321 5336 3495 5389 neque

255 5419 307 5472 δὲ
334 5418 518 5481 ἁπλῶς
589 5417 904 5486 γραφῆναι,
960 5416 1210 5485 καθάπερ
1279 5415 1335 5466 αἱ
1415 5413 1618 5474 πλάκες
1678 5412 1812 5466 Θεοῦ
1929 5422 1934 5468 1

1811 5438 1812 5455 ι
1929 5415 2132 5469 ﬁuxum
2173 5414 2454 5484 quidpiam
2501 5423 2664 5483 atque
2718 5414 3098 5477 inanimatam,
3171 5413 3311 5466 sicut
3361 5413 3490 5465 olim

251 5512 514 5580 δακτύλῳ,
551 5509 686 5562 ἀλλὰ
722 5509 812 5561 καὶ
839 5507 1000 5561 αὑτὸν
1033 5505 1456 5575 συνουσιωοῆναι
1489 5505 1578 5557 16v
1618 5507 1810 5572 Λόγοι,
1925 5523 1930 5575 ι

1808 5551 1810 5564 .
1925 5518 2072 5576 petra
2103 5506 2339 5571 laticem,
2374 5504 2467 5559 sed
2498 5505 2796 5569 hominem,
2836 5505 3084 5573 quinimo
3117 5503 3282 5557 Deum
3331 5504 3487 5557 simul

253 5604 340 5656 καὶ
371 5603 673 5672 ὑποστῆναι
710 5599 770 5652 16
799 5596 1151 5668 πρόσλημμα,
1177 5594 1286 5647 τίσι
1334 5593 1510 5648 ταῦτα
1557 5593 1812 5660 παραεα-
1922 5620 1932 5652 ι

1794 5621 1812 5634 ·
1922 5609 1975 5652 et
2025 5598 2296 5651 hominem
2358 5597 2568 5650 ratione
2641 5595 3101 5665 inteliigentiaque
3170 5594 3473 5662 przeditum.

251 5697 351 5749 λεῐν
383 5694 560 5755 εῑκὸςς
1924 5701 1930 5737 t

1924 5692 2188 5761 Quodque
2216 5705 2325 5746 non
2354 5689 2520 5747 modo
2551 5691 2832 5746 combusta
2878 5705 2985 5744 non
3015 5689 3199 5748 fuerit.
3246 5690 3352 5741 into
3396 5686 3478 5741 ὼ-

318 5810 417 5879 (ι’)
451 5809 530 5862 Ad
571 5806 809 5864 Elisabct
853 5803 1216 5861 Praecursoris
1270 5809 1500 5858 matrem
1529 5805 1642 5859 lizec
1673 5816 1940 5874 spectant.
