4252 6436
781 425 887 486 935
2022 420 2105 477 JU
2115 423 2149 477 .\
2162 420 2207 477 Ν
2220 430 2258 478 Ν
2273 421 2341 478 lS
2380 419 2425 478 G
2435 417 2811 478 EOMETRJE
3928 420 4049 478 836

780 533 909 585 vina
943 531 1013 585 sit
1038 531 1254 596 effecta,
1280 545 1403 584 cum
1436 539 1619 583 tamen
1658 541 1767 581 non
1795 527 2061 581 materiali
2115 527 2355 593 ﬂamma,
2399 537 2459 583 ut
2494 528 2623 582 olim
2690 539 2801 582 tres
2825 526 3001 597 pueri,
3032 527 3128 582 sed
3168 526 3513 583 comburenti
3578 526 3674 583 Dei
3708 528 3880 597 ipsius
3910 528 4048 596 igne

774 625 1163 694 corriperetnr,
1245 636 1422 692 neque
1496 621 1565 675 ad
1618 620 1836 675 brevem
1908 618 2099 672 horam
2161 628 2217 673 et
2276 623 2641 684 extrinsecus,
2705 628 2767 673 ut
2797 619 2929 673 olim
2987 617 3181 683 rubus,
3232 632 3419 674 verum
3469 620 3799 674 intrinsecus
3854 628 3910 675 et
3970 620 4045 673 ad

776 728 992 791 tempus
1032 726 1141 772 tam
1170 715 1491 768 diuturnum
1527 729 1542 767 :
1583 726 1648 767 ac
1671 724 1863 765 rursus
1893 709 2039 779 quod
2064 723 2172 762 non
2241 724 2389 763 mere
2428 711 2721 763 transitum
2758 709 2989 774 dederit,
3025 717 3085 765 ut
3127 708 3258 764 olim
3324 709 3574 766 Rubrum
3616 712 3901 774 lsraelitis,
3936 714 4042 769 sed

776 817 940 871 etiam
970 827 1191 868 carnem
1218 811 1508 881 prodeunti
1554 823 1621 862 ex
1674 806 1792 876 ipsa
1844 805 2167 875 praebuerit;
2240 802 2387 870 quod
2427 804 2773 873 insupernon
2843 804 3184 874 simpliciter,
3229 814 3291 861 ut
3326 806 3600 874 quondam
3634 807 3767 879 legis
3809 810 4039 868 tabula.

780 910 872 964 Dei
921 906 1092 976 digito
1141 906 1451 973 conscripta
1501 904 1611 968 sit,
1653 902 1747 957 sed
1828 899 2074 953 eamdem
2121 911 2248 951 eum
2290 896 2379 950 illa
2419 897 2779 953 substantiam
2818 896 2998 969 ipsum
3062 898 3301 953 Verbum
3358 897 3630 965 habuerit,
3680 912 3735 955 et
3786 903 3934 972 quod
3967 918 4036 958 ex

778 1005 892 1073 ipsa
923 1001 1267 1064 assnmebat,
1313 1000 1365 1052 in
1441 1011 1595 1052 suam
1666 994 1971 1067 hypotasim
2039 993 2370 1060 adsciverit;
2452 995 2606 1062 hme,
2652 994 2923 1065 inquam,
2977 995 3161 1050 omnia
3222 995 3547 1066 quibusnam
3588 998 3709 1052 aliis
3764 1004 4041 1068 portentis

774 1092 1080 1161 comparari
1116 1100 1343 1160 possunt
1366 1089 1389 1142 ?
1732 1108 1738 1114 ·
2956 1163 2962 1168 .

846 1179 1039 1233 XXIV.
1073 1179 1226 1245 Quod
1258 1193 1386 1233 vero
1441 1192 1550 1231 non
1601 1178 1762 1230 modo
1806 1175 2119 1245 conceperit
2175 1172 2350 1242 virgo,
2383 1185 2428 1241 Α

2383 1185 2428 1241 Α
2528 1177 2652 1231 KA'.
2686 1177 2762 1231 Τὸ
2814 1178 2871 1233 δὲ
2926 1180 3003 1249 μὴ
3062 1179 3223 1249 μόνον
3250 1182 3348 1234 καὶ
3404 1179 3688 1234 συλλαϐεῖν
3742 1180 4034 1249 παρθένον,

776 1278 1176 1336 etconceptnm
1209 1266 1333 1319 dein
1371 1266 1563 1319 foetum
1609 1266 1662 1319 in
1696 1265 1871 1318 lucem
1933 1262 2209 1328 ediderit,
2259 1260 2354 1314 sed

782 1370 1044 1430 prazterca
1081 1358 1244 1412 enixa
1286 1358 1654 1427 virginitatem
1675 1354 1993 1419 servaverit,
2046 1367 2225 1407 nonne
2254 1354 2353 1406 du-

781 1453 900 1522 plex
943 1451 1252 1521 prodigium
1285 1451 1366 1504 vel
1399 1452 1452 1503 in
1496 1452 1612 1519 ipsa
1645 1457 1858 1501 tantum
1893 1446 2101 1514 virgine
2156 1454 2359 1514 mysteo

781 1546 922 1601 rium
960 1546 1118 1599 nobis
1137 1544 1414 1598 ostendit?
1440 1542 1708 1597 Caeterum
1731 1542 1910 1595 adhuc
1952 1539 2127 1610 majus
2180 1539 2243 1608 (si
2278 1550 2358 1593 ta-

783 1650 904 1689 men
928 1635 1220 1704 quodpiam
1254 1635 1432 1702 majus
1458 1632 1641 1687 dicere
1700 1632 1840 1702 licet)
1874 1631 2038 1700 priori
2085 1630 2359 1697 posterius

782 1734 1025 1795 apparet.
1047 1724 1180 1777 Nam
1211 1724 1352 1793 quod
1377 1722 1610 1777 Verbum
1632 1725 1871 1777 nondum
1900 1738 2160 1791 corporea
2182 1741 2358 1781 massa

782 1818 1247 1873 circumvestitum
1278 1814 1539 1869 ineffabili
1570 1817 1788 1885 quidem
1811 1819 2042 1881 ratione,
2072 1821 2164 1873 sed
2199 1836 2357 1892 pror-

786 1924 881 1964 sus
913 1909 1138 1977 integris
1170 1908 1523 1976 virginalibus
1554 1911 1810 1961 claustris
1855 1911 2136 1981 ingressus
2176 1918 2357 1982 fuerit,

785 2012 1119 2065 carnemque
1152 1996 1534 2063 assumpserit,
1573 1996 1676 2049 hoc
1704 2012 1837 2051 sane
1882 2000 2129 2055 mirabile
2155 2014 2258 2068 est,
2306 2017 2359 2059 et

787 2087 1099 2141 nullatenus
1117 2088 1500 2157 comprehendi
1521 2095 1714 2156 potest.
1734 2088 1866 2155 Quis
1883 2092 2028 2145 enim
2047 2093 2144 2147 hoc
2165 2097 2362 2164 neget?

785 2178 903 2233 Non
936 2180 1073 2233 adeo
1095 2192 1277 2234 tamen
1310 2181 1685 2237 admirandum
1716 2184 1843 2238 illud
1875 2194 1981 2249 est,
2004 2190 2360 2255 quemadmo-

785 2273 1076 2341 dnmqnod
1129 2288 1252 2325 cum
1294 2284 1577 2343 assumpto
1640 2293 1857 2345 quoque
1901 2293 2089 2332 crasso
2135 2296 2363 2349 corpore

785 2382 1059 2436 egressus,
1097 2378 1332 2437 portam,
1358 2371 1434 2423 uti
1476 2371 1625 2436 prius
1646 2410 1660 2433 ,
1688 2352 2031 2441 obsignatam
2060 2374 2360 2444 reliquerit,

784 2461 933 2513 velut
954 2474 1015 2513 ac
1050 2476 1323 2530 nunquam
1357 2462 1680 2517 transiisset.

2461 1269 2555 1321 xui.
2586 1270 2959 1324 συλλαϐοῦσαν
2985 1272 3273 1339 διατελεῖν,
3307 1273 3443 1327 ἀλλά
3478 1276 3573 1327 καὶ
3614 1274 3882 1326 τεκοῦσαν
3938 1277 4039 1339 τὴν

2459 1361 2759 1430 παρθενίαν
2808 1364 3109 1434 διατηρεῖν,
3172 1364 3289 1427 πῶς
3308 1367 3370 1416 οὐ
3404 1366 3624 1418 διπλοῦν
3675 1366 3773 1434 μὲν
3812 1368 3947 1434 ἡμῖν
3977 1367 4036 1420 τὸ

2461 1453 2602 1506 κατά
2622 1455 2720 1526 τὴν
2748 1456 3015 1526 παρθένον
3038 1458 3199 1527 μόνον
3214 1459 3561 1512 ἀναδείκνυσι
3591 1457 3777 1529 θαῦμα
3803 1457 3901 1510 τοῦ
3936 1477 4037 1527 μυ-

2461 1546 2719 1616 στηρίου;
2772 1550 2954 1618 μεῖζον
2980 1549 3060 1613 δὲ,
3080 1551 3259 1621 ἐιπερ
3284 1568 3338 1605 τι
3372 1552 3557 1621 μεῖξον
3610 1553 3785 1604 εἰπεῖν
3821 1550 4033 1615 ἔξεστι,

2460 1639 2555 1693 καὶ¹
2588 1638 2684 1692 τοῦ
2718 1640 3083 1709 προλαϐόντος
3108 1682 3123 1707 ,
3185 1644 3457 1711 φαίνεται.
3483 1642 3558 1695 Τὸ
3590 1642 3689 1713 μὲν
3732 1643 3842 1711 γὰρ
3873 1642 4038 1710 μήπω

2460 1733 2804 1803 παχυνθέντα
2832 1736 2924 1788 τὸν
2950 1735 3144 1804 Λόγον,
3172 1736 3465 1806 ἀφράστως
3496 1735 3617 1805 μὲν,
3662 1732 3930 1795 ἀσείστως
3980 1732 4038 1785 δὲ

2458 1827 2568 1879 τῶν
2601 1828 2887 1897 νυμφικῶν
2910 1829 3171 1882 εἰσελθεῖν
3197 1828 3481 1898 κλείθρων,
3512 1829 3607 1881 καὶ
3634 1828 3814 1897 σάρκα
3831 1825 4035 1897 λαϐεῖν,

2462 1919 2773 1988 θαυμαστὸν
2801 1921 2900 1989 μὲν
2927 1921 3021 1975 καὶ
3069 1921 3190 1975 οὐδὲ
3235 1920 3611 1991 καταληπτόν
3644 1920 3761 1983 πῶς
3789 1919 3901 1989 γὰρ
3930 1918 3991 1971 οὕ
4021 1935 4035 1983 ;

2461 2010 2613 2065 ούπω
2633 2013 2687 2065 δὲ
2715 2015 2987 2078 τοσοῦτον,
3018 2014 3140 2067 ὅσον
3166 2015 3305 2083 μετά
3329 2012 3422 2067 τοῦ
3448 2018 3655 2082 πάχους
3679 2013 3803 2066 ὅλου
3830 2011 4037 2065 καὶτοῦ

2466 2105 2890 2176 προσλήμματος
2914 2106 3219 2171 ἐξελθόντα,
3256 2106 3357 2175 τὴν
3389 2104 3566 2175 πύλην
3583 2105 4039 2176 ἑσφραγισμένην

2462 2196 2783 2261 ἀπολιπεῖν,
2847 2196 3037 2269 ὥσπερ
3090 2198 3157 2252 ἂν
3204 2198 3253 2252 ει
3323 2198 3460 2269 μηδὲ
3509 2197 3609 2270 τὴν
3660 2197 3838 2269 ἀρχὴν
3896 2197 4035 2251 διελ·

2465 2285 2573 2340 θὼν
2598 2282 2687 2359 ἦν.

857 2547 1023 2603 XXV.
1052 2550 1156 2615 Qui
1190 2566 1351 2620 porro
1375 2567 1691 2607 meumesse
1710 2555 1902 2623 pUSsil,
1934 2556 2168 2626 prodigii
2198 2558 2358 2624 huius
2393 2542 2432 2596 Β
2532 2558 2536 2608 Σ

2393 2542 2432 2596 Β
2532 2556 2662 2611 KE'.
2696 2554 2803 2610 Καὶ
2828 2555 2880 2608 τί
2914 2571 3004 2624 μοι
3035 2553 3129 2608 τοῦ
3151 2553 3429 2624 θαύματος
3459 2552 3763 2623 ἀνιχνεύειν
3784 2553 3847 2603 τὸ
3870 2553 4039 2605 πέλα-

788 2643 1010 2713 pelagus
1043 2643 1413 2711 investigare?
1450 2642 1563 2698 lloc
1590 2645 1767 2713 ipsum
1794 2651 1945 2701 enim
1981 2650 2358 2705 admirandum

788 2734 925 2787 adeo
956 2735 1228 2789 veteribus
1258 2751 1476 2806 quoque
1504 2737 1678 2791 visum
1711 2748 1812 2804 est,
1849 2750 1907 2794 ut
1949 2743 2027 2793 vel
2059 2744 2356 2812 prophetae,

785 2842 814 2880 a
849 2826 1007 2897 longe
1041 2827 1166 2879 illud
1203 2828 1498 2891 intuentes,
1535 2844 1811 2895 nunquam
1844 2846 1952 2885 non
1994 2842 2217 2900 stupore
2249 2849 2365 2904 pcr-

788 2919 1135 2982 cellcrentur,
1171 2928 1225 2972 et
1257 2936 1363 2973 non
1407 2920 1565 2972 modo
1592 2921 1769 2989 ipsum
1806 2923 2195 2977 annuntiarent
2243 2927 2362 2978 ubi-

787 3026 916 3079 que,
959 3010 1052 3065 sed
1094 3020 1147 3066 et
1195 3013 1457 3081 symbolis
1478 3015 1807 3083 quibusdam
1854 3015 2171 3085 umbrisque
2226 3017 2364 3071 deli-

791 3110 1040 3166 nearent,
1077 3101 1121 3157 si
1155 3103 1295 3157 forte
1329 3104 1740 3159 obscurioribus
1776 3106 2051 3175 aliquibus
2077 3108 2247 3162 veluti
2271 3123 2364 3163 c0-

793 3194 1001 3247 loribns
1052 3205 1215 3249 tanta:
1278 3196 1353 3248 rei
1431 3198 1858 3264 magnitudinem
1913 3199 2125 3253 ratione
2183 3200 2364 3269 aliqua

790 3282 1115 3337 adumbrare
1142 3295 1382 3353 possent.
1414 3287 1589 3355 Atque
1625 3287 1708 3339 his
1740 3290 1984 3354 edemus,
2009 3291 2123 3358 ipse
2151 3305 2367 3359 qquue

792 3390 913 3426 eum
943 3374 1215 3442 prioribus
1238 3390 1300 3429 ea
1322 3390 1641 3443 comparare
1674 3378 1823 3443 novi,
1869 3394 1991 3448 qua:
2030 3381 2178 3447 prius
2217 3396 2367 3435 com-

793 3469 1075 3534 paratione
1106 3468 1381 3521 carebant.
1418 3470 1498 3522 Ad
1525 3470 1654 3522 illud
1683 3470 1830 3523 enim
1868 3473 1951 3526 vel
1996 3488 2163 3526 unum
2195 3473 2365 3541 virgi-

794 3559 978 3613 nitatis
1012 3559 1314 3627 prodigium
1341 3561 1420 3613 sic
1445 3576 1503 3615 se
1534 3562 1735 3615 habent
1764 3578 1828 3616 ea
1856 3564 2035 3617 omnia
2069 3603 2084 3628 ,
2116 3575 2275 3631 prout
2299 3564 2366 3618 ad

792 3650 1074 3703 veritatem
1106 3668 1163 3704 se
1206 3653 1366 3706 habet
1394 3662 1571 3720 typus;
1603 3654 1667 3705 ad
1701 3668 1903 3723 corpus
1954 3656 2168 3721 umbra,
2205 3664 2370 3725 atque

793 3739 860 3791 ad
900 3755 1010 3793 rem
1033 3743 1204 3809 ipsam
1252 3744 1547 3796 somnium.
1578 3742 1852 3813 Virginem
1883 3745 2084 3815 quippe
2134 3747 2223 3801 illa
2256 3763 2371 3800 om-

794 3834 882 3883 nia
939 3834 1377 3900 adumln'abant;
1431 3836 1607 3905 iisque
1670 3838 1931 3906 symbolis
1992 3839 2366 3908 praesignatam

791 3938 912 3975 0:50
943 3939 1135 3977 omnes
1164 3927 1335 3993 ipsam
1371 3929 1748 3991 exsistimant,
1782 3932 2151 3999 cungruisque
2193 3932 2369 3983 nomi-

794 4016 952 4067 nibus
971 4016 1264 4083 appellant,
1297 4031 1445 4072 mare
1462 4019 1689 4071 divisum
1719 4020 2025 4087 iterumque
2045 4022 2370 4077 adunatum.

794 4116 1005 4175 portam
1036 4109 1274 4176 perviam
1311 4108 1477 4162 simul
1516 4120 1570 4163 et
1613 4113 1895 4175 clausam;
1944 4110 2219 4164 fornacem
2254 4126 2375 4165 rore

794 4198 1102 4253 madentem
1120 4200 1304 4265 simul,
1326 4211 1489 4270 atque
1504 4202 1786 4255 ardentem
1806 4218 1822 4267 ;
1846 4200 2041 4255 rubum
2066 4204 2370 4266 incensum,

794 4293 890 4346 sed
945 4308 1051 4346 non
1087 4293 1468 4358 combustum;
1539 4296 1738 4349 nubem
1775 4295 1880 4349 diei
1936 4295 2099 4349 simul
2130 4304 2185 4348 et
2239 4294 2374 4348 recti

796 4384 1308 4450 itinerisnuntiam;
1341 4386 1653 4440 columnam
1693 4386 1856 4457 ignis,
1892 4402 1999 4440 non
2037 4388 2220 4450 modo,
2251 4402 2371 4440 cre-

794 4477 1062 4542 diderim,
1123 4481 1365 4534 divinum
1421 4483 1597 4550 ignem
1636 4484 1687 4536 iu
1740 4498 1800 4537 se
1838 4482 2122 4546 ferentem,
2183 4499 2372 4538 verum

794 4572 955 4624 etiam
998 4572 1240 4626 divinum
1271 4590 1581 4639 novumque
1608 4576 1867 4644 pupulum
1899 4584 2088 4630 contra
2115 4577 2375 4645 spiritua-

796 4664 898 4715 Ιιιιιὶ
958 4660 1295 4717 Pharaonem
1351 4667 1884 4735 eommnnientema
1940 4676 2148 4735 petram
2225 4668 2372 4733 mel,

795 4754 1030 4809 Verbum
1088 4758 1314 4819 scilicet,
1358 4757 1767 4823 effundentem;
1803 4733 2015 4828 \irgam
2068 4762 2373 4829 progenui-

796 4857 1010 4899 nantem
1035 4846 1245 4910 florem,
1278 4849 1368 4918 qui
1390 4852 1607 4919 generis
1640 4850 1861 4903 humani
1890 4851 2181 4919 fragrantia
2207 4860 2290 4904 est
2320 4859 2376 4905 et

795 4940 961 5009 gloria
987 4958 999 5004 ;
1038 4940 1284 5012 [teri-am,
1310 4958 1433 5010 quae
1469 4960 1683 5023 sqmper
1714 4946 1795 4998 sui
1829 4944 2045 5007 similis,
2074 4957 2137 4997 ac
2167 4943 2373 4997 etelesti

797 5031 1055 5083 alimento
1088 5030 1283 5084 referta
1338 5033 1555 5085 inventa
1587 5041 1699 5095 est;
1750 5046 1979 5099 qumque
2022 5044 2238 5093 manna,
2282 5043 2374 5098 pa-

799 5140 918 5174 netu
958 5124 1181 5176 minime
1211 5125 1441 5187 cultum,
1482 5123 1709 5191 profert,
1741 5137 1901 5190 quem
1942 5120 2148 5174 scilicet
2202 5134 2375 5187 neque

2464 2667 2557 2717 γος
2585 2666 2600 2714 ;
2632 2647 2788 2700 Οὕτω
2815 2649 2925 2715 γὰρ
2953 2646 3097 2710 ἔδοξε
3129 2646 3357 2708 καὶτοῖς
3402 2645 3569 2698 πάλαι
3611 2643 3773 2698 τοῦτο
3827 2644 4044 2712 θαυμαο

2465 2741 2612 2805 στὸν,
2672 2738 2747 2802 ὡς
2795 2736 3003 2794 ἄνωθεν
3054 2738 3144 2791 ἀεὶ
3202 2736 3360 2789 τοῦτο
3412 2737 3507 2789 καὶ
3564 2737 3692 2799 τοὺς
3753 2737 4043 2805 προφήτας

2466 2832 2890 2905 ἐκπλήττεσθαι,
2930 2829 3129 2899 καὶμὴ
3156 2828 3315 2898 μόνον
3366 2827 3646 2898 πανταχοῦ
3696 2828 4041 2905 ⁸ξτεριςιςνέρειν,

2463 2926 2600 2980 ἀλλὰ
2631 2926 2725 2978 καὶ
2750 2923 3090 2994 ὑπογράφειν
3114 2921 3405 2990 συμϐόλοις
3431 2922 3494 2988 γέ
3539 2935 3653 2973 τισι
3684 2921 3781 2973 καὶ
3812 2923 3997 2981 σκιαῖς

2466 3018 2520 3071 εί
2544 3035 2700 3081 πως,
2759 3015 2947 3085 ὥσπερ
3010 3017 3066 3068 ιν
3142 3012 3544 3083 ἀμαυροτέροις
3591 3013 3702 3065 τισὶ
3759 3011 4043 3082 χρώμασι,

2468 3110 2942 3180 σκιαγραφήσουσι
2987 3107 3048 3159 τὸ
3099 3105 3193 3158 τοῦ
3247 3106 3573 3175 πράγματος
3608 3103 3861 3175 μέγεθος.
3902 3104 4048 3156 Κάνο

2467 3201 2644 3255 ταῦθα
2716 3198 2923 3269 μαθὼν,
2980 3196 3235 3266 ἔγνωκα,
3294 3196 3595 3265 συγκρίνας
3662 3194 3925 3264 ἀνωτέρω
3979 3194 4049 3247 τὰ

2468 3293 2692 3348 αὐτόθεν
2719 3290 3048 3360 ἀσύγκριτα.
3080 3289 3243 3341 Ὅσον
3281 3287 3390 3357 γὰρ
3415 3287 3589 3339 τύπου
3642 3284 3738 3339 καὶ
3787 3285 4051 3356 ἀληθείας

2467 3380 2527 3430 τὸ
2562 3380 2747 3447 μέσον,
2779 3381 2873 3431 καὶ
2893 3378 3143 3446 σώματος
3169 3376 3263 3430 καί⁵
3281 3376 3460 3439 σκιᾶς,
3487 3375 3581 3427 καὶ
3600 3374 3927 3445 πράγματος
3956 3377 4053 3428 καὶ

2467 3472 2767 3543 ὀνείρατος,
2786 3468 3038 3532 τοσοῦτον
3055 3468 3323 3522 κάκείνων
3338 3467 3557 3520 πάντων
3581 3465 3717 3534 ὁμοῦ
3746 3469 3843 3519 καὶ
3879 3467 4049 3535 μόνου

2468 3563 2563 3617 τοῦ
2589 3562 2730 3616 κατά
2744 3563 2843 3631 τὴν
2871 3560 3146 3631 Παρθένον
3178 3560 3477 3630 θαύματος.
3510 3560 3693 3612 Πάντα
3722 3560 3834 3628 γὰρ
3864 3561 4051 3612 ἐκεῖνα

2470 3656 2675 3724 ταύτην
2706 3656 2959 3716 ὲτύπουν,
2988 3654 3083 3705 καὶ
3106 3654 3280 3705 πάντα
3314 3651 3517 3719 ταύτην
3538 3651 3737 3713 πάντες
3766 3651 4055 3719 νομίζουσί

2471 3746 2641 3799 τεκαὶ
2676 3744 3007 3815 ὀνομ;;ζουσι
3033 3760 3047 3775 ·
3075 3745 3349 3798 θάλασσαν
3386 3741 3710 3813 σχιζομένην
3761 3745 3857 3795 καὶ
3892 3744 4056 3795 πάλιν

2474 3838 2874 3907 συνερχομένην
2903 3852 2917 3866 ’
2956 3837 3134 3906 πύλην
3180 3835 3604 3904 διαϐαινομένην
3643 3834 3761 3902 ἅμα
3809 3836 3907 3886 καὶ
3958 3851 4053 3887 κε-

2475 3932 2801 4000 κλεισμένην
2828 3948 2842 3961 ·
2879 3930 3107 3999 κάμινον
3145 3928 3531 4001 δροσιζομένην
3564 3929 3682 3997 ἄμα
3703 3928 3797 3980 καὶ
3851 3928 4053 3996 φλεγο-

2479 4024 2680 4092 μένην·
2717 4022 2876 4092 βάτον
2921 4023 3238 4093 καιομένην,
3292 4019 3407 4075 ἀλλ’
3455 4020 3516 4072 ού
3560 4020 4013 4088 κατακαιομένην
4039 4040 4053 4051 ·

2475 4112 2705 4180 νεφέλην
2754 4113 2967 4182 ἡμέρας
3028 4115 3145 4181 ἅμα
3219 4112 3317 4166 καὶ
3382 4112 3715 4182 εύθυπορίας
3777 4112 4051 4179 ἄγγελον·

2477 4200 2669 4254 στύλον
2700 4201 2892 4271 πυρὸς,
2921 4204 2981 4254 οὐ
3014 4202 3075 4253 τὸ
3102 4204 3266 4266 θεῖον,
3315 4199 3491 4271 οἶμαι,
3523 4202 3685 4271 μόνον
3718 4201 3832 4271 πῦρ
3864 4204 4059 4270 ἐπιφε-

2476 4296 2733 4365 ρομένην,
2757 4295 2892 4348 ἀλλά
2918 4297 3012 4347 καὶ
3033 4295 3125 4347 τοῦ
3148 4295 3294 4347 θείου
3321 4298 3414 4348 καὶ
3432 4296 3554 4348 νέου
3576 4294 3705 4347 λαοῦ
3738 4297 3830 4346 τὸν
3854 4293 4061 4362 Φαραὼ

2473 4386 2565 4439 τὸν
2592 4387 2781 4456 νοητὸν
2814 4388 3341 4458 ἀποφραγνυμένηνο
3377 4388 3582 4456 πέτραν
3610 4387 3732 4455 μέλι
3759 4388 3854 4439 τὸν
3884 4388 4059 4453 Λόγον

2478 4482 2729 4550 ῥέουσαν,
2757 4481 2950 4548 ῥάϐδον
2992 4481 3172 4543 ἄνθος,
3214 4482 3312 4550 τὴν
3349 4480 3577 4533 εὐωδίαν
3630 4480 3725 4532 καὶ
3769 4481 3929 4543 δόξαν
3964 4480 4058 4532 τοῦ

2477 4573 2686 4639 γένους.
2707 4572 2979 4641 φέρουσαν
3003 4588 3016 4604 ο
3048 4570 3175 4642 [γῆν
3203 4573 3464 4641 μείνασαν
3492 4572 3581 4625 οἶα
3603 4573 3741 4634 ἐστὶ,
3757 4575 3854 4625 καὶ
3872 4574 4056 4643 πλήρη

2474 4664 2574 4733 τῆς
2627 4664 2778 4727 θείας
2845 4665 3246 4734 εὕρισκομένην
3275 4667 3525 4741 τροφῆς’
3584 4667 3680 4718 καὶ
3712 4665 3911 4733 μάννα,
3965 4668 4057 4718 τὸν

2475 4753 2827 4822 ἀγεώργητον
2881 4753 3066 4822 ἄρτον,
3124 4756 3418 4823 φέρουσαν,
3450 4755 3508 4805 ὃν
3537 4752 3659 4805 οὔτε
3710 4753 3901 4822 ἄροσις
3932 4755 4056 4807 οὔτε

2478 4846 2657 4915 σπορά
2721 4843 3129 4916 ἐγεώργησεσ]
3194 4846 3426 4899 κιϐωτὸν
3494 4846 3809 4915 ἄψαυστον,
3878 4850 4059 4915 κῆπον

2475 4936 2694 4999 ἄσυλον,
2728 4936 2948 5007 λυχνίαν
2973 4936 3255 5001 ἄσϐεστον,
3276 4938 3403 4991 ναὸν
3427 4937 3646 5003 ἄϐατον,
3676 4940 3798 5007 ὅρος
3832 4939 4057 5008 ἄτομον,

2476 5029 2695 5095 ἀρεταῖς
2726 5028 3057 5097 κατάκομον,
3087 5028 3270 5082 πλάκα
3292 5030 3620 5098 θεόγραφον,
3666 5030 3903 5098 στάμνον
3942 5031 4060 5082 θεο-

2476 5118 2651 5186 δὸχον,
2678 5118 2987 5189 τράπεζαν,
3021 5119 3107 5187 ἐφ’
3225 5122 3254 5172 ὁ
3298 5121 3396 5189 τῆς
3430 5120 3577 5187 ζωῆς
3626 5122 3811 5191 ἄρτος,
3845 5122 4056 5189 κλίνην,

798 5216 973 5267 aratio
1012 5230 1186 5283 neque
1216 5216 1568 5269 commissum
1594 5230 1778 5268 semen
1810 5209 2064 5284 attulit;]
2094 5226 2372 5280 nunquam
2408 5234 2452 5289 ο

2408 5234 2452 5289 D
2482 5207 2567 5274 ἐφ’
2595 5204 2660 5279 ἦς
2686 5209 2714 5260 ὁ
2769 5209 2994 5269 δυνατὸς
3028 5208 3395 5274 ἀνεπαύσατο,
3425 5210 3688 5277 κλίμακα,
3727 5211 3793 5262 δι’
3822 5207 3893 5282 *ἧς
3922 5229 4057 5263 κατ-

798 5315 1112 5359 temeratam
1146 5322 1326 5361 arcam
1354 5346 1370 5373 ,
1409 5307 1624 5359 hortum
1658 5303 2048 5367 inviolabilem,
2096 5301 2373 5355 lucernam

799 5412 1070 5467 llllltqllam
1104 5414 1206 5451 non
1230 5399 1519 5460 lucentem,
1543 5396 1802 5465 templum
1834 5396 2194 5455 inaccessum,
2220 5406 2375 5444 mon-

798 5499 902 5544 tem
937 5506 1040 5544 non
1073 5502 1282 5545 sectum
1329 5506 1393 5544 ac
1422 5488 1715 5543 virtutibus
1742 5487 2101 5549 frondentem,
2131 5484 2365 5538 tabulam

2483 5298 2698 5369 έρχεται
2760 5298 2858 5369 μὲν
2883 5299 3037 5362 Θεὸς,
3062 5299 3347 5368 ἀνέρχεται
3372 5300 3428 5352 δὲ
3452 5302 3488 5351 ὁ
3504 5300 3713 5369 θνητὸς,
3746 5292 4057 5372 ἀρχομένην

2486 5391 2588 5459 μὲν
2649 5391 2759 5443 τῶν
2813 5391 3063 5460 χθονίων,
3126 5392 3440 5463 ἁπτομένην
3487 5394 3544 5446 δὲ
3600 5397 3692 5447 καὶ
3737 5396 3847 5446 τῶν
3891 5397 4059 5465 οὐρα-

2478 5484 2626 5536 νίων.

796 5600 825 5637 a
868 5585 978 5639 Deo
1030 5584 1439 5653 conscriptam;
1491 5597 1683 5636 urnam
1741 5578 1909 5632 Deum
1975 5577 2381 5641 continentem;
2423 5590 2669 5629 mensam
2726 5574 2781 5628 in
2810 5590 2916 5644 qua
2952 5575 3108 5643 panis
3139 5584 3222 5629 est
3250 5576 3409 5642 vitae;
3445 5577 3696 5631 lectulum
3746 5578 3798 5631 in
3840 5596 4056 5648 querc-

796 5678 1003 5748 quievit
1033 5679 1123 5746 qui
1156 5687 1346 5745 potens
1375 5688 1494 5743 est,
1529 5677 1731 5732 scalam
1760 5689 1855 5745 per
1879 5687 2044 5743 quam
2072 5682 2126 5727 et
2181 5667 2467 5725 descendit
2521 5666 2685 5733 Deus,
2718 5677 2772 5723 et
2824 5669 3073 5723 ascendit
3112 5668 3276 5724 homo
3300 5710 3315 5735 ,
3387 5675 3547 5726 terris
3598 5671 3843 5735 inuisam
3898 5686 4057 5744 atque

794 5772 961 5821 cinlos
992 5768 1364 5836 attingentem.

872 5858 1058 5915 XXVI.
1094 5859 1217 5915 ιιωυ
1246 5871 1351 5914 tam
1382 5857 1663 5928 prmclara,
1687 5867 1846 5929 atque
1868 5855 1951 5911 his
1973 5855 2135 5912 ctiam
2170 5854 2376 5923 potiora

2560 5849 2703 5916 KQ".
2760 5850 3009 5907 Τοσαῦτά
3044 5854 3249 5923 μοικαὶ
3278 5855 3550 5911 ἒτίπλείω
3576 5859 3704 5929 περὶ
3758 5859 3857 5931 τὴν
3910 5863 4054 5917 ΠΜ,
