4252 6436
259 410 360 469 83?

1041 405 1296 463 SElth.)
1334 406 1410 463 ΙΝ
1452 406 1554 464 SS.
1602 405 1951 464 DEll‘AR/E
1991 406 2707 467 ANNUNTIATIONEM.
3397 414 3499 475 ξδῗᾷ

256 520 408 569 θένον
431 515 497 567 τά
526 515 800 583 θαύματα,
829 513 1024 581 μᾶλλον
1063 514 1117 564 δὲ
1149 513 1215 563 τὰ
1241 513 1332 564 τοῦ
1364 513 1637 580 θαύματος
1684 516 1825 564 εξκο-
1861 515 1903 571 Β

1813 539 1825 552 ·
1861 515 1903 571 Β
1937 516 1985 566 in
2026 514 2242 584 Virgine
2286 518 2552 586 prodigia,
2611 534 2704 569 seu
2749 515 2924 584 potius
2970 519 3337 585 prodigiorum
3373 543 3492 577 nna-

255 611 530 679 νίσματαο
567 610 659 659 καὶ
709 607 794 658 διὰ
845 605 1013 658 τιῦτά
1069 624 1157 674 μοι
1213 607 1271 657 τὸ
1310 606 1435 675 περί
1472 607 1568 669 τὴν
1629 606 1820 657 συλλα-

255 701 455 752 ϐοῦσαν
489 700 804 769 θαυμάζειν,
838 700 1015 750 ἔπεισι
1050 700 1169 766 μὲν,
1195 699 1290 750 οὐκ
1311 698 1484 762 ἔξεστι
1510 698 1585 762 δὲ,
1620 701 1692 766 μὴ
1730 697 1823 750 καὶ

256 791 570 861 καθυϐρίσω
603 790 663 841 τὸ
715 787 898 857 θαῦμα
922 787 999 856 τῷ
1049 788 1283 856 θαύματι
1314 805 1328 819 ⁶
1363 788 1422 839 τὸ
1451 787 1504 838 δὲ
1559 789 1651 839 καὶ
1696 790 1824 857 περὶ

255 885 346 931 τὴν
375 880 745 948 συλληιρθέντα
778 878 1055 947 θαυμάσαι
1087 881 1215 947 μὲν,
1274 879 1382 944 ὅσῳ
1434 878 1592 929 πλέον
1641 880 1822 947 εὖρεῖν

255 973 516 1025 ἀδύνατον
546 987 558 1000 ·
587 971 773 1040 φρίξαι
799 970 852 1023 δὲ
879 970 1096 1038 μᾶλλον,
1127 971 1158 1040 ἦ
1188 971 1466 1036 θαυμάσαι
1493 970 1630 1033 δέον,
1685 971 1824 1022 ἄποα

259 1079 389 1131 ρον·
442 1064 702 1133 κροτῆσαι
731 1063 785 1113 δὲ
824 1063 1042 1130 μᾶλλον,
1092 1062 1125 1130 ἦ
1188 1061 1375 1132 ςρίξαι
1423 1063 1514 1112 καὶ
1551 1061 1825 1129 θαυμάσαι

257 1156 486 1224 πρέπον,
523 1155 871 1223 ἀσύγκριτον.
915 1153 1071 1205 Οὕτω
1106 1170 1196 1222 μοι
1237 1156 1328 1205 καὶ
1363 1153 1530 1205 πολλὰ
1565 1155 1656 1204 καὶ
1702 1154 1828 1206 πολ-

1572 1245 1706 1296 ἁλλὰ
1734 1245 1823 1297 τοῦ

261 1343 359 1410 μὲν
386 1340 658 1408 θαύματος
681 1337 939 1391 τοσοῦτον
969 1337 1339 1406 ἐνδειξάμενος
1371 1338 1532 1407 μόνον
1562 1338 1657 1389 καὶ
1688 1339 1826 1391 ἀπο-

254 1247 484 1316 λαχτιθεν
520 1248 611 1298 καὶ
642 1248 728 1298 ἴσα
759 1247 855 1314 τῆς
880 1247 1073 1314 ἑορτῆς
1111 1246 1175 1297 τὰ
1207 1247 1479 1314 μυστήρια
1514 1263 1526 1275 ·

256 1432 553 1494 λελαυκὼς,
585 1432 910 1500 ὰςρίσταμαι.

1933 608 2086 674 gines
2114 619 2399 673 contueor;
2438 626 2500 662 ac
2544 621 2823 678 propterea
2878 613 3238 676 mtteipietttis
3288 629 3495 679 put-ten.

1931 707 2044 750 tum
2069 699 2344 752 celebrare
2371 701 2500 753 mihi
2526 700 2742 767 quidem
2773 700 2937 760 Subit,
2962 703 3055 754 sed
3091 707 3171 755 las
3204 720 3308 756 non
3337 707 3498 769 duco,

1936 804 2023 852 ne,
2083 790 2211 841 dum
2247 789 2466 842 laudare
2496 791 2802 858 aggredior,
2865 794 3108 845 miraculi
3165 795 3498 862 majestntem

1937 881 2254 933 intminuam
2291 897 2302 932 :
2339 880 2483 948 quod
2516 896 2640 934 vero
2693 892 2951 950 pratterea
2994 884 3058 936 ad
3104 900 3227 937 eum
3269 900 3498 954 spectat,

1934 973 2024 1042 qui
2057 983 2350 1041 conceptus
2380 982 2482 1036 est,
2532 988 2598 1026 ‹·ο
2637 975 2852 1039 quidem
2890 978 3064 1044 magis
3107 978 3498 1046 0bstupeseen--

1936 1068 2059 1116 dum
2092 1075 2193 1126 est,
2217 1078 2325 1132 quo
2356 1066 2536 1117 minus
2570 1065 2650 1118 vel
2703 1068 2996 1133 excogitari
3033 1069 3082 1122 id
3119 1073 3335 1138 potuit;
3395 1090 3502 1141 quo

1937 1156 2117 1207 minus
2169 1170 2296 1208 vero
2353 1156 2594 1223 pervium
2656 1156 2784 1208 illud
2818 1168 2922 1220 est,
2954 1167 3229 1228 stuporem
3279 1174 3502 1217 sanctus

1940 1248 2133 1299 horror
2160 1247 2339 1300 vincat
2365 1256 2605 1317 oportet;
2640 1248 2891 1316 plaudere
2920 1251 3137 1306 detuqu
3173 1256 3292 1322 plus
3332 1268 3498 1309 etiam

1935 1340 2124 1400 decet,
2178 1355 2340 1406 quam
2380 1350 2434 1393 et
2475 1350 2705 1392 tremere
2763 1356 2826 1395 ae
2875 1353 3090 1410 stupere
3118 1385 3133 1408 ,
3188 1347 3307 1400 ideo
3353 1350 3501 1417 quod

1937 1430 2138 1482 nullam
2170 1432 2630 1497 comparationem
2664 1432 2939 1486 adn'tittat.
2966 1434 3055 1487 Sic
3081 1437 3212 1489 mihi
3241 1448 3293 1490 et
3335 1441 3501 1492 nmlta

256 1537 310 1581 et
341 1527 620 1594 multiplici
656 1541 717 1577 rx
755 1527 928 1593 capite
961 1535 1014 1577 et
1070 1523 1330 1594 dignitate
1400 1525 1554 1593 paria
1604 1539 1724 1578 sese
1773 1525 2045 1593 objiciunt
2113 1525 2477 1579 solemuitatis
2521 1526 2684 1594 hujus
2763 1531 3057 1597 mysteria;
3096 1532 3188 1583 sed
3250 1532 3317 1586 ad
3377 1549 3504 1602 por-

257 1630 403 1677 tenta
459 1621 603 1686 quod
659 1619 870 1683 attinet,
911 1634 1031 1671 cum
1060 1619 1139 1671 vel
1191 1619 1292 1672 hoc
1345 1635 1512 1672 unum
1565 1629 1672 1672 tant
1721 1621 1980 1673 eximium
2013 1619 2360 1672 indicaverim
2392 1631 2445 1672 et
2472 1622 2841 1686 delihaveriut,
2875 1623 2987 1690 jam
3020 1625 3248 1680 absiste.

331 1711 454 1764 ΚΖ.
482 1709 692 1780 (ι’ρίττω
714 1710 788 1772 δὲ,
814 1710 944 1762 Θεὸν
968 1711 1140 1780 εὑρὼν
1163 1713 1254 1764 καὶ
1283 1712 1462 1765 λαϐὼν
1485 1713 1584 1782 τῆς
1607 1713 1820 1781 φύσεως

1998 1711 2212 1766 XXVII.
2241 1712 2475 1766 Maximo
2524 1729 2684 1782 porro
2720 1726 2862 1769 metu
2895 1719 3178 1784 percellor,
3237 1737 3302 1775 ne
3352 1734 3503 1790 post-

258 1803 537 1865 κοινωνὸν,
569 1804 662 1855 καὶ
684 1803 802 1872 Θεῷ
831 1804 1185 1874 τρεφόμενος,
1217 1805 1291 1866 ὡς
1314 1806 1543 1876 τρώγων
1566 1809 1626 1859 τὸ
1662 1807 1821 1876 σῶμα
1861 1833 1899 1887 Β
1928 1823 1937 1857 t

1861 1833 1899 1887 Β
1928 1821 2089 1874 quam
2115 1805 2282 1860 Deum
2332 1817 2539 1860 natura?
2597 1819 2798 1860 nostra:
2855 1821 3165 1863 consortem
3206 1816 3400 1881 reperi,
3450 1825 3503 1870 el.

258 1897 353 1946 καὶ
376 1896 543 1946 πῖνων
566 1894 626 1947 τὸ
655 1889 792 1963 αἷμα
826 1911 840 1924 ⁸
871 1895 943 1965 μὴ
977 1896 1071 1950 καὶ
1094 1897 1448 1966 καταφλεχθῶ
1478 1902 1571 1951 νῦν
1604 1899 1824 1966 μᾶλλον,

255 1989 317 2038 οὐ
352 1987 587 2057 καθαρὸς
642 1986 737 2039 τοῦ
785 1987 1027 2059 καθαροῦ
1095 1991 1567 2059 προσαπτόμενος,
1616 1993 1710 2043 καὶ
1759 1995 1825 2062 τῇ

259 2081 513 2150 κοινωνίᾳ
573 2081 727 2133 κοινὰ
782 2082 848 2134 τὰ
889 2082 1093 2150 φρικτὰ
1145 2083 1520 2154 λογισάμενος,
1567 2089 1660 2138 καὶ
1694 2088 1827 2138 Θεὸν

257 2171 456 2220 ἐννοῶν
494 2171 585 2222 καὶ
613 2171 755 2238 ὁρῶν
779 2171 1036 2240 δευτέραν
1072 2189 1161 2239 μοι
1186 2174 1279 2226 καὶ
1311 2174 1641 2243 τηλονκαύτην
1667 2178 1824 2246 εὐερ-

257 2263 450 2330 γεσίαν
494 2263 944 2331 κατατιθέμενον,
973 2264 1151 2333 πολλῷ
1183 2265 1277 2318 καὶ
1306 2268 1405 2335 τῆς
1435 2269 1707 2338 προτέρας
1760 2272 1824 2339 τῇ

253 2356 409 2419 τάξει
442 2355 534 2407 καὶ
577 2359 644 2425 τῇ
687 2355 916 2426 δυνάμει
961 2358 1252 2435 προτέραν,
1278 2359 1386 2429 ὅσῳ
1434 2362 1551 2413 τότε
1600 2363 1700 2430 μὲν
1727 2363 1828 2429 τῆς

255 2447 484 2510 είκόνος,
520 2445 614 2498 νῦν
633 2447 689 2499 δὲ
727 2448 946 2515 καὶτῆς
976 2450 1164 2512 οὐσίας
1203 2451 1373 2519 αὐτῆς
1410 2454 1715 2522 μετέδωκε,
1754 2454 1828 2524 μὴ

256 2540 354 2591 καὶ
377 2541 504 2608 περὶ
532 2540 627 2610 τὴν
676 2542 910 2610 ἐσχάτην
957 2540 1161 2610 ταύτην
1195 2544 1288 2595 καὶ
1323 2543 1549 2613 πρώτην
1607 2547 1828 2614 εὐεργε-

259 2630 379 2683 σίαν
411 2631 502 2682 καὶ
526 2632 828 2690 κοινωνίαν,
859 2631 1359 2700 ἀγνωμονέστερος,
1387 2632 1419 2700 ἢ
1474 2633 1696 2702 προτοῦ,
1741 2636 1831 2702 γέ-

257 2741 433 2791 νωμαι
469 2740 479 2750 ⁸
510 2725 602 2774 καὶ
626 2723 942 2792 καθυϐρίσω
983 2724 1058 2791 μὴ
1089 2724 1186 2794 τὴν
1235 2725 1418 2775 εἰκόνα
1447 2729 1607 2792 μὸνον
1627 2765 1642 2788 ,
1694 2727 1830 2781 ἀλλὰ

257 2814 352 2865 καὶ
381 2813 443 2863 τὸ
463 2813 768 2882 ἀρχέτυπον
797 2827 811 2842 ο
843 2815 890 2863 εἰ
937 2814 1030 2866 καὶ⁵
1059 2812 1374 2883 καθυϐρίσω
1408 2816 1505 2882 μὲν
1545 2815 1675 2881 ἐγὼ,
1702 2817 1830 2868 καθ-

258 2903 540 2974 υϐρίζεται
571 2904 626 2956 δὲ
656 2905 786 2966 Θεὸς
827 2904 1097 2972 οὐδαμῶς,
1131 2904 1341 2973 ψρίττω
1375 2907 1469 2956 καὶ
1499 2906 1624 2957 ὅσον
1679 2905 1830 2958 οὔπω

256 3001 348 3051 τὸν
371 2998 775 3067 ἀκριϐέστερον,
806 2999 838 3065 ἢ
889 2998 1116 3065 πρότου,
1147 2997 1492 3066 λογιζόμενος
1519 2998 1826 3066 νομοδότην,

257 3095 320 3144 οὑ
350 3092 740 3161 νομοθετοῦντα
768 3091 928 3160 μόνον
952 3095 1062 3153 τοῖς
1089 3093 1334 3160 ῥήμασιν
1353 3131 1368 3155 ,
1413 3092 1550 3145 ἀλλὰ
1591 3095 1684 3145 καὶ
1729 3111 1831 3145 πα-

263 3183 617 3252 ραδεικνύντα
640 3186 748 3244 τοῖς
778 3184 1067 3252 πράγμασι
1094 3187 1188 3236 καὶ
1228 3186 1340 3245 τοῖς
1391 3183 1830 3254 νομοθετηθεῖσιν

261 3275 396 3341 ἡμῖν
426 3270 944 3342 παρεξεταζόμενον.

1933 1898 2319 1962 animadverti,
2347 1909 2636 1967 postquam
2675 1899 2838 1951 etiam
2871 1898 2979 1953 Deo
3011 1905 3274 1967 enutrior,
3322 1918 3506 1972 utpote

1929 1989 2019 2054 qui
2051 1996 2104 2039 et
2139 2002 2336 2054 corpus
2368 1988 2486 2054 ejus
2534 1988 2852 2041 manducent
2883 2029 2898 2053 ,
2940 2001 2993 2044 et
3045 1995 3363 2062 sanguinem
3418 1997 3504 2049 bi-

1930 2078 2052 2131 bam
2087 2077 2187 2145 (5).
2219 2077 2621 2132 comhunendus
2654 2081 2902 2132 acerbius
2933 2080 3042 2149 igni
3082 2083 3192 2148 jam
3232 2085 3370 2138 tradi
3407 2086 3504 2139 de-

1929 2170 2107 2235 beam,
2142 2171 2401 2239 quoniam
2436 2187 2605 2239 purus
2641 2187 2748 2224 non
2803 2173 3073 2226 exsistens
3107 2177 3372 2242 attingere
3402 2193 3502 2245 pu-

1932 2277 2055 2314 rum
2093 2262 2288 2325 audeo,
2341 2273 2395 2316 et
2455 2274 2675 2331 prepter
2729 2265 3182 2318 consuetudinem
3236 2282 3322 2328 ea,
3381 2284 3504 2335 qua:

1930 2354 2163 2407 maxime
2195 2355 2472 2407 tremenda
2502 2364 2648 2418 sunt,
2686 2355 2850 2408 vrluti
2882 2359 3195 2411 connuunia
3229 2361 3502 2427 arbitror;

1932 2445 2277 2499 vehementer
2338 2446 2536 2508 timeo,
2591 2462 2655 2500 ue
2716 2447 2845 2499 dum
2887 2458 3036 2500 certo
3085 2451 3203 2502 seio
3237 2465 3299 2504 ac
3336 2452 3503 2505 veluti

1930 2553 2093 2592 cerno
2158 2539 2347 2601 Deum,
2405 2541 2507 2593 hoc
2555 2541 2784 2593 alterum
2832 2540 2965 2592 mihi
3016 2551 3233 2608 tamque
3294 2542 3508 2608 insigne

1930 2631 2298 2685 conleremem
2337 2633 2682 2693 beneﬁcium,
2709 2633 2853 2699 quod
2883 2641 2937 2684 et
2964 2632 3226 2701 dignitate
3239 2643 3292 2686 et
3312 2636 3510 2689 virtute

1932 2723 2086 2792 longe
2117 2724 2278 2776 etiam
2333 2725 2508 2792 primo
2576 2723 2668 2775 illo
2725 2725 3124 2792 praeeellentius
3169 2737 3271 2783 est.
3307 2735 3510 2794 quanto

1932 2817 2138 2869 εςίιιειι
2168 2816 2402 2884 imagine
2431 2830 2548 2878 sua,
2585 2829 2747 2883 quam
2777 2825 2904 2868 tunc
2931 2817 3307 2886 estelargitns,
3333 2827 3423 2885 pot
3444 2832 3509 2870 or

1931 2918 2015 2960 ut
2071 2909 2183 2976 ipsa
2242 2909 2568 2966 substantia.
2609 2923 2771 2974 quam
2814 2908 2970 2959 nobis
2998 2924 3141 2960 nunc
3173 2910 3506 2977 participan-

1931 3000 2053 3050 dam
2083 2999 2314 3066 prabuit
2357 3016 2371 3064 ;
2409 3014 2633 3059 νει-εον,
2674 2998 2934 3063 inquam,
2975 3012 3040 3051 ne
3083 3000 3344 3052 adversus
3408 3003 3507 3050 hoc

1932 3108 2148 3158 quoque
2183 3103 2516 3160 postremum
2541 3102 2702 3157 atque
2739 3093 2983 3143 omnium
3021 3092 3314 3144 niaximum
3345 3094 3476 3145 bene

1936 3185 2114 3236 lieiuut
2157 3189 2328 3251 magis
2396 3187 2559 3237 etiam
2623 3200 2786 3251 quam
2842 3184 3104 3237 adversus
3157 3195 3312 3238 vetus
3350 3186 3503 3244 illud,

1935 3274 2181 3343 ingratus
2205 3273 2455 3336 eradunt,
2483 3284 2538 3326 et
2567 3285 2675 3324 non
2723 3271 3014 3338 imaginem
3057 3272 3217 3325 modo
3240 3311 3254 3335 ,
3307 3273 3401 3325 sed
3456 3279 3503 3323 vi

265 3363 444 3434 ipsum
503 3367 853 3433 archetypum
897 3359 1097 3429 injuria
1145 3356 1396 3423 alliciam,
1460 3368 1739 3426 utcunque
1790 3358 1998 3414 inferre
2060 3359 2278 3430 quidem
2314 3362 2429 3429 ipse
2497 3360 2752 3431 injuriam
2812 3362 3039 3425 possim,
3076 3361 3384 3428 pra-celsior
3412 3377 3508 3412 an.

265 3470 370 3512 tem
407 3460 475 3512 sit
513 3457 671 3520 Deus,
701 3470 865 3525 quam
901 3463 958 3508 ut
1008 3454 1148 3522 tangi
1184 3451 1400 3520 injuriis
1446 3451 1581 3507 meis
1631 3449 1819 3520 possit.
1863 3449 2042 3508 Sedet
2067 3467 2336 3514 summus.
2394 3455 2440 3508 si
2467 3467 2710 3521 unquam
2779 3452 2934 3510 alias,
2961 3467 3045 3504 me
3069 3465 3236 3520 pavor
3259 3463 3508 3520 occupat,

261 3556 390 3606 dum
423 3551 748 3605 severiorem
775 3564 938 3617 quam
976 3555 1134 3600 antea
1166 3546 1528 3612 legislatorem
1597 3545 1862 3613 recogito,
1902 3545 1994 3612 qui
2057 3547 2269 3598 vivendi
2326 3559 2570 3599 normam
2613 3559 2719 3598 non
2777 3545 2938 3597 modo
2984 3543 3162 3596 verbis
3211 3546 3503 3611 preposuit,

262 3663 451 3702 verum
507 3646 668 3697 etiam
713 3643 968 3707 operibus
1025 3640 1513 3704 commonstravit,
1579 3640 1844 3707 nobisque
1883 3641 1985 3710 legi
2012 3640 2270 3705 subjectis
2300 3639 2576 3692 aecenseri
2611 3638 2797 3690 voluit.

335 3740 466 3791 κη’.
491 3737 679 3805 Χαίρω
703 3735 758 3787 δέ
783 3734 874 3786 καὶ
903 3733 990 3786 διὰ
1024 3734 1200 3785 πάντα
1232 3732 1328 3800 μὲν
1345 3733 1511 3786 τᾶλλα
1541 3748 1555 3762 '
1584 3733 1701 3794 πῶς
1723 3732 1830 3801 γάρ

260 3831 321 3885 οὗ
348 3850 360 3895 ;
388 3830 448 3882 οὑ
481 3828 633 3899 μόνοκ⁹
666 3829 763 3895 τῆς
790 3825 1057 3895 τιμωρίας
1080 3822 1549 3893 ἐλευθερούμενος,
1584 3825 1717 3876 ἀλλὰ
1741 3827 1832 3876 καὶ

263 3922 575 3990 θεούμενος,
610 3919 668 3971 οὐ
699 3919 859 3986 μόνον
885 3917 948 3969 ἐκ
988 3918 1089 3984 γῆς
1135 3917 1494 3984 ἀναγόμενος,
1552 3916 1686 3969 ἀλλὰ
1741 3918 1832 3969 καὶ

264 4018 340 4078 εἰς
366 4014 464 4082 τὴν
501 4011 662 4078 Ἐδέμ
693 4009 1066 4077 εἰσαγόμενος,
1096 4009 1294 4076 μᾶλλον
1315 4007 1370 4059 δὲ
1411 4007 1502 4059 καὶ
1529 4009 1608 4069 είς
1635 4008 1832 4070 αὐτοὺς

262 4106 389 4166 τοὺς
419 4102 677 4172 οὐρανοὺς
709 4099 996 4170 αἰρόμενος
1028 4112 1042 4127 ο
1075 4098 1135 4149 οὐ
1174 4097 1267 4151 τοῦ
1301 4097 1498 4167 ἐχθροῦ
1532 4098 1790 4165 λούμενος
1816 4137 1830 4161 ,

263 4196 401 4249 ἀλλὰ
454 4196 547 4246 καὶ
605 4191 682 4261 τῷ
719 4190 938 4244 Βασιλεῖ
989 4188 1488 4258 προσκολλώμενος,
1536 4189 1668 4256 ὀμ(ιῦ
1732 4189 1832 4257 μὲν

264 4288 447 4352 πάσης
477 4281 946 4352 ἁπολυτρούμενος
982 4281 1077 4348 τῆς
1111 4279 1406 4347 ἁμαρτίας,
1456 4279 1591 4347 ὁμοῦ
1644 4278 1699 4328 δὲ
1742 4279 1834 4331 καὶ

262 4380 394 4447 ὅλης
425 4376 524 4444 τῆς
569 4373 796 4443 Τριάδος
847 4371 1332 4439 ἀναπιμπλάμενος
1365 4388 1377 4400 ·
1429 4373 1526 4438 οὐχ
1575 4371 1695 4421 ὅσον
1734 4374 1832 4438 τῆς

263 4472 466 4540 ἔχθρας
492 4467 881 4533 ἀπολυόμενος,
937 4464 1073 4516 ἀλλὰ
1116 4463 1209 4515 καὶ
1239 4462 1331 4514 τὸν
1363 4462 1624 4529 μονογενῆ
1663 4462 1832 4526 Λόγον

2005 3730 2241 3783 XXVIII.
2277 3729 2453 3783 laetor
2481 3745 2607 3784 vero
2643 3729 2711 3783 ob
2741 3730 2843 3782 alia
2879 3729 3082 3783 omnia.
3112 3727 3212 3792 Qui
3248 3726 3390 3780 enim
3413 3727 3510 3778 ali-

1935 3824 2057 3875 ter?
2089 3822 2202 3875 Non
2249 3822 2406 3875 modo
2427 3823 2570 3874 enim
2600 3836 2630 3875 e
2665 3821 2933 3888 supplicio
2967 3821 3187 3877 libet-or,
3225 3820 3314 3871 sed
3345 3818 3505 3870 etiam

1932 3914 2127 3968 divinae
2175 3927 2629 3967 eonsorsnatura:
2658 3915 2869 3977 evado;
2903 3928 3008 3965 non
3070 3911 3231 3963 modo
3277 3925 3305 3961 e
3359 3921 3427 3961 tet
3446 3925 3505 3961 ra

1931 4008 2133 4076 erigor,
2173 4021 2360 4060 verum
2387 4007 2550 4060 etiam
2590 4007 2642 4057 in
2670 4003 2816 4057 Eden
2868 4003 3209 4064 introducor,
3268 4016 3361 4054 seu
3410 4017 3503 4068 po-

1941 4100 2048 4152 tius
2078 4099 2129 4151 in
2165 4098 2332 4152 cmlos
2367 4098 2516 4167 ipsos
2544 4098 2782 4160 evehor;
2821 4112 2930 4148 non
2983 4095 3159 4147 solum
3196 4108 3226 4146 e
3257 4094 3508 4146 manibus

1939 4191 2145 4246 inimici
2181 4191 2404 4258 eripior,
2442 4191 2534 4245 sed
2573 4191 2798 4259 insuper
2837 4187 2968 4256 Regi
3021 4187 3302 4244 associor;
3344 4185 3508 4238 simul

1939 4287 2006 4338 ab
2036 4284 2181 4338 omni
2207 4295 2425 4351 peccato
2449 4283 2706 4348 redimor,
2737 4291 2790 4337 et
2822 4282 2981 4336 simul
3018 4283 3187 4334 totius
3224 4280 3509 4333 Trinitatis

1940 4379 2200 4442 templum
2283 4376 2622 4440 constituor;
2701 4375 2900 4427 nedum
2973 4373 3154 4426 divina
3223 4373 3505 4426 inimicitia

1941 4469 2174 4531 eximor,
2203 4468 2294 4519 sed
2324 4482 2353 4519 e
2399 4479 2668 4520 converso
2694 4465 3030 4534 unigenitum
3090 4463 3321 4516 Verbum
3362 4463 3507 4516 dono

262 4558 936 4625 ἀντικαταλλασσόμενοςο
985 4555 1082 4623 οὑχ
1158 4555 1280 4605 ὅσον
1342 4553 1489 4621 θῦμα
1543 4552 1834 4620 λαμϐάνων
1870 4557 1916 4616 1)

1829 4568 1834 4594 ’
1870 4557 1916 4616 1)
1946 4559 2165 4627 recipio,
2199 4573 2434 4626 cumque
2467 4557 2639 4610 habeo
2665 4571 2771 4610 non
2797 4556 2956 4608 modo
2989 4563 3048 4608 ut
3099 4555 3375 4608 victimam
3413 4570 3508 4607 co-

265 4653 401 4724 ἐμοῦ
433 4651 825 4721 προθυόμενον,
863 4647 999 4701 ἀλλὰ
1031 4647 1125 4699 καὶ
1182 4647 1304 4716 ἐμοὶ
1341 4645 1600 4714 θυόμενὸν
1634 4661 1690 4695 τε
1742 4644 1833 4695 καὶ

262 4745 596 4810 ἐσθιόμενον.
1131 4828 1138 4829 7
1313 4827 1334 4829 ﬁ
1695 4783 1722 4829 γ,

338 4835 466 4886 κον.
501 4832 690 4902 Χαίρω
725 4830 821 4900 μὲν
853 4829 946 4882 οὖν
982 4829 1075 4883 καὶ
1122 4828 1209 4884 διὰ
1236 4827 1408 4881 ταῦτα
1450 4828 1634 4880 καὶτὰ
1665 4827 1835 4880 πλείω

263 4927 487 4980 τούτων.
537 4924 727 4992 Χαίρω
771 4923 827 4975 δὲ
857 4923 1009 4975 οὐδὲν
1038 4918 1238 4993 ἦττον,
1274 4921 1323 4972 εί
1359 4921 1432 4990 μὴ
1470 4922 1562 4972 καὶ
1599 4920 1833 4989 μᾶλλον,

261 5019 352 5068 διὰ
399 5015 495 5081 τὴν
534 5013 740 5066 τούτων
779 5012 958 5065 αὐτῶν
992 5011 1264 5081 πρόφασιν
1305 5011 1338 5080 ἢ
1374 5011 1694 5076 ἀσφάλειαν,
1742 5012 1834 5062 καὶ

262 5110 346 5160 ὅτι
402 5123 491 5176 μοι
526 5105 635 5156 τῶν
663 5104 933 5156 τοσούτων
985 5105 1077 5155 καὶ
1110 5101 1444 5169 τηλικούτων
1491 5103 1524 5170 ἡ
1566 5101 1657 5152 τοῦ
1698 5101 1831 5169 ἐμοῦ

262 5201 454 5268 γένους
497 5197 740 5264 θυγάτηρ
779 5195 1068 5264 πρόξενος·
1110 5193 1244 5245 ἀλλὰ
1285 5194 1380 5246 καὶ
1416 5189 1571 5254 αὖθις
1606 5191 1833 5259 σφαλλο-

267 5291 412 5360 μένῳ
442 5287 602 5341 πάλιν
632 5288 664 5355 ἡ
697 5286 951 5346 ἐπάνοδος
980 5288 1013 5355 ἡ
1045 5285 1204 5354 αὑτὴ,
1251 5285 1343 5336 καὶ
1376 5284 1511 5353 πρὸς
1539 5284 1631 5334 τὸν
1660 5283 1830 5343 οὕτως

263 5383 364 5452 ἤδη
404 5379 810 5447 καταλλαγέντα
841 5379 979 5448 μετὰ
1011 5379 1268 5447 δευτέραν
1299 5376 1495 5446 ἔχθραν
1527 5379 1619 5429 καὶ
1648 5375 1829 5430 ἀδιάλ-

263 5475 462 5526 λακτον
504 5475 665 5541 ἑτέρα
714 5471 1022 5533 διαλλακτὶς
1076 5469 1342 5539 εὓρηταιο
1395 5471 1486 5521 καὶ
1539 5469 1829 5537 φάρμακον

267 5568 406 5638 μετὰ
439 5566 697 5636 δευτέραν
727 5566 821 5619 καὶ
851 5564 1064 5616 τελείαν
1089 5564 1422 5631 ἀπόγνωσιν,
1459 5564 1552 5616 καὶ
1596 5561 1829 5631 ἀνάκλη-

1944 4665 2055 4702 ram
2093 4665 2179 4702 me
2220 4650 2554 4702 immolatam
2589 4663 2686 4717 pro
2724 4663 2830 4711 me,
2878 4647 2970 4700 sed
3007 4654 3265 4715 pratterea
3315 4647 3483 4699 immo

1942 4743 2102 4794 latam
2128 4751 2179 4794 et
2215 4741 2282 4794 ad
2315 4742 2638 4794 vescendum
2677 4739 2810 4792 mihi
2836 4738 3190 4806 prepositam.

2013 4831 2221 4886 XXIX-
2254 4832 2475 4886 Gaudeo
2533 4833 2700 4901 igitur
2747 4841 2860 4884 tum
2919 4838 3140 4899 propter
3198 4828 3338 4889 ista,
3396 4838 3504 4881 tmn

1942 4936 2166 4992 prepter
2199 4924 2304 4976 alia
2350 4924 2434 4975 his
2462 4924 2695 4991 potiora.
2731 4921 2916 4975 Nihilo
2945 4928 3124 4972 autem
3168 4919 3369 4982 minus,
3398 4918 3508 4971 imo

1939 5015 2078 5069 forte
2107 5017 2271 5069 etiam
2312 5015 2506 5082 magis,
2541 5017 2608 5068 de
2648 5014 2841 5066 horum
2883 5013 3172 5065 occasione
3215 5019 3267 5063 et
3302 5012 3508 5063 seem-i-

1939 5116 2046 5161 tate
2095 5105 2340 5175 gaudeo,
2393 5115 2447 5158 et
2495 5106 2620 5173 quia
2673 5113 2750 5158 tot
2797 5115 3186 5171 tantorumque
3239 5101 3504 5154 bonorum

1935 5199 2278 5254 conciliatrix
2332 5197 2600 5251 exstiterit
2648 5197 2864 5264 generis
2923 5197 3025 5248 mei
3074 5196 3218 5258 lilia;
3288 5197 3508 5262 insuper

1935 5301 2117 5345 autem
2173 5290 2313 5359 quod
2366 5306 2558 5344 rursus
2622 5289 2962 5342 aberrantem
3019 5290 3130 5355 ipsa
3191 5303 3380 5341 rursus
3449 5287 3499 5338 in

1939 5383 2078 5435 viam
2104 5381 2460 5442 revocaverit,
2496 5391 2661 5449 atque
2688 5381 2758 5434 ita
2787 5381 2834 5434 ei
2862 5380 2953 5446 qui
2982 5379 3093 5446 jam
3123 5379 3506 5432 reconciliatus

1940 5473 2138 5536 fuerat,
2189 5483 2310 5542 post
2359 5476 2654 5527 secundam
2706 5471 3068 5535 inimicitiam,
3117 5481 3236 5523 utut
3270 5470 3507 5524 acerbis-

1939 5566 2165 5628 simam,
2203 5564 2319 5633 ipsa
2367 5566 2560 5619 iterum
2597 5575 2811 5618 ostensa
2846 5565 2916 5618 sit
2960 5562 3358 5616 reconcilialrix
3383 5601 3398 5624 ,
3441 5570 3493 5613 et

342 5773 419 5832 (ὸ)
476 5771 836 5828 Luculentum
896 5773 1065 5827 habes
1117 5769 1488 5826 testimonium
1551 5766 1829 5824 catholicae
1869 5771 1992 5828 ﬁdei
2041 5771 2184 5827 circa
2264 5773 2706 5842 augustissimum
2760 5770 3112 5826 Eucharistiae
3193 5778 3503 5822 sacramen-

263 5853 314 5895 ιιι
345 5865 390 5895 a.
