4252 6436
765 396 877 459 839

2003 384 2327 447 JOANNIS
2362 382 2794 444 GEOMETIUE

3895 382 4018 447 840

756 508 1061 565 remedium
1122 513 1242 574 post
1309 500 1604 555 secundam
1664 514 1896 569 camque
1955 502 2328 553 omnimodam
2357 505 2405 562 Α

2357 505 2405 562 Α
2434 517 2518 563 σις
2579 500 2717 568 μετὰ
2774 498 2873 569 τὴν
2932 497 3202 552 τοσούτων
3251 498 3345 552 καὶ
3402 497 3735 569 τηλικούτων
3782 501 4016 567 ἀγαθῶν

759 601 953 658 salutis
982 596 1416 668 desperationem
1462 605 1518 648 et
1552 591 1823 661 reparatio
1854 600 1979 660 post
2025 598 2105 644 tot
2146 600 2325 643 tauto-

758 704 993 759 rumque
1018 688 1286 762 bonorum
1315 683 1610 753 jacturam,
1637 690 1691 735 et
1723 696 1862 735 nova
1890 691 2010 751 post
2034 681 2326 734 secundam

759 779 1190 838 contractionem
1224 774 1540 845 plasmatio,
1588 781 1642 826 et
1680 783 1804 842 post
1852 772 2147 828 secundam
2180 786 2329 825 mor-

760 886 891 935 tem,
925 884 1158 938 eamque
1192 869 1361 922 multo
1410 865 1822 935 profundiorem
1865 873 1919 919 et
1947 863 2016 918 ad
2051 863 2331 918 excutien-

759 966 889 1018 dum
919 960 1298 1021 dimciliorem,
1332 956 1662 1012 resurrectio
1697 956 1989 1009 exstiterit.

831 1053 1000 1108 XXX.
1036 1046 1509 1123 Opportunissime
1554 1064 1717 1119 porro
1764 1062 1945 1102 sermo
2000 1046 2329 1101 mentionem

762 1145 892 1200 fecit
947 1159 1101 1198 nova:
1160 1140 1535 1211 plasmationis
1589 1148 1645 1193 ct
1696 1138 2135 1193 resurrectionis.
2208 1136 2329 1190 Jam

760 1235 907 1288 enim
935 1234 1048 1286 hare
1078 1232 1262 1284 eadem
1290 1230 1341 1282 in
1388 1242 1623 1282 mentem
1657 1229 1811 1283 nobis
1849 1228 2176 1281 revocabant
2218 1235 2330 1279 tum

758 1324 1157 1395 jucundissima
1184 1323 1347 1390 hujus
1376 1322 1484 1375 diei
1515 1322 1722 1383 laetitia,
1753 1330 1866 1373 tum
1896 1320 2107 1374 collatae.
2150 1321 2335 1390 gratiae

767 1434 874 1471 non
908 1416 1103 1470 modus
1137 1423 1372 1476 tantum,
1404 1415 1497 1468 sed
1528 1424 1581 1467 et
1616 1424 1829 1481 tempus
1854 1426 2079 1480 prorsus
2105 1426 2335 1465 consono

764 1518 1004 1563 taneum.
1044 1507 1200 1563 Nunc
1243 1508 1442 1561 etenim
1483 1506 1681 1559 ctelum
1721 1513 1775 1557 ct
1819 1514 1983 1557 terra.
2018 1512 2075 1557 et
2108 1502 2337 1569 hujusce

765 1618 947 1656 rerum
990 1601 1362 1655 universitatis
1414 1607 1524 1650 tum
1562 1598 1881 1666 magnitudo
1927 1606 2043 1649 tum
2082 1595 2337 1662 splendor

764 1707 905 1746 nova
954 1704 1009 1745 ct
1042 1689 1415 1744 concinnitate
1453 1698 1508 1742 et
1545 1689 1809 1756 sapientia
1860 1687 2133 1740 conditur.
2170 1685 2336 1739 llodie

765 1798 931 1836 manu
982 1782 1107 1844 Dei,
1157 1792 1210 1834 et
1253 1780 1319 1833 ad
1381 1781 1471 1833 Dei
1529 1781 1817 1847 imaginem
1874 1780 2037 1832 homo
2095 1778 2334 1847 plasma—

2431 589 2785 643 άπόπτωσιν’
2846 589 2938 641 καὶ
3004 589 3305 653 άνάπλασις
3364 590 3460 644 καὶ
3509 592 3807 655 ἀνάστασις
3865 594 4016 661 μετά

2429 682 2694 751 δευτέραν
2743 680 3035 751 συντριϐὴν
3078 682 3175 735 καὶ
3221 682 3452 737 θάνατον
3489 682 3778 755 δεύτερον,

2433 774 2731 846 βαθύτερον
2760 778 2853 829 καὶ
2880 775 3429 847 δυσανακλητότερον.

2504 1044 2583 1098 Λ’.
2646 1041 2785 1096 Ἀλλ’
2840 1041 2899 1095 εὖ
2948 1060 3010 1110 γε
3063 1042 3233 1096 ποιῶν
3262 1044 3291 1095 6
3327 1043 3484 1112 λόγος
3514 1045 3608 1097 καὶ
3649 1044 4014 1109 ἀναπλάσεως

2434 1135 2703 1206 ἐμνήσθη,
2727 1135 2822 1189 καὶ
2844 1136 3215 1199 ἀναστάσεως.
3246 1136 3387 1205 Ἤδη
3404 1137 3511 1207 γὰρ
3532 1138 4010 1208 προσυπεμνήσθη

2434 1230 2530 1281 καὶ
2562 1227 2660 1297 τῆς
2689 1227 2904 1297 ἡμέρας
2932 1227 2992 1280 τὸ
3022 1228 3374 1297 χαριέστατον
3407 1228 3501 1280 καὶ
3530 1228 3627 1298 οὐχ
3649 1227 3723 1291 ὼς
3748 1230 3775 1281 6
3809 1229 4012 1298 tpém;

2437 1319 2629 1387 μόνον,
2680 1319 2820 1372 ἀλλὰ
2863 1321 2958 1373 καὶ
3006 1321 3036 1372 6
3078 1319 3267 1390 καιρὸς
3306 1320 3365 1372 ὲν
3409 1318 3586 1389 καιρῷ
3619 1318 3719 1389 τῆς
3759 1319 4009 1389 χάριτος.

2433 1411 2549 1465 Νῦν
2580 1412 2680 1480 μὲν
2712 1412 2819 1483 γὰρ
2851 1411 3083 1482 οὐρανὸς
3113 1413 3208 1464 καὶ
3246 1412 3349 1481 γῆ,
3380 1412 3474 1465 καὶ
3506 1412 3565 1464 τὸ
3594 1411 3817 1481 σύμπαν
3848 1410 4013 1462 τοῦτο

2437 1504 2665 1573 μέγεθός
2691 1522 2751 1557 τε
2779 1507 2874 1557 καὶ
2893 1504 3088 1565 κάλλος
3113 1505 3253 1574 μετὰ
3277 1505 3370 1557 καὶ
3392 1504 3491 1573 τῆς
3512 1504 3679 1574 ἄλλης
3704 1502 4011 1572 εὐρυθμίας

2433 1612 2494 1648 τε
2537 1596 2630 1648 καὶ
2663 1597 2853 1664 σοφίας
2878 1596 3313 1666 δημιουργεῖται.
3347 1597 3594 1666 Σήμερον
3621 1596 3681 1648 δὲ
3718 1594 4009 1664 ἄνθρωπος

2436 1686 2750 1750 πλάττεται,
2775 1687 2919 1756 χειρλ⁵
2950 1686 3084 1740 Θεοῦ
3109 1688 3204 1739 καὶ
3226 1687 3414 1751 εἰκόνι,
3452 1687 3548 1739 καὶ
3577 1685 3734 1754 αὖθις
3767 1689 4011 1754 σήμερον

2436 1776 2833 1829 ἀναπλάττεται
2869 1776 3034 1846 σαρκὶ
3065 1775 3198 1829 Θεοῦ
3234 1777 3328 1830 καὶ
3351 1777 3530 1848 οὐσίᾳ,
3565 1777 3725 1846 Λόγῳ
3763 1778 3863 1845 μὲν
3893 1776 4009 1828 Πα-

766 1881 855 1925 tur
891 1872 1006 1942 (6);
1043 1887 1108 1925 ac
1144 1886 1337 1925 rursus
1373 1871 1530 1924 hodie
1567 1845 1706 1922 novo
1736 1884 1896 1937 opere
1928 1845 2210 1937 reﬁngﬁitur
2236 1868 2328 1921 Dei
2367 1845 2406 1899 Β
2434 1887 2445 1903 ι

2367 1845 2406 1899 Β
2434 1869 2561 1939 τρὸς
2589 1870 2685 1922 καὶ.
2730 1868 2997 1938 βραχίονι,
3034 1869 3316 1939 φυσήματι
3343 1868 3399 1921 δὲ
3434 1845 3513 1939 τῷ
3556 1868 3874 1936 Πνεῦματν
3912 1869 4008 1939 σή-

765 1979 933 2019 carne
975 1974 1028 2017 ct
1056 1963 1395 2027 substantia,
1439 1962 1620 2017 Patris
1646 1961 1866 2030 quidem
1902 1958 2081 2015 Verbo
2122 1970 2176 2014 et
2204 1961 2333 2015 bra-

766 2058 915 2121 chio,
950 2057 1119 2111 halitu
1153 2067 1359 2118 autem,
1396 2053 1604 2126 Spiritu
1645 2056 1888 2121 scilicet;
1922 2053 2079 2109 hodie
2113 2052 2335 2123 insuper

766 2152 912 2207 Deus
952 2166 1108 2205 meus
1164 2161 1215 2205 et
1258 2150 1520 2204 Dominus
1572 2158 1626 2203 et
1666 2149 1829 2203 homo
1865 2150 1934 2203 dc
1984 2158 2336 2202 monumento

767 2244 1024 2313 resurgit,
1069 2259 1133 2298 ac
1178 2244 1342 2298 simul
1384 2243 1554 2297 Adam
1586 2242 1653 2296 de
1696 2242 1967 2312 sepulcro,
2007 2251 2169 2311 atque
2211 2241 2334 2293 uni-

767 2349 985 2389 versum
1017 2347 1190 2403 genus
1217 2333 1513 2386 Immauum
1543 2332 1781 2399 resurgit
1812 2347 1841 2385 a
1868 2332 2045 2401 lapsu,
2075 2339 2129 2385 et
2159 2332 2335 2399 praeda

766 2426 992 2492 antiqua
1021 2423 1267 2478 infernus
1298 2424 1587 2494 spoliatur,
1610 2433 1664 2476 et
1688 2423 1994 2489 clauditur;
2019 2423 2337 2491 aperiuntur

766 2532 797 2571 e
831 2526 1240 2577 converso,~ct
1286 2531 1466 2571 massa
1502 2525 1687 2572 nostra
1737 2516 2031 2584 implentur
2072 2516 2231 2581 creti;
2282 2524 2338 2569 et

770 2610 990 2677 insuper
1022 2611 1106 2677 (ut
1167 2616 1497 2676 postremum
1560 2608 1694 2662 illud
1732 2608 1962 2672 addam,
2005 2609 2338 2678 jncundissi-

769 2717 916 2754 mum
972 2700 1127 2769 juxta
1179 2713 1243 2754 ac
1299 2700 1827 2764 tremendissimum,
1865 2710 1920 2755 et
1965 2700 2125 2768 cujus
2165 2701 2336 2769 gratia

768 2792 952 2845 Omnia
998 2801 1187 2845 nostra
1222 2790 1613 2861 disponuntur,
1647 2791 1911 2862 ﬁrmaque
1950 2793 2031 2846 vel
2076 2794 2339 2846 adversus

768 2895 961 2936 onmes
994 2882 1245 2936 inimicos
1275 2884 1605 2949 consistunt,
1637 2885 1781 2940 sicut
1821 2884 2047 2953 antiqua
2094 2897 2158 2937 ac
2196 2898 2337 2952 prae-

770 2980 924 3025 stans
959 2972 1027 3025 ad
1068 2986 1169 3027 nos
1219 2986 1391 3041 usque
1438 2973 1545 3027 [ert
1580 2972 1799 3029 traditio
1837 2974 2086 3043 ratioque
2136 2975 2340 3027 contir-

769 3060 920 3123 mat)
966 3060 1156 3114 eadem
1215 3060 1317 3115 hac
1362 3060 1452 3117 die
1485 3061 1795 3117 communis
1829 3061 2074 3115 omnium
2123 3061 2341 3115 terribi-

770 3150 949 3221 lisque
978 3166 1074 3205 rex
1117 3151 1282 3207 simul
1312 3161 1369 3207 et
1395 3150 1535 3208 Deus
1564 3162 1618 3208 et
1640 3151 1805 3221 judes
1831 3160 2093 3208 venturus
2127 3163 2211 3208 est
2236 3153 2338 3223 (Ἰ),

2438 1975 2604 2029 μερον
2628 1959 2723 2011 καὶ
2750 1960 2779 2010 6
2824 1958 2955 2028 ἐμὸς
2987 1958 3119 2022 Θεὸς
3149 1960 3243 2012 καὶ
3274 1959 3549 2026 Δεσπότης
3594 1958 3689 2011 καὶ
3719 1957 4007 2028 ἄνθρωπος

2434 2048 2529 2104 τοῦ
2570 2050 2853 2119 μνήματος
2891 2048 3269 2115 ἐξανίσταται,
3325 2050 3707 2101 συνανίσταται
3745 2046 3802 2101 δὲ
3840 2049 3937 2100 καὶ
3980 2050 4010 2101 6

2448 2141 2619 2211 Ἀδὰμ
2677 2140 2795 2209 ἅμα
2838 2139 2933 2193 τοῦ
2987 2142 3269 2210 μνήματος
3313 2140 3406 2194 καὶ
3446 2140 3507 2193 τδ
3554 2140 3704 2207 γένος
3740 2139 3863 2193 ὅλον
3907 2137 4008 2192 τοῦ

2436 2233 2749 2302 πτώματος.
2776 2230 2872 2285 καὶ
2898 2229 3149 2284 κενοῦται
3181 2230 3280 2300 μὲν
3305 2232 3334 2283 6
3357 2229 3488 2301 ᾅδης
3516 2228 3608 2283 τοῦ
3636 2228 3804 2282 πάλαι
3836 2228 4006 2281 πλού-

2435 2341 2530 2377 του
2559 2325 2653 2376 καὶ
2678 2321 2915 2376 κλείεται
2937 2337 2952 2353 ·
2982 2321 3258 2390 ἀνοίγεται
3282 2320 3337 2374 δὲ
3367 2318 3624 2390 οὐρανὸς,
3655 2319 3753 2374 καὶ
3779 2319 4008 2389 γεμίζε-

2436 2432 2528 2468 ται
2557 2413 2652 2467 τοῦ
2691 2413 3039 2483 φυράματος’
3069 2411 3164 2466 καὶ
3193 2411 3280 2465 ἵνα
3310 2410 3370 2464 τὸ
3397 2411 3707 2464 τελευταῖον
3743 2412 3886 2464 εἴπω
3914 2412 4010 2464 καὶ

2439 2506 2798 2576 χαριέστατον
2824 2502 2961 2572 ὁμοῦ
2992 2504 3085 2557 καὶ
3133 2503 3492 2573 φρικτότατον
3526 2503 3622 2555 καὶ
3650 2503 3716 2555 δι’
3750 2504 3779 2557 ὃ
3830 2504 4009 2557 πάντα

2438 2596 2802 2665 οἰκονομεῖται
2850 2594 2946 2647 καὶ
2998 2592 3309 2663 βεϐαιοῦται
3360 2594 3495 2648 πᾶσι
3525 2595 3619 2647 καὶ
3647 2596 3758 2653 τοῖς
3790 2594 4011 2665 ἐχθροῖς

2438 2686 2508 2741 τὰ
2537 2685 2801 2755 ἡμέτερα,
2849 2685 2992 2739 καθά
3032 2686 3127 2739 καὶ
3161 2684 3393 2749 παλαιὸς
3416 2686 3514 2738 καὶ
3543 2685 3707 2754 σοφὸς
3738 2685 3819 2748 είς
3860 2685 4013 2755 ἡμᾶς

2441 2778 2565 2848 ἥκει
2595 2778 2773 2846 λόγος,
2809 2777 2903 2831 καὶ
2942 2779 2973 2831 6
3010 2776 3167 2845 λόγος
3202 2778 3545 2847 στοχάζεται,
3585 2779 3829 2848 σήμερον
3859 2780 3955 2830 καὶ
3986 2780 4015 2829 6

2442 2870 2621 2932 κοινὸς
2652 2869 2748 2924 καὶ
2775 2868 3001 2940 φρικτὸς
3023 2868 3157 2939 ὁμοῦ
3191 2868 3444 2939 βασιλεὺς
3482 2871 3577 2922 καὶ
3612 2868 3745 2932 Θεὸς
3769 2869 3867 2922 καὶ
3891 2886 4017 2939 κριο

2442 2959 2539 3030 τὴς
2592 2958 2869 3013 ἑλεύσεται
2889 2998 2904 3023 ,
2951 2961 3048 3013 καὶ
3082 2960 3147 3013 τὸ
3183 2960 3410 3030 πλάσμα
3442 2962 3551 3014 πᾶν
3579 2960 3945 3015 ἀπελεύσεται
3978 2962 4014 3029 ἢ

2445 3048 2735 3119 θεούμενον
2763 3049 2798 3119 ἢ
2828 3048 3190 3119 πυρούμενον,
3221 3052 3316 3103 καὶ
3348 3050 3553 3119 κόσμος
3582 3053 3629 3103 ot
3664 3051 3883 3119 κόσμοι,
3920 3052 4018 3103 καὶ

2444 3141 2479 3213 ή
2512 3140 2755 3213 βασιλεία
2792 3140 2911 3210 μία,
2944 3142 3039 3195 καὶ
3069 3143 3104 3212 ή
3134 3147 3391 3214 τυραννὶς
3418 3142 3685 3210 ἐκποδὼν,
3727 3143 3825 3197 καὶ
3852 3144 3887 3214 ή
3918 3143 4017 3213 βα-

767 3248 822 3293 et
878 3240 1059 3296 omnis
1116 3250 1365 3296 creatura
1425 3241 1550 3296 inde
1604 3242 1844 3297 discedet
1889 3242 1976 3297 vel
2034 3242 2337 3298 divinitatis
2367 3232 2446 3278 ut

2367 3232 2408 3250 ν
2443 3233 2659 3287 σιλισσα
2706 3232 2801 3287 τοῦ
2849 3234 3117 3299 Βασιλέως
3169 3236 3233 3288 ἐκ
3278 3235 3497 3301 δεξιῶν,
3536 3234 3617 3305 τῷ
3644 3234 3831 3289 κάλλει
3870 3235 4019 3303 λάμ-

769 3331 1041 3400 particeps
1068 3331 1151 3385 vel
1181 3331 1294 3401 igni
1338 3330 1608 3386 destinata
1633 3370 1649 3395 ,
1679 3339 1735 3385 et
1780 3330 1970 3385 mundi
2002 3345 2143 3386 unus
2178 3339 2339 3385 erunt
2441 3342 2448 3374 ε

2441 3341 2618 3378 πουσα
2650 3325 2746 3378 καὶ
2778 3326 3218 3397 περιϐεϐλημένη
3251 3328 3350 3397 τήν
3380 3330 3603 3396 προῖκα,
3641 3328 3741 3396 τῆς
3778 3328 4019 3397 Τριάδος

770 3422 1009 3478 mundus
1037 3421 1140 3493 (8),
1168 3432 1333 3493 atque
1367 3437 1535 3477 unum
1566 3422 1672 3477 erit
1708 3436 1937 3493 regnum
1971 3421 2072 3492 (9),
2103 3430 2158 3477 et
2184 3420 2340 3477 antea
2440 3418 2449 3468 ἓ

2338 3451 2340 3459 ι
2440 3418 2567 3481 ὅλας
2607 3415 2746 3487 ὁμοῦ
2774 3417 2888 3479 τὰς
2925 3419 3174 3489 χάριτας,
3208 3420 3306 3472 καὶ
3346 3420 3745 3490 πεποικιλμένη
3777 3418 3857 3489 τῷ
3893 3420 4017 3473 δια-

770 3521 926 3566 retur
953 3528 985 3565 e
1020 3511 1199 3565 medio
1239 3513 1518 3582 tyrannis,
1553 3521 1608 3567 et
1644 3514 1830 3584 regina
1864 3512 1933 3568 ad
1965 3511 2127 3582 Regis
2155 3513 2341 3567 dexte-
2445 3529 2449 3553 ε

2445 3508 2597 3579 φόρῳ
2636 3508 2743 3562 τῶν
2783 3508 2849 3561 δι’
2878 3509 3048 3580 αὐτῆς
3082 3510 3361 3565 σωθέντων
3392 3512 3577 3582 κλήρῳ
3615 3514 3710 3565 καὶ
3738 3511 4020 3582 ἀξιώματι

770 3616 887 3655 ram
932 3602 1265 3655 assidcbit“
1303 3602 1713 3672 pulchritudine
1764 3602 2056 3674 refulgens,
2088 3613 2142 3658 et
2184 3604 2337 3658 dota-
2446 3619 2449 3652 τ

2446 3602 2541 3654 καὶ
2570 3600 2924 3670 ἀνηρτημένη
2960 3602 3061 3671 τὴν
3086 3602 3215 3673 ὅλην
3245 3602 3427 3674 κρίσιν
3454 3605 3523 3673 τῇ
3556 3602 3650 3672 νέᾳ
3684 3619 4020 3674 καινουργη-

771 3691 915 3747 libus
964 3690 1307 3757 muneribus,
1355 3694 1617 3749 nimirum
1658 3694 1823 3748 simul
1865 3693 2121 3749 omnibus
2160 3692 2340 3748 Trini-
2424 3694 2450 3731 ‘t

1186 3691 1307 3757 bus,
1355 3694 1617 3749 nimirum
1658 3694 1823 3748 simul
1865 3693 2121 3749 omnibus
2160 3692 2340 3748 Trini-
2424 3692 2632 3746 θεῖσαν
2661 3692 2865 3762 χάριτι.

770 3788 899 3842 tatis
921 3787 1107 3855 gratiis
1153 3787 1682 3854 circumvestita;et
1745 3789 2000 3846 decorata
2051 3805 2265 3858 eorum,
2295 3790 2388 3860 qui
2428 3806 2523 3859 per
2589 3791 2763 3859 ipsam
2805 3792 2947 3846 nacti
2999 3801 3127 3847 sunt
3170 3791 3434 3855 salutem,
3473 3789 3619 3845 varia
3663 3789 4023 3845 multitudine

771 3894 838 3934 ac
874 3878 1170 3947 dignitate,
1208 3890 1487 3936 creaturas
1535 3896 1728 3937 omnes
1786 3897 1926 3936 nova
1977 3883 2149 3952 gratia
2181 3893 2460 3953 reparatas
2488 3882 2594 3939 sibi
2624 3882 2902 3941 beneﬁciis
2929 3884 3221 3939 obstrictas
3249 3884 3519 3941 ostendet.

848 3972 1043 4027 XXXI.
1079 3972 1171 4028 Sic
1200 3974 1384 4043 itaque
1427 3991 1536 4029 non
1579 3986 1785 4032 temere
1828 3977 1882 4031 in
1928 3978 2048 4047 ipso
2080 3979 2350 4035 sermonis
2521 4017 2527 4033 ε

2344 3995 2350 4033 ι
2521 3977 2647 4034 AA'.
2678 3977 2866 4042 Οὕτως
2890 3979 2992 4032 οὐκ
3019 3978 3229 4045 ἀλόγως
3266 3981 3297 4033 6
3336 3977 3493 4046 λόγος
3533 3976 3644 4048 ἄρα
3673 3976 3777 4046 τὴν
3823 3976 4023 4047 ἑορτὴν

772 4066 999 4122 exordio
1026 4068 1167 4122 hanc
1193 4067 1594 4122 solemnitatem
1621 4078 1677 4123 et
1705 4069 2037 4140 principium
2083 4070 2267 4140 gaudii
2295 4080 2352 4125 et.
2447 4093 2451 4120 t

2342 4084 2352 4125 ι
2447 4070 2507 4123 ἐν
2555 4072 2699 4142 ἀρχῇ
2746 4072 2841 4126 καὶ¹
2882 4071 3058 4142 ἀρχὴν
3085 4067 3207 4125 εἷπε
3235 4074 3336 4142 τῆς
3372 4071 3548 4141 χαράς
3578 4069 3674 4123 καὶ
3716 4069 3894 4140 μέσην
3924 4070 4021 4123 καὶ

776 4158 1015 4211 medium
1070 4166 1125 4212 et
1172 4158 1337 4213 ﬁnem
1387 4158 1667 4225 diximus;
1712 4162 1795 4216 sic
1838 4160 1954 4230 ipsa
2001 4176 2193 4217 rursus
2239 4176 2348 4216 non
2444 4177 2455 4195 '

2342 4180 2348 4216 |
2444 4159 2742 4231 τελευτήν·
2792 4160 2887 4214 καὶ
2937 4160 3080 4214 οὕτω
3107 4162 3217 4215 τῶν
3244 4161 3448 4230 ἑορτῶν
3488 4160 3551 4213 οὐ
3586 4160 4021 4229 θαυμασιωτάτη

775 4250 939 4305 modo
1020 4266 1131 4320 pra:
1196 4253 1410 4308 caeteris
1474 4251 1865 4309 festivitatibus
1921 4254 2347 4324 stupendissima
2449 4272 2454 4322 ι

2343 4278 2347 4308 ι
2449 4252 2613 4323 μόνον
2664 4251 2803 4323 αὕτη
2848 4252 2943 4306 καὶ
2979 4252 3462 4324 μεγαλοδωροτάτη
3488 4292 3504 4317 ,
3537 4251 3672 4306 ἀλλὰ
3696 4252 3762 4322 δὴ
3790 4254 3890 4305 καὶ
3926 4270 4022 4322 χα-

775 4351 1000 4411 apparct
1049 4351 1210 4410 atque
1247 4342 1808 4412 magnificentissima,
1855 4345 1950 4399 sed
1986 4360 2117 4399 sane
2164 4354 2220 4399 et
2255 4345 2343 4415 ju-
2449 4370 2454 4413 γ

2449 4343 2708 4414 ριεστάτη
2744 4344 2867 4396 κατ’
2909 4344 3042 4398 αὐτὸ
3089 4346 3182 4398 καὶ
3221 4345 3635 4414 φρικωδεστάτη
3660 4360 3675 4373 ·
3729 4344 3892 4397 τοῦτο
3935 4345 4022 4396 διὰ

776 4431 1113 4507 cundissima
1154 4434 1315 4485 simul
1369 4441 1422 4487 et
1474 4436 1712 4488 maxima
1749 4436 2097 4491 veneratione
2127 4436 2283 4506 digna
2325 4454 2339 4491 :
2377 4493 2414 4507 ἢ
2448 4452 2455 4469 ⁸

2377 4493 2414 4507 _
2448 4434 2508 4488 τὸ
2534 4435 2873 4505 ὑπερϐάλλον
2904 4435 3000 4489 τοῦ
3034 4436 3335 4507 μυστηρίου
3364 4454 3423 4489 τε
3454 4436 3549 4489 καὶ
3574 4436 3670 4489 τοῦ
3700 4435 3981 4504 θαύματος
4004 4453 4018 4468 ·

779 4521 924 4575 istud
956 4500 1177 4591 quidem
1206 4534 1426 4593 propter
1454 4528 1650 4579 miram
1674 4535 1730 4581 et
1752 4528 1996 4597 mysterii
2016 4536 2071 4582 et
2095 4493 2344 4582 miraculi
2377 4493 2418 4547 θ
2449 4528 2458 4577 i

2342 4574 2344 4579 ,
2377 4493 2418 4547 D
2449 4527 2625 4579 ἐκεῖνο
2643 4493 2746 4580 ’διὰ
2776 4526 2875 4596 τὴν
2923 4493 3258 4597 πανταχόθεν
3309 4527 3502 4596 αῐγλην
3542 4543 3603 4580 τε
3642 4527 3736 4580 καὶ
3763 4493 4021 4597 λαμπρός

779 4615 1185 4681 pra-stantiam;
1240 4616 1371 4671 illud
1430 4633 1557 4673 vero
1616 4630 1837 4688 propter
1891 4619 2155 4689 fulgorem
2208 4621 2349 4676 lucis
2454 4637 2458 4650 '

2342 4639 2349 4675 ι
2454 4634 2611 4688 τητα.
2654 4619 2751 4671 καὶ
2793 4618 2879 4672 ἵνα
2908 4619 2970 4671 τὸ
3001 4618 3434 4689 παραδοξότερον
3469 4619 3636 4684 εἴπω,
3664 4618 3761 4670 καὶ
3790 4618 4021 4686 ἀρχαιο-

780 4704 1148 4771 undequaque
1205 4704 1579 4770 emicantem;
1633 4714 1689 4760 ct
1747 4716 1806 4761 ut
1852 4707 2128 4805 quidpiam
2168 4707 2347 4762 adhuc
2452 4724 2459 4742 ι

2345 4748 2347 4755 ν
2452 4710 2588 4778 τάτη
2625 4708 2759 4779 μόνη
2789 4709 2898 4762 τῶν
2944 4709 3121 4763 ἄλλων
3151 4711 3268 4781 ἅμα
3313 4710 3407 4763 καὶ
3438 4710 3765 4777 άῖδιωτάτη,
3802 4708 4024 4778 σύνδρο-

778 4793 973 4862 majori
1040 4793 1402 4849 admiratione
1458 4796 1683 4866 dignum
1740 4793 1999 4867 eloquar.
2060 4797 2177 4869 ipsa
2230 4799 2346 4854 sola
2455 4856 2457 4866 λ

2455 4817 2553 4871 μος
2585 4801 2686 4871 μὲν
2722 4805 2790 4872 τῇ
2819 4802 3172 4875 δημιουργίᾳ,
3202 4804 3469 4865 συναῖδιος
3504 4802 3560 4856 δὲ
3594 4804 3663 4873 τῇ
3697 4800 4024 4869 παλιγγενεο

849 4971 896 5002 ⁸⁸
934 4968 1074 5027 Psal.
1107 4986 1254 5037 xuv,
1290 4970 1379 5027 {0.

976 5150 1201 5234 Auctor,
1252 5149 1327 5203 uti
1369 5160 1514 5234 patet
1547 5149 1709 5206 etiam
1746 5165 1814 5207 ex
1853 5166 1971 5234 seq.
2027 5151 2057 5224 ᾗ
2107 5151 2349 5234 XXXIII,

781 5222 1156 5284 existimavit,
1210 5236 1437 5291 vernum
1492 5232 1745 5291 tempus,
1795 5222 2049 5291 quinimo
2099 5226 2350 5278 eumdem

785 5293 931 5345 hunc
982 5291 1123 5344 diem
1167 5290 1240 5345 25
1292 5291 1495 5344 mensis
1550 5289 1729 5345 Martii
1772 5289 2205 5347 anniversarium
2258 5294 2354 5347 ha-

785 5360 1027 5431 bendum
1046 5375 1169 5415 essc
1192 5360 1572 5429 plasmationis
1595 5362 1755 5431 primi
1788 5364 2048 5424 hominis,
2078 5371 2133 5415 et
2160 5364 2351 5417 eadem

782 5431 941 5500 plane
1000 5430 1111 5492 die,
1174 5442 1231 5485 ut
1270 5432 1323 5483 in
1372 5430 1727 5499 sequentibus
1775 5434 1968 5495 tradit,
2010 5431 2104 5485 Dei
2155 5434 2352 5487 Filium

787 5516 894 5554 non
924 5501 1084 5572 modo
1109 5515 1330 5553 carnem
1358 5500 1649 5555 humanam
1669 5504 2050 5572 assumpsisse,
2070 5504 2163 5557 sed
2189 5505 2353 5558 etiam

785 5586 816 5624 e
846 5571 1098 5629 sepulcro
1124 5573 1247 5624 dein
1285 5573 1612 5627 surrexisse.

859 5643 935 5709 (7)
989 5639 1164 5695 Habes
1214 5643 1378 5713 igitur
1408 5643 1692 5713 vestigium
1745 5642 2050 5698 traditionis
2084 5658 2179 5713 per
2213 5644 2353 5698 Geo-

788 5719 975 5764 metra:
1028 5721 1239 5764 a'tatem
1296 5712 1566 5780 vigentis,
1622 5712 1901 5767 Christum
1953 5712 2237 5768 Dominum
2289 5713 2353 5766 ad

786 5781 1110 5845 iudicandos
1144 5795 1334 5837 omnes
1368 5781 1619 5838 homines
1655 5782 1842 5840 eadem
1875 5784 2129 5855 vigesiltta
2164 5784 2353 5854 quinta

2458 5156 2544 5212 dic
2574 5155 2779 5211 mensis
2805 5154 2981 5211 Martii
3013 5169 3133 5211 esse
3161 5164 3473 5211 venturum.

2533 5227 2609 5295 (8)
2639 5225 2897 5295 Spectare
2923 5229 3035 5281 haec
3060 5226 3313 5280 videntur
3340 5229 3405 5280 ad
3432 5228 3561 5281 illttd
3585 5227 3727 5282 Petri
3758 5226 3845 5294 (11
3874 5226 4022 5284 Petr.

2461 5312 2543 5360 tu,
2582 5297 2668 5358 l2,
2716 5297 2803 5363 15)
2838 5313 2852 5351 :
2899 5312 2990 5365 per
3018 5312 3169 5365 quem
3197 5297 3311 5349 caeli
3356 5299 3594 5351 ardentes
3630 5301 3920 5359 solventur,
3976 5309 4026 5352 et

2458 5368 2708 5420 elementa
2734 5366 2871 5434 ignis
2905 5367 3094 5419 ardore
3126 5366 3387 5421 (abessent
3417 5383 3435 5421 :
3470 5384 3627 5421 novos
3658 5368 3813 5421 castos
3847 5381 3897 5421 et
3930 5386 4025 5420 no-

2452 5453 2567 5490 vnnt
2601 5448 2793 5490 terram
2826 5438 3108 5489 secundum
3134 5438 3395 5503 promissa
3431 5438 3593 5505 ipsius
3619 5450 4023 5506 exspectamus;

2455 5517 2568 5560 tum
2597 5508 2661 5560 ad
2686 5506 2814 5559 illud
2844 5506 3071 5560 Joannis
3095 5506 3280 5574 (Apoc.
3314 5523 3427 5573 ut,
3463 5510 3563 5575 1)):
3601 5506 3667 5560 Et
3699 5508 3804 5562 vidi
3836 5510 4025 5560 caelum

2453 5592 2641 5629 novum
2691 5586 2739 5629 et
2787 5586 2981 5629 terram
3027 5593 3237 5631 novam.
3290 5576 3531 5631 Primum
3570 5580 3710 5631 enim
3758 5578 3948 5631 caelum
3978 5590 4026 5631 et

2454 5648 2623 5713 prima
2654 5657 2793 5699 terra
2827 5648 2980 5702 abiit.

2525 5716 2602 5785 (9)
2650 5720 2819 5789 Apoc.
2862 5716 2954 5781 XI,
3019 5717 3082 5771 l5
3134 5735 3148 5770 :
3201 5715 3557 5789 factntniest
3606 5734 3821 5789 regnum
3871 5718 4030 5787 hujus

2455 5789 2637 5840 mutuli
2671 5788 2880 5841 Domini
2914 5789 3078 5841 nostri
3104 5798 3152 5841 ct
3186 5787 3383 5842 Christi
3415 5788 3549 5857 ejus.
