4252 6436
316 396 415 460 Sil

1094 388 1354 453 SERMO
1390 388 1468 447 IN
1506 387 1611 447 SS.
1649 383 2001 446 DEIPARE
2038 382 2755 446 ANNUNTIATIONEM.

3457 380 3566 444 842

313 510 405 580 σία
427 526 442 540 ο
478 508 612 579 μηδὲ
635 506 745 577 γὰρ
766 504 911 574 ἔχειν
941 504 1112 573 πέρας
1134 500 1384 554 ἐντεῦθεν
1403 500 1526 570 ήδη,
1552 494 1653 567 τῆς
1675 498 1886 550 ἐκεῖθεν
1917 503 1960 556 Α
1989 504 2212 549 caeteras
2238 509 2432 547 omnes
2464 503 2575 547 tum
2596 494 2750 562 antiq

1989 504 2212 549 cmteras
2238 509 2432 547 omnes
2464 503 2575 547 tum
2596 492 2928 562 antiquitate
2958 492 3235 561 praecedit,
3258 502 3370 549 tum
3395 497 3563 551 dura-

311 601 626 673 ἀρξαμένης
657 600 888 669 ἡμέρας,
932 597 1169 657 καὶτοῖς
1206 592 1447 654 αἰωνίοις
1481 590 1705 643 αἰωνίαν
1742 584 1883 642 εἶναί

310 711 368 745 τε
405 693 499 745 καὶ
528 694 765 745 συνεῖναι
799 688 1216 757 πιστευομένην.

1997 587 2142 640 tione
2172 586 2630 656 prattergreditur,
2664 586 2867 655 quippe
2897 601 3019 654 quae
3046 588 3211 641 simul
3240 603 3366 643 eum
3394 592 3566 659 prima

1995 693 2176 733 rerum
2231 677 2507 734 creatione
2569 688 2746 731 ortum
2789 678 3009 740 habuit,
3051 688 3105 733 et
3162 695 3287 735 cum
3326 685 3567 739 universi

314 786 476 855 hujus
531 784 940 851 regeneratione
990 783 1314 843 conveniet;
1372 789 1549 844 neque
1591 788 1726 828 sane
1766 771 1879 841 jam
1920 771 2046 826 inde
2075 773 2235 827 linem
2271 788 2301 825 a
2339 770 2427 824 die
2492 778 2622 823 tunc
2688 771 2982 839 incipiente
3012 772 3265 829 habitura
3310 788 3414 844 est,
3446 782 3566 847 sed,

313 894 373 934 ut
413 880 546 932 lides
575 877 763 938 docet,
808 875 1137 943 sempiterne
1172 873 1482 925 viventibus
1516 870 1632 939 ipsa
1674 869 1877 937 pariter
1918 876 2209 931 comterna,
2273 878 2648 943 perpetuoque
2682 871 2885 922 sociata
2922 870 3044 923 erit.

384 972 505 1027 AB'.
552 972 707 1023 Ἐπεὶ
740 970 793 1021 δὲ
825 968 924 1038 τῆς
950 970 1144 1038 ἑορτῆς
1174 967 1334 1033 ὀλίγα
1368 966 1463 1018 καὶ
1494 964 1630 1033 πρὸς
1656 962 1836 1028 ὀλίγον
1863 960 1892 1013 ὁ

312 1069 469 1134 λόγος
501 1062 838 1131 ὑπέγραψεν,
867 1062 894 1114 ὃ
927 1063 1021 1115 καὶ
1047 1062 1206 1131 μόνον
1232 1060 1349 1112 ἐστὶ
1375 1059 1434 1111 τὸ
1468 1058 1672 1118 λεῖπον,
1704 1054 1893 1123 ἐπιζη-

314 1160 607 1228 τήσωμεν·
663 1154 815 1216 τίνας
883 1156 979 1206 καὶ
1038 1154 1162 1214 τοὺς
1225 1148 1617 1221 χαριστηρίους
1681 1146 1894 1199 τούτων

314 1248 593 1311 ἁπάντων,
618 1250 650 1317 ἢ
686 1249 790 1301 τίνι
822 1248 1040 1318 πρῶτον
1071 1247 1460 1314 προσοίσομεν,
1486 1242 1565 1311 τῷ
1590 1239 1768 1310 “arpi.
1798 1240 1892 1292 καὶ

314 1341 536 1410 νυμφίῳ
563 1341 657 1394 καὶ
693 1341 807 1409 Υίῷ
836 1340 928 1391 καὶ
956 1336 1075 1405 Θεῷ
1100 1353 1113 1399 ;
1137 1337 1169 1405 ἢ
1206 1339 1271 1405 τῇ
1304 1334 1468 1405 δούλῃ
1498 1351 1556 1386 τε
1582 1334 1677 1385 καὶ
1706 1331 1891 1401 νύμφῃ

314 1434 408 1483 καὶ
435 1432 667 1501 Θυγατρὶ
695 1433 787 1484 καὶ
818 1429 1022 1499 μητρί;
1065 1428 1285 1496 Ἐπειδὴ
1320 1426 1416 1479 καὶ
1456 1425 1553 1494 τὴν
1592 1424 1753 1491 φύσιν
1785 1422 1893 1490 ὁρῶ

315 1525 411 1575 καὶ
439 1524 536 1592 τὴν
565 1522 745 1575 κτίσιν
780 1523 907 1591 ὃλην
943 1519 1407 1590 φιλοτιμουμένην
1440 1517 1507 1569 τά
1541 1516 1890 1586 χαριστήρια,

316 1616 412 1666 καὶ
440 1616 581 1667 οὕτω
622 1614 893 1684 προῆλθεν
938 1615 1073 1682 ἡμῖν
1120 1611 1259 1681 μετά
1286 1610 1395 1661 τῶν
1439 1609 1616 1663 ἄλλων
1660 1609 1692 1677 ἠ
1733 1607 1893 1676 ἑορτὴ

315 1709 411 1758 καὶ
444 1708 755 1776 ὡραιοτάτη
793 1708 887 1759 καὶ
929 1705 1190 1774 ἡδυτάτη.
1226 1702 1341 1755 Νῦν
1386 1702 1485 1772 μὲν
1512 1702 1620 1770 γὰρ
1652 1703 1683 1769 ἡ
1715 1702 1891 1762 κτίσις

2068 960 2281 1015 XXXII.
2336 940 2792 1031 Q'iiandoquidem
2846 980 2973 1018 vero
3027 980 3199 1034 pauca
3252 968 3353 1021 ista
3406 976 3570 1036 atque

1991 1069 2053 1107 ea
2083 1054 2302 1120 quidem
2348 1070 2508 1122 parce
2547 1056 2692 1108 circa
2724 1056 3127 1112 solemnitatem
3168 1074 3353 1131 sermo
3381 1077 3572 1130 prose-

1991 1156 2153 1200 cutus
2186 1156 2295 1212 est,
2336 1148 2449 1215 jam
2499 1156 2552 1201 et
2605 1148 2751 1217 quod
2810 1149 3077 1216 reliquum
3128 1162 3252 1222 est,
3310 1157 3570 1222 exquira-

1994 1254 2147 1303 mus;
2192 1254 2459 1308 quosnam
2497 1241 2635 1310 grati
2676 1240 3102 1311 animihyntnos
3132 1220 3420 1310 pt'o’itisce
3445 1263 3571 1302 om-

1994 1329 2179 1395 nibus,
2217 1331 2298 1383 vel
2336 1332 2553 1383 cuinam
2598 1332 2830 1399 primum
2866 1332 3202 1387 oﬂeramus?
3230 1332 3468 1401 Patriae,
3502 1353 3571 1392 ac

1992 1437 2197 1491 sponso
2222 1433 2275 1478 et
2302 1423 2441 1477 Filio
2472 1434 2524 1476 et
2562 1423 2670 1477 Deo
2696 1424 2717 1476 ?
2747 1425 2827 1477 An
2857 1441 2985 1480 vero
3022 1427 3237 1481 ancilla:
3262 1440 3317 1483 et
3355 1444 3572 1499 sponsa:

1992 1525 2046 1569 et
2090 1515 2211 1569 lilia:
2244 1530 2309 1570 ac
2348 1516 2544 1569 matri?
2572 1518 2811 1570 Maxime
2845 1533 2973 1571 vero
3001 1530 3287 1590 postquam
3316 1532 3372 1575 et
3408 1534 3571 1577 natu-

1994 1622 2110 1662 ram
2158 1620 2415 1668 omnem,
2471 1616 2526 1661 et
2579 1618 2865 1663 creaturas
2926 1612 3213 1667 universas
3257 1615 3570 1684 gratulandi

1994 1698 2175 1753 studio
2207 1698 2369 1751 veluti
2402 1707 2680 1753 certantes
2712 1699 2892 1764 video,
2927 1711 3090 1777 atque
3120 1704 3256 1757 adeo
3298 1709 3570 1763 venustis-

313 1799 477 1865 ὁμοία
498 1766 605 1850 ’καὶ
637 1766 870 1851 παστάδι
907 1766 1066 1866 καινῇ
1105 1766 1171 1865 τῇ
1204 1797 1365 1865 καινῇ
1387 1766 1589 1862 *νύμφῃ
1637 1790 1889 1861 λαμπρύ-
1919 1766 1967 1825 Β
1998 1791 2133 1844 sima
2191 1790 2347 1844 nobis
2378 1801 2541 1859 atque
2588 1792 2728 1847 inter

1998 1791 2133 1844 sima
2191 1790 2347 1844 nobis
2378 1801 2541 1859 atque
2588 1792 2728 1847 inter
2766 1793 2903 1848 alias
2943 1796 3271 1850 suatissima
3320 1801 3433 1853 haec
3478 1816 3572 1855 so-

316 1910 503 1955 vsrat,
553 1894 646 1945 καὶ
700 1893 878 1944 κοινὸν
931 1892 1160 1958 καταχεῖ
1211 1888 1408 1949 κάλλος
1450 1886 1559 1939 τῶν
1596 1885 1890 1956 ὁρωμένων

314 1985 573 2038 ἁπάντων
592 2028 606 2051 ,
640 1986 735 2037 καὶ
764 1986 1172 2053 καινουργεῖται
1204 1980 1428 2050 κόσμος.

1999 1879 2250 1933 lemnitas
2279 1879 2467 1934 eluxit.
2517 1880 2668 1935 Nune
2711 1884 2856 1936 enim
2904 1899 3085 1938 rerum
3129 1889 3454 1944 universitas
3504 1892 3574 1945 ad

2002 1971 2176 2025 instar
2204 1970 2327 2023 novi
2362 1970 2586 2025 thalami
2625 1986 2683 2025 se
2709 1981 2959 2026 ornatam
2988 1989 3140 2029 novze
3177 1991 3394 2046 sponsa:
3421 1980 3577 2033 exiti-

318 2082 430 2141 bet,
476 2092 784 2146 novamque
830 2078 881 2129 in
918 2074 1154 2129 visibilis
1194 2073 1381 2127 omnia
1425 2069 1891 2141 pulchritudinem
1930 2062 2178 2125 effundit,
2214 2070 2271 2146 et
2306 2072 2452 2117 totus
2485 2073 2781 2118 renovatur
2812 2065 3072 2123 mundus.

390 2171 512 2224 ΔΡ.
552 2170 700 2221 Ἐπεὶ
736 2169 831 2220 καὶ
863 2167 929 2219 δι’
961 2166 1019 2218 ὃν
1051 2167 1079 2218 ὁ
1117 2165 1344 2234 κόσμος,
1373 2164 1486 2217 ἀνω
1522 2163 1621 2233 μὲν
1643 2159 1893 2231 οὐρανὸς,

316 2259 407 2317 οἶα
434 2263 637 2333 χιτῶνα
666 2261 926 2330 πένθιμον
944 2299 958 2323 ,
989 2259 1048 2311 τὸ
1076 2258 1356 2329 χειμέριον
1385 2256 1544 2323 νέφος
1577 2252 1893 2316 ἀποϐαλὼν,

318 2358 400 2417 είς
447 2356 633 2410 καινὸν
690 2354 746 2405 δέ
809 2369 863 2404 τι
914 2351 1100 2421 χρυσῷ
1149 2350 1245 2402 καὶ
1296 2346 1552 2417 πορφύρᾳ
1607 2347 1795 2416 κρᾶμα
1838 2344 1897 2396 τὸ

318 2450 520 2522 χρῶμα
564 2446 884 2517 μεταϐαλών
904 2463 917 2476 ·
950 2446 1045 2499 καὶ
1078 2444 1241 2512 αἰθὴρ
1271 2440 1511 2495 ἀπειλῶν
1542 2440 1770 2509 φρικτὸν
1800 2437 1897 2507 μὲν

320 2540 410 2601 οὓ,
438 2540 599 2592 καλὸν
629 2539 687 2590 δὲ
723 2538 952 2607 λάμπων
986 2536 1127 2597 λίαν,
1168 2534 1263 2586 καὶ
1298 2532 1711 2598 ἀπαστράπτων
1759 2530 1855 2598 ηδύ
1881 2543 1894 2558 ·

320 2635 417 2685 καὶ
452 2633 648 2702 σελήνη
693 2631 790 2697 μὲν
831 2626 1287 2697 ὲγκαινιζομένη,
1323 2626 1416 2678 καὶ
1463 2625 1521 2676 τὸ
1573 2624 1691 2675 νέον
1741 2622 1898 2683 σέλας

318 2726 457 2791 αὐτῇ
495 2742 553 2775 τι.
585 2723 677 2774 τοῦ
718 2720 886 2774 καλοῦ
918 2719 1207 2789 δεχομένου
1237 2716 1474 2786 νυμφίου
1514 2710 1897 2783 λαμπρότερόν

319 2834 381 2869 τε
436 2816 529 2869 καὶ
574 2814 983 2883 ἀφθονώτερον,
1021 2814 1115 2869 καὶ
1155 2811 1260 2863 ὑπὸ
1291 2808 1500 2879 μείζονι
1548 2809 1643 2861 καὶ
1673 2803 1896 2874 φαιδρο-

317 2912 457 2978 τέρᾳ
508 2907 751 2977 λαμπάδι
807 2908 905 2975 τὴν
950 2905 1121 2957 νύκτα
1182 2903 1620 2973 προπέμπουσα,
1680 2898 1772 2951 καὶ
1828 2898 1897 2965 τῇ

2066 2134 2310 2207 XXXIII.
2366 2153 2501 2207 Nam
2551 2164 2605 2209 et
2639 2156 2837 2210 coelum
2872 2158 3129 2229 desuper,
3167 2176 3197 2215 e
3233 2178 3342 2231 quo
3385 2165 3575 2221 mundi

1995 2256 2244 2310 ornatus,
2273 2245 2562 2301 hiemalem
2604 2247 2892 2317 caliginem
2918 2265 3015 2305 ceu
3048 2252 3331 2322 lugubrem
3371 2268 3574 2312 vestem

1996 2338 2215 2406 al-jecit,
2259 2348 2314 2391 et
2362 2338 2600 2392 colorem
2634 2354 2797 2393 suum
2848 2341 2901 2394 iu
2936 2358 3136 2397 novum
3169 2347 3298 2415 quid
3338 2364 3478 2404 auro
3522 2364 3580 2407 ec

1996 2445 2237 2501 purpura
2264 2430 2615 2485 commistum
2646 2431 2994 2499 immutavit;
3026 2444 3080 2489 et
3114 2440 3285 2492 aether
3321 2456 3428 2495 non
3467 2452 3579 2498 tre-

2000 2526 2223 2579 mendas
2260 2524 2544 2579 minitatur
2591 2525 2880 2593 procellas,
2918 2529 3012 2581 sed
3044 2543 3372 2596 pervenuste
3417 2536 3575 2605 nitet,

1999 2626 2053 2670 et
2099 2617 2252 2670 suavi
2310 2618 2431 2671 luce
2488 2628 2781 2685 coruscat;
2837 2630 3130 2675 renovatur
3186 2628 3347 2680 etiant
3414 2629 3575 2694 luna,

2000 2724 2239 2779 cumque
2281 2709 2489 2774 lumen,
2532 2711 2677 2779 quod
2730 2710 2783 2765 in
2819 2713 2989 2782 ipsam
3027 2717 3317 2786 redundat,
3354 2724 3581 2790 pulcher

2000 2801 2245 2871 ejusdem
2299 2818 2532 2872 sponsus
2581 2818 2821 2869 novum,
2859 2803 3231 2877 Iulgidiusque
3273 2819 3329 2864 et
3378 2817 3580 2884 cepio-

2002 2893 2122 2946 sius
2159 2895 2440 2961 acquirat,
2474 2892 2591 2963 ipsa
2626 2908 2846 2962 quoque
2892 2896 3141 2965 ampliori
3186 2900 3581 2969 splendidiori-

321 3003 500 3053 κτίσει
526 3001 673 3070 πάσῃ
700 2997 1052 3068 πυρσεύουσα
1076 3012 1089 3024 ·
1124 2993 1299 3065 ἄστρα
1330 2992 1409 3056 δὲ,
1430 2992 1498 3045 τά
1523 2993 1659 3052 τέως
1692 3005 1900 3056 συγκαο
1929 3018 1974 3077 C
2006 2998 2114 3077 que
2168 2982 2315 3077 face,
2337 2994 2551 3040 noctem
2605 2986 2747 3040 comi

2006 2998 2114 3053 que
2168 2982 2286 3039 face
2337 2994 2551 3040 noctem
2605 2986 2938 3051 comitatur,
2972 2999 3026 3044 et
3073 2991 3347 3050 universis
3380 3000 3582 3056 creatis

321 3092 656 3160 λυπτόμενα,
695 3091 793 3143 καὶ
837 3085 1060 3140 πλείονα
1099 3085 1192 3137 καὶ
1231 3083 1455 3155 μείζονα
1512 3081 1607 3133 καὶ
1661 3079 1898 3151 ήδύτερα

323 3185 417 3236 καὶ
444 3183 713 3251 φανότερα
733 3196 747 3211 ·
783 3179 1071 3248 φωσφόρος
1093 3176 1173 3241 δὲ,
1203 3175 1263 3228 τὸ
1290 3175 1389 3245 μὲν
1419 3172 1647 3243 μέγεθος
1674 3171 1897 3242 μείζων,

321 3274 383 3324 τὸ
428 3272 486 3324 δὲ
516 3270 708 3333 κάλλος
742 3269 999 3333 καλλίων,
1034 3266 1370 3338 ὑψηλότερος
1405 3264 1463 3317 δὲ
1500 3262 1562 3315 τὸ
1606 3261 1763 3329 ὕψος,
1802 3259 1901 3313 καὶ

326 3364 456 3416 ἰδεῖν
485 3364 743 3433 ὴὸύτερος
773 3362 868 3414 καὶ
898 3359 1231 3431 προσϐαλεῖν
1269 3355 1625 3426 ἀλυπότερος.
1663 3353 1779 3406 Νῦν
1807 3352 1903 3407 xui.

322 3458 401 3527 τῷ
443 3458 580 3525 φωτὶ
629 3456 727 3526 μὲν
773 3455 958 3523 ἡμέρα
1006 3453 1348 3517 πλεονεκτεῖ,
1412 3451 1510 3505 καὶ
1554 3449 1781 3519 χορηγεῖ
1832 3448 1901 3517 τῇ

323 3549 586 3620 τικτούσῃ
622 3548 713 3599 τὸν
757 3547 908 3616 ἣλιον
934 3562 950 3577 ο
995 3546 1322 3616 παραχωρεῖ
1362 3543 1420 3596 δὲ
1464 3545 1530 3612 τῇ
1566 3540 1826 3613 δεσποίνῃ
1866 3540 1902 3610 ἡ

325 3643 445 3707 νὺξ,
484 3642 545 3693 τὸ
594 3640 811 3711 πρῶτον
843 3636 1223 3709 ὲγκυμονούσῃ
1256 3638 1348 3690 καὶ
1380 3634 1776 3707 δημιουργικὸν
1809 3634 1905 3686 xai.

325 3734 493 3789 καλὸν
533 3734 666 3802 φῶς.
708 3732 821 3785 Νῦν
856 3733 950 3785 καὶ
989 3733 1100 3801 ἀὴρ
1130 3730 1433 3801 πραότερος
1471 3728 1590 3798 ἅμα
1630 3727 1725 3781 καὶ
1751 3726 1905 3779 διαυ-

328 3828 627 3895 γέστερος,
679 3826 774 3878 καὶ
831 3822 1077 3876 θάλασσα
1131 3820 1375 3889 γαλήνης
1419 3818 1517 3887 ὃλη
1570 3817 1665 3871 xui.
1709 3815 1905 3887 ἡδονῆς

330 3920 586 3986 πέλαγος.
622 3918 715 3969 καὶ
744 3916 945 3985 κόσμος
970 3915 1113 3977 ὅλος,
1138 3915 1171 3985 ἡ
1204 3914 1397 3983 χέρσος
1424 3910 1611 3965 ἄνθεσι
1643 3909 1904 3979 βρύουσα,

329 4015 491 4073 πζαις
547 4010 817 4062 θάλλουσα
868 4005 1173 4071 πάντοθεν,
1222 4009 1317 4059 καὶ
1364 4004 1542 4058 πάντα
1590 4003 1903 4073 τέρπουσα,

331 4103 614 4171 λειμώνων
666 4101 879 4171 ὀδμαῖς,
920 4099 1125 4168 ὀρνέων
1172 4098 1399 4166 φωναῖς,
1449 4094 1635 4163 φυτῶν
1684 4094 1904 4162 κόμαις,

331 4192 556 4260 ἀψύχων
594 4190 867 4254 κάλλεσιν,
910 4186 1171 4257 ἐμψύχων
1201 4186 1430 4254 ἆλμασι.
1468 4184 1583 4235 Νῦν
1612 4183 1706 4235 καὶ
1746 4180 1909 4250 ὡρῶν

333 4287 561 4355 κράσεις
599 4282 692 4335 καὶ
717 4281 893 4352 μίξεις
930 4279 1213 4349 στοιχείων
1244 4276 1524 4347 εὕκρατοι,
1555 4275 1651 4328 καὶ
1690 4274 1908 4342 ἀνέμων

2006 3076 2181 3130 lucem
2240 3076 2508 3144 ail‘undit;
2563 3088 2712 3133 astra
2766 3094 2916 3147 vero,
2959 3096 3084 3151 qua
3140 3084 3424 3158 hucusque
3463 3090 3582 3147 fere

2004 3168 2312 3233 latitabant,
2362 3181 2417 3227 et
2470 3172 2624 3242 plura
2663 3183 2719 3228 et
2750 3174 2959 3244 majora
3004 3186 3059 3231 et
3090 3180 3346 3235 suaviora
3376 3194 3433 3237 et
3474 3187 3583 3240 mi—

2004 3263 2254 3316 cantiora
2286 3274 2589 3319 cernuntur
2623 3282 2638 3319 :
2672 3264 2867 3320 lucifer
2904 3276 3088 3323 autem
3122 3278 3178 3324 et
3214 3273 3357 3327 mole
3383 3276 3581 3343 major,

2003 3365 2059 3411 et
2085 3357 2269 3427 specie
2294 3358 2596 3428 pulchrior.
2625 3367 2682 3413 ct
2708 3358 3001 3415 altitudine
3024 3363 3334 3431 sublimior,
3376 3378 3430 3421 et
3461 3368 3582 3424 visu

2006 3448 2241 3512 dulcior,
2270 3458 2325 3504 et
2369 3466 2592 3505 accessu
2623 3451 2923 3520 jucundior
2952 3456 3149 3509 evasit.
3183 3454 3340 3512 Nunc
3387 3470 3444 3514 et
3467 3461 3586 3514 dies

2006 3543 2224 3612 quidem
2260 3542 2381 3597 luce
2417 3544 2677 3611 abundat,
2707 3546 3050 3616 chorumque
3076 3549 3307 3604 adornat
3335 3552 3434 3615 illi.
3462 3570 3587 3623 qua:

2007 3632 2177 3687 solem
2213 3632 2392 3701 parit;
2427 3649 2535 3687 nos
2570 3648 2697 3689 vero
2730 3635 2934 3690 recedit
2961 3644 3090 3691 ante
3128 3638 3424 3708 dominam,
3463 3658 3589 3713 que

2007 3726 2240 3795 primam
2293 3724 2441 3778 illam
2489 3734 2543 3779 et
2588 3726 2909 3782 creatricem
2969 3738 3020 3783 et
3062 3740 3349 3786 venustam
3411 3735 3586 3790 lucem

2007 3815 2062 3870 in
2097 3826 2255 3870 utero
2298 3826 2495 3887 gestat.
2532 3816 2687 3872 Nunc
2717 3829 2772 3873 et
2816 3834 2911 3873 aer
2941 3821 3129 3876 mitior
3160 3824 3326 3879 simul
3354 3840 3419 3881 ac
3467 3828 3590 3881 lim-

2006 3908 2208 3977 pidior,
2244 3918 2298 3963 et
2333 3924 2502 3976 mare,
2557 3925 2664 3980 qua
2710 3910 2815 3965 late
2860 3914 3229 3983 protenditur,
3280 3921 3593 3989 tranquilli-

2010 3999 2139 4054 tatis
2188 4008 2274 4054 est
2329 4000 2768 4073 deiiciarumque
2813 4004 3058 4084 pelagus,
3106 4016 3163 4061 et
3220 4016 3368 4064 tutus
3412 4013 3587 4076 orbis.

2011 4101 2155 4147 terra
2187 4108 2380 4162 nempe
2408 4094 2618 4163 pridem
2645 4095 2885 4161 deserta,
2919 4114 3067 4154 nunc
3099 4099 3296 4156 ﬂorum
3328 4116 3587 4160 venusta-

2011 4193 2100 4238 tur
2151 4185 2332 4255 copia,
2392 4186 2689 4256 herbisque
2730 4189 2969 4260 undique
3020 4192 3267 4258 Virescit,
3315 4204 3372 4249 et
3409 4198 3589 4251 modis

2012 4277 2291 4339 erunibus,
2324 4287 2601 4346 pratorum
2641 4279 2962 4352 fragrantia,
2995 4284 3181 4338 avium
3219 4298 3407 4352 cantu,
3441 4288 3590 4344 Iron-

335 4377 559 4429 σπονδαὶ⁵
592 4377 685 4427 καὶ
741 4373 982 4443 μαλακαὶ
1020 4371 1275 4441 ζεφύρων
1302 4370 1487 4440 φοραὶ,
1534 4370 1629 4423 καὶ
1662 4370 1781 4440 ῥοαὶ
1806 4384 1906 4438 πο·
1934 4374 1984 4433 D
2010 4368 2127 4422 deis
2173 4369 2481 4437 plantarum
2536 4373 2744 4437 comis,

1978 4368 2127 4422 ideis
2173 4369 2481 4437 plantarum
2536 4373 2744 4437 comis,
2799 4374 3217 4431 inanimantium
3271 4394 3454 4435 rerum
3496 4382 3589 4452 ju-

332 4470 524 4535 ταμών
551 4466 773 4534 πραεῖαι
796 4505 809 4527 ,
841 4463 937 4515 καὶ
978 4463 1151 4533 πηγαὶ
1179 4461 1388 4531 ψυχραί
1414 4478 1471 4513 τε
1503 4461 1598 4513 καὶ
1642 4460 1903 4527 καθαραὶ,

334 4554 428 4604 καὶ¹
456 4548 578 4621 ἦχοι
624 4552 909 4621 ῥευμάτων
940 4551 1159 4620 ἥμεροι.
1204 4550 1318 4601 Νῦν
1356 4550 1449 4601 xai.
1485 4550 1645 4616 φύσις
1689 4549 1784 4619 ὅλη
1816 4549 1905 4601 τὸν

334 4646 492 4697 τόκον
543 4645 618 4706 ὡς
672 4644 843 4712 δῶρον
896 4645 960 4713 τῇ
1010 4642 1199 4715 νύμφῃ
1238 4641 1459 4705 δίδωσι,
1490 4641 1584 4695 καὶ
1617 4643 1767 4695 πᾶσα
1810 4641 1909 4712 μὲν

336 4736 537 4804 πτηνὴ,
572 4736 720 4787 πᾶσα
759 4736 815 4788 δὲ
864 4734 1057 4803 νηκτὴ,
1100 4736 1247 4787 πᾶσα
1276 4734 1330 4787 δὲ
1367 4735 1461 4786 καὶ
1504 4732 1647 4803 πεζὴ
1673 4734 1909 4801 γένεσις,

337 4830 370 4899 ἡ
405 4828 503 4896 μὲν
531 4827 880 4895 προέρχεται,
904 4828 937 4893 ἡ
967 4826 1024 4879 δὲ
1046 4826 1458 4893 ἐπαγγέλλεται,
1490 4828 1523 4896 ή
1551 4826 1605 4878 δὲ
1628 4827 1912 4896 τρέφεται,

339 4926 373 4992 ὴ
414 4924 457 4975 δ’
494 4922 617 4993 ἄρτι
651 4920 741 4973 καὶ
780 4919 1139 4989 κεκρυμμένη
1176 4919 1459 4987 φαίνεται·
1494 4921 1561 4971 τὰ
1599 4921 1697 4989 μὲν
1731 4921 1807 4982 ὡς
1846 4923 1910 4974 ὲκ

340 5015 600 5082 θαλάμων
626 5012 970 5077 ἐπιφαίνεται
992 5011 1099 5063 τῶν
1126 5010 1298 5079 ὀρῶνο
1334 5011 1405 5063 τὰ
1434 5012 1490 5064 δὲ
1525 5012 1597 5074 ὡς
1632 5013 1695 5063 ὲκ
1724 5012 1910 5079 τάφων

338 5107 445 5160 τῶν
472 5106 619 5157 ὀπῶν
648 5104 1005 5172 ἀναφαίνεται
1033 5121 1046 5135 ο
1090 5106 1159 5172 τὰ
1195 5104 1293 5173 μὲν
1331 5104 1408 5173 τῷ
1433 5104 1614 5174 γάμῳ,
1647 5104 1714 5156 τὰ
1746 5105 1800 5157 δὲ
1836 5104 1913 5174 τῷ

339 5201 483 5268 τόκῳ
508 5199 792 5267 τέρπεται,
833 5197 985 5266 κοινῇ
1012 5197 1068 5249 δὲ
1109 5197 1288 5249 πάντα
1317 5198 1533 5258 πάντως
1567 5196 1750 5266 κοινὴν
1790 5199 1914 5267 ὲορ-

338 5292 437 5359 τὴν
463 5292 655 5357 ἄγουσι
692 5289 787 5341 καὶ
829 5288 1046 5359 ᾄδουσιν
1068 5330 1083 5354 ,
1126 5290 1185 5340 οὐ
1221 5289 1316 5357 τὴν
1349 5288 1739 5359 δημιουργίαν,
1788 5291 1913 5358 ἐμοὶ

339 5384 516 5435 δοκεῖν
541 5423 555 5445 ,
604 5381 855 5433 τοσοῦτον
888 5382 987 5448 τῆς
1024 5382 1253 5443 κτίσεως
1277 5421 1291 5443 ,
1323 5381 1404 5432 ὅτι
1450 5382 1543 5432 καὶ
1575 5381 1716 5433 κατὰ
1752 5371 1909 5435 ’τόνδε

338 5472 429 5522 τὸν
452 5470 643 5539 καιρὸν
670 5470 877 5538 ὑπέστη
901 5470 962 5520 τὸ
983 5471 1112 5533 πᾶν,
1142 5469 1275 5523 ἀλλά
1311 5470 1404 5521 καὶ
1427 5470 1525 5539 τὴν
1558 5474 1909 5543 καινουργίαν

336 5566 438 5633 τῆς
475 5564 749 5632 ἡμετέρας
781 5562 1012 5629 φύσεως.

2010 4460 2191 4515 eundo
2244 4474 2489 4531 aspectu,
2533 4475 2586 4519 et
2635 4467 2999 4522 animantium
3042 4467 3299 4539 tripudiis
3329 4472 3582 4529 oblectat.

2012 4555 2169 4609 Nune
2194 4566 2247 4610 et
2269 4568 2459 4627 pacata
2493 4567 2807 4628 tempestas,
2844 4568 2900 4614 et
2928 4560 3197 4615 elementa
3227 4574 3351 4633 apte
3379 4574 3586 4635 tempe-

2016 4659 2152 4712 rata,
2190 4659 2243 4703 et
2283 4650 2427 4704 venti
2461 4650 2698 4704 molliter
2750 4651 3073 4715 lambentes,
3104 4662 3158 4707 et
3206 4656 3427 4726 zephyri
3460 4673 3589 4712 sua-

2013 4741 2151 4795 viter
2177 4742 2470 4810 spirantes,
2515 4749 2571 4796 et
2614 4741 2839 4796 ﬂumina
2871 4742 3084 4813 placide
3118 4743 3490 4812 decurrentia,
3536 4760 3592 4804 et

1975 4831 2195 4887 -l'ontes
2236 4833 2493 4902 frigidum
2550 4834 2945 4905 limpidumque
2996 4835 3213 4891 laticem
3267 4848 3589 4903 manantes.

2014 4937 2071 4982 et
2128 4928 2225 4982 rivi
2282 4929 2476 4983 leniter
2529 4940 2815 4998 sonantes.
2877 4930 3032 4985 Nunc
3086 4941 3279 4987 natura
3338 4935 3592 4990 universa

2017 5020 2259 5073 sobolem
2318 5034 2472 5073 suam
2507 5037 2605 5076 ceu
2661 5024 2862 5077 donum
2894 5038 3112 5092 sponsas
3164 5023 3408 5091 profers;
3448 5042 3596 5081 nunc

2017 5112 2197 5167 omnis
2227 5113 2547 5174 voiatiiium,
2586 5114 2766 5167 omnis
2798 5115 3106 5169 natantium
3138 5155 3154 5181 ,
3204 5118 3383 5171 omnis
3422 5124 3593 5171 terre-

2023 5202 2217 5256 strium
2248 5202 2579 5271 procreatio.
2631 5212 2684 5256 et
2715 5204 2821 5273 alia
2866 5204 3086 5273 quidem
3118 5205 3296 5273 proles
3328 5206 3383 5259 in
3416 5207 3591 5260 lucem

2020 5295 2218 5362 prodit,
2273 5295 2377 5347 alia
2408 5295 2767 5363 promittitur,
2825 5296 2928 5349 alia
2966 5298 3227 5357 nutritur.
3264 5298 3393 5360 alia,
3429 5301 3593 5366 paulo

2020 5395 2143 5439 ante
2176 5386 2353 5440 adhuc
2385 5387 2728 5451 abscondita,
2770 5404 2828 5443 se
2863 5388 3178 5445 manifestat
3208 5408 3222 5445 :
3269 5392 3394 5445 hinc
3426 5393 3593 5461 veluti

2018 5492 2048 5531 e
2081 5478 2333 5531 thalamis
2368 5492 2534 5548 super
2585 5490 2797 5534 montes
2827 5490 3112 5550 apparent,
3147 5483 3270 5537 inde
3293 5498 3323 5537 a
3369 5482 3596 5539 forami-

1982 5569 2179 5623 "niitus
2220 5569 2383 5622 veluti
2418 5585 2447 5623 a
2496 5571 2763 5641 sepulcris
2816 5581 3136 5644 erumpunt,
3182 5575 3333 5649 illinc
3364 5577 3592 5646 nuptiis,

340 5658 423 5708 vei
480 5665 636 5725 partu
672 5656 927 5724 gaudent,
964 5666 1018 5709 et
1064 5670 1292 5724 prorsus
1356 5658 1539 5711 omnia
1591 5672 1937 5713 communem
1982 5660 2145 5713 simul
2176 5673 2343 5728 agunt
2409 5662 2835 5727 solemnitatem,
2888 5673 2943 5718 et
2982 5680 3182 5719 canora
3219 5681 3349 5720 voce
3393 5682 3592 5721 conce-

343 5753 551 5806 lebrant
592 5767 697 5803 non
727 5752 968 5821 quidem,
1039 5762 1096 5805 ut
1144 5753 1275 5805 mihi
1358 5755 1587 5815 videtur.
1644 5771 1823 5809 rerum
1895 5761 2141 5811 omnium
2179 5761 2561 5813 tantummodo
2613 5762 2943 5817 creationem
3000 5754 3167 5831 '(nam
3221 5773 3273 5817 et
3328 5765 3427 5819 hoc
3466 5768 3594 5833 anni

343 5855 584 5914 tempore
619 5844 799 5896 omnia
848 5846 1024 5896 creata
1058 5847 1226 5903 sunt),
1262 5844 1354 5896 sed
1395 5848 1530 5897 liam-
1564 5863 1779 5916 quoque
1813 5858 2018 5904 naturae
2056 5858 2254 5903 nostrae
2291 5850 2720 5905 rcnovationem.
3462 5852 3467 5861 “

660 5938 924 5997 1)Ατιιοι,,
973 5938 1090 5994 Gn.
1136 5938 1289 5996 t‘.\'l.

3067 5946 3145 6003 27
