4252 6436
739 375 846 439 843

1985 365 2308 426 JOANNIS
2347 367 2782 428 GEOMETll/E

3882 367 3992 431 844

809 482 1047 538 XXXIV.
1096 483 1172 538 Ita
1223 496 1355 536 sane
1382 478 1564 534 omnis
1618 487 1847 541 natura,
1901 490 1964 530 ac
2009 492 2096 530 res
2127 491 2316 530 omnes
2348 484 2390 536 Α

2348 484 2390 536 Α
2491 476 2610 531 AA'.
2659 479 2798 531 Ἀλλ’
2828 475 2975 531 οὕτω
3007 478 3108 548 μὲν
3127 477 3290 547 φύσις
3313 477 3408 550 ὀλη
3441 477 3534 530 καὶ
3562 478 3737 540 κτίσις
3767 479 3866 549 ὅλη
3893 482 3995 533 καὶ

736 587 934 633 creata:
979 589 1032 632 et
1068 580 1309 631 salutant
1342 590 1486 636 eam,
1525 589 1647 642 quae
1693 572 1912 626 caelitus
1946 572 2180 624 salutata
2208 579 2314 634 est,

735 685 788 727 et
852 673 1026 726 laudis
1083 670 1351 723 tributum
1406 669 1482 722 illi
1543 667 1897 738 persolvunt,
1951 680 2074 736 qua:
2131 665 2316 718 omnia

736 773 1040 832 portantem
1091 769 1294 830 portat.
1335 758 1477 826 Quid
1525 775 1655 813 vero
1697 760 1843 814 nos?
1876 773 2006 812 num
2045 771 2178 812 vero
2212 756 2315 811 soli

737 857 792 907 in
837 855 940 906 hoc
981 853 1188 906 tributo
1224 851 1488 905 solvendo
1528 850 1690 921 pigri,
1725 861 2006 917 segreges,
2036 855 2092 901 et
2119 845 2316 916 ingrati

736 943 1167 1014 apparebimus?
1201 943 1310 998 Seu
1341 945 1527 1007 etiam,
1559 956 1853 1012 quamnam
1885 941 2102 995 demum
2133 947 2319 1010 gratu-

736 1035 992 1089 lationem
1023 1049 1087 1089 ac
1119 1050 1317 1090 munus
1351 1035 1452 1103 ipsi
1503 1033 1817 1096 aﬂ‘eremus,
1851 1045 2167 1101 quanquam
2200 1045 2320 1100 grao

737 1128 827 1182 tiis
878 1127 1063 1197 potius
1116 1127 1197 1182 sic
1246 1126 1667 1196 locupletemur,
1716 1139 1882 1194 quam
1915 1122 2194 1193 quidpiam
2242 1120 2317 1175 illi

737 1218 1081 1272 tribuamus?
1136 1218 1200 1271 Et
1252 1217 1653 1285 gratulabimur
1706 1215 1970 1283 profecto,
2023 1223 2078 1267 et
2119 1213 2316 1267 oil‘ere-

735 1326 900 1376 tnus;
932 1309 1024 1364 sed
1056 1307 1186 1378 quid
1235 1309 1494 1376 amplius,
1521 1322 1684 1374 quam
1713 1307 1858 1359 httnc
1894 1306 2072 1373 ipsum
2109 1319 2318 1357 sermo-

737 1417 884 1463 nem,
918 1415 1078 1469 quem
1111 1408 1164 1453 et
1208 1399 1318 1470 jam
1356 1398 1681 1460 obtulimus,
1715 1413 1810 1451 seu
1849 1397 2031 1467 potius
2060 1412 2221 1466 quem
2260 1397 2313 1449 in

735 1503 1085 1548 antecessum
1131 1509 1160 1546 a
1201 1493 1369 1548 verbo
1420 1493 1612 1547 matris
1662 1492 1774 1560 jam
1812 1490 2144 1545 retulimus?
2179 1487 2314 1542 Nam

739 1587 882 1641 hunc
919 1602 1138 1656 quoque
1189 1597 1474 1656 acceptum
1527 1585 1604 1638 illi
1655 1584 1944 1638 referimus
1978 1582 2141 1637 simul
2189 1595 2314 1636 cum

2417 571 2728 637 προσφωνεί
2749 567 2847 638 τὴν
2876 569 3362 639 προσφωνηοεῖσαν
3387 567 3594 621 ἄνωθεν
3616 584 3629 596 ·
3661 569 3755 621 καὶ
3779 587 3994 622 συνεισο

2415 659 2572 729 φέρει
2605 660 2669 728 τῇ
2719 658 2961 729 φερούσῃ
2987 659 3078 711 τὸν
3113 660 3287 713 πάντα
3317 659 3572 729 φέροντα.
3607 658 3673 712 Τί
3711 660 3755 712 δ’
3786 661 3991 729 ήμεῖς;

2415 750 2732 815 ἀσυντελεῖς
2759 750 3020 820 ὀφθῶμεν
3049 750 3202 821 μόνοι
3227 752 3323 806 κα)⁵
3346 751 3704 821 ἀκοινώνητοι
3735 751 3832 804 καλ⁵
3851 751 3996 820 ἀχά-

2420 861 2629 914 ριστοι;
2655 844 2691 917 ἢ
2722 845 2775 898 τί
2799 844 2894 897 καὶ
2916 843 3411 914 πφσφθεγξόμεθα
3438 844 3533 898 καὶ
3561 845 3997 914 συνεισοίσομεν,

2417 941 2512 992 καὶ
2553 937 2907 1010 χαρισθῶμεν
2954 938 3154 1008 μᾶλλον
3186 938 3219 1007 ἢ
3250 937 3588 1010 χαριούμεθα
3614 954 3629 1003 ;
3681 938 3792 990 Καὶ
3818 954 3998 1008 προσ-

2421 1031 2776 1100 φθεγξόμεθα
2813 1030 3015 1102 δηλαδὴ
3055 1031 3148 1082 καὶ
3176 1030 3584 1099 συνεισοίσομεν
3603 1045 3620 1061 ο
3651 1029 3705 1081 τί
3723 1029 3781 1081 δὲ
3809 1028 3999 1090 πλέον,

2425 1123 2458 1193 ἢ
2483 1123 2575 1176 τὸν
2595 1123 2774 1191 λόγον,
2797 1122 2857 1176 ὀν
2889 1123 2984 1176 καὶ
3010 1121 3110 1193 ἥδη
3133 1121 3653 1192 συνεισηνέγκαμεν,
3683 1119 3886 1192 μᾶλλον
3915 1120 4000 1183 δὲ,

2417 1215 2476 1268 ὃν
2507 1217 2601 1270 καὶ
2628 1216 2728 1287 ἤδη
2755 1214 2851 1268 τοῦ
2880 1215 2982 1284 τῆς
3008 1213 3230 1288 Μητρὸς
3263 1215 3437 1283 Λόγου
3456 1214 4002 1287 προαπηνέγκαμενς

2417 1308 2540 1359 ἐπεὶ
2569 1308 2664 1360 καὶ
2697 1301 2850 1367 οὗτος
2883 1309 3016 1376 ἡμῖν
3045 1310 3108 1360 ἐκ
3155 1305 3360 1379 ταύτης
3391 1309 3528 1376 μετά
3551 1324 3616 1374 γε
3663 1306 3772 1358 τῶν
3795 1306 4001 1366 ἄλλων,

2417 1394 2492 1453 ὧν
2514 1417 2571 1452 τε
2612 1399 2706 1453 νῦν
2741 1400 2934 1468 ἔχομεν
2978 1399 3219 1466 ἀγαθῶν,
3250 1399 3343 1452 καὶ
3377 1392 3452 1451 ῶν
3471 1397 3666 1468 ἕξομεν
3687 1414 3701 1427 ·
3747 1396 3910 1464 ὀλίγα
3936 1396 4005 1464 δὴ

2418 1489 2776 1552 τελευτῶντες
2799 1487 3396 1558 καὶπροσφθεγξόμεθα
3429 1490 3523 1542 καὶ
3541 1488 3718 1559 ψυχὴν
3751 1487 3870 1558 ἅμα
3908 1488 4007 1540 καὶ

2421 1579 2714 1661 φωνὴνκαῖ
2729 1581 2904 1648 στόμα
2918 1580 3010 1632 καὶ
3023 1579 3180 1646 λόγον
3191 1581 3255 1632 ὲκ
3270 1579 3373 1648 τῆς
3392 1581 3611 1648 μνήμης
3625 1577 4005 1648 ἁγιαζόμενοι.

736 1680 859 1734 aliis
894 1680 1074 1742 bonis,
1119 1689 1232 1733 tum
1278 1695 1400 1749 quae
1433 1679 1502 1733 ab
1543 1679 1658 1747 ipsa
1700 1677 1814 1746 jam
1861 1676 2152 1740 habemus,
2200 1684 2314 1729 tum
2347 1690 2471 1743 qua:
2514 1673 2748 1726 habituri
2801 1689 3016 1728 sumus.
3045 1672 3234 1728 Finem
3268 1673 3432 1743 igitur
3481 1671 3694 1727 dicendi
3736 1671 4008 1726 facientes

739 1788 872 1840 pura
900 1783 1076 1825 mente
1096 1771 1258 1825 simul
1303 1779 1356 1824 et
1389 1785 1520 1825 voce
1548 1779 1603 1824 et
1634 1783 1730 1823 ore
1759 1778 1812 1823 et
1835 1783 2088 1822 sermone
2109 1782 2306 1838 pauca,
2349 1777 2512 1835 prout
2542 1775 2875 1821 succurrunt
2900 1767 3105 1830 animo,
3136 1764 3504 1820 acclamantes
3529 1764 3819 1818 addamus.

811 1863 1023 1917 XXXV.
1067 1864 1198 1925 Ave,
1233 1863 1431 1932 puella,
1464 1873 1639 1917 mater
1684 1861 1866 1926 Verbi,
1889 1878 1952 1918 ac
1986 1863 2163 1932 primo
2195 1863 2314 1932 qui-
2352 1874 2391 1928 Β
2457 1887 2473 1903 ο

2352 1874 2391 1928 Β
2457 1859 2614 1914 οΔΕ’.
2641 1861 2833 1930 Χαῖρε,
2861 1859 3035 1932 Κόρη,
3065 1860 3126 1914 τὸ
3148 1859 3292 1930 μέγα
3316 1858 3524 1928 θαῦμα,
3553 1857 3648 1911 τοῦ
3672 1858 3847 1926 Λόγου
3887 1859 4011 1928 Μῆ-

738 1953 860 2005 dem
892 1953 1038 2006 illius
1061 1950 1242 2016 Verbi,
1263 1954 1404 2020 quod
1425 1951 1752 2007 conditiOnis
1777 1951 2148 2014 esthumanze,
2170 1950 2317 2005 illius

741 2046 962 2109 deinde,
994 2045 1135 2113 quod
1170 2054 1380 2098 natura:
1428 2053 1629 2098 nostra:
1663 2042 2049 2111 supereminet.
2091 2041 2154 2097 Et
2191 2056 2324 2098 sane

740 2138 872 2190 nihil
896 2137 1106 2190 exstitit
1136 2150 1398 2204 unquam,
1427 2134 1567 2204 quod
1591 2149 1702 2204 pra:
1729 2143 1801 2198 te,
1827 2134 1944 2187 sive
1969 2133 2096 2186 dunt
2124 2128 2322 2202 profer-

742 2247 830 2284 res
851 2211 1091 2283 Verbum
1117 2231 1228 2283 sive
1259 2239 1550 2298 antequam
1579 2226 1871 2298 proferres,
1899 2227 2202 2296 sapientius
2229 2227 2324 2280 ha-

743 2322 857 2375 beri
888 2332 1072 2390 queat.
1108 2332 1160 2374 et
1187 2321 1387 2374 exinde
1421 2320 1554 2374 nihil
1597 2321 2070 2374 accommodatum
2109 2319 2320 2389 magis;

745 2425 912 2484 atque
965 2414 1034 2467 ita
1093 2411 1215 2467 Eva:
1277 2412 1576 2466 remedium
1632 2414 1875 2478 evasisti,
1917 2412 2321 2481 sapientissima

750 2522 946 2575 nrmpe
977 2505 1516 2574 imprudentissitnze.
1552 2505 1609 2559 Id
1651 2521 1814 2574 porro
1870 2515 1924 2559 et
1954 2503 2194 2559 Verbum
2236 2514 2320 2558 te-

744 2609 942 2658 statur,
963 2599 1056 2667 qtti
1101 2598 1232 2661 te,iu
1267 2613 1373 2666 qua
1410 2598 1759 2663 inhabitaret,
1791 2599 1987 2668 elegit;
2017 2607 2246 2653 testatur
2270 2608 2323 2650 ct

748 2702 838 2742 tua
869 2699 995 2743 ante
1035 2703 1248 2757 parturn
1280 2688 1473 2758 agendi
1506 2690 1665 2754 ratio,
1692 2692 1994 2759 praesertim
2029 2706 2156 2744 vero
2177 2689 2322 2760 quod

747 2798 923 2850 neque
958 2783 1218 2851 angelicis
1272 2784 1450 2837 verbis
1491 2793 1541 2837 te
1577 2783 1749 2853 abripi
1807 2798 1966 2852 passa
2002 2783 2191 2846 luet-is,
2226 2796 2324 2836 ne-

744 2891 850 2943 que
883 2873 957 2927 ob
1001 2883 1108 2927 tant
1148 2873 1400 2927 sublitnia
1439 2874 1633 2928 deinde
1683 2875 1939 2944 mysteria
1971 2873 2316 2938 intumueris,

746 2982 934 3021 verum
966 2982 1120 3036 teque
1152 2968 1475 3036 prudentem
1509 2978 1561 3023 te
1590 2978 1643 3022 et
1677 2979 1973 3039 antequam
2005 2969 2320 3039 conciperes

744 3075 798 3116 et
833 3069 1114 3131 postquam
1155 3060 1475 3128 concepisti,
1505 3062 1831 3117 ostenderis.
1867 3060 2007 3127 Quid
2057 3077 2184 3115 vero
2217 3078 2314 3115 vo-

747 3153 971 3224 luptatis
1002 3161 1260 3223 praeterea
1290 3152 1656 3221 cognitionem
1688 3166 2130 3216 commemorem,
2156 3167 2320 3221 quam

2423 1970 2546 2024 τερ,
2584 1954 2852 2024 πρότερον
2886 1953 2986 2023 μὲν
3015 1953 3112 2006 τοῦ
3152 1951 3275 2006 καθ’
3323 1953 3490 2024 ἡμᾶς,
3542 1951 3769 2022 ὕστερον
3809 1951 3869 2003 δὲ
3912 1954 4011 2002 καὶ

2423 2043 2518 2101 τοῦ
2571 2044 2711 2118 ὑπὲρ
2758 2047 2926 2115 ἡμᾶς.
2967 2045 3134 2099 Οὐδὲν
3181 2044 3288 2116 γὰρ
3321 2044 3383 2097 τὸ
3425 2044 3616 2114 φανὲν,
3657 2043 3684 2096 ὃ
3711 2060 3767 2095 τι
3801 2041 3898 2095 σού
3931 2041 4011 2112 τῷ

2423 2135 2584 2205 Λόγῳ
2618 2136 2710 2188 καὶ
2751 2136 2858 2205 πρὸ
2886 2134 2980 2189 τοῦ
3009 2136 3183 2204 Λόγου
3225 2135 3555 2206 σοφώτερον,
3590 2132 3744 2187 ἐνθεν
3787 2134 3903 2186 οὐδ’
3929 2137 4009 2185 οἰ-

2424 2228 2722 2298 κειότερονσ
2783 2229 2877 2282 καὶ
2924 2227 3068 2280 οὕτω
3099 2228 3366 2299 προῆλθες
3403 2225 3547 2290 Εὔας
3578 2226 3640 2280 τὸ
3687 2227 4009 2296 φάρμακον,

2424 2318 2526 2388 τῆς
2557 2320 2932 2391 ἀφελεστάτης
2973 2322 3007 2391 ἡ
3040 2321 3354 2391 σοφωτάτη.
3387 2320 3497 2374 Καὶ
3528 2319 3689 2372 τοῦτο
3734 2322 4013 2390 μαρτυρ;ῖ

2428 2414 2526 2484 μὲν
2562 2413 2658 2467 καὶ
2688 2415 2717 2466 ὀ
2748 2416 2942 2483 κρίνας
2971 2417 3066 2468 καὶ
3095 2415 3385 2484 ὲνοικήσας
3413 2431 3496 2467 σοι
3516 2413 3707 2482 Λόγοςο
3736 2415 4014 2483 μαρτυρεῖ

2425 2502 2482 2556 δὲ
2517 2507 2610 2558 καὶ
2650 2509 2679 2558 ὀ
2710 2506 2800 2569 σὸς
2840 2506 2946 2577 πρὸ
2975 2506 3070 2559 τοῦ
3101 2507 3262 2561 τόκου
3303 2507 3525 2578 τρόπος,
3558 2505 3682 2560 οὔτε
3720 2524 4011 2577 συναρπαο

2425 2601 2543 2671 γεὶς
2589 2601 2999 2671 ἀρχαγγελικῆς
3049 2603 3143 2654 καὶ
3189 2598 3362 2654 ταῦτα
3414 2601 3527 2663 τοῖς
3559 2601 3822 2670 ῥήμασιν,
3881 2598 4008 2652 οὔτε

2427 2692 2693 2762 φυσηθεὶς
2740 2693 3003 2762 ἀρρήτοις
3036 2691 3181 2747 οὕτω
3209 2692 3305 2745 καὶ
3338 2692 3476 2761 μετά
3518 2692 3689 2745 ταῦτα
3714 2693 3830 2754 τοῖς
3860 2693 4009 2761 πρα-

2426 2799 2656 2854 γμασινο
2691 2785 2803 2837 ἀλλ’
2832 2784 3028 2854 ἐπίσης
3064 2787 3253 2852 φανεὶς
3287 2786 3383 2838 καὶ
3414 2785 3520 2854 πρὸ
3548 2785 3648 2854 τῆς
3686 2783 4009 2854 συλλήψεως

2427 2876 2675 2946 ἀσφαλὴς
2713 2877 2809 2929 καὶ
2860 2878 2997 2945 μετὰ
3041 2876 3139 2946 τὴν
3175 2875 3461 2945 σύλληψιν.
3497 2875 3564 2928 Τί
3611 2875 3666 2928 δὲ
3710 2877 3807 2928 καὶ
3841 2879 3874 2945 ἠ
3911 2877 4009 2941 τῆς

2427 2969 2623 3038 ἡδονῆς
2655 2968 2878 3035 γνῶσις,
2913 2970 2978 3039 ἢν
3007 2971 3039 3037 ἡ
3068 2969 3339 3039 παρθένος
3381 2969 3481 3023 οὐκ
3508 2970 3770 3038 ἔσχηκας,
3799 2969 3834 3039 ἢ
3868 2969 4011 3039 τᾶχα

2427 3062 2526 3130 οὐχ
2546 3063 2579 3131 ἡ
2603 3062 2766 3128 πεῖρα
2797 3060 2976 3129 μόνον,
3004 3060 3116 3113 ἀλλ’
3141 3059 3252 3112 οὐδ’
3279 3061 3312 3130 ἡ
3342 3060 3528 3129 ἔφεσις
3551 3078 3567 3126 ;
3592 3059 3736 3113 οὕτω
3767 3077 3865 3113 σου
3894 3060 4004 3113 τῶν

2429 3150 2706 3220 λογισμῶν
2736 3151 2798 3203 τὸ
2831 3153 3115 3222 κριτήριον
3144 3151 3354 3222 ἔρρωτο
3401 3152 3460 3205 ὲν
3496 3149 3691 3222 ἀπαλῷ
3738 3152 3834 3204 καὶ
3863 3151 4014 3221 καλῷ

745 3247 903 3315 virgo
955 3247 1276 3317 persensisti
1326 3259 1633 3316 nunquam,
1667 3258 1764 3300 seu
1799 3245 1980 3313 potius
2012 3259 2176 3315 quam
2213 3259 2320 3299 non
2349 3226 2391 3284 ο

1799 3245 1980 3313 potius
2012 3259 2176 3315 quam
2213 3259 2320 3299 non
2349 3226 2391 3284 ο
2431 3246 2525 3300 καὶ
2555 3244 2729 3316 νεαρῷ
2761 3246 2855 3298 καὶ
2883 3245 3055 3298 ταῦτα
3092 3244 3171 3314 τῷ
3210 3245 3445 3315 σώματι.

748 3339 913 3393 modo
945 3347 1171 3406 esperta
1207 3351 1488 3407 nunquam
1518 3352 1601 3400 es,
1629 3335 1723 3391 sed
1755 3337 1912 3405 cujus
1945 3351 2016 3391 ne
2084 3336 2363 3391 levissimo
2437 3337 2659 3406 quidem
2713 3337 2983 3391 desiderio
3050 3336 3338 3421 sollicitata
3388 3335 3578 3390 fuisti?
3616 3336 3767 3391 Adeo
3819 3350 4014 3408 nempe

748 3440 905 3483 tuutn
944 3430 1144 3486 mentis
1178 3428 1444 3499 judicium
1477 3428 1640 3483 etiam
1670 3429 1726 3484 in
1779 3437 1830 3484 te
1861 3428 2060 3483 tenello
2088 3428 2318 3500 pulchro
2354 3437 2408 3483 et
2432 3429 2664 3500 juvenili
2735 3443 2964 3498 corpore
3004 3430 3203 3484 invicte
3233 3430 3581 3499 praevalebat.

819 3519 1060 3575 XXXVI.
1081 3521 1339 3589 Ave,qu2
1351 3518 1641 3589 disiunctis
1656 3528 1710 3573 et
1721 3517 2080 3588 impermistis
2091 3518 2264 3572 unitio
2278 3527 2332 3572 et

748 3611 1385 3680 eommistio,utrumque
1397 3610 1603 3666 scilicet
1618 3610 1884 3679 utrisque,
1902 3609 2202 3675 evasisti,et
2221 3608 2330 3662 ior-

749 3719 836 3757 ma
854 3703 930 3757 illi
953 3702 1044 3772 qui
1065 3701 1238 3757 forma
1263 3710 1434 3765 caret,
1448 3707 1501 3754 et
1519 3713 1774 3753 mensura
1793 3697 1841 3751 ei
1862 3698 1954 3766 qui
1973 3697 2175 3750 nullam
2195 3704 2328 3750 tem.

751 3797 898 3866 poris
917 3809 1229 3849 mensuram
1255 3793 1482 3857 novit,et
1503 3793 1658 3846 sinus
1673 3792 1720 3844 ei
1737 3791 1830 3860 qui
1851 3790 2150 3844 immensus
2162 3798 2246 3843 est
2264 3801 2329 3840 ac

749 3889 905 3942 sedes
937 3887 1011 3940 illi
1039 3885 1294 3954 [uistiqui
1315 3884 1460 3944 nulla
1488 3882 1615 3937 sede
1643 3881 1931 3950 excipitur.
1963 3881 2097 3946 Ave,
2131 3894 2164 3934 ο
2193 3879 2325 3934 sub—

751 3981 932 4033 ιιιιιίοι·
988 3977 1248 4038 ’Πιι-οιιιε,
1290 3975 1583 4031 Cherubitn
1618 3974 1940 4045 sapientior,
1968 3983 2020 4028 et
2042 3971 2327 4043 Seraphim

753 4070 1157 4133 natntuantior;
1190 4084 1220 4122 ο
1266 4069 1488 4138 quibus,
1535 4068 1765 4121 aliorum
1818 4066 2033 4135 quidem
2085 4074 2331 4134 gestatur

753 4161 998 4216 humeris
1021 4160 1113 4230 qui
1134 4168 1313 4229 portat
1335 4159 1545 4221 omnia,
1563 4159 1812 4227 exiguam
1836 4157 2076 4226 aliquam
2105 4157 2332 4226 largitur

751 4253 874 4308 a|iis
925 4251 1237 4317 scientiam,
1273 4251 1398 4305 aliis
1447 4259 1628 4304 autem
1681 4247 2063 4303 absconditum
2124 4247 2327 4316 ignem,

752 4351 1019 4401 tto-Nero
1054 4344 1272 4412 plenum
1303 4341 1530 4407 tribuit;
1566 4340 1662 4396 tibi
1686 4355 1815 4395 vero
1843 4348 2046 4403 servat,
2073 4348 2131 4393 ιιι
2153 4348 2324 4393 ιοιιιιη

754 4432 964 4489 tadium
996 4431 1146 4485 illum
1177 4431 1620 4501 primogenitum,
1664 4439 1836 4485 totum
1871 4443 2067 4500 nempe
2092 4426 2327 4483 Verbum

2505 3515 2643 3585 AC’.
2679 3518 2874 3585 Χαῖρε,
2899 3517 3006 3569 τῶν
3026 3517 3346 3587 ἀκεράστων
3369 3517 3464 3568 καὶ
3485 3517 3732 3586 ἀμίκτων
3752 3519 3784 3588 ἡ
3815 3521 4013 3590 κρᾶσις

2433 3610 2551 3680 ἅμα
2581 3610 2674 3662 καὶ
2711 3608 2878 3678 μίξις,
2913 3611 3008 3662 καὶ
3043 3610 3370 3680 ἀμφοτέρων
3412 3611 3725 3682 ἀμφότερα,
3755 3614 4012 3682 ἀμόρφου

2431 3703 2622 3767 τύπος,
2658 3700 2892 3771 ἀχρόνου
2943 3702 3162 3772 μέτρον,
3199 3705 3425 3774 ἀπείρου
3475 3705 3698 3767 κόλπος,
3734 3706 4012 3758 ἀστέκτου

2433 3795 2640 3866 θρόνος.
2677 3793 2943 3863 Ἀνώτερε
2977 3794 3202 3865 θρόνων,
3231 3795 3504 3865 σοφώτερε
3539 3795 3849 3865 Χερουσὶμ,
3879 3798 4012 3865 φλο-

2433 3889 2643 3958 γὼτερε
2671 3887 2944 3956 Σεραφίμ·
2976 3887 3203 3941 ἐκείνων
3241 3880 3317 3940 ὧν
3342 3888 3440 3958 μὲν
3469 3887 3640 3957 ῶμοις
3668 3890 3696 3941 ὀ
3731 3889 3918 3957 φέρων
3947 3890 4014 3942 τά

2431 3979 2609 4033 πάντα
2636 3979 2892 4048 φέρεται,
2926 3972 3007 4041 οἷς
3035 3979 3093 4032 δὲ
3117 3979 3214 4048 τὴν
3247 3978 3452 4046 γνῶσιν
3487 3979 3678 4049 ὀλίγην
3700 3981 4014 4049 χαρίζεται,

2428 4065 2509 4134 οἷς
2555 4071 2612 4123 δὲ
2644 4071 2742 4140 τὴν
2792 4069 2966 4139 φλόγα
3018 4071 3551 4142 συγκεκαλυμμένην
3578 4075 3672 4125 καὶ
3702 4073 3858 4125 οὐδὲν
3885 4073 4017 4144 ὅλην

2429 4162 2754 4232 παρέχεταιο
2786 4162 2868 4214 σοὶ
2897 4162 2954 4215 δὲ
2981 4162 3078 4215 καὶ
3104 4161 3458 4234 σπλάγχνοις,
3511 4164 3607 4217 καὶ
3641 4164 3860 4232 γόνασι,
3920 4168 4010 4217 xa‘

2429 4253 2528 4324 τὴν
2557 4254 2772 4318 ἀκτῖνα,
2801 4253 3027 4325 πρώτην
3075 4256 3171 4307 καὶ
3214 4254 3366 4324 ὃλην,
3413 4256 3511 4308 καί¹
3541 4255 3630 4309 τὸν
3657 4257 3835 4323 Λόγον
3869 4257 4016 4320 ὅλον,

2435 4343 2534 4396 καὶ
2558 4345 2626 4413 τῇ
2657 4343 2856 4412 καρδίᾳ
2880 4341 3085 4414 κυούσῃ
3121 4343 3217 4396 καὶ
3243 4346 3360 4407 τοῖς
3399 4343 3603 4414 χείλεσι
3631 4345 3898 4418 τικτούσῃ
3936 4346 4016 4398 δίο

2436 4434 2566 4488 δωσι
2597 4434 3070 4498 κατασπάζεσθαι.
3103 4437 3296 4505 Χαῖρε,
3329 4435 3672 4507 φρικτοτέρα
3699 4436 4018 4501 Ἐξουσιῶν,

753 4537 866 4581 tum
907 4528 1092 4588 corde,
1123 4526 1250 4580 dum
1306 4522 1612 4578 visceribus
1663 4523 1774 4577 tuis
1825 4521 2006 4576 adhuc
2055 4522 2328 4577 inclusum
2357 4535 2410 4595 ι)

2357 4535 2410 4595 ι)
2434 4523 2778 4594 δυνατωτέρα
2800 4525 3115 4595 Δυνάμεων,
3143 4526 3452 4597 κυριωτέρα
3471 4528 3848 4596 Κυριοτὴτων,
3895 4528 4019 4598 ’Δρ-

756 4633 882 4672 eum
911 4628 1117 4687 gestas,
1151 4627 1267 4671 tum
1321 4615 1505 4681 labiis,
1535 4615 1667 4669 dum
1699 4621 1826 4683 post
1855 4623 2071 4684 partum
2107 4613 2338 4686 genibus

2435 4614 2547 4684 χῶν
2588 4614 2960 4688 ἀρχικωτέρα,
3029 4617 3415 4688 ’Δρχαγγὲλων
3456 4617 3868 4689 εὐδρομωτὲρα,
3907 4619 4019 4671 τῶν

756 4712 1082 4766 insidentem
1129 4720 1305 4774 tenes,
1335 4708 1692 4765 deosculeris.
1725 4709 1860 4772 Ave,
1895 4706 2193 4762 terribilior
2223 4705 2333 4761 Po-

757 4804 1067 4869 testatibus,
1096 4803 1369 4873 potentior
1403 4799 1725 4865 Virtutibus,
1752 4800 2128 4855 dominantior
2157 4799 2334 4855 Domi-

757 4893 1094 4957 nationibus,
1143 4891 1460 4961 principans
1508 4889 1936 4959 Principatibus,
1975 4889 2334 4961 Archaogelis

755 4983 1014 5047 velocior,
1043 4983 1299 5036 omnibus
1351 4982 1517 5037 simul
1565 4982 1775 5052 angelis
1810 4981 1977 5037 ditior
2000 4997 2065 5036 ac
2097 4982 2328 5048 beatior,

757 5085 940 5145 utpote
968 5090 1088 5144 quae
1118 5077 1226 5128 vim
1258 5074 1451 5143 agendi
1482 5074 1806 5144 quamlibet,
1840 5082 2005 5143 atque
2033 5088 2228 5129 omnes
2260 5074 2334 5128 si-

758 5166 869 5217 mul
899 5165 1149 5227 virtutes,
1178 5163 1377 5232 quibus
1405 5161 1642 5216 universi
1673 5162 1838 5216 simul
1865 5161 2087 5231 superni
2111 5161 2334 5218 ordines

756 5259 1008 5311 exornati
1065 5266 1212 5321 sunt,
1245 5264 1299 5308 tu
1331 5253 1448 5308 sola
1478 5263 1683 5309 etcum
1733 5268 1930 5322 magno
1978 5253 2198 5321 quidem
2235 5267 2332 5308 cx-

757 5361 940 5412 cessu,
972 5356 1133 5414 atque
1187 5345 1253 5400 iis
1285 5344 1449 5399 etiam
1501 5345 1714 5413 potiora
1755 5343 2024 5413 possides.
2060 5345 2196 5410 Ave,
2225 5341 2364 5399 θοι

757 5437 904 5492 mina
938 5437 1148 5492 ordinis
1200 5436 1379 5490 omnis
1427 5450 1492 5490 ac
1535 5437 1795 5501 numinis,
1833 5449 1941 5489 non
1993 5437 2156 5489 modo
2187 5435 2334 5505 quod

2445 4704 2721 4772 Ἀγγέλων
2750 4705 2890 4759 ὅλων
2933 4705 3071 4776 ὀμοῦ
3120 4707 3600 4780 πολυαρκεστέρα,
3633 4708 3820 4770 πάσας
3856 4710 4018 4778 ἐνερ-

2429 4797 2587 4864 γείας
2619 4796 2756 4866 ὀμοῦ
2809 4798 2905 4852 καὶ
2946 4798 3148 4869 ἀρετάς
3200 4800 3352 4866 ὀλας,
3392 4801 3531 4855 ὃλων
3567 4801 3704 4871 ὁμοῦ
3741 4799 3852 4853 τῶν
3906 4801 4021 4853 ἀνω

2429 4888 2639 4953 τάξεων
2666 4889 2803 4960 μόνη
2830 4891 2926 4944 καὶ
2958 4890 3079 4962 μεθ’
3105 4891 3418 4964 ὑπερϐολῆς
3440 4883 3640 4962 Ιχουσα
3671 4891 3766 4947 καὶ
3795 4892 3858 4945 τὸ
3902 4895 4021 4962 μεῖν

2431 4981 2544 5046 ζον.
2572 4983 2768 5054 Χαῖρε,
2793 4984 3060 5038 Δέσποινα
3083 4985 3284 5049 παντὸς
3305 4986 3586 5054 τάγματος
3609 4985 3702 5037 καὶ
3725 4985 4018 5055 ὀνόματος,

2431 5073 2493 5126 οὐ
2519 5072 2613 5127 νῦν
2661 5073 3067 5144 ὀνομαζομένου
3120 5075 3302 5145 μόνον.
3337 5077 3474 5130 ἀλλά
3501 5077 3597 5129 καὶ
3636 5077 3718 5138 είς
3756 5076 3852 5128 τὸν
3887 5077 4019 5146 μέλ-

2433 5164 2614 5217 λοντα·
2652 5165 2914 5237 πείθομαι
2957 5170 3089 5238 γὰρ,
3135 5169 3228 5222 καί
3269 5185 3422 5231 τινας
3464 5167 3653 5230 ἄλλας,
3701 5167 4020 5236 ἀφράστους

2433 5257 2570 5320 τέως
2601 5257 2697 5311 καὶ
2726 5259 3042 5324 ἀγνώστους
3072 5261 3226 5331 ημῖν,
3274 5262 3456 5314 ἐκεῖσε
3504 5261 3801 5330 τυγχάνειν
3849 5258 4019 5312 δυνά·

2437 5364 2581 5416 μεις,
2629 5349 2727 5401 καὶ
2772 5350 3030 5417 πείθομαι
3081 5350 3162 5421 τῷ
3213 5354 3546 5424 ἀπορρήτοις
3596 5369 3656 5405 τε
3687 5353 4019 5423 ἀρπαγέντι,

2444 5437 2538 5489 καὶ
2574 5437 3035 5510 ἀπορῤητοτέρων
3058 5441 3376 5495 ἀκούσαντι.

757 5546 904 5584 nunc
936 5531 1269 5594 nominatur,
1297 5527 1392 5582 sed
1423 5529 1567 5600 quod
1591 5538 1644 5584 et
1674 5528 1728 5583 in
1759 5537 2038 5598 posterum
2105 5528 2518 5595 nominabitur;
2580 5530 2817 5584 arbitror
2842 5532 2990 5586 enim
3055 5533 3320 5602 quasdam
3369 5531 3506 5587 alias
3556 5541 3842 5603 praeterea,
3879 5547 4021 5586 non-

754 5625 883 5675 dum
919 5623 1136 5696 nomine
1169 5636 1444 5691 quoquam
1510 5620 1865 5692 compellatas
1927 5619 2195 5690 nobisque
2266 5621 2505 5692 ignotas,
2542 5621 2652 5677 illic
2681 5637 2808 5678 esse
2856 5623 3121 5687 Virtutes,
3189 5632 3244 5678 et
3289 5623 3448 5679 ﬁdem
3486 5624 3564 5679 illi
3616 5625 3810 5690 habeo,
3843 5625 3940 5696 qui
3967 5630 4021 5682 et

758 5695 1018 5774 ittcﬂabili
1080 5717 1240 5771 modo
1269 5720 1346 5786 (in
1400 5719 1624 5791 caelum)
1660 5729 1850 5791 raptus
1893 5729 1999 5788 est,
2028 5729 2082 5776 et
2133 5733 2338 5776 arcana
2378 5718 2604 5790 audivit,
2633 5734 2758 5792 qua:
2787 5734 2899 5777 non
2923 5719 3051 5778 licet
3084 5719 3292 5777 homini
3315 5720 3464 5792 loqui
3488 5720 3556 5778 ³⁷.

827 5857 869 5891 ⁸⁷
898 5857 941 5912 ll
968 5858 1091 5912 Cor.
1129 5874 1226 5925 stt,
1265 5857 1316 5911 4.
