4252 6436
269 453 379 518 8ί5

1054 455 1310 516 SERMO
1347 457 1428 516 IN
1469 457 1575 520 SS.
1617 458 1972 517 DEIPAR/E
2015 459 2734 522 .-\NNUNTI.\TIO.\"EM.

3417 466 3522 528 816

345 571 463 622 AZ'.
518 570 712 638 Χαῖρε,
758 569 960 638 μείζων
991 571 1085 622 καὶ
1112 571 1221 622 τῶν
1264 571 1444 623 ἀῢλων
1473 571 1610 622 νόων
1641 571 1733 624 καὶ
1764 571 1849 622 λό-
1878 597 1920 647 Α
2030 571 2289 626 XXXVII.
2318 575 2447 635 Ave,
2480 577 2638 645 cujus
2667 575 2734 628 lat

1878 597 1920 647 Α
2030 571 2289 626 XXXVII.
2318 575 2447 635 Ave.
2480 577 2638 645 cujus
2667 574 2854 628 Iaudes
2900 589 2968 629 ne
3021 575 3124 644 ipsi
3157 577 3376 645 quidem
3409 596 3522 636 cre-

268 675 381 724 γων
411 661 650 722 ἔπαινος·
678 661 864 730 θαῦμα
894 663 993 732 οὐχ
1022 662 1262 730 ὑμνητὸν
1289 662 1409 714 ὅλον
1440 665 1551 724 τοῖς
1576 664 1845 733 Σεραφὶμ,

267 751 387 803 ούδέ
426 752 615 805 θεατὸν
665 754 786 806 ὅλον
821 755 932 816 τοῖς
981 755 1286 824 Χερουϐὶμ,
1335 755 1456 808 οὐδὲ
1497 755 1846 824 καταληπτὸν

264 845 387 896 ὅλον
416 847 534 905 ταῖς
565 844 714 908 ὅλαις
743 845 1105 916 ύψηλοτέραις
1135 846 1602 913 ἣταπεινοτέραις
1635 847 1843 911 τάξεσι.

266 934 460 1002 Χαῖρε,
498 936 646 1006 χαρᾷ
699 937 798 1005 μὲν
837 935 1227 1006 συλληφθεῖσα,
1278 938 1419 1005 χαρᾷ
1456 936 1511 988 δὲ
1556 938 1843 1007 κυηθεῖσα,

267 1029 412 1097 χαρᾷ
434 1029 490 1079 δὲ
520 1030 613 1080 καὶ
637 1029 908 1098 τεχθεῖσα·
939 1030 1083 1099 χαρᾷ
1108 1029 1163 1081 δὲ
1191 1025 1345 1091 αὖθις
1368 1030 1460 1081 καὶ
1482 1029 1840 1092 συλλαϐοῦσα,

268 1123 364 1174 καὶ
394 1123 668 1190 κυήσασα,
699 1125 790 1175 καὶ
816 1124 1126 1192 γεννήσασα
1156 1123 1330 1192 χαρὰν
1357 1123 1455 1190 τὴν
1479 1126 1653 1176 πάντα
1685 1123 1838 1189 λόγον

267 1215 361 1265 καὶ
393 1214 515 1266 νοῦν
545 1215 940 1286 ὑπερέχουσαν,
970 1216 1063 1268 καὶ
1096 1218 1156 1268 τὸ
1189 1217 1312 1268 ὅλον
1343 1217 1540 1282 εἰπεῖν,
1569 1217 1712 1286 χαρὰ
1738 1217 1845 1267 τῶν

265 1306 525 1372 ἐπιγείων
562 1309 699 1360 ὅλων
737 1309 830 1361 καὶ
862 1309 1128 1378 οὐρανίων
1161 1308 1321 1371 ὅλων,
1356 1307 1449 1360 τοῦ
1478 1309 1668 1376 γένους
1714 1308 1847 1360 καύ-

265 1415 439 1466 χημα,
489 1399 599 1450 τῶν
643 1402 891 1470 οὺρανων
936 1399 1323 1467 καλλώπισμα,
1375 1399 1483 1452 τῶν
1519 1399 1848 1470 ἀμφοτέρων

267 1493 487 1561 κόσμων
519 1495 760 1546 κατάκοσ
769 1511 856 1562 με.

264 1603 517 1656 quaeque,
551 1597 606 1641 ut
667 1590 847 1642 omnia
889 1589 1244 1657 complectar,
1278 1589 1536 1658 gaudium
1597 1585 1850 1641 exstitisti

1957 663 2076 717 Iitcs
2094 674 2188 717 aut
2212 665 2538 732 cogitatione
2569 667 2786 735 assequi
2819 675 2914 720 aut
2943 681 3195 722 sermone
3216 669 3409 724 cﬂ‘vrre
3435 687 3524 724 va-

1954 754 2079 808 lent.
2118 757 2249 819 Ave,
2288 757 2590 826 prodigium
2644 761 2787 828 quod
2847 774 3024 827 neque
3087 761 3372 830 Seraphim
3429 780 3528 833 pro

1952 849 2148 902 merito
2192 850 2485 908 celebrare.
2523 864 2694 918 neque
2742 851 3036 907 Cherubim
3080 867 3146 906 ex
3187 853 3335 907 omni
3373 865 3526 923 parte

1949 953 2191 1005 cernere,
2223 956 2399 1010 neque
2442 941 2586 995 acies
2627 943 2733 994 ulla
2765 944 3013 998 ordinum
3057 946 3360 999 cmlestium
3411 948 3527 1001 sive

1949 1033 2329 1086 sublimiorum
2368 1035 2481 1088 sive
2514 1032 2833 1087 inferiorum
2868 1039 3083 1104 penitus
3116 1039 3394 1106 pervidere
3429 1055 3526 1104 po-

1949 1133 2073 1177 tcst.
2100 1125 2233 1186 Ave,
2269 1139 2388 1191 quae
2419 1135 2472 1177 et
2527 1126 2579 1178 in
2639 1126 2838 1192 gaudio
2884 1138 3141 1195 cencepta
3189 1128 3355 1190 fuisti,
3380 1139 3432 1182 et
3468 1129 3523 1182 in

1947 1213 2146 1283 gaudio
2172 1223 2377 1280 gestata
2411 1215 2463 1267 in
2491 1226 2664 1280 utero,
2694 1227 2748 1269 et
2773 1216 2827 1270 in
2854 1218 3051 1284 gaudio
3077 1219 3239 1272 etiam
3267 1220 3318 1272 in
3345 1219 3523 1272 lucem

1944 1307 2122 1371 edita;
2156 1317 2316 1375 atque
2350 1308 2546 1362 iterum
2580 1324 2700 1377 quae
2723 1309 2774 1362 in
2800 1310 2994 1378 gaudio
3029 1319 3082 1362 et
3120 1312 3441 1380 concepisti,
3467 1321 3523 1366 ct

1947 1396 2168 1462 gestasti
2203 1397 2255 1450 in
2281 1407 2457 1461 utero,
2478 1407 2530 1451 et
2562 1400 2816 1466 peperisti
2849 1399 3103 1467 gaudium
3135 1401 3276 1465 quod
3302 1415 3522 1454 onmem

1951 1489 2154 1558 pariter
2217 1504 2525 1546 sermonem
2597 1492 3094 1560 cogitationemque
3151 1493 3522 1558 transcendit;

1930 1584 2269 1638 terrestrium
2325 1587 2594 1649 omnium,
2664 1588 3019 1656 omniumque
3068 1588 3396 1655 caelestium,
3432 1602 3506 1658 ge.

265 1679 416 1734 neris
481 1680 654 1735 nostri
713 1681 983 1750 gloriatio,
1015 1683 1278 1735 cmlorum
1330 1682 1518 1745 decus,
1555 1682 1840 1748 utriusque
1882 1677 2066 1730 mundi
2100 1687 2500 1731 ornamentum.

338 1817 471 1872 ΑΠ’.
496 1819 690 1888 Χαῖρε,
719 1820 818 1888 τῆς
847 1819 1022 1891 λύπης
1054 1821 1086 1890 ἡ
1113 1821 1286 1883 λύσις,
1315 1821 1418 1889 τῆς
1443 1821 1642 1893 ἔχθρας
1671 1821 1839 1873 κατά-

269 1909 445 1974 λυσις,
477 1915 576 1982 τῆς
604 1914 985 1983 αἰχμαλωσίας
1033 1916 1064 1985 ἡ
1095 1914 1386 1983 λύτρωσις,
1427 1917 1460 1985 ἡ
1488 1916 1595 1967 τῶν
1630 1914 1841 1980 θνητῶν

2019 1818 2305 1874 XXXVIII.
2349 1821 2484 1889 Ave,
2516 1821 2720 1875 doloris
2748 1823 2973 1884 solutio,
2999 1821 3301 1877 destructio
3341 1825 3522 1878 inimi-

1947 1913 2106 1978 citia‘,
2142 1914 2471 1982 captivitatis
2522 1913 2845 1986 redemptio,
2882 1915 3194 1968 mortalium
3238 1915 3307 1969 ad
3354 1915 3524 1970 Deum

266 2004 485 2069 θέωσις,
522 2008 554 2075 ή
584 2007 678 2060 τοῦ
718 2007 854 2060 Θεοῦ
899 2009 1194 2078 σάρκωσις.
1226 2009 1419 2077 Χαῖρε,
1451 2009 1560 2061 τῶν
1589 2007 1777 2061 δεινῶν
1808 2010 1841 2079 ἡ
1877 2047 1918 2101 Β
1947 2007 2179 2071 erectio,
2213 2017 2265 2061 et
2298 2006 2392 2062 Dei
2433 2023 2556 2062 cum
2589 2023 2734 2062 carni

1877 2047 1918 2101 Β
1947 2007 2179 2071 erectio,
2213 2017 2265 2061 et
2298 2006 2392 2062 Dei
2433 2023 2556 2062 cum
2589 2023 2755 2062 carne
2789 2008 3126 2076 conjunctio.
3159 2010 3288 2074 Ave,
3322 2025 3525 2063 aerum—

262 2096 578 2167 ἁπαλλαγὴ,
607 2099 714 2151 τῶν
743 2099 1086 2168 ἁμαρτωλῶν
1110 2102 1141 2169 ἡ
1172 2100 1511 2168 καταλλαγὴ,
1541 2100 1650 2152 τῶν
1677 2102 1844 2154 ἑστώ-

262 2205 374 2240 των
405 2189 698 2258 ἀσφάλεια,
726 2191 835 2242 τῶν
863 2191 1174 2244 πιπτόντων
1205 2191 1526 2259 ἀνάκλησις,
1555 2192 1662 2244 τῶν
1685 2209 1846 2246 σπου-

263 2280 538 2341 δαζόντων
588 2282 875 2347 ἐπίτασις,
931 2282 1041 2336 τῶν
1099 2281 1488 2354 ῥᾳθυμούντων
1534 2283 1841 2354 διέγερσις,

263 2369 376 2422 τῶν
396 2372 762 2426 εὐεκτούντων
788 2375 963 2445 ἰσχὺς,
991 2375 1101 2427 τῶν
1121 2375 1437 2444 καμνόντων
1457 2375 1618 2438 ἴασις.
1645 2377 1842 2442 Χαῖρε,

262 2464 373 2515 τῶν
403 2465 614 2535 ἀρετῶν
641 2468 791 2538 πηγή
819 2485 877 2520 τε
897 2467 1014 2537 ἅμα
1040 2469 1136 2520 καὶ
1156 2468 1338 2538 same,
1367 2468 1663 2539 παρθενίας
1685 2470 1844 2531 ἄνθος

261 2559 400 2626 ὁμοῦ
435 2561 528 2611 καὶ
566 2560 711 2630 ῥίζα,
757 2560 820 2613 τὸ
853 2562 952 2631 μὲν
996 2566 1246 2628 φανεῖσα,
1291 2565 1354 2615 τὸ
1380 2563 1436 2615 δὲ
1466 2562 1720 2616 τεκοῦσα⁶
1751 2566 1844 2617 καὶ⁵

261 2651 360 2704 νῦν
383 2653 469 2706 διὰ
501 2653 560 2705 σέ
593 2671 654 2706 τε
682 2655 776 2706 καὶ
818 2654 905 2707 διὰ
935 2654 1030 2707 σοῦ
1058 2655 1127 2708 τὰ
1159 2654 1362 2723 ταύτης
1395 2656 1536 2722 φυτὰ
1564 2658 1840 2727 πανταχοῦ

263 2747 429 2815 κομεῖν
462 2747 728 2816 καρτερία
753 2749 866 2808 τοῖς
888 2747 1179 2816 ἁσκηταῖς,
1211 2747 1398 2815 ἀνδρία
1421 2751 1534 2811 τοῖς
1558 2749 1839 2818 ἀθληταῖς,

261 2837 634 2909 εὐσπλαγχνία
660 2842 773 2902 τοῖς
804 2839 1040 2910 ἔχουσιν,
1069 2840 1304 2909 εὐψυχία
1349 2843 1463 2904 τοῖς
1492 2842 1710 2912 πένησι,
1744 2859 1840 2894 τα-

261 2933 664 3001 πεινοφροσύνῃ
695 2934 811 2994 τοῖς
845 2933 1092 3001 ὑψηλοῖς,
1127 2933 1580 3004 μεγαλοφροσύνη
1604 2937 1717 2998 τοῖς
1744 2953 1841 2989 τα-

260 3025 488 3084 πεινοῖς,
551 3022 913 3092 ὀδυνωμένοις
962 3024 1346 3095 παράκλησις,
1392 3025 1842 3095 εύφραινομένοις

257 3114 580 3184 ἐγκράτεια·
605 3115 702 3186 ιύχ
727 3113 872 3168 οὕτω
895 3114 1350 3187 παιδαγωγούσης
1378 3119 1563 3187 μόνον,
1583 3117 1720 3171 ἀλλὰ
1746 3120 1840 3172 καὶ

261 3207 649 3277 προτυπούσης
679 3206 988 3278 ἀμφότερα·
1017 3209 1078 3261 τὺ
1123 3209 1242 3278 μὶν,
1274 3208 1361 3262 ὅτε
1407 3226 1500 3263 σου
1530 3211 1629 3281 τὴν
1660 3211 1841 3282 ψυχὴν

263 3297 509 3366 ῥομφαία
537 3298 810 3370 διήρχετο,
841 3300 903 3353 τὸ
938 3299 983 3352 δ’
1020 3301 1110 3354 ὅτε
1150 3317 1242 3354 σου
1276 3301 1376 3372 τὴν
1410 3303 1595 3373 φωνὴν
1626 3305 1654 3356 ὁ
1682 3303 1838 3373 λόγος

259 3391 363 3462 τὴν
393 3392 684 3463 χαροςοιὸν
722 3393 1189 3464 προσεφθέγγετο.

333 3669 458 3726 ΛΘ’.
494 3671 684 3740 Χαῖρε,
737 3669 898 3723 θείων
941 3668 1182 3740 χαρίτων
1212 3661 1381 3734 οἶκος,
1425 3670 1708 3741 βασιλικὸς
1739 3669 1840 3740 τῆς

258 3764 490 3835 Τριάδος
542 3762 824 3833 θάλαμος,
875 3764 933 3815 ἐν
975 3755 1020 3830 ᾧ
1051 3761 1162 3815 τῶν
1205 3761 1429 3829 ἀγαθῶν
1477 3763 1530 3815 οί
1574 3763 1840 3832 θησαυροὶ

260 3857 500 3921 πάντων,
553 3855 744 3924 σοφίας
787 3854 1037 3919 πλοῦτος,
1081 3854 1304 3924 ἀνδρίας
1346 3855 1532 3923 ὄγκος,
1563 3854 1836 3918 εὐϐουλία,

260 3947 498 4011 σύνεσις,
535 3947 737 4017 δωρεαὶ
767 3947 963 4016 λόγων,
1010 3946 1181 4016 ἁρχαὶ
1225 3947 1546 4018 σκήπτρων,
1596 3947 1838 4019 παροχαὶ

257 4038 529 4104 πλούτων,
557 4039 885 4110 ἀξιωμάτων
913 4039 1205 4110 ὑπεροχαὶ,
1235 4039 1507 4109 εὐτεχνίαι
1541 4042 1636 4094 καὶ
1671 4043 1836 4111 εὐγα-

261 4131 384 4201 μίαι
413 4132 508 4185 καὶ
540 4132 836 4197 εὐτεκνίαι,
863 4131 1107 4202 εὐφωνία
1129 4131 1225 4186 καὶ
1248 4131 1474 4198 εὐταξία
1508 4134 1604 4187 καὶ
1630 4135 1835 4202 εὐεξία,

258 4224 477 4290 κάλλος,
516 4225 690 4294 ίσχύς·
745 4224 842 4278 καὶ
869 4225 1018 4287 ὅπως
1047 4227 1106 4278 ἐν
1135 4223 1285 4296 μέσῳ
1318 4226 1604 4295 παροπτὲα
1642 4244 1733 4296 μοι
1769 4229 1838 4283 τὰ

261 4315 438 4387 μικρὰ
455 4317 556 4374 ,καὶ
585 4315 875 4379 σωματικὰ
917 4314 1072 4385 μόνα,
1103 4313 1248 4379 λέγω
1281 4313 1337 4367 δὲ
1368 4314 1440 4368 τὰ
1464 4314 1558 4368 τοῦ
1585 4317 1835 4387 Πνεύμα·

248 4414 370 4472 τος·
394 4408 657 4478 ςὶαμάτων
681 4408 879 4477 πηγαὶ,
917 4408 1040 4479 ῥοαὶ
1083 4407 1354 4477 δακρύων,
1387 4408 1545 4479 εὐχαὶ
1577 4411 1834 4479 καθαραὶ,

255 4501 354 4554 καὶ
383 4501 519 4554 Θεοῦ
551 4500 800 4572 πλησίον,
831 4499 1033 4568 γνῶσις
1067 4499 1296 4567 Λογίων,
1324 4500 1671 4563 διδασκαλίας
1707 4502 1836 4571 ῥεύ-

259 4610 426 4663 ματα,
465 4593 790 4662 προοράσεις
839 4593 933 4644 καὶ
975 4591 1246 4661 διοράσεις
1274 4632 1288 4656 ,
1334 4591 1634 4660 διακρίσεις
1675 4609 1836 4646 πνευο

258 4685 448 4753 μάτων
487 4702 546 4737 τε
586 4684 681 4736 καὶ
731 4685 1098 4753 πραγμάτων,
1143 4684 1237 4736 καὶ
1276 4683 1365 4735 ἵνα
1406 4682 1644 4736 συνελὼν
1672 4685 1831 4748 εῖπω,

1949 2115 2144 2154 narum
2173 2100 2444 2171 depulsio,
2464 2107 2813 2168 peccatorum
2847 2101 3238 2163 reconciliatio,
3261 2106 3523 2157 stantium

1945 2192 2238 2255 securitas,
2263 2193 2540 2260 lapsorum
2569 2190 2859 2257 restitutio,
2891 2203 3114 2247 strenue
3141 2193 3417 2262 agentium
3447 2209 3528 2250 ar-

1947 2286 2081 2337 deus
2123 2282 2387 2347 studium,
2422 2283 2754 2353 torpentium
2805 2285 3240 2348 incitamentum,
3271 2285 3408 2340 bene
3434 2301 3526 2341 va-

1947 2374 2171 2430 lentium
2211 2376 2461 2442 ﬁrmitas,
2486 2378 2864 2447 :egrotantium
2896 2380 3070 2433 salus.
3100 2378 3233 2444 Ave,
3260 2379 3524 2434 virtutum

1946 2469 2191 2523 scatebra
2243 2469 2407 2522 simul
2453 2477 2508 2524 et
2537 2469 2753 2532 semita,
2787 2470 3118 2539 virginitatis
3153 2471 3252 2527 llos
3283 2473 3444 2527 simul
3474 2482 3529 2527 et

1947 2560 2121 2625 radix,
2155 2560 2284 2616 illud
2318 2561 2539 2631 quidem
2593 2576 2693 2632 pro
2744 2577 2811 2617 eo
2851 2563 3002 2633 quod
3039 2565 3156 2634 ipsa
3198 2568 3527 2636 apparuisti,

1946 2651 2086 2706 istud
2123 2668 2252 2708 vero
2301 2667 2401 2722 pro
2432 2668 2500 2707 eo
2545 2653 2694 2723 quod
2748 2654 2806 2709 in
2841 2655 3018 2710 lucem
3063 2655 3318 2724 edidisti;
3350 2673 3530 2728 quan-

1945 2760 2108 2815 quam
2141 2760 2287 2800 nunc
2323 2746 2488 2800 etiam
2515 2755 2740 2817 propter
2768 2754 2822 2802 te
2873 2755 2929 2801 et
2967 2763 3065 2817 per
3111 2758 3165 2805 te
3211 2749 3526 2818 huiusmodi

1945 2838 2141 2907 planta:
2169 2837 2370 2907 ubique
2400 2837 2685 2893 frondibus
2714 2839 3027 2896 virescunt:
3055 2849 3364 2897 ascetarum
3402 2845 3529 2899 abs-

1944 2929 2203 2996 tinentia,
2256 2931 2582 2986 certantium
2617 2931 2818 2997 robur,
2853 2932 3084 2988 divitum
3121 2935 3526 3003 misericordia,

1943 3035 2243 3091 pauperum
2282 3021 2563 3092 patientia,
2595 3021 2884 3091 grandium
2918 3022 3226 3092 humilitas,
3257 3033 3314 3081 et
3345 3026 3530 3082 humi.

1942 3114 2078 3168 lium
2110 3114 2559 3184 magnanimitas,
2581 3116 2936 3171 maerentium
2967 3117 3238 3184 solamen,
3261 3126 3317 3174 et
3350 3119 3527 3189 tripu-

1942 3206 2210 3262 diantium
2239 3208 2632 3277 temperantia;
2663 3208 2954 3278 utriusque
2985 3209 3132 3263 enim
3161 3208 3382 3266 virtutis
3415 3225 3525 3266 non

1943 3296 2200 3367 magistra
2240 3298 2425 3364 modo,
2460 3297 2555 3353 sed
2582 3307 2637 3353 et
2668 3298 2978 3368 exemplum
3023 3299 3267 3366 exsistis,
3295 3300 3527 3358 alterius

1865 3409 1910 3470 ρ
1945 3389 2164 3457 quidem
2211 3388 2432 3458 quando
2475 3397 2623 3443 tuam
2661 3388 2835 3456 ipsius
2876 3389 3114 3444 animam
3166 3390 3374 3446 doloris
3409 3392 3530 3462 gla-

1943 3481 2068 3536 dius
2127 3483 2475 3551 pertrattsivit
2505 3483 2574 3550 ’°,
2600 3483 2828 3540 alterius
2882 3499 3013 3539 vero
3065 3485 3286 3556 quando
3335 3501 3528 3544 vocem

1943 3574 2092 3629 illam
2128 3575 2310 3630 laetitia
2339 3575 2553 3646 plenam
2590 3592 2772 3631 sermo
2799 3586 2925 3631 tuus
2965 3578 3212 3647 protulit.

2018 3666 2262 3723 XXXIX.
2292 3670 2426 3734 Ave,
2451 3669 2760 3725 divinarum
2784 3670 3083 3740 gratiarum
3107 3671 3325 3738 domus,
3342 3673 3526 3743 regius

1944 3757 2232 3816 Trinitatis
2258 3761 2552 3826 thalamus,
2582 3763 2635 3817 in
2664 3777 2776 3833 quo
2814 3763 3083 3818 reconditi
3113 3775 3242 3818 sunt
3280 3767 3527 3820 omnium

1943 3852 2213 3908 bonorum
2245 3854 2514 3921 thesauri,
2541 3855 2744 3909 divitia:
2795 3854 3101 3924 sapientiae,
3130 3857 3346 3911 virtutis
3390 3860 3528 3912 emi-

1943 3943 2152 4008 nentia,
2207 3945 2536 4009 consilium,
2600 3946 2942 4011 intellectus,
2990 3947 3134 4001 dona
3187 3962 3525 4013 sermonum,

1945 4044 2288 4104 sceptrorum
2317 4037 2642 4101 dominatio,
2675 4053 2840 4106 opum
2866 4037 3226 4107 dispensatio,
3251 4039 3523 4094 honorum

1941 4127 2274 4192 sublimitas,
2310 4128 2540 4182 scientia
2576 4128 2886 4198 otnnigcna,
2919 4131 3097 4184 felicia
3131 4131 3426 4221 copnubia,
3460 4147 3525 4188 ac

1945 4220 2064 4275 laeta
2096 4221 2342 4286 soboles,
2374 4221 2597 4277 claritas
2643 4222 2816 4286 vocis,
2851 4232 2976 4292 apta
3005 4220 3375 4278 membrorum
3407 4225 3524 4279 dis-

1943 4310 2165 4379 positio,
2188 4311 2418 4375 sanitas,
2447 4311 2814 4380 pulchritudo,
2842 4312 3008 4367 robur
3033 4313 3232 4367 virium
3255 4329 3269 4367 :
3302 4321 3358 4369 et
3381 4329 3525 4384 quo-

1941 4405 2085 4457 niam
2120 4404 2321 4459 leviora
2357 4403 2458 4458 ista
2484 4414 2537 4457 et
2567 4417 2715 4458 mere
2743 4406 3051 4474 corporalia
3080 4415 3268 4476 utpote
3295 4407 3524 4461 minoris

1942 4495 2200 4548 momenti
2254 4495 2630 4564 posthabenda
2675 4506 2827 4562 sunt,
2850 4506 2906 4551 et
2953 4511 3017 4550 ea
3045 4513 3197 4563 sane,
3226 4513 3347 4566 qua:
3393 4510 3524 4552 sunt

1941 4589 2188 4658 spiritus,
2212 4589 2459 4657 adjiciam
2483 4606 2496 4654 ;
2524 4588 2888 4643 remediorum
2913 4589 3297 4658 scaturigines,
3318 4589 3521 4644 imbres

1943 4682 2326 4751 lacrymarum,
2362 4680 2574 4735 mundae
2632 4694 2842 4749 preces,
2885 4678 3172 4734 familiaris
3230 4696 3355 4735 cum
3409 4680 3521 4736 Deo

254 4783 434 4850 χαῖρε,
466 4779 735 4832 Δέσποινα
759 4777 867 4830 τῶν
902 4777 1120 4846 ἀγαθῶν
1147 4778 1427 4841 ἁπάντων,
1461 4779 1554 4829 καὶ
1583 4777 1833 4847 ἀμφοτέ-
1863 4785 1906 4841 c
1941 4773 2298 4837 consuetudo,
2324 4786 2604 4827 sacrarum
2634 4770 2734 4824 Litt

1865 4785 1906 4841 c
1941 4773 2298 4837 consuetudo,
2324 4786 2604 4827 sacrarum
2634 4770 2961 4824 Litterarum
2986 4769 3236 4833 scientia,
3259 4771 3520 4826 doctrina:

259 4888 368 4940 ρων
391 4870 703 4939 διακόσμων
728 4869 1015 4933 Δέσποινα,
1044 4870 1077 4938 ὴ
1103 4869 1280 4922 πάντα
1308 4869 1490 4934 πᾶσιν,
1514 4862 1595 4932 οἷς
1623 4869 1715 4920 καὶ
1745 4869 1833 4921 ὅτε

254 4965 352 5016 καὶ
382 4964 479 5016 ὅσα
512 4962 607 5016 καὶ
636 4957 727 5014 οἷα
757 4961 953 5028 θέλεις,
980 4961 1350 5031 παρεχομένη.

1942 4865 2165 4930 ﬂuenta,
2199 4864 2585 4934 prospicientia
2638 4874 2694 4918 et
2738 4862 3145 4933 perspicientia,
3179 4872 3234 4916 et
3271 4863 3325 4916 in
3358 4864 3521 4932 spiri-

1941 4959 2086 5012 tibus
2106 4956 2542 5011 internoscendis
2567 4955 2722 5025 juxta
2747 4969 2811 5009 ac
2844 4954 3006 5009 rebus
3031 4954 3282 5023 gerendis
3311 4954 3519 5010 discre.

256 5056 354 5125 tio,
391 5068 446 5113 et
497 5069 557 5113 ut
604 5060 794 5127 paucis
837 5056 1019 5111 omnia
1062 5056 1407 5118 contraham,
1468 5069 1588 5118 ave,
1646 5052 1874 5108 Domina
1912 5053 2180 5107 bonorum
2244 5051 2512 5115 onmium,
2544 5059 2599 5104 et
2647 5049 2859 5105 ordinis
2911 5050 3201 5120 utriusque
3253 5048 3516 5104 Domina.

252 5167 378 5222 qua
404 5152 658 5207 omnibus
686 5150 895 5215 omnia,
925 5149 1126 5224 quibus
1147 5157 1200 5203 et
1224 5148 1444 5217 quando
1466 5157 1520 5202 et
1547 5154 1751 5217 quanta
1773 5155 1827 5200 et
1865 5145 2048 5215 qualia
2071 5144 2173 5208 vis,
2199 5142 2506 5211 dispensas.

323 5294 415 5349 Μ’.
450 5292 635 5347 Ταῦτά
674 5309 757 5345 σοι
792 5293 821 5345 ό
851 5291 1045 5362 μικρὸς
1077 5291 1188 5359 ἐγὼ
1217 5290 1312 5343 καὶ
1344 5291 1452 5354 πᾶς
1480 5290 1599 5360 μὲν,
1629 5288 1717 5341 διὰ
1745 5288 1836 5340 τὸν

253 5386 428 5454 Λόγον
461 5387 555 5438 καὶ
583 5386 685 5454 τὴν
717 5383 883 5452 ἀλλην
927 5386 1107 5437 πᾶσαν
1157 5384 1250 5437 καὶ
1280 5384 1441 5453 χάριν
1491 5383 1584 5436 καὶ
1616 5381 1828 5447 ἐλπίδα,

254 5479 368 5543 σὸς,
403 5481 465 5532 οὑ
515 5480 717 5541 πᾶς-’δέ
757 5478 848 5531 διὰ
877 5478 968 5531 τὸν
999 5478 1217 5547 τρόπον,
1262 5477 1418 5544 ὀλίγα
1460 5476 1567 5529 τῶν
1596 5476 1723 5538 σῶν,
1755 5469 1832 5527 ὧν

251 5575 513 5644 ἐχαρίσω,
558 5573 724 5626 πολὺν
770 5575 868 5644 μὲν
897 5573 984 5626 διὰ
1011 5574 1103 5626 τὸν
1135 5571 1300 5624 πολὺν
1330 5571 1493 5639 φόϐον
1524 5570 1833 5640 ἐπεχόμενα

251 5665 468 5735 χρόνον,
493 5663 649 5732 ἄφνω
679 5664 732 5716 δὲ
765 5663 1069 5733 ἐκραγέντα
1110 5662 1198 5715 διὰ
1221 5660 1312 5714 τὸν
1343 5660 1531 5725 πόθον,
1562 5664 1656 5714 καὶ
1680 5677 1834 5729 νικη-

251 5758 414 5810 θέντα
441 5755 519 5826 τῷ
544 5755 748 5809 πλείονί
772 5773 831 5809 τε
859 5756 950 5809 καὶ
986 5754 1279 5826 κρείττονι,
1321 5753 1400 5817 είς
1429 5753 1586 5819 δόξαν
1610 5751 1706 5808 τοῦ
1741 5753 1833 5806 σοῦ

322 5918 368 5948 ’⁸
402 5914 531 5971 Luc.
565 5931 624 5979 u,
663 5913 748 5968 35.

2015 5285 2129 5341 XL.
2157 5284 2280 5339 Hac
2318 5284 2370 5338 in
2404 5284 2618 5338 laudem
2668 5294 2816 5338 tuam
2848 5298 2948 5353 ego
2984 5282 3252 5346 misellus,
3284 5293 3339 5337 et
3369 5292 3515 5339 totus

1937 5395 2067 5435 sane
2092 5393 2214 5433 cum
2255 5385 2473 5447 propter
2515 5374 2755 5431 Verbum
2797 5385 2909 5430 tum
2942 5385 3164 5444 propter
3196 5375 3358 5429 aliam
3395 5390 3516 5430 om-

1940 5489 2060 5527 nem
2093 5481 2146 5526 et
2183 5471 2410 5542 gratiam
2442 5478 2497 5524 et
2540 5484 2689 5538 spem
2737 5478 2886 5534 tuus,
2925 5467 3019 5521 sed
3053 5483 3160 5521 non
3207 5475 3353 5522 totus
3387 5475 3513 5524 tuus

1941 5577 2036 5632 per
2063 5564 2185 5616 vitae
2215 5561 2505 5626 rationem,
2529 5560 2666 5621 haec,
2694 5561 2936 5629 inquam,
2972 5574 3144 5628 pauca
3174 5573 3242 5612 ex
3278 5559 3367 5622 iis,
3392 5576 3513 5628 qua:

1941 5656 2076 5711 mihi
2107 5655 2297 5723 largita
2320 5669 2400 5717 es,
2418 5654 2511 5708 diu
2539 5652 2608 5706 ob
2631 5651 2902 5719 ingentem
2929 5650 3272 5705 formidinem
3295 5651 3513 5707 silentio

1943 5761 2283 5820 compressu,
2342 5746 2633 5816 derepente
2665 5754 2845 5800 autem
2906 5744 3109 5814 impetu
3163 5743 3370 5799 amoris
3411 5757 3510 5798 ex-
