4252 6436
281 414 388 476 Si!)

1724 416 1820 477 DE
1856 417 2078 477 MALO.

3419 420 3527 482 850

281 525 348 575 τὰ
377 525 430 576 δὲ
468 522 544 591 τῷ
581 522 686 574 τῶν
717 522 892 577 ἄλλων
936 522 1031 574 καὶ
1082 522 1251 575 νόθων
1287 523 1427 575 θεῶν
1465 523 1848 577 ἁνατεθεῖσθαι
1883 529 1926 582 Α

1955 522 2078 576 aliis
2133 520 2318 576 nothis
2367 523 2481 578 deis
2543 523 2850 594 assignatas
2906 538 3028 579 esse
3090 525 3310 593 dicunt;
3355 530 3528 584 solum

281 619 532 683 λέγουσι·
565 616 713 667 τουτὶ
744 616 801 667 δὲ
837 616 998 683 μόνον
1034 616 1125 666 καὶ
1154 616 1372 682 φοίνικά
1399 633 1456 667 τε
1483 617 1578 669 καὶ
1617 618 1848 687 δάφνην,

280 709 359 776 τῶ
406 706 526 759 κατ’
576 707 774 768 αὐτοὺς
823 707 973 776 σοφῷ
1020 707 1114 760 καὶ
1151 707 1302 774 καλῷ
1353 708 1463 775 γὰρ
1499 709 1716 773 πάντως
1757 712 1855 761 καὶ

281 799 424 867 ὑπὲρ
456 799 660 861 πάντας
684 797 893 867 ἀρίστῳ
929 797 1172 867 μουσικῷ
1201 816 1260 851 τε
1285 800 1380 852 καὶ
1401 799 1601 870 τοξικῴ
1626 801 1856 870 ἰατρικῷ

278 906 339 940 τε
374 892 468 941 καὶ
500 890 748 958 μαντικῷ
792 889 1157 959 Ἀπολλωνίῳ,
1192 891 1252 943 ὃν
1283 893 1378 943 καὶ
1413 893 1574 944 αὑτὸν
1599 890 1740 946 εἶναι
1780 894 1857 963 τῷ

278 981 422 1050 ἡλίῳ
456 981 712 1048 λέγουσι’
739 982 832 1033 καὶ
854 981 929 1042 ὡς
955 981 1227 1053 καλλίστῳ
1267 984 1360 1036 καὶ
1402 987 1760 1055 παγχρήστῳ,
1796 987 1857 1037 τὸ

279 1073 568 1126 κάλλιστόν
602 1090 660 1125 τε
704 1073 799 1124 καὶ
849 1073 1201 1144 πάγχρηστον
1245 1075 1617 1129 ἀνατιθέασιν.
1671 1077 1857 1140 υῦτως

280 1163 520 1232 ἑξαρχῆς
551 1163 731 1216 ἀνεῖτο
750 1162 826 1231 τῷ
848 1163 1033 1216 κάλλει
1055 1163 1150 1216 καὶ
1175 1166 1237 1234 τῇ
1268 1166 1430 1236 σοφίᾳ
1460 1167 1552 1219 καὶ
1568 1169 1631 1235 τῇ
1664 1168 1856 1238 χρήσει

278 1251 342 1306 τὸ
366 1253 585 1322 χρῆμα·
637 1253 733 1306 καὶ
775 1253 950 1306 ἐδόκει
980 1253 1114 1306 αὐτὸ
1154 1255 1318 1308 καλὸν
1347 1273 1404 1308 τε
1452 1258 1581 1312 ἰδεῖν
1613 1257 1727 1327 ἅμα
1765 1260 1857 1311 καὶ

280 1348 518 1415 χρηστὸν
565 1347 839 1416 βρωθῆναί
877 1363 938 1399 τε
985 1348 1078 1400 καὶ
1127 1349 1478 1418 χρησθῆναι,
1520 1351 1616 1402 καὶ
1672 1355 1858 1418 σοφοῖς

279 1437 558 1506 προσῆκον
577 1437 762 1489 λαϐεῖν
786 1454 799 1466 ·
837 1437 973 1490 ἀλλὰ
997 1438 1067 1491 τά
1097 1439 1196 1506 μὲν
1225 1440 1333 1490 τῶν
1361 1438 1567 1507 μύθων,
1605 1443 1653 1494 εἰ
1687 1441 1853 1504 δοκεῖ,

280 1531 495 1600 χαίρειν
513 1531 712 1599 ἐῶμεν.
749 1531 891 1585 Ὅσα
912 1531 970 1584 δὲ
993 1534 1084 1585 καὶ
1108 1532 1327 1600 βλέπειν
1354 1534 1530 1596 ἔξεστι
1561 1534 1655 1587 καὶ
1677 1535 1858 1601 λέγειν

281 1623 492 1692 μέμψις
522 1623 623 1675 οὐκ
649 1622 763 1676 ἔστι
789 1640 802 1653 ·
842 1625 1059 1693 πρῶτον
1089 1625 1188 1694 μὲν
1219 1625 1325 1696 γὰρ
1359 1627 1618 1694 τρέφεται
1646 1643 1857 1678 παντα-

281 1715 379 1784 χοῦ
401 1715 502 1785 γῆς
529 1716 591 1768 τὸ
615 1716 780 1784 φυτόν
801 1733 814 1748 ·
847 1718 937 1770 καὶ
956 1717 1054 1787 οὐχ
1083 1717 1270 1788 ὥσπερ
1289 1718 1457 1772 ⁴τᾶλλα
1475 1718 1582 1770 τῶν
1603 1719 1853 1786 δένδρων·

279 1807 351 1862 τὰ
390 1808 488 1877 μὲν
511 1807 585 1877 τῷ
614 1809 814 1878 ἡμέρῳ
840 1809 1052 1878 χαίρει,
1086 1810 1154 1862 τὰ
1175 1810 1233 1862 δὲ
1299 1814 1410 1873 τοῖς
1439 1812 1625 1880 ὄρεσιν
1645 1813 1851 1881 ἀγαπᾷ·

279 1904 348 1954 τὰ
382 1903 427 1954 δ’
466 1904 683 1964 οἰκείως
715 1904 829 1973 ἔχει
861 1904 997 1974 πρὸς
1028 1903 1333 1957 θάλατταν⁸
1365 1904 1499 1957 ἀλλὰ
1522 1906 1669 1957 τουτί
1694 1905 1854 1973 μόνον

281 1995 387 2046 κάν
417 1995 540 2056 ταῖς
571 1997 839 2063 κορυφαῖς
871 1995 1068 2063 φύεται
1094 2012 1107 2026 ⁸
1140 1995 1241 2049 κᾶν
1272 1999 1383 2058 τοῖς
1415 1998 1643 2066 ἡμέροις
1670 1999 1856 2066 τρέφεο

278 2102 374 2137 ται
455 2087 550 2138 καὶ
580 2086 730 2157 παρὰ
757 2088 855 2156 τὴν
900 2087 1166 2141 θάλατταν
1197 2088 1412 2142 θάλλειν
1442 2089 1614 2156 φιλεῖ“
1649 2091 1857 2142 νικῶσα

279 2177 338 2228 δὲ
366 2177 512 2230 οὕτω
544 2179 849 2248 πανταχοῦ,
869 2180 1021 2232 οὐδὲν
1052 2176 1217 2252 ἦττον
1252 2183 1376 2250 νικᾷ
1406 2182 1501 2234 καὶ
1529 2183 1608 2251 τῷ
1645 2181 1859 2236 θάλλειν

277 2268 453 2333 οὕτως
489 2272 813 2339 ἑκασταχοῦ,
849 2272 924 2333 ὡς
952 2272 1168 2341 ἐνιαχοῦ
1202 2272 1370 2325 οὐδέν.
1417 2273 1494 2326 Οὐ
1532 2275 1639 2344 γὰρ
1668 2274 1859 2346 ὥσπερ

279 2362 391 2414 τῶν
420 2363 595 2416 ἄλλων
623 2366 723 2416 ὃσα
754 2366 853 2433 μὲν
875 2364 1030 2435 δρεια
1056 2365 1251 2417 ταυτὸν
1280 2365 1439 2418 τοῦτο
1469 2366 1597 2418 ίδεῖν
1624 2383 1683 2419 τε
1706 2367 1860 2437 ὅρεια

281 2455 376 2507 καὶ
410 2455 600 2518 δεινῶς
631 2457 799 2526 ἄγρια
822 2472 836 2486 ·
860 2457 928 2509 τὰ
955 2456 1126 2508 πλείω
1145 2457 1201 2510 δέ
1229 2473 1291 2524 γε
1327 2457 1421 2509 καὶ
1453 2458 1699 2528 ἄκαρπα.
1738 2461 1859 2512 Τῶν

279 2547 336 2600 δὲ
370 2549 617 2619 ἡμέρων,
645 2549 711 2602 τὰ
745 2549 868 2618 μὲν,
902 2549 997 2603 καὶ
1024 2551 1165 2602 αὐτὰ
1191 2550 1286 2602 τὸν
1308 2550 1521 2620 καρπὸν
1543 2550 1858 2621 βραχύτατα

279 2641 378 2692 καὶ
402 2641 462 2691 τὸ
489 2639 737 2710 πρέμνον
761 2640 1215 2711 ἀκανθωδέστερα
1233 2656 1246 2668 ·
1276 2643 1369 2695 καὶ
1401 2643 1549 2710 τόπῳ
1574 2644 1859 2711 μόνοντῶν

277 2735 339 2785 ὲν
371 2738 640 2802 κορυφαῖς
661 2735 988 2805 διαφέροντα
1011 2751 1026 2765 ο
1051 2735 1121 2787 τὰ
1146 2735 1220 2799 δὲ,
1251 2737 1342 2788 τὸν
1369 2737 1579 2804 καρπὸν
1607 2737 1704 2804 μὲν
1729 2737 1858 2801 ἴσως

278 2825 382 2878 οὐκ
407 2826 612 2896 ἀγεννῆ
640 2867 654 2891 ,
678 2827 882 2896 ἀσθενῆ
910 2827 968 2879 δὲ
987 2827 1192 2890 ἄλλως·
1226 2829 1319 2879 καὶ
1358 2827 1567 2897 βραχὺν
1592 2826 1861 2882 ἀνθοῦντα

277 2916 374 2970 τὸν
406 2919 598 2988 χρόνον
619 2925 633 2938 '
663 2921 780 2974 ἀλλ’
810 2921 954 2975 οὕτω
985 2922 1083 2992 μὲν
1112 2923 1168 2973 ἐν
1196 2922 1423 2991 ἡμέροις
1453 2921 1651 2991 ἰσχυρὰ
1676 2939 1735 2975 τε
1765 2923 1861 2974 καὶ

277 3013 641 3083 πολυχρόνιος
678 3014 754 3077 ὡς
806 3015 966 3083 ὀλίγα
1005 3014 1202 3084 κομιδῇ
1240 3015 1349 3068 τῶν
1404 3017 1616 3086 ἀγρίων
1669 3031 1728 3068 τε
1764 3018 1859 3069 καὶ

278 3105 570 3174 ἀκάρπων.
603 3106 760 3159 Οὕτω
784 3106 829 3159 δ’
875 3107 934 3162 ὲν
964 3107 1179 3177 ἀγρίοις
1225 3109 1474 3177 τρυφερά
1517 3125 1574 3160 τε
1606 3111 1700 3161 κα)¹
1741 3108 1858 3160 λεῖα

282 3197 379 3251 καὶ
404 3197 636 3267 εὐανθὴς
669 3199 763 3251 καὶ
789 3197 1089 3270 εὖκαρπος,
1112 3198 1189 3261 ὡς
1213 3199 1366 3252 οὐδὲν
1411 3199 1540 3252 ἄλλο
1565 3199 1674 3253 τῶν
1707 3199 1857 3270 παρά
1885 3223 1928 3281 C

277 3288 402 3349 ταῖς
455 3291 634 3352 στοαῖς
679 3290 1000 3358 φυομένων,
1047 3291 1142 3344 καί¹
1181 3291 1426 3362 ὡσπερεὶ
1474 3291 1634 3362 κόραι
1688 3292 1854 3344 καλαὶ

279 3379 747 3449 θαλαμευομένων
765 3397 779 3411 ·
812 3382 1010 3435 ἔπειτα
1038 3383 1105 3434 τὰ
1131 3384 1228 3451 μὲν
1252 3382 1388 3436 ἄλλα
1416 3383 1515 3446 τὰς
1545 3383 1693 3453 ὧρας
1739 3384 1858 3437 πολ-

277 3470 439 3533 λάκις
458 3475 764 3542 παρανομεῖ
784 3488 797 3503 ⁸
820 3474 915 3526 καὶ
938 3474 1006 3526 τὰ
1036 3475 1134 3542 μὲν
1163 3475 1413 3544 προΐασιν
1445 3474 1606 3546 ἔαρος
1628 3517 1641 3538 ,
1668 3475 1857 3546 ὥσπερ

277 3563 345 3633 δὴ
382 3564 479 3615 καὶ
506 3563 680 3632 φοῖνιξ
714 3565 898 3628 αὐτός.
931 3566 1107 3618 Πολλά
1134 3566 1189 3618 δὲ
1222 3568 1314 3618 καὶ
1341 3567 1608 3636 χειμῶνος
1633 3569 1853 3636 ὲκφύεν

277 3656 421 3726 αὕτη
458 3656 513 3708 δὲ
547 3657 649 3710 κάν
681 3656 892 3718 τούτοις
921 3661 1081 3728 τηρεῖ
1114 3657 1203 3709 τὸν
1232 3657 1396 3726 νόμον
1431 3661 1522 3712 καὶ
1556 3666 1856 3730 σωφρονεῖο

279 3747 477 3818 θέρους
499 3765 557 3800 τε
587 3748 697 3818 γὰρ
718 3749 793 3812 ὼς
822 3748 917 3802 ἐπὶ
945 3749 1193 3802 πλεῖστον
1223 3751 1472 3821 πρόεισι·
1504 3752 1598 3805 καὶ
1627 3755 1694 3806 τὰ
1725 3754 1858 3807 κάλ-

279 3839 442 3893 λιστα
473 3840 581 3892 τῶν
613 3840 846 3910 καρπῶν
871 3841 979 3893 τῶν
1003 3841 1164 3912 ὡρῶν
1192 3844 1259 3912 τῇ
1287 3841 1549 3914 καλλίστῃ
1580 3844 1854 3899 δείκνυσι·

280 3931 554 4001 χειμῶνος
589 3932 646 3985 δὲ
682 3933 862 4002 ῥίπτει
914 3933 976 3986 τὸ
1018 3932 1250 3997 κάλλοςυ
1308 3934 1405 3987 καὶ
1447 3937 1514 4005 τῇ
1561 3935 1720 4004 φύσει
1764 3938 1860 3990 καὶ

277 4024 437 4090 τάξει
478 4026 576 4094 τῆς
601 4025 749 4095 ῶρας
778 4026 1083 4089 ἀκολουθεῖ,
1110 4026 1250 4079 ὥστε
1280 4027 1329 4079 εί
1357 4027 1438 4079 δεῖ
1467 4044 1520 4079 τι
1550 4027 1645 4080 καὶ
1677 4030 1859 4098 παρά-

279 4117 434 4182 δοξον
481 4118 597 4186 μὲν,
636 4117 1000 4187 ἀληθέστερον
1028 4117 1085 4169 δὲ
1129 4120 1323 4184 εἰπεῖν,
1367 4119 1526 4173 τοῦτο
1549 4119 1640 4172 καὶ
1678 4122 1858 4191 μόνον,

279 4206 485 4276 ὡραῖον
515 4209 579 4259 ἄν
601 4224 686 4270 τις
707 4207 851 4260 εἴποι
880 4207 1104 4270 δικαίως
1127 4224 1140 4239 ·
1177 4209 1237 4260 οὐ
1268 4208 1358 4262 διὰ
1379 4209 1477 4279 τὴν
1517 4209 1668 4277 ὥραν
1704 4211 1861 4279 μόνον

280 4297 419 4351 ἀλλὰ
458 4298 551 4350 καὶ
588 4298 680 4351 τὸν
715 4300 928 4368 καρπόν
952 4315 965 4329 ’
999 4300 1068 4352 τὰ
1095 4300 1139 4352 δ’
1174 4299 1310 4355 ἄλλα
1350 4300 1446 4353 καὶ
1481 4301 1680 4370 ἔξωρα,
1714 4303 1859 4356 οὕτω

278 4389 382 4458 τὴν
406 4389 559 4454 τάξιν
583 4408 642 4442 τε
673 4391 988 4459 παραδόντα
1012 4391 1106 4444 καὶ
1135 4392 1480 4462 ἀγνοήσαντα
1506 4393 1596 4446 τὸν
1631 4394 1820 4463 καιρόν
1843 4411 1857 4424 ·

281 4483 347 4537 οὐ
379 4482 484 4553 μὴν
527 4484 716 4554 ὥσπερ
753 4485 814 4537 τὸ
857 4485 978 4538 καθ’
1012 4484 1164 4554 ὤραν
1201 4485 1459 4556 φανῆναι,
1503 4486 1646 4539 οὕτω
1675 4487 1768 4540 καὶ
1800 4486 1860 4539 τὸ

280 4574 713 4644 διαφυλαχθῆναι
760 4576 829 4629 δι’
860 4576 1028 4647 ὥρας,
1069 4577 1269 4648 ὡραῖον
1296 4594 1308 4607 ·
1341 4578 1456 4632 ἀλλ’
1490 4578 1641 4650 αὑτῷ
1684 4596 1745 4648 γε
1780 4580 1858 4649 τῷ

279 4667 372 4721 διά
402 4669 605 4731 παντὸς
626 4669 722 4721 τοῦ
756 4669 910 4732 ἔτους
938 4669 1302 4739 διακατέχειν,
1352 4672 1600 4739 κρεῖττον
1626 4673 1723 4741 μὲν
1753 4673 1858 4725 τῶν

279 4759 442 4829 ὡρῶν
462 4775 477 4789 ·
511 4762 758 4828 κρεῖττον
795 4761 850 4814 δὲ
889 4761 990 4830 τῆς
1017 4762 1336 4831 ἐπωνυμίας
1356 4778 1368 4793 ·
1401 4765 1650 4831 κρεῖττον
1681 4763 1738 4816 δὲ
1767 4766 1860 4817 καὶ

283 4850 505 4903 πάντων
534 4852 669 4920 ὁμοῦ
700 4852 812 4904 τῶν
839 4852 1043 4905 λοιπῶν
1067 4855 1294 4923 καρπῶν
1327 4854 1632 4906 δείκνυται·
1666 4857 1734 4908 τὰ
1762 4856 1859 4923 μὲν

281 4943 436 5013 ἡδεῖα
455 4943 533 5013 τῷ
554 4944 788 5014 διαρκεῖ,
822 4943 890 4996 τὰ
918 4943 1280 5015 διαρκέστερα
1309 4946 1364 5000 δὲ
1383 4946 1459 5017 τῷ
1483 4947 1599 5018 ἡδεῖ
1618 4949 1825 5001 νικῶσα
1841 4966 1853 4979 ο

284 5033 488 5103 μᾶλλον
519 5034 597 5099 δὲ,
644 5036 692 5088 εί
725 5035 806 5088 δεῖ
842 5036 1076 5106 τάληθὲς
1122 5039 1319 5104 εἰπεῖν,
1385 5041 1477 5093 καὶ
1507 5043 1574 5093 τὰ
1609 5041 1738 5112 ἡδέα
1789 5045 1856 5112 τῇ

281 5125 444 5197 ἡδονῇ
471 5127 564 5179 καὶ
589 5127 667 5198 τῷ
704 5127 918 5199 μονίμῳ
951 5128 1015 5182 τὰ
1043 5129 1273 5200 μόνιμα.

354 5393 609 5448 Ἥδιστόν
632 5413 686 5448 τι
726 5397 915 5466 χρῆμα
954 5400 1116 5468 συκῆ.
1158 5401 1296 5454 Ἀλλ’
1329 5404 1375 5455 εί
1408 5403 1469 5455 τὸ
1527 5404 1679 5472 μέλιν
1724 5403 1858 5474 πρὸς

281 5487 384 5557 τὴν
442 5488 572 5557 ’έλην
607 5489 911 5561 ἐξικμασθῇ
948 5493 1044 5545 καὶ
1073 5492 1152 5563 τῷ
1212 5494 1347 5565 ἡλίῳ
1380 5496 1440 5548 τὸ
1491 5497 1686 5559 κάλλος
1721 5497 1859 5548 ἀπο-

285 5577 481 5648 ϐληθῇ,
518 5579 612 5631 καὶ
645 5583 705 5632 τό
729 5598 785 5633 τε
816 5577 950 5644 εἶδος
989 5584 1106 5652 ἃμα
1131 5585 1225 5637 καὶ
1253 5584 1351 5654 τὴν
1379 5585 1572 5655 ἡδονὴν
1598 5587 1856 5656 στερηθῇ,

285 5672 380 5723 καὶ
410 5672 650 5741 ἀτεχνῶς
682 5673 818 5743 ρυσὴ
850 5674 1095 5744 γένηται,
1127 5675 1268 5743 πλὴν
1299 5676 1329 5743 ἢ
1360 5676 1506 5738 ἅπαξ
1539 5676 1683 5738 ἰδεῖν,
1717 5676 1860 5740 ἕξεις

285 5762 438 5816 οὐδέν
463 5780 477 5792 ·
512 5765 627 5832 ἆμα
654 5782 711 5816 τε
733 5765 842 5834 γὰρ
869 5766 1040 5835 ἐφάνη
1065 5807 1078 5830 ,
1110 5768 1204 5820 καὶ
1225 5767 1293 5820 τὰ
1319 5767 1409 5820 τοῦ
1436 5767 1655 5836 δένδρου
1682 5768 1862 5839 πολλῴ

287 5855 484 5910 θᾶττον
513 5860 545 5928 ἡ
577 5859 637 5912 τὸ
665 5858 825 5923 ἄνθος
861 5860 1032 5931 ὲρῤύη
1058 5877 1072 5893 ·
1107 5859 1251 5916 οὔτω
1294 5861 1388 5915 καὶ
1414 5860 1589 5914 ταῦτα
1624 5862 1722 5933 τῆς
1753 5880 1859 5933 μη-

1963 629 2091 666 vcro
2134 614 2368 681 palmam
2421 621 2475 666 et
2522 615 2760 680 laurum,
2809 615 2858 671 ei
2917 617 3009 685 qui
3051 621 3355 672 secundum
3413 620 3535 673 illos

1961 706 2177 773 Sapiens
2237 713 2290 757 et
2329 705 2553 773 pulcher
2603 716 2705 771 est,
2743 709 3269 780 deo,,:omninoque
3319 720 3372 765 et
3429 727 3537 779 prre

1959 797 2221 850 omnibus
2264 797 2552 850 excellenti
2601 800 2835 865 musico,
2884 801 3159 864 arcuario,
3199 801 3430 865 medico,
3485 814 3538 856 ct

1963 891 2065 941 vati
2097 890 2358 957 Apollini,
2401 903 2563 957 quem
2595 893 2846 944 eumdem
2867 908 2988 946 esse
3019 907 3082 945 ac
3105 892 3284 944 Solem
3310 894 3536 946 dicunt:

1959 987 2012 1030 et
2067 988 2127 1030 ut
2163 979 2538 1047 pulcherrimo
2587 989 2642 1032 et
2678 980 2992 1044 utilissimo,
3027 986 3172 1051 quod
3229 985 3538 1052 pulcherri-

1961 1085 2108 1123 mum
2159 1081 2212 1124 ct
2265 1072 2623 1124 utilissimum
2668 1080 2754 1124 est
2797 1073 3100 1141 assignant.
3154 1073 3228 1127 Ita
3281 1091 3311 1127 a
3369 1074 3536 1142 priori

1961 1164 2330 1217 conveniebat
2365 1163 2802 1233 pulchtitudini,
2865 1165 3147 1231 sapientiae
3204 1177 3254 1220 et
3319 1167 3538 1220 utilitati

1961 1255 2064 1307 tale
2091 1271 2323 1322 munus;
2361 1267 2414 1310 ct
2443 1237 2730 1312 videbatur
2774 1257 3062 1326 pulchrum
3119 1261 3278 1312 simul
3319 1271 3372 1313 et
3407 1262 3539 1316 utile

1961 1348 2280 1402 tnandttcari
2301 1358 2352 1401 et
2380 1351 2656 1418 prodesse,
2686 1359 2739 1402 et
2772 1352 3048 1418 sapientes
3071 1355 3213 1419 quod
3233 1369 3534 1420 congruunt

1962 1442 2071 1494 illic
2095 1449 2212 1494 erat
2233 1441 2496 1509 accipere.
2521 1443 2625 1496 Sed
2661 1444 2756 1498 has
2783 1444 3001 1512 quidem
3047 1445 3278 1508 fabulas,
3309 1448 3352 1499 si
3393 1449 3512 1499 vid.-

1963 1540 2069 1596 tur,
2104 1532 2285 1586 valere
2333 1534 2605 1587 sinamus.
2641 1534 2772 1599 Quae
2825 1545 3005 1589 autem
3068 1551 3294 1591 cernere
3336 1539 3459 1592 licet
3488 1551 3540 1594 et

1960 1624 2140 1678 dicere
2183 1625 2635 1693 exprobrationes
2691 1640 2796 1680 nou
2861 1637 3028 1682 sunt:
3086 1644 3209 1681 nam
3263 1631 3436 1698 prima
3483 1633 3536 1685 in

1961 1716 2214 1770 universa
2262 1726 2405 1770 terra
2437 1719 2604 1773 arbos
2651 1720 2998 1789 producitur;
3044 1737 3218 1784 neque
3277 1734 3536 1789 tanquam

1961 1809 2187 1862 arbores
2257 1810 2501 1879 reliquae.
2571 1809 2666 1864 Hae
2731 1813 2949 1880 quidem
3007 1815 3223 1867 cultura
3278 1818 3537 1882 gaudent,

1961 1901 2066 1954 illa:
2099 1890 2228 1954 vero
2280 1913 2496 1957 montes
2542 1913 2748 1968 amant,
2791 1906 2912 1959 alite
2953 1908 3352 1975 qttoquejttxta
3391 1926 3540 1962 mare

1960 1992 2191 2061 patriam
2225 1993 2426 2050 habent
2458 2012 2472 2050 :
2513 1996 2614 2050 ista
2652 2007 2832 2050 autem
2869 1999 2983 2054 sola
3026 2009 3080 2052 ct
3121 2001 3171 2053 in
3205 2002 3540 2055 culminibus

1959 2086 2300 2153 producitur,
2332 2097 2386 2141 et
2411 2087 2625 2142 cultura
2663 2090 2880 2154 crescit,
2918 2100 2970 2144 et
3013 2092 3160 2159 juxta
3205 2109 3356 2148 mare
3383 2110 3540 2163 vege-

1961 2185 2075 2230 tare
2100 2186 2276 2241 amat;
2308 2179 2535 2232 vincens
2573 2190 2754 2234 autem
2787 2182 2857 2236 ita
2884 2184 3127 2237 locorum
3159 2186 3540 2252 universitate,

1959 2282 2065 2322 non
2100 2268 2282 2322 minus
2316 2270 2482 2324 vincit
2519 2274 2858 2341 vegetatione
2907 2274 2979 2328 ita
3031 2290 3420 2346 quamcunque
3459 2294 3542 2332 ar-

1961 2361 2180 2424 borum,
2224 2372 2281 2416 ut
2316 2364 2462 2417 nulla
2513 2364 2727 2433 uspiam
2757 2367 2882 2420 talis
2909 2367 2997 2420 sit.
3024 2367 3142 2422 Non
3175 2370 3322 2421 enim
3367 2379 3423 2423 ut
3458 2371 3542 2423 in-

1961 2461 2042 2506 ter
2071 2454 2208 2507 alias
2239 2470 2361 2523 quae
2390 2465 2666 2510 montanae
2698 2468 2826 2511 sunt
2856 2459 2996 2511 idem
3025 2474 3251 2514 cernere
3274 2463 3539 2529 pra-bent,

1961 2547 2242 2602 silvestres
2292 2558 2345 2602 et
2368 2549 2586 2602 incultae
2615 2564 2740 2603 cum
2772 2551 2905 2613 sint,
2945 2551 3269 2622 plerumque
3298 2556 3459 2607 etiam
3490 2566 3544 2608 et

1961 2637 2347 2706 infructuosa;
2388 2640 2528 2695 inter
2559 2642 2733 2695 cultas
2777 2658 2928 2707 vero,
2979 2643 3098 2697 alia:
3121 2643 3392 2699 fructibus
3424 2661 3542 2712 par-

1963 2728 2205 2784 cissimze
2236 2739 2290 2784 et
2350 2733 2562 2786 truncis
2593 2733 2874 2797 aculeattr,
2913 2735 3032 2788 loco
3074 2743 3283 2788 tantum
3321 2753 3348 2788 a
3387 2753 3544 2789 mon-

1967 2822 2110 2874 tanis
2158 2822 2504 2888 differentes;
2550 2826 2690 2888 alim,
2740 2825 2976 2879 fructum
3005 2827 3231 2896 quidem
3267 2827 3403 2883 forte
3433 2845 3542 2884 non

1965 2911 2305 2977 abnuentes,
2354 2913 2451 2967 sed
2492 2914 2747 2969 tlebiliter
2828 2916 3218 2984 producentes,
3284 2929 3337 2971 et
3389 2919 3540 2973 brevi

1964 3013 2208 3072 tempore
2256 3004 2535 3061 ﬂorentes.
2593 3006 2699 3061 Sed
2747 3009 2851 3062 ista
2900 3010 3044 3062 inter
3093 3010 3273 3064 cultas
3304 3010 3449 3079 viget
3489 3020 3545 3066 et

1964 3095 2128 3151 durat
2157 3107 2216 3151 ιιι
2255 3113 2439 3168 pauca:
2479 3098 2774 3154 admodum
2806 3117 2836 3155 e
2865 3102 3227 3170 sylvestribus
3278 3113 3335 3156 et
3363 3102 3541 3156 infru-

1965 3191 2213 3255 ctuosis;
2261 3201 2316 3244 et
2358 3191 2498 3245 inter
2536 3191 2816 3246 silvestres
2842 3192 3083 3260 jucunda
3119 3203 3173 3247 et
3193 3208 3408 3247 atntena
3435 3205 3540 3256 est,

1961 3281 2189 3336 floribus
2220 3291 2274 3335 et
2307 3280 2583 3337 fructibus
2612 3291 2829 3346 ornata,
2863 3293 2922 3338 ut
2964 3285 3110 3337 nulla
3138 3285 3242 3338 alia
3272 3286 3536 3340 arborum

1959 3375 2204 3444 porticus
2255 3376 2680 3440 exornantiutn,
2739 3387 2793 3430 et
2852 3377 3201 3446 pulchrarum
3231 3379 3538 3448 puellarum

1970 3482 2122 3521 more
2152 3467 2290 3520 bene
2313 3477 2684 3536 comptarum.
2712 3467 2918 3524 Deinde
2938 3479 3147 3524 caetera:
3179 3471 3378 3540 saepius
3405 3471 3538 3525 anni

1961 3567 2205 3625 tempora
2251 3556 2480 3622 fallunt;
2531 3558 2651 3612 alia:
2684 3558 2904 3628 quidem
2957 3575 3050 3614 ver
3094 3559 3443 3624 antecedunt,
3480 3571 3541 3616 ut

1961 3651 2074 3718 ipsa
2100 3650 2317 3718 quidem
2357 3651 2573 3719 palma;
2611 3650 2795 3705 multa:
2823 3659 3005 3705 autem
3038 3652 3092 3706 in
3126 3653 3303 3707 hieme
3337 3654 3542 3722 produ-

1960 3752 2112 3806 cunt;
2144 3743 2248 3796 ista
2280 3756 2408 3796 vero
2434 3743 2598 3796 etiam
2628 3741 2682 3795 in
2714 3742 2801 3796 his
2830 3742 3002 3811 legem
3034 3752 3216 3798 servat
3238 3753 3291 3798 et
3323 3745 3543 3814 sapien-

1962 3843 2044 3888 tcr
2067 3837 2198 3889 colit
2227 3854 2240 3891 :
2267 3836 2474 3890 :estatis
2513 3835 2657 3888 enim
2693 3834 2746 3888 in
2780 3847 2990 3905 partem
3021 3836 3284 3905 majorem
3317 3853 3544 3907 progre-

1961 3926 2130 3991 ditur,
2180 3935 2235 3980 et
2268 3927 2543 3981 fructuum
2581 3926 3004 3996 pulcherrimos,
3054 3929 3184 3980 anni
3235 3936 3540 3998 temporum

1962 4021 2335 4088 pulcherrimo
2354 4022 2592 4076 ostendit
2620 4039 2633 4075 :
2663 4020 2842 4075 hieme
2869 4029 3047 4075 autem
3079 4020 3539 4091 pulchritudinem

1962 4113 2189 4176 excutit,
2223 4121 2558 4166 rtuaturam
2614 4113 2974 4182 ordinemque
3029 4120 3335 4182 temporum
3395 4113 3542 4166 inse-

1963 4206 2190 4275 quitur;
2217 4205 2290 4259 ita
2315 4215 2394 4268 ut,
2429 4206 2474 4260 si
2508 4206 2639 4276 quid
2676 4205 2875 4260 mirum
2908 4205 3155 4275 quidem,
3194 4192 3287 4260 sed
3315 4205 3543 4259 verissi-

1964 4314 2114 4352 mum
2166 4299 2351 4352 dicere
2405 4307 2519 4360 est.
2567 4303 2705 4353 hanc
2754 4299 2928 4355 solam
2981 4314 3103 4353 esse
3162 4297 3542 4368 tempestivam

1964 4391 2163 4444 merito
2198 4390 2400 4458 aliquis
2450 4391 2913 4458 pronuntiaverit,
2953 4406 3060 4444 non
3091 4390 3270 4444 solum
3304 4389 3374 4443 ob
3405 4397 3546 4441 temo

1965 4497 2087 4551 pus,
2124 4483 2216 4536 sed
2249 4483 2412 4536 etiam
2438 4482 2508 4536 ob
2547 4480 2813 4549 fructum;
2849 4491 3062 4538 cetera:
3095 4493 3278 4536 autem
3333 4482 3539 4535 intem-

1893 4570 1932 4623 D
1965 4576 2209 4643 pestivaz,
2245 4574 2318 4626 ita
2362 4573 2613 4628 ordinem
2653 4573 2902 4629 fallentes
2933 4583 2987 4628 et
3018 4584 3232 4643 tempus
3282 4575 3544 4643 ignoran-

1964 4677 2074 4731 tes;
2113 4683 2219 4720 non
2269 4676 2414 4720 certe
2469 4667 2625 4735 quasi
2663 4671 2729 4721 ad
2785 4677 2998 4737 tempus
3043 4681 3346 4738 apparere,
3399 4666 3545 4721 sicut

1963 4760 2167 4813 servari
2205 4758 2438 4813 durante
2485 4767 2728 4828 tempore
2789 4762 3172 4829 tempestivum
3213 4758 3357 4813 l'oret
3393 4776 3406 4812 :
3441 4759 3540 4813 sed

1961 4865 2026 4902 eo
2057 4849 2175 4917 ipso
2193 4847 2335 4915 quod
2362 4847 2590 4900 omnino
2620 4847 2806 4914 durat,
2841 4848 2945 4900 ista
2977 4849 3316 4917 temporibus
3335 4848 3538 4916 potior,

1962 4942 2142 5009 potior
2175 4939 2420 5009 epitheto
2474 4955 2596 5005 suo,
2655 4940 2836 5009 potior
2893 4954 3113 5008 quoque
3145 4938 3403 4994 omnibus
3429 4954 3540 4994 una

1961 5032 2176 5088 cmteris
2244 5030 2528 5100 frugiferis
2579 5031 2925 5092 ostenditur;
2983 5029 3256 5098 jucundas
3317 5031 3537 5101 quidem

1961 5123 2272 5188 duratione,
2301 5123 2674 5176 diuturniores
2702 5132 2882 5175 autem
2909 5122 3250 5188 jncunditate
3283 5124 3536 5190 vincens;

1964 5219 2072 5270 imo
2099 5231 2247 5278 vero,
2293 5215 2338 5268 si
2372 5230 2500 5269 vera
2541 5215 2725 5270 dicere
2767 5224 3012 5285 oportet,
3042 5215 3540 5284 jucundasjucun-

1960 5309 2127 5363 ditate
2161 5315 2215 5361 et
2237 5306 2515 5361 durabiles
2545 5306 2834 5362 duratione
2864 5318 3155 5374 superans.

2032 5398 2500 5454 Jucundissimum
2533 5399 2752 5467 quidem
2782 5399 2984 5451 bonum
3015 5407 3098 5451 est
3139 5397 3276 5451 licus
3303 5414 3316 5462 ;
3369 5396 3463 5450 sed
3493 5397 3539 5449 si

1961 5492 2082 5561 ejus
2127 5490 2231 5545 mel
2281 5489 2470 5544 calore
2534 5487 2865 5555 deﬂuxerit,
2915 5496 2971 5543 et
3013 5491 3127 5544 sole
3189 5488 3540 5558 pulchritudo
3610 5499 3612 5501 ‘

1963 5586 2143 5639 ablata
2192 5582 2390 5646 fuerit,
2443 5590 2577 5637 tunc
2626 5592 2911 5637 venustate
2945 5589 2998 5635 et
3039 5581 3316 5650 voluptate
3370 5580 3538 5635 simul

1965 5679 2222 5738 nudatur.
2260 5685 2316 5730 et
2350 5674 2492 5729 foede
2526 5682 2719 5745 rugata
2772 5672 3034 5738 efﬁcitur,
3105 5683 3302 5742 praeter
3353 5675 3535 5727 solum

1963 5772 2141 5824 visum
2176 5771 2419 5824 invenies
2442 5772 2611 5837 nihil;
2636 5786 2761 5824 nam
2786 5771 2952 5825 simul
2973 5769 3228 5838 apparuit
3255 5777 3310 5821 et
3329 5767 3540 5821 efﬂuxit

1966 5863 2178 5919 arboris
2208 5863 2373 5919 decor
2412 5864 2588 5920 multo
2623 5863 2864 5921 velocius
2898 5875 3058 5935 quam
3087 5860 3208 5918 llos.
3241 5859 3334 5918 Sic
3363 5859 3538 5916 etiam
