4252 6436
800 394 899 457 851

2032 396 2353 456 JO.\N.\'IS
2390 399 2823 463 GEOMETRIE

3954 406 4067 467 85?.

797 508 851 561 in
882 506 966 560 his
1012 505 1155 560 malo
1194 507 1327 560 licus
1361 503 1498 558 cedit
1534 518 1647 556 tum
1685 504 1737 556 in
1775 502 1900 557 aliis
1940 504 2365 573 pulchritudinis

2488 511 2598 575 téa;
2624 515 2657 583 ἡ
2712 516 2853 585 συκῆ
2903 516 3137 584 ἡττᾶται
3162 531 3175 546 ·
3227 515 3371 585 μετά
3422 531 3488 584 γε
3521 517 3630 571 τῶν
3673 516 3853 571 ἄλλων
3879 517 3979 570 τοῦ
4006 535 4063 569 τε

792 604 847 649 et
876 596 1064 651 odoris
1107 610 1227 650 cum
1275 592 1673 663 magnitudinis
1705 592 1929 648 dotibus
1961 612 1972 646 :
2011 594 2214 649 talibus
2243 594 2368 663 qui-

795 688 918 741 dem
964 689 1065 742 ista
1100 687 1231 741 locis
1260 686 1483 755 gaudet,
1535 684 1742 740 talibus
1780 694 1967 740 autem
2004 686 2059 739 in
2088 686 2371 741 montibus

797 778 990 843 ﬂoret;
1025 778 1076 830 in
1109 784 1320 831 tantum
1363 774 1627 845 temporis
1654 774 1860 842 durat,
1892 787 2159 846 quantum
2206 775 2372 830 etiam

798 874 1199 925 incrementum
1251 869 1441 925 sumit.
1485 866 1605 922 Non
1657 869 1805 923 enim
1844 869 1911 923 ad
1948 871 2126 939 ipsum
2172 869 2374 924 ccelum

797 962 1027 1025 tollitur,
1062 960 1214 1016 etab
1259 959 1581 1016 hominibus
1620 975 1785 1030 quam
1834 961 2074 1015 maxime
2130 961 2373 1030 recedit;

797 1068 974 1121 neque
1016 1054 1248 1107 multum
1298 1055 1454 1121 juxta
1496 1062 1699 1107 terram
1740 1053 1939 1120 surgit,
1972 1061 2033 1107 ut
2070 1053 2256 1108 multa:
2285 1068 2376 1107 ar-

796 1148 982 1209 bores,
1040 1144 1352 1200 humilitate
1399 1147 1727 1217 despicitur,
1763 1146 1850 1201 vel
1899 1148 2169 1204 ruborum
2225 1163 2379 1204 more

797 1235 1077 1289 divellitur
1106 1246 1159 1290 et
1191 1238 1573 1306 proculcatur;
1611 1236 1703 1291 sed
1739 1238 2178 1292 moderationem
2207 1237 2262 1294 in
2293 1238 2378 1294 his

754 1381 757 1383 ,
796 1345 1017 1398 quoque
1052 1342 1256 1392 servat,
1287 1340 1342 1384 et
1370 1341 1648 1398 tamquam
1696 1344 1889 1385 omnes
1921 1330 2175 1386 homines
2221 1345 2377 1385 ama-

799 1432 945 1476 tores
977 1421 1206 1487 babens,
1266 1424 1332 1477 ad
1360 1423 1565 1492 justam
1625 1436 1942 1477 mensuram
1990 1424 2289 1491 profertur,
2326 1432 2381 1478 et

798 1529 964 1584 prope
1015 1516 1284 1568 manendo
1345 1516 1658 1569 amantibus
1690 1531 1748 1570 se
1797 1515 2025 1584 praebet.
2071 1515 2141 1571 Ut
2196 1526 2379 1570 autem

800 1607 1006 1658 amoris
1038 1606 1263 1658 satietas
1287 1620 1394 1657 non
1430 1605 1735 1675 contingat,
1770 1606 1934 1674 paulo
1960 1621 1990 1660 a
2025 1616 2166 1661 terra
2193 1622 2381 1661 assur-

799 1704 898 1771 git,
929 1713 982 1756 ct
1017 1718 1123 1757 una
1173 1719 1295 1757 cum
1348 1704 1636 1771 juventute
1683 1704 2148 1772 pulchritudinem
2203 1704 2381 1772 expli-

799 1804 907 1858 cat,
942 1804 997 1847 et
1023 1794 1311 1862 juventute
1349 1795 1611 1858 majorem
1664 1793 2134 1861 pulchritudinem
2178 1806 2380 1861 expen-

799 1888 955 1943 dcns.
996 1895 1230 1953 utraque
1285 1886 1585 1952 conspicua
1620 1882 1952 1938 ostenditur.
1990 1881 2068 1937 Ita
2102 1895 2234 1950 ergo
2281 1883 2382 1934 hu-

802 1978 1085 2029 militatem
1114 1985 1169 2029 et
1192 1975 1573 2030 celsitudinem
1618 1976 1904 2045 aequaliter
1945 1975 2162 2028 evitans
2192 1974 2377 2037 arbor,

802 2083 976 2135 neque
1023 2067 1269 2137 aspectui
1319 2067 1811 2134 contemplantium
1842 2064 2157 2129 abducitur,
2205 2078 2383 2131 neque

800 2176 1043 2213 amorem
1094 2160 1275 2213 satiat.
1309 2158 1414 2213 Sed
1464 2174 1640 2228 neque
1696 2159 1797 2212 sibi
1858 2158 1959 2227 ipsi
2008 2167 2195 2221 nocet,
2254 2172 2380 2211 nam

798 2254 1138 2309 alt;tudinem
1202 2264 1507 2317 correptam
1565 2251 1857 2306 vehemens
1907 2260 2105 2305 ventus
2167 2250 2381 2303 irruens

800 2365 907 2402 non
942 2348 1146 2416 rumpit
1173 2348 1257 2403 vel
1287 2346 1573 2409 subvertit,
1605 2355 1659 2400 et
1686 2353 1891 2398 tantam
1917 2341 2380 2411 pulchritudinem

802 2439 1225 2509 proculcattdam
1281 2438 1571 2508 permittit.
1634 2438 1793 2491 σιω-ιο
1848 2434 1995 2490 enim
2039 2448 2146 2487 non
2222 2433 2383 2499 digne

814 2530 1085 2585 llomcrus
1122 2546 1237 2585 rem
1291 2521 1759 2597 deplorare-lamin
1798 2526 1849 2579 in
1882 2525 2094 2594 plantas
2144 2524 2381 2578 lamenta

800 2623 1094 2692 expromit,
1140 2622 1230 2692 qni
1282 2638 1467 2690 pinum
1510 2597 1839 2674 latii‘entatur
1873 2629 1928 2673 et
1959 2632 2245 2688 quercum,
2287 2619 2381 2685 qui

804 2716 1065 2787 populum
1118 2714 1295 2768 albam
1353 2716 1532 2775 dellet,
1585 2728 1635 2766 (:t
1672 2713 1938 2781 gemitum
1989 2711 2096 2765 ciet
2125 2712 2177 2762 in
2204 2710 2381 2763 oleam

802 2811 1076 2864 arborem.
1138 2805 1376 2877 Fugiens
1424 2804 1593 2873 igitur
1645 2805 1787 2859 hanc
1840 2803 2209 2857 calamitatem
2267 2802 2385 2857 haec

801 2904 991 2965 arbos,
1021 2899 1216 2955 eodem
1252 2899 1417 2953 modo
1454 2898 1620 2952 etiam
1656 2896 1897 2951 fructum
1930 2894 2207 2966 producit.

870 3077 1007 3134 Nam
1052 3079 1233 3150 primo
1284 3077 1506 3147 quidem
1567 3092 1676 3130 non
1729 3076 1873 3130 sicut
1926 3073 2108 3145 palma
2159 3072 2385 3128 frondes

2475 604 2706 669 κάλλους
2760 606 2859 661 καὶ
2904 606 3004 676 τῆς
3038 606 3209 677 ὀδμῆς
3269 608 3365 661 καὶ
3413 605 3510 660 τοῦ
3564 608 3871 677 μεγέθους·
3908 610 4064 676 παρὰ

2473 698 2740 762 τοιούτοις
2766 700 2865 770 μὲν
2895 698 3009 752 τῶν
3031 699 3252 769 χωρίων
3283 699 3553 769 χαίρουσα
3573 715 3587 729 ·
3630 700 3785 769 παρὰ
3832 700 4065 772 τοιαύτῃ

2473 791 2530 845 δὲ
2566 789 2675 843 τῶν
2708 790 2869 862 ὡρῶν
2908 790 3218 845 θάλλουσα·
3269 790 3424 861 παρὰ
3480 789 3736 844 τοσοῦτον
3780 790 3839 843 δὲ
3871 792 4035 859 διαμὲ

2478 897 2641 935 νουσα
2672 881 2881 934 καὶτὸν
2910 881 3103 952 χρόνον
3129 881 3250 932 οἵαν
3273 880 3339 949 δὴ
3362 879 3460 932 καὶ
3490 880 3590 949 τὴν
3617 878 3861 949 βλάστην
3892 881 4041 930 ποιεῖ

2477 990 2591 1028 ται.
2626 972 2764 1027 Οὓτε
2787 973 2897 1044 γὰρ
2920 972 3057 1042 πρὸς
3084 971 3247 1025 αὐτὸν
3274 972 3489 1042 αῐρεται
3523 970 3615 1023 τὸν
3648 970 3893 1040 οὐρανὸν
3916 1011 3932 1031 ,
3978 987 4046 1020 κα

2478 1065 2588 1117 τῶν
2639 1063 2944 1133 ἀνθρώπων
2999 1063 3074 1126 ὡς
3108 1062 3200 1115 ἐπὶ
3236 1064 3487 1115 πλεῖστον
3541 1062 3875 1115 ἀποστατεῖο
3942 1059 4062 1111 οὔτε

2482 1156 2589 1226 μὴν
2621 1156 2760 1208 πάνυ
2794 1157 2860 1225 τῇ
2883 1157 2955 1225 γῇ
2984 1155 3366 1224 προσπέφυκε,
3394 1153 3490 1207 καὶ
3516 1146 3605 1205 οἶα
3639 1152 3723 1219 τάκ
3748 1150 3926 1204 πολλὰ
3961 1152 4063 1202 τῶν

2478 1248 2744 1318 δένδρων,
2793 1249 2873 1319 τῷ
2917 1248 3121 1318 ἑτοίμῳ
3177 1246 3699 1315 καταπεφρόνηται,
3758 1244 3791 1313 ἢ
3857 1242 4063 1310 θάμνον

2478 1340 2682 1411 τρόπον
2720 1340 2973 1410 ἔρριπται
2998 1379 3014 1405 ,
3047 1340 3142 1390 καὶ
3167 1338 3647 1402 καταπεπάτηταιο
3681 1332 3819 1385 ἀλλὰ
3849 1332 3910 1383 τὸ
3967 1332 4064 1383 ad).

2482 1450 2618 1503 φρον
2648 1435 2752 1485 κάν
2783 1433 2997 1494 τούτοις
3023 1431 3159 1501 τιμᾷ
3182 1445 3196 1458 ο
3233 1429 3325 1481 καὶ
3357 1424 3445 1481 οἷα
3483 1428 3581 1496 μὲν
3610 1426 3825 1487 πάντας
3852 1422 4062 1491 ἀνθρώ-

2483 1539 2617 1585 π”υς
2648 1523 2881 1592 ἐραστάς
2913 1522 3130 1591 ἔχουσα,
3160 1521 3408 1590 πρόεισιν
3437 1521 3529 1571 ἐπί
3567 1518 3785 1589 μέτριον
3812 1533 3825 1545 -
3872 1518 3971 1567 καὶ
3996 1516 4063 1582 τις,

2486 1612 2667 1681 μένειν
2700 1612 2889 1678 ἐγγὺς,
2936 1614 3049 1674 τοῖς
3089 1610 3257 1678 ἐρῶσι
3304 1609 3613 1680 χαρίζεται.
3648 1608 3846 1667 ’Ὅπως
3889 1605 3949 1657 δὲ
3998 1606 4063 1673 μὴ

2486 1707 2578 1757 καί
2616 1704 2775 1773 κόρος
2823 1704 2917 1756 τοῦ
2964 1705 3167 1772 ἔρωτος
3211 1699 3271 1772 ᾖ,
3331 1703 3426 1755 καὶ
3483 1698 3676 1769 μικρόν
3724 1715 3778 1751 τι
3816 1698 3918 1763 τῆς
3970 1697 4063 1763 γῆς

2486 1799 2755 1862 ἀνέστηκε
2776 1836 2790 1859 ,
2843 1796 2938 1850 ιιιαῆ⁹
2972 1798 3091 1866 ἅμα
3117 1794 3194 1866 τῷ
3229 1811 3287 1846 τε
3323 1793 3510 1847 κάλλει
3534 1793 3632 1861 τὴν
3662 1792 3888 1860 ἡλικίαν
3934 1807 4062 1855 στρ-

2485 1888 2753 1957 προϊοῦσα
2778 1903 2793 1917 ο
2829 1888 2925 1940 καὶ
2956 1886 3019 1938 τὸ
3060 1885 3257 1948 κάλλος
3299 1888 3366 1954 τῇ
3401 1884 3588 1953 ἡλικίᾳ
3633 1881 3800 1935 πλέον
3831 1879 4062 1943 τιθεῖσα,

2484 1978 2542 2044 ἐξ
2573 1978 2903 2047 ἀμφοτέρων
2932 1976 2993 2030 τὸ
3039 1975 3237 2045 σεμνὸν
3268 1976 3621 2028 ἐνδείκνυται.
3654 1971 3845 2033 Οὕτως
3882 1970 3979 2025 οὖν
4014 1970 4065 2022 τὸ

2483 2072 2741 2125 ταπεινόν
2762 2086 2822 2124 τε
2846 2070 2941 2124 καὶ
2988 2068 3195 2139 ὑψηλὸν
3222 2068 3417 2138 ἐπίσης
3452 2066 3623 2135 φυγὸν
3655 2066 3716 2117 τὸ
3757 2064 4063 2133 βλάστημα,

2483 2161 2606 2215 οὔτε
2638 2164 2737 2230 τὴν
2765 2162 2893 2231 δψιν
2920 2162 3048 2224 τοὺς
3089 2160 3286 2222 θεατὰς
3314 2161 3559 2229 ἀφαιρεῖ,
3594 2155 3716 2209 οὔτε
3750 2155 3957 2223 πληροῖ
3989 2152 4063 2204 τὶν

2484 2256 2703 2327 ἔρωτα’
2759 2255 2874 2308 ἀλλ’
2919 2254 3044 2307 οὔτε
3084 2252 3189 2323 μὴν
3222 2249 3424 2320 ἑαυτὴν
3474 2249 3683 2302 αόικεί’
3739 2246 3801 2299 οὗ
3844 2245 3961 2314 γὰρ
4012 2243 4066 2311 δὴ

2485 2352 2621 2422 πρὸς
2658 2348 2790 2417 ὕψος
2831 2346 3108 2401 ἐλάτασαν
3132 2388 3145 2407 ,
3183 2342 3419 2413 σκληρός
3445 2358 3528 2404 τις
3557 2340 3758 2408 ἄνεμος
3813 2334 4071 2405 ἐμπεσὼν

2486 2444 2791 2511 κατήνεγκε
2810 2440 2902 2493 καὶ
2926 2436 3187 2508 άνέτρειμε
3210 2476 3225 2500 ,
3254 2435 3349 2489 καὶ
3376 2434 3631 2488 τοτοῦτον
3653 2430 3853 2492 κάλλος
3883 2429 4070 2483 πατεῖν

2486 2535 2827 2603 παρέδωκεν·
2847 2534 2880 2602 ἢ
2913 2532 3023 2603 γὰρ
3052 2530 3117 2585 ἂν
3144 2529 3253 2583 οὐδ’
3274 2529 3526 2597 Ὄμηρος
3554 2523 3720 2588 ἀξίως
3750 2524 3812 2575 τὸ
3840 2523 4072 2591 πρᾶγμα

2485 2629 2818 2697 ἐθρήνησεν·
2860 2626 2919 2687 ὃς
2971 2641 3033 2692 γε
3063 2623 3158 2677 καὶ¹
3194 2620 3426 2693 θρήνους
3458 2620 3536 2681 εἰς
3587 2616 3655 2671 τὰ
3703 2615 3843 2686 ἔρνη
3890 2615 4071 2666 ποιεῖ’

2485 2724 2579 2774 καὶ
2609 2720 2799 2790 θρηνεῖ
2844 2718 2945 2788 μέν
2975 2718 3075 2787 τὴν
3114 2715 3275 2770 πίτυν
3297 2731 3310 2746 ⁸
3344 2714 3535 2785 θρηνεῖ
3562 2714 3619 2765 δὲ
3646 2712 3749 2783 τὴν
3780 2709 3914 2781 δρῦν
3933 2725 3950 2739 ο
3980 2708 4076 2762 δαο

2487 2814 2647 2883 κρύει
2678 2812 2737 2866 δὲ
2783 2810 2884 2881 τὴν
2936 2808 3213 2879 άχερωῖδα
3265 2808 3361 2860 καὶ
3398 2804 3636 2860 ἐλεεινὸν
3691 2803 3787 2856 ἐπὶ
3843 2801 3925 2873 τῷ
3978 2802 4077 2871 τῆς

2486 2906 2671 2969 ἐλαίας
2720 2904 2984 2974 ἀνακλᾲει
3021 2900 3196 2972 φυτῷ.
3235 2896 3442 2968 Φεῦγον
3472 2898 3566 2952 οὖν
3593 2896 3687 2950 καὶ
3726 2896 3938 2965 ταύτην
3977 2893 4079 2963 τὴν

2497 2998 2791 3069 συμφορὰν
2811 2999 2875 3052 τὸ
2911 2996 3102 3066 φυτὸν,
3125 2989 3238 3048 οἷον
3266 2993 3558 3063 βλαστάνει
3594 2989 3803 3045 καὶτὸν
3835 2987 4075 3059 καρπόν.

2562 3086 2788 3156 Πρῶτον
2821 3084 2922 3155 μὲν
2964 3085 3075 3155 γὰρ
3105 3083 3204 3152 οὐχ
3236 3081 3426 3151 ὥσπερ
3467 3082 3494 3134 6
3532 3077 3711 3148 φοῖνιξ
3748 3078 3845 3131 ἐπὶ
3894 3078 4079 3147 κόμης

800 3169 1093 3225 frondibus
1171 3171 1347 3225 solum
1434 3168 1645 3235 adjicit,
1720 3168 1814 3221 sed
1893 3182 1961 3220 ex
2040 3165 2191 3219 omni
2228 3173 2377 3234 parte

2488 3179 2548 3234 οὐ
2583 3180 2743 3248 μόνον
2764 3178 2913 3248 κομᾷ
2932 3218 2948 3242 ,
2975 3176 3113 3230 ἀλλὰ
3141 3176 3438 3239 διαπαντὸς
3459 3172 3678 3239 ἐξανθεῖ
3703 3170 3801 3224 τοῦ
3839 3170 4081 3239 βλαστή-

801 3278 988 3317 ramos
1016 3271 1069 3317 et
1100 3261 1322 3316 frondes
1353 3260 1647 3330 expromit,
1671 3266 1726 3313 et
1761 3258 2145 3327 undecumque
2170 3266 2384 3310 amato-

806 3371 897 3410 res
923 3353 1148 3409 attrahit
1185 3362 1239 3408 et
1265 3354 1519 3407 delectat.
1576 3349 1782 3405 Deinde
1813 3347 2087 3404 fructibus
2116 3347 2232 3402 haec
2260 3345 2385 3400 alba

800 3455 907 3510 est,
938 3447 1027 3501 illa
1058 3444 1220 3512 ﬂava,
1254 3447 1425 3500 altera
1449 3444 1636 3507 rubra,
1677 3442 1849 3498 altera
1879 3454 2189 3513 purpurea,
2213 3438 2385 3493 altera

810 3539 1051 3610 denique
1098 3538 1407 3608 cruginosa
1459 3553 1475 3590 :
1523 3537 1595 3591 ita
1628 3537 1773 3590 inter
1823 3534 2052 3589 arbores
2078 3531 2186 3587 alia
2238 3529 2386 3587 aliud

806 3630 934 3693 fert,
984 3632 1078 3685 sed
1107 3629 1293 3686 omnia
1352 3628 1455 3684 fert
1489 3629 1688 3684 malus.
1728 3624 1787 3681 Si
1832 3624 2056 3695 quidem
2110 3624 2236 3679 albo
2292 3622 2391 3677 de-

808 3722 1066 3784 lecteris,
1130 3720 1197 3774 ad
1256 3718 1434 3774 albam
1502 3719 1754 3773 arborem
1811 3718 2095 3787 procedis;
2152 3718 2200 3771 si
2261 3728 2391 3768 vero

804 3813 1035 3868 rubrum
1079 3812 1289 3882 cupias,
1340 3810 1406 3865 ad
1461 3812 1683 3865 rubram
1723 3819 1773 3863 te
1806 3807 2036 3878 dirigis;
2086 3806 2133 3861 si
2178 3814 2393 3860 utrum-

805 3920 913 3974 que
950 3919 1138 3970 ames,
1170 3904 1237 3957 ad
1289 3902 1451 3956 aliam
1500 3904 1694 3965 vadis;
1734 3901 1817 3955 sin
1847 3912 2031 3954 autem
2076 3898 2241 3953 simul
2277 3911 2394 3951 om-

808 4000 897 4053 nia
928 4013 1174 4068 quaeras,
1208 3996 1295 4050 abi
1327 3996 1395 4050 ad
1438 3995 1701 4049 ferentem
1741 3992 1974 4057 datiles;
2023 3992 2138 4043 haec
2173 3990 2239 4044 iis
2274 3988 2395 4057 qui-

810 4092 932 4144 dem
964 4090 1133 4155 albet,
1176 4088 1243 4143 iis
1294 4102 1423 4140 vero
1469 4087 1668 4150 rubet;
1718 4093 1831 4138 tum
1870 4083 2090 4155 quidem
2122 4090 2393 4146 recenter,

809 4194 927 4238 tum
957 4192 1138 4235 autem
1166 4180 1488 4249 jamdudum
1516 4196 1531 4244 ;
1563 4178 1630 4232 iis
1661 4191 1791 4232 vero
1823 4182 2125 4246 purpurat;
2160 4183 2216 4227 et
2251 4172 2396 4227 albet

808 4276 1031 4346 quidem
1078 4274 1230 4329 velut
1260 4274 1368 4336 lac,
1402 4281 1669 4342 purpurat
1716 4285 1845 4325 vero
1898 4269 2002 4323 ista
2052 4269 2201 4322 velut
2248 4281 2394 4328 rosa,

817 4368 1176 4440 variaturque
1210 4366 1447 4421 diversis
1499 4365 1818 4429 coloribus;
1851 4365 1966 4417 haec
2004 4363 2224 4432 quidem
2259 4369 2395 4422 tota,

810 4461 902 4517 illa
964 4475 1095 4513 vero
1145 4463 1252 4513 non
1303 4466 1452 4522 tota;
1523 4457 1642 4510 haec
1680 4455 1887 4518 minus,
1937 4454 2030 4509 illa
2096 4452 2290 4522 magis.
2339 4450 2396 4503 Si

2491 3288 2660 3341 ματος
2682 3310 2698 3336 ,
2735 3271 2830 3325 καὶ
2862 3270 3184 3340 ψυχαγωγεῖ
3225 3269 3320 3321 καὶ
3358 3267 3551 3337 τέρπει
3584 3260 3927 3333 πανταχόθεν
3951 3260 4084 3322 τοὺς

2488 3362 2751 3430 ἐραστάς.
2789 3363 3022 3415 Ἔπειτα
3058 3360 3170 3415 τῶν
3197 3360 3449 3430 καρπῶν,
3482 3359 3510 3412 6
3547 3357 3647 3428 μιν
3675 3354 3905 3416 λευκὸςο
3941 3354 3970 3405 6
3999 3350 4082 3411 δὲ,

2489 3453 2703 3525 ὼχρός’
2741 3454 2771 3507 ὁ
2809 3452 2890 3517 δὲ,
2936 3452 3199 3523 ἐρυθρός⁶
3242 3451 3271 3503 6
3304 3450 3382 3513 δὲ,
3416 3445 3729 3517 φοινικοῦς’
3765 3446 3792 3498 6
3844 3443 3924 3505 δέ,
3986 3441 4085 3494 καὶ

2495 3548 2700 3620 μιλτός.
2723 3547 2885 3617 Φέρει
2910 3545 2969 3598 δὲ
2997 3544 3106 3598 τῶν
3147 3542 3332 3611 φυτῶν
3384 3540 3481 3593 καὶ
3501 3538 3628 3593 ἄλλο
3656 3536 3756 3606 μὲν
3783 3535 3915 3589 ἄλλο
3933 3574 3948 3598 ,
3981 3532 4081 3585 καὶ

2494 3640 2669 3694 πάντα
2699 3638 2758 3692 δέ
2786 3636 2849 3692 τὸ
2878 3636 3011 3691 αὐτό
3030 3652 3043 3666 ο
3083 3634 3185 3688 κᾶν
3216 3633 3315 3703 μὲν
3352 3632 3430 3703 τῷ
3460 3628 3639 3700 λευκῷ
3672 3627 3893 3699 χαίρῃς.
3928 3625 4083 3694 παρὰ

2493 3732 2702 3803 ταύτην
2756 3729 3034 3801 βαδίζεις*
3078 3727 3146 3782 ἂν
3186 3726 3243 3781 δὲ
3292 3725 3361 3779 τὸ
3421 3722 3655 3795 ἐρυθρὸν
3706 3719 3905 3789 ποθῇς,
3950 3717 4082 3786 παρ’

2496 3825 2715 3894 ἐκείνην
2747 3822 2966 3892 ἀπέρχῃ
2991 3837 3005 3852 ο
3038 3822 3107 3874 ἂν
3129 3819 3188 3873 δὲ
3223 3819 3317 3871 καὶ
3351 3818 3557 3885 ἀμφοῖν
3593 3815 3749 3884 ἐρᾷς,
3792 3812 3948 3881 παρὰ
3982 3809 4083 3879 τὴν

2497 3916 2668 3983 ἄλλην
2697 3915 2890 3983 φοιτᾷς
2912 3930 2927 3944 ο
2970 3911 3038 3966 ἂν
3064 3911 3121 3965 δὲ
3172 3911 3265 3963 καὶ
3310 3909 3493 3961 πάντα
3519 3905 3655 3978 ὁμοῦ
3705 3903 3900 3973 ζητῇς,
3934 3902 4083 3970 παρὰ

2496 4006 2598 4076 τὴν
2629 4004 2902 4076 φέρουσαν
2938 4002 3067 4057 ἄπει
3097 3998 3223 4062 τοὺς
3266 3998 3548 4066 φοινικοῦς
3571 4035 3586 4050 .
3632 3993 3695 4047 Ἦ
3726 3994 3781 4046 δὲ
3812 3993 3941 4054 τοὺς
3988 3991 4084 4059 μὲν

2498 4096 2841 4150 λευκαίνεται
2862 4132 2878 4159 ,
2910 4094 3033 4155 τοὺς
3067 4092 3125 4145 δὲ
3160 4088 3546 4161 ἐρυθραίνεται
3567 4102 3581 4117 ο
3620 4085 3748 4147 τοὺς
3784 4083 3888 4153 μὲν
3919 4082 4046 4152 ἄρτι
4068 4119 4081 4142 ,

2498 4190 2623 4249 τοὺς
2653 4185 2711 4239 δὲ
2739 4186 2874 4255 ἤδη·
2905 4183 3034 4246 τοὺς
3062 4180 3121 4234 δέ
3177 4179 3274 4233 καὶ
3311 4177 3653 4246 φοινίσσεται
3678 4189 3694 4204 ο
3732 4171 3831 4225 καὶ
3860 4171 4085 4224 λευκαί-

2499 4296 2650 4332 νεται
2687 4276 2786 4347 μὲν
2834 4273 3009 4336 οὕτως
3061 4271 3137 4334 ὡς
3188 4269 3365 4336 γάλα·
3404 4269 3738 4335 φοινίσσεται
3773 4262 3819 4315 δ’
3873 4262 4085 4323 ἐκεῖνος

2499 4370 2573 4432 ὡς
2604 4368 2756 4440 ῥόδον
2781 4385 2796 4398 ·
2857 4366 3192 4435 κεκέρασται
3220 4362 3266 4413 δ’
3290 4358 3468 4422 ἄλλως
3520 4356 3616 4411 καὶ
3671 4354 3882 4418 ἄλλως
3920 4355 3951 4407 6
3989 4355 4085 4422 μὲν

2501 4464 2649 4526 ὅλοςο
2674 4464 2702 4515 6
2732 4460 2811 4525 δὲ,
2841 4460 2939 4529 οὐχ
2970 4459 3091 4518 ὅλος
3113 4474 3127 4488 ·
3174 4457 3271 4509 καὶ
3299 4454 3327 4505 ὁ
3362 4453 3484 4522 μὲν,
3519 4447 3705 4522 ἦττον.
3752 4449 3779 4501 6
3819 4447 3903 4510 δὲ,
3942 4445 4082 4515 μᾶλ-

809 4551 1031 4623 quidem
1074 4550 1299 4605 rubram
1367 4548 1591 4609 videris,
1657 4546 1837 4601 albam
1908 4545 2133 4599 omnino
2171 4543 2377 4613 putabis

2500 4559 2630 4610 λον⁶
2683 4554 2790 4609 κᾶν
2823 4554 2923 4622 μὲν
2963 4550 3026 4602 τὸ
3082 4546 3311 4618 ἐρυθρὸν
3342 4543 3536 4615 Θεάσῃ,
3593 4541 3655 4594 τὺ
3715 4540 3907 4592 λευκὸν
3951 4537 4086 4597 ὅλως

810 4646 1066 4715 ignorare
1100 4644 1394 4706 arborem;
1428 4650 1482 4696 ct
1510 4641 1554 4694 si
1604 4640 1656 4692 in
1702 4640 1936 4706 primam
1994 4639 2156 4693 istam
2199 4639 2392 4691 oculos

811 4736 1106 4801 direxeris,
1150 4734 1286 4789 nihil
1339 4734 1490 4787 rubri
1524 4732 1726 4786 fructui
1770 4732 1954 4786 inesse
2001 4730 2246 4792 dixeris;
2299 4729 2393 4783 sed

814 4832 918 4884 hoc
952 4829 1169 4898 quidem
1222 4836 1419 4897 partim
1456 4825 1704 4895 sanguis,
1758 4823 1957 4893 partim
1993 4836 2122 4876 vero
2181 4821 2275 4874 nix
2317 4821 2397 4875 vi-

812 4922 1053 4977 debitur.
1087 4918 1153 4972 Et
1188 4920 1366 4973 malus
1402 4928 1486 4972 est
1517 4918 1635 4971 visu
1681 4931 1825 4980 rosa,
1876 4913 2083 4968 olfactu
2139 4930 2268 4968 vero
2295 4928 2394 4967 uno

814 5023 1099 5083 guentum,
1133 5022 1350 5078 gustatu
1381 5020 1564 5064 autem
1600 5009 1745 5063 aliud
1783 5007 1937 5077 quid,
1995 5016 2089 5061 aut
2124 5022 2315 5061 rursus
2340 5006 2394 5061 in

812 5121 880 5159 eo
909 5105 1141 5158 multum
1176 5103 1313 5157 alias
1344 5100 1709 5157 delectatione
1734 5099 1904 5153 vincit
1929 5099 2130 5161 malus,
2159 5099 2288 5152 dum
2320 5098 2395 5152 illi

815 5198 935 5252 alia:
991 5197 1166 5264 magis
1216 5205 1636 5263 comparantur.
1694 5192 1751 5246 Si
1801 5192 1927 5261 quis
1991 5191 2216 5246 laudare
2269 5192 2398 5246 velit

814 5290 1141 5359 cujusquam
1172 5288 1248 5341 rei
1280 5296 1523 5354 gustum,
1572 5293 1668 5337 aut
1695 5283 1899 5338 malum
1943 5282 2088 5337 dicet
2112 5292 2207 5337 aut
2242 5283 2349 5337 mel
2380 5300 2393 5336 :

818 5390 871 5433 et
903 5381 1016 5432 haec
1060 5379 1227 5447 igitur
1285 5373 1582 5431 Homerum
1619 5381 1913 5430 suaserunt
1956 5374 2024 5427 ad
2056 5388 2274 5428 onmem
2303 5388 2400 5427 vo-

818 5472 1050 5527 candum
1076 5470 1382 5540 jucundum
1418 5468 1545 5522 mali
1584 5467 1843 5522 fructum.

892 5565 949 5618 Si
1002 5580 1131 5618 vero
1176 5573 1394 5634 oportet
1464 5562 1663 5616 fabula:
1715 5560 2057 5625 meminisse,
2089 5560 2215 5615 etsi
2264 5560 2397 5630 quid

819 5658 1084 5711 doctrinae
1128 5668 1181 5711 et
1214 5655 1591 5711 delectationis
1640 5669 1749 5708 non
1808 5653 2166 5722 injucundum
2217 5663 2297 5708 est
2329 5654 2397 5708 ad

826 5753 1006 5806 virum
1050 5752 1325 5819 applicare
1364 5749 1566 5818 smpius
1606 5759 1661 5804 ct
1695 5750 1873 5819 ipsum
1905 5763 2031 5803 cum
2072 5746 2244 5802 Musis
2290 5748 2397 5802 sal-

821 5852 1050 5909 tantem,
1094 5843 1276 5907 alitcr,
1326 5842 1548 5914 quando
1594 5840 1833 5897 fabulam
1889 5848 2052 5897 ornat
2102 5840 2392 5911 sapientia,

2496 4649 2739 4718 νομίσεις
2784 4646 2998 4711 ἀγνοεῖν
3036 4642 3098 4697 τὸ
3138 4639 3302 4710 φυτόν
3326 4654 3340 4668 ·
3374 4636 3479 4690 κᾶν
3524 4632 3701 4703 τούτῳ
3739 4630 3949 4699 πρώτῳ
3990 4628 4087 4696 τὴν

2495 4740 2620 4806 δψιν
2664 4734 2980 4806 προσϐάλῃς
3006 4773 3019 4796 ,
3065 4733 3167 4785 οὐκ
3205 4725 3348 4784 εἷναί
3381 4746 3436 4781 τι
3488 4727 3683 4796 φήσεις
3708 4723 3808 4776 καὶ
3849 4717 4085 4791 ἐρυθροῦ

2496 4829 2573 4899 τῷ
2610 4827 2807 4898 καρπῷ
2823 4845 2839 4861 ο
2863 4824 3001 4879 ἀλλὰ
3022 4824 3082 4877 τὸ
3115 4823 3237 4893 μὲν,
3263 4816 3406 4891 αἷμα
3430 4819 3492 4871 τὸ
3515 4818 3711 4887 μέρος’
3742 4812 3805 4866 τὸ
3828 4813 3912 4877 δὲ,
3946 4811 4085 4876 δόξει

2497 4923 2651 4995 χιών.
2692 4922 2801 4977 Καὶ
2832 4919 2946 4973 ἔστι
3001 4918 3065 4971 τὸ
3097 4917 3269 4987 μῆλον
3320 4914 3452 4968 ἰδεῖν
3484 4913 3582 4981 μὲν
3638 4909 3813 4981 ῥόδον,
3871 4907 4085 4977 ὀσφρή-

2500 5016 2697 5068 σασθαι
2726 5014 2785 5066 δὲ
2834 5011 3005 5083 μύρον
3031 5053 3047 5076 ,
3086 5006 3390 5079 γεύσασθαι
3438 5004 3496 5057 δέ
3543 5018 3599 5055 τι
3646 5000 3813 5064 ἄλλο,
3850 4998 3885 5069 ἢ
3923 4998 4085 5051 πάλιν

2496 5105 2628 5161 αὐτὸ
2662 5103 2831 5175 μῆλον
2852 5102 2998 5156 οὕτω
3021 5100 3116 5153 καὶ
3141 5097 3399 5152 τοσοῦτον
3427 5093 3591 5166 ἡδονῇ
3614 5089 3785 5144 τᾶλλα
3814 5090 3968 5158 νικᾷ,
3995 5088 4084 5141 καὶ

2499 5197 2637 5267 πρὸς
2690 5194 2851 5249 τοῦτο
2901 5194 3134 5247 κάκεῖνα
3217 5189 3421 5260 μᾶλλον
3468 5183 3783 5247 εἰκάζεταιο
3845 5184 3952 5237 κάν
4005 5198 4083 5243 τις

2499 5289 2742 5340 ἐπαινεῖν
2772 5284 2948 5338 ἐθέλοι
2974 5299 3027 5335 τι
3052 5280 3195 5335 κατὰ
3225 5278 3413 5347 γεῦσιν
3438 5294 3455 5309 ο
3478 5277 3511 5347 ἢ
3544 5274 3715 5346 μῆλον
3732 5268 3850 5345 ἐρεῖ
3868 5274 4083 5332 πάντως

2500 5380 2534 5446 ἢ
2563 5378 2686 5447 μέλι
2709 5394 2721 5408 ·
2740 5376 2833 5430 καὶ
2857 5372 3033 5428 ταῦτα
3054 5373 3155 5443 μὲν
3179 5368 3275 5425 οὖν
3300 5372 3393 5424 τὸν
3413 5370 3668 5438 ’Όμηρον
3696 5366 3884 5418 ἔπεισε
3906 5354 4082 5418 πάντα

2500 5471 2705 5539 ἀγλαὸν
2726 5469 2995 5538 ὀνομάσαι
3025 5466 3118 5519 τὸν
3156 5464 3361 5535 μηλέας
3388 5460 3622 5529 καρπόν.

2572 5563 2633 5615 Εἰ
2669 5562 2724 5614 δέ
2754 5562 2837 5614 δεῖ
2875 5560 2969 5613 καὶ
3016 5557 3191 5628 μύθου
3229 5552 3565 5627 μνησθῆναι,
3605 5548 3694 5602 καὶ
3724 5549 3882 5602 οὐδὲν
3925 5549 4081 5618 ἀηδὲς

2502 5655 2720 5716 παιδιᾶς
2744 5652 2839 5706 καὶ¹
2873 5650 3233 5722 ψυχαγωγίας
3282 5643 3525 5717 ἅψασθαι
3558 5642 3693 5712 πρὸς
3720 5641 3890 5711 ἄνδρα
3956 5641 4079 5694 πολε

2501 5747 2657 5810 λάκις
2691 5746 2789 5799 καὶ
2847 5744 3014 5799 αὑτὸν
3043 5744 3112 5797 τὰ
3145 5740 3366 5811 μουσῶν
3399 5735 3772 5807 χορεύσαντα·
3825 5734 4003 5797 ἄλλως
4037 5734 4077 5787 0'

2500 5844 2585 5897 ὅτε
2608 5841 2699 5895 καὶ
2723 5840 2815 5895 τόν
2846 5837 3014 5911 μῦθον
3040 5838 3235 5908 κοσμεῖ
3261 5830 3610 5904 σωφροσύνη,
3642 5827 3927 5900 vacivum;
3946 5829 4075 5897 κόρη
