  <div class='ocr_page' id='page_1' title='image "/cluster/home/n/w/nwhite01/storage/ocr_20150623/106/nnc1.0046979980/456.png"; bbox 0 0 4252 6436; ppageno 0'>
   <div class='ocr_carea' id='block_1_1' title="bbox 317 393 425 456">
    <p class='ocr_par' dir='ltr' id='par_1_1' title="bbox 317 393 425 456">
     <span class='ocr_line' id='line_1_1' title="bbox 317 393 425 456; baseline -0.028 0"><span class='ocrx_word' id='word_1_1' title='bbox 317 393 425 456; x_wconf 82' lang='grc'><strong>853</strong></span> 
     </span>
    </p>
   </div>
   <div class='ocr_carea' id='block_1_2' title="bbox 1757 399 2118 462">
    <p class='ocr_par' dir='ltr' id='par_1_2' title="bbox 1757 399 2118 462">
     <span class='ocr_line' id='line_1_2' title="bbox 1757 399 2118 462; baseline 0.006 -2"><span class='ocrx_word' id='word_1_2' title='bbox 1757 401 1854 460; x_wconf 82' lang='lat' dir='ltr'><strong>DE</strong></span> <span class='ocrx_word' id='word_1_3' title='bbox 1891 401 1993 460; x_wconf 83' lang='lat' dir='ltr'><strong>MA</strong></span> <span class='ocrx_word' id='word_1_4' title='bbox 2005 399 2118 462; x_wconf 87' lang='lat' dir='ltr'><strong>LO.</strong></span> 
     </span>
    </p>
   </div>
   <div class='ocr_carea' id='block_1_3' title="bbox 3460 397 3567 462">
    <p class='ocr_par' dir='ltr' id='par_1_3' title="bbox 3460 397 3567 462">
     <span class='ocr_line' id='line_1_3' title="bbox 3460 397 3567 462; baseline 0.019 -2"><span class='ocrx_word' id='word_1_5' title='bbox 3460 397 3567 462; x_wconf 70' lang='grc'><strong>854</strong></span> 
     </span>
    </p>
   </div>
   <div class='ocr_carea' id='block_1_4' title="bbox 314 505 2757 585">
    <p class='ocr_par' dir='ltr' id='par_1_4' title="bbox 314 505 2757 585">
     <span class='ocr_line' id='line_1_4' title="bbox 314 505 2757 585; baseline 0.001 -23"><span class='ocrx_word' id='word_1_6' title='bbox 314 527 400 571; x_wconf 81' lang='grc' dir='ltr'>τις</span> <span class='ocrx_word' id='word_1_7' title='bbox 432 505 501 577; x_wconf 79' lang='grc' dir='ltr'>ἦν</span> <span class='ocrx_word' id='word_1_8' title='bbox 531 509 698 564; x_wconf 77' lang='grc' dir='ltr'>πάλαι</span> <span class='ocrx_word' id='word_1_9' title='bbox 741 511 880 582; x_wconf 83' lang='grc' dir='ltr'><strong>καλὴ</strong></span> <span class='ocrx_word' id='word_1_10' title='bbox 913 511 1006 566; x_wconf 71' lang='grc' dir='ltr'>καὶ</span> <span class='ocrx_word' id='word_1_11' title='bbox 1048 513 1382 585; x_wconf 79' lang='grc' dir='ltr'>παρθενική.</span> <span class='ocrx_word' id='word_1_12' title='bbox 1424 513 1532 568; x_wconf 83' lang='grc' dir='ltr'><strong>Τοῦ</strong></span> <span class='ocrx_word' id='word_1_13' title='bbox 1574 515 1632 569; x_wconf 85' lang='grc' dir='ltr'><strong>δὲ</strong></span> <span class='ocrx_word' id='word_1_14' title='bbox 1664 515 1893 580; x_wconf 80' lang='grc' dir='ltr'><strong>κάλλους</strong></span> <span class='ocrx_word' id='word_1_15' title='bbox 1923 520 1968 576; x_wconf 80' lang='grc' dir='ltr'><strong>Α</strong></span> <span class='ocrx_word' id='word_1_16' title='bbox 1996 515 2188 570; x_wconf 86' lang='lat' dir='ltr'><strong>dicunt</strong></span> <span class='ocrx_word' id='word_1_17' title='bbox 2211 514 2356 568; x_wconf 85' lang='lat' dir='ltr'><strong>illam</strong></span> <span class='ocrx_word' id='word_1_18' title='bbox 2377 511 2547 568; x_wconf 80' lang='lat' dir='ltr'><strong>fuisse</strong></span> <span class='ocrx_word' id='word_1_19' title='bbox 2566 511 2695 566; x_wconf 89' lang='lat' dir='ltr'><strong>olim</strong></span> <span class='ocrx_word' id='word_1_20' title='bbox 2714 526 2757 581; x_wconf 55' lang='lat' dir='ltr'><strong>qi</strong></span> 
     </span>
    </p>
   </div>
   <div class='ocr_carea' id='block_1_5' title="bbox 1947 505 3566 585">
    <p class='ocr_par' dir='ltr' id='par_1_5' title="bbox 1947 509 3566 581">
     <span class='ocr_line' id='line_1_5' title="bbox 1947 509 3566 581; baseline -0.002 -12"><span class='ocrx_word' id='word_1_21' title='bbox 1947 520 1968 576; x_wconf 70' lang='grc' dir='ltr'><strong>ι</strong></span> <span class='ocrx_word' id='word_1_22' title='bbox 1996 515 2188 570; x_wconf 90' lang='lat' dir='ltr'><strong>dicunt</strong></span> <span class='ocrx_word' id='word_1_23' title='bbox 2211 514 2356 568; x_wconf 84' lang='lat' dir='ltr'><strong>illam</strong></span> <span class='ocrx_word' id='word_1_24' title='bbox 2377 511 2547 568; x_wconf 81' lang='lat' dir='ltr'><strong>fuisse</strong></span> <span class='ocrx_word' id='word_1_25' title='bbox 2566 511 2695 566; x_wconf 90' lang='lat' dir='ltr'><strong>olim</strong></span> <span class='ocrx_word' id='word_1_26' title='bbox 2714 509 3008 581; x_wconf 89' lang='lat' dir='ltr'><strong>quamdam</strong></span> <span class='ocrx_word' id='word_1_27' title='bbox 3031 509 3267 579; x_wconf 89' lang='lat' dir='ltr'><strong>puellam</strong></span> <span class='ocrx_word' id='word_1_28' title='bbox 3285 511 3566 578; x_wconf 80' lang='lat' dir='ltr'><strong>pulchram</strong></span> 
     </span>
    </p>
   </div>
   <div class='ocr_carea' id='block_1_6' title="bbox 315 603 1891 680">
    <p class='ocr_par' dir='ltr' id='par_1_6' title="bbox 315 603 1891 680">
     <span class='ocr_line' id='line_1_6' title="bbox 315 603 1891 680; baseline 0.006 -28"><span class='ocrx_word' id='word_1_29' title='bbox 315 604 546 671; x_wconf 73' lang='grc' dir='ltr'>ἐρασταὶ</span> <span class='ocrx_word' id='word_1_30' title='bbox 579 603 762 655; x_wconf 63' lang='grc' dir='ltr'>πολλοὶ</span> <span class='ocrx_word' id='word_1_31' title='bbox 787 605 885 656; x_wconf 77' lang='grc' dir='ltr'>καὶ</span> <span class='ocrx_word' id='word_1_32' title='bbox 913 606 1190 675; x_wconf 73' lang='grc' dir='ltr'>ἐρωτικοί·</span> <span class='ocrx_word' id='word_1_33' title='bbox 1218 607 1572 679; x_wconf 73' lang='grc' dir='ltr'>σωφρονοῦσα</span> <span class='ocrx_word' id='word_1_34' title='bbox 1594 609 1648 660; x_wconf 83' lang='grc' dir='ltr'><strong>δὲ</strong></span> <span class='ocrx_word' id='word_1_35' title='bbox 1684 608 1780 661; x_wconf 75' lang='grc' dir='ltr'>καὶ</span> <span class='ocrx_word' id='word_1_36' title='bbox 1815 609 1891 680; x_wconf 78' lang='grc' dir='ltr'>μὴ</span> 
     </span>
    </p>
   </div>
   <div class='ocr_carea' id='block_1_7' title="bbox 319 694 1892 771">
    <p class='ocr_par' dir='ltr' id='par_1_7' title="bbox 319 694 1892 771">
     <span class='ocr_line' id='line_1_7' title="bbox 319 694 1892 771; baseline 0.006 -26"><span class='ocrx_word' id='word_1_37' title='bbox 319 694 648 762; x_wconf 75' lang='grc' dir='ltr'><strong>προδιδοῦσα</strong></span> <span class='ocrx_word' id='word_1_38' title='bbox 679 699 778 766; x_wconf 79' lang='grc' dir='ltr'>τὴν</span> <span class='ocrx_word' id='word_1_39' title='bbox 813 696 984 767; x_wconf 83' lang='grc' dir='ltr'>ὥραν,</span> <span class='ocrx_word' id='word_1_40' title='bbox 1017 699 1098 751; x_wconf 78' lang='grc' dir='ltr'>ἔτι</span> <span class='ocrx_word' id='word_1_41' title='bbox 1145 700 1348 769; x_wconf 77' lang='grc' dir='ltr'>μᾶλλον</span> <span class='ocrx_word' id='word_1_42' title='bbox 1377 701 1688 771; x_wconf 82' lang='grc' dir='ltr'><strong>δυσέρωτας</strong></span> <span class='ocrx_word' id='word_1_43' title='bbox 1719 703 1892 765; x_wconf 72' lang='grc' dir='ltr'>ἐποίει</span> 
     </span>
    </p>
   </div>
   <div class='ocr_carea' id='block_1_8' title="bbox 315 788 1894 862">
    <p class='ocr_par' dir='ltr' id='par_1_8' title="bbox 315 788 1894 862">
     <span class='ocr_line' id='line_1_8' title="bbox 315 788 1894 862; baseline 0.004 -24"><span class='ocrx_word' id='word_1_44' title='bbox 315 788 441 849; x_wconf 73' lang='grc' dir='ltr'>τοὺς</span> <span class='ocrx_word' id='word_1_45' title='bbox 477 790 738 856; x_wconf 77' lang='grc' dir='ltr'>ἐραστάς·</span> <span class='ocrx_word' id='word_1_46' title='bbox 775 791 823 842; x_wconf 77' lang='grc' dir='ltr'>οἱ</span> <span class='ocrx_word' id='word_1_47' title='bbox 848 789 928 849; x_wconf 85' lang='grc' dir='ltr'><strong>δὲ.</strong></span> <span class='ocrx_word' id='word_1_48' title='bbox 951 793 1089 853; x_wconf 88' lang='grc' dir='ltr'>τέως</span> <span class='ocrx_word' id='word_1_49' title='bbox 1125 791 1220 860; x_wconf 81' lang='grc' dir='ltr'><strong>μὲν</strong></span> <span class='ocrx_word' id='word_1_50' title='bbox 1243 792 1392 860; x_wconf 79' lang='grc' dir='ltr'>ἥρων</span> <span class='ocrx_word' id='word_1_51' title='bbox 1413 791 1488 854; x_wconf 84' lang='grc' dir='ltr'><strong>ὡς</strong></span> <span class='ocrx_word' id='word_1_52' title='bbox 1509 792 1734 862; x_wconf 77' lang='grc' dir='ltr'>ἐρασταὶ</span> <span class='ocrx_word' id='word_1_53' title='bbox 1757 833 1772 858; x_wconf 94' lang='grc'><strong>,</strong></span> <span class='ocrx_word' id='word_1_54' title='bbox 1797 793 1894 846; x_wconf 80' lang='grc' dir='ltr'>καὶ</span> 
     </span>
    </p>
   </div>
   <div class='ocr_carea' id='block_1_9' title="bbox 319 879 1896 953">
    <p class='ocr_par' dir='ltr' id='par_1_9' title="bbox 319 879 1896 953">
     <span class='ocr_line' id='line_1_9' title="bbox 319 879 1896 953; baseline 0.004 -25"><span class='ocrx_word' id='word_1_55' title='bbox 319 879 631 947; x_wconf 72' lang='grc' dir='ltr'>ἡμιλλῶντο</span> <span class='ocrx_word' id='word_1_56' title='bbox 661 882 796 953; x_wconf 80' lang='grc' dir='ltr'>πρὸς</span> <span class='ocrx_word' id='word_1_57' title='bbox 832 881 1093 952; x_wconf 76' lang='grc' dir='ltr'><strong>ἀλλήλους</strong></span> <span class='ocrx_word' id='word_1_58' title='bbox 1113 899 1127 914; x_wconf 89' lang='grc'><strong>·</strong></span> <span class='ocrx_word' id='word_1_59' title='bbox 1162 882 1352 935; x_wconf 76' lang='grc' dir='ltr'>ἔπειτα</span> <span class='ocrx_word' id='word_1_60' title='bbox 1392 883 1708 946; x_wconf 80' lang='grc' dir='ltr'><strong>οἰνωθέντες</strong></span> <span class='ocrx_word' id='word_1_61' title='bbox 1736 883 1896 952; x_wconf 85' lang='grc' dir='ltr'>ἀλλή-</span> 
     </span>
    </p>
   </div>
   <div class='ocr_carea' id='block_1_10' title="bbox 315 969 1892 1046">
    <p class='ocr_par' dir='ltr' id='par_1_10' title="bbox 315 969 1892 1046">
     <span class='ocr_line' id='line_1_10' title="bbox 315 969 1892 1046; baseline 0.004 -24"><span class='ocrx_word' id='word_1_62' title='bbox 315 969 442 1033; x_wconf 80' lang='grc' dir='ltr'>λους</span> <span class='ocrx_word' id='word_1_63' title='bbox 479 972 816 1038; x_wconf 79' lang='grc' dir='ltr'>φονεύουσιν,</span> <span class='ocrx_word' id='word_1_64' title='bbox 859 973 934 1035; x_wconf 80' lang='grc' dir='ltr'><strong>ὡς</strong></span> <span class='ocrx_word' id='word_1_65' title='bbox 957 975 1302 1040; x_wconf 85' lang='grc' dir='ltr'>ἀντερασταί.</span> <span class='ocrx_word' id='word_1_66' title='bbox 1346 975 1721 1045; x_wconf 81' lang='grc' dir='ltr'>Ἐφίσταταιὴ</span> <span class='ocrx_word' id='word_1_67' title='bbox 1754 995 1892 1046; x_wconf 81' lang='grc' dir='ltr'>παρ-</span> 
     </span>
    </p>
   </div>
   <div class='ocr_carea' id='block_1_11' title="bbox 315 1061 1892 1138">
    <p class='ocr_par' dir='ltr' id='par_1_11' title="bbox 315 1061 1892 1138">
     <span class='ocr_line' id='line_1_11' title="bbox 315 1061 1892 1138; baseline 0.007 -28"><span class='ocrx_word' id='word_1_68' title='bbox 315 1061 543 1132; x_wconf 83' lang='grc' dir='ltr'>θενικὴ,</span> <span class='ocrx_word' id='word_1_69' title='bbox 587 1064 682 1116; x_wconf 75' lang='grc' dir='ltr'>καὶ</span> <span class='ocrx_word' id='word_1_70' title='bbox 727 1065 867 1115; x_wconf 84' lang='grc' dir='ltr'><strong>ὲλεεῖ</strong></span> <span class='ocrx_word' id='word_1_71' title='bbox 907 1066 1004 1133; x_wconf 79' lang='grc' dir='ltr'><strong>μὲν</strong></span> <span class='ocrx_word' id='word_1_72' title='bbox 1038 1066 1318 1129; x_wconf 74' lang='grc' dir='ltr'>ἐκείνουςο</span> <span class='ocrx_word' id='word_1_73' title='bbox 1372 1067 1600 1138; x_wconf 83' lang='grc' dir='ltr'>αἰδεῖται</span> <span class='ocrx_word' id='word_1_74' title='bbox 1656 1069 1711 1121; x_wconf 85' lang='grc' dir='ltr'>δὲ</span> <span class='ocrx_word' id='word_1_75' title='bbox 1764 1069 1892 1132; x_wconf 73' lang='grc' dir='ltr'>τοὺς</span> 
     </span>
    </p>
   </div>
   <div class='ocr_carea' id='block_1_12' title="bbox 315 1153 1893 1229">
    <p class='ocr_par' dir='ltr' id='par_1_12' title="bbox 315 1153 1893 1229">
     <span class='ocr_line' id='line_1_12' title="bbox 315 1153 1893 1229; baseline 0.003 -23"><span class='ocrx_word' id='word_1_76' title='bbox 315 1153 561 1220; x_wconf 77' lang='grc' dir='ltr'>ζῶντας,</span> <span class='ocrx_word' id='word_1_77' title='bbox 598 1157 820 1227; x_wconf 84' lang='grc' dir='ltr'>δακρύει</span> <span class='ocrx_word' id='word_1_78' title='bbox 871 1158 927 1210; x_wconf 85' lang='grc' dir='ltr'>δὲ</span> <span class='ocrx_word' id='word_1_79' title='bbox 957 1157 1185 1227; x_wconf 74' lang='grc' dir='ltr'>ἑαυτὴν,</span> <span class='ocrx_word' id='word_1_80' title='bbox 1223 1159 1317 1211; x_wconf 71' lang='grc' dir='ltr'>καὶ</span> <span class='ocrx_word' id='word_1_81' title='bbox 1371 1159 1580 1224; x_wconf 65' lang='grc' dir='ltr'>γίνεται</span> <span class='ocrx_word' id='word_1_82' title='bbox 1627 1159 1693 1212; x_wconf 77' lang='grc' dir='ltr'><strong>δι’</strong></span> <span class='ocrx_word' id='word_1_83' title='bbox 1729 1159 1893 1229; x_wconf 70' lang='grc' dir='ltr'>εὐχῆς</span> 
     </span>
    </p>
   </div>
   <div class='ocr_carea' id='block_1_13' title="bbox 314 1249 1890 1322">
    <p class='ocr_par' dir='ltr' id='par_1_13' title="bbox 314 1249 1890 1322">
     <span class='ocr_line' id='line_1_13' title="bbox 314 1249 1890 1322; baseline 0.004 -23"><span class='ocrx_word' id='word_1_84' title='bbox 314 1249 482 1317; x_wconf 84' lang='grc' dir='ltr'>φυτὸν</span> <span class='ocrx_word' id='word_1_85' title='bbox 508 1249 691 1313; x_wconf 79' lang='grc' dir='ltr'>καλὸν,</span> <span class='ocrx_word' id='word_1_86' title='bbox 723 1249 798 1311; x_wconf 80' lang='grc' dir='ltr'><strong>ὡς</strong></span> <span class='ocrx_word' id='word_1_87' title='bbox 833 1251 992 1319; x_wconf 82' lang='grc' dir='ltr'>καλὴ,</span> <span class='ocrx_word' id='word_1_88' title='bbox 1025 1252 1218 1303; x_wconf 75' lang='grc' dir='ltr'>λευκὸν</span> <span class='ocrx_word' id='word_1_89' title='bbox 1248 1252 1322 1313; x_wconf 75' lang='grc' dir='ltr'><strong>ὡς</strong></span> <span class='ocrx_word' id='word_1_90' title='bbox 1361 1252 1525 1321; x_wconf 85' lang='grc' dir='ltr'>λευκή</span> <span class='ocrx_word' id='word_1_91' title='bbox 1549 1269 1560 1280; x_wconf 82' lang='grc'><strong>’</strong></span> <span class='ocrx_word' id='word_1_92' title='bbox 1599 1252 1890 1322; x_wconf 75' lang='grc' dir='ltr'><strong>αἰδουμένη</strong></span> 
     </span>
    </p>
   </div>
   <div class='ocr_carea' id='block_1_14' title="bbox 311 1338 1896 1412">
    <p class='ocr_par' dir='ltr' id='par_1_14' title="bbox 311 1338 1896 1412">
     <span class='ocr_line' id='line_1_14' title="bbox 311 1338 1896 1412; baseline 0.003 -22"><span class='ocrx_word' id='word_1_93' title='bbox 311 1339 368 1391; x_wconf 87' lang='grc' dir='ltr'><strong>δὲ</strong></span> <span class='ocrx_word' id='word_1_94' title='bbox 406 1340 738 1410; x_wconf 69' lang='grc' dir='ltr'>προφυροῦν.</span> <span class='ocrx_word' id='word_1_95' title='bbox 782 1341 840 1394; x_wconf 87' lang='grc' dir='ltr'>Ὀ</span> <span class='ocrx_word' id='word_1_96' title='bbox 867 1343 965 1410; x_wconf 87' lang='grc' dir='ltr'>μὲν</span> <span class='ocrx_word' id='word_1_97' title='bbox 995 1344 1162 1412; x_wconf 72' lang='grc' dir='ltr'>μῦθος</span> <span class='ocrx_word' id='word_1_98' title='bbox 1183 1338 1337 1405; x_wconf 66' lang='grc' dir='ltr'>οὗτος</span> <span class='ocrx_word' id='word_1_99' title='bbox 1358 1361 1369 1372; x_wconf 89' lang='grc'><strong>·</strong></span> <span class='ocrx_word' id='word_1_100' title='bbox 1399 1347 1445 1396; x_wconf 83' lang='grc' dir='ltr'>εἰ</span> <span class='ocrx_word' id='word_1_101' title='bbox 1476 1345 1531 1396; x_wconf 82' lang='grc' dir='ltr'>δὲ</span> <span class='ocrx_word' id='word_1_102' title='bbox 1559 1345 1650 1396; x_wconf 75' lang='grc' dir='ltr'>καὶ</span> <span class='ocrx_word' id='word_1_103' title='bbox 1684 1345 1896 1412; x_wconf 83' lang='grc' dir='ltr'>φιλοσο-</span> 
     </span>
    </p>
   </div>
   <div class='ocr_carea' id='block_1_15' title="bbox 312 1432 1892 1506">
    <p class='ocr_par' dir='ltr' id='par_1_15' title="bbox 312 1432 1892 1506">
     <span class='ocr_line' id='line_1_15' title="bbox 312 1432 1892 1506; baseline 0.006 -26"><span class='ocrx_word' id='word_1_104' title='bbox 312 1433 457 1498; x_wconf 79' lang='grc' dir='ltr'>φεῖν,</span> <span class='ocrx_word' id='word_1_105' title='bbox 487 1433 620 1484; x_wconf 67' lang='grc' dir='ltr'>ἀλλὰ</span> <span class='ocrx_word' id='word_1_106' title='bbox 653 1432 726 1501; x_wconf 82' lang='grc' dir='ltr'>μὴ</span> <span class='ocrx_word' id='word_1_107' title='bbox 759 1433 1076 1502; x_wconf 77' lang='grc' dir='ltr'><strong>μυθολογεῖν</strong></span> <span class='ocrx_word' id='word_1_108' title='bbox 1097 1436 1242 1503; x_wconf 69' lang='grc' dir='ltr'><strong>ἡμᾶς</strong></span> <span class='ocrx_word' id='word_1_109' title='bbox 1271 1453 1328 1487; x_wconf 88' lang='grc' dir='ltr'><strong>τε</strong></span> <span class='ocrx_word' id='word_1_110' title='bbox 1350 1435 1468 1488; x_wconf 83' lang='grc' dir='ltr'>δέον</span> <span class='ocrx_word' id='word_1_111' title='bbox 1500 1438 1593 1488; x_wconf 78' lang='grc' dir='ltr'><strong>καὶ</strong></span> <span class='ocrx_word' id='word_1_112' title='bbox 1617 1437 1698 1494; x_wconf 82' lang='grc' dir='ltr'><strong>σὲ,</strong></span> <span class='ocrx_word' id='word_1_113' title='bbox 1729 1435 1892 1506; x_wconf 80' lang='grc' dir='ltr'><strong>ἔρωτι</strong></span> 
     </span>
    </p>
   </div>
   <div class='ocr_carea' id='block_1_16' title="bbox 312 1521 1893 1595">
    <p class='ocr_par' dir='ltr' id='par_1_16' title="bbox 312 1521 1893 1595">
     <span class='ocr_line' id='line_1_16' title="bbox 312 1521 1893 1595; baseline 0.004 -22"><span class='ocrx_word' id='word_1_114' title='bbox 312 1522 409 1574; x_wconf 73' lang='grc' dir='ltr'>καὶ</span> <span class='ocrx_word' id='word_1_115' title='bbox 455 1521 693 1591; x_wconf 77' lang='grc' dir='ltr'>θεωρίας</span> <span class='ocrx_word' id='word_1_116' title='bbox 727 1524 1004 1593; x_wconf 72' lang='grc' dir='ltr'>ήμμένονσ</span> <span class='ocrx_word' id='word_1_117' title='bbox 1045 1527 1208 1591; x_wconf 74' lang='grc' dir='ltr'>φασὶν</span> <span class='ocrx_word' id='word_1_118' title='bbox 1240 1527 1287 1578; x_wconf 88' lang='grc' dir='ltr'>οἱ</span> <span class='ocrx_word' id='word_1_119' title='bbox 1337 1526 1468 1595; x_wconf 74' lang='grc' dir='ltr'>περὶ</span> <span class='ocrx_word' id='word_1_120' title='bbox 1513 1526 1694 1578; x_wconf 82' lang='grc' dir='ltr'>ταῦτα’</span> <span class='ocrx_word' id='word_1_121' title='bbox 1729 1527 1893 1580; x_wconf 77' lang='grc' dir='ltr'>δεινοὶ</span> 
     </span>
    </p>
   </div>
   <div class='ocr_carea' id='block_1_17' title="bbox 316 1610 1892 1688">
    <p class='ocr_par' dir='ltr' id='par_1_17' title="bbox 316 1610 1892 1688">
     <span class='ocr_line' id='line_1_17' title="bbox 316 1610 1892 1688; baseline 0.006 -27"><span class='ocrx_word' id='word_1_122' title='bbox 316 1610 478 1679; x_wconf 89' lang='grc' dir='ltr'>μόνον</span> <span class='ocrx_word' id='word_1_123' title='bbox 514 1613 611 1679; x_wconf 77' lang='grc' dir='ltr'>μὲν</span> <span class='ocrx_word' id='word_1_124' title='bbox 640 1614 955 1682; x_wconf 77' lang='grc' dir='ltr'>σχημάτων,</span> <span class='ocrx_word' id='word_1_125' title='bbox 981 1614 1041 1666; x_wconf 83' lang='grc' dir='ltr'><strong>τὸ</strong></span> <span class='ocrx_word' id='word_1_126' title='bbox 1064 1615 1352 1686; x_wconf 76' lang='grc' dir='ltr'>σφαιρικὸν</span> <span class='ocrx_word' id='word_1_127' title='bbox 1382 1617 1664 1670; x_wconf 75' lang='grc' dir='ltr'>κάλλιστον</span> <span class='ocrx_word' id='word_1_128' title='bbox 1682 1635 1696 1649; x_wconf 89' lang='grc'><strong>·</strong></span> <span class='ocrx_word' id='word_1_129' title='bbox 1731 1618 1892 1688; x_wconf 77' lang='grc' dir='ltr'>μόνον</span> 
     </span>
    </p>
   </div>
   <div class='ocr_carea' id='block_1_18' title="bbox 311 1707 1888 1781">
    <p class='ocr_par' dir='ltr' id='par_1_18' title="bbox 311 1707 1888 1781">
     <span class='ocr_line' id='line_1_18' title="bbox 311 1707 1888 1781; baseline 0.004 -23"><span class='ocrx_word' id='word_1_130' title='bbox 311 1707 369 1760; x_wconf 83' lang='grc' dir='ltr'><strong>δὲ</strong></span> <span class='ocrx_word' id='word_1_131' title='bbox 401 1708 511 1759; x_wconf 83' lang='grc' dir='ltr'><strong>τῶν</strong></span> <span class='ocrx_word' id='word_1_132' title='bbox 562 1709 691 1761; x_wconf 70' lang='grc' dir='ltr'>ἰσων</span> <span class='ocrx_word' id='word_1_133' title='bbox 723 1707 976 1779; x_wconf 72' lang='grc' dir='ltr'>ὲμὸαδοῖς</span> <span class='ocrx_word' id='word_1_134' title='bbox 1031 1711 1286 1781; x_wconf 83' lang='grc' dir='ltr'>μέγιστον</span> <span class='ocrx_word' id='word_1_135' title='bbox 1336 1711 1493 1764; x_wconf 81' lang='grc' dir='ltr'>τοῦτο</span> <span class='ocrx_word' id='word_1_136' title='bbox 1526 1714 1588 1765; x_wconf 86' lang='grc' dir='ltr'>ὲν</span> <span class='ocrx_word' id='word_1_137' title='bbox 1627 1715 1888 1781; x_wconf 82' lang='grc' dir='ltr'>στερεοῖς,</span> 
     </span>
    </p>
   </div>
   <div class='ocr_carea' id='block_1_19' title="bbox 310 1802 1892 1872">
    <p class='ocr_par' dir='ltr' id='par_1_19' title="bbox 310 1802 1892 1872">
     <span class='ocr_line' id='line_1_19' title="bbox 310 1802 1892 1872; baseline 0.003 -18"><span class='ocrx_word' id='word_1_138' title='bbox 310 1802 450 1872; x_wconf 83' lang='grc' dir='ltr'>ὅπερ</span> <span class='ocrx_word' id='word_1_139' title='bbox 474 1804 530 1856; x_wconf 77' lang='grc' dir='ltr'>ἐν</span> <span class='ocrx_word' id='word_1_140' title='bbox 570 1803 844 1867; x_wconf 73' lang='grc' dir='ltr'><strong>ἐπιπέδοις</strong></span> <span class='ocrx_word' id='word_1_141' title='bbox 879 1804 938 1857; x_wconf 81' lang='grc' dir='ltr'><strong>τὸ</strong></span> <span class='ocrx_word' id='word_1_142' title='bbox 966 1806 1224 1857; x_wconf 80' lang='grc' dir='ltr'>κυκλικόν</span> <span class='ocrx_word' id='word_1_143' title='bbox 1245 1823 1257 1834; x_wconf 86' lang='grc'><strong>·</strong></span> <span class='ocrx_word' id='word_1_144' title='bbox 1287 1806 1435 1859; x_wconf 86' lang='grc' dir='ltr'>δοκεῖ</span> <span class='ocrx_word' id='word_1_145' title='bbox 1461 1806 1518 1858; x_wconf 77' lang='grc' dir='ltr'><strong>δὲ</strong></span> <span class='ocrx_word' id='word_1_146' title='bbox 1565 1810 1661 1860; x_wconf 80' lang='grc' dir='ltr'><strong>καὶ</strong></span> <span class='ocrx_word' id='word_1_147' title='bbox 1687 1807 1802 1860; x_wconf 77' lang='grc' dir='ltr'>τόδε</span> <span class='ocrx_word' id='word_1_148' title='bbox 1830 1808 1892 1858; x_wconf 83' lang='grc' dir='ltr'>τὸ</span> 
     </span>
    </p>
   </div>
   <div class='ocr_carea' id='block_1_20' title="bbox 312 1894 1891 1969">
    <p class='ocr_par' dir='ltr' id='par_1_20' title="bbox 312 1894 1891 1969">
     <span class='ocr_line' id='line_1_20' title="bbox 312 1894 1891 1969; baseline 0.004 -23"><span class='ocrx_word' id='word_1_149' title='bbox 312 1895 444 1956; x_wconf 79' lang='grc' dir='ltr'>πᾶν,</span> <span class='ocrx_word' id='word_1_150' title='bbox 475 1894 634 1947; x_wconf 85' lang='grc' dir='ltr'>τοῦτο</span> <span class='ocrx_word' id='word_1_151' title='bbox 683 1895 859 1957; x_wconf 76' lang='grc' dir='ltr'>σῶζον</span> <span class='ocrx_word' id='word_1_152' title='bbox 891 1896 950 1948; x_wconf 85' lang='grc' dir='ltr'><strong>τὸ</strong></span> <span class='ocrx_word' id='word_1_153' title='bbox 997 1897 1204 1967; x_wconf 83' lang='grc' dir='ltr'>σχῆμα.</span> <span class='ocrx_word' id='word_1_154' title='bbox 1263 1899 1416 1966; x_wconf 77' lang='grc' dir='ltr'>Ἔχει</span> <span class='ocrx_word' id='word_1_155' title='bbox 1454 1899 1553 1968; x_wconf 78' lang='grc' dir='ltr'>μὲν</span> <span class='ocrx_word' id='word_1_156' title='bbox 1606 1895 1698 1953; x_wconf 77' lang='grc' dir='ltr'><strong>οὖν</strong></span> <span class='ocrx_word' id='word_1_157' title='bbox 1750 1899 1891 1969; x_wconf 82' lang='grc' dir='ltr'><strong>μετά</strong></span> 
     </span>
    </p>
   </div>
   <div class='ocr_carea' id='block_1_21' title="bbox 311 1985 1890 2058">
    <p class='ocr_par' dir='ltr' id='par_1_21' title="bbox 311 1985 1890 2058">
     <span class='ocr_line' id='line_1_21' title="bbox 311 1985 1890 2058; baseline 0.004 -20"><span class='ocrx_word' id='word_1_158' title='bbox 311 1985 419 2038; x_wconf 86' lang='grc' dir='ltr'><strong>τῶν</strong></span> <span class='ocrx_word' id='word_1_159' title='bbox 453 1987 631 2039; x_wconf 79' lang='grc' dir='ltr'>ἄλλων</span> <span class='ocrx_word' id='word_1_160' title='bbox 672 1988 763 2040; x_wconf 70' lang='grc' dir='ltr'>καὶ</span> <span class='ocrx_word' id='word_1_161' title='bbox 798 1988 956 2042; x_wconf 78' lang='grc' dir='ltr'>τοῦτο</span> <span class='ocrx_word' id='word_1_162' title='bbox 989 1990 1049 2042; x_wconf 75' lang='grc' dir='ltr'>τὸ</span> <span class='ocrx_word' id='word_1_163' title='bbox 1080 1991 1252 2058; x_wconf 78' lang='grc' dir='ltr'>μῆλον</span> <span class='ocrx_word' id='word_1_164' title='bbox 1275 2006 1288 2021; x_wconf 89' lang='grc'><strong>·</strong></span> <span class='ocrx_word' id='word_1_165' title='bbox 1323 1992 1418 2044; x_wconf 79' lang='grc' dir='ltr'>καὶ</span> <span class='ocrx_word' id='word_1_166' title='bbox 1452 1991 1604 2044; x_wconf 77' lang='grc' dir='ltr'>οὐδὲν</span> <span class='ocrx_word' id='word_1_167' title='bbox 1633 1992 1806 2055; x_wconf 75' lang='grc' dir='ltr'>οὕτως</span> <span class='ocrx_word' id='word_1_168' title='bbox 1832 1994 1890 2046; x_wconf 83' lang='grc' dir='ltr'><strong>ὲν</strong></span> 
     </span>
    </p>
   </div>
   <div class='ocr_carea' id='block_1_22' title="bbox 312 2081 1890 2155">
    <p class='ocr_par' dir='ltr' id='par_1_22' title="bbox 312 2081 1890 2155">
     <span class='ocr_line' id='line_1_22' title="bbox 312 2081 1890 2155; baseline 0.005 -23"><span class='ocrx_word' id='word_1_169' title='bbox 312 2085 549 2152; x_wconf 81' lang='grc' dir='ltr'>καρποῖς</span> <span class='ocrx_word' id='word_1_170' title='bbox 587 2081 694 2135; x_wconf 85' lang='grc' dir='ltr'><strong>τῶν</strong></span> <span class='ocrx_word' id='word_1_171' title='bbox 728 2083 904 2137; x_wconf 75' lang='grc' dir='ltr'>ἄλλων</span> <span class='ocrx_word' id='word_1_172' title='bbox 935 2085 1390 2155; x_wconf 82' lang='grc' dir='ltr'><strong>ἀποτετόρνευται</strong></span> <span class='ocrx_word' id='word_1_173' title='bbox 1414 2126 1430 2149; x_wconf 88' lang='lat'><strong>,</strong></span> <span class='ocrx_word' id='word_1_174' title='bbox 1471 2087 1547 2149; x_wconf 78' lang='grc' dir='ltr'>ὡς</span> <span class='ocrx_word' id='word_1_175' title='bbox 1600 2086 1755 2140; x_wconf 75' lang='grc' dir='ltr'>τοῦτο</span> <span class='ocrx_word' id='word_1_176' title='bbox 1801 2105 1890 2140; x_wconf 87' lang='grc' dir='ltr'>τε-</span> 
     </span>
    </p>
   </div>
   <div class='ocr_carea' id='block_1_23' title="bbox 309 2176 1889 2249">
    <p class='ocr_par' dir='ltr' id='par_1_23' title="bbox 309 2176 1889 2249">
     <span class='ocr_line' id='line_1_23' title="bbox 309 2176 1889 2249; baseline 0.004 -22"><span class='ocrx_word' id='word_1_177' title='bbox 309 2176 595 2245; x_wconf 70' lang='grc' dir='ltr'>τὸρνευταέ</span> <span class='ocrx_word' id='word_1_178' title='bbox 627 2194 686 2229; x_wconf 87' lang='grc' dir='ltr'><strong>τε</strong></span> <span class='ocrx_word' id='word_1_179' title='bbox 727 2181 792 2246; x_wconf 83' lang='grc' dir='ltr'>τῇ</span> <span class='ocrx_word' id='word_1_180' title='bbox 820 2179 1012 2245; x_wconf 79' lang='grc' dir='ltr'>φύσει,</span> <span class='ocrx_word' id='word_1_181' title='bbox 1063 2179 1159 2232; x_wconf 70' lang='grc' dir='ltr'>καὶ</span> <span class='ocrx_word' id='word_1_182' title='bbox 1204 2179 1303 2249; x_wconf 75' lang='grc' dir='ltr'>τὴν</span> <span class='ocrx_word' id='word_1_183' title='bbox 1342 2181 1664 2248; x_wconf 75' lang='grc' dir='ltr'>ἐπιφάνειαν</span> <span class='ocrx_word' id='word_1_184' title='bbox 1691 2181 1889 2233; x_wconf 84' lang='grc' dir='ltr'>ἀποτέ-</span> 
     </span>
    </p>
   </div>
   <div class='ocr_carea' id='block_1_24' title="bbox 309 2268 1887 2341">
    <p class='ocr_par' dir='ltr' id='par_1_24' title="bbox 309 2268 1887 2341">
     <span class='ocr_line' id='line_1_24' title="bbox 309 2268 1887 2341; baseline 0.003 -22"><span class='ocrx_word' id='word_1_185' title='bbox 309 2284 502 2319; x_wconf 81' lang='grc' dir='ltr'>ταται·</span> <span class='ocrx_word' id='word_1_186' title='bbox 541 2268 634 2320; x_wconf 75' lang='grc' dir='ltr'>καὶ</span> <span class='ocrx_word' id='word_1_187' title='bbox 672 2269 857 2339; x_wconf 73' lang='grc' dir='ltr'>σχῆμα</span> <span class='ocrx_word' id='word_1_188' title='bbox 887 2270 965 2340; x_wconf 81' lang='grc' dir='ltr'>τῷ</span> <span class='ocrx_word' id='word_1_189' title='bbox 1014 2271 1168 2341; x_wconf 79' lang='grc' dir='ltr'><strong>μήλῳ</strong></span> <span class='ocrx_word' id='word_1_190' title='bbox 1201 2271 1261 2324; x_wconf 71' lang='grc' dir='ltr'>τὸ</span> <span class='ocrx_word' id='word_1_191' title='bbox 1299 2272 1392 2324; x_wconf 84' lang='grc' dir='ltr'>τοῦ</span> <span class='ocrx_word' id='word_1_192' title='bbox 1425 2272 1628 2334; x_wconf 79' lang='grc' dir='ltr'>παντός</span> <span class='ocrx_word' id='word_1_193' title='bbox 1659 2273 1774 2324; x_wconf 79' lang='grc' dir='ltr'>ἐστι</span> <span class='ocrx_word' id='word_1_194' title='bbox 1799 2271 1887 2340; x_wconf 78' lang='grc' dir='ltr'><strong>με-</strong></span> 
     </span>
    </p>
   </div>
   <div class='ocr_carea' id='block_1_25' title="bbox 311 2362 1890 2437">
    <p class='ocr_par' dir='ltr' id='par_1_25' title="bbox 311 2362 1890 2437">
     <span class='ocr_line' id='line_1_25' title="bbox 311 2362 1890 2437; baseline 0.004 -25"><span class='ocrx_word' id='word_1_195' title='bbox 311 2377 494 2430; x_wconf 86' lang='grc' dir='ltr'>μημα.</span> <span class='ocrx_word' id='word_1_196' title='bbox 545 2362 656 2414; x_wconf 81' lang='grc' dir='ltr'>Καὶ</span> <span class='ocrx_word' id='word_1_197' title='bbox 685 2364 734 2414; x_wconf 82' lang='grc' dir='ltr'><strong>τί</strong></span> <span class='ocrx_word' id='word_1_198' title='bbox 763 2364 844 2417; x_wconf 76' lang='grc' dir='ltr'><strong>δεῖ</strong></span> <span class='ocrx_word' id='word_1_199' title='bbox 891 2365 990 2427; x_wconf 73' lang='grc' dir='ltr'>τὰς</span> <span class='ocrx_word' id='word_1_200' title='bbox 1038 2367 1319 2435; x_wconf 73' lang='grc' dir='ltr'>ἐνεργείας</span> <span class='ocrx_word' id='word_1_201' title='bbox 1364 2366 1459 2418; x_wconf 79' lang='grc' dir='ltr'>τοῦ</span> <span class='ocrx_word' id='word_1_202' title='bbox 1512 2365 1890 2437; x_wconf 79' lang='grc' dir='ltr'>βλαστήματος</span> 
     </span>
    </p>
   </div>
   <div class='ocr_carea' id='block_1_26' title="bbox 309 2453 1888 2529">
    <p class='ocr_par' dir='ltr' id='par_1_26' title="bbox 309 2453 1888 2529">
     <span class='ocr_line' id='line_1_26' title="bbox 309 2453 1888 2529; baseline 0.005 -26"><span class='ocrx_word' id='word_1_203' title='bbox 309 2453 668 2521; x_wconf 73' lang='grc' dir='ltr'>καταλέγεινζ</span> <span class='ocrx_word' id='word_1_204' title='bbox 708 2457 799 2508; x_wconf 75' lang='grc' dir='ltr'><strong>καὶ</strong></span> <span class='ocrx_word' id='word_1_205' title='bbox 849 2457 925 2520; x_wconf 78' lang='grc' dir='ltr'><strong>ὡς</strong></span> <span class='ocrx_word' id='word_1_206' title='bbox 978 2458 1312 2528; x_wconf 60' lang='grc' dir='ltr'>ἐρρωμένοις</span> <span class='ocrx_word' id='word_1_207' title='bbox 1363 2458 1463 2525; x_wconf 79' lang='grc' dir='ltr'><strong>μὲν</strong></span> <span class='ocrx_word' id='word_1_208' title='bbox 1517 2459 1739 2529; x_wconf 67' lang='grc' dir='ltr'>τρυφὴ,</span> <span class='ocrx_word' id='word_1_209' title='bbox 1795 2461 1888 2512; x_wconf 69' lang='grc' dir='ltr'>καὶ</span> 
     </span>
    </p>
   </div>
   <div class='ocr_carea' id='block_1_27' title="bbox 310 2543 1888 2621">
    <p class='ocr_par' dir='ltr' id='par_1_27' title="bbox 310 2543 1888 2621">
     <span class='ocr_line' id='line_1_27' title="bbox 310 2543 1888 2621; baseline 0.004 -25"><span class='ocrx_word' id='word_1_210' title='bbox 310 2543 509 2616; x_wconf 84' lang='grc' dir='ltr'>βρῶμα</span> <span class='ocrx_word' id='word_1_211' title='bbox 539 2545 636 2615; x_wconf 70' lang='grc' dir='ltr'>ἡδύ</span> <span class='ocrx_word' id='word_1_212' title='bbox 663 2562 676 2576; x_wconf 91' lang='grc'>·</span> <span class='ocrx_word' id='word_1_213' title='bbox 710 2547 927 2600; x_wconf 82' lang='grc' dir='ltr'>νοσοῦσι</span> <span class='ocrx_word' id='word_1_214' title='bbox 952 2551 1009 2602; x_wconf 81' lang='grc' dir='ltr'>δὲ</span> <span class='ocrx_word' id='word_1_215' title='bbox 1049 2549 1262 2620; x_wconf 74' lang='grc' dir='ltr'>χρηστὴ</span> <span class='ocrx_word' id='word_1_216' title='bbox 1302 2550 1474 2621; x_wconf 73' lang='grc' dir='ltr'>τροφὴ</span> <span class='ocrx_word' id='word_1_217' title='bbox 1515 2551 1608 2604; x_wconf 71' lang='grc' dir='ltr'><strong>καὶ</strong></span> <span class='ocrx_word' id='word_1_218' title='bbox 1637 2552 1848 2621; x_wconf 78' lang='grc' dir='ltr'>ὑγιεινὴ</span> <span class='ocrx_word' id='word_1_219' title='bbox 1869 2565 1888 2583; x_wconf 75' lang='grc' dir='ltr'><strong><em>ο</em></strong></span> 
     </span>
    </p>
   </div>
   <div class='ocr_carea' id='block_1_28' title="bbox 308 2638 1890 2715">
    <p class='ocr_par' dir='ltr' id='par_1_28' title="bbox 308 2638 1890 2715">
     <span class='ocr_line' id='line_1_28' title="bbox 308 2638 1890 2715; baseline 0.004 -24"><span class='ocrx_word' id='word_1_220' title='bbox 308 2638 406 2691; x_wconf 71' lang='grc' dir='ltr'>καὶ</span> <span class='ocrx_word' id='word_1_221' title='bbox 435 2640 516 2691; x_wconf 78' lang='grc' dir='ltr'>ὅτι</span> <span class='ocrx_word' id='word_1_222' title='bbox 566 2639 728 2693; x_wconf 79' lang='grc' dir='ltr'>σῦκον</span> <span class='ocrx_word' id='word_1_223' title='bbox 760 2642 857 2711; x_wconf 79' lang='grc' dir='ltr'><strong>μὲν</strong></span> <span class='ocrx_word' id='word_1_224' title='bbox 889 2645 946 2695; x_wconf 83' lang='grc' dir='ltr'>ὲν</span> <span class='ocrx_word' id='word_1_225' title='bbox 990 2642 1223 2714; x_wconf 78' lang='grc' dir='ltr'>ὀνείροις</span> <span class='ocrx_word' id='word_1_226' title='bbox 1264 2642 1643 2697; x_wconf 81' lang='grc' dir='ltr'>δυσοιώνιστον</span> <span class='ocrx_word' id='word_1_227' title='bbox 1667 2662 1679 2674; x_wconf 86' lang='grc'><strong>·</strong></span> <span class='ocrx_word' id='word_1_228' title='bbox 1719 2645 1890 2715; x_wconf 80' lang='grc' dir='ltr'>μῆλον</span> 
     </span>
    </p>
   </div>
   <div class='ocr_carea' id='block_1_29' title="bbox 306 2729 1889 2803">
    <p class='ocr_par' dir='ltr' id='par_1_29' title="bbox 306 2729 1889 2803">
     <span class='ocr_line' id='line_1_29' title="bbox 306 2729 1889 2803; baseline 0.003 -20"><span class='ocrx_word' id='word_1_229' title='bbox 306 2729 363 2783; x_wconf 86' lang='grc' dir='ltr'><strong>δὲ</strong></span> <span class='ocrx_word' id='word_1_230' title='bbox 405 2733 506 2783; x_wconf 68' lang='grc' dir='ltr'><strong>κᾶν</strong></span> <span class='ocrx_word' id='word_1_231' title='bbox 537 2732 749 2795; x_wconf 80' lang='grc' dir='ltr'>τούτοις</span> <span class='ocrx_word' id='word_1_232' title='bbox 791 2733 1088 2801; x_wconf 79' lang='grc' dir='ltr'>εὐάγγελον</span> <span class='ocrx_word' id='word_1_233' title='bbox 1115 2753 1126 2765; x_wconf 90' lang='grc'>·</span> <span class='ocrx_word' id='word_1_234' title='bbox 1173 2733 1330 2799; x_wconf 76' lang='grc' dir='ltr'>δόξαν</span> <span class='ocrx_word' id='word_1_235' title='bbox 1358 2736 1469 2803; x_wconf 73' lang='grc' dir='ltr'><strong>γὰρ</strong></span> <span class='ocrx_word' id='word_1_236' title='bbox 1505 2736 1598 2788; x_wconf 75' lang='grc' dir='ltr'>καὶ</span> <span class='ocrx_word' id='word_1_237' title='bbox 1627 2735 1889 2802; x_wconf 77' lang='grc' dir='ltr'>στέφανον</span> 
     </span>
    </p>
   </div>
   <div class='ocr_carea' id='block_1_30' title="bbox 310 2822 1886 2896">
    <p class='ocr_par' dir='ltr' id='par_1_30' title="bbox 310 2822 1886 2896">
     <span class='ocr_line' id='line_1_30' title="bbox 310 2822 1886 2896; baseline 0.004 -23"><span class='ocrx_word' id='word_1_238' title='bbox 310 2822 745 2890; x_wconf 70' lang='grc' dir='ltr'>ἐπαγγέλλεται.</span> <span class='ocrx_word' id='word_1_239' title='bbox 783 2826 920 2877; x_wconf 79' lang='grc' dir='ltr'>Ἀλλ’</span> <span class='ocrx_word' id='word_1_240' title='bbox 946 2825 1082 2896; x_wconf 77' lang='grc' dir='ltr'>αὕτη</span> <span class='ocrx_word' id='word_1_241' title='bbox 1113 2843 1176 2894; x_wconf 86' lang='grc' dir='ltr'><strong>γε</strong></span> <span class='ocrx_word' id='word_1_242' title='bbox 1203 2828 1293 2880; x_wconf 72' lang='grc' dir='ltr'>καὶ</span> <span class='ocrx_word' id='word_1_243' title='bbox 1311 2827 1378 2878; x_wconf 76' lang='grc' dir='ltr'>τὰ</span> <span class='ocrx_word' id='word_1_244' title='bbox 1403 2826 1576 2880; x_wconf 86' lang='grc' dir='ltr'>Πύθια</span> <span class='ocrx_word' id='word_1_245' title='bbox 1606 2830 1886 2895; x_wconf 79' lang='grc' dir='ltr'>στεφανοῖ’</span> 
     </span>
    </p>
   </div>
   <div class='ocr_carea' id='block_1_31' title="bbox 307 2915 1888 2989">
    <p class='ocr_par' dir='ltr' id='par_1_31' title="bbox 307 2915 1888 2989">
     <span class='ocr_line' id='line_1_31' title="bbox 307 2915 1888 2989; baseline 0.003 -23"><span class='ocrx_word' id='word_1_246' title='bbox 307 2916 403 2967; x_wconf 75' lang='grc' dir='ltr'>καὶ</span> <span class='ocrx_word' id='word_1_247' title='bbox 442 2915 706 2984; x_wconf 73' lang='grc' dir='ltr'>πάρεστιν</span> <span class='ocrx_word' id='word_1_248' title='bbox 728 2916 965 2988; x_wconf 78' lang='grc' dir='ltr'><strong>ἀθλητὴς</strong></span> <span class='ocrx_word' id='word_1_249' title='bbox 984 2960 996 2982; x_wconf 92' lang='grc'><strong>,</strong></span> <span class='ocrx_word' id='word_1_250' title='bbox 1023 2919 1093 2971; x_wconf 77' lang='grc' dir='ltr'><strong>δι’</strong></span> <span class='ocrx_word' id='word_1_251' title='bbox 1121 2919 1273 2981; x_wconf 75' lang='grc' dir='ltr'>ἔτους</span> <span class='ocrx_word' id='word_1_252' title='bbox 1299 2937 1358 2971; x_wconf 88' lang='grc' dir='ltr'><strong>τε</strong></span> <span class='ocrx_word' id='word_1_253' title='bbox 1385 2918 1742 2989; x_wconf 76' lang='grc' dir='ltr'>γυμνασθεὶς,</span> <span class='ocrx_word' id='word_1_254' title='bbox 1793 2919 1888 2973; x_wconf 80' lang='grc' dir='ltr'>καὶ</span> 
     </span>
    </p>
   </div>
   <div class='ocr_carea' id='block_1_32' title="bbox 309 3005 1884 3082">
    <p class='ocr_par' dir='ltr' id='par_1_32' title="bbox 309 3005 1884 3082">
     <span class='ocr_line' id='line_1_32' title="bbox 309 3005 1884 3082; baseline 0.006 -25"><span class='ocrx_word' id='word_1_255' title='bbox 309 3005 513 3068; x_wconf 71' lang='grc' dir='ltr'>πολλὰς</span> <span class='ocrx_word' id='word_1_256' title='bbox 558 3009 968 3079; x_wconf 72' lang='grc' dir='ltr'>εὐπαιδοτρὶὅου</span> <span class='ocrx_word' id='word_1_257' title='bbox 1012 3010 1194 3063; x_wconf 75' lang='grc' dir='ltr'>λαϐὼν</span> <span class='ocrx_word' id='word_1_258' title='bbox 1225 3052 1239 3075; x_wconf 94' lang='grc'><strong>,</strong></span> <span class='ocrx_word' id='word_1_259' title='bbox 1294 3010 1514 3075; x_wconf 79' lang='grc' dir='ltr'>πλείους</span> <span class='ocrx_word' id='word_1_260' title='bbox 1557 3011 1614 3064; x_wconf 83' lang='grc' dir='ltr'>δὲ</span> <span class='ocrx_word' id='word_1_261' title='bbox 1655 3012 1884 3082; x_wconf 76' lang='grc' dir='ltr'>μέλλων.</span> 
     </span>
    </p>
   </div>
   <div class='ocr_carea' id='block_1_33' title="bbox 307 3097 1887 3177">
    <p class='ocr_par' dir='ltr' id='par_1_33' title="bbox 307 3097 1887 3177">
     <span class='ocr_line' id='line_1_33' title="bbox 307 3097 1887 3177; baseline 0.006 -27"><span class='ocrx_word' id='word_1_262' title='bbox 307 3097 430 3151; x_wconf 76' lang='grc' dir='ltr'>Κᾶν</span> <span class='ocrx_word' id='word_1_263' title='bbox 454 3116 507 3151; x_wconf 89' lang='grc' dir='ltr'><strong>τι</strong></span> <span class='ocrx_word' id='word_1_264' title='bbox 541 3100 652 3152; x_wconf 85' lang='grc' dir='ltr'>δέοι</span> <span class='ocrx_word' id='word_1_265' title='bbox 693 3100 879 3170; x_wconf 80' lang='grc' dir='ltr'>θήσων</span> <span class='ocrx_word' id='word_1_266' title='bbox 911 3103 1004 3154; x_wconf 78' lang='grc' dir='ltr'>καὶ</span> <span class='ocrx_word' id='word_1_267' title='bbox 1039 3103 1138 3172; x_wconf 79' lang='grc' dir='ltr'>τὴν</span> <span class='ocrx_word' id='word_1_268' title='bbox 1175 3104 1355 3175; x_wconf 68' lang='grc' dir='ltr'>ψυχὴν</span> <span class='ocrx_word' id='word_1_269' title='bbox 1386 3106 1473 3158; x_wconf 80' lang='grc' dir='ltr'>ἵνα</span> <span class='ocrx_word' id='word_1_270' title='bbox 1512 3105 1576 3174; x_wconf 78' lang='grc' dir='ltr'>δὴ</span> <span class='ocrx_word' id='word_1_271' title='bbox 1623 3106 1684 3158; x_wconf 81' lang='grc' dir='ltr'><strong>τὸ</strong></span> <span class='ocrx_word' id='word_1_272' title='bbox 1717 3106 1887 3177; x_wconf 80' lang='grc' dir='ltr'>μῆλον</span> 
     </span>
    </p>
   </div>
   <div class='ocr_carea' id='block_1_34' title="bbox 1995 603 3568 676">
    <p class='ocr_par' dir='ltr' id='par_1_34' title="bbox 1995 603 3568 676">
     <span class='ocr_line' id='line_1_34' title="bbox 1995 603 3568 676; baseline -0.003 -15"><span class='ocrx_word' id='word_1_273' title='bbox 1995 616 2050 661; x_wconf 88' lang='lat' dir='ltr'><strong>et</strong></span> <span class='ocrx_word' id='word_1_274' title='bbox 2080 606 2378 676; x_wconf 75' lang='lat' dir='ltr'><strong>virginem;</strong></span> <span class='ocrx_word' id='word_1_275' title='bbox 2436 603 2868 676; x_wconf 74' lang='lat' dir='ltr'><strong>pulchritudinis</strong></span> <span class='ocrx_word' id='word_1_276' title='bbox 2904 611 3088 657; x_wconf 90' lang='lat' dir='ltr'><strong>autem</strong></span> <span class='ocrx_word' id='word_1_277' title='bbox 3123 604 3325 656; x_wconf 87' lang='lat' dir='ltr'><strong>multos</strong></span> <span class='ocrx_word' id='word_1_278' title='bbox 3358 614 3568 656; x_wconf 86' lang='lat' dir='ltr'><strong>amato-</strong></span> 
     </span>
    </p>
   </div>
   <div class='ocr_carea' id='block_1_35' title="bbox 1997 695 3573 763">
    <p class='ocr_par' dir='ltr' id='par_1_35' title="bbox 1997 695 3573 763">
     <span class='ocr_line' id='line_1_35' title="bbox 1997 695 3573 763; baseline -0.003 -11"><span class='ocrx_word' id='word_1_279' title='bbox 1997 713 2084 752; x_wconf 91' lang='lat' dir='ltr'><strong>res</strong></span> <span class='ocrx_word' id='word_1_280' title='bbox 2110 707 2163 752; x_wconf 87' lang='lat' dir='ltr'><strong>et</strong></span> <span class='ocrx_word' id='word_1_281' title='bbox 2189 707 2457 751; x_wconf 91' lang='lat' dir='ltr'><strong>amantes.</strong></span> <span class='ocrx_word' id='word_1_282' title='bbox 2477 698 2721 752; x_wconf 79' lang='lat' dir='ltr'><strong>Prudens</strong></span> <span class='ocrx_word' id='word_1_283' title='bbox 2740 705 2921 751; x_wconf 88' lang='lat' dir='ltr'><strong>autem</strong></span> <span class='ocrx_word' id='word_1_284' title='bbox 2945 711 3069 750; x_wconf 91' lang='lat' dir='ltr'><strong>eum</strong></span> <span class='ocrx_word' id='word_1_285' title='bbox 3087 695 3248 749; x_wconf 80' lang='lat' dir='ltr'><strong>fuerit</strong></span> <span class='ocrx_word' id='word_1_286' title='bbox 3266 711 3441 763; x_wconf 88' lang='lat' dir='ltr'><strong>neque</strong></span> <span class='ocrx_word' id='word_1_287' title='bbox 3459 695 3573 748; x_wconf 80' lang='lat' dir='ltr'><strong>lor-</strong></span> 
     </span>
    </p>
   </div>
   <div class='ocr_carea' id='block_1_36' title="bbox 1997 786 3574 858">
    <p class='ocr_par' dir='ltr' id='par_1_36' title="bbox 1997 786 3574 858">
     <span class='ocr_line' id='line_1_36' title="bbox 1997 786 3574 858; baseline -0.001 -15"><span class='ocrx_word' id='word_1_288' title='bbox 1997 806 2140 844; x_wconf 86' lang='lat' dir='ltr'><strong>mam</strong></span> <span class='ocrx_word' id='word_1_289' title='bbox 2172 790 2415 843; x_wconf 82' lang='lat' dir='ltr'><strong>venalem</strong></span> <span class='ocrx_word' id='word_1_290' title='bbox 2446 790 2715 850; x_wconf 81' lang='lat' dir='ltr'><strong>habuerit,</strong></span> <span class='ocrx_word' id='word_1_291' title='bbox 2740 789 2913 858; x_wconf 81' lang='lat' dir='ltr'><strong>magis</strong></span> <span class='ocrx_word' id='word_1_292' title='bbox 2935 786 3098 840; x_wconf 90' lang='lat' dir='ltr'><strong>etiam</strong></span> <span class='ocrx_word' id='word_1_293' title='bbox 3122 801 3308 841; x_wconf 89' lang='lat' dir='ltr'><strong>amore</strong></span> <span class='ocrx_word' id='word_1_294' title='bbox 3333 787 3574 856; x_wconf 85' lang='lat' dir='ltr'><strong>perditos</strong></span> 
     </span>
    </p>
   </div>
   <div class='ocr_carea' id='block_1_37' title="bbox 1995 879 3574 946">
    <p class='ocr_par' dir='ltr' id='par_1_37' title="bbox 1995 879 3574 946">
     <span class='ocr_line' id='line_1_37' title="bbox 1995 879 3574 946; baseline -0.002 -11"><span class='ocrx_word' id='word_1_295' title='bbox 1995 881 2240 936; x_wconf 74' lang='lat' dir='ltr'><strong>elfecisse</strong></span> <span class='ocrx_word' id='word_1_296' title='bbox 2281 890 2591 946; x_wconf 75' lang='lat' dir='ltr'><strong>amatores;</strong></span> <span class='ocrx_word' id='word_1_297' title='bbox 2616 883 2737 935; x_wconf 89' lang='lat' dir='ltr'><strong>illos</strong></span> <span class='ocrx_word' id='word_1_298' title='bbox 2755 897 2883 935; x_wconf 90' lang='lat' dir='ltr'><strong>vero</strong></span> <span class='ocrx_word' id='word_1_299' title='bbox 2907 880 3267 935; x_wconf 83' lang='lat' dir='ltr'><strong>nihilominus</strong></span> <span class='ocrx_word' id='word_1_300' title='bbox 3293 879 3346 932; x_wconf 90' lang='lat' dir='ltr'><strong>in</strong></span> <span class='ocrx_word' id='word_1_301' title='bbox 3387 893 3574 932; x_wconf 83' lang='lat' dir='ltr'><strong>amore</strong></span> 
     </span>
    </p>
   </div>
   <div class='ocr_carea' id='block_1_38' title="bbox 1995 973 3575 1047">
    <p class='ocr_par' dir='ltr' id='par_1_38' title="bbox 1995 973 3575 1047">
     <span class='ocr_line' id='line_1_38' title="bbox 1995 973 3575 1047; baseline -0.004 -19"><span class='ocrx_word' id='word_1_302' title='bbox 1995 991 2396 1047; x_wconf 81' lang='lat' dir='ltr'><strong>perseverasse,</strong></span> <span class='ocrx_word' id='word_1_303' title='bbox 2435 985 2488 1029; x_wconf 90' lang='lat' dir='ltr'><strong>et</strong></span> <span class='ocrx_word' id='word_1_304' title='bbox 2514 975 2655 1029; x_wconf 89' lang='lat' dir='ltr'><strong>inter</strong></span> <span class='ocrx_word' id='word_1_305' title='bbox 2679 990 2736 1029; x_wconf 92' lang='lat' dir='ltr'><strong>se</strong></span> <span class='ocrx_word' id='word_1_306' title='bbox 2763 977 3092 1044; x_wconf 79' lang='lat' dir='ltr'><strong>pugnavisse</strong></span> <span class='ocrx_word' id='word_1_307' title='bbox 3135 991 3149 1027; x_wconf 91' lang='lat'><strong>:</strong></span> <span class='ocrx_word' id='word_1_308' title='bbox 3196 973 3395 1027; x_wconf 87' lang='lat' dir='ltr'><strong>deinde</strong></span> <span class='ocrx_word' id='word_1_309' title='bbox 3446 973 3575 1025; x_wconf 87' lang='lat' dir='ltr'><strong>vino</strong></span> 
     </span>
    </p>
   </div>
   <div class='ocr_carea' id='block_1_39' title="bbox 1995 1065 3573 1139">
    <p class='ocr_par' dir='ltr' id='par_1_39' title="bbox 1995 1065 3573 1139">
     <span class='ocr_line' id='line_1_39' title="bbox 1995 1065 3573 1139; baseline -0.004 -18"><span class='ocrx_word' id='word_1_310' title='bbox 1995 1084 2216 1139; x_wconf 85' lang='lat' dir='ltr'><strong>pressos</strong></span> <span class='ocrx_word' id='word_1_311' title='bbox 2233 1069 2367 1122; x_wconf 85' lang='lat' dir='ltr'><strong>alios</strong></span> <span class='ocrx_word' id='word_1_312' title='bbox 2387 1069 2617 1122; x_wconf 84' lang='lat' dir='ltr'><strong>invicem</strong></span> <span class='ocrx_word' id='word_1_313' title='bbox 2640 1067 2927 1132; x_wconf 75' lang='lat' dir='ltr'><strong>ceridisse,</strong></span> <span class='ocrx_word' id='word_1_314' title='bbox 2953 1076 3012 1120; x_wconf 92' lang='lat' dir='ltr'><strong>ut</strong></span> <span class='ocrx_word' id='word_1_315' title='bbox 3032 1067 3233 1122; x_wconf 86' lang='lat' dir='ltr'><strong>rivales</strong></span> <span class='ocrx_word' id='word_1_316' title='bbox 3263 1085 3274 1119; x_wconf 95' lang='lat'>:</span> <span class='ocrx_word' id='word_1_317' title='bbox 3304 1065 3573 1133; x_wconf 77' lang='lat' dir='ltr'><strong>virginem</strong></span> 
     </span>
    </p>
   </div>
   <div class='ocr_carea' id='block_1_40' title="bbox 1994 1160 3576 1226">
    <p class='ocr_par' dir='ltr' id='par_1_40' title="bbox 1994 1160 3576 1226">
     <span class='ocr_line' id='line_1_40' title="bbox 1994 1160 3576 1226; baseline -0.003 -11"><span class='ocrx_word' id='word_1_318' title='bbox 1994 1162 2156 1215; x_wconf 87' lang='lat' dir='ltr'><strong>etiam</strong></span> <span class='ocrx_word' id='word_1_319' title='bbox 2214 1162 2594 1226; x_wconf 84' lang='lat' dir='ltr'><strong>intervenisse,</strong></span> <span class='ocrx_word' id='word_1_320' title='bbox 2641 1170 2983 1214; x_wconf 84' lang='lat' dir='ltr'><strong>mortuorum</strong></span> <span class='ocrx_word' id='word_1_321' title='bbox 3032 1160 3310 1213; x_wconf 78' lang='lat' dir='ltr'><strong>miseriam</strong></span> <span class='ocrx_word' id='word_1_322' title='bbox 3350 1172 3493 1221; x_wconf 83' lang='lat' dir='ltr'><strong>esse,</strong></span> <span class='ocrx_word' id='word_1_323' title='bbox 3521 1163 3576 1210; x_wconf 88' lang='lat' dir='ltr'><strong>et</strong></span> 
     </span>
    </p>
   </div>
   <div class='ocr_carea' id='block_1_41' title="bbox 1996 1248 3572 1319">
    <p class='ocr_par' dir='ltr' id='par_1_41' title="bbox 1996 1248 3572 1319">
     <span class='ocr_line' id='line_1_41' title="bbox 1996 1248 3572 1319; baseline -0.002 -14"><span class='ocrx_word' id='word_1_324' title='bbox 1996 1253 2308 1307; x_wconf 78' lang='lat' dir='ltr'><strong>viventibus</strong></span> <span class='ocrx_word' id='word_1_325' title='bbox 2359 1251 2682 1315; x_wconf 89' lang='lat' dir='ltr'><strong>erubuisse,</strong></span> <span class='ocrx_word' id='word_1_326' title='bbox 2734 1251 2974 1319; x_wconf 85' lang='lat' dir='ltr'><strong>scipsam</strong></span> <span class='ocrx_word' id='word_1_327' title='bbox 3028 1260 3208 1303; x_wconf 89' lang='lat' dir='ltr'><strong>autem</strong></span> <span class='ocrx_word' id='word_1_328' title='bbox 3260 1248 3572 1310; x_wconf 82' lang='lat' dir='ltr'><strong>deﬂevisse,</strong></span> 
     </span>
    </p>
   </div>
   <div class='ocr_carea' id='block_1_42' title="bbox 1993 1345 3574 1415">
    <p class='ocr_par' dir='ltr' id='par_1_42' title="bbox 1993 1345 3574 1415">
     <span class='ocr_line' id='line_1_42' title="bbox 1993 1345 3574 1415; baseline 0.001 -18"><span class='ocrx_word' id='word_1_329' title='bbox 1993 1356 2046 1398; x_wconf 90' lang='lat' dir='ltr'><strong>et</strong></span> <span class='ocrx_word' id='word_1_330' title='bbox 2082 1347 2274 1400; x_wconf 82' lang='lat' dir='ltr'><strong>laetam</strong></span> <span class='ocrx_word' id='word_1_331' title='bbox 2319 1345 2491 1401; x_wconf 75' lang='lat' dir='ltr'><strong>fuisse</strong></span> <span class='ocrx_word' id='word_1_332' title='bbox 2526 1362 2623 1415; x_wconf 91' lang='lat' dir='ltr'><strong>per</strong></span> <span class='ocrx_word' id='word_1_333' title='bbox 2662 1353 2850 1400; x_wconf 88' lang='lat' dir='ltr'><strong>votum</strong></span> <span class='ocrx_word' id='word_1_334' title='bbox 2880 1345 3163 1414; x_wconf 87' lang='lat' dir='ltr'><strong>pulchram</strong></span> <span class='ocrx_word' id='word_1_335' title='bbox 3200 1345 3475 1404; x_wconf 85' lang='lat' dir='ltr'><strong>arborem.</strong></span> <span class='ocrx_word' id='word_1_336' title='bbox 3514 1353 3574 1398; x_wconf 92' lang='lat' dir='ltr'><strong>ut</strong></span> 
     </span>
    </p>
   </div>
   <div class='ocr_carea' id='block_1_43' title="bbox 1995 1439 3574 1508">
    <p class='ocr_par' dir='ltr' id='par_1_43' title="bbox 1995 1439 3574 1508">
     <span class='ocr_line' id='line_1_43' title="bbox 1995 1439 3574 1508; baseline 0 -16"><span class='ocrx_word' id='word_1_337' title='bbox 1995 1439 2218 1508; x_wconf 88' lang='lat' dir='ltr'><strong>pulchra</strong></span> <span class='ocrx_word' id='word_1_338' title='bbox 2263 1448 2415 1505; x_wconf 90' lang='lat' dir='ltr'><strong>erat;</strong></span> <span class='ocrx_word' id='word_1_339' title='bbox 2467 1440 2669 1506; x_wconf 85' lang='lat' dir='ltr'><strong>albam,</strong></span> <span class='ocrx_word' id='word_1_340' title='bbox 2710 1449 2769 1493; x_wconf 88' lang='lat' dir='ltr'><strong>ut</strong></span> <span class='ocrx_word' id='word_1_341' title='bbox 2801 1439 2926 1493; x_wconf 90' lang='lat' dir='ltr'><strong>alba</strong></span> <span class='ocrx_word' id='word_1_342' title='bbox 2951 1448 3091 1502; x_wconf 92' lang='lat' dir='ltr'><strong>erat,</strong></span> <span class='ocrx_word' id='word_1_343' title='bbox 3126 1453 3483 1506; x_wconf 82' lang='lat' dir='ltr'><strong>purpuream.</strong></span> <span class='ocrx_word' id='word_1_344' title='bbox 3514 1447 3574 1492; x_wconf 87' lang='lat' dir='ltr'><strong>ut</strong></span> 
     </span>
    </p>
   </div>
   <div class='ocr_carea' id='block_1_44' title="bbox 1992 1529 3573 1600">
    <p class='ocr_par' dir='ltr' id='par_1_44' title="bbox 1992 1529 3573 1600">
     <span class='ocr_line' id='line_1_44' title="bbox 1992 1529 3573 1600; baseline -0.003 -15"><span class='ocrx_word' id='word_1_345' title='bbox 1992 1532 2323 1585; x_wconf 88' lang='lat' dir='ltr'><strong>erubescens</strong></span> <span class='ocrx_word' id='word_1_346' title='bbox 2353 1541 2491 1586; x_wconf 88' lang='lat' dir='ltr'><strong>erat.</strong></span> <span class='ocrx_word' id='word_1_347' title='bbox 2526 1531 2603 1585; x_wconf 89' lang='lat' dir='ltr'><strong>Ita</strong></span> <span class='ocrx_word' id='word_1_348' title='bbox 2643 1531 2863 1600; x_wconf 85' lang='lat' dir='ltr'><strong>quidem</strong></span> <span class='ocrx_word' id='word_1_349' title='bbox 2905 1529 3111 1586; x_wconf 73' lang='lat' dir='ltr'><strong>fabula.</strong></span> <span class='ocrx_word' id='word_1_350' title='bbox 3146 1530 3204 1583; x_wconf 92' lang='lat' dir='ltr'><strong>Si</strong></span> <span class='ocrx_word' id='word_1_351' title='bbox 3238 1545 3368 1584; x_wconf 87' lang='lat' dir='ltr'><strong>vero</strong></span> <span class='ocrx_word' id='word_1_352' title='bbox 3397 1530 3573 1597; x_wconf 84' lang='lat' dir='ltr'><strong>philo-</strong></span> 
     </span>
    </p>
   </div>
   <div class='ocr_carea' id='block_1_45' title="bbox 1994 1621 3574 1692">
    <p class='ocr_par' dir='ltr' id='par_1_45' title="bbox 1994 1621 3574 1692">
     <span class='ocr_line' id='line_1_45' title="bbox 1994 1621 3574 1692; baseline -0.001 -16"><span class='ocrx_word' id='word_1_353' title='bbox 1994 1622 2219 1692; x_wconf 68' lang='lat' dir='ltr'><strong>sopitim,</strong></span> <span class='ocrx_word' id='word_1_354' title='bbox 2247 1638 2354 1676; x_wconf 90' lang='lat' dir='ltr'><strong>non</strong></span> <span class='ocrx_word' id='word_1_355' title='bbox 2388 1633 2571 1676; x_wconf 90' lang='lat' dir='ltr'><strong>autem</strong></span> <span class='ocrx_word' id='word_1_356' title='bbox 2598 1621 2802 1677; x_wconf 78' lang='lat' dir='ltr'><strong>fabulis</strong></span> <span class='ocrx_word' id='word_1_357' title='bbox 2837 1623 3058 1677; x_wconf 80' lang='lat' dir='ltr'><strong>studere</strong></span> <span class='ocrx_word' id='word_1_358' title='bbox 3078 1631 3296 1691; x_wconf 81' lang='lat' dir='ltr'><strong>Oportet</strong></span> <span class='ocrx_word' id='word_1_359' title='bbox 3322 1637 3420 1674; x_wconf 87' lang='lat' dir='ltr'><strong>nos</strong></span> <span class='ocrx_word' id='word_1_360' title='bbox 3438 1634 3491 1675; x_wconf 89' lang='lat' dir='ltr'><strong>et</strong></span> <span class='ocrx_word' id='word_1_361' title='bbox 3523 1631 3574 1674; x_wconf 89' lang='lat' dir='ltr'><strong>te</strong></span> 
     </span>
    </p>
   </div>
   <div class='ocr_carea' id='block_1_46' title="bbox 1994 1714 3570 1784">
    <p class='ocr_par' dir='ltr' id='par_1_46' title="bbox 1994 1714 3570 1784">
     <span class='ocr_line' id='line_1_46' title="bbox 1994 1714 3570 1784; baseline -0.001 -16"><span class='ocrx_word' id='word_1_362' title='bbox 1994 1714 2167 1768; x_wconf 89' lang='lat' dir='ltr'><strong>amori</strong></span> <span class='ocrx_word' id='word_1_363' title='bbox 2219 1714 2706 1784; x_wconf 82' lang='lat' dir='ltr'><strong>contemplationis</strong></span> <span class='ocrx_word' id='word_1_364' title='bbox 2759 1715 3162 1770; x_wconf 83' lang='lat' dir='ltr'><strong>incumbentem</strong></span> <span class='ocrx_word' id='word_1_365' title='bbox 3200 1733 3212 1767; x_wconf 93' lang='lat'><strong>:</strong></span> <span class='ocrx_word' id='word_1_366' title='bbox 3249 1714 3440 1766; x_wconf 86' lang='lat' dir='ltr'><strong>dicunt</strong></span> <span class='ocrx_word' id='word_1_367' title='bbox 3480 1715 3570 1767; x_wconf 91' lang='lat' dir='ltr'><strong>isti</strong></span> 
     </span>
    </p>
   </div>
   <div class='ocr_carea' id='block_1_47' title="bbox 1995 1805 3573 1874">
    <p class='ocr_par' dir='ltr' id='par_1_47' title="bbox 1995 1805 3573 1874">
     <span class='ocr_line' id='line_1_47' title="bbox 1995 1805 3573 1874; baseline -0.001 -16"><span class='ocrx_word' id='word_1_368' title='bbox 1995 1806 2061 1860; x_wconf 90' lang='lat' dir='ltr'><strong>de</strong></span> <span class='ocrx_word' id='word_1_369' title='bbox 2084 1806 2169 1860; x_wconf 89' lang='lat' dir='ltr'><strong>his</strong></span> <span class='ocrx_word' id='word_1_370' title='bbox 2195 1806 2468 1860; x_wconf 87' lang='lat' dir='ltr'><strong>doctiores</strong></span> <span class='ocrx_word' id='word_1_371' title='bbox 2492 1805 2792 1859; x_wconf 78' lang='lat' dir='ltr'><strong>formarum</strong></span> <span class='ocrx_word' id='word_1_372' title='bbox 2818 1821 2982 1859; x_wconf 88' lang='lat' dir='ltr'><strong>unam</strong></span> <span class='ocrx_word' id='word_1_373' title='bbox 3009 1805 3428 1874; x_wconf 88' lang='lat' dir='ltr'><strong>pulcherrimam</strong></span> <span class='ocrx_word' id='word_1_374' title='bbox 3450 1820 3573 1857; x_wconf 80' lang='lat' dir='ltr'><strong>esse</strong></span> 
     </span>
    </p>
   </div>
   <div class='ocr_carea' id='block_1_48' title="bbox 1994 1897 3570 1968">
    <p class='ocr_par' dir='ltr' id='par_1_48' title="bbox 1994 1897 3570 1968">
     <span class='ocr_line' id='line_1_48' title="bbox 1994 1897 3570 1968; baseline -0.002 -16"><span class='ocrx_word' id='word_1_375' title='bbox 1994 1898 2338 1968; x_wconf 71' lang='lat' dir='ltr'><strong>sphaericam,</strong></span> <span class='ocrx_word' id='word_1_376' title='bbox 2358 1930 2364 1935; x_wconf 97' lang='lat'><strong><em>-</em></strong></span> <span class='ocrx_word' id='word_1_377' title='bbox 2383 1913 2548 1953; x_wconf 90' lang='lat' dir='ltr'><strong>unam</strong></span> <span class='ocrx_word' id='word_1_378' title='bbox 2577 1901 2818 1968; x_wconf 82' lang='lat' dir='ltr'><strong>:equales</strong></span> <span class='ocrx_word' id='word_1_379' title='bbox 2848 1899 2989 1951; x_wconf 92' lang='lat' dir='ltr'><strong>inter</strong></span> <span class='ocrx_word' id='word_1_380' title='bbox 3019 1897 3339 1964; x_wconf 76' lang='lat' dir='ltr'><strong>SllpOl‘liClt&#39;S</strong></span> <span class='ocrx_word' id='word_1_381' title='bbox 3367 1897 3570 1949; x_wconf 86' lang='lat' dir='ltr'><strong>solidas</strong></span> 
     </span>
    </p>
   </div>
   <div class='ocr_carea' id='block_1_49' title="bbox 1994 1990 3572 2061">
    <p class='ocr_par' dir='ltr' id='par_1_49' title="bbox 1994 1990 3572 2061">
     <span class='ocr_line' id='line_1_49' title="bbox 1994 1990 3572 2061; baseline -0.001 -17"><span class='ocrx_word' id='word_1_382' title='bbox 1994 1991 2120 2045; x_wconf 86' lang='lat' dir='ltr'><strong>illud</strong></span> <span class='ocrx_word' id='word_1_383' title='bbox 2156 2007 2301 2054; x_wconf 86' lang='lat' dir='ltr'><strong>esse,</strong></span> <span class='ocrx_word' id='word_1_384' title='bbox 2349 1991 2495 2061; x_wconf 91' lang='lat' dir='ltr'><strong>quod</strong></span> <span class='ocrx_word' id='word_1_385' title='bbox 2527 1991 2670 2044; x_wconf 86' lang='lat' dir='ltr'><strong>inter</strong></span> <span class='ocrx_word' id='word_1_386' title='bbox 2703 1993 2890 2060; x_wconf 87' lang='lat' dir='ltr'><strong>planas</strong></span> <span class='ocrx_word' id='word_1_387' title='bbox 2950 1990 3277 2045; x_wconf 87' lang='lat' dir='ltr'><strong>circularem</strong></span> <span class='ocrx_word' id='word_1_388' title='bbox 3311 2008 3324 2044; x_wconf 92' lang='lat'><strong>:</strong></span> <span class='ocrx_word' id='word_1_389' title='bbox 3359 1991 3572 2042; x_wconf 63' lang='lat' dir='ltr'><strong>videtur</strong></span> 
     </span>
    </p>
   </div>
   <div class='ocr_carea' id='block_1_50' title="bbox 1991 2081 3572 2153">
    <p class='ocr_par' dir='ltr' id='par_1_50' title="bbox 1991 2081 3572 2153">
     <span class='ocr_line' id='line_1_50' title="bbox 1991 2081 3572 2153; baseline 0 -17"><span class='ocrx_word' id='word_1_390' title='bbox 1991 2093 2172 2137; x_wconf 88' lang='lat' dir='ltr'><strong>autem</strong></span> <span class='ocrx_word' id='word_1_391' title='bbox 2201 2083 2333 2137; x_wconf 91' lang='lat' dir='ltr'><strong>illud</strong></span> <span class='ocrx_word' id='word_1_392' title='bbox 2371 2084 2688 2137; x_wconf 87' lang='lat' dir='ltr'><strong>universum</strong></span> <span class='ocrx_word' id='word_1_393' title='bbox 2743 2083 2913 2153; x_wconf 78' lang='lat' dir='ltr'><strong>ﬁgura</strong></span> <span class='ocrx_word' id='word_1_394' title='bbox 2940 2082 3165 2137; x_wconf 78' lang='lat' dir='ltr'><strong>referre.</strong></span> <span class='ocrx_word' id='word_1_395' title='bbox 3205 2081 3381 2135; x_wconf 72' lang='lat' dir='ltr'><strong>llabet</strong></span> <span class='ocrx_word' id='word_1_396' title='bbox 3407 2083 3572 2151; x_wconf 71' lang='lat' dir='ltr'><strong>igitur</strong></span> 
     </span>
    </p>
   </div>
   <div class='ocr_carea' id='block_1_51' title="bbox 1990 2177 3570 2248">
    <p class='ocr_par' dir='ltr' id='par_1_51' title="bbox 1990 2177 3570 2248">
     <span class='ocr_line' id='line_1_51' title="bbox 1990 2177 3570 2248; baseline -0.001 -15"><span class='ocrx_word' id='word_1_397' title='bbox 1990 2193 2117 2233; x_wconf 89' lang='lat' dir='ltr'><strong>cum</strong></span> <span class='ocrx_word' id='word_1_398' title='bbox 2171 2177 2294 2232; x_wconf 92' lang='lat' dir='ltr'><strong>aliis</strong></span> <span class='ocrx_word' id='word_1_399' title='bbox 2325 2184 2379 2231; x_wconf 87' lang='lat' dir='ltr'><strong>et</strong></span> <span class='ocrx_word' id='word_1_400' title='bbox 2412 2177 2546 2232; x_wconf 88' lang='lat' dir='ltr'><strong>illud</strong></span> <span class='ocrx_word' id='word_1_401' title='bbox 2584 2193 2806 2248; x_wconf 87' lang='lat' dir='ltr'><strong>quoque</strong></span> <span class='ocrx_word' id='word_1_402' title='bbox 2839 2180 3057 2244; x_wconf 85' lang='lat' dir='ltr'><strong>malus;</strong></span> <span class='ocrx_word' id='word_1_403' title='bbox 3093 2179 3283 2232; x_wconf 84' lang='lat' dir='ltr'><strong>nullus</strong></span> <span class='ocrx_word' id='word_1_404' title='bbox 3319 2179 3388 2232; x_wconf 81' lang='lat' dir='ltr'><strong>ita</strong></span> <span class='ocrx_word' id='word_1_405' title='bbox 3427 2180 3570 2233; x_wconf 91' lang='lat' dir='ltr'><strong>inter</strong></span> 
     </span>
    </p>
   </div>
   <div class='ocr_carea' id='block_1_52' title="bbox 1993 2268 3570 2340">
    <p class='ocr_par' dir='ltr' id='par_1_52' title="bbox 1993 2268 3570 2340">
     <span class='ocr_line' id='line_1_52' title="bbox 1993 2268 3570 2340; baseline 0.001 -18"><span class='ocrx_word' id='word_1_406' title='bbox 1993 2268 2204 2322; x_wconf 76' lang='lat' dir='ltr'><strong>fructus</strong></span> <span class='ocrx_word' id='word_1_407' title='bbox 2232 2269 2462 2323; x_wconf 88' lang='lat' dir='ltr'><strong>aliarqu</strong></span> <span class='ocrx_word' id='word_1_408' title='bbox 2508 2271 2768 2324; x_wconf 88' lang='lat' dir='ltr'><strong>arborum</strong></span> <span class='ocrx_word' id='word_1_409' title='bbox 2804 2271 2857 2323; x_wconf 92' lang='lat' dir='ltr'><strong>in</strong></span> <span class='ocrx_word' id='word_1_410' title='bbox 2889 2270 3161 2340; x_wconf 77' lang='lat' dir='ltr'><strong>splneram</strong></span> <span class='ocrx_word' id='word_1_411' title='bbox 3199 2270 3434 2322; x_wconf 79' lang='lat' dir='ltr'><strong>iullesus</strong></span> <span class='ocrx_word' id='word_1_412' title='bbox 3461 2280 3570 2333; x_wconf 88' lang='lat' dir='ltr'><strong>est,</strong></span> 
     </span>
    </p>
   </div>
   <div class='ocr_carea' id='block_1_53' title="bbox 1992 2362 3570 2432">
    <p class='ocr_par' dir='ltr' id='par_1_53' title="bbox 1992 2362 3570 2432">
     <span class='ocr_line' id='line_1_53' title="bbox 1992 2362 3570 2432; baseline -0.002 -14"><span class='ocrx_word' id='word_1_413' title='bbox 1992 2373 2052 2418; x_wconf 94' lang='lat' dir='ltr'><strong>ut</strong></span> <span class='ocrx_word' id='word_1_414' title='bbox 2079 2365 2225 2419; x_wconf 90' lang='lat' dir='ltr'><strong>illius</strong></span> <span class='ocrx_word' id='word_1_415' title='bbox 2254 2363 2468 2420; x_wconf 82' lang='lat' dir='ltr'><strong>fruetus</strong></span> <span class='ocrx_word' id='word_1_416' title='bbox 2503 2372 2699 2418; x_wconf 87' lang='lat' dir='ltr'><strong>natura</strong></span> <span class='ocrx_word' id='word_1_417' title='bbox 2729 2373 2813 2428; x_wconf 88' lang='lat' dir='ltr'><strong>;et</strong></span> <span class='ocrx_word' id='word_1_418' title='bbox 2841 2363 3054 2432; x_wconf 87' lang='lat' dir='ltr'><strong>species</strong></span> <span class='ocrx_word' id='word_1_419' title='bbox 3073 2363 3196 2431; x_wconf 81' lang='lat' dir='ltr'><strong>ejus</strong></span> <span class='ocrx_word' id='word_1_420' title='bbox 3221 2362 3570 2430; x_wconf 81' lang='lat' dir='ltr'><strong>expanditur,</strong></span> 
     </span>
    </p>
   </div>
   <div class='ocr_carea' id='block_1_54' title="bbox 1993 2457 3569 2527">
    <p class='ocr_par' dir='ltr' id='par_1_54' title="bbox 1993 2457 3569 2527">
     <span class='ocr_line' id='line_1_54' title="bbox 1993 2457 3569 2527; baseline 0.001 -17"><span class='ocrx_word' id='word_1_421' title='bbox 1993 2474 2118 2512; x_wconf 87' lang='lat' dir='ltr'><strong>nam</strong></span> <span class='ocrx_word' id='word_1_422' title='bbox 2163 2458 2404 2512; x_wconf 90' lang='lat' dir='ltr'><strong>universi</strong></span> <span class='ocrx_word' id='word_1_423' title='bbox 2461 2458 2646 2527; x_wconf 69' lang='lat' dir='ltr'><strong>ligura:</strong></span> <span class='ocrx_word' id='word_1_424' title='bbox 2693 2457 2871 2510; x_wconf 80' lang='lat' dir='ltr'><strong>malus</strong></span> <span class='ocrx_word' id='word_1_425' title='bbox 2923 2457 3288 2510; x_wconf 71' lang='lat' dir='ltr'><strong>imitationem</strong></span> <span class='ocrx_word' id='word_1_426' title='bbox 3341 2457 3569 2525; x_wconf 71' lang='lat' dir='ltr'><strong>prmbct.</strong></span> 
     </span>
    </p>
   </div>
   <div class='ocr_carea' id='block_1_55' title="bbox 1992 2544 3574 2618">
    <p class='ocr_par' dir='ltr' id='par_1_55' title="bbox 1992 2544 3574 2618">
     <span class='ocr_line' id='line_1_55' title="bbox 1992 2544 3574 2618; baseline -0.001 -16"><span class='ocrx_word' id='word_1_427' title='bbox 1992 2549 2097 2603; x_wconf 88' lang='lat' dir='ltr'><strong>Sed</strong></span> <span class='ocrx_word' id='word_1_428' title='bbox 2148 2548 2279 2616; x_wconf 87' lang='lat' dir='ltr'><strong>quid</strong></span> <span class='ocrx_word' id='word_1_429' title='bbox 2331 2563 2474 2618; x_wconf 90' lang='lat' dir='ltr'><strong>opus</strong></span> <span class='ocrx_word' id='word_1_430' title='bbox 2523 2555 2608 2602; x_wconf 88' lang='lat' dir='ltr'><strong>est</strong></span> <span class='ocrx_word' id='word_1_431' title='bbox 2655 2547 3024 2618; x_wconf 86' lang='lat' dir='ltr'><strong>proprietates</strong></span> <span class='ocrx_word' id='word_1_432' title='bbox 3094 2544 3458 2602; x_wconf 73' lang='lat' dir='ltr'><strong>enumerare?</strong></span> <span class='ocrx_word' id='word_1_433' title='bbox 3517 2559 3574 2601; x_wconf 84' lang='lat' dir='ltr'><strong>et</strong></span> 
     </span>
    </p>
   </div>
   <div class='ocr_carea' id='block_1_56' title="bbox 1993 2637 3569 2710">
    <p class='ocr_par' dir='ltr' id='par_1_56' title="bbox 1993 2637 3569 2710">
     <span class='ocr_line' id='line_1_56' title="bbox 1993 2637 3569 2710; baseline -0.001 -17"><span class='ocrx_word' id='word_1_434' title='bbox 1993 2640 2377 2710; x_wconf 81' lang='lat' dir='ltr'><strong>languentibus</strong></span> <span class='ocrx_word' id='word_1_435' title='bbox 2428 2638 2647 2708; x_wconf 88' lang='lat' dir='ltr'><strong>quidem</strong></span> <span class='ocrx_word' id='word_1_436' title='bbox 2692 2639 2945 2708; x_wconf 80' lang='lat' dir='ltr'><strong>voluptas</strong></span> <span class='ocrx_word' id='word_1_437' title='bbox 2988 2648 3044 2692; x_wconf 91' lang='lat' dir='ltr'><strong>et</strong></span> <span class='ocrx_word' id='word_1_438' title='bbox 3097 2637 3339 2708; x_wconf 82' lang='lat' dir='ltr'><strong>jucunda</strong></span> <span class='ocrx_word' id='word_1_439' title='bbox 3417 2652 3569 2701; x_wconf 81' lang='lat' dir='ltr'><strong>esea.</strong></span> 
     </span>
    </p>
   </div>
   <div class='ocr_carea' id='block_1_57' title="bbox 1990 2729 3572 2802">
    <p class='ocr_par' dir='ltr' id='par_1_57' title="bbox 1990 2729 3572 2802">
     <span class='ocr_line' id='line_1_57' title="bbox 1990 2729 3572 2802; baseline -0.003 -15"><span class='ocrx_word' id='word_1_440' title='bbox 1990 2733 2384 2802; x_wconf 55' lang='lat' dir='ltr'><strong>argrotantihus</strong></span> <span class='ocrx_word' id='word_1_441' title='bbox 2415 2741 2595 2785; x_wconf 88' lang='lat' dir='ltr'><strong>autem</strong></span> <span class='ocrx_word' id='word_1_442' title='bbox 2625 2729 2970 2786; x_wconf 83' lang='lat' dir='ltr'><strong>salutilerum</strong></span> <span class='ocrx_word' id='word_1_443' title='bbox 2998 2740 3051 2786; x_wconf 91' lang='lat' dir='ltr'><strong>et</strong></span> <span class='ocrx_word' id='word_1_444' title='bbox 3085 2731 3434 2801; x_wconf 76' lang='lat' dir='ltr'><strong>hygienieum</strong></span> <span class='ocrx_word' id='word_1_445' title='bbox 3467 2730 3572 2784; x_wconf 83' lang='lat' dir='ltr'><strong>ali-</strong></span> 
     </span>
    </p>
   </div>
   <div class='ocr_carea' id='block_1_58' title="bbox 1991 2821 3570 2894">
    <p class='ocr_par' dir='ltr' id='par_1_58' title="bbox 1991 2821 3570 2894">
     <span class='ocr_line' id='line_1_58' title="bbox 1991 2821 3570 2894; baseline -0.003 -15"><span class='ocrx_word' id='word_1_446' title='bbox 1991 2835 2281 2880; x_wconf 87' lang='lat' dir='ltr'><strong>mentum:</strong></span> <span class='ocrx_word' id='word_1_447' title='bbox 2315 2825 2452 2880; x_wconf 89' lang='lat' dir='ltr'><strong>licus</strong></span> <span class='ocrx_word' id='word_1_448' title='bbox 2495 2822 2717 2894; x_wconf 89' lang='lat' dir='ltr'><strong>quidem</strong></span> <span class='ocrx_word' id='word_1_449' title='bbox 2752 2824 2808 2878; x_wconf 90' lang='lat' dir='ltr'><strong>in</strong></span> <span class='ocrx_word' id='word_1_450' title='bbox 2861 2822 3095 2878; x_wconf 86' lang='lat' dir='ltr'><strong>somniis</strong></span> <span class='ocrx_word' id='word_1_451' title='bbox 3145 2823 3271 2876; x_wconf 89' lang='lat' dir='ltr'><strong>mali</strong></span> <span class='ocrx_word' id='word_1_452' title='bbox 3323 2821 3570 2892; x_wconf 51' lang='lat' dir='ltr'><strong>praesagii</strong></span> 
     </span>
    </p>
   </div>
   <div class='ocr_carea' id='block_1_59' title="bbox 1988 2914 3574 2986">
    <p class='ocr_par' dir='ltr' id='par_1_59' title="bbox 1988 2914 3574 2986">
     <span class='ocr_line' id='line_1_59' title="bbox 1988 2914 3574 2986; baseline -0.004 -11"><span class='ocrx_word' id='word_1_453' title='bbox 1988 2929 2094 2984; x_wconf 90' lang='lat' dir='ltr'><strong>est,</strong></span> <span class='ocrx_word' id='word_1_454' title='bbox 2131 2919 2310 2973; x_wconf 89' lang='lat' dir='ltr'><strong>malus</strong></span> <span class='ocrx_word' id='word_1_455' title='bbox 2344 2925 2530 2972; x_wconf 90' lang='lat' dir='ltr'><strong>autem</strong></span> <span class='ocrx_word' id='word_1_456' title='bbox 2589 2915 2755 2972; x_wconf 79' lang='lat' dir='ltr'><strong>fausti</strong></span> <span class='ocrx_word' id='word_1_457' title='bbox 2793 2916 3042 2986; x_wconf 79' lang='lat' dir='ltr'><strong>augurii;</strong></span> <span class='ocrx_word' id='word_1_458' title='bbox 3077 2914 3306 2984; x_wconf 78' lang='lat' dir='ltr'><strong>gloriam</strong></span> <span class='ocrx_word' id='word_1_459' title='bbox 3342 2914 3489 2968; x_wconf 88' lang='lat' dir='ltr'><strong>enim</strong></span> <span class='ocrx_word' id='word_1_460' title='bbox 3518 2921 3574 2969; x_wconf 91' lang='lat' dir='ltr'><strong>et</strong></span> 
     </span>
    </p>
   </div>
   <div class='ocr_carea' id='block_1_60' title="bbox 1947 3007 3572 3089">
    <p class='ocr_par' dir='ltr' id='par_1_60' title="bbox 1947 3007 3572 3089">
     <span class='ocr_line' id='line_1_60' title="bbox 1947 3007 3572 3089; baseline -0.005 -21"><span class='ocrx_word' id='word_1_461' title='bbox 1947 3057 1949 3059; x_wconf 88' lang='lat'>.</span> <span class='ocrx_word' id='word_1_462' title='bbox 1990 3029 2252 3089; x_wconf 79' lang='lat' dir='ltr'><strong>coronam</strong></span> <span class='ocrx_word' id='word_1_463' title='bbox 2284 3011 2588 3082; x_wconf 71' lang='lat' dir='ltr'><strong>pollicemur.</strong></span> <span class='ocrx_word' id='word_1_464' title='bbox 2619 3009 2726 3065; x_wconf 88' lang='lat' dir='ltr'><strong>Sed</strong></span> <span class='ocrx_word' id='word_1_465' title='bbox 2766 3009 2956 3064; x_wconf 81' lang='lat' dir='ltr'><strong>eadem</strong></span> <span class='ocrx_word' id='word_1_466' title='bbox 2987 3019 3040 3063; x_wconf 92' lang='lat' dir='ltr'><strong>et</strong></span> <span class='ocrx_word' id='word_1_467' title='bbox 3067 3007 3122 3062; x_wconf 92' lang='lat' dir='ltr'><strong>in</strong></span> <span class='ocrx_word' id='word_1_468' title='bbox 3159 3007 3370 3077; x_wconf 73' lang='lat' dir='ltr'><strong>Pytltiis</strong></span> <span class='ocrx_word' id='word_1_469' title='bbox 3408 3022 3572 3061; x_wconf 87' lang='lat' dir='ltr'><strong>coro-</strong></span> 
     </span>
    </p>
   </div>
   <div class='ocr_carea' id='block_1_61' title="bbox 1992 3099 3573 3175">
    <p class='ocr_par' dir='ltr' id='par_1_61' title="bbox 1992 3099 3573 3175">
     <span class='ocr_line' id='line_1_61' title="bbox 1992 3099 3573 3175; baseline -0.004 -15"><span class='ocrx_word' id='word_1_470' title='bbox 1992 3121 2117 3160; x_wconf 89' lang='lat' dir='ltr'><strong>nam</strong></span> <span class='ocrx_word' id='word_1_471' title='bbox 2147 3106 2384 3175; x_wconf 68' lang='lat' dir='ltr'><strong>praabet;</strong></span> <span class='ocrx_word' id='word_1_472' title='bbox 2416 3111 2470 3158; x_wconf 92' lang='lat' dir='ltr'><strong>et</strong></span> <span class='ocrx_word' id='word_1_473' title='bbox 2493 3103 2648 3158; x_wconf 86' lang='lat' dir='ltr'><strong>adest</strong></span> <span class='ocrx_word' id='word_1_474' title='bbox 2675 3101 2899 3165; x_wconf 86' lang='lat' dir='ltr'><strong>athleta,</strong></span> <span class='ocrx_word' id='word_1_475' title='bbox 2931 3115 3028 3170; x_wconf 90' lang='lat' dir='ltr'><strong>per</strong></span> <span class='ocrx_word' id='word_1_476' title='bbox 3064 3117 3268 3156; x_wconf 87' lang='lat' dir='ltr'><strong>annum</strong></span> <span class='ocrx_word' id='word_1_477' title='bbox 3300 3099 3573 3155; x_wconf 79' lang='lat' dir='ltr'><strong>exercita-</strong></span> 
     </span>
    </p>
   </div>
   <div class='ocr_carea' id='block_1_62' title="bbox 309 3190 2757 3279">
    <p class='ocr_par' dir='ltr' id='par_1_62' title="bbox 309 3190 2757 3279">
     <span class='ocr_line' id='line_1_62' title="bbox 309 3190 2757 3279; baseline 0.002 -37"><span class='ocrx_word' id='word_1_478' title='bbox 309 3190 405 3242; x_wconf 75' lang='grc' dir='ltr'><strong>καὶ</strong></span> <span class='ocrx_word' id='word_1_479' title='bbox 425 3190 525 3261; x_wconf 83' lang='grc' dir='ltr'><strong>τὴν</strong></span> <span class='ocrx_word' id='word_1_480' title='bbox 555 3193 692 3261; x_wconf 77' lang='grc' dir='ltr'>μετὰ</span> <span class='ocrx_word' id='word_1_481' title='bbox 716 3193 812 3246; x_wconf 76' lang='grc' dir='ltr'>τοῦ</span> <span class='ocrx_word' id='word_1_482' title='bbox 841 3195 1012 3265; x_wconf 78' lang='grc' dir='ltr'>μήλου</span> <span class='ocrx_word' id='word_1_483' title='bbox 1047 3195 1205 3261; x_wconf 64' lang='grc' dir='ltr'>δόξαν</span> <span class='ocrx_word' id='word_1_484' title='bbox 1235 3197 1416 3251; x_wconf 80' lang='grc' dir='ltr'>λαϐὼν</span> <span class='ocrx_word' id='word_1_485' title='bbox 1444 3197 1690 3262; x_wconf 83' lang='grc' dir='ltr'>ἁπέλθοι,</span> <span class='ocrx_word' id='word_1_486' title='bbox 1718 3198 1886 3251; x_wconf 78' lang='grc' dir='ltr'>πολλὰ</span> <span class='ocrx_word' id='word_1_487' title='bbox 1917 3220 1961 3279; x_wconf 71' lang='lat' dir='ltr'><strong><em>C</em></strong></span> <span class='ocrx_word' id='word_1_488' title='bbox 1993 3210 2106 3264; x_wconf 87' lang='lat' dir='ltr'><strong>tus,</strong></span> <span class='ocrx_word' id='word_1_489' title='bbox 2131 3209 2185 3253; x_wconf 88' lang='lat' dir='ltr'><strong>et</strong></span> <span class='ocrx_word' id='word_1_490' title='bbox 2214 3197 2416 3251; x_wconf 85' lang='lat' dir='ltr'><strong>multas</strong></span> <span class='ocrx_word' id='word_1_491' title='bbox 2463 3195 2619 3250; x_wconf 70' lang='lat' dir='ltr'><strong>bona:</strong></span> <span class='ocrx_word' id='word_1_492' title='bbox 2647 3211 2757 3250; x_wconf 74' lang='lat' dir='ltr'><strong>exel</strong></span> 
     </span>
    </p>
   </div>
   <div class='ocr_carea' id='block_1_63' title="bbox 1947 3190 3570 3279">
    <p class='ocr_par' dir='ltr' id='par_1_63' title="bbox 1947 3192 3570 3276">
     <span class='ocr_line' id='line_1_63' title="bbox 1947 3192 3570 3276; baseline -0.003 -23"><span class='ocrx_word' id='word_1_493' title='bbox 1947 3221 1961 3276; x_wconf 62' lang='grc' dir='ltr'><strong>ι</strong></span> <span class='ocrx_word' id='word_1_494' title='bbox 1993 3210 2106 3264; x_wconf 89' lang='lat' dir='ltr'><strong>tus,</strong></span> <span class='ocrx_word' id='word_1_495' title='bbox 2131 3209 2185 3253; x_wconf 88' lang='lat' dir='ltr'><strong>et</strong></span> <span class='ocrx_word' id='word_1_496' title='bbox 2214 3197 2416 3251; x_wconf 90' lang='lat' dir='ltr'><strong>multas</strong></span> <span class='ocrx_word' id='word_1_497' title='bbox 2463 3195 2619 3250; x_wconf 69' lang='lat' dir='ltr'><strong>bona:</strong></span> <span class='ocrx_word' id='word_1_498' title='bbox 2647 3194 3062 3271; x_wconf 77' lang='lat' dir='ltr'><strong>exercitationis</strong></span> <span class='ocrx_word' id='word_1_499' title='bbox 3102 3207 3337 3248; x_wconf 89' lang='lat' dir='ltr'><strong>coronas</strong></span> <span class='ocrx_word' id='word_1_500' title='bbox 3361 3192 3570 3259; x_wconf 79' lang='lat' dir='ltr'><strong>ferens,</strong></span> 
     </span>
    </p>
   </div>
   <div class='ocr_carea' id='block_1_64' title="bbox 310 3280 1890 3360">
    <p class='ocr_par' dir='ltr' id='par_1_64' title="bbox 310 3280 1890 3360">
     <span class='ocr_line' id='line_1_64' title="bbox 310 3280 1890 3360; baseline 0.008 -31"><span class='ocrx_word' id='word_1_501' title='bbox 310 3280 404 3331; x_wconf 75' lang='grc' dir='ltr'>καὶ</span> <span class='ocrx_word' id='word_1_502' title='bbox 434 3280 565 3333; x_wconf 80' lang='grc' dir='ltr'>ἄλλα</span> <span class='ocrx_word' id='word_1_503' title='bbox 589 3283 715 3352; x_wconf 76' lang='grc' dir='ltr'>περὶ</span> <span class='ocrx_word' id='word_1_504' title='bbox 740 3283 836 3335; x_wconf 73' lang='grc' dir='ltr'>τοῦ</span> <span class='ocrx_word' id='word_1_505' title='bbox 871 3283 1043 3355; x_wconf 81' lang='grc' dir='ltr'>μήλου</span> <span class='ocrx_word' id='word_1_506' title='bbox 1083 3285 1266 3353; x_wconf 86' lang='grc' dir='ltr'>λέγειν</span> <span class='ocrx_word' id='word_1_507' title='bbox 1293 3286 1442 3356; x_wconf 73' lang='grc' dir='ltr'>ἐνῆν,</span> <span class='ocrx_word' id='word_1_508' title='bbox 1479 3288 1533 3340; x_wconf 85' lang='grc' dir='ltr'><strong>εῖ</strong></span> <span class='ocrx_word' id='word_1_509' title='bbox 1583 3306 1673 3358; x_wconf 78' lang='grc' dir='ltr'><strong>μοι</strong></span> <span class='ocrx_word' id='word_1_510' title='bbox 1701 3288 1890 3360; x_wconf 81' lang='grc' dir='ltr'>καιρός</span> 
     </span>
    </p>
   </div>
   <div class='ocr_carea' id='block_1_65' title="bbox 309 3376 1890 3454">
    <p class='ocr_par' dir='ltr' id='par_1_65' title="bbox 309 3376 1890 3454">
     <span class='ocr_line' id='line_1_65' title="bbox 309 3376 1890 3454; baseline 0.008 -30"><span class='ocrx_word' id='word_1_511' title='bbox 309 3389 369 3424; x_wconf 87' lang='grc' dir='ltr'><strong>τε</strong></span> <span class='ocrx_word' id='word_1_512' title='bbox 426 3376 640 3446; x_wconf 83' lang='grc' dir='ltr'>παρῆν,</span> <span class='ocrx_word' id='word_1_513' title='bbox 685 3377 776 3429; x_wconf 71' lang='grc' dir='ltr'><strong>καὶ</strong></span> <span class='ocrx_word' id='word_1_514' title='bbox 833 3377 908 3448; x_wconf 80' lang='grc' dir='ltr'>μὴ</span> <span class='ocrx_word' id='word_1_515' title='bbox 965 3378 1143 3433; x_wconf 81' lang='grc' dir='ltr'>ταῦτα</span> <span class='ocrx_word' id='word_1_516' title='bbox 1191 3381 1424 3450; x_wconf 70' lang='grc' dir='ltr'>γράφειν</span> <span class='ocrx_word' id='word_1_517' title='bbox 1490 3383 1890 3454; x_wconf 75' lang='grc' dir='ltr'>ἠναγκαζόμην</span> 
     </span>
    </p>
   </div>
   <div class='ocr_carea' id='block_1_66' title="bbox 310 3463 1148 3542">
    <p class='ocr_par' dir='ltr' id='par_1_66' title="bbox 310 3463 1148 3542">
     <span class='ocr_line' id='line_1_66' title="bbox 310 3463 1148 3542; baseline 0.01 -25"><span class='ocrx_word' id='word_1_518' title='bbox 310 3463 518 3534; x_wconf 85' lang='grc' dir='ltr'>σχέδιον</span> <span class='ocrx_word' id='word_1_519' title='bbox 550 3466 644 3520; x_wconf 80' lang='grc' dir='ltr'><strong>καὶ</strong></span> <span class='ocrx_word' id='word_1_520' title='bbox 667 3466 790 3521; x_wconf 84' lang='grc' dir='ltr'>κατ’</span> <span class='ocrx_word' id='word_1_521' title='bbox 822 3469 1148 3542; x_wconf 75' lang='grc' dir='ltr'>ἐπιδρομήν.</span> 
     </span>
    </p>
   </div>
   <div class='ocr_carea' id='block_1_67' title="bbox 1989 3287 3571 3363">
    <p class='ocr_par' dir='ltr' id='par_1_67' title="bbox 1989 3287 3571 3363">
     <span class='ocr_line' id='line_1_67' title="bbox 1989 3287 3571 3363; baseline -0.003 -19"><span class='ocrx_word' id='word_1_522' title='bbox 1989 3293 2176 3363; x_wconf 87' lang='lat' dir='ltr'><strong>plures</strong></span> <span class='ocrx_word' id='word_1_523' title='bbox 2199 3299 2547 3359; x_wconf 77' lang='lat' dir='ltr'><strong>exspectans.</strong></span> <span class='ocrx_word' id='word_1_524' title='bbox 2569 3287 2625 3342; x_wconf 90' lang='lat' dir='ltr'><strong>Si</strong></span> <span class='ocrx_word' id='word_1_525' title='bbox 2646 3303 2774 3342; x_wconf 90' lang='lat' dir='ltr'><strong>vero</strong></span> <span class='ocrx_word' id='word_1_526' title='bbox 2799 3304 2938 3358; x_wconf 91' lang='lat' dir='ltr'><strong>opus</strong></span> <span class='ocrx_word' id='word_1_527' title='bbox 2965 3295 3111 3341; x_wconf 90' lang='lat' dir='ltr'><strong>esset</strong></span> <span class='ocrx_word' id='word_1_528' title='bbox 3133 3296 3368 3341; x_wconf 87' lang='lat' dir='ltr'><strong>mentem</strong></span> <span class='ocrx_word' id='word_1_529' title='bbox 3398 3287 3571 3357; x_wconf 85' lang='lat' dir='ltr'><strong>appli-</strong></span> 
     </span>
    </p>
   </div>
   <div class='ocr_carea' id='block_1_68' title="bbox 1987 3379 3568 3452">
    <p class='ocr_par' dir='ltr' id='par_1_68' title="bbox 1987 3379 3568 3452">
     <span class='ocr_line' id='line_1_68' title="bbox 1987 3379 3568 3452; baseline -0.005 -11"><span class='ocrx_word' id='word_1_530' title='bbox 1987 3399 2114 3441; x_wconf 84' lang='lat' dir='ltr'><strong>care</strong></span> <span class='ocrx_word' id='word_1_531' title='bbox 2144 3393 2202 3437; x_wconf 90' lang='lat' dir='ltr'><strong>ut</strong></span> <span class='ocrx_word' id='word_1_532' title='bbox 2240 3383 2611 3452; x_wconf 87' lang='lat' dir='ltr'><strong>complectens</strong></span> <span class='ocrx_word' id='word_1_533' title='bbox 2663 3381 2870 3436; x_wconf 83' lang='lat' dir='ltr'><strong>malum</strong></span> <span class='ocrx_word' id='word_1_534' title='bbox 2909 3392 2964 3435; x_wconf 92' lang='lat' dir='ltr'><strong>et</strong></span> <span class='ocrx_word' id='word_1_535' title='bbox 3008 3380 3153 3434; x_wconf 89' lang='lat' dir='ltr'><strong>malo</strong></span> <span class='ocrx_word' id='word_1_536' title='bbox 3198 3379 3568 3433; x_wconf 59' lang='lat' dir='ltr'><strong>adhaerentem</strong></span> 
     </span>
    </p>
   </div>
   <div class='ocr_carea' id='block_1_69' title="bbox 1987 3462 3570 3544">
    <p class='ocr_par' dir='ltr' id='par_1_69' title="bbox 1987 3462 3570 3544">
     <span class='ocr_line' id='line_1_69' title="bbox 1987 3462 3570 3544; baseline -0.003 -11"><span class='ocrx_word' id='word_1_537' title='bbox 1987 3477 2200 3533; x_wconf 87' lang='lat' dir='ltr'><strong>laudem</strong></span> <span class='ocrx_word' id='word_1_538' title='bbox 2249 3462 2464 3540; x_wconf 67' lang='lat' dir='ltr'><strong>evadat,</strong></span> <span class='ocrx_word' id='word_1_539' title='bbox 2517 3476 2686 3530; x_wconf 90' lang='lat' dir='ltr'><strong>multa</strong></span> <span class='ocrx_word' id='word_1_540' title='bbox 2726 3484 2780 3530; x_wconf 88' lang='lat' dir='ltr'><strong>ct</strong></span> <span class='ocrx_word' id='word_1_541' title='bbox 2839 3475 2946 3530; x_wconf 89' lang='lat' dir='ltr'><strong>alia</strong></span> <span class='ocrx_word' id='word_1_542' title='bbox 2976 3475 3043 3530; x_wconf 91' lang='lat' dir='ltr'><strong>de</strong></span> <span class='ocrx_word' id='word_1_543' title='bbox 3077 3474 3164 3528; x_wconf 90' lang='lat' dir='ltr'><strong>illa</strong></span> <span class='ocrx_word' id='word_1_544' title='bbox 3213 3474 3360 3544; x_wconf 88' lang='lat' dir='ltr'><strong>loqui</strong></span> <span class='ocrx_word' id='word_1_545' title='bbox 3410 3472 3570 3528; x_wconf 82' lang='lat' dir='ltr'><strong>facile</strong></span> 
     </span>
    </p>
   </div>
   <div class='ocr_carea' id='block_1_70' title="bbox 1987 3564 3568 3636">
    <p class='ocr_par' dir='ltr' id='par_1_70' title="bbox 1987 3564 3568 3636">
     <span class='ocr_line' id='line_1_70' title="bbox 1987 3564 3568 3636; baseline -0.003 -14"><span class='ocrx_word' id='word_1_546' title='bbox 1987 3576 2154 3633; x_wconf 86' lang='lat' dir='ltr'><strong>esset,</strong></span> <span class='ocrx_word' id='word_1_547' title='bbox 2187 3567 2232 3621; x_wconf 91' lang='lat' dir='ltr'><strong>si</strong></span> <span class='ocrx_word' id='word_1_548' title='bbox 2265 3577 2481 3636; x_wconf 90' lang='lat' dir='ltr'><strong>tempus</strong></span> <span class='ocrx_word' id='word_1_549' title='bbox 2528 3565 2663 3620; x_wconf 90' lang='lat' dir='ltr'><strong>mihi</strong></span> <span class='ocrx_word' id='word_1_550' title='bbox 2701 3573 3039 3635; x_wconf 84' lang='lat' dir='ltr'><strong>suppeteret,</strong></span> <span class='ocrx_word' id='word_1_551' title='bbox 3073 3579 3251 3633; x_wconf 86' lang='lat' dir='ltr'><strong>neque</strong></span> <span class='ocrx_word' id='word_1_552' title='bbox 3282 3564 3385 3620; x_wconf 86' lang='lat' dir='ltr'><strong>ista</strong></span> <span class='ocrx_word' id='word_1_553' title='bbox 3429 3565 3568 3619; x_wconf 88' lang='lat' dir='ltr'><strong>serl-</strong></span> 
     </span>
    </p>
   </div>
   <div class='ocr_carea' id='block_1_71' title="bbox 1988 3657 3184 3729">
    <p class='ocr_par' dir='ltr' id='par_1_71' title="bbox 1988 3657 3184 3729">
     <span class='ocr_line' id='line_1_71' title="bbox 1988 3657 3184 3729; baseline -0.004 -14"><span class='ocrx_word' id='word_1_554' title='bbox 1988 3661 2118 3716; x_wconf 86' lang='lat' dir='ltr'><strong>bere</strong></span> <span class='ocrx_word' id='word_1_555' title='bbox 2148 3659 2410 3714; x_wconf 85' lang='lat' dir='ltr'><strong>velociter</strong></span> <span class='ocrx_word' id='word_1_556' title='bbox 2431 3667 2484 3713; x_wconf 88' lang='lat' dir='ltr'><strong>et</strong></span> <span class='ocrx_word' id='word_1_557' title='bbox 2514 3657 2674 3729; x_wconf 89' lang='lat' dir='ltr'><strong>quasi</strong></span> <span class='ocrx_word' id='word_1_558' title='bbox 2700 3658 2908 3712; x_wconf 83' lang='lat' dir='ltr'><strong>cursim</strong></span> <span class='ocrx_word' id='word_1_559' title='bbox 2936 3671 3184 3725; x_wconf 81' lang='lat' dir='ltr'><strong>cogerer.</strong></span> 
     </span>
    </p>
   </div>
   <div class='ocr_carea' id='block_1_72' title="bbox 379 3872 2886 3902">
    <p class='ocr_par' dir='ltr' id='par_1_72' title="bbox 379 3872 2886 3902">
     <span class='ocr_line' id='line_1_72' title="bbox 379 3872 2886 3902; baseline 0.002 -15"><span class='ocrx_word' id='word_1_560' title='bbox 379 3872 2886 3902; x_wconf 75' lang='lat'><strong>.__.___.____._.________.____—____________</strong></span> 
     </span>
    </p>
   </div>
   <div class='ocr_carea' id='block_1_73' title="bbox 1105 4042 2776 4159">
    <p class='ocr_par' dir='ltr' id='par_1_73' title="bbox 1105 4042 2776 4159">
     <span class='ocr_line' id='line_1_73' title="bbox 1105 4042 2776 4159; baseline 0.001 -5"><span class='ocrx_word' id='word_1_561' title='bbox 1105 4042 1790 4159; x_wconf 84' lang='grc' dir='ltr'><strong>ΙΩΑΝΝΟΥ</strong></span> <span class='ocrx_word' id='word_1_562' title='bbox 1866 4043 2776 4159; x_wconf 86' lang='grc' dir='ltr'><strong>ΓΕΩΜΕΤΡΟΥ</strong></span> 
     </span>
    </p>
   </div>
   <div class='ocr_carea' id='block_1_74' title="bbox 545 4284 2757 4382">
    <p class='ocr_par' dir='ltr' id='par_1_74' title="bbox 545 4284 2757 4382">
     <span class='ocr_line' id='line_1_74' title="bbox 545 4284 2757 4382; baseline 0.005 -12"><span class='ocrx_word' id='word_1_563' title='bbox 545 4284 905 4371; x_wconf 81' lang='grc' dir='ltr'>ΥΜΝΟΙ</span> <span class='ocrx_word' id='word_1_564' title='bbox 983 4289 1354 4372; x_wconf 81' lang='grc' dir='ltr'>ΠΕΝΤΕ</span> <span class='ocrx_word' id='word_1_565' title='bbox 1429 4291 1599 4376; x_wconf 90' lang='grc' dir='ltr'><strong>ΕΙΣ</strong></span> <span class='ocrx_word' id='word_1_566' title='bbox 1672 4290 1904 4375; x_wconf 87' lang='grc' dir='ltr'><strong>ΤΗΝ</strong></span> <span class='ocrx_word' id='word_1_567' title='bbox 1980 4286 2610 4379; x_wconf 80' lang='grc' dir='ltr'><strong>ΥΠΕΡΑΓΙΑΝ</strong></span> <span class='ocrx_word' id='word_1_568' title='bbox 2694 4291 2757 4382; x_wconf 80' lang='grc' dir='ltr'>Θ</span> 
     </span>
    </p>
   </div>
   <div class='ocr_carea' id='block_1_75' title="bbox 1947 4284 3318 4382">
    <p class='ocr_par' dir='ltr' id='par_1_75' title="bbox 1980 4286 3318 4382">
     <span class='ocr_line' id='line_1_75' title="bbox 1980 4286 3318 4382; baseline 0.002 -6"><span class='ocrx_word' id='word_1_569' title='bbox 1980 4288 2142 4376; x_wconf 90' lang='grc' dir='ltr'><strong>ΥΠ</strong></span> <span class='ocrx_word' id='word_1_570' title='bbox 2155 4286 2610 4379; x_wconf 80' lang='grc' dir='ltr'><strong>ΕΡΑΓΙΑΝ</strong></span> <span class='ocrx_word' id='word_1_571' title='bbox 2694 4291 3076 4382; x_wconf 85' lang='grc' dir='ltr'><strong>ΘΕΟΊῸ</strong></span> <span class='ocrx_word' id='word_1_572' title='bbox 3089 4294 3318 4379; x_wconf 87' lang='grc' dir='ltr'>ΚοΝ</span> 
     </span>
    </p>
   </div>
   <div class='ocr_carea' id='block_1_76' title="bbox 1177 4642 2686 4761">
    <p class='ocr_par' dir='ltr' id='par_1_76' title="bbox 1177 4642 2686 4761">
     <span class='ocr_line' id='line_1_76' title="bbox 1177 4642 2686 4761; baseline 0.001 -2"><span class='ocrx_word' id='word_1_573' title='bbox 1177 4642 1776 4759; x_wconf 84' lang='lat' dir='ltr'><strong>JOANNIS</strong></span> <span class='ocrx_word' id='word_1_574' title='bbox 1861 4646 2686 4761; x_wconf 71' lang='lat' dir='ltr'><strong>GEOMETR/E</strong></span> 
     </span>
    </p>
   </div>
   <div class='ocr_carea' id='block_1_77' title="bbox 962 4867 2905 4943">
    <p class='ocr_par' dir='ltr' id='par_1_77' title="bbox 962 4867 2905 4943">
     <span class='ocr_line' id='line_1_77' title="bbox 962 4867 2905 4943; baseline 0.005 -16"><span class='ocrx_word' id='word_1_575' title='bbox 962 4869 1222 4928; x_wconf 75' lang='lat' dir='ltr'><strong>llYMNl</strong></span> <span class='ocrx_word' id='word_1_576' title='bbox 1286 4869 1641 4943; x_wconf 82' lang='lat' dir='ltr'><strong>QUINQUE</strong></span> <span class='ocrx_word' id='word_1_577' title='bbox 1677 4871 1758 4935; x_wconf 83' lang='lat' dir='ltr'><strong>IN</strong></span> <span class='ocrx_word' id='word_1_578' title='bbox 1801 4867 2394 4934; x_wconf 74' lang='lat' dir='ltr'><strong>SANCTISSHIAM</strong></span> <span class='ocrx_word' id='word_1_579' title='bbox 2460 4875 2905 4938; x_wconf 72' lang='lat' dir='ltr'><strong>DEIPARAM.</strong></span> 
     </span>
    </p>
   </div>
   <div class='ocr_carea' id='block_1_78' title="bbox 1117 5031 2738 5102">
    <p class='ocr_par' dir='ltr' id='par_1_78' title="bbox 1117 5031 2738 5102">
     <span class='ocr_line' id='line_1_78' title="bbox 1117 5031 2738 5102; baseline 0.004 -19"><span class='ocrx_word' id='word_1_580' title='bbox 1117 5031 1306 5093; x_wconf 85' lang='lat' dir='ltr'><strong>(Edidit</strong></span> <span class='ocrx_word' id='word_1_581' title='bbox 1333 5035 1450 5085; x_wconf 88' lang='lat' dir='ltr'><strong>Fed.</strong></span> <span class='ocrx_word' id='word_1_582' title='bbox 1482 5035 1734 5097; x_wconf 73' lang='lat' dir='ltr'><strong>More-llus,</strong></span> <span class='ocrx_word' id='word_1_583' title='bbox 1764 5043 1958 5101; x_wconf 68' lang='lat' dir='ltr'><strong>typogr.</strong></span> <span class='ocrx_word' id='word_1_584' title='bbox 1991 5037 2174 5102; x_wconf 84' lang='lat' dir='ltr'><strong>regius.</strong></span> <span class='ocrx_word' id='word_1_585' title='bbox 2211 5038 2443 5098; x_wconf 64' lang='lat' dir='ltr'><strong>Lutetiae,</strong></span> <span class='ocrx_word' id='word_1_586' title='bbox 2484 5039 2738 5100; x_wconf 73' lang='lat'><strong>1591,8°.)</strong></span> 
     </span>
    </p>
   </div>
   <div class='ocr_carea' id='block_1_79' title="bbox 1679 5339 2168 5400">
    <p class='ocr_par' dir='ltr' id='par_1_79' title="bbox 1679 5339 2168 5400">
     <span class='ocr_line' id='line_1_79' title="bbox 1679 5339 2168 5400; baseline 0 -2"><span class='ocrx_word' id='word_1_587' title='bbox 1679 5339 2168 5400; x_wconf 81' lang='lat' dir='ltr'><strong>ADMONITIO’.</strong></span> 
     </span>
    </p>
   </div>
   <div class='ocr_carea' id='block_1_80' title="bbox 376 5496 3561 5575">
    <p class='ocr_par' dir='ltr' id='par_1_80' title="bbox 376 5496 3561 5575">
     <span class='ocr_line' id='line_1_80' title="bbox 376 5496 3561 5575; baseline 0.003 -23"><span class='ocrx_word' id='word_1_588' title='bbox 376 5496 440 5552; x_wconf 86' lang='lat' dir='ltr'><strong>In</strong></span> <span class='ocrx_word' id='word_1_589' title='bbox 473 5500 552 5575; x_wconf 76' lang='lat' dir='ltr'><strong>his</strong></span> <span class='ocrx_word' id='word_1_590' title='bbox 601 5498 854 5575; x_wconf 64' lang='lat' dir='ltr'><strong>Hymnis,</strong></span> <span class='ocrx_word' id='word_1_591' title='bbox 880 5497 1066 5575; x_wconf 79' lang='lat' dir='ltr'><strong>quibus</strong></span> <span class='ocrx_word' id='word_1_592' title='bbox 1099 5497 1188 5575; x_wconf 68' lang='lat' dir='ltr'><strong>Ic.</strong></span> <span class='ocrx_word' id='word_1_593' title='bbox 1225 5499 1499 5575; x_wconf 70' lang='lat' dir='ltr'><strong>Geometra</strong></span> <span class='ocrx_word' id='word_1_594' title='bbox 1545 5503 1610 5556; x_wconf 83' lang='grc' dir='ltr'><strong>Β.</strong></span> <span class='ocrx_word' id='word_1_595' title='bbox 1653 5499 1882 5575; x_wconf 77' lang='lat' dir='ltr'><strong>Virginis</strong></span> <span class='ocrx_word' id='word_1_596' title='bbox 1930 5503 2112 5558; x_wconf 75' lang='lat' dir='ltr'><strong>laudes</strong></span> <span class='ocrx_word' id='word_1_597' title='bbox 2159 5502 2468 5575; x_wconf 76' lang='lat' dir='ltr'><strong>celebrando</strong></span> <span class='ocrx_word' id='word_1_598' title='bbox 2507 5517 2694 5575; x_wconf 81' lang='lat' dir='ltr'><strong>nomen</strong></span> <span class='ocrx_word' id='word_1_599' title='bbox 2744 5502 3033 5559; x_wconf 72' lang='lat' dir='ltr'><strong>illustravit</strong></span> <span class='ocrx_word' id='word_1_600' title='bbox 3082 5523 3258 5567; x_wconf 82' lang='lat' dir='ltr'><strong>suum.</strong></span> <span class='ocrx_word' id='word_1_601' title='bbox 3296 5521 3561 5575; x_wconf 69' lang='lat' dir='ltr'><strong>perpetuae</strong></span> 
     </span>
    </p>
   </div>
   <div class='ocr_carea' id='block_1_81' title="bbox 302 5570 2757 5646">
    <p class='ocr_par' dir='ltr' id='par_1_81' title="bbox 302 5570 2743 5646">
     <span class='ocr_line' id='line_1_81' title="bbox 302 5570 2743 5646; baseline 0 -22"><span class='ocrx_word' id='word_1_602' title='bbox 302 5571 744 5646; x_wconf 31' lang='lat' dir='ltr'><strong>sunt‘nllusiones</strong></span> <span class='ocrx_word' id='word_1_603' title='bbox 787 5570 854 5622; x_wconf 84' lang='lat' dir='ltr'><strong>ad</strong></span> <span class='ocrx_word' id='word_1_604' title='bbox 890 5571 1161 5646; x_wconf 71' lang='lat' dir='ltr'><strong>salutandi</strong></span> <span class='ocrx_word' id='word_1_605' title='bbox 1191 5573 1400 5646; x_wconf 70' lang='lat' dir='ltr'><strong>verbum</strong></span> <span class='ocrx_word' id='word_1_606' title='bbox 1443 5574 1636 5646; x_wconf 78' lang='grc' dir='ltr'>Χαῖρε,</span> <span class='ocrx_word' id='word_1_607' title='bbox 1666 5570 1766 5646; x_wconf 77' lang='lat' dir='ltr'><strong>quo</strong></span> <span class='ocrx_word' id='word_1_608' title='bbox 1799 5572 1999 5646; x_wconf 18' lang='grc' dir='ltr'><strong>(ἐναγεῖ</strong></span> <span class='ocrx_word' id='word_1_609' title='bbox 2021 5575 2218 5644; x_wconf 74' lang='grc' dir='ltr'>χαρὰν,</span> <span class='ocrx_word' id='word_1_610' title='bbox 2251 5574 2432 5639; x_wconf 63' lang='grc' dir='ltr'>χάριν,</span> <span class='ocrx_word' id='word_1_611' title='bbox 2483 5573 2743 5646; x_wconf 76' lang='lat' dir='ltr'><strong>salutem,</strong></span> 
     </span>
    </p>
   </div>
   <div class='ocr_carea' id='block_1_82' title="bbox 1947 5570 3557 5646">
    <p class='ocr_par' dir='ltr' id='par_1_82' title="bbox 1947 5570 3557 5646">
     <span class='ocr_line' id='line_1_82' title="bbox 1947 5570 3557 5646; baseline -0.006 -7"><span class='ocrx_word' id='word_1_612' title='bbox 1947 5575 1999 5646; x_wconf 34' lang='lat'><strong>‘5,</strong></span> <span class='ocrx_word' id='word_1_613' title='bbox 2021 5575 2218 5644; x_wconf 71' lang='grc' dir='ltr'>χαρὰν,</span> <span class='ocrx_word' id='word_1_614' title='bbox 2251 5574 2432 5639; x_wconf 62' lang='grc' dir='ltr'>χάριν,</span> <span class='ocrx_word' id='word_1_615' title='bbox 2483 5573 2743 5646; x_wconf 76' lang='lat' dir='ltr'><strong>salutem,</strong></span> <span class='ocrx_word' id='word_1_616' title='bbox 2785 5575 3034 5646; x_wconf 76' lang='lat' dir='ltr'><strong>gaudium</strong></span> <span class='ocrx_word' id='word_1_617' title='bbox 3065 5588 3115 5630; x_wconf 86' lang='lat' dir='ltr'><strong>ct</strong></span> <span class='ocrx_word' id='word_1_618' title='bbox 3166 5570 3303 5630; x_wconf 75' lang='lat' dir='ltr'><strong>bona</strong></span> <span class='ocrx_word' id='word_1_619' title='bbox 3333 5570 3557 5646; x_wconf 66' lang='lat' dir='ltr'><strong>[telaque</strong></span> 
     </span>
    </p>
   </div>
   <div class='ocr_carea' id='block_1_83' title="bbox 303 5639 3556 5713">
    <p class='ocr_par' dir='ltr' id='par_1_83' title="bbox 303 5639 3556 5713">
     <span class='ocr_line' id='line_1_83' title="bbox 303 5639 3556 5713; baseline 0.002 -20"><span class='ocrx_word' id='word_1_620' title='bbox 303 5642 482 5693; x_wconf 84' lang='lat' dir='ltr'><strong>omnia</strong></span> <span class='ocrx_word' id='word_1_621' title='bbox 516 5648 886 5713; x_wconf 61' lang='lat' dir='ltr'><strong>precabantur.</strong></span> <span class='ocrx_word' id='word_1_622' title='bbox 921 5639 985 5693; x_wconf 89' lang='lat' dir='ltr'><strong>In</strong></span> <span class='ocrx_word' id='word_1_623' title='bbox 1019 5641 1277 5710; x_wconf 77' lang='lat' dir='ltr'><strong>ejusmodi</strong></span> <span class='ocrx_word' id='word_1_624' title='bbox 1309 5659 1426 5696; x_wconf 81' lang='lat' dir='ltr'><strong>vero</strong></span> <span class='ocrx_word' id='word_1_625' title='bbox 1459 5639 1929 5707; x_wconf 77' lang='lat' dir='ltr'><strong>alliterationibus,</strong></span> <span class='ocrx_word' id='word_1_626' title='bbox 1974 5639 2164 5698; x_wconf 75' lang='lat' dir='ltr'><strong>Latina</strong></span> <span class='ocrx_word' id='word_1_627' title='bbox 2200 5646 2284 5697; x_wconf 68' lang='lat' dir='ltr'><strong>vix</strong></span> <span class='ocrx_word' id='word_1_628' title='bbox 2315 5661 2376 5697; x_wconf 81' lang='lat' dir='ltr'><strong>ar</strong></span> <span class='ocrx_word' id='word_1_629' title='bbox 2411 5661 2473 5698; x_wconf 90' lang='lat' dir='ltr'><strong>ne</strong></span> <span class='ocrx_word' id='word_1_630' title='bbox 2505 5645 2588 5698; x_wconf 73' lang='lat' dir='ltr'><strong>vix</strong></span> <span class='ocrx_word' id='word_1_631' title='bbox 2619 5639 2830 5713; x_wconf 76' lang='lat' dir='ltr'><strong>quidem</strong></span> <span class='ocrx_word' id='word_1_632' title='bbox 2886 5645 3188 5701; x_wconf 75' lang='lat' dir='ltr'><strong>Gra’corum</strong></span> <span class='ocrx_word' id='word_1_633' title='bbox 3235 5639 3556 5701; x_wconf 67' lang='lat' dir='ltr'><strong>venustatem</strong></span> 
     </span>
    </p>
   </div>
   <div class='ocr_carea' id='block_1_84' title="bbox 305 5710 3555 5786">
    <p class='ocr_par' dir='ltr' id='par_1_84' title="bbox 305 5710 3555 5786">
     <span class='ocr_line' id='line_1_84' title="bbox 305 5710 3555 5786; baseline 0.003 -26"><span class='ocrx_word' id='word_1_634' title='bbox 305 5714 515 5786; x_wconf 70' lang='lat' dir='ltr'><strong>assequi</strong></span> <span class='ocrx_word' id='word_1_635' title='bbox 544 5721 783 5786; x_wconf 78' lang='lat' dir='ltr'><strong>possunt.</strong></span> <span class='ocrx_word' id='word_1_636' title='bbox 818 5710 1079 5786; x_wconf 70' lang='lat' dir='ltr'><strong>therum</strong></span> <span class='ocrx_word' id='word_1_637' title='bbox 1107 5715 1232 5786; x_wconf 82' lang='lat' dir='ltr'><strong>quia</strong></span> <span class='ocrx_word' id='word_1_638' title='bbox 1270 5715 1494 5786; x_wconf 55' lang='lat' dir='ltr'><strong>macula?</strong></span> <span class='ocrx_word' id='word_1_639' title='bbox 1524 5725 1572 5767; x_wconf 84' lang='lat' dir='ltr'><strong>et</strong></span> <span class='ocrx_word' id='word_1_640' title='bbox 1611 5714 1815 5767; x_wconf 75' lang='lat' dir='ltr'><strong>lacuna:</strong></span> <span class='ocrx_word' id='word_1_641' title='bbox 1846 5716 2044 5783; x_wconf 73' lang='lat' dir='ltr'><strong>aliquot</strong></span> <span class='ocrx_word' id='word_1_642' title='bbox 2067 5724 2404 5768; x_wconf 63' lang='lat' dir='ltr'><strong>occurrerunt</strong></span> <span class='ocrx_word' id='word_1_643' title='bbox 2434 5717 2487 5768; x_wconf 84' lang='lat' dir='ltr'><strong>in</strong></span> <span class='ocrx_word' id='word_1_644' title='bbox 2511 5710 2695 5769; x_wconf 65' lang='grc' dir='ltr'>(ἕναἡό</span> <span class='ocrx_word' id='word_1_645' title='bbox 2730 5716 2906 5770; x_wconf 76' lang='lat' dir='ltr'><strong>codice</strong></span> <span class='ocrx_word' id='word_1_646' title='bbox 2933 5718 3066 5786; x_wconf 82' lang='lat' dir='ltr'><strong>(quo</strong></span> <span class='ocrx_word' id='word_1_647' title='bbox 3102 5721 3253 5770; x_wconf 83' lang='lat' dir='ltr'><strong>unico</strong></span> <span class='ocrx_word' id='word_1_648' title='bbox 3293 5720 3436 5772; x_wconf 84' lang='lat' dir='ltr'><strong>nobis</strong></span> <span class='ocrx_word' id='word_1_649' title='bbox 3479 5721 3555 5771; x_wconf 80' lang='lat' dir='ltr'><strong>uti</strong></span> 
     </span>
    </p>
   </div>
   <div class='ocr_carea' id='block_1_85' title="bbox 305 5782 3554 5854">
    <p class='ocr_par' dir='ltr' id='par_1_85' title="bbox 305 5782 3554 5854">
     <span class='ocr_line' id='line_1_85' title="bbox 305 5782 3554 5854; baseline 0.002 -21"><span class='ocrx_word' id='word_1_650' title='bbox 305 5783 458 5833; x_wconf 62' lang='lat' dir='ltr'><strong>licuit</strong></span> <span class='ocrx_word' id='word_1_651' title='bbox 482 5782 776 5843; x_wconf 74' lang='lat' dir='ltr'><strong>hactenus).</strong></span> <span class='ocrx_word' id='word_1_652' title='bbox 811 5783 1006 5854; x_wconf 79' lang='lat' dir='ltr'><strong>partim</strong></span> <span class='ocrx_word' id='word_1_653' title='bbox 1036 5785 1312 5850; x_wconf 82' lang='lat' dir='ltr'><strong>scriptoris</strong></span> <span class='ocrx_word' id='word_1_654' title='bbox 1351 5801 1527 5837; x_wconf 82' lang='lat' dir='ltr'><strong>errore</strong></span> <span class='ocrx_word' id='word_1_655' title='bbox 1555 5787 1758 5845; x_wconf 83' lang='lat' dir='ltr'><strong>ritialo,</strong></span> <span class='ocrx_word' id='word_1_656' title='bbox 1793 5788 1987 5850; x_wconf 79' lang='lat' dir='ltr'><strong>partim</strong></span> <span class='ocrx_word' id='word_1_657' title='bbox 2014 5795 2269 5839; x_wconf 66' lang='lat' dir='ltr'><strong>vetustate</strong></span> <span class='ocrx_word' id='word_1_658' title='bbox 2310 5787 2424 5844; x_wconf 82' lang='lat' dir='ltr'><strong>ipsa</strong></span> <span class='ocrx_word' id='word_1_659' title='bbox 2457 5803 2615 5854; x_wconf 78' lang='lat' dir='ltr'><strong>prope</strong></span> <span class='ocrx_word' id='word_1_660' title='bbox 2640 5782 3174 5852; x_wconf 46' lang='lat' dir='ltr'><strong>obliteratok&#39;mquus</strong></span> <span class='ocrx_word' id='word_1_661' title='bbox 3205 5806 3379 5842; x_wconf 89' lang='lat' dir='ltr'><strong>rerum</strong></span> <span class='ocrx_word' id='word_1_662' title='bbox 3411 5790 3554 5842; x_wconf 67' lang='lat' dir='ltr'><strong>(rsti-</strong></span> 
     </span>
    </p>
   </div>
   <div class='ocr_carea' id='block_1_86' title="bbox 305 5853 3553 5928">
    <p class='ocr_par' dir='ltr' id='par_1_86' title="bbox 305 5853 3553 5928">
     <span class='ocr_line' id='line_1_86' title="bbox 305 5853 3553 5928; baseline 0.003 -24"><span class='ocrx_word' id='word_1_663' title='bbox 305 5863 478 5907; x_wconf 84' lang='lat' dir='ltr'><strong>mator</strong></span> <span class='ocrx_word' id='word_1_664' title='bbox 507 5854 777 5923; x_wconf 76' lang='lat' dir='ltr'><strong>interpreti</strong></span> <span class='ocrx_word' id='word_1_665' title='bbox 814 5853 1074 5923; x_wconf 77' lang='lat' dir='ltr'><strong>plerisque</strong></span> <span class='ocrx_word' id='word_1_666' title='bbox 1107 5855 1161 5909; x_wconf 87' lang='lat' dir='ltr'><strong>in</strong></span> <span class='ocrx_word' id='word_1_667' title='bbox 1186 5855 1314 5912; x_wconf 80' lang='lat' dir='ltr'><strong>locis</strong></span> <span class='ocrx_word' id='word_1_668' title='bbox 1359 5857 1563 5911; x_wconf 74' lang='lat' dir='ltr'><strong>inutilis</strong></span> <span class='ocrx_word' id='word_1_669' title='bbox 1598 5867 1645 5912; x_wconf 82' lang='lat' dir='ltr'><strong>ct</strong></span> <span class='ocrx_word' id='word_1_670' title='bbox 1685 5857 1986 5921; x_wconf 70' lang='lat' dir='ltr'><strong>depravatis</strong></span> <span class='ocrx_word' id='word_1_671' title='bbox 2019 5859 2322 5928; x_wconf 75' lang='lat' dir='ltr'><strong>auwigculi,</strong></span> <span class='ocrx_word' id='word_1_672' title='bbox 2356 5853 2639 5924; x_wconf 78' lang='lat' dir='ltr'><strong>divinanti,</strong></span> <span class='ocrx_word' id='word_1_673' title='bbox 2696 5868 2746 5911; x_wconf 85' lang='lat' dir='ltr'><strong>et</strong></span> <span class='ocrx_word' id='word_1_674' title='bbox 2792 5860 3112 5927; x_wconf 80' lang='lat' dir='ltr'><strong>coniecturis</strong></span> <span class='ocrx_word' id='word_1_675' title='bbox 3160 5862 3271 5914; x_wconf 85' lang='lat' dir='ltr'><strong>suis</strong></span> <span class='ocrx_word' id='word_1_676' title='bbox 3325 5861 3553 5914; x_wconf 70' lang='lat' dir='ltr'><strong>medicas</strong></span> 
     </span>
    </p>
   </div>
  </div>
