4252 6436
748 433 852 496 867
1998 429 2323 490 JOANNIS
2361 430 2793 491 GEOMETR/E
3917 434 4029 502 863

749 546 1061 615 Θελξίοεον,
1096 546 1445 615 θελξίφρονα,
1476 543 1789 616 θελξιμενῆ,
1817 544 2103 611 θεόπαιδα,
2359 554 2401 607 Λ
2445 548 2683 613 Ῥὑστιν,
2727 547 3033 619 ρυσίπολιν,
3078 551 3391 621 ρυσιγενέα,
3417 551 3771 623 ρυσίκοσμον.

760 641 1086 713 Ἰοτ.ἁρειον,
1127 641 1414 711 ίόμματον,
1449 638 1663 710 ίόφρυν,
1694 639 2042 710 ἱμερόεσσαν.
2436 642 2734 713 Σώτειραν,
2777 644 3198 715 σελαηγενέτην,
3233 646 3611 718 σελαλαμπέα,
3647 647 3875 718 σεμνὴν,

746 732 1096 804 Κοσμογενῆ,
1131 732 1514 802 κατάκαρπον,
1540 730 1759 801 κλεινὴν
1793 730 2225 801 κοσμογύναικα,
2431 734 2760 814 Τριτογενῆ,
2793 739 3194 809 τριμάκαιραν,
3232 740 3564 809 τρισσοφαῆ.
3602 741 3949 810 τρισέληνον.

746 822 1034 893 Λαοχαρῆ,
1068 820 1417 891 λαοθαμϐέα,
1449 820 1625 891 λιτὴν,
1655 820 2056 891 λαομάκαιραν,
2442 827 2683 897 Ὑψίνον,
2715 827 3105 899 ὑψικάθεδρον,
3132 829 3465 901 ὑπέρτατον,
3494 831 3895 901 ὑψιμέδουσαν.

749 914 1043 983 Μυρίθεον,
1083 912 1447 983 μυρίκοσμον,
1486 913 1760 984 μυριφαῆ,
1799 912 2152 982 μυρίκλητον.
2429 919 2765 985 Φωτοτὸκον,
2800 919 3145 990 φαόμορφον,
3182 921 3511 990 φωτοὸόὶον,
3549 924 3881 991 φαέθουσαν.

751 1004 1068 1067 Νειοπόλον,
1102 1004 1423 1074 νεόκοσμον,
1453 1004 1731 1067 ναόθετον,
1764 1003 2136 1074 νεοπλάστην,
2432 1008 2834 1078 Χρυσίπεπλον,
2862 1012 3178 1083 χαρίεσσαν,
3200 1013 3582 1085 χρυσόθρονον,
3614 1014 3955 1084 χαριδώτην,

751 1094 1093 1159 Ξεινοτόκον,
1129 1095 1515 1166 ξενοθρέπτην,
1554 1095 1879 1159 ξεινότοκον,
1908 1096 2217 1167 ξενόοηλυν.
2436 1101 2802 1173 Ψευδολέτην,
2840 1104 3143 1174 ψύχαγνον,
3176 1107 3466 1177 ψυχοσόον,
3501 1108 3773 1178 ψαλτὰδη,

755 1188 997 1253 Ὄλϐιον,
1026 1188 1359 1260 ὀλϐιόεργον,
1396 1188 1653 1257 ὀνήτορα,
1685 1187 2083 1258 ὀλὸοδότειραν.
2446 1190 2766 1263 Ὠκυτὰτην,
2803 1191 3034 1265 ὡραίαν,
3064 1194 3250 1266 ὥριον,
3282 1198 3610 1268 ὼριόπαιδα.

751 1281 1135 1355 Παντοκρατῆ,
1171 1280 1449 1353 παναλκῆ,
1479 1279 1771 1350 πασιθέην,
1802 1280 2156 1350 πασίκ).ητον.

2176 1390 2467 1449 IIYMNUS
2506 1395 2575 1460 V,

754 1487 952 1563 Grecis
979 1488 1208 1563 versibus
1244 1488 1467 1563 heroicis
1529 1487 1594 1541 ab
1626 1488 1834 1563 incerto
1864 1498 2080 1563 auctore
2113 1489 2356 1563 conditus
2389 1491 2648 1563 exupuris
2680 1491 3205 1563 cpitltetis._veterunt
3242 1494 3553 1563 hymnorum
3604 1507 3746 1544 more
3776 1507 3791 1544 :
3828 1491 3883 1542 in
3913 1507 4016 1557 quo

820 1562 982 1613 etiam
1016 1558 1320 1612 litterarum
1340 1559 1494 1621 ordo,
1516 1557 1885 1613 carminum'et
1917 1559 2213 1630 dictionum
2246 1557 2858 1630 principiisobserenmr
2886 1578 2903 1614 :
2933 1560 3120 1616 Latine
3153 1557 3368 1616 liberius
3399 1563 3573 1616 soluta
3603 1564 3845 1616 oratione
3870 1566 4017 1630 (cum

820 1630 1048 1682 astricta
1079 1645 1171 1683 nec
1202 1630 1382 1683 liberet
1416 1646 1509 1684 nec
1534 1641 1745 1684 venuste
1771 1630 1984 1699 liceret)
2016 1629 2270 1683 verbatim
2304 1628 2467 1696 ferme
2502 1630 2565 1683 ab
2594 1631 2773 1685 eodem
2802 1630 3094 1701 Interprete
3126 1635 3202 1687 sic
3230 1650 3508 1703 expressus
3533 1644 3631 1688 est.

818 1718 1101 1774 Laudibus
1125 1720 1464 1775 celebremus
1494 1717 1587 1772 Dei
1623 1715 1745 1773 Filii
1777 1718 2026 1782 Matrem,
2059 1718 2167 1771 Deo
2195 1717 2453 1784 similem,
2487 1720 2751 1789 integrann
2786 1718 3055 1788 Sponsam
3084 1736 3101 1775 :

820 1808 954 1870 Quae
978 1807 1099 1861 sine
1120 1816 1238 1861 satu
1269 1805 1500 1875 peperit,
1533 1804 1922 1866 castissimam,
1946 1806 2377 1876 integerrimam,
2419 1805 2667 1877 principe
2700 1821 3024 1877 puerperam
3055 1826 3071 1864 :

820 1893 1105 1965 Reginam,
1136 1908 1168 1947 ο
1201 1891 1347 1965 Rege
1384 1893 1648 1963 genitam,
1678 1890 1843 1964 Regis
1868 1892 2184 1963 genitricem
2214 1910 2229 1947 :

819 1983 952 2049 Qua:
985 1985 1163 2051 gentis
1211 1997 1326 2036 sua:
1348 1991 1727 2052 proauctorem
1756 1982 1963 2051 genuit,
1998 1980 2312 2050 Deiparam,
2346 1982 2695 2051 propaginem
2726 1999 2897 2053 genus
2930 1983 3231 2038 humanum
3265 1993 3629 2039 recreantem.

822 2072 957 2137 Quae
979 2071 1149 2125 Deum
1188 2068 1360 2123 dedit.
1396 2072 1632 2139 pretium
1658 2070 2051 2140 redemptionis
2080 2070 2336 2134 exsolvit,
2368 2084 2561 2141 graves
2594 2086 2759 2127 casus
2793 2072 3038 2136 sustulit,
3070 2081 3125 2126 et
3154 2081 3338 2141 optata
3370 2072 3561 2143 largita
3593 2080 3697 2127 est.

822 2162 1017 2214 llivino
1044 2161 1242 2229 spiritu
1274 2161 1534 2227 atllatam,
1558 2159 1771 2214 felicem
1799 2160 1851 2212 in
1887 2169 2068 2229 partu,
2094 2159 2453 2213 beneﬁcentia
2480 2159 2828 2229 gaudentem,
2857 2162 3098 2231 gentium
3133 2162 3525 2216 libetatricetu.

820 2250 955 2314 Qum
987 2249 1154 2304 vitam
1193 2248 1403 2318 peperit
1428 2248 1588 2319 plane
1609 2245 1874 2312 divinam,
1898 2247 2528 2310 vitze‘conservatricem,
2558 2264 2721 2318 quam
2756 2250 2921 2303 etiam
2956 2250 3205 2319 largitur.

818 2342 953 2403 Qua-
982 2338 1168 2393 suavis
1200 2346 1253 2391 et
1279 2337 1416 2391 leuis
1448 2335 2014 2406 apparet,jucuudam
2050 2343 2300 2404 aspectu,
2328 2338 2603 2399 blandam.
2636 2339 2787 2391 mitia
2819 2339 2963 2393 dona
2998 2340 3216 2392 dantem
3252 2353 3267 2391 :

823 2430 991 2483 Ι)‹·ιιιιι
1012 2428 1433 2491 detnult-entem,
1467 2436 1706 2481 mentem
1734 2426 2155 2491 exltilarantetn,
2188 2437 2352 2480 cantu
2383 2426 2733 2489 allicientem,
2762 2427 2929 2479 Deum
2956 2423 3155 2481 Filium
3185 2426 3478 2483 habentem
3514 2442 3530 2479 :

821 2518 1094 2573 V'iolaeeis
1125 2517 1278 2586 genis
1310 2524 1365 2571 et
1398 2515 1597 2580 oculis,
1628 2524 1683 2570 et
1716 2514 1994 2583 praestanti
2025 2524 2209 2569 mente
2245 2514 2551 2583 praeditam,
2575 2513 2941 2568 desideratam
2972 2533 2985 2570 :

822 2608 879 2661 lu
913 2605 1121 2660 mundo
1148 2607 1409 2675 genitam,
1439 2603 1803 2666 fructuosam,
1840 2604 2236 2673 percelebrem,
2262 2601 2449 2657 mundi
2475 2600 2875 2669 lmperatricem
2908 2620 2923 2656 :

824 2694 1089 2748 Latitiam
1117 2706 1172 2747 et
1210 2702 1492 2762 stuporem
1528 2691 1879 2761 populorum,
1905 2707 1934 2745 a
1966 2691 2169 2761 quibus
2200 2692 2356 2745 beata
2385 2690 2734 2759 praedicatur,
2769 2705 2894 2743 cum
2932 2688 3284 2761 simplicitate
3307 2699 3362 2747 et
3386 2690 3696 2762 abjcctione
3719 2686 3919 2744 animi.

824 2782 1173 2852 Unguentum
1209 2778 1304 2833 Dci
1334 2790 1387 2834 et
1421 2777 1636 2846 mundi,
1670 2779 1935 2849 unguenti
1976 2779 2247 2833 suavitate
2274 2778 2577 2847 praeditam,
2614 2786 2667 2830 ct
2696 2792 2724 2830 a
2766 2777 2986 2847 myrrha
3015 2787 3261 2832 vocatam
3294 2793 3309 2830 :

822 2870 1032 2923 Novum
1064 2868 1287 2932 caelum,
1322 2882 1527 2922 novum
1552 2866 1848 2932 mundum,
1876 2866 2061 2933 templi
2092 2864 2526 2928 aediﬁcatricem.
2552 2878 2746 2918 novam
2780 2876 3115 2920 creaturam.

820 2958 974 3012 Novo
1002 2966 1157 3027 partu
1188 2957 1419 3023 editam,
1452 2970 1654 3010 novum
1685 2964 1902 3025 partum
1931 2954 2204 3018 edentem,
2233 2954 2612 3008 admirandam
2645 2952 2952 3007 mulierem.

822 3046 1059 3100 Felicem
1088 3054 1143 3099 et
1171 3043 1422 3109 divitem,
1457 3040 1688 3098 feliciter
1726 3050 2073 3112 operantem,
2109 3042 2457 3112 adiutricem,
2483 3040 2798 3095 divitiarum
2831 3039 3097 3094 datricem
3129 3057 3144 3095 :

820 3132 1288 3202 Onmipotentem,
1321 3146 1515 3187 omnes
1547 3131 1600 3185 in
1630 3144 1691 3185 se
1715 3131 1859 3185 vires
1888 3129 2204 3194 habentem,
2232 3130 2491 3185 omnibus
2518 3138 2827 3200 parentem,
2858 3129 2928 3183 ab
2956 3130 3219 3186 omnibus
3245 3129 3554 3185 invocatam
3588 3146 3604 3185 :

822 3220 1237 3281 Liberatricem.
1272 3218 1490 3273 urbium
1521 3218 1770 3284 tutelam,
1799 3217 2017 3287 generis
2050 3216 2136 3271 sui
2162 3226 2219 3271 et
2245 3216 2435 3272 mundi
2469 3216 2786 3287 praesidium
2822 3233 2838 3270 :

824 3308 1209 3372 Servatrieem,
1235 3323 1356 3377 qua:
1385 3306 1550 3376 jubar
1582 3306 1893 3377 progenuit,
1921 3305 2189 3376 lampadis
2220 3305 2392 3360 instar
2417 3307 2712 3371 lucentem,
2750 3306 3118 3362 venerabilem
3150 3324 3165 3361 :

828 3395 1003 3451 liuius
1034 3412 1063 3450 e
1098 3396 1707 3466 Trinitateparentem,
1733 3407 1817 3450 ter
1856 3395 2095 3459 beatam,
2121 3394 2300 3449 tribus
2332 3394 2631 3449 luminibus
2658 3396 2948 3459 illustrem,
2978 3406 3061 3449 ter
3088 3396 3218 3450 luna
3251 3394 3646 3465 pulchriorem.

826 3485 962 3538 Altae
992 3485 1190 3539 mentis
1216 3499 1494 3554 capacem,
1523 3484 1577 3538 in
1606 3484 1824 3539 excelsa
1849 3484 1978 3540 sede
2012 3486 2267 3553 positam,
2298 3470 2611 3549 sublimem,
2646 3483 2697 3538 in
2726 3485 2852 3539 altis
2876 3493 3194 3554 regnantem
3225 3502 3240 3539 :

821 3572 1069 3627 Luminis
1097 3572 1546 3643 procreatricem,
1579 3572 1700 3626 luce
1729 3581 1980 3626 ornatam
2014 3582 2070 3627 et
2092 3574 2368 3637 amictam,
2405 3573 2712 3643 splendenti
2742 3573 2883 3629 facie
2912 3592 2927 3628 :

821 3662 1006 3714 Aureo
1039 3662 1194 3730 peplo
1228 3655 1503 3722 ornatam,
1542 3675 1819 3728 aureaque
1851 3662 1904 3714 in
1942 3661 2139 3713 throno
2172 3661 2470 3725 sedentem,
2499 3661 2750 3728 gratiam,
2787 3671 2842 3716 et
2868 3663 3098 3731 gratiam
3128 3661 3449 3733 largientem
3487 3678 3501 3716 :

824 3748 1087 3804 Meticlacii
1109 3750 1332 3803 adversa
1342 3750 1501 3813 riam,
1522 3749 1761 3803 animam
1782 3764 1970 3819 puram
1988 3749 2299 3813 habentem,
2314 3748 2624 3803 animarum
2640 3750 2871 3804 salutem
2887 3760 3294 3820 procurantem,
3308 3750 3539 3803 canticis
3554 3748 3658 3820 piis
3676 3747 4032 3820 gaudentem.

830 3835 1247 3892 Velocissimam
1288 3835 1381 3909 [ad
1413 3852 1572 3909 opem
1603 3836 1720 3891 suis
1752 3832 2076 3909 ferendam],
2109 3835 2427 3903 formosam,
2456 3837 2911 3893 venustissimum
2940 3838 3141 3893 Filium
3180 3838 3492 3894 habentem.

1561 4179 2040 4294 ΙΩΑΝΝ
2052 4176 2252 4294 ΟΥ
2328 4165 3240 4298 ΓΕΩΜΕΤΡΟΥ

1353 4390 2005 4447 ΕΠΙΓΡΔΜΜΑΤΑ
2070 4389 2665 4457 ΤΕΤΡΑΣἸῚΧΔ,
2722 4389 2827 4443 ΩΝ
2879 4390 2925 4442 ﬂ
2986 4391 3433 4446 ΕΠΙΓΡΑΦΙΙ

2153 4546 2633 4601 ΠΑΡΑΔΕΙΣΟΣ.

1643 4801 2243 4917 JOANNIS
2338 4799 3156 4917 GEOMETIUE

1288 5028 1888 5093 EPIGRAMMATA
1924 5024 2483 5089 TETBASTICHA
2530 5025 2814 5101 QUIBUS
2849 5025 3211 5090 TITULUM
3250 5028 3484 5094 FECIT

2154 5190 2255 5252 PA
2268 5188 2637 5251 RADISUS.

1612 5358 1805 5421 (Edidit
1830 5357 1953 5407 Fed.
1982 5355 2233 5416 Morellus,
2258 5362 2451 5419 typogr.
2479 5355 2669 5419 regius,
2693 5355 2912 5419 Parisiis,
2937 5358 3076 5421 1595,
3096 5360 3193 5421 8‘.)

758 5594 799 5646 Δ
824 5632 837 5645 .
872 5594 983 5645 Ὀτι
1008 5590 1307 5656 ἀθάνατος
1324 5589 1449 5657 τοῖς
1470 5588 2003 5660 ἀναγινώσκουσιν
2019 5592 2059 5659 ἠ
2074 5590 2352 5661 ὠφέλεια.
2385 5599 2429 5657 Β

2385 5599 2429 5657 Β
2458 5588 2499 5647 1.
2540 5589 2694 5656 Quod
2737 5590 2900 5659 huius
2930 5593 3462 5719 poemﬁiiloﬁeizyztna
3488 5596 3671 5666 futura
3710 5600 3781 5653 sit
3821 5602 4033 5656 utilitas

3113 5680 3396 5720 εειοηυιιε.

772 5766 1085 5836 Ἀνθεμόεις
1108 5767 1437 5837 παράδεισος
1465 5769 1495 5822 ὁ
1528 5767 1636 5822 τῶν
1666 5769 1838 5838 ἁγίων
1877 5770 2033 5842 χορός
2061 5771 2228 5837 ἐστιν,
2450 5788 2451 5791 ‘

2061 5771 2228 5837 ἐστιν,
2450 5774 2774 5830 Sanctorum
2802 5783 2980 5831 catus
3009 5790 3133 5831 vere
3155 5779 3443 5847 paradisus
3467 5794 3739 5846 amamus,

843 5860 1044 5931 ὀδμῆς
1076 5860 1257 5929 ἡδείης
1288 5860 1521 5930 πείρατα
1564 5863 1971 5933 πιμπλάμενος.

2535 5864 2687 5921 Unde
2716 5866 2914 5923 animis
2945 5867 3090 5924 alllat
3119 5871 3305 5927 suavis
3330 5881 3385 5930 et
3409 5873 3584 5930 almus
3610 5877 3746 5931 odor
3778 5895 3794 5932 :
