4252 6436
273 383 379 445 869
1691 392 2142 453 PARADISUS.
3418 410 3525 475 870

272 499 385 562 Πᾶς
410 496 503 553 οὖν
529 502 586 565 ὃς
622 503 912 558 παθέεσσιν
938 506 1235 575 έπεπλῄγει
1266 509 1418 576 φίλον
1452 504 1608 578 ἦτορ,

338 592 496 663 Δεῦρ’
528 594 624 647 ῐτω
657 598 962 668 ἀμϐροσίης
987 598 1155 653 ἄνθεα
1200 600 1558 671 δρεψάμενος.

411 702 487 760 B’.
520 707 647 762 Ὀτι
676 712 1206 780 συγγνωστότερον
1240 712 1304 765 τὸ
1332 712 1677 781 ἐλάχιστον.

270 814 500 884 Κέρδιον
529 818 562 887 ἡ
596 821 855 888 μετάνοια
891 821 1014 891 μάλ’
1046 823 1248 893 ἔξοχον·
1285 826 1347 877 ὲκ
1375 826 1483 894 γὰρ
1515 827 1753 896 ἀρίστων

339 908 450 960 Καὶ
480 909 637 963 τόκον
666 912 1009 982 εἰσπράττων
1040 914 1245 986 Κύριος
1273 917 1569 986 ὑψιμέδων,

268 997 452 1050 Τοῖσιν
481 1001 845 1070 ἁμαρτωλοῖς,
884 1006 978 1057 καὶ
1010 1005 1131 1059 ὅλον
1168 1007 1211 1059 δ’
1245 1007 1440 1076 ἀφίησι
1466 1009 1558 1061 τὸν
1584 1009 1767 1078 ὄφλον-

340 1090 537 1145 Είκόνα
562 1094 663 1157 τὴν
692 1093 918 1165 πόρνην,
955 1096 1048 1148 καὶ
1078 1097 1167 1149 τὸν
1193 1098 1400 1151 ἄσωτον
1428 1098 1592 1167 ἔχεις.

268 1195 340 1251 Γ.
384 1199 509 1252 ’Ὁτι
533 1203 696 1270 φόϐῳ
727 1204 875 1258 Θεοῦ
913 1206 1008 1259 καί
1036 1208 1199 1277 μόνῳ
1228 1208 1458 1263 δέδεται
1489 1211 1527 1278 ἡ
1565 1210 1837 1279 γλῶσσα.

1877 512 1925 568 Λ
1957 508 2095 576 Ergo
2133 513 2216 564 cui
2258 512 2449 567 aliecni
2482 525 2606 569 sunt
2641 527 2858 586 pectora
2893 518 3019 573 laesa
3051 520 3299 589 profano,

2020 602 2136 658 lluc
2164 606 2365 663 veniat.
2400 606 2587 662 liorem
2615 620 2804 680 carpat
2830 621 2883 666 et
2910 614 3220 667 ambrosiae.

2103 714 2165 769 ΙΙ.
2212 716 2365 781 Quod
2390 719 2572 785 inﬁma
2601 723 2812 790 [acilius
2837 725 3039 778 veniant
3068 727 3365 795 impelrrnt.

1949 825 2107 884 Utilis
2142 831 2410 901 imprimis
2446 844 2750 892 metantes:
2776 855 2805 894 a
2843 855 3075 909 namque
3105 842 3346 909 probatis

2023 920 2229 977 Usuras
2255 926 2428 993 poscit
2455 927 2726 982 maximus
2756 931 3086 986 Altitonans.

1944 1012 2041 1065 Ast
2070 1016 2378 1071 errantibus
2406 1019 2634 1072 omnino
2661 1019 2856 1073 delicta
2885 1024 3131 1088 remittit;

2015 1105 2279 1176 Exemplo
2306 1110 2402 1164 tibi
2435 1123 2564 1165 sunt
2591 1112 2852 1182 prodigus
2882 1124 2935 1168 et
2963 1120 3240 1170 meretrix.

2086 1218 2175 1274 ΙΙΙ.
2219 1221 2369 1287 Quod
2400 1226 2510 1279 solo
2546 1226 2641 1280 Dei
2676 1237 2814 1281 metu
2845 1228 3025 1298 lingua
3057 1231 3376 1285 cohibeatur.

266 1310 506 1383 κλεῖθρα
532 1315 640 1385 πρὸ
660 1318 758 1389 τῆς
787 1317 1060 1390 γλώσσης,
1091 1320 1188 1374 καὶ
1222 1322 1412 1391 ἕρκεα,
1440 1324 1533 1377 καὶ
1562 1324 1657 1377 δύο
1686 1325 1835 1396 τείχη

1768 1344 1835 1396 χη
1945 1330 2211 1401 Linguam
2238 1334 2431 1405 Opil‘ex
2457 1352 2635 1393 rerum
2659 1340 2795 1410 septi
2820 1340 3021 1410 gemini
3044 1354 3236 1410 aggere
3258 1343 3447 1408 cinxit,

335 1403 513 1474 Θῆκεν
549 1409 577 1461 ὁ
602 1410 859 1479 Ποιήσαςο
890 1415 923 1482 ἡ
943 1414 999 1467 δέ
1029 1431 1091 1481 γε
1124 1414 1298 1468 ταῦτα
1318 1416 1481 1485 περᾷ.

263 1496 328 1549 El
355 1497 414 1551 δέ
450 1518 544 1569 μιν
571 1504 908 1571 εἰσαφίκοιτο
933 1506 1067 1560 Θεοῦ
1091 1508 1232 1572 δέος,
1262 1509 1439 1560 αὐτίκ’
1473 1510 1665 1580 έπόψει

334 1590 490 1660 Ἰ“ήνδ’
520 1594 577 1646 ὲν
598 1596 743 1667 ὅροις
778 1597 930 1662 ίδίοις
968 1598 1214 1669 ἀτρέμας
1238 1601 1553 1671 ἱσταμένην.

449 1703 523 1759 A'.
559 1706 687 1759 Ὀτι
718 1708 1025 1780 ἐπιζήμιον
1054 1710 1123 1766 τὸ
1157 1714 1635 1784 γαστριμαργεῖν.

257 1817 439 1889 Νηδὺς
469 1821 503 1891 ἡ
537 1820 834 1892 ἄπληστος,
868 1825 896 1877 δ
920 1826 1194 1879 Δαναΐδων
1221 1826 1377 1891 πίθος
1416 1828 1585 1881 ἐστίν·

328 1912 526 1967 ὀσσον
558 1915 933 1985 ἐπαντλήσεις,
969 1917 1151 1970 πλεῖον
1183 1919 1569 1990 ὑπεκπρορέει.

256 2002 321 2053 El
354 2002 409 2055 δὲ
441 2004 509 2056 τά
531 2005 702 2059 πολλὰ
729 2006 999 2077 τέμνοιτο,
1036 2008 1327 2072 συνιζάνει·
1357 2010 1485 2064 ἔνθα
1512 2011 1623 2065 τότ’
1657 2012 1759 2083 ήδη

327 2094 437 2146 Καὶ
465 2095 712 2161 ὀλίγιστα
740 2097 921 2161 δίδως,
952 2101 1238 2163 ἀσπασίως
1271 2101 1511 2172 κατέχει.

321 2204 394 2259 Ε’.
433 2208 553 2261 ’Ότι
584 2208 691 2263 τὸν
718 2209 869 2264 νοῦν
897 2212 934 2280 ἣ
963 2212 1028 2265 τὸ
1054 2213 1225 2283 σῶμα
1249 2215 1775 2285 περιρρουρητέον.

251 2315 465 2386 Φραῦον
498 2318 624 2373 ίδὼν
654 2323 999 2392 προφανέντα
1023 2325 1202 2396 γέρων
1232 2328 1557 2398 παλίνορσος
1593 2331 1827 2402 ἀπέστη.

326 2406 459 2464 Εῐπε
489 2412 544 2465 δέ
571 2430 676 2480 τις,
707 2416 948 2485 Φεύγεις,
987 2420 1080 2472 καὶ
1111 2421 1175 2472 σὺ
1211 2420 1427 2490 μάκαρδ
1473 2421 1602 2493 Ὀδ
1633 2425 1735 2495 ἔφη
1757 2464 1771 2489 ,

2012 1422 2331 1478 Prmsidium
2363 1429 2677 1482 tamen-hoc
2707 1440 2949 1497 permeat
2982 1430 3071 1483 illa
3107 1430 3326 1498 duplex.

1941 1512 2081 1577 Quid
2114 1514 2156 1566 si
2186 1511 2441 1568 Numinis
2471 1517 2693 1570 accedat
2726 1528 2923 1582 metus,
2958 1519 3103 1572 illico
3134 1533 3325 1573 cernes

2014 1603 2161 1656 Intra
2195 1604 2468 1660 cancellos
2497 1606 2637 1659 hanc
2664 1621 2947 1661 remanere
3008 1623 3159 1662 suos.

2236 1712 2326 1769 ιν.
2371 1716 2521 1781 Quod
2556 1718 2813 1771 danmosa
2844 1719 2914 1771 sit
2946 1717 3218 1787 ingluvies.

1864 1847 1910 1907 Β
1941 1825 2219 1881 Bcliadum
2257 1829 2371 1883 vasi
2402 1844 2499 1898 par
2525 1830 2900 1885 insaturabilis
2933 1830 3113 1896 alvus,

2008 1918 2129 1983 Quo
2166 1920 2336 1989 magis
2370 1922 2513 1975 hunc
2547 1922 2745 1990 reples,
2777 1922 2971 1975 dillluit
3000 1936 3173 1991 usque
3208 1922 3405 1994 magis.

1936 2010 2071 2066 lluie
2102 2012 2146 2065 si
2180 2012 2455 2068 subducas
2484 2014 2709 2079 victum,
2737 2014 2974 2069 considit
3008 2034 3023 2070 :
3051 2026 3104 2069 et
3137 2016 3303 2081 idem,

2005 2106 2371 2171 Quantumvis
2404 2108 2620 2162 dederis
2650 2124 2846 2176 pauca,
2879 2108 3111 2165 libenter
3142 2109 3323 2165 liabet.

2006 2219 2071 2275 V.
2116 2221 2341 2276 Mentem
2368 2223 2609 2276 custodia
2640 2225 2817 2293 potius
2848 2240 2996 2295 egere
3024 2241 3183 2295 quam
3214 2240 3426 2295 corpus.

1935 2332 2172 2389 Praeviso
2202 2349 2381 2403 angue
2410 2350 2573 2390 senex
2613 2335 2933 2406 trepidando
2964 2347 3181 2406 repente
3215 2336 3438 2405 refugit,

2004 2424 2142 2482 Huic
2172 2428 2309 2483 dixit
2339 2428 2584 2499 quidam,
2619 2429 2731 2485 Cur
2761 2432 2926 2500 iugis,
2966 2445 3000 2485 ο
3023 2432 3163 2486 bone
3187 2431 3306 2486 vir?

252 2501 369 2554 Οὐκ
402 2504 509 2557 ἀπὸ
537 2506 691 2560 τοῦδε
718 2508 989 2577 πέφευγαο
1024 2512 1274 2581 πέφευγα
1303 2513 1360 2565 δὲ
1390 2514 1590 2582 μᾶλλον
1624 2517 1830 2570 ἐκεῖνον

1624 2517 1830 2570 ἐκεῖνον
1932 2517 2072 2584 Non,
2104 2520 2198 2585 ait,
2228 2521 2373 2575 bune
2409 2522 2519 2592 iugi
2551 2539 2809 2591 anguem,
2841 2523 2983 2579 fastu
3016 2524 3109 2578 sed
3147 2525 3297 2579 inani

327 2595 430 2647 Τὸν
460 2597 738 2663 κενόδοξον
768 2600 914 2668 δτριν·
948 2603 1152 2656 στάντα
1186 2604 1296 2675 γὰρ
1343 2605 1537 2677 ἐτρυχέ
1575 2625 1665 2677 με.

313 2710 405 2774 ς’.
439 2708 568 2763 Ὅτι
598 2710 689 2764 δεῖ
714 2712 780 2765 ἐκ
820 2712 938 2766 τῶν
967 2716 1160 2783 πέλας
1187 2719 1509 2786 γινώσκειν
1538 2720 1775 2776 ἑαυτόν.

263 2883 542 2955 Ὀξύχολὸς
569 2908 652 2952 τις
682 2891 821 2962 ἀνὴρ
850 2892 1256 2964 ἐρεθιζόμενος,
1293 2897 1623 2966 μετέϐαλλεν

330 2976 613 3043 ὐμματα.
647 2979 739 3031 καὶ
768 2980 1001 3050 μορφὴν.
1036 2983 1135 3051 τήν
1159 3000 1217 3035 τε
1240 2986 1412 3055 κόμην
1447 2988 1647 3047 ἐσόόει.

247 3063 412 3117 Τόνδε
446 3066 568 3117 ἰδὼν
597 3068 903 3138 ἄνθρωπος,
939 3072 997 3122 Ei
1022 3074 1221 3138 εἴκελος
1254 3076 1505 3147 ἔσσομαι,
1539 3076 1681 3147 εἷπε,

317 3156 627 3226 Θυμωθεὶς,
659 3161 758 3228 φεῦ
790 3181 879 3229 μοι
914 3166 925 3217 !
965 3167 1120 3219 ὅσσον
1161 3168 1373 3238 ὅφληκα
1403 3170 1596 3237 γέλων.

387 3267 462 3323 κ’.
503 3270 631 3324 Ὀτι
662 3273 964 3329 διαπίπτει
1003 3279 1100 3331 καὶ
1126 3280 1379 3351 δύναμις
1408 3285 1716 3352 ἀμελείας.

244 3382 359 3434 Οὐκ
384 3384 528 3436 ἔστιν
559 3387 761 3457 ἑτέρως
795 3392 1021 3460 κραδίην
1048 3393 1350 3461 ἁμόλυντον
1378 3399 1647 3469 ἐπισχεῖν,

319 3472 378 3524 Εἰ
412 3476 486 3542 μὴ
519 3475 840 3549 λαυκανίης,
879 3484 972 3535 καὶ
1000 3484 1266 3554 στόματος
1302 3490 1575 3558 κρατέεις.

248 3561 412 3633 ’Ἄχρι
442 3565 497 3618 δὲ
526 3566 697 3621 ταῦτα
726 3571 792 3622 τὰ
823 3571 904 3623 δύ’
934 3575 1334 3643 ἀναπέπταται,
1370 3579 1565 3632 οὔποτε
1593 3582 1765 3653 λείψει

314 3656 439 3723 Φὼρ
469 3657 649 3723 ἐσιὼν,
682 3663 775 3713 καὶ
801 3663 947 3731 ἄγων
970 3667 1021 3717 εἰ
1052 3684 1103 3720 τι
1129 3670 1387 3722 κέκευθεν
1411 3672 1536 3726 ἔσω.

388 3766 467 3823 H'.
499 3772 627 3825 Ὀτι
648 3772 841 3845 ἔργοις
874 3776 911 3845 ἢ
953 3780 1157 3849 λόγοις
1190 3781 1662 3854 ἐγγυμναστέον.

247 3945 425 4014 Ἔργα
470 3950 633 4019 σοφὸς
669 3957 918 4027 μοναχῶν
948 3959 1189 4028 γράψας,
1226 3962 1482 4033 ἐλάχιστα
1510 3969 1778 4040 παρῆλθε.

314 4046 404 4115 Τῷ
428 4046 483 4100 δέ
504 4047 556 4115 γ’
586 4050 614 4100 ὁ
646 4051 978 4119 προστάξας,
1012 4053 1183 4123 χώετο
1204 4096 1219 4119 ,
1251 4057 1346 4108 καὶ
1375 4061 1601 4128 νεμέσα,

243 4138 368 4201 Πῶς
398 4140 521 4192 τάδε
547 4140 979 4208 καταλέλοιπαςς
1020 4145 1048 4194 ὁ
1076 4144 1119 4197 δ’
1160 4147 1309 4216 ἴαχεν
1338 4146 1494 4217 ῐσχεισ
1538 4152 1677 4220 Ἐγὼ
1709 4155 1787 4219 δὲ,

316 4230 517 4283 Εἰσόκε
553 4229 706 4283 ταῦτ’
740 4229 942 4300 ἔρξεις,
984 4234 1080 4286 καὶ
1111 4234 1179 4287 τὰ
1206 4238 1480 4307 πρόλοιπα
1512 4242 1728 4311 γράφω.

383 4340 460 4395 Θ’.
501 4341 621 4395 Ὅτι
651 4341 753 4395 ἐπί
782 4343 848 4396 τὸ
880 4343 1077 4415 στόμα
1103 4346 1203 4399 καί
1239 4349 1277 4415 ἠ
1315 4349 1639 4418 ἀσκητική.

251 4456 516 4530 Ἆρσενίῳ
541 4475 623 4521 τις
654 4459 779 4529 ἔφη·
809 4459 882 4513 Σὺ
910 4460 991 4527 τὸ,
1011 4463 1187 4533 Μῆνιν
1213 4463 1375 4531 ἄειδε,
1397 4466 1635 4531 διδάξας,

311 4550 548 4615 Τούτους
583 4555 815 4624 εἰρωτᾷς
842 4554 968 4618 τοὺς
995 4556 1222 4625 ἀμαθεῖς
1258 4557 1310 4610 τί
1338 4558 1568 4627 μαθεῖνς

253 4643 397 4697 Ἀλλ’
423 4645 555 4712 ἐγὼ,
587 4643 693 4715 ἀφ’
728 4649 756 4700 ὁ
785 4647 984 4718 γέρων,
1016 4648 1095 4701 ἔτι
1124 4649 1181 4702 δὲ
1218 4649 1312 4702 νῦν
1341 4651 1400 4703 οὐ
1425 4651 1659 4721 δεδάηκα

309 4739 431 4791 Τῶν
457 4738 686 4808 ἀμαθῶν
712 4740 917 4794 τούτων
951 4742 1072 4795 οὐδὲ
1101 4740 1163 4795 τὸ
1191 4742 1336 4811 ἄλφα
1367 4745 1546 4813 μόνον.

240 4850 294 4905 1⁸.
337 4849 419 4916 Τῷ
448 4852 709 4921 προτέρῳ
722 4854 861 4920 βίῳ,
885 4856 983 4908 καὶ
1009 4856 1079 4911 τὰ
1099 4858 1208 4912 τοῦ
1232 4859 1349 4913 νῦν
1368 4859 1813 4929 οίκονομητέον.

237 5028 500 5097 Μέμφετο
532 5028 809 5099 Ἀρσένιὸν
839 5048 923 5093 τις
955 5031 1077 5085 ἰδὼν
1105 5032 1199 5085 ἐπὶ
1231 5034 1427 5087 κώεσιν
1451 5035 1601 5099 δντα,

313 5115 446 5173 Εἴπε
478 5121 537 5175 δέ
570 5134 677 5185 τις⁶
710 5123 775 5175 Τί
801 5123 858 5176 δέ
892 5141 971 5176 σοι
1002 5124 1161 5194 ἔργον
1198 5126 1411 5195 ὑπῆρχε
1443 5128 1606 5179 πάλαι
1634 5145 1648 5193 ;

238 5212 461 5276 Βόσκον,
498 5212 621 5282 ἔφη.
652 5214 862 5267 Οὐκοῦν
892 5215 986 5267 νῦν
1016 5216 1309 5287 ἁϐρότερος
1340 5218 1474 5271 πολύ
1508 5222 1646 5271 ἐσσιο

308 5303 429 5373 Χρὴ
463 5304 571 5373 γάρ
593 5305 729 5376 πρὸς
753 5304 812 5357 τὸ
843 5306 1035 5370 πάλαι,
1070 5308 1163 5359 καὶ
1192 5307 1260 5359 τὰ
1287 5307 1531 5376 παρόντα
1559 5308 1805 5378 μετρεῖν.

409 5420 511 5473 IA'.
539 5422 667 5473 ’Ὁτι
689 5422 1115 5490 ἐκτενέστερον
1144 5424 1214 5475 ἐν
1251 5423 1427 5476 νυκτὶ
1460 5425 1631 5492 εὐχή.

246 5536 527 5606 Ἀρσενίῳ,
569 5538 663 5589 καὶ
693 5537 840 5590 τόνδε
868 5538 1029 5591 πόνον
1063 5537 1241 5590 κλύθιο
1276 5538 1371 5606 ὀψὲ
1403 5540 1511 5608 γὰρ
1542 5540 1650 5591 αίεὶ

303 5755 516 5828 (ίΗΙὶο
551 5756 810 5828 ᾼίτεοιιὶιιε
846 5756 991 5828 Diae.
1044 5757 1247 5811 Eeclcs.
1297 5756 1476 5820 Ilom.,
1512 5768 1813 5828 prmceptor

232 5827 451 5887 Arcadii
482 5836 529 5881 et
565 5826 705 5881 llon.
740 5826 907 5897 impp.
934 5826 1156 5898 Nicepli.
1199 5843 1331 5893 χχιι,
1364 5829 1453 5882 25.

2005 2610 2256 2665 Inﬂatum
2293 2613 2426 2682 fugi,
2467 2623 2701 2669 stantem
2735 2616 2937 2670 etenim
2973 2617 3223 2686 pupugit.

1935 2724 2023 2778 Vl.
2061 2725 2144 2778 Ex
2170 2727 2461 2780 uicinorum
2496 2731 2686 2782 notitia
2729 2731 2819 2852 ¢iui
2845 2732 3193 2800 cognitionem
3222 2747 3336 2788 esse
3361 2746 3511 2787 cout-

2557 2814 2724 2852 naran
2767 2817 2873 2852 am.

2556 2814 2873 2866 parandam.

1929 2906 2177 2963 Percitus
2222 2909 2299 2963 ira
2331 2909 2550 2979 aliquis,
2585 2911 2790 2965 vultum
2821 2923 3124 2968 mutaverat
3153 2928 3396 2981 omnem,

2003 3000 2408 3067 Aspecnimque
2430 3016 2612 3065 suum,
2634 3002 3039 3073 sustuleratque
3065 3000 3300 3061 comam.

1933 3088 2086 3143 llunc
2117 3107 2240 3144 eum
2268 3091 2491 3145 vidisset
2521 3093 2765 3160 quidam,
2793 3093 2847 3147 Si
2869 3095 2993 3149 talis
3021 3111 3141 3165 ego,
3174 3097 3369 3167 inquit,

1854 3186 1901 3246 (ζ
2006 3181 2179 3236 Iratus
2206 3182 2437 3248 fuerim;
2467 3185 2623 3254 prob!
2664 3201 2828 3253 quam
2865 3201 2964 3241 ero
2992 3188 3292 3244 ridiculus!

2198 3294 2309 3350 VII.
2361 3296 2615 3351 Virtutem
2648 3299 2883 3352 excidere
2910 3299 3246 3370 negligentia.

1933 3405 2084 3460 llaud
2116 3407 2271 3460 aliter
2301 3423 2495 3476 purum
2527 3407 2620 3461 tibi
2646 3422 2741 3463 eor
2774 3423 2991 3463 servare
3016 3409 3223 3481 licebit,

2006 3495 2067 3549 Ni
2099 3497 2285 3550 fauces
2314 3498 2501 3552 avidas
2532 3514 2594 3551 os
2628 3506 2925 3568 teneasque
2950 3509 3124 3555 tuum.

1932 3585 2057 3641 Haec
2091 3588 2217 3642 dum
2248 3588 2560 3656 panduntur
2590 3589 2720 3651 duo,
2753 3588 2843 3642 iur
2869 3604 2975 3643 non
3006 3590 3207 3647 desinit
3234 3592 3366 3650 illuc

2003 3678 2229 3744 Intrare,
2264 3688 2424 3746 atque
2458 3680 2602 3733 foras
2630 3680 2869 3745 trudere,
2898 3697 3020 3750 qua:
3054 3684 3205 3737 intus
3233 3695 3412 3741 erant.

1931 3791 2069 3847 VIII.
2115 3791 2181 3846 In
2231 3793 2379 3847 rebus
2417 3795 2589 3861 potius
2635 3809 2796 3863 quam
2836 3793 2893 3846 in
2926 3794 3092 3851 verbis
3124 3796 3501 3856 elaborandum

2648 3880 2781 3917 (888.

1928 3978 2289 4033 Conscribens
2319 3978 2510 4033 doctus
2542 3979 2932 4033 monachorum
2962 3995 3210 4047 munera,
3237 3982 3396 4053 liquit

1997 4068 2211 4134 Pauca;
2250 4068 2377 4123 huic
2406 4084 2757 4135 succensens,
2790 4086 2952 4139 quem
2991 4087 3157 4140 penes
3189 4074 3499 4142 imperium,

1925 4160 2056 4227 Cur,
2085 4162 2182 4225 ait,
2214 4161 2327 4215 haec
2362 4162 2610 4229 liquisti?
2634 4163 2786 4214 Alter
2811 4164 3110 4232 respondit,
3142 4162 3207 4218 Ut
3237 4165 3328 4220 illa

1997 4253 2336 4312 Praestiteris.
2366 4256 2446 4309 sic
2474 4268 2593 4308 mox
2622 4264 2814 4308 caetera
2847 4253 3146 4325 perﬁciam.

1960 4365 2051 4420 IX.
2089 4364 2405 4434 Religiosum
2438 4364 2596 4418 vitam
2628 4365 2680 4417 in
2706 4365 2944 4418 oratione
2982 4382 3184 4435 quoque
3214 4368 3461 4437 perspici.

1924 4456 2155 4511 Arsenio
2184 4455 2261 4523 (ί)
2297 4456 2433 4513 dixit
2460 4455 2716 4525 quidam:
2751 4454 2888 4509 Cum
2924 4464 2980 4509 tu
3016 4466 3142 4511 ante
3164 4457 3392 4515 duceres

1850 4534 1893 4589 θ
1995 4549 2240 4609 Iliadem.
2276 4547 2407 4617 quid
2442 4547 2509 4601 ab
2533 4545 2617 4601 his
2646 4545 2856 4600 discere
2894 4546 2975 4601 vis
3002 4547 3273 4602 rudibus?

1920 4640 2122 4695 Verum
2156 4639 2430 4709 equidem,
2467 4637 2651 4692 senior
2680 4637 2930 4705 subjecit,
2968 4638 3179 4694 discere
3206 4639 3275 4694 ab
3306 4639 3429 4696 istis

1987 4731 2230 4787 [ndoctis
2265 4731 2497 4785 necdum
2528 4728 2703 4797 prima
2735 4728 3003 4782 elementa
3031 4742 3196 4798 queo.

1915 4849 1984 4905 Χ.
2021 4847 2265 4902 Actiones
2292 4846 2564 4914 praesentis
2594 4842 2715 4897 vita:
2736 4857 2799 4895 ex
2825 4852 3068 4897 anteacta
3100 4844 3495 4914 perpendendas

2634 4929 2765 4969 8888.

1920 5034 2159 5093 Pellibus
2178 5030 2466 5085 instratum
2486 5028 2772 5082 Arsenium
2798 5026 2923 5096 quis
2949 5026 3157 5082 viderat
3175 5028 3249 5097 (2)
3269 5037 3320 5082 et
3345 5044 3493 5094 mox,

1991 5120 2297 5191 Carpendo,
2330 5118 2526 5188 inquit,
2553 5132 2691 5187 opus
2717 5116 2863 5187 quod
2887 5116 2989 5171 iuit
3020 5127 3145 5171 ante
3174 5118 3304 5171 tibi?

1919 5216 2166 5277 Pascere,
2196 5212 2294 5266 ait.
2326 5209 2531 5281 Nempe
2556 5227 2616 5266 es
2652 5212 2823 5266 multo
2851 5227 2996 5267 nunc
3033 5211 3270 5276 mollior,
3300 5213 3417 5266 intit
3447 5231 3460 5267 :

1988 5307 2229 5376 Namque
2258 5313 2340 5358 est
2366 5304 2651 5374 praesentis
2683 5305 2888 5373 regula,
2917 5306 3023 5357 vita
3062 5304 3229 5374 prior.

2128 5418 2215 5471 ΧΙ.
2264 5416 2567 5473 Nocturnus
2601 5434 2775 5486 preces
2813 5417 3118 5485 fervidiores
3150 5432 3275 5470 esse.

1917 5535 2031 5589 lloc
2061 5533 2299 5588 studium
2348 5531 2564 5587 Arsenii
2610 5546 2830 5602 quoque
2860 5532 3075 5601 percipe
3109 5531 3184 5599 (3)
3213 5546 3226 5585 :
3255 5544 3490 5693 Famq’uo

3284 5637 3345 5677 so
3367 5638 3395 5678 e
3435 5630 3488 5675 at

3284 5630 3488 5678 SOICDM

1998 5758 2075 5824 (Ξ)
2115 5756 2306 5823 Evagr.
2334 5756 2370 5809 l.
2406 5772 2442 5815 ι.
2477 5770 2523 5809 c.
2557 5753 2626 5807 20
2652 5772 2665 5818 ;
2696 5752 2919 5821 Niceph.
2952 5770 3064 5820 xw,
3094 5755 3178 5811 49.

1991 5830 2067 5897 (ὅ)
2113 5828 2240 5883 Eus.
2268 5828 2302 5881 Ι.
2338 5842 2393 5881 ιιι
2430 5826 2572 5880 Hist.
2606 5824 2782 5889 Eccl.;
2816 5825 2929 5879 Nic.
2964 5827 3049 5880 16.
