4252 6436
853 361 961 424 879

929 473 1078 528 Simo
1110 470 1184 525 ait
1211 489 1222 525 :
1262 470 1385 526 IIch
1417 471 1600 524 hostes
1624 465 1931 521 Sollicitudo
1965 476 2133 536 petat.

1072 584 1132 637 L.
1176 581 1327 645 Quod
1358 593 1799 648 supervacaneum
1819 576 1885 628 sit
1918 576 2201 629 comedere.

864 695 990 751 Pior
1017 706 1154 760 opus
1183 688 1433 743 manibus
1471 686 1675 740 faciens
1713 693 2011 755 polumque
2037 682 2325 750 cibumque

927 783 1187 840 Sumebat
1222 780 1357 850 (2i),
1387 779 1592 833 ducens
1617 777 1720 831 ista
1750 787 2104 844 supervacua,

859 878 1212 945 Addebatque
1243 874 1384 927 idem
1421 889 1435 925 :
1463 870 1731 925 Nimirum
1758 877 1938 922 mente
1967 863 2193 920 verebar

921 969 999 1024 Ne
1034 968 1263 1022 nimium
1297 966 1478 1020 [Ictum
1509 978 1595 1018 me
1625 962 1781 1017 cibus
1809 959 2064 1013 elliceret.

852 1082 937 1137 Ll.
991 1078 1142 1143 Quod
1169 1073 1643 1130 laboriosissimum
1679 1069 1748 1125 sit
1777 1067 2080 1138 obsequium
2123 1061 2412 1118 hominum.

850 1192 930 1247 Ad
955 1203 1165 1246 coenam
1193 1199 1315 1240 cum
1344 1182 1485 1237 forte
1513 1178 1713 1234 Carino
1747 1185 1970 1231 vocatus
1995 1175 2228 1236 adesset,

922 1283 1266 1346 Vidissetque
1293 1275 1498 1344 Lupam
1527 1285 1754 1340 corpore
1789 1267 2164 1333 conspicuam,

852 1373 947 1427 llei
980 1371 1147 1425 mihi!
1183 1367 1318 1422 [lens
1343 1365 1502 1428 dixit,
1540 1376 1647 1416 non
1673 1371 1781 1415 tam
1815 1356 2087 1414 contendo
2118 1356 2334 1426 placere

916 1463 1095 1519 Corde
1117 1461 1247 1523 Deo,
1271 1456 1532 1512 meretrix
1555 1467 1717 1523 quam
1736 1450 1918 1507 studet
1947 1450 2048 1504 ista
2075 1448 2256 1518 procis
2277 1444 2410 1517 (ει).

1071 1569 1180 1623 LII.
1224 1565 1375 1632 Quod
1407 1563 1700 1634 perjurium
1731 1559 1954 1629 pessima
1980 1558 2048 1611 sit
2087 1572 2191 1611 res.

849 1678 1107 1735 Naturam
1145 1677 1557 1745 prostraverunt
1598 1664 1880 1721 mendacia
1918 1663 2056 1727 sola,

918 1856 1053 1908 llinc
1093 1849 1303 1920 requies
1333 1847 1490 1917 plane
1518 1841 1667 1897 nulla
1692 1839 1792 1895 fuit
1821 1837 1989 1893 vitiis.

851 1950 955 1999 Sed
999 1943 1174 2012 magis
1205 1942 1369 2009 inque
1398 1937 1514 1992 dies
1551 1948 1704 2002 mage
1727 1947 1829 1987 nos
1859 1931 2048 2000 jurare
2073 1926 2306 1997 maligne

906 2035 1197 2096 .t‘iunsucti,
1231 2039 1438 2085 mentes
1468 2027 1635 2083 exitio
1662 2025 1913 2080 dabimus
1945 2020 2079 2092 (25).

1015 2142 1153 2195 LIII.
1191 2139 1378 2193 Aliena
1412 2152 1512 2188 non
1537 2149 1646 2188 esse
1675 2133 1877 2186 curiose
1902 2128 2233 2199 inquirenda.

845 2249 1094 2308 I’ercurri
1139 2251 1382 2321 Phrygim
1413 2260 1636 2315 campos
1661 2245 1911 2314 Asiaeque
1939 2240 2192 2312 patentis,

922 2349 1059 2402 Altis
1094 2345 1218 2415 quis
1247 2343 1382 2395 dixit
1415 2339 1691 2394 montibus
1716 2335 1998 2404 Eutropio,

842 2444 1076 2496 llz'rncre
1103 2451 1199 2489 nec
1232 2432 1380 2504 potui
1407 2431 1581 2502 prisca
1614 2429 1811 2484 virtute
1834 2427 2122 2483 decorum:

918 2528 1065 2579 'I‘alis
1092 2526 1234 2577 enim
1272 2536 1520 2590 quaerens
1550 2518 1710 2573 desiit
1734 2533 1853 2574 esse
1883 2517 2054 2587 prius.

845 2636 976 2691 LIV.
1014 2636 1144 2698 Qua:
1174 2641 1366 2685 natura
1410 2638 1673 2689 constant,
1729 2627 1968 2695 ﬁrmiora
2016 2641 2124 2679 esse
2177 2625 2243 2678 iis
2294 2638 2410 2693 qua:

1259 2703 1384 2770 ficta
1419 2711 1536 2753 sunt
1570 2699 1646 2752 vel
1679 2698 1988 2766 artiﬁciosa.

845 2820 994 2874 Mens
1028 2813 1246 2884 sapiens
1279 2811 1578 2879 sapientem
1608 2807 1865 2873 ostendit,
1898 2805 2096 2876 diaque
2131 2803 2273 2860 facta

916 2910 1184 2976 Insignem
1213 2903 1418 2972 sophiae
1451 2900 1656 2956 lumine
1690 2907 1745 2954 et
1782 2897 2010 2968 ingenii.

843 2999 945 3066 Qui
961 3016 1024 3053 ex
1042 2998 1249 3066 scripto
1267 2994 1533 3063 loquitur,
1552 2991 1682 3046 dum
1703 2988 1912 3060 profert
1927 2988 2152 3059 scripta,
2171 2987 2412 3043 disertus

922 3094 1161 3161 Apparet
1187 3088 1540 3157 prudensque
1574 3101 1588 3137 :
1621 3083 1708 3138 his
1734 3082 1873 3147 sine,
1904 3080 2054 3136 solus
2081 3080 2213 3136 biat.

845 3200 956 3258 LV.
999 3199 1227 3267 Maiores
1253 3211 1362 3250 esse
1404 3193 1710 3314 tentstiones
1736 3205 1915 3243 eorum
1938 3186 2028 3258 qui
2052 3187 2105 3241 in
2148 3185 2411 3240 montibus

1538 3270 1718 3314 eaunt.

1538 3270 1718 3331 egunt.

848 3378 914 3435 Ut
945 3381 1067 3432 vitae
1096 3379 1292 3430 lluctus
1316 3373 1568 3428 evaderet
1592 3369 1658 3423 ad
1681 3369 1807 3438 juga
1841 3376 2096 3436 tanquam

915 3473 992 3524 Ad
1028 3479 1241 3539 portum
1280 3464 1526 3526 tendens,
1552 3461 1746 3531 proelia
1779 3459 1963 3527 ibique
1985 3457 2179 3512 videns

843 3566 973 3620 Orta
1005 3580 1030 3614 ει
1061 3558 1400 3616 daemonibus
1426 3553 1710 3608 :Miscrum
1738 3565 1847 3615 me,
1879 3551 1974 3604 ait.
2005 3549 2154 3604 Alter
2176 3557 2233 3601 at
2253 3545 2406 3601 Inlit:

914 3657 998 3710 Nil
1029 3651 1280 3707 monachi
1313 3647 1513 3702 iuerint
1551 3647 1598 3700 si
1633 3645 1747 3698 Iiarc
1779 3642 1920 3698 mala
1955 3640 2266 3697 sustuleris.

1055 3762 1190 3817 LVI.
1250 3760 1401 3824 Quod
1427 3759 1540 3812 lata
1570 3772 1672 3810 non
1703 3756 1770 3809 sit
1801 3756 1885 3808 via
1915 3753 1982 3807 ad
2017 3753 2198 3807 vitam.

841 3879 1001 3930 Arcta
1031 3875 1112 3927 via
1144 3861 1248 3933 est,
1284 3869 1480 3938 aliquis
1504 3866 1663 3930 dixit,
1695 3877 1859 3933 quam
1897 3871 1954 3916 tu
1983 3863 2107 3932 pius
2132 3859 2314 3920 audis,

913 3967 1116 4036 Nempe
1140 3965 1306 4019 animi
1340 3971 1526 4016 motus
1553 3973 1822 4028 sensaque
1843 3956 2203 4025 comprimere
2235 3973 2247 4008 :

839 4062 1014 4129 Atque
1044 4060 1127 4112 bis
1151 4055 1469 4126 perdomitis
1508 4053 1746 4107 clamare
1786 4069 1801 4104 :
1835 4046 1912 4101 En
1944 4061 2046 4101 nos
2079 4060 2299 4116 quoque
2332 4053 2405 4111 te,

912 4153 1064 4207 Ultro
1103 4151 1411 4218 linquentes
1438 4144 1645 4207 omnia,
1677 4140 2086 4209 consequimur.
2205 4136 2364 4207 [Rex,

995 4257 1152 4312 LVII.
1184 4255 1336 4321 Quod
1367 4252 1618 4322 religioso
1641 4249 1750 4303 vita
1780 4264 1812 4302 a
1840 4245 1949 4301 Deo
1969 4246 2124 4298 docta
2150 4246 2242 4297 sit.

843 4372 980 4426 Dum
1017 4368 1213 4437 quaerit
1240 4377 1474 4433 quanam
1505 4361 1720 4414 ratione
1750 4355 2019 4410 Antonius
2049 4365 2195 4409 esset

915 4460 1135 4520 Salvus,
1164 4455 1211 4509 ei
1249 4455 1395 4506 visus
1425 4451 1560 4504 lenis
1598 4449 1781 4511 homo,
1816 4461 1915 4501 nec
1941 4447 2109 4500 iners.

844 4551 894 4605 Is
932 4565 1052 4602 mox
1106 4545 1319 4609 orabat,
1345 4544 1508 4597 modo
1531 4555 1669 4610 opus
1696 4539 1926 4593 iaciebat
1955 4557 1969 4592 :
1999 4546 2052 4592 et
2083 4536 2158 4590 illi

921 4637 1059 4691 Tum
1095 4635 1253 4699 dixit,
1281 4633 1371 4688 Sic
1407 4641 1461 4685 tu
1486 4631 1675 4689 vivito,
1699 4631 1882 4685 salvus
1910 4629 2040 4684 eris.

950 4747 1135 4801 LVIII.
1162 4745 1585 4814 Desperationem
1613 4744 1859 4796 ultimum
1882 4757 1992 4795 esse
2022 4739 2307 4793 malorum.

848 4858 1049 4912 Sancte
1078 4857 1259 4920 Pater,
1283 4855 1476 4919 cecidi,
1499 4854 1630 4924 quid
1667 4867 1822 4922 agam
1846 4849 2032 4904 nunc?
2052 4849 2294 4918 Surgite,
2319 4848 2418 4902 Iili.

917 4949 986 4999 At
1021 4962 1216 5000 rursus
1246 4944 1439 4998 cecidi.
1470 4941 1693 5010 Surgito
1722 4938 2045 5001 rursus,’ait.

848 5036 1032 5106 Usque
1058 5046 1239 5090 tamen
1271 5034 1418 5103 quo?
1447 5032 1642 5102 Aliqua
1669 5043 1847 5093 tenus,
1880 5038 1973 5082 aut
2019 5028 2148 5082 dum
2190 5027 2410 5092 vixeris,

2130 5118 2326 5190 [inquit
2359 5135 2373 5172 :

916 5217 1162 5283 Namque
1205 5216 1297 5269 ubi
1334 5215 1520 5283 lapsus
1550 5213 1684 5276 eris,
1711 5221 1762 5266 te
1807 5225 2025 5280 quoque
2056 5208 2370 5277 corripiam.

847 5321 979 5377 LIX.
1029 5320 1396 5374 Paenitentiam
1463 5335 1564 5373 non
1621 5335 1729 5399 esse
1775 5319 2192 5386 prtestantiorem
2260 5315 2413 5366 inno-

1528 5399 1718 5441 εειιιια.

849 5502 967 5566 Dic,
1006 5501 1147 5557 bone
1174 5502 1278 5565 vir,
1303 5498 1494 5552 melior
1515 5497 1658 5564 quis,
1683 5510 1812 5548 num
1845 5494 1938 5564 qui
1968 5507 2137 5562 purus
2163 5492 2230 5546 ab
2256 5490 2414 5546 annis

915 5677 1029 5744 (ει)
1067 5677 1218 5730 Socr.
1252 5675 1320 5728 Η.
1359 5673 1423 5728 Ε.
1454 5673 1592 5744 |._tv,
1624 5686 1672 5724 c.
1702 5670 1795 5723 25.

918 5741 1030 5816 (22)
1074 5747 1214 5801 Idem
1249 5747 1378 5800 ibid.
1419 5744 1486 5798 de
1507 5741 1730 5797 Pambo.

2059 357 2381 418 JOANNIS
2413 357 2845 421 GEOMETRIE

3995 370 4104 432 830

2444 470 2494 530 Α
2593 469 2683 532 Ei;
2719 470 2928 541 ἐχθρῶν
2961 471 3203 540 κεφαλὰς
3232 472 3387 525 τοῦτο
3415 473 3476 525 τὸ
3507 473 3664 544 κῆδος
3696 475 3786 527 Eat.

2827 580 2908 633 Ν.
2943 580 3070 634 ’Ότι
3105 581 3171 635 τὸ
3211 582 3436 637 ἐσθίειν
3468 582 3783 652 πάρεργον.

2526 685 2701 754 Ἔργα
2731 686 2978 756 χέρεσσιν
3008 687 3170 758 ἔχων,
3201 691 3309 744 τότ’
3337 690 3425 761 ἄρ’
3455 691 3608 761 ἧσθιε
3650 692 3770 744 πῖνέ
3820 709 3884 743 τε
3917 692 4098 763 [Γωρ.

2591 778 2954 848 Πευθομένοις
2972 779 3017 832 δ’
3045 781 3246 846 ἐλάλει,
3277 782 3351 846 ὡς
3384 781 3457 836 Τὸ
3479 785 3755 853 πάρεργον
3781 783 3912 852 ἔχω.

2520 869 2628 924 Καὶ
2653 869 2828 933 ἄλλως
2852 887 2865 901 °
2897 866 3003 923 'Ilv
3031 872 3095 941 δὴ
3131 871 3553 941 καταδαιόμενός
3584 891 3673 942 μοι
3702 874 3730 924 ὁ
3765 873 3966 942 θυμὸς,
4010 913 4013 915 -

2592 960 2684 1029 Μὴ
2710 960 2857 1030 μάλα
2882 961 3180 1032 πολλοστῆς
3202 963 3448 1016 αἶσθεται
3475 965 3728 1034 ήδυμίης.

2574 1072 2698 1124 NA‘.
2732 1071 2854 1125 Ὅτι
2884 1072 2951 1126 τὸ
2979 1073 3484 1143 ἀνθρωπάρεσκον
3513 1075 4032 1143 φιλοπονώτατον.

2517 1180 2672 1234 Δαιτὶ
2695 1179 2846 1250 παρὰ
2875 1179 3022 1252 ξενίῃ
3054 1180 3274 1250 κληθεὶς
3305 1182 3593 1235 κατέϐαινε
3618 1184 3896 1252 Καρίνων,

2589 1269 2836 1324 Μαινάδα
2865 1269 2922 1323 δὲ
2954 1271 3215 1339 στιλπνήν
3242 1271 3504 1340 δάκρυσιν
3528 1274 3780 1340 εἰσορόων
3801 1287 3814 1302 ·

2523 1362 2717 1432 Ὠμοιε
2758 1363 2918 1432 ὲρῶν,
2941 1362 3002 1415 οὐ
3035 1362 3224 1416 τόσσον
3254 1362 3546 1433 ἐπείγομαι
3572 1364 3732 1425 αὐτὸς
3763 1363 4030 1432 ἀρέσκειν

2603 1453 2968 1523 ’Υψιμέδοντι,
3000 1453 3125 1506 ὅσον
3147 1453 3231 1523 ἧδ’
3261 1453 3729 1522 άκολαστοτέροις.

2773 1563 2898 1618 NB’.
2934 1565 3062 1618 Ὀτι
3097 1563 3164 1618 τὸ
3189 1564 3490 1632 ἐπιορκεῖν
3523 1567 3812 1632 χαλεπόν.

2517 1671 2726 1737 Ψεῦδος
2774 1671 2980 1727 ἁπλοῦν
3029 1671 3357 1726 κατέδαλλεν
3411 1672 3541 1745 ὃλην
3583 1676 3776 1742 φύσινζ,
3826 1673 3956 1726 ὥστ’
4004 1674 4086 1726 ἔτι

3771 1764 3893 1836 [καὶ
3933 1765 4054 1830 νῦν,

2587 1860 2718 1914 Οὖτι
2749 1860 3046 1932 ἀνάϐλησις
3079 1862 3177 1933 τῆς
3207 1860 3404 1932 κακῐης
3427 1859 3673 1914 πέλεται.

2515 1954 2752 2008 Σύνθετα
2785 1955 2830 2008 δ’
2859 1956 3020 2026 ἡμεῖς
3047 1955 3140 2008 καὶ
3167 1953 3550 2025 παρασύνθετα
3572 1953 3759 2023 ﬂuam
3784 1952 3963 2004 πάντα

2600 2046 2949 2117 ’ομνύμενοι,
2985 2047 3220 2110 καύτοὺς
3248 2047 3373 2109 τοὺς
3403 2048 3529 2108 νόας
3560 2043 3929 2112 ὲκσπάσομεν.

2583 2152 2708 2207 NI".
2739 2153 2869 2206 ’Ότι
2892 2152 2988 2207 δεῖ
3005 2153 3092 2222 μὴ
3125 2154 3650 2229 πολυπραγμονεῖν
3676 2153 3744 2204 τὰ
3772 2149 4015 2215 ἐτέρων.

2512 2263 2625 2317 Καὶ
2651 2262 2893 2333 Φρυγίην
2918 2262 3124 2333 διέϐην,
3159 2261 3368 2331 καὶτῆς
3401 2261 3584 2329 ’Δσίης
3616 2259 3683 2311 τὰ
3718 2257 3985 2328 ὕπαιθρα,

2584 2351 2869 2421 Εὐτρεπίῳ
2905 2351 3039 2422 πρὸς
3075 2351 3200 2422 δρος
3231 2346 3351 2403 εἷπε
3377 2351 3528 2419 φίλος
3557 2350 3794 2411 πελάσας
3817 2365 3832 2377 '

2515 2439 2591 2495 Οὐ
2616 2437 2848 2512 δύναμαι
2880 2441 2925 2493 δ’
2953 2440 3113 2494 ίδέειν
3136 2440 3400 2512 πρότερον
3432 2439 3590 2508 λόγου
3621 2439 3768 2503 ἄξιον
3797 2439 3970 2509 ἄνδρα
4002 2455 4016 2469 ·

2585 2533 2786 2604 Πρῶτα
2809 2534 2916 2604 γὰρ
2945 2534 2974 2586 ὁ
3007 2533 3186 2604 ζητῶν
3208 2533 3400 2587 ἔκϐαλε
3431 2536 3570 2596 τοῖος
3597 2532 3748 2602 ἔμεν.

2622 2645 2744 2699 NA’.
2780 2645 2907 2698 Ὀτι
2936 2644 3008 2699 τὰ
3035 2646 3216 2714 φύσει
3256 2645 3374 2698 τῶν
3406 2643 3567 2697 θέσει
3603 2644 3979 2710 βεϐαιότερα.

2516 2816 2659 2881 Νοῦς
2690 2818 2851 2886 σοφὸς
2874 2818 3041 2890 ἄνδρα
3064 2818 3227 2887 σοφὸν
3255 2818 3700 2890 παραδείκνυται,
3721 2817 3858 2887 ἔργα
3879 2816 3932 2869 δὲ
3967 2816 4091 2869 θεῖα

2586 2910 2866 2978 Πάνσοφον
2886 2909 3181 2977 ἀγλαόνουν
3207 2927 3220 2941 ·
3253 2910 3310 2972 ὃς
3336 2909 3391 2963 δέ
3425 2927 3485 2963 x:
3517 2911 3739 2978 γραπτὰ
3773 2909 3925 2977 λέγῃ.

2521 2999 2682 3069 Ἄχρι
2717 2998 2816 3067 μὲν
2845 2997 2983 3049 αὑτὰ
3018 2998 3153 3066 ῥέει,
3187 3000 3450 3068 φράδμων
3490 2999 3650 3068 σοφὸς
3679 2998 3880 3050 εἴδεται
3922 2995 4093 3065 εἶναι,

2599 3089 2791 3143 Ἡνίκα
2817 3089 2862 3142 δ’
2887 3088 3128 3142 ἐκλείπει
3148 3088 3338 3153 ταῦτα,
3364 3090 3558 3158 κέχηνε
3593 3090 3772 3157 μόνος.

2516 3200 2644 3254 NE'.
2679 3201 2800 3253 ’Ότι
2829 3197 3098 3269 μείζονες
3143 3201 3198 3253 οι
3235 3199 3551 3268 πειρασμοὶ
3596 3198 3714 3252 τῶν
3749 3200 3820 3251 ἐν
3856 3200 4090 3267 ὄρεσιν.

2513 3373 2736 3441 Φεύγων
2765 3390 2850 3434 τις
2876 3372 2942 3425 τὰ
2963 3373 3079 3440 βίου
3111 3371 3353 3441 κύματα,
3387 3371 3576 3441 ὥσπερ
3605 3373 3664 3436 ὲς
3704 3373 3876 3442 ὅρμον

2584 3460 2745 3517 Ἧλθ’
2771 3466 2829 3515 ὲν
2854 3465 2991 3533 ὃρει,
3025 3464 3119 3516 καὶ
3151 3462 3273 3514 ίδὼν
3299 3462 3611 3530 δαιμονίους
3634 3463 3924 3530 πολέμους,

2519 3555 2682 3624 ’ῼμοι
2710 3556 2722 3607 !
2750 3553 2877 3623 ἔφη,
2908 3554 2960 3605 τί
2995 3552 3184 3618 πάθω;
3211 3549 3375 3604 Εἶπεν
3409 3553 3466 3605 δέ
3492 3567 3597 3614 τις⁶
3624 3553 3684 3604 Εἰ
3707 3555 4057 3622 πειρασμοίις

2584 3646 2706 3699 Τῶν
2736 3643 2984 3716 μοναχῶν
3015 3643 3256 3713 άφέλοις,
3286 3643 3499 3706 οὐδενός
3527 3645 3631 3695 sia:
3658 3643 3842 3711 λόγου.

2610 3756 2752 3822 NG".
2790 3756 2914 3808 Ὅτι
2944 3757 2982 3822 ἠ
3009 3753 3158 3822 πρὸς
3187 3753 3301 3820 τὴν
3331 3752 3481 3820 ζωὴν
3513 3752 3647 3817 ὁδὸς
3685 3753 3986 3818 «inluuie.

2525 3865 2588 3917 Ἥ
2621 3864 2823 3934 στεινὴ,
2859 3866 2942 3926 τἰς
2969 3863 3187 3933 ἔφησεν,
3213 3860 3532 3930 ἀταρπιτὸς,
3565 3861 3743 3930 ἥνπερ
3767 3861 4016 3924 ἀκούεις,

2584 3957 2659 4010 Τὸ
2683 3955 2906 4026 σφίγξαι
2937 3954 3140 4008 τελέθει
3167 3955 3264 4016 τὰς
3293 3954 3508 4022 ἐφέσεις
3535 3967 3548 3980 ⁸
3583 3955 3612 4005 ὁ
3635 3951 3690 4004 δέ
3722 3968 3784 4017 γε

2513 4051 2624 4104 Καὶ
2647 4049 2922 4118 διαμήσας
2948 4047 3130 4110 τάσδε,
3160 4047 3307 4114 λέγοι
3336 4046 3401 4100 ἄν
3428 4063 3442 4077 ·
3480 4045 3609 4097 Ἰδοὺ
3649 4044 3741 4096 καὶ
3764 4045 3929 4112 ἡμεῖς

2584 4141 2674 4194 Σοὶ
2711 4138 3114 4208 ἀκολουθοῦμεν
3145 4139 3322 4190 πάντα
3357 4138 3608 4204 ἀφέντες,
3645 4135 3836 4200 Ἀναξ.

2724 4247 2847 4302 NZ'.
2884 4249 3014 4300 Ὀτι
3049 4247 3087 4314 ἠ
3129 4243 3428 4312 (immuni;
3465 4242 3869 4307 θεοδίδακτος.

2515 4360 2638 4422 Πῶς
2674 4360 2738 4412 ἂν
2772 4358 3048 4426 σωζοίμην
3075 4373 3090 4418 ς
3134 4356 3416 4416 Ἀντώνιος
3445 4349 3597 4405 εἶπεν
3623 4351 3871 4422 ἀθυμῶν.

2443 4459 2489 4514 ι)
2586 4451 2677 4521 Τῷ
2700 4451 2756 4502 δέ
2783 4453 2830 4502 οἱ
2859 4449 3014 4517 ὤφθη
3043 4448 3181 4518 ἀνὴρ
3203 4448 3431 4516 ἥμερος,
3465 4445 3623 4514 ἔργον
3648 4445 3807 4512 ἔχων.

2523 4543 2620 4594 Ἂν
2641 4541 2696 4594 δὲ
2729 4541 2857 4602 στὰς
2887 4539 3047 4591 πάλιν
3078 4537 3275 4605 εὔχετ’,
3304 4536 3444 4605 ἀτὰρ
3471 4535 3633 4587 πάλιν
3653 4534 3793 4597 ἕζετ’
3814 4533 3906 4585 ἐπ’
3928 4533 4084 4604 ἔργα.

2559 4629 2695 4683 .Καί
2723 4629 2775 4679 0i.
2800 4628 2903 4697 ἔφη
2932 4644 2945 4658 '
2974 4625 3132 4680 Οὕτω
3161 4625 3303 4693 ζῆθι,
3333 4626 3424 4677 καὶ
3445 4624 3744 4693 εὑμενέοις.

2574 4738 2707 4791 NII’.
2750 4737 2878 4789 Ὅτι
2912 4737 3177 4804 ἔσχατον
3211 4732 3327 4786 τῶν
3357 4731 3558 4786 κακῶν
3587 4733 3624 4798 ἡ
3661 4732 4032 4801 ἀπόγνωσις.

2522 4848 2776 4915 Ἧριπον,
2792 4839 2836 4897 ὦ
2851 4843 3059 4913 μάκαρ,
3077 4843 3198 4895 sine
3211 4841 3262 4894 τί
3283 4840 3509 4911 ῥέξομεν
3524 4859 3610 4904 ;-
3637 4840 3859 4912 Ἔγρεο,
3873 4842 4085 4898 τέκνον.

2520 4967 2587 4976 -
2604 4936 2741 4988 Ἀλλ’
2767 4931 2924 4997 αὖθις
2951 4935 3228 4988 πίπτω.-
3246 4933 3408 4995 Αὖθις
3433 4931 3660 5002 ἁνέγρεό
3689 4950 3800 5001 μοι.

2519 5058 2590 5070 -
2610 5028 2789 5098 Μέχρι
2821 5028 2988 5080 πόσου
3009 5043 3024 5093 ;
3048 5057 3116 5069 —
3145 5025 3299 5086 Τινός
3319 5042 3334 5055 ·
3357 5026 3406 5076 εἰ
3429 5024 3474 5075 δ’
3501 5023 3585 5087 οῦ,
3620 5023 3724 5084 ἕως
3761 5021 3962 5091 χρόνου
3991 5038 4005 5052 ο
4037 5022 4084 5071 εἰ

3585 5113 3654 5185 [δ’
3681 5113 3767 5177 οὓ,
3803 5114 3908 5175 ἕως
3927 5113 4042 5179 ζῇς.

2583 5209 2720 5278 Φησὶ
2753 5211 2859 5277 γάρ
2895 5225 2908 5238 ·
2940 5208 3106 5260 Ἔνθα
3137 5207 3184 5259 σ“
3216 5207 3342 5271 ἕλω,
3370 5206 3506 5258 κεῖθί
3539 5222 3596 5256 σε
3635 5207 3727 5256 καὶ
3750 5205 3972 5272 κρινέω.

2585 5317 2710 5372 NG'.
2744 5320 2870 5371 ’Ὁτι
2902 5321 2973 5372 οὐ
3004 5318 3215 5387 μείζων
3243 5316 3691 5386 ἀναμαρτησίας
3714 5313 4021 5383 μετάνοια.

2517 5493 2678 5556 Εἰπὲ,
2718 5493 2925 5562 μάκαρ,
2955 5493 3039 5554 τίς
3067 5491 3330 5560 ἀμείνων.
3363 5491 3390 5544 ὁ
3420 5488 3478 5553 ἐξ
3499 5487 3706 5558 ὀνύχων
3759 5487 4078 5558 ἁμόλυντος,

2601 5665 2710 5737 (23)
2752 5664 2890 5720 Xen.
2923 5666 2976 5720 in
3007 5666 3239 5737 Agesila.
