4252 6436
240 417 346 486 881

346 528 392 579 II
423 527 451 578 6
482 525 671 586 κακοῖς
701 521 957 585 καταδὺς,
989 515 1086 573 εἶτ’
1115 518 1558 590 άνανηξάμενοςς

245 618 354 672 Τὸν
383 618 687 686 πρώτιστον
720 616 895 684 ἔγωγε
922 614 1214 682 ἐπείγομαι
1240 612 1558 682 ἐξερεείνειν
1586 628 1600 642 ο

336 711 478 764 Ἀλλ’
517 710 549 779 ἡ
578 710 724 761 πᾶσα
761 704 967 776 βροτῶν
998 705 1169 758 ὤλετο
1199 703 1518 776 προσδοκῢι.

301 820 376 873 ε’.
416 820 543 871 Ὀτι
575 817 954 885 πολύτροπος
991 815 1030 881 ἡ
1060 813 1180 872 τῶν
1211 812 1485 882 δακρύων
1511 811 1761 877 βλύσις.

249 930 470 998 Δάκρυα
499 927 674 996 λύπης
703 921 843 987 οῖδα,
879 924 972 977 καὶ
995 922 1358 994 εὐφροσύνης,
1387 923 1480 976 καὶ
1511 922 1731 991 ἔρωτος.

332 1020 661 1087 Ἐλπομένου
695 1035 754 1070 τε
779 1018 952 1080 δέους,
986 1015 1287 1085 έλπομένου
1314 1031 1373 1067 τε
1402 1013 1613 1076 κλέους.

250 1111 363 1163 Καὶ
388 1109 622 1178 φύσεως,
655 1108 750 1162 καὶ
779 1107 1038 1173 θεῖα,’καὶ
1068 1107 1374 1177 ὀλλυμένων
1399 1106 1676 1176 ἁρετάωνο

324 1202 507 1255 Ταῦτα
536 1202 580 1255 δ’
612 1201 912 1272 ἐπιγνοίης,
951 1199 1150 1272 ήδυμίῃ
1186 1199 1279 1252 καὶ
1302 1200 1442 1268 ἄχει.

461 1310 582 1365 ΞΝ.
616 1312 746 1365 Ὀτι
778 1311 889 1379 οὐχ
922 1308 1129 1375 ἁπλῶς
1153 1308 1218 1362 τὸ
1245 1310 1604 1376 gamma-or.

255 1421 452 1473 ’Ύπνοι
481 1422 593 1484 τοῖς
617 1421 846 1482 ἀΰπνοις
887 1418 1252 1488 πουλύτροποι
1281 1436 1294 1450 ·
1325 1415 1406 1482 οἷς
1445 1419 1545 1488 μὲν
1591 1418 1814 1489 ἐδωδῆς,

328 1512 421 1577 Οἷς
454 1514 531 1578 δὲ,
559 1512 701 1581 φυῆς
732 1511 827 1564 καὶ
852 1509 1036 1573 έθους’
1066 1507 1147 1573 οἷς
1181 1509 1245 1576 δ’,
1273 1506 1434 1563 ὁσίων
1465 1512 1745 1579 καμάτων.

251 1605 319 1656 0i
350 1604 394 1656 δ’
430 1603 838 1656 ἐπανακτῶνται
867 1600 1025 1670 λιμοῦ
1061 1601 1227 1671 δέμας
1248 1617 1262 1632 ο
1299 1602 1347 1654 οι
1368 1601 1434 1663 δ’,
1467 1602 1680 1672 έχθροτο

324 1696 606 1765 Δαίμονος,
640 1696 763 1766 ὄφρ’
793 1696 939 1764 ἡμᾶς
966 1694 1166 1765 ὄρθρου
1193 1694 1503 1764 έρυκακέοι.

251 1797 369 1853 EB’.
403 1799 523 1853 ’Ότι
562 1798 850 1866 πολυειδῆ
874 1799 946 1853 τὰ
972 1799 1252 1870 σχήματα
1290 1797 1406 1852 τῶν
1442 1800 1657 1869 χειρῶν
1694 1797 1818 1870 τοῖς

839 1869 1212 1937 εὐχομένοις.

253 1979 552 2048 Εὑχόμενοι
580 1978 833 2032 τανύουσι
870 1979 1023 2048 σοφοὶ
1055 1977 1221 2048 χέρας
1243 1979 1290 2032 οἱ
1319 1979 1416 2050 μὲν
1449 1979 1534 2049 ἐφ’
1563 1978 1731 2051 ὕψους

339 2071 523 2139 ’Υψόσ’
554 2073 905 2143 ἐπαιρόμενοι
933 2088 946 2102 ⁸
979 2071 1026 2124 οἱ
1056 2070 1112 2123 δὲ
1142 2071 1382 2125 κάτωθεν
1412 2074 1540 2126 ὃταν

255 2164 381 2217 Οὐδ’
417 2165 540 2216 ὅποι
582 2165 688 2216 εἰσὶ
713 2165 908 2216 νοῶσιν
927 2179 942 2193 ο
974 2161 1081 2217 οἷδ’
1107 2162 1320 2230 ὕπτιον,
1346 2165 1419 2226 ὥς
1443 2183 1495 2217 τι
1524 2164 1785 2222 λαϐέσθαι
1803 2183 1817 2200 θ

328 2256 390 2309 Ol
421 2256 477 2308 δὲ
504 2256 892 2325 σταυροτύπως
914 2272 926 2286 ·
957 2257 1084 2328 ἄγχι
1110 2256 1216 2324 γάρ
1243 2257 1353 2309 ἐστ’
1395 2257 1654 2330 Ἀμαλέκ.

399 2363 516 2421 ΞΓ.
543 2365 797 2422 Γελοῖον
841 2365 906 2421 τὸ
939 2367 1031 2423 ἐπ’
1055 2367 1236 2437 ἀρετῇ
1282 2369 1678 2438 προσωπεῖον.

256 2540 488 2594 Εἴδωλον
519 2540 612 2593 καὶ
636 2541 775 2611 ἀνὴρ
805 2539 1168 2603 ὲπιδεικτικὺς
1207 2541 1286 2602 εἱς
1317 2540 1374 2593 ἒν
1405 2541 1538 2595 ἰᾶσι.

329 2633 493 2685 Κεῖνο
524 2632 885 2701 πολυχρύσοις
925 2633 1167 2702 σχήμασι
1203 2632 1407 2701 κόσμον
1430 2633 1572 2701 ἕχον,

256 2724 465 2794 Πίσσης
493 2724 586 2777 καὶ
617 2723 789 2794 πηλοῦ
815 2724 975 2794 γέμει
1008 2727 1138 2778 εἴσω
1160 2742 1173 2756 '
1204 2719 1306 2781 ὦδε
1333 2726 1428 2778 καὶ
1464 2720 1618 2789 οὗτος

343 2903 528 2965 Ἐκτὸς
553 2902 661 2955 ὲὼν
687 2903 848 2971 ἱερὸς,
883 2904 943 2956 οὺ
967 2904 1108 2967 τοῖός
1139 2903 1290 2958 ἐστιν
1312 2904 1442 2959 ἔσω.

257 3010 374 3065 ΞΜ.
409 3012 534 3064 Ὀτι
564 3011 663 3064 καὶ
697 3013 869 3080 μέχρι
916 3011 1065 3098 ἄξιὸς
1095 3011 1215 3077 τοῖς
1264 3013 1512 3078 τελείοις
1552 3013 1590 3080 ἡ
1640 3027 1827 3081 παρα⁹

902 3098 1172 3149 τηρησις.

1646 406 2090 470 PARADISUS.

1839 523 1887 580 Α
1986 519 2080 574 Est
2112 517 2334 584 teneris,
2372 515 2456 571 vel
2491 513 2584 586 qui
2615 511 2820 569 labitur
2844 519 2896 566 et
2923 511 3152 580 resipit?

1910 609 1991 665 iUt
2035 612 2272 681 primum
2304 609 2606 663 anteferam
2631 620 2822 662 verum
2855 619 2941 659 tne
2965 605 3112 673 cogit
3146 612 3200 658 et
3222 618 3436 674 aequum
3465 625 3480 662 :

1844 1862 1892 1921 B

3377 397 3487 472 882

1986 701 2091 757 Sed
2118 702 2162 756 si
2201 701 2324 766 hoc,
2361 715 2485 770 spes
2517 699 2800 753 hominum
2831 710 2967 749 vana
2993 703 3048 749 et
3075 694 3258 748 inanis
3290 694 3414 749 erit.

2010 808 2124 864 LX.
2169 809 2322 875 Quod
2357 807 2631 876 multiplex
2660 807 2727 859 sit
2756 806 3110 874 lacrymarum
3137 802 3395 871 profusio.

1917 917 2157 973 Eﬂ‘undit
2182 919 2452 988 lacrymas
2477 916 2658 980 dolor,
2690 913 3008 977 exsultatio,
3039 925 3328 980 amorque,

1987 1008 2215 1073 Quando
2243 1008 2372 1061 mali
2402 1015 2579 1062 metus
2604 1013 2707 1067 est,
2740 1019 2864 1074 spes
2887 1005 2971 1060 vel
3002 1005 3230 1060 honoris
3265 1006 3361 1060 alit
3392 1022 3408 1060 :

1920 1097 2014 1153 Vel
2041 1105 2262 1162 natura,
2293 1105 2389 1150 aut
2412 1095 2672 1150 virtutum
2698 1096 2938 1164 jactura,
2969 1096 3242 1167 Deusque.

1988 1189 2114 1245 Haec
2145 1199 2200 1244 tu
2230 1189 2414 1243 laetitia
2442 1171 2823 1258 maestitiaque
2859 1189 3025 1244 scies.

2129 1297 2268 1351 LXI.
2310 1296 2462 1362 Quod
2492 1295 2767 1365 multile
2797 1297 2866 1350 sit
2899 1298 3267 1353 somnolentia.

1921 1403 2247 1458 Somnorum
2266 1420 2429 1460 causa
2448 1414 2530 1460 est
2549 1405 2762 1460 diversa
2780 1407 3125 1461 insomnibus
3149 1408 3295 1476 (24):
3322 1407 3481 1477 Esus,

1992 1496 2298 1565 Ingenium,
2333 1506 2388 1550 et
2418 1512 2624 1558 mores,
2663 1507 2825 1563 atque
2859 1499 3063 1554 laboris
3089 1515 3265 1554 amor.

1921 1585 1986 1642 Ili
2011 1601 2259 1642 recreant
2281 1589 2644 1657 minuuntque
2676 1589 2872 1657 famem
2903 1609 2916 1645 :
2945 1590 3066 1647 illos
3095 1593 3488 1650 excitathostis

1993 1677 2312 1743 Tartareus,
2351 1679 2647 1748 prohibens
2677 1652 2964 1751 itivigilare
2994 1683 3135 1751 pios.

1993 1789 2152 1846 LXII.
2193 1791 2418 1864 Orontes
2447 1793 2594 1845 varia
2629 1808 2879 1846 manuum
2924 1795 3298 1865 compositione
3319 1799 3417 1852 uti.

1921 1962 2232 2019 Extendunt
2267 1965 2478 2034 palmas
2511 1966 2806 2035 sapientes,
2842 1967 3061 2036 quando
3091 1976 3384 2037 precantur
3411 1984 3430 2024 :

1992 2054 2056 2109 Ili
2094 2056 2146 2110 in
2179 2057 2412 2113 sublime
2439 2058 2639 2121 levant,
2678 2057 3057 2129 dejiciuntque
3088 2060 3203 2124 alii,

1921 2147 2026 2218 Qui
2046 2159 2196 2220 rapta
2220 2159 2349 2204 sunt
2369 2161 2586 2205 mente:
2614 2151 2667 2204 hi
2685 2166 2782 2206 ceu
2808 2151 2938 2221 quid
2974 2152 3238 2222 prendere
3266 2152 3486 2219 vellent,

1991 2242 2353 2308 Protendunt,
2383 2241 2561 2297 crucis
2591 2251 2686 2296 aut
2712 2243 2870 2314 signo
2895 2244 3192 2298 Amaleeha
3227 2243 3436 2314 fugant.

1921 2351 2104 2408 LXIII.
2147 2351 2448 2407 Ridiculum
2490 2369 2602 2407 esse
2657 2354 2711 2406 in
2768 2354 2961 2408 virtute
3003 2354 3232 2420 larvam,
3284 2355 3380 2408 hoc
3410 2361 3488 2408 est

2491 2423 2904 2478 simulationem.

1924 2530 2130 2586 Idolum
2162 2540 2216 2586 et
2243 2530 2334 2602 qui
2366 2545 2486 2586 sese
2515 2539 2753 2586 ostentat
2785 2531 3036 2595 inaniter,
3068 2545 3236 2585 unum

1996 2623 2243 2678 Elliciunt
2275 2640 2289 2676 :
2320 2637 2454 2676 auro
2478 2637 2601 2676 nam
2639 2621 3189 2689 simulacrasmicant,

1923 2713 2059 2769 Cum
2102 2713 2226 2784 pice
2271 2713 2380 2768 sint
2435 2722 2490 2767 et
2529 2713 2686 2783 plena
2737 2714 2854 2767 luto
2881 2713 3029 2769 intus
3069 2731 3083 2768 :
3151 2713 3232 2769 sic
3275 2727 3493 2783 quoque

3309 2814 3363 2860 et
3391 2805 3494 2858 iste

3309 2814 3363 2860 et
3391 2805 3488 2858 iste

1995 2893 2131 2950 Cum
2166 2908 2322 2951 sacer
2355 2902 2509 2950 extra
2535 2894 2625 2957 sit,
2654 2907 2762 2948 non
2791 2903 2971 2949 tamen
2999 2894 3146 2950 intus
3172 2895 3220 2949 is
3246 2803 3331 2951 etEt
3351 2894 3488 2964 (25).

2066 3002 2251 3059 LXIV.
2286 3003 2554 3057 Bonorum
2594 3003 2672 3056 vel
2708 3004 2762 3056 in
2789 3004 2920 3057 salis
2952 3005 3090 3057 mica
3129 3003 3335 3074 religio.

259 3170 414 3224 Δεῦτ’
447 3171 618 3240 ἄγετ’,
648 3171 780 3225 ἴδετε
808 3172 945 3243 ἔργα
969 3173 1083 3226 τάδ’
1112 3173 1339 3244 ἄσχετα,
1364 3170 1517 3227 εἶπεν
1555 3172 1822 3242 Ἀχιλλᾶς.
1852 3201 1896 3260 C
1929 3155 1938 3213 Ῑ

1815 3211 1822 3225 ,
1852 3201 1896 3260 C
1929 3155 2047 3215 Huc
2071 3173 2317 3230 propere,
2339 3169 2567 3228 actaque
2600 3158 2738 3213 mira
2775 3158 3050 3226 videbitis,
3080 3161 3276 3231 inquit,
3310 3161 3494 3215 Achil-

334 3349 541 3416 Ψωμὸν
569 3348 702 3401 ἔδων
732 3348 926 3417 βάπτει
956 3349 1036 3411 εἰς
1062 3350 1196 3412 ἃλας
1227 3349 1475 3414 Ἦσαῖας.

263 3439 327 3492 Εἰ
360 3440 424 3516 ab
451 3439 632 3506 ζωμία
654 3439 826 3493 ταῦτα
850 3439 1186 3511 παραρτύειν
1210 3440 1511 3505 ὲθέλοισθα,

335 3529 495 3600 Δεῦρ⁶
531 3530 598 3582 ἴθ’
628 3531 684 3583 έν
710 3531 992 3602 Αἰγύπτῳ,
1018 3531 1181 3601 οῦρεα
1209 3531 1252 3584 δ’
1282 3533 1612 3603 ὲγκρατέων.

263 3637 383 3692 EIS’.
420 3640 539 3692 ’Ὁτι
575 3639 760 3693 αἰτεῖν
785 3640 876 3694 δεῖ
909 3639 1144 3763 πῇιῖἲτον
1172 3640 1288 3709 τὴν
1325 3642 1430 3697 τοῦ
1463 3642 1612 3698 Θεοῦ
1643 3643 1829 3707 βασι·

989 3728 1020 3763 ε
1046 3728 1142 3763 αν.

989 3728 1037 3763 ει
1046 3728 1142 3765 αν.

266 3817 445 3873 Πολλὰ
476 3818 610 3872 Θεοῦ
641 3819 849 3889 δέομαι,
880 3820 1084 3874 τούτων
1120 3820 1178 3874 δὲ
1212 3821 1265 3874 τί
1298 3823 1612 3892 κραίνεται;
1638 3822 1829 3878 Οὐδέν.

339 3914 462 3976 Πῶς
486 3913 590 3966 τόδ’
618 3914 812 3980 ἔνεστι,
836 3913 1014 3980 Θέων;
1050 3914 1164 3978 πῶς
1194 3915 1310 3968 δέον
1338 3915 1453 3968 ἐστὶ
1486 3920 1645 3986 τυχόν
1670 3935 1686 3984 ;

267 4006 470 4077 Πρῶτα
501 4007 562 4059 τδ
587 4007 642 4058 ἒν
668 4007 713 4059 δ’
740 4009 933 4072 αἰτεῖν,
966 4009 1060 4059 καὶ
1089 4007 1276 4076 ἕψεται
1304 4009 1500 4062 αὐτίκα
1534 4012 1628 4063 καὶ
1653 4013 1722 4066 τά
1744 4032 1758 4046 ο

341 4098 402 4150 Εἰ
431 4099 486 4151 δὲ
514 4098 580 4152 τὰ
610 4098 780 4152 πολλὰ
801 4098 995 4164 θέλεις,
1029 4100 1122 4154 καὶ
1168 4099 1226 4153 τὸ
1259 4099 1317 4152 ἒν
1347 4101 1510 4171 οἴχεθ’
1543 4101 1680 4172 ἅμα.

512 4207 658 4276 EC.-
677 4207 1047 4276 Προσεκτέον
1062 4207 1304 4277 μᾶλλον
1336 4211 1590 4277 ἑαυτοῖς.

269 4317 501 4387 Κρίνετό
525 4334 607 4380 τις
632 4316 860 4386 φθορίης
885 4333 901 4349 ·
931 4316 1148 4386 κληθεὶς
1181 4316 1239 4370 δὲ
1265 4318 1414 4389 Πίωρ
1445 4321 1537 4372 ἐπὶ
1567 4322 1761 4390 τούτῳ,

341 4405 499 4461 Ἶίλθ⁹
530 4409 624 4461 ἐπὶ
655 4409 798 4461 νῶτα
826 4409 1009 4480 φέρων
1036 4409 1261 4479 ψάμμον
1289 4410 1386 4482 ὅλῃ
1416 4413 1655 4481 σπυρίδι.

273 4500 482 4571 Πρόσθε
506 4501 550 4554 δ’
579 4500 667 4570 ἔχε
693 4500 868 4570 δράκα
891 4500 1072 4571 τῆσδε,
1095 4500 1190 4554 καὶ
1218 4502 1335 4572 ἴαχε
1361 4517 1374 4530 ·
1408 4502 1571 4571 Τάμά
1595 4503 1833 4560 τοσαῦτα

355 4593 502 4647 ’Ea‘rl
525 4594 620 4647 καὶ
650 4594 746 4664 οὐχ
775 4593 914 4663 ὁρόω
939 4610 952 4625 ·
983 4593 1051 4646 τά
1076 4593 1200 4658 ξένα
1230 4593 1274 4644 δ’
1301 4594 1538 4660 ἐξετάσω
1561 4613 1576 4662 ;

344 4703 458 4759 ΞΖ’.
490 4704 746 4773 Συζυγία
773 4703 983 4773 ψυχῆς
1012 4703 1110 4758 καὶ
1151 4702 1424 4774 σώματος
1467 4705 1761 4774 ἄληπτος.

273 4880 339 4934 EI
361 4878 459 4951 τὴν
493 4877 672 4950 σάρκα
701 4877 1250 4950 φιλῶ,’πολεμίζομαι
1276 4895 1290 4909 ·
1318 4880 1368 4932 εἰ
1398 4879 1697 4950 πολεμίζω,

275 5065 582 5138 Τρύχομαι·
614 5063 772 5133 εἴπερ
795 5068 958 5133 τιμῶ,
983 5061 1307 5132 σφάλλομαι,
1339 5061 1479 5132 ᾧμοι
1500 5061 1671 5131 ἔγωγε
1698 5064 1712 5115 ι

347 5246 442 5309 Τίς
466 5245 718 5317 γένομαι,
742 5243 836 5296 καὶ
863 5243 953 5296 ποῖ
978 5241 1212 5313 τράπομ⁹
1243 5242 1519 5296 ἁστατέων
1547 5184 1726 5305 ἄθλιος
1750 5259 1767 5308 ;

999 5350 1125 5408 EII'.

282 5468 683 5538 Συγκατέὸαινε
709 5465 885 5536 γέρων
907 5465 1121 5535 ἑτάροις
1146 5460 1295 5531 σφίσι
1321 5477 1333 5490 ⁸
1363 5461 1455 5514 τὸν
1479 5460 1535 5514 δέ
1558 5477 1642 5524 τις
1674 5460 1841 5531 ἀρχὸς

348 5625 461 5694 (ει)
499 5624 610 5677 IIoc
640 5631 740 5683 est,
764 5621 836 5694 iis
864 5621 955 5688 qui
983 5635 1039 5694 se
1067 5617 1266 5694 v_i_gi|_iis
1292 5625 1566 5694 exercent.

350 5684 463 5762 (‘25)
506 5694 567 5746 D.
600 5693 736 5760 Aug.
763 5691 835 5744 De
865 5684 1059 5762 morih.
1094 5684 1295 5762 Eoo-les.
1327 5689 1473 5743 calli.
1511 5705 1525 5742 :
1559 5684 1740 5738 Facile
1765 5692 1843 5738 est

280 5760 554 5827 simulare,
587 5773 634 5816 et
669 5762 890 5829 difﬁcile
921 5760 1107 5811 habere
1129 5760 1392 5829 virtutem.

355 5836 466 5905 (26)
502 5823 552 5890 Is
567 5844 619 5889 ut
644 5823 893 5889 sacerdos
909 5827 1450 5898 subscripsitsynodo
1473 5824 1626 5881 Alex.
1654 5823 1840 5880 adver-

3212 3251 3319 3326 [Ias
3352 3251 3490 3322 (26),

1997 3342 2168 3397 Isaias
2200 3343 2436 3398 comedit
2472 3341 2706 3398 Irustula
2738 3358 2926 3414 sparsa
2962 3343 3095 3399 sale.

1929 3431 2006 3488 Ac
2033 3433 2080 3488 si
2106 3443 2160 3488 tu
2192 3434 2379 3503 cupias
2411 3436 2582 3504 magis
2618 3435 2731 3490 haec
2757 3436 3001 3500 condire,
3034 3435 3217 3490 venito

2001 3526 2296 3597 Promptus
2330 3528 2384 3582 in
2413 3528 2733 3600 Egyptum,
2760 3529 3196 3597 monticolasque
3225 3526 3371 3581 vide.

2035 3634 2198 3692 LXV.
2257 3635 2494 3690 Primum
2519 3639 2854 3706 quterendum
2891 3653 3002 3690 esse
3031 3652 3244 3706 regnum
3272 3635 3390 3690 Dei.

1933 3746 2098 3803 Multa
2133 3746 2302 3802 Deum
2354 3760 2542 3816 posco.
2568 3747 2661 3801 sed
2688 3747 2760 3800 nil
2794 3744 3113 3801 concediiur
3143 3746 3337 3800 horum
3373 3761 3389 3798 :

2006 3840 2136 3906 Qui,
2169 3838 2343 3903 Theo,
2366 3838 2591 3907 contigit
2621 3837 2760 3892 hoc?
2795 3837 2922 3906 quid
2951 3838 3106 3891 decet
3135 3837 3223 3890 hic
3254 3834 3476 3889 facere?

1938 3930 2114 3987 Unum
2157 3930 2490 4000 poscendum
2519 3937 2603 3983 est
2632 3928 2828 3996 primo,
2866 3940 2990 3979 mox
3015 3935 3207 3980 caetera
3233 3923 3458 3978 habebis
3483 3939 3497 3976 :

2007 4018 2064 4074 Si
2100 4019 2181 4075 vis
2205 4019 2398 4085 multa,
2432 4033 2602 4073 unum
2633 4016 2746 4083 jam
2782 4030 3001 4085 quoque
3029 4023 3084 4069 et
3123 4013 3254 4068 illud
3285 4013 3419 4067 abit.

2181 4210 2364 4265 LXVI.
2397 4210 2509 4266 Sibi
2527 4211 2700 4278 potius
2719 4209 3090 4264 attendendum
3120 4223 3253 4263 esse.

1935 4297 2208 4356 Iudicium
2234 4298 2299 4352 ad
2329 4298 2500 4366 stupri
2525 4296 2795 4351 damnatae
2830 4295 2967 4350 forte
2998 4305 3225 4350 vocatus

2007 4388 2155 4452 Pior,
2186 4397 2424 4457 sportam
2460 4395 2651 4439 onerat
2692 4400 2832 4454 pone
2862 4385 3013 4452 gravi
3049 4383 3264 4438 sabulo.

1935 4480 2075 4534 Aule
2097 4495 2262 4533 manu
2293 4477 2553 4533 claudens
2579 4486 2813 4545 partem,
2838 4476 3013 4544 inquit
3044 4492 3058 4528 :
3086 4474 3224 4529 Cum
3253 4489 3369 4528 mea
3394 4474 3506 4527 sint

2007 4569 2124 4626 Non
2158 4584 2346 4636 cerno,
2379 4584 2618 4640 quaeram
2651 4584 2749 4623 cur
2786 4567 3069 4637 peregrina
3098 4566 3277 4622 mala?
3340 4564 3503 4637 [hmc,

1935 4699 2146 4756 LXVII.
2170 4699 2491 4769 Coniugium
2518 4697 2685 4750 animi
2713 4709 3100 4769 cum‘cgrpore,
3144 4691 3356 4762 difﬁcile
3380 4708 3502 4760 per-

2501 4777 2647 4834 ceptu
2679 4781 2788 4818 esse
2827 4764 2960 4833 (27).
3274 4823 3278 4837 1

1939 4877 2116 4950 Diligo
2137 4877 2182 4933 si
2212 4890 2457 4941 carnem,
2490 4875 2693 4930 bellum
2717 4880 2802 4928 est
2833 4872 2965 4926 mihi
3005 4871 3089 4926 :si
3114 4884 3243 4940 gero
3276 4869 3437 4936 bella,
3533 4934 3555 4946 _

2014 4971 2193 5025 Vexor
2225 4982 2242 5023 ι
2274 4968 2319 5022 si
2350 4978 2553 5034 temno,
2591 4966 2671 5020 sic
2694 4979 2913 5034 quoque
2943 4963 3234 5032 despicior.

1946 5061 2004 5117 Si
2041 5063 2182 5126 colo,
2223 5059 2488 5130 decipior,
2524 5057 2782 5112 miserum
2817 5071 2904 5110 me
2930 5056 2942 5108 l
2967 5055 3227 5124 quidnam
3256 5067 3353 5110 ero
3384 5063 3507 5108 tan-

3277 5144 3423 5217 [dem
3445 5145 3469 5199 ἲ

2010 5241 2254 5309 Quonam
2290 5255 2378 5296 me
2400 5238 2646 5295 vertam?
2682 5251 2914 5307 quemve
2947 5235 3142 5291 tenebo
3170 5235 3389 5290 modum
3409 5233 3442 5286 ἲ·

2613 5344 2844 5401 LXVIII.

1940 5460 2098 5527 Quod
2134 5461 2346 5516 vetulus
2379 5458 2546 5515 sociis
2568 5472 2690 5514 sese
2719 5456 3092 5518 submitteret,
3121 5454 3301 5524 ipsum

1950 5617 2244 5756 suis'il'ﬂ?
2247 5631 2376 5738 1Ῑιοε
2392 5679 2961 5756 tetrastichonGrteco
2989 5678 3248 5756 interciso
3272 5688 3325 5756 e_t
3344 5677 3515 5736 altero

1950 5750 2351 5821 versu'mutilo,
2371 5751 2727 5809 divinandum
2757 5750 2874 5816 luit,
2904 5759 2964 5805 ut
2994 5750 3046 5806 iu
3065 5751 3334 5819 sequenti.
