4232 6434
757 324 863 393 833
1980 327 2302 390 JOANNIS
2340 332 2768 396 omnem};
3907 353 4013 418 sat

830 446 946 499 Dux
981 443 1174 514 carpit,
1211 458 1396 496 vocem
1431 441 1474 497 is
1507 441 1668 506 tollit,
1699 452 1748 495 et
1778 441 1875 496 llic
1901 443 2082 512 iacula
2119 463 2132 498 :
2358 456 2397 506 Α
2500 500 2501 504 η

2358 456 2397 506 Α
2500 453 2771 523 Μέμφεο’,
2801 455 2894 510 ὁδ’
2923 459 3156 512 ἁντεϐόα
3179 477 3192 489 ·
3233 462 3394 514 Ἐλκε
3424 464 3484 514 τὸ
3513 465 3662 527 τόξον
3693 467 3864 529 ἅπαξ,

759 544 936 611 Atque
957 540 1137 598 itcrat,
1166 536 1260 592 sed
1297 536 1379 590 vis
1398 536 1557 604 perit,
1589 542 1644 588 ct
1669 549 1794 587 mox
1823 535 2098 604 rumpitur
2119 550 2282 592 arcus
2312 557 2324 592 :

2433 543 2541 594 Καὶ
2571 544 2750 608 πάλιν,
2784 541 2902 598 εἶτα
2927 547 3088 601 πάλιν
3109 565 3122 578 °
3146 549 3262 602 ἀλλ’
3284 551 3537 619 ἄγνυται,
3569 555 3691 607 οὑδέ
3715 572 3800 617 τις
3828 559 4011 627 ἰσχύς.

828 634 1047 689 Gnavus
1079 631 1185 685 erit
1221 630 1470 700 posthac,
1500 628 1592 697 qui
1627 626 1790 682 modo
1830 627 2013 693 segnis
2042 638 2154 681 erat
2187 627 2321 697 (28).

2196 627 2321 697 [28).
2499 631 2626 688 Ὧδε
2660 637 2753 690 καὶ
2791 639 2926 708 τῇδ’,
2957 640 2986 691 ὁ
3014 640 3061 692 δ’
3091 641 3244 706 ἀνεὶς
3276 643 3501 715 ἄλκιμός
3529 649 3645 700 ἐστι
3679 649 3867 704 πάλιν.

755 747 941 807 LXIX.
973 746 1126 813 Quod
1147 745 1434 798 iracundus
1459 757 1562 794 non
1587 740 1846 793 sitdivino
1872 739 2078 805 Spiritu
2093 739 2321 807 afﬂatus.

2093 739 2321 807 «illatus.
2710 749 2831 804 ΞΘ’.
2871 752 2992 806 ’Ὁτι
3023 753 3267 822 ὀργίλος
3296 755 3501 822 ὀὐδεὶς
3526 758 3753 824 ἐνθείς.

754 862 836 915 Ira
879 859 1142 926 furorque
1174 853 1280 922 piis
1305 851 1592 907 monachis
1621 850 1796 917 aliena
1831 866 1845 902 :
1879 848 2150 916 benignus

2445 856 2608 927 Ὀργὴ
2643 861 2736 910 καὶ
2765 859 2936 930 θυμὸς
2997 867 3254 932 μοναχοῖς
3280 863 3443 930 ξέναο
3474 869 3522 920 εί
3556 869 3666 938 γάρ
3697 869 3946 936 Χριστὸς

822 951 957 1004 Nam
993 948 1038 1002 si
1071 945 1344 1008 Christus,
1373 953 1536 997 erunt
1572 940 1928 995 Christocolae
1957 939 2152 1006 placidi
2185 958 2198 990 ε

1908 955 1928 991 e
1957 939 2152 1006 placidi
2185 958 2198 990 ε
2503 948 2718 1011 Ἤπιος,
2751 951 2903 1019 ἡπιοι
2938 951 3004 1005 ἂν
3031 947 3140 1006 εἷεν
3172 956 3232 1006 ἐν
3261 950 3369 1010 οἷσι
3407 958 3579 1026 μένει.

754 1042 897 1108 Ergo
924 1038 1247 1098 iracundus,
1280 1036 1409 1090 licet
1439 1035 1518 1087 ire
1544 1032 1808 1086 cadavera
1845 1041 2025 1098 cogat,

2430 1039 2543 1099 Πᾶς
2569 1033 2662 1091 οὖν
2699 1038 2936 1107 ὀργίλος,
2968 1043 3018 1094 εἰ
3047 1044 3145 1094 καὶ
3175 1042 3500 1108 τεθνειῶτας
3528 1047 3757 1116 ἐγείρει,

825 1133 1025 1188 Iurans
1054 1146 1114 1186 se
1140 1127 1366 1190 Christi,
1397 1125 1624 1198 pcjerat,
1653 1137 1776 1178 esse
1808 1123 2008 1177 virum.

2503 1130 2729 1182 Ψεύδετ’
2746 1130 2879 1200 ἔμεν
2907 1132 3172 1202 Χριστοῦ,
3200 1133 3304 1188 κάν
3330 1137 3602 1206 ἐπόμνυσι
3629 1138 3792 1206 μέγα.

981 1240 1143 1298 LXX.
1200 1239 1374 1291 Vitam
1411 1251 1524 1292 esse
1553 1235 1776 1302 speciem
1807 1242 2096 1288 mercatus.

2083 1274 2096 1287 .
2672 1240 2746 1297 0'.
2784 1243 2911 1296 Ὅτι
2932 1246 3320 1314 πανηγύρεως
3348 1243 3508 1313 εἶδος
3533 1251 3566 1302 ό
3591 1249 3751 1315 βίος.

753 1355 823 1411 Ut
849 1355 1058 1407 fruerer
1085 1347 1363 1418 paradiso,
1393 1345 1569 1412 inquit
1590 1343 1794 1406 senior,
1830 1342 1962 1393 dare
1987 1340 2182 1394 vellem

2428 1348 2538 1416 Τὴν
2553 1349 2668 1402 Ἐδὲ
2679 1367 2737 1418 μ,
2757 1345 2877 1402 εἷπε
2892 1351 3092 1418 γέρων,
3115 1353 3209 1405 καὶ
3225 1353 3346 1408 ὅλον
3365 1357 3414 1425 ῤ’
3429 1355 3530 1424 ἐμὲ
3547 1355 3671 1418 δοὺς
3700 1358 3982 1426 ἐπριάμην

809 1441 1028 1503 Memet,
1062 1438 1157 1492 sed
1191 1438 1364 1489 frusto
1396 1431 1649 1486 venditur
1671 1439 1723 1485 et
1751 1431 1928 1493 latice,

2495 1436 2610 1492 Νῦν
2635 1439 2681 1491 δ’
2713 1441 2794 1492 ὅτι
2823 1439 3081 1494 πωλεῖται
3116 1439 3308 1506 ὓδατος
3347 1444 3380 1512 ἦ
3409 1447 3703 1514 τεμάχους,

750 1537 858 1588 Aut
898 1531 964 1586 ad
1015 1541 1290 1584 summum
1325 1524 1511 1589 obolo,
1561 1533 1615 1577 et
1664 1523 2091 1587 contemnimus,
2125 1537 2157 1576 ο
2185 1524 2326 1578 male

2430 1530 2540 1582 Καὶ
2577 1529 2766 1583 ὀϐολοῦ
2810 1531 2872 1583 τὺ
2908 1532 3165 1600 μέγιστον
3212 1533 3562 1604 ἀφέσταμενο
3607 1534 3810 1590 άϐϐάλε
3841 1533 4006 1605 θωῆς.

816 1623 876 1676 1η
911 1632 1020 1676 tam
1049 1617 1344 1674 exundanti
1375 1615 1523 1670 fonte
1558 1615 1735 1683 perire
1767 1615 1880 1668 siti.
2044 1613 2294 1685 [factum,

1841 1615 1880 1668 i.
2044 1613 2294 1685 [factum,
2498 1623 2800 1694 Νήχυτοςή
2834 1622 3006 1694 πηγὴ,
3046 1623 3190 1693 δίψεϊ
3215 1624 3511 1695 δλλύμεθα.

749 1730 937 1789 LXXI.
966 1731 1046 1785 Ea:
1061 1728 1188 1784 solis
1203 1725 1446 1795 operibus
1469 1723 1695 1777 salutem
1727 1723 2046 1792 sperandam
2068 1740 2168 1777 non
2187 1739 2320 1777 esse.
2353 1781 2399 1840 Β

2268 1739 2320 1776 ‘0.
2353 1781 2399 1840 Β
2498 1731 2622 1784 UA'.
2653 1735 2783 1786 Ὅτι
2812 1733 2878 1797 ἐξ
2904 1734 3091 1805 ἔργων
3118 1735 3491 1789 ἀνέλπιστον
3525 1737 3592 1789 τὸ
3617 1739 3939 1803 σωτήριον.

751 1846 806 1897 Si
838 1842 1034 1896 delicta
1063 1837 1156 1891 Dei
1183 1851 1420 1906 praesens
1448 1835 1731 1922 clementia
1767 1835 1930 1897 delet,
2353 1835 2390 1840 ⁷

2353 1835 2390 1840 ﬁ
2430 1843 2494 1896 Εἰ
2527 1842 2628 1912 μὲν
2649 1843 2977 1897 άποπλυνέει
3005 1843 3105 1906 τὰς
3143 1844 3461 1911 ἀμπλακίας
3484 1844 3617 1907 Θεὸς
3639 1845 3828 1912 οἰκτῳ,

818 1933 1078 2000 Quaedam
1109 1930 1274 1984 etiam
1311 1927 1443 1980 mihi
1471 1941 1615 1995 spes,
1647 1925 1850 1981 Lucius
1880 1926 2076 1995 inquit,
2112 1926 2237 1983 erit.

1941 1926 2076 1995 quit,
2112 1926 2237 1983 erit.
2503 1934 2659 1987 Ἐστι
2691 1951 2774 1997 τις
2801 1935 2954 1997 ἐλπίς
2989 1952 3098 2004 μοι,
3136 1934 3364 1996 Λούκιος
3392 1934 3603 1998 ἐξεϐόα.

747 2028 816 2080 At
849 2025 894 2081 si
931 2024 1062 2077 illud
1094 2021 1228 2076 solis
1267 2020 1524 2089 lacrymis
1549 2019 1626 2084 lit,
1665 2024 1876 2085 tergere
1905 2018 1994 2071 vix
2025 2032 2111 2072 me

2429 2025 2490 2080 Εἰ
2515 2026 2560 2080 δ’
2587 2027 2680 2080 ἐπὶ
2707 2027 2938 2095 δάκρυσι
2972 2026 3080 2079 τόδ’
3113 2025 3480 2094 ἐπιγίγνεται,
3518 2028 3727 2079 εῐκοοιν
3764 2023 3958 2094 ἄνδρες

818 2120 909 2172 Bis
946 2114 1069 2170 deni
1096 2127 1308 2168 mecum
1333 2110 1774 2181 collacrymando
1800 2119 2021 2180 queant.

2496 2120 2598 2173 Σὺν
2626 2119 2718 2188 μοὶ
2747 2119 3084 2189 ὀδυρόμενοι,
3116 2119 3176 2170 οὐ
3207 2117 3437 2170 πλυνέου
3450 2117 3500 2168 σί
3531 2118 3584 2170 τί
3617 2135 3743 2187 μου.

806 2226 1016 2282 LXXII.
1053 2223 1207 2292 Quod
1245 2231 1528 2291 paupertas
1558 2218 1886 2273 tolerabilior
1913 2219 1983 2272 sit
2019 2219 2246 2272 divitiis.

2138 2219 2246 2272 ίίὶδο
2605 2229 2863 2284 ΟΒἏὊτι
2891 2226 3301 2297 εὑρορὼτερον
3325 2228 3596 2282 πλούτου
3629 2226 3809 2279 πενία

747 2340 899 2394 'I'alia
935 2335 1199 2390 divitibus
1230 2333 1580 2400 contingunt,
1613 2329 1815 2398 oppida
1841 2329 2055 2384 Mavors

2428 2343 2536 2398 Καὶ
2562 2340 2688 2396 τάδε
2713 2342 2825 2402 τοῖς
2854 2339 3142 2391 πλουτοῦσι
3173 2337 3437 2391 τελείεται
3459 2352 3476 2368 ⁸
3507 2336 3617 2390 εὖτ’
3650 2336 3755 2389 ἀνά
3785 2336 3921 2390 ἄστυ

817 2431 952 2486 Cum
983 2427 1176 2498 quatit,
1213 2423 1409 2480 armati
1444 2421 1850 2491 depopulmtnr
1880 2435 2062 2490 agros,

2501 2434 2720 2506 Ἔρχετ’
2754 2434 2817 2484 Ἀ
2830 2450 2947 2502 ρης,
2977 2432 3130 2484 αὐτοὶ
3155 2431 3199 2483 δ’
3228 2430 3520 2500 ὀλλύμενον
3544 2433 3633 2482 τὸν
3657 2427 3828 2497 ἀγρὸν

746 2529 1011 2580 Armenta
1036 2523 1336 2580 intereunt,
1367 2516 1665 2586 locupletes
1702 2515 1876 2585 pallor
1901 2523 1952 2568 el
1976 2516 2178 2568 horror

2176 2531 2178 2540 '
2427 2528 2539 2582 Καὶ
2566 2525 2666 2588 τάς
2698 2524 2822 2596 βοῦς
2863 2524 3208 2595 προορῶντες
3247 2521 3618 2592 ὕπωχριόωσι,
3647 2519 3847 2588 γοιῖισι’

816 2618 1025 2672 Invadit
1059 2633 1070 2667 :
1101 2626 1305 2682 pauper
1344 2609 1504 2674 ridet,
1531 2617 1584 2663 et
1617 2610 1824 2675 absque
1846 2615 1990 2660 metu
2022 2613 2128 2659 est.

2497 2617 2714 2687 Κοῦιιςος
2745 2617 2843 2687 ἔϐη
2875 2616 2920 2669 δ’
2952 2616 2980 2668 ὁ
3009 2616 3200 2685 πένης,
3237 2615 3299 2667 τὸ
3329 2614 3490 2666 πλέον
3522 2611 3814 2680 ἐγγελόων.

817 2726 1052 2783 LXXIII.
1078 2724 1230 2791 Quod
1263 2721 1578 2776 abstinentia
1604 2738 1635 2773 a
1665 2719 1818 2773 malis
1855 2718 1922 2772 sit
1949 2716 2246 2786 multiplex.

2516 2731 2636 2784 ΟΡ.
2672 2729 2799 2780 Ὅτι
2829 2728 3212 2794 πολύτροπος
3250 2725 3290 2791 ἡ
3318 2723 3519 2791 ἀποχὴ
3552 2721 3668 2776 τῶν
3694 2719 3917 2778 κακῶν.

747 2839 1017 2908 Urgcmus
1047 2838 1266 2891 clausos
1295 2833 1616 2888 basiliscum
1652 2840 1815 2898 atque
1843 2827 2032 2898 aspida
2063 2826 2196 2897 pilo,

2440 2838 2670 2893 ’Δσπίδα
2701 2837 2799 2891 καὶ
2835 2835 3147 2905 βασιλίσκον
3178 2833 3607 2896 ἀποκλείσαντες
3631 2833 3690 2884 ἐν
3724 2831 3901 2899 ὅλμῳ,

817 2935 992 3001 {alque
1026 2931 1236 2985 leonem
1260 2927 1426 2982 arctis
1453 2924 1661 2980 retibus
1697 2921 2020 2992 implicitum
2055 2938 2069 2973 :

1935 2936 2020 2975 um
2055 2938 2069 2973 ε
2498 2931 2780 3000 Δήσαιμεν
2805 2929 2900 2982 καὶ
2926 2927 3008 2979 λἰν
3040 2925 3242 2996 ἄρκυσι
3277 2924 3606 2996 ῥωμαλέοις.

746 3024 839 3078 Sic
871 3021 1038 3075 animi
1076 3033 1298 3074 sensum
1334 3014 1479 3084 quod
1513 3027 1620 3068 non
1651 3012 1896 3082 procedit
1922 3010 1987 3064 ad
2021 3018 2199 3064 actum

2428 3015 2500 3093 Ὦ
2534 3022 2591 3074 δὲ
2626 3019 2886 3088 λογισμὸς
2923 3019 3092 3082 ἅπας,
3125 3019 3274 3080 ὅστις
3304 3017 3377 3086 μὴ
3406 3015 3493 3068 ἐπ’
3532 3015 3667 3084 ἔργα
3699 3014 4004 3084 προϐαίνει,

805 3113 979 3168 Omne
1016 3113 1168 3165 intus
1198 3121 1448 3179 pressum
1481 3104 1760 3174 spargitur
1793 3116 1968 3171 usque
2001 3101 2114 3155 cito
2139 3098 2277 3168 (29).
2351 3139 2395 3196 c

2057 3109 2114 3154 ιο
2139 3098 2277 3168 (ἳ9)ο
2351 3139 2395 3196 c
2506 3113 2718 3167 Ἔνδοθι
2753 3109 3084 3182 συμπνιγεὶς
3113 3109 3359 3162 κίδναται
3392 3106 3728 3177 ἐσσυμένως.

749 3223 980 3282 LXXIV.
1032 3221 1371 3277 Consortium
1422 3229 1469 3272 et
1522 3216 1948 3287 [atniliaritatem
1991 3228 2110 3264 cum
2172 3210 2319 3264 bonis

2429 3221 2545 3276 ΟΧ·
2587 3222 2716 3274 Ὅτι
2745 3219 3056 3287 παραίτιον
3075 3217 3311 3286 ἀγαθῶν
3332 3218 3369 3286 ἡ
3396 3215 3513 3271 τῶν
3533 3215 3769 3286 ἀγαθῶν
3785 3215 4001 3284 ὁμιλία.

1017 3307 1236 3346 causam
1263 3306 1372 3344 esse
1406 3289 1748 3356 adjuvantem
1779 3286 2058 3337 bonorum.

747 3406 903 3460 Tune
925 3411 1128 3456 nn-tum
1154 3399 1338 3470 poscis
1361 3397 1648 3450 divinum?
1673 3394 1726 3447 In
1755 3403 1977 3464 pectore
1996 3392 2195 3460 cuique
2215 3400 2321 3446 est.

2426 3401 2599 3466 Δεῖμα
2623 3395 2762 3450 Θεοῦ
2799 3395 2985 3464 ζητεῖς
3011 3411 3025 3456 ς
3050 3395 3122 3447 Τὸ
3146 3394 3190 3447 δ’
3220 3394 3301 3447 ἐνὶ
3328 3395 3491 3463 φρεσὶ
3522 3395 3702 3446 κεῖται
3729 3393 3967 3447 ἑκάστου
3992 3410 4007 3425 ·

816 3493 970 3560 Quod
1005 3492 1073 3556 si,
1101 3505 1224 3545 cum
1256 3488 1449 3556 cupias
1480 3487 1740 3550 maxime,
1773 3483 1968 3538 abesse
1989 3482 2163 3545 vides,

2130 3498 2163 3545 ι,
2499 3491 2561 3543 Εἰ
2587 3490 2645 3542 δὲ
2678 3490 2742 3542 σὺ
2778 3489 2880 3559 μὲν
2913 3489 3143 3552 ἐθέλεις,
3177 3487 3400 3542 κεῖνο-δὲ
3430 3487 3631 3556 μᾶλλον
3663 3488 3801 3556 ἀπῇ,

746 3589 826 3642 Ad
861 3596 1114 3641 sanctum
1152 3581 1348 3637 secede
1380 3581 1556 3634 virum
1587 3598 1600 3633 :
1629 3578 1845 3635 Mollem
1883 3578 2096 3648 impulit
2123 3573 2250 3630 olim

2426 3580 2582 3650 Δεῦρ¹
2616 3580 2687 3634 ῐθι
2721 3580 2850 3649 θείῳ
2882 3579 3041 3650 ἀνδρὶ
3075 3579 3337 3648 συνέρχεο
3361 3590 3373 3603 ·
3410 3577 3502 3629 τὸν
3528 3577 3639 3646 γὰρ
3668 3576 3936 3646 ἄνανδρον

819 3677 1010 3746 Magna
1033 3673 1452 3727 Themistoclem
1479 3671 1734 3725 Miltiadis
1764 3671 2030 3741 probitas.

1994 3685 2030 3724 ι.
2495 3669 2667 3741 *Ωρσε
2694 3670 3070 3741 Θεμιστοκλῆν
3097 3666 3237 3722 ἆθλα
3258 3669 3327 3722 τά
3351 3667 3665 3722 Μιλτιάδου.

746 3787 958 3844 LXXV.
993 3787 1144 3852 Quod
1176 3786 1321 3838 locus
1375 3785 1430 3836 in
1462 3799 1563 3852 quo
1599 3784 1774 3836 minus
1805 3793 1884 3837 est
1920 3783 2323 3849 consolationis,

2428 3782 2547 3839 OE'.
2577 3784 2703 3836 ὀτι
2729 3781 2796 3836 τὸ
2817 3780 3250 3849 ἀπαράκλητον
3292 3779 3400 3833 τοῦ
3429 3783 3618 3834 τόπου
3652 3777 4003 3847 ψυχωςρειιέο

1211 3855 1482 3909 salubrior
1512 3854 1705 3908 anima:
1733 3855 1825 3910 sit.

1664 3869 1705 3908 αξ
1733 3855 1825 3910 sit.
3097 3866 3335 3919 στερον.

745 3970 1038 4033 Λς;“οι·ἱοι·θ
1070 3965 1190 4018 loco
1223 3963 1484 4030 degentes
1524 3961 1766 4029 perjuga
1791 3960 2038 4029 quidam,

2430 3963 2774 4034 Τρηχύτερόν
2805 3978 2928 4014 τινα
2957 3960 3137 4031 χῶρον
3165 3959 3446 4030 ὀρίτροφοι
3473 3959 3648 4029 ᾤκεον
3682 3957 3898 4030 ἄνδρες,

818 4055 969 4110 llnnc
996 4064 1056 4109 ut
1083 4061 1438 4107 consererent
1473 4051 1785 4106 vomeribus
1815 4050 2097 4120 subigunt.

2497 4055 2540 4106 Τ
2544 4055 2602 4106 δν
2621 4055 2670 4108 δ’
2698 4052 2793 4106 ἐπὶ
2822 4053 3087 4122 φυταλιὴν
3119 4051 3350 4105 σπεῦδον
3379 4051 3805 4120 ἐπιστρεφέμεν.

747 4148 901 4202 'I‘unc
933 4146 1133 4216 aliquis
1163 4143 1376 4198 monuit
1411 4161 1424 4196 :
1457 4141 1753 4197 Videamus
1777 4157 1845 4196 ne
1871 4142 1974 4197 ista
2005 4141 2263 4204 colendo,

2441 4142 2599 4195 Ἀλλά
2630 4160 2711 4206 τις
2736 4138 2890 4194 εἶπεν
2909 4159 2923 4173 ·
2967 4141 3162 4211 Ὁρᾶτε
3188 4141 3263 4210 μὴ
3295 4141 3355 4195 ἐν
3382 4140 3460 4210 τῷ
3484 4142 3622 4194 τόνδ’
3652 4139 3960 4210 ὁμαλίζειν,

819 4238 1010 4293 Inculti
1049 4249 1229 4290 mores
1261 4234 1464 4305 ingenii
1495 4242 1775 4287 maneant.

2500 4236 2701 4306 ἸΑγριιι.
2725 4235 2794 4288 τὰ
2819 4233 2997 4304 ψυχῆς
3021 4233 3156 4304 ἤθεα
3179 4232 3484 4305 ληψόμεθα.

1401 4343 1636 4398 LXXVI.
3155 4346 3293 4414 ος..

744 4457 962 4512 Levitas
994 4464 1158 4524 atque
1187 4451 1408 4506 Atridas
1441 4451 1684 4520 plerique
1716 4459 1983 4505 vocarunt
2353 4483 2398 4540 ι)

2353 4483 2398 4540 ι)
2429 4459 2699 4528 ιιοιμένες
2743 4458 3032 4528 Ἀτρεῖδαι,
3066 4458 3161 4511 καὶ
3195 4457 3532 4528 ποιμένεςοί
3564 4455 3809 4524 Λευῖται,

815 4549 1090 4605 Pastores,
1139 4544 1229 4598 alii
1261 4558 1458 4597 nomen
1487 4543 1626 4596 idem
1666 4543 1910 4611 capiunt.

2497 4551 2608 4602 Καὶ
2642 4550 2830 4604 πολλοὶ
2856 4551 3008 4602 τουτὶ
3043 4548 3284 4617 τοῦνομα
3314 4547 3671 4619 κλεψάμενοι.

745 4641 902 4697 Unus
932 4648 987 4692 at
1023 4647 1107 4692 est
1145 4649 1270 4706 apte
1298 4637 1383 4690 cui
1415 4651 1612 4689 nomen
1641 4637 1892 4703 congruit
1921 4637 2087 4698 istud,

2435 4641 2574 4695 Ἀλλ’
2604 4637 2686 4705 εἷς
2711 4644 2828 4695 ἐστι
2853 4641 2933 4711 τῷ
2964 4641 3078 4694 ὅντι
3107 4643 3135 4694 ὁ
3163 4639 3403 4708 τοῦνομα
3442 4639 3793 4711 κυριὸλεκτον

811 4732 1018 4800 Nempe
1044 4731 1108 4790 is,
1141 4730 1233 4797 qui
1268 4726 1441 4781 saltus
1470 4725 1656 4781 incolit
1685 4726 1973 4781 aethereos.

2498 4733 2669 4788 Τοῦτο
2698 4733 2901 4804 φέρων,
2931 4735 2959 4787 ὁ
2993 4735 3172 4802 νέμων
3201 4734 3486 4804 οὐρα-»ἔῃσι
3517 4735 3739 4795 νάπαις.

916 4835 1177 4892 LXXVII.
1212 4835 1368 4900 Quod
1399 4835 1498 4888 rite
1525 4835 1818 4903 precarisit
1849 4833 2080 4902 difﬁcile.

2676 4843 2798 4896 OZ'.
2829 4842 2958 4895 ’Ὅτι
2988 4841 3488 4910 δυσκατόρθωτον
3512 4843 3552 4909 ἠ
3579 4838 3755 4909 εὐχή.

746 4945 1018 4999 Virtutem
1052 4951 1180 4997 ante
1219 4959 1436 4996 omnem
1472 4943 1638 4996 sudor
1668 4942 1808 4997 solet
1839 4943 1917 4996 ire
1949 4943 2234 5011 laborque,

2436 4953 2544 5005 Καὶ
2575 4951 2755 5021 πάσης
2789 4951 2992 5020 ἀρετῆς
3023 4949 3220 5021 μόχθος
3245 4949 3586 5021 προπάροιθε
3617 4950 3714 5002 καὶ
3749 4948 3912 5022 ἱδρὼς
3939 4967 3952 4983 ·

819 5038 959 5092 Ante
991 5051 1288 5106 precesque
1332 5037 1528 5106 magis,
1565 5035 1708 5105 quod
1745 5051 1906 5090 secus
1962 5051 2083 5089 esse
2122 5044 2278 5104 putes
2309 5053 2318 5087 :

2025 5051 2083 5089 se
2122 5044 2278 5104 putes
2309 5053 2318 5087 :
2500 5044 2610 5112 Τῆς
2637 5042 2803 5112 εὐχῆς
2830 5041 2886 5095 δέ
2910 5043 3093 5106 πλέον,
3123 5042 3175 5095 εἴ
3194 5058 3255 5109 γε
3287 5041 3382 5094 καὶ
3406 5042 3467 5095 οὐ
3499 5041 3692 5094 δοκέει.

749 5130 882 5184 Nam
911 5139 1120 5200 quanto
1151 5128 1323 5183 decus
1350 5138 1433 5184 est
1462 5127 1660 5195 majus,
1693 5137 1844 5180 tanto
1870 5143 2022 5198 mage
2053 5129 2264 5181 damon

2430 5137 2535 5188 Καὶ
2555 5137 2662 5202 γάρ
2695 5137 2818 5187 ὅσον
2835 5134 2894 5187 τὸ
2915 5134 3095 5197 κλέος,
3124 5135 3284 5187 τόσον
3311 5133 3523 5201 εἰσάγει
3552 5134 3707 5186 ὄκνον
3735 5138 3762 5186 ὁ
3791 5134 4001 5205 δαίμων

822 5221 998 5276 Omne
1024 5229 1204 5274 movet
1233 5234 1448 5283 saxum,
1485 5234 1596 5288 quo
1626 5217 1766 5272 lerat
1796 5233 1970 5288 usque.
2001 5234 2232 5273 moram.

2024 5234 2232 5273 noram.
2499 5228 2683 5281 Πάντα
2717 5228 2864 5280 λίθον
2891 5227 3076 5293 κινῶν,
3111 5227 3342 5296 ἐσχάτου
3375 5227 3501 5296 ἄχρι
3526 5227 3695 5279 λίθου.

745 5329 1029 5388 LXXVIII.
1061 5328 1482 5409 Consolationem
1517 5341 1753 5382 nostram
1785 5346 1816 5381 (ι
1842 5331 2023 5381 vicinis
2055 5331 2318 5396 accipi.-n-

2230 5347 2318 5380 »³η-
2539 5340 2668 5393 OII’.
2689 5338 3155 5409 Πιιριῑμυθητέον
3177 5339 3430 5404 ἑαυτοὺς
3453 5339 3521 5391 ἐκ
3551 5337 3667 5390 τῶν
3688 5339 3901 5407 πέλας.

1403 5402 1524 5452 tlant
1555 5416 1687 5454 esse.

751 5512 888 5566 Cum
916 5522 1065 5581 pater
1084 5527 1151 5567 ex
1177 5511 1327 5566 obitu
1363 5510 1472 5564 nati
1505 5525 1741 5563 mmrore
1765 5521 2021 5579 graxatus

2434 5515 2643 5583 Ιῐατρὸς
2680 5517 3040 5585 άκηχεμένοιο
3071 5515 3144 5581 ἐῷ
3177 5515 3270 5568 ἐπὶ
3304 5515 3454 5568 παιδὶ
3493 5515 3703 5570 θανόντι

818 5690 932 5759 (‘28)
983 5690 1304 5759 Diglatliatto
1333 5684 1691 5759 avnigmatiea.

819 5757 931 5832 (ἳῦ)
968 5757 1143 5816 Tacit.
1175 5761 1212 5815 I.
1242 5778 1309 5814 xx
1346 5779 1358 5813 :
1402 5758 1574 5812 Etiam
1603 5761 1713 5826 fera
1745 5761 2018 5814 tIIItlIIu’litt,
2057 5760 2098 5810 si
2133 5759 2314 5813 densa
2349 5775 2540 5826 trinas,
2577 5761 2782 5815 ι-ἰιίιιιιδ
2811 5761 3210 5816 obliviscuntur.
