4232 6434
285 380 388 439 885

353 495 460 549 Καὶ
486 495 628 564 μάλα
665 495 1021 564 κοπτομένου,
1055 489 1174 547 εἷπε
1209 496 1400 565 παρὼν
1446 496 1638 549 ’Λσίων

286 589 347 640 Et
376 589 436 640 σὺ
474 589 831 655 περικτιόνων
861 587 961 650 τὰς
991 588 1276 657 δυστυχίας
1310 588 1579 655 λογίσαιο,

356 677 641 747 Βράσσονα
668 679 760 771 τδν
794 677 992 746 θρῆνον
1020 678 1166 751 λῄψῃ
1193 679 1286 730 ἐπὶ
1327 680 1627 748 σφετέροις.

530 785 652 839 ΟΘ’.
689 786 809 838 Ὅτι
844 787 883 853 ἠ
913 787 1084 857 ἀργία
1118 787 1605 857 φιλαμαρτήμων.

289 895 527 961 Ἴιρχετο
558 893 706 945 πέντ’
731 892 827 946 ἐπὶ
859 894 992 962 μησὶ
1021 894 1237 963 γέροντί
1267 911 1371 957 τις,
1427 893 1570 962 ὄφρα
1595 911 1646 946 τι
1682 897 1850 963 εἴπῃ

359 983 607 1050 Τύγχανε
633 983 677 1035 δ’
707 982 768 1035 οὐ
800 982 1014 1052 καιροῦ·
1049 982 1185 1050 ἔργα
1205 983 1313 1052 γὰρ
1347 982 1619 1051 ἐνδελεχῆ.

302 1075 424 1141 Osis
449 1074 493 1126 δ’
531 1076 618 1144 ἄρ’
651 1074 916 1143 ἀλγήσας,
951 1074 1140 1139 Σύνες,
1184 1075 1352 1143 ἴαχεν,
1386 1075 1439 1126 εί
1462 1076 1523 1140 γέ
1545 1091 1596 1125 τι
1629 1073 1822 1141 μικρὸν

359 1164 615 1235 Ἀσχολος
641 1161 707 1218 ei.
754 1166 811 1217 '0
839 1164 882 1217 δ’
914 1165 1079 1235 ἀπρὶξ
1106 1167 1281 1234 εἴχετο
1314 1165 1421 1218 τῶν
1457 1165 1758 1236 προτέρων.

639 1275 721 1328 II'.
763 1274 1088 1343 Διάγνωσις
1126 1273 1504 1343 ἐλλάμψεων.

289 1447 483 1515 Ἀνδρε
505 1446 600 1499 δύο
633 1448 774 1500 κατά
797 1448 1030 1517 Χριστὸν
1055 1449 1308 1518 ἐνήθλεον
1334 1465 1347 1479 ·
1381 1442 1460 1511 εἷς
1489 1449 1608 1518 μὲν,
1638 1447 1855 1514 ἀγῶνας

357 1538 734 1606 Θερμοτέρους
757 1554 770 1568 °
801 1540 828 1591 6
853 1538 908 1592 δὲ
943 1539 1006 1609 δὴ
1033 1539 1301 1607 δεύτερος,
1336 1540 1690 1610 ἀργοτέρους.

285 1631 483 1699 Πρῶτα
511 1630 566 1682 δέ
587 1631 634 1682 ol
664 1633 905 1700 σκήνωσε
937 1632 1086 1689 Θεός.
1131 1631 1285 1693 Τίνος
1321 1633 1531 1694 εἴνεκα;
1562 1631 1712 1697 λέξον

355 1719 530 1791 Ἶιτορ
561 1723 767 1776 ἁπλοῦν
795 1723 978 1775 ποθέει
1015 1723 1235 1794 Κύριος,
1267 1725 1298 1794 ἢ
1327 1726 1621 1791 καμάτους.

587 1835 714 1886 IIA'.
757 1834 888 1887 ’Ὁτι
914 1832 1190 1899 διάϐολος
1217 1837 1248 1886 ό
1288 1832 1544 1902 φθονῶν.

290 1942 513 2012 Ἀρκιος
535 1942 563 1993 6
589 1941 850 2010 φθονέσας
888 1945 1142 2010 μερόπων
1167 1941 1347 2006 γένει·
1382 1942 1429 1994 εί
1477 1943 1532 1996 δὲ
1561 1947 1654 1996 καὶ
1697 1944 1856 2013 ἡμεῖς

369 2033 667 2102 ’Δλλήλοισι
711 2034 882 2103 μύλας
918 2033 1156 2102 θήγομεν
1186 2032 1530 2098 ἀλλοκότους,

286 2125 420 2178 Οὐδὲ
450 2125 520 2177 τὰ
541 2125 632 2177 τοῦ
663 2126 867 2195 δρυμοῦ
897 2125 988 2188 ζῷ’
1022 2125 1241 2178 ἔσσεται
1271 2127 1426 2190 ἐκτὸς
1467 2126 1714 2197 ὀλέθρου,

359 2215 466 2267 Καὶ
488 2215 597 2267 τόθ’
626 2217 652 2269 6
681 2216 958 2286 βασκήνας
982 2215 1151 2269 οὔτιν’
1178 2217 1354 2288 ἔχοιτο
1377 2218 1559 2272 πόνον.

430 2323 554 2378 IIB'.
580 2325 698 2378 Ὅτι
721 2328 753 2379 ό
775 2325 921 2393 ἔρως
951 2326 1072 2391 Θεῷ
1102 2329 1503 2381 καταπαύεται
1530 2330 1713 2397 μόνῳ.

355 2433 476 2498 Τόξ’
502 2435 765 2486 ἐνέτεινεν
787 2435 950 2506 ἔρως,
981 2436 1073 2488 καὶ
1104 2434 1271 2488 δείδια
1302 2435 1425 2500 ὀξὺν
1458 2436 1635 2488 οἰστόν

354 2527 421 2580 Τί
445 2527 635 2595 πράξω
662 2545 675 2593 ;
713 2527 765 2580 τί
791 2543 804 2590 ;
842 2526 978 2589 τέως
1011 2528 1171 2579 ὅπλον
1203 2528 1352 2597 ἇειρέ
1381 2529 1432 2581 τί
1457 2546 1560 2583 σοι.

285 2616 419 2672 Εἶτα
450 2618 586 2684 φύγε
614 2617 873 2687 Χριστῷ·
901 2618 929 2670 6
956 2617 999 2670 δ’
1030 2620 1118 2688 ἄρ’
1151 2618 1381 2688 ἄλκιμός
1420 2621 1536 2672 ἐστι
1565 2619 1660 2672 καὶ
1697 2613 1806 2684 οἷος

359 2711 568 2772 Πάσαις
598 2711 838 2763 ἁντιέναι
869 2710 1175 2779 δυσμενέων
1211 2711 1512 2780 παλάμαις.

418 2823 540 2876 IlI“.
574 2823 700 2876 ’Ὀτι
731 2823 786 2875 ol
816 2821 1126 2891 ἀσπασμοί
1156 2822 1273 2875 τῶν
1307 2823 1490 2892 ἁγίων
1527 2826 1743 2884 ἔνθεοι.

285 2992 367 3044 Τὰ
382 2992 504 3061 τρία
526 2992 678 3045 ταῦτ’
697 2994 992 3062 ἀπόφευγε,
1013 2997 1271 3062 γυναῖκα,
1287 2997 1378 3048 καὶ
1393 2997 1617 3064 ἀσπίδα,
1641 2999 1736 3052 καὶ
1753 2998 1857 3052 λίν·

360 3083 470 3154 Τὴν
505 3083 562 3136 δὲ
583 3084 785 3149 πλεῖον,
817 3085 941 3137 ὅσον
967 3087 1290 3156 πικρότερον
1320 3088 1381 3140 τὸ
1407 3088 1588 3150 δάκος.

300 3178 358 3229 ’Λ
372 3177 572 3239 σπάζου
600 3179 864 3247 μοναχούς
882 3194 895 3209 ·
918 3180 1000 3232 ὅτι
1028 3180 1105 3249 τῷ
1141 3183 1353 3251 συνεχεῖ
1382 3182 1490 3235 τῶν
1518 3182 1714 3253 εὐχῶν,

356 3271 554 3323 Χείλεα
589 3271 683 3323 καὶ
707 3271 960 3338 γλῶσσαν
993 3272 1110 3326 θεῖα
1141 3274 1397 3342 φέρουσιν
1428 3275 1588 3343 ἄγαν.

285 3403 406 3456 lIA'.
441 3403 559 3454 Ὅτι
592 3403 740 3471 πρὸς
775 3402 883 3469 τῆς
922 3404 1207 3470 ἁμαρτιας
1255 3405 1584 3473 ἐπίπληξις
1629 3407 1856 3462 dratia-

990 3477 1147 3539 θινος.

285 3581 429 3648 Πρὸς
463 3582 552 3632 τὸν
578 3581 976 3649 ἀμαρτήσαντα
1001 3582 1094 3633 καὶ
1126 3583 1427 3650 οἰμώζοντα
1456 3585 1732 3653 κραταιῶς

356 3673 584 3723 Ἐννεπε
623 3673 904 3740 Ιῖησαρίων
927 3688 938 3700 ·
977 3671 1035 3723 Ei
1066 3673 1168 3736 ὅτι,
1201 3673 1420 3740 φίλτατέ
1457 3692 1568 3742 μοι,

281 3764 450 3817 Ταῦτ’
479 3763 845 3832 ἐνεθυμήθης,
871 3759 959 3816 ὧδ’
991 3766 1200 3827 ἔστενες
1229 3761 1365 3835 ἦτορ
1394 3767 1594 3830 ἀλύων,

354 3853 468 3903 Οὐκ
496 3851 560 3903 ἂν
591 3851 686 3903 νῦν
716 3853 864 3904 ἐδέου
894 3853 1192 3904 τοσσατίων
1219 3855 1415 3921 ἀχέων.

359 3981 480 4032 IIE'.
517 3982 643 4034 Ὅτι
690 3982 755 4034 τὸ
787 3984 1233 4050 ἁνεκπόρευτοι·
1279 3982 1778 4051 φιλοπονώτεμν.

284 4152 353 4207 Ὦ
390 4156 574 4225 μάκαρ
606 4154 939 4222 ἁγλαόθυμε,
975 4154 1026 4205 τί
1057 4155 1305 4224 ῥέξομεν,
1339 4155 1456 4206 εἰπὲ
1490 4158 1581 4206 καὶ
1611 4157 1759 4224 ἡμῖν.

357 4251 598 4318 Ὄμματ⁹
628 4248 765 4317 ἔχων
797 4248 973 4316 ἐρέεις
1000 4266 1012 4314 ;
1039 4247 1171 4314 δῆλα
1201 4247 1311 4300 τάδ’
1339 4248 1528 4317 ἄχθοσί
1560 4264 1661 4299 σοι.

282 4333 423 4392 Ἶίσό
445 4357 532 4408 μοι
563 4340 619 4389 ὲν
652 4337 895 4406 μεγάρῳ,
935 4337 1094 4405 μόνον
1124 4331 1229 4406 ἧσο
1253 4353 1267 4367 ο
1302 4337 1359 4388 τὸ
1389 4337 1432 4388 δ’
1463 4336 1652 4406 ἄρκιόν
1688 4337 1803 4388 ἐστι

355 4431 528 4498 Ἔργα
559 4429 902 4497 διδασκῆσαι,
927 4428 991 4498 ἠέ
1020 4445 1101 4490 τις
1133 4429 1434 4498 ὑψαγόρης,

319 4562 462 4627 IIS".
500 4561 628 4613 ’Ὅτι
663 4559 992 4628 κεφάλαιον
1017 4561 1307 4629 μοναχοῖς
1349 4561 1414 4613 τὸ
1444 4562 1787 4628 φιλόξενον.

280 4735 514 4787 Λύουσιν
541 4733 763 4802 μοναχοὶ
794 4733 1033 4786 κανόνων
1057 4733 1248 4795 τύπον,
1274 4732 1490 4785 εἴποθεν
1515 4733 1659 4787 ἔλθοι

351 4825 556 4891 Ξεῖνος,
587 4825 678 4878 καί
708 4843 843 4893 φασι
866 4843 880 4856 ·
912 4827 1185 4896 Φάρμακα
1207 4826 1379 4878 ταῦτα
1412 4825 1579 4878 πέλει.

279 4918 519 4987 Χριστοῦ
549 4919 604 4970 δὲ
639 4919 809 4984 ξεῖνος
840 4919 1023 4989 φορέει
1055 4920 1256 4973 τύπον’
1290 4918 1450 4982 αὐτὸς
1490 4919 1574 4989 ἄρ’
1608 4920 1778 4984 ἐστὶν,

352 5005 422 5061 Οὒ
449 5008 569 5078 δίχα
603 5011 709 5061 πᾶν
735 5009 909 5077 ἄλκαρ
944 5010 1003 5060 οὐ
1030 5009 1208 5062 δύνατ’
1240 5009 1522 5078 ὠφελέειν.

281 5139 402 5192 IIZ'.
428 5141 544 5190 ’Ὁτι
567 5137 661 5190 δεῖ
693 5138 834 5203 τοὺς
867 5139 1194 5204 πίπτοντας
1229 5139 1312 5207 μὴ
1337 5140 1460 5205 τοῖς
1492 5141 1692 5207 κακοῖς
1724 5141 1851 5194 ἑπι-

950 5211 1176 5276 μένειν.

281 5315 343 5366 ΕΞ
371 5315 550 5377 ἄλλοις
583 5315 873 5367 ἐκέλευσεν
907 5317 932 5367 6
972 5318 1177 5386 Κύριος
1209 5319 1438 5379 ἑπτάκις
1464 5319 1602 5370 ἑπτὰ

354 5406 462 5458 Καὶ
494 5406 715 5469 δεκάκις
747 5407 927 5475 ἀφίειν
961 5408 1280 5478 πταίσματα
1309 5410 1414 5461 τῶν
1445 5409 1667 5478 ἑτέρων,

283 5500 396 5552 Οὐκ
425 5489 737 5568 ἀείπρῶτος
763 5499 969 5562 ἐκεῖνος
994 5501 1170 5569 ἀφῆκε
1201 5500 1339 5553 πλε“’
1379 5503 1518 5557 ὥστε
1566 5501 1640 5571 μὴ
1681 5502 1849 5565 εἴκοις

361 5590 451 5660 Τῷ
480 5591 614 5660 μετὰ
642 5591 739 5660 τὴν
773 5590 974 5660 πρᾶξιν
1004 5593 1203 5662 μνῶντί
1233 5611 1292 5646 σε
1324 5595 1430 5649 τῶν
1464 5595 1760 5665 προτέρων,

366 5765 477 5837 (50)
517 5767 721 5824 Pallad.
751 5769 803 5823 in
835 5767 973 5825 Hist.
1007 5770 1130 5824 IIG—

1701 379 2149 440 PARADISUS.

1877 503 1924 558 Α
2027 497 2308 564 Plangeret
2335 495 2620 560 immenso,
2661 495 2742 550 sic
2771 494 2901 548 Asio
2924 493 3048 547 'iuIit
3077 492 3159 545 ci:

3409 373 3517 437 886

1955 587 2008 641 Si
2047 589 2348 640 vicinorum
2376 603 2647 642 aerumnas
2676 602 2801 640 cum
2835 594 3014 639 mente
3039 583 3267 647 volutcs,

2026 677 2108 732 Ob
2136 678 2398 731 damnum
2426 679 2605 732 minor
2639 678 2766 731 hinc
2797 677 2979 729 luctus
3008 673 3109 727 erit
3141 669 3442 741 proprium.

2107 786 2342 841 LXXIX.
2402 785 2554 850 Quod
2587 787 2753 838 otium
2791 783 2992 853 peccati
3034 780 3321 850 fomesisit.

1955 896 2165 970 Menses
2197 897 2438 964 quinque
2469 893 2586 949 seni
2621 893 2795 946 voluit
2821 892 2944 962 quis
2968 891 3155 946 dicere
3178 885 3459 956 quiddam,

2025 987 2143 1040 Non
2185 987 2286 1040 fuit
2314 997 2365 1040 at
2396 986 2476 1040 Ias
2508 1001 2632 1040 cum
2671 999 2886 1053 semper
2915 991 3108 1053 agente
3137 979 3311 1053 loqui.

1958 1076 2097 1130 Audi
2127 1090 2213 1128 me
2247 1076 2487 1139 tandem,
2524 1041 2816 1139 exclamat,
2857 1072 2902 1127 si
2935 1041 3064 1141 quid
3099 1041 3199 1125 ti‘bi
3231 1075 3404 1123 restat

2029 1165 2138 1220 Otii
2174 1184 2186 1219 :
2214 1175 2269 1219 at
2305 1165 2554 1220 incubuit
2579 1175 2694 1220 tum
2730 1165 2906 1234 magis
2935 1162 3024 1216 ille
3043 1161 3216 1230 operi.

1961 1274 2170 1329 LXXX.
2217 1274 2372 1327 Ratio
2406 1274 2744 1342 dignoscendi
2773 1272 3152 1326 illustrationes
3180 1284 3271 1322 seu
3311 1269 3526 1321 virtutes

2621 1345 2850 1395 divinas.

1960 1452 2016 1506 Iu
2044 1451 2261 1507 Christo
2292 1453 2401 1505 duo
2436 1452 2740 1512 certabant,
2775 1450 2860 1504 hic
2892 1447 3117 1518 gnavior
3152 1456 3318 1516 atque

2026 1544 2344 1599 Fervidiore
2372 1543 2558 1597 animo
2590 1583 2604 1607 ,
2634 1544 2857 1612 segnior
2895 1542 3032 1595 alter
3055 1550 3198 1596 erat.

1961 1636 2166 1690 Annuit
2200 1635 2324 1689 huic
2351 1635 2586 1704 primum
2644 1634 2924 1687 Dominus.
2945 1633 3095 1687 Cur?
3115 1632 3299 1686 dicito.
3321 1629 3521 1699 Nempe

2035 1726 2172 1780 Pura
2206 1725 2348 1780 Deus
2379 1725 2594 1793 praefert
2621 1725 2786 1778 corda
2812 1722 3139 1779 laboriferis.

2204 1832 2440 1888 LXXXI.
2477 1834 2627 1899 Quod
2657 1833 2898 1886 diabolus
2936 1833 3004 1885 sit
3038 1831 3272 1885 invidus.

1959 1943 2179 1998 Invidus
2203 1953 2288 1998 est
2313 1945 2594 1998 hominum
2622 1943 2803 2013 generi
2834 1952 2916 1997 sat
2947 1942 3143 1995 noxius
3174 1960 3187 1995 :
3220 1951 3274 1996 at
3309 1941 3356 1996 si

2028 2033 2138 2090 Nos
2167 2035 2304 2089 duro
2329 2050 2434 2090 non
2461 2044 2542 2090 est
2575 2035 2843 2102 stringere
2868 2034 3030 2088 dente
3064 2032 3217 2088 nefas
3253 2050 3268 2085 :

1956 2125 2214 2192 Quaenam
2246 2124 2351 2180 erit
2382 2125 2435 2179 in
2462 2125 2631 2195 sylvis
2661 2123 2774 2178 fera
2803 2123 2894 2177 leti
2925 2132 3176 2193 exempta
3208 2118 3453 2192 periclo?

2019 2218 2245 2273 Lividus
2283 2218 2409 2272 hinc
2436 2232 2630 2286 expers
2663 2217 2758 2271 ille
2785 2217 2987 2271 laboris
3016 2214 3142 2270 erit.

2171 2320 2429 2376 LXXXII.
2471 2322 2710 2376 Amorem
2742 2339 2773 2375 a
2807 2322 2916 2376 Deo
2956 2322 3070 2376 solo
3097 2321 3296 2376 sedari.

1966 2434 2163 2487 Arcum
2201 2433 2562 2497 tenditamor,
2595 2435 2799 2489 celeres
2821 2433 3055 2488 formido
3077 2433 3324 2503 sagittas.

2025 2524 2231 2592 Ecquid
2267 2541 2421 2596 agam
2441 2527 2476 2592 ?,
2497 2526 2554 2580 Si
2587 2543 2706 2596 quae
2744 2527 2852 2580 sint
2885 2526 2978 2579 tibi
3020 2526 3122 2579 tela
3151 2539 3283 2594 cape
3315 2541 3330 2578 :

1963 2611 2098 2666 Dein
2127 2612 2302 2682 fugito
2324 2614 2390 2668 ad
2412 2615 2690 2670 Christum
2719 2634 2732 2670 :
2760 2614 2915 2669 fortis
2932 2614 3070 2669 satis
3088 2613 3175 2669 ille
3203 2624 3525 2683 potensque,

2033 2701 2338 2759 Immensas
2372 2705 2518 2760 vires
2553 2705 2729 2760 hostis
2754 2715 2812 2759 ut
2845 2705 3152 2759 imminuat.

1963 2810 2246 2866 LXXXIII.
2281 2813 2646 2868 Salutationes
2674 2823 2980 2935 iunctorum
3005 2812 3174 2866 divini
3198 2812 3402 2880 aliquid
3434 2811 3530 2864 ha-

2706 2899 2810 2935 ere.

2706 2899 2810 2937 ere.

1963 2985 2088 3042 Ilaec
2123 2988 2221 3041 tria
2254 2999 2382 3043 sunt
2412 2987 2665 3058 fugienda
2693 2989 2810 3054 tibi,
2841 2989 2947 3052 leo,
2973 2988 3195 3051 femina,
3238 3002 3480 3058 serpens,

2035 3078 2257 3146 IIocque
2296 3081 2468 3147 magis
2498 3079 2697 3133 mulier
2722 3094 2832 3148 quo
2856 3080 3031 3149 magis
3062 3080 3150 3133 illa
3182 3080 3333 3134 furit.

1886 3176 1932 3236 (ζ
1962 3171 2292 3238 Amplexare
2326 3173 2445 3238 pios
2469 3171 2794 3233 monachos,
2831 3174 2925 3240 qui
2954 3186 3096 3240 stepe
3127 3173 3401 3240 precando

2031 3263 2095 3315 Et
2129 3262 2311 3330 lingua
2345 3269 2400 3314 et
2429 3261 2586 3316 labiis
2614 3263 2798 3316 omnia
2829 3272 3018 3317 sancta
3045 3262 3251 3316 ferunt.

1959 3392 2246 3448 LXXXIV.
2299 3390 2721 3462 Increpationem
2757 3404 2876 3449 ante
2923 3406 3194 3464 peccatum
3239 3396 3532 3450 salutarem

2669 3481 2803 3520 8888.

1958 3574 2094 3627 Cum
2127 3575 2218 3643 qui
2247 3585 2500 3644 peccaret
2525 3577 2739 3645 culpam
2771 3577 3075 3640 damnaret,
3107 3577 3304 3631 acerbe

2031 3663 2100 3719 Se
2132 3666 2500 3731 crucians,sic
2532 3667 2673 3720 hunc
2700 3666 2924 3722 Besario
2955 3666 3066 3737 ('50)
3099 3667 3406 3737 increpuit:

1960 3758 2014 3811 Si
2043 3770 2100 3811 tu
2135 3759 2392 3823 quisses,
2434 3761 2546 3814 haec
2578 3775 2746 3829 pravo
2776 3762 2942 3814 corde
2974 3761 3251 3825 volutans,

2029 3850 2146 3904 Non
2176 3851 2295 3906 istis
2326 3852 2420 3905 tibi
2451 3868 2596 3906 nunc
2628 3853 2866 3906 luctibus
2896 3861 3037 3907 esset
3064 3866 3222 3920 opus.

1959 3977 2216 4032 LXXXV.
2271 3981 2351 4032 Ad
2383 3981 2586 4032 labores
2620 3979 2850 4031 alacrius
2883 3977 3242 4044 suscipiendos
3274 3977 3522 4045 tranquil.

2012 4050 2118 4099 tam
2147 4051 2200 4101 in
2229 4052 2412 4129 eodeni
2441 4051 2552 4102 loco
2575 4051 2998 4118 perntansionem
3031 4049 3255 4100 multum
3279 4047 3481 4100 valere.

1959 4155 2182 4211 Summe
2205 4159 2285 4212 vir
2315 4167 2476 4227 atque
2509 4159 2664 4212 beate
2699 4159 2878 4221 Pater,
2904 4158 3011 4222 dic,
3041 4156 3232 4226 ecquid
3270 4155 3531 4225 agemus?

2028 4247 2182 4303 Tune
2214 4250 2425 4302 oculate
2452 4265 2613 4319 rogas
2636 4251 2660 4303 ?
2684 4265 2768 4304 res
2799 4250 2850 4302 id
2884 4258 3076 4317 aperta
3114 4249 3289 4302 docet.

1960 4339 2099 4394 Siste
2134 4339 2281 4402 domi
2323 4341 2474 4395 solus
2501 4340 2708 4409 placide
2743 4358 2755 4393 :
2790 4339 3134 4394 manifestius
3165 4337 3332 4401 istud,

2029 4429 2289 4484 Ostendet
2317 4431 2448 4499 quid
2477 4445 2630 4499 agas.
2659 4447 2822 4500 quam
2854 4431 3042 4485 rabula
3070 4429 3387 4497 altiloquus.

1957 4558 2238 4614 LXXXVI.
2283 4560 2716 4641 Hospitalitatem
2758 4561 3084 4654 prie-cipiunt
3128 4574 3241 4612 esse
3285 4556 3531 4610 virtutem

2547 4633 2600 4683 in
2627 4631 2920 4684 monachis;

1952 4739 2069 4793 Non
2089 4749 2309 4795 servant
2339 4740 2588 4794 monachi
2605 4756 2827 4794 normas
2846 4755 2971 4794 cum
2992 4737 3112 4808 quis
3134 4736 3282 4792 venit
3302 4735 3501 4805 hospes

2025 4833 2203 4901 Atque
2237 4833 2350 4886 haec
2379 4848 2502 4888 esse
2534 4834 2717 4887 ferunt
2754 4833 2987 4888 exitiosa
3016 4831 3144 4887 sibi.

1959 4923 2157 4977 Verum
2192 4924 2389 4993 hospes
2409 4924 2616 4978 Christi
2646 4925 2883 4994 speciem
2906 4925 3063 4996 gerit,
3094 4934 3148 4979 et
3168 4924 3284 4980 sine
3303 4921 3522 4980 Christo

2016 5012 2271 5067 I’rmsidia
2304 5015 2567 5067 humanos
2603 5013 2747 5067 nulla
2772 5015 2962 5083 juvare
2991 5014 3192 5068 valent.

1949 5141 2256 5196 LXXXVII.
2295 5143 2444 5208 Quod
2469 5161 2569 5196 non
2609 5155 2846 5212 oporteat
2875 5160 2962 5198 eos
2991 5145 3082 5214 qui
3103 5145 3242 5212 lapsi
3282 5151 3426 5209 sunt,
3464 5143 3520 5195 in

2476 5214 2632 5266 malis
2656 5230 3010 5282 perseverare.

1957 5319 2012 5374 Si
2049 5320 2494 5390 Dominusjussit
2522 5332 2730 5391 septem
2761 5334 2982 5390 septena
3013 5323 3313 5390 decemque

2021 5417 2166 5466 Dena
2198 5413 2471 5468 remittere
2501 5415 2567 5468 iis
2596 5416 2690 5483 qui
2717 5415 2856 5468 mala
2891 5414 3265 5484 praestiterint,

1961 5503 2078 5558 Non
2109 5502 2229 5557 ideo
2261 5503 2355 5556 tibi
2379 5512 2458 5558 tot
2493 5506 2782 5571 coudouat,
2817 5514 2876 5559 ut
2907 5505 3024 5574 ipse
3044 5504 3285 5559 monenti

2036 5593 2110 5650 'I‘e
2137 5596 2308 5665 culpae
2339 5596 2482 5651 haud
2509 5597 2691 5662 cedas,
2726 5609 2779 5653 et
2816 5598 3028 5653 recidas
3057 5597 3238 5653 toties.
