4232 6434
779 400 883 466 891
2048 401 2290 461 JUANN
2302 403 2369 463 IS
2401 404 2830 464 GEOMETILE
3917 408 4027 472 892

783 516 896 571 Sibi
929 515 1185 571 traditum
1215 514 1589 571 admirabilem
1623 513 2113 577 adolescentulum,

782 610 836 663 In
873 612 1084 666 actione
1116 613 1273 666 sitam
1308 610 1492 665 docuit
1519 619 1713 672 artem,
1746 610 1888 664 haud
1916 626 2133 674 novam,

779 699 1035 756 l‘lausum
1080 701 1321 764 ferendo,
1345 701 1613 763 emendat,
1638 710 1813 771 urget,
1842 702 2114 778 admouet.

784 791 1011 843 Ductore
1040 806 1180 859 szrpe
1211 791 1433 859 gradum
1467 800 1717 846 movente
1743 793 1806 846 ad
1837 794 2059 862 regiam,

780 881 1071 935 Pantaleon
1098 896 1127 934 a
1152 890 1303 951 tergo
1328 883 1655 951 sequebatur
1695 884 1824 946 cito,

782 971 948 1024 lloeto
977 971 1235 1040 magistro
1278 972 1415 1027 [idus
1444 974 1703 1027 assistens
1727 986 1937 1038 eomes;

777 1062 932 1126 Quod
968 1077 1091 1116 cum
1128 1063 1367 1116 viderent
1392 1065 1664 1132 principes
1690 1064 1904 1131 quidem
1940 1063 2063 1127 viri,

776 1154 913 1217 Quis
945 1161 1091 1208 esset
1122 1154 1437 1221 anquirunt,
1471 1154 1667 1222 quibus
1694 1155 2008 1224 parentibus

779 1244 993 1309 Cretus,
1026 1260 1218 1313 rogare
1243 1248 1480 1313 aggressi
1516 1247 1831 1315 magistrum
1858 1248 2121 1314 puberum
2153 1265 2165 1301 :

778 1335 982 1404 Nempe
1016 1337 1269 1402 alterum,
1294 1339 1377 1391 eui
1407 1347 1513 1391 tam
1548 1347 1771 1391 venusta
1809 1336 1977 1391 forma
2010 1339 2101 1399 sit,

783 1424 970 1479 Facies
999 1434 1108 1479 tam
1140 1427 1389 1487 honesta,
1413 1435 1596 1479 tantus
1623 1426 1676 1479 in
1712 1428 1861 1480 vultu
1895 1428 2083 1492 decor,

783 1513 898 1566 Non
929 1516 1169 1568 invenire
1202 1524 1509 1583 promptum
1539 1524 1654 1569 erat
1684 1531 1871 1587 regum
1907 1517 1959 1570 in
1988 1518 2175 1572 domo.

853 1602 947 1657 llis
981 1604 1370 1675 Euphrosyuus
1399 1605 1499 1659 rite
1524 1621 1844 1675 responsum
1871 1609 2054 1663 dedit:

781 1693 879 1748 llic
919 1703 1080 1749 natus
1110 1704 1193 1749 est
1221 1693 1514 1764 Eustorgii,
1547 1706 1719 1749 matre
1753 1696 1997 1761 Eubola;

781 1786 912 1851 Quae
938 1794 1111 1839 morte
1142 1785 1285 1837 fatali
1318 1795 1616 1855 perempta,
1643 1786 1755 1854 jam
1787 1787 2032 1841 omnium

780 1876 1081 1929 Commune
1106 1874 1268 1929 solvit
1301 1875 1543 1929 debitum
1577 1876 1911 1930 mortalium.

780 1965 878 2020 Ast
906 1966 1070 2030 hunc,
1112 1966 1409 2035 peritorum
1442 1967 1747 2021 medentum
1771 1983 1879 2036 quo
1915 1970 2085 2023 libros

779 2054 1112 2119 Addisecret,
1142 2055 1465 2109 solutionem
1496 2056 1562 2108 ad
1590 2056 1841 2122 cladium,

787 2143 854 2197 Ut
887 2145 1193 2213 pertinaces
1219 2145 1343 2198 hinc
1377 2144 1589 2199 doleres
1621 2147 1861 2201 ulcerum

779 2237 1182 2305 timuipesceret,
1216 2235 1344 2289 mihi
1377 2237 1717 2291 tradiderunt
1746 2237 1955 2292 sedulo.

855 2326 931 2378 Illi
963 2328 1074 2379 ba‘e
1105 2326 1345 2379 vicissim
1383 2327 1543 2380 verba
1570 2327 1870 2381 retulerunt
1894 2329 2009 2382 viro
2036 2347 2049 2382 :

785 2416 883 2471 Vir
913 2418 1133 2486 optime,
1166 2417 1362 2471 almam
1400 2433 1495 2486 per
1532 2419 1762 2473 salutem
1799 2420 2130 2489 principum,

780 2508 1074 2591 Formosus
1107 2507 1215 2568 hic,
1246 2516 1409 2576 atque
1442 2507 1638 2564 indolis
1668 2509 1884 2578 juvenis
1917 2511 2116 2579 probae,

780 2596 1083 2666 l‘erdiguns
1114 2606 1217 2662 est,
1245 2597 1337 2666 qui
1366 2597 1433 2651 ad
1462 2598 1813 2667 imperantem
1845 2599 2091 2669 prodeat.

852 2699 980 2752 Post
1008 2699 1093 2751 illa
1125 2698 1370 2753 referunt
1396 2699 1711 2769 imperatori
1737 2701 1899 2763 truci.

782 2790 858 2843 De
892 2790 1109 2858 juvenis
1143 2791 1307 2859 hujus
1337 2792 1488 2844 vultu
1516 2792 1743 2845 honesto
1765 2804 1819 2846 et
1854 2790 2096 2848 dotibus.

782 2884 927 2951 Ergo
959 2884 1165 2939 vocatis
1201 2894 1313 2938 tum
1341 2884 1604 2938 ministris
1629 2886 1837 2941 sedulis

780 2972 1007 3028 Curavit
1036 2982 1279 3045 optatum
1313 2973 1415 3029 sibi
1456 2973 1575 3028 dari
1616 2975 1901 3043 puberem,

780 3064 1023 3128 Clarum,
1060 3066 1318 3118 nitentem
1355 3066 1615 3133 gemmeis
1636 3065 1956 3121 virtutibus.

784 3155 857 3209 Ut
889 3156 1022 3208 vidit
1050 3155 1169 3222 ejus
1193 3155 1305 3208 oris
1338 3156 1613 3224 egregium
1650 3155 1841 3221 decus,

786 3242 1138 3312 Splendorein
1173 3253 1226 3298 et
1263 3244 1439 3299 oculis
1461 3244 1782 3297 emicantem
1816 3245 2029 3311 lucidis,

784 3334 1068 3404 lnstarque
1094 3336 1302 3390 vultum
1342 3336 1570 3405 fulguris
1600 3354 1611 3388 ;
1646 3347 1757 3390 tum
1794 3338 1993 3405 gaudio

787 3427 1016 3481 Summo
1042 3428 1306 3495 superbus
1335 3428 1630 3495 imperator
1662 3428 1865 3491 exsilit,

786 3516 1320 3588 Euphrosynutnque
1346 3517 1597 3570 hortatur
1627 3527 1796 3570 artem
1827 3519 1975 3572 illum
2006 3534 2160 3576 suam

785 3608 992 3661 Docere
1022 3609 1196 3662 multo
1223 3624 1385 3677 quam
1414 3618 1571 3661 antea
1596 3610 1931 3675 accuratius,

788 3697 856 3751 Et
882 3700 1114 3754 mavime
1152 3700 1556 3769 compendiaria
1588 3701 1672 3753 via
1709 3719 1722 3754 :

786 3790 924 3843 Cum
956 3799 1175 3858 cuperet
1206 3789 1335 3842 huic
1357 3790 1542 3858 juveni
1572 3791 1737 3857 probo
1769 3791 1904 3846 bene
1943 3794 2181 3860 consuli,

795 3878 863 3931 Ut
895 3879 1029 3933 ferte
1059 3881 1104 3933 si
1134 3880 1528 3948 Euphrosynus
1554 3889 1761 3935 exacta:
1786 3896 1953 3937 senex

790 3968 927 4022 Viue
952 3972 1214 4038 peregerit
1240 3970 1402 4023 breve
1433 3970 1670 4023 stadium
1706 3987 1839 4034 sum,

792 4060 922 4113 Post
955 4061 1071 4123 ejus
1102 4061 1309 4113 obitum
1346 4075 1539 4113 rursus
1568 4060 1622 4112 in
1651 4061 1855 4128 palatio

790 4151 893 4205 llic
928 4160 1071 4206 esset
1102 4166 1291 4205 OIIIIICS
1329 4150 1571 4203 allevans
1604 4152 1799 4205 morbo
1830 4155 2007 4222 gravi.

861 4254 930 4306 At
964 4251 1283 4307 llcrmolaus
1318 4252 1528 4305 vetulus
1558 4253 1773 4305 occulto
1799 4253 1851 4306 in
1892 4255 2012 4311 loco

790 4342 1026 4413 Degebat
1056 4342 1396 4411 amplexatus
1426 4342 1570 4395 haud
1601 4344 1721 4395 ﬁcte
1747 4343 1937 4407 Deum,

791 4432 889 4486 llic
926 4433 1303 4485 l’antelemona
1331 4432 1545 4485 intuens
1585 4442 1664 4485 ter
1684 4441 1777 4485 aut
1803 4444 2017 4501 quater,

790 4523 858 4574 lit
885 4523 989 4575 huc
1015 4531 1068 4573 et
1096 4520 1221 4574 illuc
1256 4522 1607 4573 ventitantem
1644 4522 1787 4575 ultro
1814 4523 1977 4596 citro,

787 4611 950 4665 Juxta
975 4626 1155 4664 casam
1181 4611 1501 4679 pernicitate
1533 4611 1742 4675 sedula,

790 4702 1066 4769 Pergcndo
1099 4702 1311 4770 publica
1344 4702 1427 4755 via
1458 4701 1702 4770 quotidie

792 4788 1063 4859 Vultuque
1087 4800 1380 4859 conspecto
1405 4792 1631 4845 decente
1670 4792 1931 4860 maxime,

791 4879 1044 4933 l‘laccnte
1074 4894 1281 4948 gressu,
1309 4890 1363 4934 et
1389 4895 1484 4934 ore
1510 4881 1666 4934 valde
1697 4882 1921 4948 atl‘aliili,

791 4973 858 5025 Et
886 4974 1128 5026 moribus
1159 4973 1772 5044 blandis,hcniguaque
1808 4976 2010 5038 indole,

791 5061 949 5116 llunc
974 5074 1156 5118 mente
1186 5064 1330 5117 videt
1359 5064 1644 5119 electionis
1675 5081 1769 5119 vas
1812 5065 1928 5119 lore
1960 5084 1973 5120 :

791 5151 869 5205 Ac
906 5152 1160 5220 puberem
1186 5154 1391 5209 veritus
1423 5169 1587 5210 senex
1620 5156 1764 5209 lento
1792 5156 1926 5225 pede

795 5243 1054 5295 Adoritur
1083 5258 1113 5296 a
1143 5244 1263 5299 loco
1299 5245 1578 5314 improbos
1612 5249 1727 5309 ubi,
1766 5248 2085 5311 lucubratis,

798 5331 1031 5401 Lugens.
1069 5332 1305 5401 labores,
1333 5346 1387 5389 et
1420 5337 1729 5405 quiescens,
1757 5337 2031 5401 hauserat,

799 5422 859 5476 lu
894 5423 1185 5489 solitudine
1207 5426 1276 5479 ob
1311 5437 1513 5481 metum
1548 5429 1853 5496 gentilium.

802 5512 873 5567 Ut
902 5516 1069 5570 movit
1100 5517 1205 5570 huc
1234 5532 1293 5571 se
1315 5518 1533 5587 juvenis
1561 5530 1723 5589 atque
1756 5520 1995 5577 transilit

800 5606 987 5658 Limen
1012 5607 1231 5671 domus,
1261 5602 1405 5663 hutic
1438 5611 1716 5667 osculatus
1745 5613 1960 5668 vetulus
1992 5623 2097 5681 est,

873 5693 1129 5751 Formose
1161 5697 1232 5752 mi
1266 5698 1583 5756 adolescens
1616 5717 1731 5769 ave,
1760 5718 1793 5756 ο
1833 5703 2008 5772 proles
2040 5706 2205 5773 proba
2233 5723 2244 5757 ε

801 5788 866 5843 Et
904 5797 980 5853 tu,
1016 5803 1179 5844 senex
1210 5794 1534 5859 venerande,
1571 5795 1719 5849 salve
1757 5796 2070 5865 plurimum,

2374 525 2420 579 Α

2552 514 2720 583 Οὗτος
2747 521 2806 572 τὸ
2838 519 3265 590 πανθαύμαστον
3291 519 3539 574 ἐκλαϐὼν
3565 519 3735 591 κτέαρ

2555 610 2667 677 Τὴν
2694 609 3003 680 πρακτικὴν
3035 610 3295 681 μάθησιν,
3323 612 3384 664 οὐ
3416 611 3514 681 τὴν
3541 612 3756 682 ἀρτίαν,

2556 702 2764 771 Κρότον
2787 700 2895 773 [ῑσ.
2926 702 3183 772 κροτῶν],
3224 704 3511 767 διδάσκων,
3556 702 3831 756 συλλαϐὼν
3871 704 4028 757 ἐνου-

2553 785 2630 845 Οὖ
2654 792 2913 855 πολλάκις
2936 791 3257 855 σπεύδοντος
3286 795 3345 848 ἐν
3370 794 3635 863 παλατίῳ,
3775 793 3973 865 losses,

2567 879 2627 932 '0
2662 881 3007 934 Πανταλείων
3036 882 3096 946 ἐξ
3114 882 3376 934 ὀπισθίων
3399 883 3628 951 τρέχων⁹

2556 973 2851 1026 Συνείπετο
2874 973 3163 1042 προύχοντι
3183 973 3262 1044 τῷ
3289 972 3616 1040 διδασκάλῳ.

2559 1064 2734 1134 Ὅπερ
2765 1063 3051 1134 βλέποντες
3074 1066 3122 1116 οἱ
3157 1066 3479 1133 μεγιστᾶνες
3511 1064 3691 1127 πάλιν,

2554 1154 2650 1216 Τίς
2679 1154 2818 1220 ἐστι,
2846 1155 2939 1207 καὶ
2966 1154 3082 1219 πῶς
3110 1156 3247 1219 ἐστι,
3288 1155 3380 1206 καὶ
3410 1155 3549 1217 τίνος
3583 1154 3757 1217 πέλει,

2558 1244 2839 1312 ’Έφθασαν
2869 1246 3042 1298 εἰπεῖν
3070 1245 3178 1299 τῶν
3202 1244 3336 1299 νέων
3361 1245 3678 1315 διδασκάλῳ.

2558 1334 2748 1387 Ἀλλον
2783 1335 2912 1404 γὰρ,
2942 1336 3016 1398 ὠς
3043 1335 3235 1400 ἔοικεν,
3268 1335 3610 1405 ὠραϊσμὲνον

2553 1424 2806 1478 Τοιοῦτον
2829 1426 3207 1496 εὐπρόσωπον,
3242 1426 3423 1495 εὐειδῆ
3457 1428 3598 1491 νέον,

2555 1516 2668 1567 υύκ
2700 1512 2767 1585 ἦν
2792 1518 3044 1583 ἐφευρεῖν
3075 1518 3133 1568 ἐν
3159 1515 3342 1585 δόμοις
3368 1516 3704 1585 ἀνακτόρων.

2625 1605 2765 1673 Πρὸς
2798 1602 2891 1667 οὓς
2918 1606 2946 1657 ὁ
2973 1605 3316 1673 Εὐφρόσυνος
3341 1606 3608 1673 εὐστόχως
3649 1606 3753 1675 ἔφη
3771 1622 3785 1635 ·

2552 1694 2881 1762 Εὑστοργίου
2913 1697 3042 1757 παῖς
3071 1696 3209 1757 ἐστι,
3245 1696 3453 1766 μητρὸς
3482 1697 3745 1766 Εὐϐόλης,

2553 1788 2712 1849 ’Ἠτις
2745 1785 2981 1839 θανοῦσα
3004 1786 3095 1839 τὸν
3127 1787 3488 1856 πεπρωμένον
3521 1787 3687 1857 μόρον

2549 1878 2621 1929 Τὸ
2648 1876 2823 1930 κοινὸν
2855 1874 3059 1939 ἐξέτισε
3084 1878 3178 1930 xal.
3205 1878 3421 1930 πάντων
3446 1880 3626 1946 χρέος.
3774 1878 4001 1949 [βίϐλων

2565 1969 2653 2029 Ἐς
2707 1968 2855 2020 τόνδε
2878 1966 2988 2037 [ἵσ.
3026 1968 3180 2037 Ἐμοὶ
3206 1966 3288 2039 δέ]
3316 1966 3505 2021 τοῦτον
3565 1970 3674 2021 τῶν
3708 1971 4022 2037 ἀκεστνέρων

2552 2054 2717 2119 Αὖθις
2750 2056 3001 2123 γενέσθαι
3030 2056 3143 2127 [γρ.
3169 2058 3416 2130 ἀνέσθαι]
3440 2061 3707 2127 πημάτων
3740 2060 4019 2129 λυτήριον,

2560 2150 2745 2208 Ὅπως
2778 2147 3059 2209 δυσαλθεῖς
3090 2148 3359 2218 πημάτων
3392 2147 3691 2216 ἀλγηδόνας

2556 2236 2710 2307 Παύῃ
2734 2236 3009 2306 παρέσχον
3045 2238 3103 2304 ἐξ
3134 2237 3350 2306 ἑτοίμου
3385 2236 3701 2305 μανθάνειν.

2626 2330 2687 2382 Ol
2714 2329 2769 2382 δὲ
2802 2327 2935 2399 πρὸς
2961 2328 3123 2382 αὐτὸν
3152 2329 3459 2397 ἁντέφησαν
3479 2328 3707 2381 αὐτίκα·

2555 2418 2647 2473 Μά
2675 2419 2784 2472 τῶν
2811 2418 2971 2480 θεῶν,
3000 2419 3263 2488 βέλτιστε,
3290 2420 3389 2488 τὴν
3426 2420 3727 2490 σωτηρίαν,

2567 2512 2627 2563 '0
2650 2510 3017 2581 καλλίμορφος
3047 2504 3201 2573 οὗτος
3232 2512 3513 2582 εὐπρεπὴς
3543 2512 3683 2574 νέος,

2588 2607 2659 2670 Ως
2690 2606 2843 2671 ἄξιος
2878 2606 3093 2676 μέδοντι
3116 2606 3210 2660 τοῦ
3240 2605 3601 2673 παρεστάναι.

2558 2700 2665 2751 Kal.
2696 2698 2977 2767 συντόμως
3006 2695 3265 2768 τρανοῢσι
3294 2696 3369 2766 τῷ
3395 2696 3713 2773 κακιεργάτῃ

2564 2788 2795 2841 ’Λνακτι
2823 2789 3002 2841 πάντα
3031 2787 3127 2840 τοῦ
3156 2789 3276 2840 νέου
3306 2786 3497 2838 τούτου
3522 2787 3674 2854 πέρι.

2568 2880 2629 2932 ’0
2655 2880 2700 2933 δ’
2722 2878 2789 2932 αὖ
2825 2879 3098 2941 καλέσσας
3130 2878 3409 2939 εὐσταλεῖς
3441 2878 3722 2947 ὑπηρέτας

2563 2966 2739 3038 Ἦγεν
2776 2971 2911 3041 πρὸς
2940 2970 3102 3023 αὐτὸν
3127 2970 3217 3022 τὸν
3247 2968 3580 3038 ποθούμενον
3606 2969 3747 3034 νέον,

2561 3062 2883 3131 Λάμποντα,
2911 3060 3296 3131 μαρμαίροντα
3320 3060 3570 3130 λυχνίτου
3599 3060 3777 3127 δίκην.

2565 3144 2643 3206 Οὐ
2673 3152 2765 3204 καὶ
2785 3150 2981 3220 διαυγῆ
3001 3150 3096 3204 τοῦ
3129 3150 3421 3219 προσώπου
3451 3149 3549 3217 τὴν
3567 3149 3715 3201 θέσιν
3743 3147 3855 3219 [Ion
3883 3147 4027 3218 θέαν]

2566 3243 2679 3298 Καὶ
2705 3242 2803 3313 τὴν
2828 3241 3259 3295 ἀποστίλϐουσαν
3295 3241 3359 3293 ἐκ
3387 3240 3494 3293 τῶν
3524 3240 3790 3310 ὀμμάτων

2557 3335 2669 3389 Kal.
2718 3336 2819 3405 τὴν
2876 3334 3399 3404 ἀπαστράπτουσαν,
3453 3333 3642 3402 ὥσπερ
3688 3331 3799 3403 [τον.
3851 3326 4032 3400 eme-ag]

2559 3424 2738 3495 Ἠσοη
2769 3426 2886 3478 κατ’
2908 3424 3084 3494 ἄκραν
3107 3424 3135 3476 ὁ
3163 3423 3371 3494 θρασὺς
3395 3423 3758 3493 στεφηφόρος.
3783 3420 4032 3492 [εὐθέως.

2561 3518 2671 3572 Καὶ
2694 3519 2793 3586 τὴν
2823 3515 3133 3585 προσοῦσαν
3167 3515 3424 3584 ἀσφαλῶς
3466 3512 3799 3582 Εὐφροςύνῳ

2564 3607 2905 3677 Προύτρεψιν
2938 3608 2971 3677 ἢ
2998 3608 3105 3678 πρὸ
3132 3606 3316 3675 τοῦγε,
3349 3607 3445 3660 καὶ
3476 3605 3652 3674 πολλῷ
3684 3606 3870 3665 πλέον,

2565 3698 2776 3768 Τέχνην
2796 3699 3071 3752 διδάσκειν
3092 3698 3345 3768 ἐμμελῶς
3372 3698 3707 3766 ἠπειγμένην
3742 3696 3854 3763 lic.
3886 3696 4033 3747 ἔπει-

2565 3789 2768 3858 ιιουλὴν
2796 3789 2905 3859 γάρ
2938 3788 3268 3842 εὐσύνοπτον
3296 3788 3470 3847 ἄλλως
3750 3784 3838 3856 [γέ
3870 3785 4004 3853 μινι.

2571 3882 2638 3933 Et
2663 3896 2780 3943 πως
2813 3882 2840 3933 ό
2868 3879 3211 3949 Εὐφρόσυνος
3239 3882 3296 3931 ἐν
3328 3878 3522 3949 μακρῷ
3548 3878 3725 3947 χρόνῳ

2570 3974 2675 4026 Τὸν
2697 3973 2790 4025 τοῦ
2828 3971 2945 4043 βίου
2976 3973 3189 4025 δίαυλον
3218 3972 3387 4034 ὅντως
3415 3971 3700 4039 ἐκδράμοι,

2574 4064 2771 4117 Κείνου
2810 4064 3065 4126 θανόντος
3094 4063 3329 4132 ἔμπαλιν
3360 4062 3630 4128 παλατίῳ,

2573 4160 2856 4218 ’Ἃπαντας
2880 4154 3204 4208 ἁλθαίνοντα
3240 4153 3429 4206 τοῦτον
3455 4152 3528 4213 ὼς
3558 4153 3695 4219 ἔχοι.

2651 4245 2981 4315 Ἐρμούλαος
3008 4246 3065 4298 δὲ
3092 4243 3335 4311 πρέσϐυς
3361 4245 3420 4295 ἐν
3454 4242 3680 4309 κρυπτῷ
3706 4242 3864 4310 τόπῳ

2588 4341 2763 4410 ’Υπῆν
2792 4340 3009 4407 ἀληθῶς
3030 4338 3266 4409 Χριστὸν
3297 4338 3767 4407 ἐνστερνισμένος,

2578 4436 2672 4495 ὐς
2702 4432 2852 4485 τόνδε
2882 4430 3256 4483 Πανταλέοντα
3285 4427 3500 4488 διθάκις
3525 4425 3757 4495 βλέπων,

2583 4524 2792 4576 Ἰ-Σκείσε
2825 4524 2919 4575 καὶ
2939 4520 3027 4590 τῷ.
3042 4520 3221 4588 δεῦρο,
3255 4521 3349 4571 καὶ
3377 4515 3709 4586 περαιτέρω,

2570 4614 2744 4664 Ὅπου
2782 4611 3019 4680 κατῴκει
3041 4609 3139 4678 τὴν
3170 4607 3503 4660 παλίσσυτον
3532 4608 3695 4673 τάχος

2582 4700 2851 4771 Ἀταρπδν
2876 4700 3211 4770 ὲκτρέποντα
3240 4698 3339 4765 τὴν
3366 4695 3661 4763 λεωφόρον.

2578 4794 2753 4863 Ὀρῶν
2784 4792 2842 4845 δέ
2867 4793 2962 4845 καὶ
2992 4788 3259 4860 πρόσοψιν
3288 4788 3385 4857 ἠγ)
3399 4787 3689 4856 αῖσμένην,

2585 4886 2827 4956 Βάδισμα
2855 4883 3107 4954 τερπνὸν,
3132 4881 3543 4953 εὐπροσήγορον
3571 4881 3767 4947 στόμα,

2567 4975 2739 5041 Ἷιθος
2768 4977 3044 5040 ταπεινὸν,
3078 4976 3173 5027 καὶ
3204 4973 3468 5043 γαλήνιον
3499 4973 3728 5042 τρόπον.

2571 5070 2683 5121 Καὶ
2714 5066 2985 5135 πνεύματι
3014 5066 3176 5132 γνοὺς
3212 5064 3403 5126 σκεῦος
3437 5063 3669 5129 ἐκλογῆς
3697 5061 3864 5129 μέγα,

2572 5159 2827 5227 Μάρπτει
2861 5151 3115 5217 δεδοικὼς
3142 5153 3387 5224 πρέσϐυς
3416 5152 3607 5221 ἡσύχῳ
3637 5152 3762 5204 ποδὶ

2572 5249 2770 5303 Καλῶν
2801 5246 3098 5318 κρυφηδδν,
3129 5244 3257 5297 ἔνθα
3283 5246 3413 5305 τοὺς
3444 5244 3688 5313 μακροὺς
3719 5243 3919 5306 πόνους

2573 5339 2819 5410 Θρηνῶν,
2852 5337 3171 5409 ἀγρυπνῶν,
3200 5336 3425 5406 ἠρεμῶν
3458 5335 3770 5405 ἐκαρτέρει,

2578 5431 2823 5501 Ἐρημον
2862 5430 2942 5490 εἰς
2970 5428 3204 5498 οἴκησιν,
3250 5426 3518 5493 Ἐλλήνων
3543 5426 3713 5497 φόϐῳ.

2574 5522 2678 5575 Τὸν
2701 5521 2795 5575 καὶ
2818 5519 3097 5589 τραπέντα
3126 5520 3219 5573 καὶ
3250 5520 3529 5589 προϐάντα
3553 5519 3651 5586 τὴν
3676 5516 3848 5586 θύραν

2582 5610 3023 5675 ’⁴Εκυσενεὶπὼν,
3053 5612 3507 5681 Εὐπρεπέστατον
3540 5610 3720 5672 θάλος,

2647 5702 2851 5755 Νεανία
2882 5702 3159 5770 κράτιστε,
3194 5703 3349 5771 χαῖρε
3383 5701 3553 5753 πολλά
3585 5718 3697 5769 μοι.

2581 5796 2813 5862 Καύτὸς,
2851 5794 3063 5866 γεραιὲ,
3103 5798 3280 5865 χαῖρε,
3320 5794 3586 5863 πάντιμον
3614 5795 3777 5863 κάρα,
