4232 6434
257 398 364 462 897

381 508 440 562 '0
469 509 836 578 Παντελήμων
860 507 1012 576 ἰσχὺς
1040 507 1099 558 οὐ
1132 509 1493 576 μετρουμένη,

367 601 478 656 Καὶ
512 601 641 662 στὰς
670 599 756 651 ἐπ’
786 599 954 668 ἄκρου
989 596 1276 666 πτώματος
1298 597 1391 649 τοῦ
1417 599 1626 667 θηρίου,

372 691 745 763 ’Δνορταλίζον
771 691 848 752 ὡς
874 689 1092 750 νεοσσὸς
1118 689 1216 758 ἡρέ
1228 706 1304 757 μα

364 785 529 836 Ὅλον
551 783 612 836 τὸ
642 783 822 851 σῶμα,
853 782 948 833 καὶ
973 781 1064 834 τὸν
1093 781 1288 851 αίθέρα
1319 781 1550 849 βλέπων,

369 875 548 943 Εὐχὰς
584 872 946 941 διεξέπεμπεν
967 871 1282 940 ἀξιόχρεως.

361 966 555 1034 Τρέχει
583 965 638 1017 δὲ
669 965 759 1016 καὶ
789 964 1004 1032 γέροντι
1034 962 1284 1032 κηρύξων
1314 962 1461 1026 τάδε,

360 1053 708 1121 Αὑτάγγελος
740 1053 986 1120 προεῖδεν
1017 1052 1413 1123 άγγεληφόρος.

365 1146 586 1196 11ίπτων
625 1144 713 1195 ἐπ’
735 1139 893 1204 οὖδας
922 1159 935 1173 ο
969 1143 1154 1205 ’Ίλεως
1191 1144 1371 1211 γενοῦ,
1403 1144 1602 1213 Πάτερ,

364 1236 597 1304 Κράζων
629 1235 859 1303 άληκτα,
895 1234 992 1304 τὴν
1022 1235 1387 1304 ἀτέκμαρτον,
1419 1234 1611 1301 λέγων,

363 1329 603 1395 Ὶ’άχιστα
634 1326 719 1388 δός
755 1343 843 1394 μοι
875 1327 974 1395 τὴν
1004 1328 1484 1394 παλιγγεννησίαν,

362 1421 471 1487 Τὴν
500 1418 830 1488 ψυχολαμπῆ
871 1419 971 1486 τῆς
999 1418 1316 1488 καθάρσεως
1344 1421 1521 1488 χάριν.

373 1512 513 1578 Ἐγὼ
540 1513 648 1581 γάρ
679 1508 795 1564 οἶδα
826 1509 918 1562 καὶ
944 1509 1090 1579 σοφῷ
1122 1526 1226 1578 περ
1259 1511 1543 1580 πείσματι,

363 1603 552 1664 ’Δλλος
576 1602 706 1664 Θεὸς
735 1602 1046 1672 κράτιστος,
1085 1601 1329 1668 ἄφθιτος,
1365 1603 1558 1670 μέγας.

359 1692 470 1743 Οὐκ
506 1691 673 1754 ἔστιν,
704 1692 803 1743 οὐκ
838 1690 1068 1752 ἔνεστιν,
1095 1691 1128 1760 ἢ
1161 1690 1394 1758 Χριστὸς
1423 1690 1602 1759 μόνος,

355 1784 558 1853 Νεκροί
588 1784 655 1836 δι’
689 1777 860 1851 οὗπερ
893 1781 1270 1846 ἐξανίστανται
1305 1782 1491 1835 πάλιν.

357 1875 465 1926 Καὶ
494 1876 592 1944 τὴν
623 1878 880 1943 φανεῖσαν
909 1874 1118 1942 ἁθρόως
1153 1874 1281 1942 παρ’
1305 1874 1495 1928 ἐλπίδα

358 1964 615 2018 Ἀπασαν
655 1965 936 2034 ἐξήγγειλε
969 1963 1438 2033 θαυματουργίαν.

429 2057 535 2110 Καὶ
566 2056 805 2126 πρέσϐυς
835 2052 952 2108 εἷπε
977 2071 989 2083 ·
1024 2054 1130 2106 Τοῦ
1160 2055 1456 2124 φθαρέντος
1489 2055 1678 2126 θηρίου

353 2151 427 2203 Τὸ
453 2150 652 2219 πτῶμα
681 2148 874 2212 δεῖξον,
900 2147 975 2209 ὼς
1007 2146 1141 2217 ἔχει,
1175 2150 1363 2210 κάμοὶ,
1402 2151 1613 2202 τέκνον.

357 2244 560 2310 Ἀμφω
583 2242 627 2292 δ’
662 2240 875 2292 ἔϐαινον
909 2240 1036 2294 ἔνθα
1070 2257 1172 2292 που
1211 2240 1271 2291 τὸ
1295 2238 1485 2309 θηρίον

359 2333 685 2403 Ἀναρθρον,
718 2333 943 2394 ἄπνουν,
978 2332 1209 2399 ἐκτάδην
1239 2331 1581 2402 ήπλωμένον,

357 2425 837 2494 Κατηλοκισμένον
865 2439 924 2474 τε
959 2422 1055 2474 καὶ
1082 2424 1425 2492 πεφυρμένον

359 2516 627 2586 ,Ερῤιπτο
660 2514 821 2582 δεῖμα
850 2515 958 2574 τοῖς
983 2512 1173 2583 ὁρῶσι,
1203 2515 1297 2565 καὶ
1320 2514 1506 2580 γέλως.

427 2607 539 2659 Καὶ
567 2603 910 2657 Πανταλείων
933 2603 1059 2672 ἄγχι
1089 2621 1204 2666 πως
1230 2603 1308 2672 τῷ
1335 2603 1618 2677 πρεσϐύτῃ

358 2698 433 2749 Τὸ
460 2696 660 2765 πτῶμα
687 2695 780 2746 τοῦ
814 2694 1110 2764 φθαρέντος
1146 2694 1297 2746 ἔνθεν
1327 2694 1518 2765 θηρίου

361 2785 625 2851 Ἐδειξεν,
659 2787 982 2856 ἐσκίρτησεν
1011 2786 1202 2854 ἡδονῆς
1232 2787 1355 2841 ὕπο.

355 2880 602 2948 Πρέσϐυς
629 2878 688 2932 τό
709 2878 762 2946 γ’
791 2878 946 2947 ὄμμα
970 2877 1064 2930 τοῦ
1095 2878 1213 2940 νοὸς
1233 2878 1412 2949 πολλῷ
1433 2879 1591 2935 πλέον

355 2973 447 3032 Εἰς
476 2970 608 3038 ὕψος
638 2971 775 3038 ἄρας
807 2968 1038 3038 οὐρανοῦ
1068 2968 1204 3038 πρὸς
1237 2970 1441 3036 ἑστίαν,

368 3061 808 3131 ’Δπευχαριστῶν
834 3060 1085 3128 ἁσμένως
1118 3060 1196 3129 τῷ
1223 3060 1433 3130 Κυρίῳ,

363 3155 478 3206 Ὠδί
510 3155 824 3223 προσεῖπεν,
851 3153 913 3203 ἐκ
941 3151 1152 3221 φρενῶν
1181 3153 1500 3222 γερουσίων,

363 3248 448 3309 Ὠς
471 3245 625 3308 Δόξα,
651 3243 796 3311 δόξα,
835 3244 961 3307 δόξα
990 3245 1071 3296 σοι
1097 3242 1242 3312 μόνῳ
1274 3243 1496 3312 πρέπει,

354 3335 445 3402 Τῷ
476 3332 868 3402 τρισσολαμπεί
889 3332 990 3400 τῆς
1037 3334 1165 3401 μιᾶς
1189 3331 1468 3403 θεαρχίας,

353 3422 446 3492 Τῷ
473 3422 846 3492 παντεπόπτῃ,
879 3419 956 3490 τῷ
987 3421 1232 3490 κραταιῷ
1267 3421 1534 3491 Δεσπότῃ,

349 3514 441 3582 Τῷ
469 3512 788 3583 δημιουργῷ
815 3512 923 3563 τῶν
948 3511 1058 3563 άνω
1085 3514 1178 3562 καὶ
1212 3511 1320 3562 τῶν
1345 3512 1515 3575 κάτω,

351 3606 443 3675 Τῷ
472 3602 889 3674 πανσθενουργῷ
915 3602 1023 3655 τῶν
1047 3601 1226 3655 καλῶν
1257 3603 1591 3673 πρωταιτίῳ,

350 3697 441 3764 Τῷ
467 3695 542 3762 τῷ
564 3696 720 3762 Λόγῳ
748 3695 963 3763 φέροντι
988 3694 1188 3762 κόσμον
1219 3695 1298 3755 εἰς
1326 3693 1520 3760 πέρας,

349 3787 440 3855 Τῷ
469 3774 567 3854 τὴν
594 3784 766 3853 θεώδη
804 3784 898 3835 καὶ
927 3784 1224 3851 φθαρεῖσαν
1250 3784 1439 3836 οὐσίαν

347 3876 572 3927 Φανέντι
599 3874 690 3925 καὶ
723 3872 978 3935 σώσαντι,
1015 3873 1235 3925 καὶτῶν
1266 3874 1512 3941 ἀγγέλων

366 3964 709 4035 Ὑπερτέραν
744 3961 996 4025 τεύξαντι
1029 3965 1094 4032 σῇ
1128 3964 1420 4034 παρουσίᾳ.

351 4057 461 4109 Καὶ
481 4056 588 4123 γὰρ
612 4056 831 4123 ταχεῖαν
860 4054 957 4121 τήν
982 4054 1214 4124 ἀμοιϐὴν
1240 4054 1337 4123 τῆς
1368 4055 1542 4124 πάλης

353 4146 561 4214 Ἐργῳ,
586 4146 678 4196 τὸν
710 4143 905 4213 ἐχθρὸν
932 4144 967 4195 ὃ.
992 4143 1172 4211 δεήσει
1194 4144 1496 4209 λανθάνειν,

351 4237 597 4301 ’Ἑδειξας
625 4236 704 4297 εἰς
737 4236 826 4286 σὺν
859 4234 1249 4304 εὖεπίστροφον
1270 4235 1482 4305 λάτριν,

346 4327 610 4393 Φάλαγγα
645 4325 914 4378 διώσαντα
941 4325 1039 4395 τὴν
1068 4327 1336 4390 ἐναντίαν,

347 4417 544 4487 Τυχεῖν
577 4416 800 4468 ἐκείνων
831 4416 940 4468 τῶν
967 4415 1146 4485 μονῶν
1174 4417 1496 4486 ἀμεινόνων.

430 4507 595 4575 Ὁμοῦ
617 4506 672 4558 δὲ
697 4505 888 4558 θᾶττον
920 4503 1074 4568 αὖθις
1102 4509 1179 4569 είς
1212 4509 1308 4577 τὴν
1338 4509 1516 4560 οἰκίαν

348 4600 457 4653 Τοῦ
492 4599 794 4671 πρεσϐύτου
831 4599 1165 4669 προύϐησαν,
1197 4595 1259 4654 οῦ
1291 4601 1388 4671 τὴν
1419 4605 1703 4674 φωσφόρον

349 4689 625 4759 Σφραγῖδα
653 4689 856 4758 σεπτὴν
888 4693 966 4752 είς
993 4692 1267 4761 τρισήλιον
1294 4692 1426 4761 φάος

351 4780 556 4848 Ἔθηκε
592 4777 940 4830 πιστεύοντι·
981 4780 1074 4830 καὶ
1103 4780 1180 4848 τῷ
1213 4781 1491 4854 πρεσϐύτῃ

349 4873 605 4938 Ἔμεινεν
636 4870 1160 4939 ἐπτάςσυμπονήσας
1194 4873 1428 4941 ἡμέρας.

345 4964 456 5016 Καὶ
484 4963 548 5032 δὴ
580 4962 718 5032 μετὰ
748 4962 844 5033 τὴν
878 4961 1112 5031 ἑϐδόμην
1142 4961 1470 5025 ὀπισθόπους

342 5054 437 5115 Ei;
460 5049 605 5106 οἷκον
635 5052 802 5105 ἐλθὼν
831 5052 939 5122 [ῖσ.
964 5049 1117 5124 ἦλθε]
1155 5053 1417 5121 πατρικὸν
1446 5058 1802 5127 κεχαρμένος.

415 5144 604 5215 Πατὴρ
640 5145 774 5214 πρὸς
811 5145 973 5195 αὑτὸν
996 5141 1120 5196 εἷπε
1155 5145 1350 5213 μεστὸς
1374 5147 1623 5216 δακρύων
1649 5167 1662 5180 ο

341 5238 545 5290 Τέκνον
577 5237 841 5301 ποθεινὸν,
873 5237 968 5297 τάς
995 5237 1262 5300 τοσαύτας
1295 5239 1507 5307 ἡμέρας

344 5326 454 5381 Ποῦ
491 5327 582 5380 καὶ
610 5327 788 5396 παρῆς
829 5344 942 5396 μοι,
978 5329 1068 5379 καὶ
1100 5329 1302 5381 στένων
1332 5329 1694 5399 ἐδυσφόρουν;

351 5420 411 5471 ’0
443 5419 650 5488 δεύτερ’
673 5419 835 5471 αἰνῶν
869 5420 962 5472 καὶ
1024 5421 1304 5490 μεριμνῶν
1343 5424 1436 5473 καὶ
1485 5423 1647 5477 πέλον
1691 5426 1797 5496 [ῖσ.

339 5509 618 5578 Θρήνοισι,
646 5507 856 5570 τέκνον,
885 5503 973 5561 οἷα
995 5508 1272 5577 πείσομαι,
1300 5510 1472 5573 τάλας
1565 5511 1767 5582 [ποθῶν

341 5600 488 5661 Υίὸς,
521 5601 582 5651 τὸ
607 5599 798 5669 μέλλον
825 5599 900 5658 ὡς
924 5601 1159 5667 ἀγαστὸν
1198 5603 1254 5653 ἐν
1281 5603 1423 5669 φάει,

343 5691 618 5752 Ἀποινον,
651 5690 978 5743 ἀστένακτον
1005 5692 1064 5743 οὐ
1091 5691 1274 5762 βλέπω
1297 5692 1428 5762 βίον.

338 5779 439 5832 Σοῦ
475 5782 574 5850 μὲν
605 5773 870 5851 παρόντος
895 5784 987 5836 καὶ
1011 5783 1191 5838 θανεῖν
1223 5787 1532 5858 ἱμειρόμην.

1313 395 1374 454 S.
1417 388 1976 454 ΡΛΝΤΕ1.ΕΕΜΟΝ
1984 389 2055 448 IS
2092 390 2465 451 ELOGIUM.
3393 390 3499 452 898

1853 506 1898 560 Α
1933 498 2024 555 Vis
2047 501 2425 566 Pantalemon,
2456 509 2517 557 ut
2545 501 2710 558 modo
2743 499 2888 555 haud
2910 498 3060 555 ﬁnita
3089 497 3181 554 sit.

1929 595 1995 649 Et
2020 607 2174 652 stans
2198 598 2253 653 in
2279 598 2390 652 alto
2415 598 2606 654 belluae
2635 600 2922 664 cadavere,

1930 684 2002 741 Ut
2029 688 2209 757 pullus
2241 687 2377 750 alas,
2404 688 2600 743 leniter
2629 698 2802 744 tctum
2835 689 3056 743 elevans

1926 774 2159 846 Corpus,
2189 777 2485 846 oculosque
2511 777 2578 832 ad
2605 778 2808 831 aethera
2836 775 3108 831 extollens
3130 788 3283 837 suos.

1928 866 2124 923 Preces
2162 868 2281 933 pias
2314 866 2606 938 purissimo
2635 866 2746 920 edit
2775 874 3011 935 pectore.

1927 953 2065 1010 Hinc
2091 961 2266 1011 currit
2292 959 2356 1012 ad
2381 971 2570 1012 senem
2601 956 2704 1010 ista
2730 969 2908 1024 pmco
2939 956 3220 1020 nuntians,

1928 1045 2059 1110 Quae
2085 1054 2266 1100 certus
2299 1049 2414 1116 ipse
2445 1046 2673 1102 nuntius
2701 1059 3054 1115 prospexerat
3087 1070 3099 1099 ;

1927 1135 2064 1191 Tum
2097 1137 2382 1206 procidcns
2412 1140 2563 1192 humi
2598 1156 2612 1190 :
2640 1137 2822 1202 Pater,
2853 1152 3091 1205 praesens
3121 1138 3271 1200 ades,

1925 1225 2214 1282 Clamabat
2241 1227 2492 1293 assidue;
2526 1227 2659 1280 mihi
2693 1237 2946 1295 augusta,
2985 1227 3261 1296 inquiens,

1928 1316 2097 1370 Ortus
2136 1315 2362 1370 secundi
2396 1331 2594 1370 arcana
2623 1315 2816 1370 confer
2841 1317 3091 1385 protinus
3127 1335 3140 1370 :

1929 1408 2313 1477 Purgationem
2347 1408 2741 1462 illuminantem
2776 1419 3018 1477 pectora,

1927 1497 2065 1552 Nam
2092 1498 2217 1551 novi
2245 1513 2344 1566 ego
2371 1498 2729 1568 persuasione
2761 1498 3054 1561 acerrima,

1932 1588 2198 1643 Eternus
2225 1599 2283 1642 ut
2305 1590 2373 1643 sit
2402 1598 2706 1657 praepotens
2735 1604 2982 1643 summus
3012 1589 3179 1655 Deus,

1925 1679 2200 1742 Christus,
2229 1694 2332 1734 nec
2357 1679 2502 1733 ullus
2528 1688 2721 1748 praeter
2747 1680 2914 1744 hunc,
2939 1681 3031 1749 qui
3062 1682 3212 1737 solus
3233 1691 3335 1739 est.

1928 1768 2032 1826 Per
2062 1786 2224 1840 quem
2257 1770 2435 1826 redire
2463 1771 2662 1825 mortui
2694 1770 2762 1824 ad
2792 1771 2955 1826 vitam
2983 1773 3184 1837 solent,

1847 1843 1897 1906 Β
1927 1859 2226 1931 Visumque
2256 1868 2454 1932 praeter
2477 1875 2628 1930 spem
2657 1859 2822 1914 modo
2847 1875 3009 1915 omne
3038 1877 3068 1915 a
3099 1877 3158 1918 se
3188 1862 3366 1933 palam

1920 1949 2269 2006 Renuntiavit
2299 1951 2506 2007 editum
2534 1951 2882 2005 miraculum.

1997 2053 2134 2108 Tum
2168 2052 2355 2106 senior
2388 2069 2402 2104 :
2431 2051 2577 2106 Heus
2610 2061 2690 2114 tu,
2725 2051 2920 2119 inquit,
2947 2059 3239 2122 peremptae
3267 2051 3458 2108 bellua:

1931 2145 2176 2200 Cadaver
2199 2144 2380 2198 indica
2409 2153 2469 2198 ut
2499 2158 2557 2198 se
2589 2144 2770 2205 habet,
2799 2143 2872 2196 ﬁli
2895 2144 3118 2212 optime.

1921 2237 2040 2292 Mox
2068 2252 2199 2306 ergo
2235 2246 2461 2308 uterque
2487 2236 2720 2292 contulit
2749 2252 2808 2290 se
2840 2236 2933 2290 ubi
2966 2236 3139 2290 bestia

1922 2331 2229 2395 Exanimis,
2262 2332 2488 2384 immota
2519 2337 2686 2398 atque
2714 2330 2860 2384 iners
2888 2338 3111 2384 extensa
3141 2339 3282 2396 erat,

1924 2424 2198 2495 Sulcoque
2228 2424 2356 2478 trita
2380 2433 2433 2478 et
2457 2423 2744 2492 inquinata
2777 2421 3059 2484 sordibus.

1921 2515 2120 2570 Terror
2145 2515 2363 2583 jacebat
2388 2522 2442 2568 et
2465 2515 2627 2584 jocus
2657 2513 3052 2584 spectantibus.

1997 2604 2097 2659 Hic
2131 2604 2479 2658 Pantelemon
2513 2605 2823 2659 comminus
2853 2613 3044 2658 sancto
3073 2605 3192 2659 seni

1919 2692 2069 2747 Ferae
2089 2694 2321 2747 cadaver
2347 2700 2619 2746 monstrat
2650 2693 2945 2747 instratum
2978 2694 3116 2758 solo,

1879 2855 1884 2858 _
1921 2784 2136 2839 Exsiliit
2158 2785 2423 2838 immenso
2447 2799 2612 2838 senex
2645 2799 2755 2853 prae
2782 2783 2982 2854 gaudio
3011 2799 3026 2836 :

1920 2875 2184 2943 Purmque
2214 2874 2412 2927 mentis
2446 2873 2650 2927 lumine
2675 2872 2817 2926 elato
2847 2871 3034 2935 altius,

1920 2966 2171 3022 Convexa
2203 2965 2491 3029 cmlorutn,
2521 2964 2794 3034 adytaque
2820 2963 3033 3016 intrans
3060 2961 3195 3032 poli,

1920 3054 2117 3110 Grates
2153 3055 2403 3109 lubenter
2432 3055 2544 3123 egit
2583 3055 2834 3124 ingentes
2867 3051 2998 3117 Deo,

1841 3170 1887 3233 α
1923 3146 2016 3203 Sic
2040 3156 2366 3217 apprecatus
2396 3156 2576 3201 mente
2607 3161 2778 3201 canus
2807 3144 3039 3200 candida
3075 3160 3089 3196 :

1991 3247 2188 3309 Decus,
2220 3247 2389 3302 decus
2419 3246 2517 3300 tibi
2543 3246 2636 3308 sit,
2670 3245 2825 3300 decet
2854 3254 2906 3298 te
2934 3258 3105 3297 unum
3141 3244 3332 3311 decus,

1919 3336 2026 3390 Ter
2049 3336 2208 3404 cujus
2239 3335 2528 3405 imperium
2557 3335 2782 3388 unicum
2806 3340 3097 3402 augustum
3123 3332 3313 3397 micat,

1917 3425 2126 3481 Cuncta
2159 3426 2411 3489 intuenti,
2447 3425 2678 3494 principi
2705 3422 3007 3477 fortissimo
3033 3440 3046 3474 :

1919 3519 2023 3586 Qui
2054 3520 2232 3588 opifex
2257 3534 2618 3587 supernorum
2652 3517 3064 3585 inferorumque
3085 3514 3356 3578 omnium,

1918 3608 2022 3673 Qui
2047 3617 2353 3676 pra-potens
2388 3608 2744 3676 pulchrorum
2776 3620 2836 3659 es
2868 3612 3059 3658 auctor
3083 3613 3244 3671 atque
3269 3603 3414 3670 fctis,

1916 3696 2290 3766 Mundumque
2321 3697 2498 3751 Verbo
2523 3698 2588 3751 ad
2622 3699 2826 3752 exitum
2855 3695 3011 3749 ducis
3034 3693 3238 3748 bonum

1916 3789 2010 3842 Dei
2041 3789 2293 3841 aemulam
2327 3789 2418 3857 qui
2457 3789 2783 3858 labilemque
2804 3785 3098 3842 essentiam

1915 3879 2205 3943 Lustrasti,
2238 3888 2292 3934 et
2316 3888 2603 3942 assertam,
2627 3879 2836 3947 angelis
2851 3877 3116 3934 excellere

1917 3967 2130 4023 Virtute
2160 3969 2340 4024 fecisti
2372 3972 2674 4040 pra-sentiae
2699 3980 2825 4024 tute.

1914 4060 2096 4116 Luetze
2129 4062 2624 4116 remunerationem
2651 4073 2708 4115 tu
2743 4063 2905 4115 citam

1913 4149 2086 4218 Opere
2113 4150 2277 4220 (quod
2312 4151 2525 4206 hostem
2554 4168 2661 4206 non
2688 4151 2902 4221 juvabit
2932 4152 3204 4225 invidum)

1913 4241 2085 4295 Servo
2115 4242 2373 4297 indicasti
2401 4252 2509 4296 tam
2541 4243 2863 4312 obsequenti
2898 4253 2951 4298 et
2984 4246 3192 4300 sedulo.

1910 4331 2143 4396 Quando
2181 4332 2422 4387 hostium
2448 4333 2607 4387 turba
2640 4333 2861 4402 repulsa
2889 4341 2973 4388 cst
3003 4335 3274 4404 integrum

1911 4425 2204 4480 Feliciores
2237 4428 2550 4480 mansiones
2577 4427 2820 4494 assequi.

1841 4500 1886 4554 Ῑ)
1981 4516 2117 4570 Hinc
2151 4517 2329 4568 denuo
2363 4530 2531 4585 ocyus
2556 4514 2776 4568 domum
2803 4523 3046 4569 remeant
3071 4514 3232 4570 simul

1909 4608 2160 4678 Longaevi
2195 4607 2433 4661 hominis
2466 4623 2480 4658 :
2513 4605 2601 4659 ubi
2627 4605 2919 4676 pmferens
2949 4609 3123 4663 lucem
3158 4622 3370 4662 sacram

1910 4695 2134 4766 Signum
2165 4697 2484 4759 verendum,
2520 4695 2655 4749 solis
2682 4705 2743 4748 ut
2768 4703 2850 4749 ter
2880 4695 3065 4759 lucidi,

1911 4788 2095 4842 l‘osuit
2119 4789 2222 4842 nde
2254 4787 2465 4842 imbuto
2498 4806 2510 4842 :
2543 4789 2768 4858 senique
2799 4799 2985 4843 astans
3022 4789 3165 4841 bono

1906 4878 2132 4934 .Iuvcnis
2159 4879 2398 4933 laborem
2433 4893 2528 4946 per
2556 4879 2672 4932 dies
2701 4886 2903 4947 septem
2939 4879 3154 4948 accipit.

1906 4968 2147 5024 Tandem
2179 4985 2461 5024 remensus
2489 4971 2608 5022 luce
2639 4971 2867 5037 septima
2904 4971 3066 5032 viam,

1907 5061 2136 5115 Domum
2166 5079 2296 5132 pner
2325 5061 2541 5118 revertit
2566 5063 2631 5114 ad
2667 5061 2836 5129 patris
2871 5062 3078 5116 hilaris.

1905 5154 2084 5224 Ipsum
2112 5171 2304 5223 parens
2333 5170 2453 5207 cum
2486 5154 2738 5224 lacrytnis
2765 5151 2957 5207 allatus
2989 5163 3073 5207 est

1978 5245 2180 5300 Dilecte
2211 5244 2284 5297 lili
2318 5244 2415 5307 mi,
2443 5243 2560 5298 dies
2593 5259 2685 5311 per
2713 5253 2810 5306 tot,
2839 5258 2992 5312 rogo,

1909 5336 2136 5390 Ubinam
2173 5338 2411 5390 locorum
2444 5349 2566 5389 eras
2597 5333 2619 5385 ?
2647 5333 2924 5402 gemebam
2955 5346 3075 5400 ego,
3108 5333 3159 5387 id
3182 5332 3362 5389 ferens

1903 5427 2091 5497 Egre,
2119 5429 2224 5481 hoc
2251 5435 2304 5479 et
2327 5425 2458 5478 illud
2492 5425 2759 5493 cogitans,
2784 5422 3102 5478 desiderans

1902 5517 1998 5581 Te,
2026 5527 2170 5579 natc,
2203 5519 2424 5584 lugens;
2455 5522 2656 5582 quanta
2691 5513 2891 5568 suﬂero
2926 5514 3123 5568 miseri

1903 5605 2004 5661 Ubi
2043 5608 2226 5662 ﬁlius?
2256 5608 2348 5675 qui
2383 5608 2734 5672 impostcrum
2762 5605 2851 5657 lux
2878 5605 3043 5658 chara
3074 5604 3220 5659 erit?

1904 5697 2170 5767 Suspiriis
2205 5699 2322 5752 sine
2351 5707 2401 5751 te
2434 5705 2706 5750 carentem
2741 5693 2884 5747 haud
2923 5695 3082 5747 vitam
3115 5710 3216 5763 ago
3251 5713 3264 5748 :

1903 5790 2172 5847 Prmscnte
2202 5791 2294 5846 sed
2327 5800 2396 5856 te,
2427 5789 2509 5844 vcl
2543 5789 2680 5843 mori
2709 5796 3014 5856 expeterem
3052 5789 3232 5842 modo.
