4232 6434
248 404 342 468 901
1582 409 1920 467 (ΣΛΒΜΙΝᾸ
1964 412 2217 471 \'.\l’i|.\.
3369 414 3473 472 902

360 520 574 589 Ἄρχων
605 535 663 570 τε
689 519 905 574 πάντων
931 522 1176 591 γηγενῶν
1201 562 1211 575 .
1234 563 1245 575 .
1273 563 1284 575 .
1843 524 1890 580 Α
1922 523 2024 577 l‘rit

1843 524 1890 580 Α
1922 523 2174 594 Princeps
2206 526 2251 576 is
2276 531 2451 576 exstat
2480 524 2724 577 omnium
2753 523 3090 586 mortalium.

354 610 561 679 Κριτής
586 616 840 679 φανεῖται
865 653 878 665 .
901 651 914 664 .
940 652 951 664 .
976 651 989 665 .
1016 650 1030 664 .
1923 613 2025 666 νιν.

1923 613 2224 668 \‘ivcntium
2254 625 2415 682 atque
2451 624 2810 679 mortuorum,
2840 615 3077 668 momine

354 703 579 755 Ζώντων
614 721 670 756 τε
701 705 909 773 νεκρῶν
935 705 1005 765 τ’,
1034 706 1091 756 ὲν
1117 706 1256 774 ῥοπῇ
1284 704 1627 774 ταχυδρόμῳ.
1915 704 2025 760 (Σειε

1243 706 1256 774 5
1284 704 1627 774 ταχυδρόμῳ.
1915 704 2207 760 Celerrime
2229 707 2392 773 judcx
2419 705 2682 758 Videbitur
2716 705 2914 774 gravis.

355 794 472 845 Εἰσὶ
500 797 607 865 γὰρ
634 796 786 864 ὑμῶν
817 796 1065 867 ἀδρανεῖς
1094 797 1228 858 θεοὶ,
1261 797 1462 863 Πάτερ,
1986 797 2022 849 S

1986 797 2122 851 Sunt
2153 813 2341 866 nempe
2370 796 2441 850 dii
2471 796 2632 850 vestri
2664 796 2942 861 imbecilli,
2976 795 3050 849 mi
3081 810 3299 866 parens,

355 886 560 939 Εῖδωλα
587 887 938 957 χειρότευκτα
967 888 1236 956 δαιμόνων
1261 887 1458 956 πλάνη,
1914 888 2024 942 ldol

1381 905 1458 956 νη,
1914 888 2057 943 ldola
2090 891 2209 943 ficta
2247 888 2518 953 manibus,
2547 896 2668 942 astu
2701 889 3005 943 ilazmonum
3038 930 3052 954 ,

358 983 568 1050 Ὠσπερ
600 981 882 1050 προφήτης
912 976 1087 1045 εἶπεν,
1118 981 1424 1053 ὀξυδερκίᾳ,
1916 978 1984 1034 Ut
2016 997 2029 1048 |

1916 978 1984 1034 Ut
2016 983 2296 1049 perspicax
2329 982 2590 1050 propheta
2618 979 2891 1048 quondam
2924 982 3157 1034 dixerat.

352 1075 415 1123 'l‘t
446 1072 596 1123 οῦτιν
622 1072 717 1123 ὲκλ
746 1074 804 1124 ού
836 1089 926 1141 ροτ
955 1089 1060 1142 χε..
1983 1071 2023 1135 Q

1983 1071 2121 1135 Quid
2155 1086 2390 1140 namque
2421 1080 2566 1135 sunt,
2597 1070 2703 1124 nisi
2732 1071 2976 1138 quaedam
3009 1071 3196 1124 inanes
3224 1067 3437 1123 fabrica:
3458 1107 3472 1134 ,

351 1165 623 1230 ’Ύπαρξις
647 1163 720 1225 ὡς
753 1163 987 1232 ἔχοντες,
1018 1163 1091 1226 ὥς
1130 1182 1188 1217 τε
1223 1165 1315 1218 καὶ
1355 1164 1521 1235 βάρος
1913 1161 2022 1227 Qua

1431 1182 1521 1235 ρος
1913 1161 2041 1227 Quae
2074 1171 2219 1215 stant
2251 1163 2435 1214 eadem
2464 1177 2570 1228 qua
2602 1162 2790 1215 locata:
2819 1168 2946 1215 sunt
2978 1160 3095 1214 basi

352 1255 456 1322 Γῆς
483 1255 587 1305 εἱσι
621 1254 711 1322 ἄρ’
740 1255 932 1309 εἰπὲ...
1517 1257 1524 1263 ’
1913 1254 2022 1306 Tell

1517 1257 1524 1263 '
1913 1253 2145 1306 Telluris
2167 1267 2345 1304 annon
2378 1253 2588 1320 pondus
2621 1253 2720 1305 lioc
2751 1250 2940 1304 inutile
2964 1251 3088 1304 est?

352 1347 414 1396 ΗΞ
451 1347 547 1411 μὲν
580 1345 869 1413 κάθηνται.
894 1347 986 1396 καὶ
1010 1346 1309 1414 καθήμενοι
1340 1346 1516 1414 μάτην
1913 1342 1976 1396 1Ιὶ
2009 1363 2021 1396 t

1434 1363 1516 1410 ςην
1913 1342 1976 1396 1Ιὶ
2009 1343 2292 1396 i-onsident
2313 1342 2407 1401 dii.
2439 1357 2624 1396 verum
2655 1342 2887 1395 inaniter
2915 1341 3105 1394 sedent

354 1441 614 1499 Ἀνεισιν,
647 1437 755 1488 οὐδ’
786 1436 860 1499 ὣς
882 1454 894 1466 ⁸
924 1438 1048 1503 εἰιδὲ
1080 1439 1172 1489 καὶ
1196 1438 1524 1508 ὀρθοστάδην
1912 1437 2017 1490 Nec

1912 1437 2017 1490 Nec
2045 1435 2240 1489 deinde
2271 1446 2501 1503 surgunt
2535 1454 2545 1488 :
2579 1436 2735 1502 sique
2766 1442 2918 1486 recto
2946 1432 3245 1511 sint_statu,

359 1528 680 1596 Ἰ-ἷστηκότες
708 1527 995 1595 μίμνουσιν
1024 1529 1414 1599 ὲστηλωμένοι,
1913 1527 2000 1580 Sic

1913 1527 2000 1580 Sic
2033 1534 2350 1595 permanent
2377 1526 2466 1578 ﬁxi
2503 1532 2562 1578 nt
2589 1523 2861 1578 columnis
2894 1521 3181 1576 stabilibus
3216 1538 3229 1573 :

353 1619 634 1679 lxii-mna;
659 1617 692 1687 ἧ
719 1619 1059 1688 κάμπτοντες
1088 1621 1317 1682 οὑδόλως
1344 1621 1511 1689 κάρα,
1910 1617 2018 1670 Nec

1910 1617 2018 1670 Nec
2049 1617 2324 1669 vertebras
2352 1613 2592 1680 ﬂectunt,
2621 1630 2720 1666 nec
2750 1614 3010 1666 inclinant
3036 1621 3219 1680 caput.

351 1710 390 1756 ις
406 1709 455 1757 κί
488 1709 661 1774 ςωτὶς
687 1710 812 1760 εῦ...
858 1710 1062 1778 καίπερ
1086 1711 1482 1763 άντανάκλασιν
1911 1709 1974 1761 lit
2006 1711 2016 1761 Ι

1386 1728 1482 1763 ισιν
1911 1709 1974 1761 lit
2006 1711 2140 1761 lucis
2172 1715 2438 1767 exsortes,
2469 1706 2679 1758 tametsi
2708 1705 2764 1756 in
2789 1704 2907 1756 luce
2932 1703 3057 1755 sint.

349 1797 541 1848 .\..~'de
568 1799 821 1866 ἀφορμάς
849 1801 942 1860 τιλς
974 1801 1178 1854 άπελ...
1212 1819 1273 1854 το
1913 1799 2002 1855 Sic

1913 1799 2002 1855 Sic
2027 1801 2325 1855 instruendi
2356 1800 2523 1868 patris
2549 1813 2712 1852 ansas
2749 1798 2963 1865 arripit.

422 1891 606 1959 Πατὴρ
639 1892 772 1958 πρὸς
800 1891 958 1942 αὐτὸν
985 1893 1224 1955 εὐσεὸῶς
1255 1890 1527 1961 ἀπεκρίθη
1548 1907 1562 1922 ο
1837 1869 1881 1924 Β
1971 1891 2093 1944 Part

1548 1907 1562 1922 ο
1837 1869 1881 1924 Β
1971 1891 2172 1944 Parcus
2203 1892 2287 1959 pie
2319 1901 2444 1944 nato
2478 1893 2642 1943 liocce
2672 1905 2991 1958 responsum
3023 1888 3170 1943 dedit
3203 1906 3216 1943 :

350 1980 422 2029 Τὸ
451 1982 601 2049 ῥῆμα
630 1981 786 2033 τοῦτο
810 1982 1252 2051 δυσανάγνωστον
1285 1983 1435 2036 πέλει
1910 1983 2003 2037 llic

1419 2003 1435 2035 ι
1910 1983 2003 2037 llic
2036 1998 2213 2037 sermo
2246 1981 2446 2051 percipi
2474 1984 2658 2050 nequit
2683 1991 2766 2035 sat
2791 1982 3090 2044 commode,

351 2073 458 2124 Καὶ
492 2073 748 2126 δύσκολον
791 2075 1027 2144 μάλιστα
1067 2079 1178 2139 τοῖς
1209 2075 1617 2146 ἁπλουστέροις.
1906 2073 1972 2127 Et
2003 2090 2022 2128 ί]

1398 2075 1617 2146 πτέροις.
1906 2073 1972 2127 Et
2003 2074 2206 2128 arduus
2238 2073 2465 2127 rudibus
2491 2074 2670 2127 adhuc
2697 2081 2781 2126 est
2812 2073 3069 2127 maxime.

797 2257 997 2311 Λείπει
1029 2257 1239 2312 τᾶλλα.
2256 2255 2460 2308 Decran

2256 2255 2482 2308 Deerant
2513 2252 2712 2324 reliqua
2744 2256 2796 2308 in
2823 2253 3121 2326 archetypo.

274 2469 2097 2495 .__.___._____________________________

1082 2644 1676 2758 JOANNIS
1754 2641 2619 2788 GEOMETB/E,

1655 2877 1740 2921 UT
1766 2877 2046 2932 unum,

786 3027 1148 3088 CARMINA
1191 3024 1447 3087 VARIA
1491 3021 1963 3084 ARGUMENTI
2007 3021 2234 3083 SACRI
2284 3022 2440 3083 VEL
2475 3020 2907 3084 HISTORICI.

698 3190 856 3255 (J.-A.
882 3188 1099 3249 Crimen,
1125 3187 1366 3238 Anecdota
1394 3187 1583 3246 Graaca,
1609 3197 1667 3234 cx
1695 3185 1836 3236 codd.
1872 3181 2051 3243 Paris.,
2081 3183 2296 3243 ιοωειν,
2321 3195 2369 3244 p.

1342 3201 1366 3237 α
1394 3187 1583 3246 Gra’ca,
1609 3197 1667 3234 cx
1695 3185 1836 3236 codd.
1872 3181 2051 3243 Paris.,
2081 3183 2296 3243 ιοωειν,
2321 3195 2372 3244 p.
2393 3182 2504 3244 265,
2525 3183 2635 3233 cod.
2677 3185 2790 3246 552,
2813 3183 3013 3247 Suppl.)

1838 3359 1907 3373 ἰ-

310 3483 378 3539 α’.
405 3486 503 3549 Εἰς
538 3482 640 3534 τὸν
670 3483 878 3551 κύριον
907 3479 1245 3548 Νικηφόρον
1275 3480 1290 3510 ¹
1323 3479 1428 3532 τὸν
1446 3479 1734 3543 βασιλέα.
1831 3513 1874 3572 C
1907 3477 2055 3531 Χιών
2085 3494 2144 3530 τε
2170 3478 2264 3530 καὶ
2298 3477 2505 3548 χάλαζα
2533 3479 2624 3531 καὶ
2655 3474 2866 3547 κρυμοῦ
2891 3475 3003 3546 βία,

238 3579 330 3643 Μὴ
370 3575 621 3645 χρώμασι
651 3572 892 3624 ποίκιλλε
915 3571 1178 3623 δεσπότου
1211 3572 1230 3602 ²
1254 3569 1402 3633 θέαν,
1844 3569 1870 3572 τ
1905 3569 2122 3632 Τούτοις
2150 3569 2210 3621 τὸ
2246 3569 2404 3637 σῶμα
2433 3570 2692 3622 δεσπότου
2718 3569 2916 3638 τούμοῦ
2943 3573 3136 3627 τύπου.

252 3667 391 3718 Ἄλλο
427 3666 725 3732 ἀδάμαντα,
753 3663 974 3732 χρυσὸν,
998 3662 1256 3731 ἄργυρον,
1286 3661 1449 3724 λίθον,
1907 3663 2108 3730 Ἄμφω
2132 3660 2187 3713 δὲ
2213 3663 2390 3729 χεῖρες
2414 3661 2644 3729 ἐκτάδην
2675 3661 2992 3730 ηπλωμέναι
3009 3675 3025 3692 ⁶

237 3758 454 3812 Χαλκόν
482 3774 539 3809 τε
575 3758 668 3808 καὶ
701 3755 915 3824 σίδηρον
946 3755 1190 3822 ἁρμόσας
1221 3752 1359 3821 ἅμα,
1905 3752 2046 3822 Πρὸς
2079 3753 2177 3818 τὴν
2203 3753 2276 3804 ἓω
2312 3752 2409 3820 μὲν
2434 3751 2580 3816 δεξιά
2607 3753 2923 3820 νικηφόρος,

239 3849 464 3915 Μόριρου
488 3847 546 3898 τὸ
574 3845 733 3914 σῶμα
753 3862 766 3874 ·
797 3844 1020 3914 καρδίαν
1056 3843 1154 3912 μὲν
1180 3844 1414 3913 χρυσέαν
1905 3843 2047 3911 Πρὸς
2081 3843 2232 3910 ἣλιον
2263 3841 2319 3894 δὲ
2347 3841 2438 3894 τὸν
2469 3842 2692 3894 δύνοντα
2724 3842 2948 3911 θατέρα,

240 3940 527 4008 Πρώτιστα
558 3937 781 3998 πλάττε,
807 3935 1003 4003 στέρνα
1026 3934 1279 4005 λαμπροῦ
1311 3935 1355 3986 δ’
1383 3933 1645 4006 ἀργύρου,
1905 3933 2010 4000 Γῆς
2041 3933 2185 4002 ἄκρα
2207 3933 2594 3997 δεικνύτωσαν,
2624 3933 2814 4003 ὥσπερ
2849 3933 3109 3986 Αὐσόνων

239 4031 441 4098 Χεῖρας
466 4028 520 4079 δὲ
552 4026 752 4096 χαλκοῦ
788 4027 882 4077 καὶ
914 4025 1073 4092 σθένη
1115 4026 1433 4095 βραχιόνων,
1910 4025 1985 4076 Οὐ
2018 4024 2140 4092 (sic)
2178 4025 2506 4094 συγχρόνους
2531 4025 2551 4055 ³
2590 4025 2758 4077 ἔτεινε
2798 4028 2956 4078 πέντε
2995 4026 3119 4089 τοὺς
3151 4026 3330 4098 ὅρους,

239 4118 352 4183 Τὴν
389 4117 502 4181 ἰξὺν
531 4117 856 4185 ἀδάμαντος.
886 4117 949 4167 ὲκ
969 4115 1116 4167 λίθου
1147 4117 1331 4179 πόδας,
1909 4114 2129 4176 Τούτοις
2158 4115 2466 4178 ἀπεικόνιζε
2503 4115 2661 4184 σῶμα
2690 4116 2971 4170 δεσπότου.

238 4209 472 4275 Κνήμας
494 4207 546 4258 δὲ
581 4209 674 4258 καὶ
710 4207 776 4258 τὰ
801 4206 944 4258 νῶτα
979 4208 1071 4257 καὶ
1100 4208 1332 4276 στερρὰν
1355 4207 1551 4275 κάραν,
1908 4207 2099 4274 Ψυχῆς
2129 4206 2184 4256 δὲ
2216 4206 2409 4266 κάλλος
2439 4207 2534 4258 καὶ
2560 4206 2812 4275 φρόνημα
2843 4209 2936 4259 καὶ
2962 4209 3216 4276 τρόπους,

238 4300 314 4350 Τὸ
347 4299 453 4349 πᾶν
485 4299 696 4367 σιδηρᾶ.
727 4296 915 4349 Ταῦτά
941 4313 1028 4366 μοι
1057 4297 1390 4366 ξενοτρόπως
1901 4297 1976 4348 Οὐ
2004 4295 2234 4358 πλοῦτος
2259 4295 2413 4363 ὕλης,
2446 4297 2567 4349 οὐδὲ
2595 4297 2788 4359 κάλλος
2821 4299 2883 4349 ὲκ
2908 4300 3125 4366 τέχνης,

237 4385 415 4447 Μὶξας
441 4383 508 4436 τὰ
532 4386 708 4436 πάντα
736 4385 829 4435 καὶ
857 4387 1097 4453 κεράσας
1128 4385 1193 4452 τῇ
1224 4384 1406 4453 τέχνῃ,
1914 4385 2052 4437 Ἀλλ’
2084 4388 2130 4436 εἰ
2155 4387 2213 4436 τὸ
2247 4386 2440 4448 κάλλος
2469 4387 2564 4438 καὶ
2593 4387 2653 4437 τὸ
2685 4387 2886 4457 πλῆθος
2918 4390 3162 4458 ἀστέρων

242 4477 499 4544 Ἀγαλμα
521 4476 726 4539 καινὸν,
757 4477 1072 4544 αὐτόχυτον,
1105 4476 1368 4539 ποικίλον,
1903 4477 1996 4538 Εἰς
2033 4475 2088 4526 ἓν
2119 4474 2369 4526 συνελθὸν
2405 4477 2498 4528 καὶ
2539 4479 2803 4542 κερασθὲν
2830 4479 2927 4530 σὺν
2958 4479 3123 4549 τέχνῃ

242 4568 394 4636 Ἲστη
425 4567 560 4637 πρὸς
585 4568 783 4634 αὐγὰς,
809 4567 935 4619 ἔνθα
971 4567 1208 4636 φλογμὸς
1237 4566 1407 4637 ἡλίου,
1916 4565 2071 4616 Ῥυέν
2101 4581 2160 4616 τε
2195 4564 2386 4634 ῥυθμῷ
2413 4564 2547 4633 πρὸς
2585 4565 2724 4635 μέρη
2753 4582 2811 4617 τε
2845 4565 2940 4618 καὶ
2966 4567 3100 4636 μέλη

377 4724 428 4776 l.
466 4721 528 4775 In
553 4725 823 4776 dominum
859 4702 1214 4791 Nicephorum
1245 4725 1634 4790 imperatorem.
1845 4748 1856 4756 -
1913 4719 2104 4788 glaciei
2141 4719 2306 4788 rigor.
2335 4719 2423 4772 his
2458 4733 2660 4789 corpus
2702 4720 2806 4773 mei
2839 4720 3043 4774 domini
3085 4719 3297 4788 eﬂinge.
3347 4721 3474 4775 Diue

305 4813 384 4866 Ne
422 4814 696 4867 coloribus
726 4811 956 4881 efﬁgiem
978 4815 1180 4866 domini
1206 4816 1402 4878 varies,
1424 4815 1512 4866 sed
1545 4814 1804 4866 adaman-
1829 4843 1882 4903 Β
1909 4821 2091 4866 autem
2130 4825 2322 4864 manus
2356 4821 2595 4866 extensze
2625 4813 2990 4880 porrigantur.
3031 4810 3232 4866 Versus
3279 4813 3476 4866 orien-

238 4913 602 4964 tem,aurum.
626 4910 933 4971 argentum,
965 4902 1308 4969 lapidem,2es
1331 4912 1384 4956 et
1409 4902 1609 4955 ferrum
1641 4903 1805 4956 simul
1843 4902 1846 4903 ⁷
1912 4915 2016 4958 tem
2053 4904 2236 4956 dextra
2264 4903 2545 4956 victoriam
2575 4918 2787 4972 gerens.
2820 4903 2884 4956 ad
2926 4905 3092 4956 solem
3158 4918 3286 4956 vero
3328 4907 3472 4957 oet-i-

240 4993 532 5061 coujunge.
563 4993 729 5058 Finge
779 5004 959 5046 autem
999 5007 1244 5058 corpus:
1304 5007 1399 5046 cor
1444 4993 1659 5062 quidem
1707 5007 1808 5045 au—
1907 4996 2124 5048 dentem
2193 4994 2447 5057 sinistra,
2485 5003 2643 5047 terra!
2686 4995 3056 5047 extremitates
3087 4994 3322 5047 indicent
3370 5005 3472 5057 ;ut

244 5099 395 5138 reum
431 5086 608 5154 primo
629 5085 876 5146 eﬂ‘orma,
912 5095 1098 5152 pectus
1124 5099 1153 5136 e
1176 5082 1397 5152 fulgenti
1423 5093 1663 5153 argento,
1696 5096 1809 5136 ma-
1909 5089 2270 5141 Ausonioruin
2319 5102 2427 5140 non
2458 5098 2942 5156 contemporaneos
2964 5089 3204 5141 extendit
3231 5090 3472 5157 quinque

247 5192 351 5228 nus
397 5187 574 5229 autem
604 5185 658 5229 ct
713 5175 890 5228 valida
947 5176 1171 5230 brachia
1201 5189 1267 5228 ex
1312 5190 1442 5240 tere,
1494 5176 1708 5228 lumbos
1739 5190 1804 5228 ex
1909 5179 2108 5233 limites
2140 5218 2154 5239 ,
2187 5178 2268 5231 liis
2312 5178 2482 5246 ﬁgura
2533 5192 2732 5246 corpus
2776 5177 3000 5231 domini.
3043 5179 3249 5232 Anima:
3291 5189 3471 5232 autem

241 5267 554 5331 adamante,
582 5266 746 5335 pedes
776 5280 806 5318 e
849 5266 1044 5334 lapide,
1075 5280 1255 5327 crura,
1300 5274 1446 5333 terga
1503 5273 1556 5319 et
1592 5267 1804 5318 lirmum
1911 5269 2390 5339 pulchritudinem,
2434 5280 2486 5322 et
2518 5269 2875 5338 prudentiam,
2902 5279 2954 5322 et
2985 5284 3184 5333 mores,
3223 5285 3320 5322 nec
3352 5284 3437 5322 ma
3459 5298 3475 5307 -

239 5366 425 5424 caput,
463 5357 643 5408 omnia
666 5371 695 5409 e
727 5355 888 5409 l'erro.
943 5355 1207 5411 Omnibus
1249 5356 1422 5409 mistis
1444 5366 1496 5409 et
1539 5363 1653 5408 arte
1681 5356 1807 5408 ada-
1914 5362 2065 5415 teria:
2093 5362 2346 5428 pretium,
2365 5375 2465 5413 nec
2490 5359 2664 5412 forma
2692 5375 2753 5412 cx
2777 5369 2908 5420 arte,
2944 5360 3036 5412 sed
3060 5361 3104 5413 si
3129 5359 3473 5428 pulchritudo

244 5449 432 5516 platis,
476 5456 710 5500 statuam
754 5462 972 5509 novam.
1008 5448 1249 5516 umlique
1279 5447 1550 5511 collatam.
1579 5448 1804 5507 variam.
1914 5461 1967 5504 et
1998 5449 2288 5502 multitudo
2341 5458 2613 5502 astrorum
2639 5450 2689 5500 in
2751 5463 2916 5500 unum
2963 5447 3208 5511 collecta,
3245 5457 3298 5500 et
3359 5458 3474 5500 arte

243 5541 375 5590 siste
407 5537 472 5589 ad
514 5538 708 5599 lucem,
755 5536 843 5589 ubi
898 5539 1061 5591 ardor
1093 5539 1222 5591 solis
1246 5546 1350 5598 est,
1377 5537 1489 5601 nix,
1523 5538 1727 5606 grando
1757 5548 1807 5590 et
1915 5541 2228 5608 conjuncta,
2265 5547 2316 5592 et
2351 5539 2450 5591 rite
2479 5538 2652 5590 infusa
2687 5553 2782 5606 per
2814 5546 2991 5606 partes
3021 5547 3074 5591 et
3130 5539 3368 5594 membra
3417 5538 3470 5590 in

315 5719 329 5745 '
363 5717 697 5838 Niecpliorus
741 5716 920 5774 lrcncs
971 5733 1254 5773 successor
1292 5719 1511 5772 ineunte
1539 5733 1661 5772 SJJC.
1694 5733 1762 5769 ix.
1868 5719 1887 5748 ²
1923 5717 1976 5768 δε

315 5803 371 5838 υς
408 5807 488 5838 ι·οι
516 5827 528 5838 .

1868 5719 1887 5748 ²
1923 5717 2121 5769 δεσπόυ
2157 5717 2255 5772 cod
2343 5731 2465 5770 cum
2494 5732 2523 5768 τ
2554 5731 2718 5785 super
2780 5717 3050 5786 imposito.
3163 5718 3182 5749 ³
3215 5720 3311 5771 σὺν
3345 5716 3469 5787 χρό-

248 5803 371 5849 νους
408 5803 528 5841 rou.
