4232 6434
275 398 381 460 905

286 507 524 568 Ἰτλικτδς
549 507 694 574 ἄρτι,
724 505 989 572 νεκρικῶς
1020 505 1388 574 ἐσταλμένος·

287 603 346 652 '0
375 603 498 664 δοὺς
529 601 585 652 δὲ
617 599 774 661 νίκας
804 603 902 663 τὰς
927 600 1063 669 ἐμάς
1096 599 1238 668 ᾠδάς
1273 599 1483 670 λύραις,

271 694 388 748 Νῦν
419 694 692 759 παίγνιον,
729 694 868 762 (psi!
907 691 1168 760 κωμικῶν
1206 691 1560 760 ἀθυρμάτων,

284 787 465 856 Ἐμῶν
497 787 554 838 δὲ
587 787 789 856 χειρῶν
823 789 856 857 ἡ
887 786 1057 856 πυρὸς
1086 786 1220 856 πρὶν
1248 783 1466 854 ὀξύτης,

271 878 518 948 Στέρνων
550 895 606 929 τε
639 880 845 931 τούτων
877 877 1168 948 θυμοειδὴς
1198 877 1518 948 στερῤότης,

269 966 474 1034 Ψυχρά
505 967 653 1025 κόνις
689 969 784 1018 νῦν
814 969 910 1018 καὶ
945 968 1132 1037 σαπρὰ
1159 966 1410 1018 δυσωδία.

274 1056 504 1119 ’Δνθους
534 1057 580 1108 δ’
608 1059 791 1109 ἐκεῖνο
818 1059 913 1109 καὶ
946 1058 1008 1109 τὸ
1040 1056 1236 1120 κάλλος
1269 1056 1465 1129 ἐρρύη.

273 1147 471 1198 Στολαὶ
495 1146 552 1199 δὲ
579 1146 832 1216 λαμπραὶ
865 1147 1053 1217 σχῆμα
1087 1147 1284 1217 σεμνὸν
1311 1145 1404 1198 τοῦ
1432 1146 1687 1215 κράτους,

271 1239 382 1290 Καὶ
410 1239 690 1307 σκῆπτρον
731 1239 827 1291 καὶ
853 1239 914 1291 τὸ
946 1239 1165 1308 στέμμα
1207 1239 1304 1291 καὶ
1345 1237 1582 1308 χρυσοῦς
1625 1237 1813 1306 θρόνος
1839 1250 1853 1262 ⁸

272 1329 464 1398 "lippa:
489 1330 557 1381 τά
586 1330 763 1382 πάντα
790 1345 802 1357 ’
831 1329 898 1399 σὴ
928 1328 983 1382 δὲ
1010 1330 1213 1400 φρικτή
1245 1346 1334 1397 μοι
1370 1329 1506 1399 μόνη

264 1420 497 1489 Φρικτὴ,
529 1421 764 1474 δικαστά
799 1422 894 1474 καὶ
926 1420 1149 1492 βασιλεῦ
1175 1439 1301 1491 μου,
1332 1421 1506 1491 μένει,

271 1509 413 1578 Πρὸς
446 1512 578 1563 πᾶσι
609 1512 846 1579 τούτοις,
877 1512 957 1584 τῷ
987 1513 1306 1584 κατακρίτῳ
1330 1512 1533 1582 κρίσις.

279 1600 420 1650 Ἀλλ’
446 1601 606 1654 ἴλεὼν
642 1619 732 1670 μοι
766 1603 1077 1672 σπλάγχνον
1106 1606 1164 1656 έν
1193 1603 1322 1673 δίκη
1352 1603 1566 1672 νέμοις·

267 1693 380 1743 Καὶ
407 1694 515 1762 γάρ
547 1693 841 1762 Μανασσῆ,
876 1692 978 1746 κᾶν
1006 1694 1067 1745 τὸ
1100 1693 1306 1762 πλῆθος
1344 1693 1678 1762 σφαλμάτων

270 1783 414 1853 Νικᾷ
437 1783 496 1836 τὸ
530 1783 734 1854 πλῆθος
765 1787 1034 1856 ἀστέρων,
1065 1786 1170 1838 κᾶν
1199 1786 1299 1855 τὴν
1329 1785 1578 1857 ψάμμον,

266 1876 367 1928 Σδν
399 1876 622 1945 πλάσμα
652 1877 827 1945 κάγὼ,
859 1879 1083 1948 πλάσμα
1118 1881 1213 1931 καὶ
1241 1879 1347 1931 σῶν
1369 1879 1673 1931 δακτέλων.

1030 1977 1097 2039 γ’.

334 2060 561 2132 Θρηνῶν
594 2063 653 2114 τδ
684 2063 864 2116 κοινὸν
888 2063 998 2116 τῶν
1025 2063 1233 2132 βροτῶν
1257 2064 1429 2127 τέλος,
1480 2064 1619 2128 ξένε,

267 2152 467 2206 Καινόν
490 2171 543 2205 τι
577 2154 900 2224 δυστύχημα
929 2155 1120 2226 θρήνει
1150 2157 1245 2208 καὶ¹
1276 2156 1472 2218 πάθος,

265 2244 523 2313 Κρύπτον
551 2247 760 2300 παλαιὰ
783 2246 1214 2317 δυστυχημάτων
1242 2247 1389 2318 πάθη
1412 2264 1428 2278 ο

263 2338 462 2408 Μήτηρ
485 2339 742 2402 θανοῦσα,
767 2340 931 2393 παῖδα
964 2340 1059 2392 νῦν
1084 2340 1390 2409 τεθνηκότα

268 2429 366 2480 ’ον
401 2430 640 2499 γαστρὸς
665 2429 814 2483 ἔνδον
846 2429 1108 2501 ἐξέθρεψε
1152 2431 1282 2500 πρὶν
1313 2429 1532 2500 βρέφος.

269 2523 364 2575 Ὃν
390 2525 612 2594 ἐκράτει
643 2525 773 2595 πρὶν
806 2526 1104 2595 μητρυιαῖς
1135 2527 1192 2577 ὲν
1218 2525 1467 2590 ὠλέναις,

267 2617 425 2685 Ἔχει
455 2616 696 2670 λαϐοῦσα
722 2618 917 2686 νεκρὸν
947 2618 1007 2671 ὲν
1030 2621 1148 2680 ταῖς
1176 2617 1468 2686 ἀγκάλαις.

265 2701 359 2770 lii;
389 2708 595 2777 τύμϐος
625 2711 807 2773 αὐτοῖς
850 2708 1046 2772 κοινὸς,
1077 2708 1153 2772 ὡς
1174 2709 1390 2780 γαστὴρ
1415 2709 1536 2779 μία.

265 2801 435 2869 Κοινὴ
462 2800 517 2852 δὲ
547 2801 751 2872 μήτηρ.
785 2800 988 2872 μητρὸς
1020 2801 1052 2872 ή
1079 2801 1150 2869 γῆ
1187 2799 1282 2853 καὶ
1311 2803 1504 2854 τέκνου
1527 2817 1541 2832 ο

262 2889 453 2960 ’Δρκεῖ
490 2889 726 2958 μαλάξαι
752 2892 842 2944 καὶ
873 2891 1038 2944 λίθων
1074 2891 1320 2961 σκληρὰν
1346 2890 1508 2960 φύσιν

263 2979 369 3031 Καὶ
397 2979 571 3032 ταῦτα
605 2981 823 3043 πάντως
852 2998 866 3010 ο
902 2980 1043 3050 πλὴν
1074 2979 1134 3032 τὸ
1163 2979 1361 3050 πικρὸν
1390 2978 1485 3032 τοῦ
1516 2978 1724 3044 πάθους

261 3071 430 3124 υῦπω
465 3058 734 3138 λέλεκται,
771 3073 876 3127 κᾶν
904 3090 986 3136 τις
1024 3072 1108 3144 ἴδη
1133 3071 1367 3145 δακρύῃ.

273 3164 337 3214 'll
370 3164 470 3232 μὲν
498 3165 606 3235 γάρ
634 3165 788 3235 ἀνδρὶ
812 3166 1111 3232 συζυγείσα
1140 3165 1276 3234 πρὸς
1303 3163 1504 3234 γάμον,

261 3249 406 3306 υῦπε
418 3272 448 3326 ρ
471 3256 532 3308 τὸ
564 3254 758 3319 κάλλος
800 3256 979 3308 πᾶσαν
1017 3255 1180 3324 ἧδυνε
1203 3253 1396 3323 φρένα,

1601 393 1949 454 (ᾺΒΜΙΝΑ
1987 393 2239 453 VARIA.

1885 516 1927 568 Α
1962 507 2212 574 Κράτους
2247 507 2302 558 δὲ
2328 507 2483 575 φήμη
2522 507 2702 558 πᾶσαν
2731 503 2972 573 ἐπλήρου
3008 500 3194 568 χθόνα,

3429 388 3534 452 906

1970 597 2171 666 Ἰεῖργον
2201 595 2471 666 μαχαίρας
2496 591 2636 648 εἶδεν
2667 596 2830 648 αὑτὸν
2859 595 2952 646 καὶ
2980 594 3186 659 ξίφους.

1964 688 2227 741 Τοσοῦτον
2253 691 2273 720 ⁸
2302 686 2584 754 συζήσασα
2614 686 2692 756 τῷ
2721 685 3039 755 πεφιλμένῳ

1964 779 2126 832 Ὅσον
2157 779 2357 850 φυῆναι
2397 780 2844 849 πρωτογέννητον
2867 778 3081 841 κλάδον,

1963 874 2073 925 Καὶ
2109 874 2206 924 σὺν
2242 873 2570 939 στεναγμοῖς
2604 873 3059 940 προσϐλέπουσαν
3092 872 3172 942 τῷ
3196 873 3373 941 τέκνῳ

1962 967 2197 1036 Μνήμην
2225 966 2435 1018 ἐκείνου
2456 963 2555 1018 τοῦ
2587 964 2910 1034 παθήματος
2937 966 3127 1036 φέρειν
3154 984 3166 995 ·

1965 1057 2028 1109 Ἀ
2040 1075 2166 1127 μφω
2194 1056 2632 1111 καταστένουσαν
2655 1058 2721 1109 ὲκ
2753 1056 3116 1126 θρηνημάτων
3140 1075 3154 1090 ο

1961 1149 2045 1216 Πῆ
2079 1148 2178 1217 μὲν
2203 1148 2264 1199 τὸ
2293 1149 2482 1202 τέκνον
2511 1149 2720 1217 πατρδς
2741 1147 3178 1218 ὼρφανισμένον,

1962 1242 2043 1310 Πῆ
2076 1242 2121 1294 δ’
2155 1236 2221 1294 αὖ
2248 1241 2299 1308 γ’
2333 1241 2532 1310 ἑαυτὴν
2564 1241 2757 1310 ἀνδρὸς
2787 1241 3180 1311 ἐστερημένην.

1971 1332 2028 1380 Ὅ
2056 1331 2102 1383 δ’
2133 1331 2306 1400 ὲκφὺς
2328 1332 2466 1402 αὐτῇ
2496 1333 2734 1401 πρῶτος,
2759 1332 2792 1400 ἢ
2833 1331 3035 1401 μᾶλλον
3069 1332 3252 1400 μόνος.

1962 1421 2319 1491 ’Λναδραμὼν
2343 1422 2420 1485 ὼς
2453 1423 2607 1492 ἔρνος
2633 1422 2836 1491 ὡραῖος
2863 1422 3004 1486 νέος,

1970 1513 2120 1566 Ἐπεὶ
2152 1513 2290 1583 πρὸς
2318 1513 2469 1585 ὤραν
2495 1509 2630 1584 ἦκεν
2655 1514 2838 1582 ἀκμῆς
2860 1514 2954 1567 καὶ
2977 1514 3181 1584 γάμου,

1955 1598 2100 1672 Ἦψε
2130 1603 2185 1655 δὲ
2205 1602 2466 1674 λαμπρὰς
2490 1601 2781 1671 λαμπάδας
2810 1603 3140 1672 γαμηλίους,

1956 1695 2132 1757 Εὐθὺς
2164 1694 2264 1764 μὲν
2302 1693 2565 1764 ἐστέρητο
2587 1692 2681 1746 καὶ
2710 1692 2804 1744 τοῦ
2834 1692 3072 1760 συζύγου

1958 1787 2096 1853 Μηδ’
2127 1785 2421 1854 ὲκφυέντος
2455 1785 2646 1848 παιδὸς
2677 1785 2801 1838 ἀντὶ
2834 1786 3091 1856 μητέρος.

1888 1874 1933 1930 Β
1965 1879 2143 1943 Ζήσας
2164 1877 2220 1929 δὲ
2242 1877 2428 1929 λοιπὸν
2464 1874 2660 1947 μικρὸν
2687 1875 2887 1944 ἄζυγος
2920 1879 3130 1946 χρόνον,

1957 1970 2110 2022 Ἐπεὶ
2139 1971 2255 2039 μετ’
2285 1969 2498 2038 ἀνδρῶν
2523 1969 3111 2040 συγκατηριθμημένος

1955 2063 2198 2133 Πρώτοις
2229 2061 2424 2123 ἰούλοις
2455 2062 2677 2125 ἐσκίαζε
2699 2062 2798 2133 τὴν
2821 2063 3004 2131 γένυν,

1951 2154 2064 2206 Καὶ
2095 2153 2293 2216 κάλλος
2327 2154 2504 2224 mea,
2530 2156 2625 2208 καὶ
2655 2156 2948 2226 προσώπου
2978 2156 3284 2228 τερπνότης

1953 2242 2150 2312 Ἥριζε
2182 2244 2497 2316 φαιδρότητι
2530 2247 2598 2317 τῇ
2622 2247 2732 2300 τῶν
2761 2247 3030 2316 ἀστέρων,

1957 2336 2146 2402 ’Λφνω
2180 2335 2371 2407 βαρείᾳ
2397 2337 2492 2390 καὶ
2515 2337 2832 2409 δυσαντήτῳ
2865 2339 3007 2410 νόσῳ

1954 2426 2081 2480 Ἐπὶ
2105 2426 2260 2497 ξένης
2282 2429 2386 2497 γῆς
2411 2430 2738 2484 ἐκκόπτεται
2764 2432 2880 2503 βίου
2908 2449 2924 2465 ο

1956 2520 2193 2590 Ἀωρος.
2225 2521 2373 2591 οἶμοι
2395 2522 2406 2576 !
2443 2526 2537 2578 καὶ
2563 2525 2668 2596 πρὸ
2695 2525 2890 2596 καιροῦ
2913 2529 3012 2596 τῆς
3039 2529 3275 2602 τρύγης.

1952 2611 2064 2663 Καὶ
2104 2613 2274 2682 μητρὶ
2304 2614 2483 2667 κοινὸν
2514 2616 2918 2689 συγκατῴκησε
2944 2621 3134 2689 τάφονο

1949 2703 2185 2756 Διπλοῦν
2213 2705 2276 2757 τὸ
2302 2706 2496 2771 πένθος
2528 2708 2638 2761 τῶν
2663 2711 2988 2780 στεναγμῶν
3017 2717 3113 2768 καὶ
3141 2716 3286 2782 γόων

1952 2798 2030 2864 Τῇ
2069 2798 2237 2868 μητρὶ
2265 2798 2472 2868 μητρὸς
2501 2802 2596 2854 καὶ
2619 2800 2812 2865 διπλᾶς
2842 2803 3013 2858 λιπὼν
3042 2807 3272 2876 φλόγας,

1952 2887 2113 2949 "Huc
2138 2889 2199 2939 τὸ
2223 2889 2413 2942 τέκνον
2440 2892 2537 2944 καὶ
2565 2892 2626 2945 τὸ
2648 2892 2742 2946 τοῦ
2769 2895 2960 2949 τέκνου
2988 2899 3180 2951 τέκνον

1966 2977 2171 3031 ’ίδοῦσα
2199 2980 2364 3050 κοινῷ
2393 2981 2488 3034 νῦν
2512 2981 2647 3054 λίθῳ
2673 2989 3060 3057 κεκρυμμένα,

1957 3070 2156 3141 Ἀλλης
2190 3072 2393 3142 Νιόϐης
2424 3075 2723 3146 δυστυχοῦς
2754 3077 2902 3134 ἕλκει
2944 3081 3082 3152 βίον,

1955 3163 2178 3231 ίιικρὸν,
2206 3165 2659 3228 πολυστένακτον.
2688 3170 2956 3226 ἀντλοῦσα
2979 3176 3193 3243 χρόνον.

1966 3254 2125 3319 Ἀλλ’,
2145 3248 2190 3308 ὦ
2213 3257 2458 3311 κάτοικοι
2490 3258 2647 3312 τοῦδε
2679 3261 2774 3315 τοῦ
2809 3263 3064 3336 λαμπροῦ
3095 3269 3283 3337 δόμου,

267 3453 421 3493 antea
481 3439 666 3494 aureis
697 3437 993 3493 decorabat
1035 3435 1330 3507 panOpliis,
1393 3453 1516 3492 mox
1580 3435 1852 3491 involutus
1876 3458 1921 3520 ο
1957 3438 2087 3494 loris
2115 3455 2241 3509 pars
2267 3443 2520 3498 acerbior
2554 3445 2794 3500 nondum
2855 3451 3099 3518 exposita
3123 3461 3224 3516 est,
3282 3457 3533 3523 quamvis

267 3537 605 3581 mortuorum
635 3537 866 3580 ornatus
891 3541 1047 3595 gero,
1098 3531 1190 3594 qui
1216 3524 1337 3578 dedi
1392 3541 1543 3580 meas
1593 3526 1850 3578 victorias
1951 3534 2042 3602 qui
2075 3535 2268 3588 viderit
2293 3537 2643 3607 lacrymetur.
2669 3538 2804 3594 Nam
2835 3542 2954 3597 viro
2978 3545 3288 3613 nuptiarum
3323 3547 3534 3604 [αξιιιυνο

262 3621 618 3675 celebrandas
643 3621 777 3690 lyra,
813 3635 961 3673 nunc
990 3619 1435 3684 ludibrium,heu
1461 3619 1473 3672 l
1500 3619 1847 3671 theatralium
1947 3629 2159 3695 juncta,
2201 3628 2362 3697 cujus
2408 3632 2763 3700 pulchritudo
2791 3635 3029 3704 ιυιηιιειι,
3079 3639 3319 3692 animam
3383 3641 3534 3697 delc-

266 3715 543 3768 ludorum.
585 3715 831 3766 Mearum
887 3726 1149 3763 manuum
1218 3710 1412 3776 igneus
1470 3726 1644 3780 nuper
1674 3711 1845 3777 vigor.

264 3807 496 3876 pectoris
527 3807 683 3860 istius
711 3805 1021 3858 animosum
1061 3804 1249 3862 robur.
1283 3818 1429 3856 nunc
1468 3801 1696 3870 frigidus
1724 3802 1846 3870 pul-

273 3902 356 3954 vis
389 3911 441 3954 et
464 3900 686 3968 putidus
725 3897 929 3951 fmtor:
979 3896 1129 3949 lloris
1181 3894 1534 3965 pulchritudo
1586 3895 1686 3948 ista
1721 3910 1846 3947 ova.

260 3994 401 4047 nuit.
458 3991 750 4062 Fulgentes
777 4002 934 4058 togzc,
958 3988 1209 4058 egregius
1263 3986 1474 4056 imperii
1534 3996 1845 4055 apparatus,

259 4095 560 4154 sceptrum.
600 4084 876 4146 diadema,
908 4095 1112 4134 aureus
1175 4079 1430 4141 thronus,
1491 4079 1676 4131 omnia
1717 4093 1845 4130 eva-

260 4188 522 4233 nuerunt.
556 4175 735 4230 Tuum
770 4189 898 4229 vero
952 4173 1292 4226 tremendum
1352 4171 1486 4224 mihi
1533 4170 1709 4224 solum
1735 4181 1844 4223 tre-

261 4271 541 4336 mendum,
611 4285 645 4322 o
673 4267 840 4338 judex
871 4276 930 4320 et
965 4281 1057 4319 rex
1092 4281 1270 4330 meus,
1328 4275 1535 4328 manet,
1569 4273 1695 4335 post
1731 4266 1847 4319 haec

258 4363 467 4424 omnia,
496 4362 608 4430 jam
659 4360 1048 4421 condemnato,
1084 4358 1375 4427 judicium.
1419 4355 1525 4410 Sed
1554 4356 1844 4410 miseratus

259 4457 390 4510 mihi
428 4456 630 4508 viscera
677 4454 729 4505 in
763 4452 970 4521 judicio
994 4451 1236 4513 exhibe;
1269 4459 1326 4503 ut
1385 4450 1638 4502 Manasse
1690 4447 1842 4514 regi;

259 4549 384 4603 licet
407 4549 701 4601 multitudo
727 4547 992 4600 scelerum
1041 4552 1260 4612 superet
1289 4542 1569 4594 stellarum
1596 4539 1831 4593 multitu-

257 4643 440 4696 dinem
500 4651 553 4696 et
583 4655 780 4694 arenas
821 4638 1012 4700 maris,
1045 4645 1197 4689 tuum
1254 4648 1389 4702 opus
1441 4647 1542 4700 ego
1599 4647 1842 4701 quoque,

257 4753 506 4808 opusque
536 4737 831 4805 digitorum
870 4742 1112 4786 tuorum.

1047 4844 1101 4878 Ο.

329 4924 544 4978 Deflens
573 4935 921 4978 communem
942 4917 1253 4971 mortalium
1285 4916 1472 4976 linem,
1510 4914 1703 4977 viator,
1742 4931 1837 4967 uo-

263 5029 386 5069 vuni
414 5015 690 5087 quoddam
732 5011 1092 5066 infortunium
1132 5017 1186 5062 et
1214 5007 1459 5060 dolorem
1493 5005 1650 5065 delle,
1691 5015 1839 5058 vete-

269 5122 392 5160 rum
418 5108 848 5162 infortuniorum
879 5104 1096 5157 dolores
1129 5102 1457 5154 vincentem.
1508 5099 1672 5151 Mater
1693 5113 1840 5151 mor-

264 5210 380 5265 tua,
419 5205 583 5256 filium
626 5217 773 5255 nunc
809 5209 1112 5262 mortuum,
1146 5210 1306 5268 quem
1347 5204 1505 5249 antea
1539 5193 1678 5246 intra
1720 5201 1838 5244 ute-

262 5309 384 5346 rum
413 5292 670 5347 infantem
692 5294 846 5354 aluit,
875 5308 1037 5362 quem
1070 5300 1229 5343 antea
1255 5290 1519 5341 maternis
1547 5286 1691 5338 ulnis
1741 5299 1834 5352 ge-

264 5386 466 5445 stabat.
495 5394 641 5439 tenet
697 5395 974 5440 mortuum
1004 5382 1245 5438 brachiis
1297 5379 1654 5448 amplectens.
1689 5373 1838 5429 Unus

264 5481 349 5532 his
365 5480 674 5533 communis
706 5479 974 5540 tumulus,
1002 5488 1060 5531 ut
1094 5485 1279 5529 venter
1301 5489 1442 5527 unus
1465 5513 1479 5537 ,
1506 5468 1839 5524 communis-

261 5588 370 5642 que
394 5582 588 5634 mater,
622 5572 812 5624 matris
846 5583 897 5624 et
931 5571 1024 5624 ﬁlii
1073 5581 1217 5623 terra
1250 5588 1262 5622 :
1299 5568 1413 5620 haec
1458 5563 1642 5616 omnia
1696 5561 1843 5614 sulli-

262 5665 673 5734 ciuntlapidum
706 5665 900 5718 duram
923 5672 1178 5716 naturam
1207 5661 1455 5722 mollire;
1483 5667 1718 5709 attamen
1744 5654 1842 5706 do-

333 5852 355 5883 '
384 5851 608 5904 τοσοῦτο
635 5849 760 5902 cod.

583 5947 853 6004 Pn‘uOL.
891 5944 1008 6002 (in.
1046 5939 1194 5999 (Νι.

1950 3722 2151 3786 etabat,
2224 3723 2780 3784 victoriarumfama
2869 3735 3043 3782 totum
3139 3729 3381 3798 replebat
3440 3748 3535 3787 or-

1955 3813 2096 3875 bem.
2128 3813 2403 3867 victimam
2429 3816 2591 3882 gladii
2615 3817 2751 3871 vidit
2786 3819 2936 3871 illum
2981 3830 3035 3873 et
3064 3821 3214 3874 ensis
3254 3839 3268 3886 ;
3319 3831 3530 3878 tantum

1952 3905 2165 3959 vixerat
2189 3922 2313 3959 cum
2338 3917 2522 3961 amato
2565 3909 2797 3978 conjuge
2831 3919 2888 3962 ut
2943 3911 3370 3981 primogenitum
3418 3931 3543 3968 sm"

1949 3995 2134 4048 culum
2165 3997 2511 4063 produceret.
2547 3998 2760 4052 Etcum
2805 4001 3098 4068 gemitilms
3157 4010 3344 4056 natum
3384 3995 3531 4071 aspl-

1949 4088 2204 4151 cientem.
2225 4088 2366 4144 ferre
2382 4091 2672 4158 oportebat
2698 4092 2860 4160 hujus
2878 4091 3160 4148 infortunii
3182 4098 3528 4163 memoriam,

1949 4185 2142 4238 ambos
2173 4184 2427 4254 lacrymis
2475 4185 2870 4254 deplorantem.
2924 4185 3025 4242 Hic
3076 4190 3295 4258 quidem
3316 4203 3530 4258 natum,

1950 4288 2106 4348 patre
2141 4278 2416 4344 orbatum,
2461 4279 2572 4333 illic
2608 4294 2739 4333 vero
2780 4280 3015 4350 seipsam
3057 4282 3176 4336 viro
3229 4283 3528 4343 viduatam.

1952 4371 2045 4425 Ille
2093 4381 2272 4425 autem
2309 4387 2472 4440 quem
2519 4372 2753 4441 primum
2795 4374 3027 4442 peperit,
3077 4385 3171 4428 aut
3197 4379 3380 4445 potius
3409 4381 3534 4434 uni-

1947 4481 2092 4526 cum,
2123 4479 2376 4518 crescens
2405 4476 2462 4519 ut
2491 4465 2715 4534 pulchra
2753 4474 2806 4518 et
2839 4472 3025 4520 tenera
3064 4468 3268 4535 planta,
3301 4486 3427 4524 cum
3460 4473 3529 4526 ad

1946 4568 2159 4613 aetatem
2186 4559 2334 4614 venit
2357 4558 2739 4613 adolescentiae
2771 4569 2824 4613 et
2857 4561 3200 4628 nuptiarum,
3249 4565 3529 4620 accendit-

1947 4663 2056 4718 que
2087 4647 2360 4715 fulgentes
2389 4647 2657 4718 bymenmi
2699 4647 2891 4711 laedas,
2919 4649 3104 4702 statim
3167 4652 3422 4707 viduatus
3447 4664 3533 4708 est
3559 4673 3565 4678 ·

1946 4739 2200 4810 conjuge,
2221 4740 2369 4792 nullo
2386 4741 2578 4795 relicto
2597 4755 2695 4811 pro
2719 4751 2891 4795 matre
2910 4755 3099 4810 puero.
3131 4739 3332 4798 Vivens
3347 4758 3526 4800 autem

1867 4854 1923 4915 D
1951 4841 2138 4903 postea
2169 4832 2386 4885 brevem
2421 4833 2538 4885 sine
2560 4831 2815 4901 conjugio
2836 4832 3025 4898 vitam,
3061 4849 3184 4887 cum
3230 4837 3345 4904 jam
3397 4837 3528 4890 viris

1946 4933 2339 4979 annumeratus
2384 4923 2574 4992 primis
2619 4923 2974 4977 adumbraret
3037 4925 3160 4992 pilis
3227 4938 3418 4993 genas,
3472 4935 3526 4977 et

1945 5017 2115 5072 forma
2151 5017 2366 5071 floreret
2415 5026 2471 5070 et
2505 5016 2686 5069 vultus
2713 5015 2905 5084 gratia,
2935 5016 3218 5084 nitoreque
3249 5025 3524 5070 astrorum

1943 5115 2174 5165 nitorem
2195 5110 2455 5173 vinceret,
2475 5117 2695 5178 repente
2725 5108 2874 5176 gravi
2895 5117 2950 5160 et
2970 5107 3300 5161 intolerabili
3330 5112 3524 5159 morbo

1943 5205 1995 5259 in
2028 5217 2171 5258 terra
2198 5204 2367 5257 aliena
2387 5216 2415 5254 e
2432 5202 2539 5254 vita
2569 5199 2798 5263 tollitur,
2819 5208 2946 5252 ante
2970 5199 3136 5261 diem,
3165 5199 3289 5252 heu!
3313 5209 3366 5251 et
3387 5209 3525 5251 tem-

1942 5311 2047 5365 ptls
2089 5292 2442 5353 maturitatis,
2461 5298 2514 5343 et
2529 5289 2721 5343 matris
2737 5301 3028 5342 commune
3062 5286 3523 5354 babitavitsepul-

1941 5403 2036 5442 cru
2047 5383 2403 5455 m.Duplicem
2422 5383 2788 5451 Iacrymarum
2804 5387 2854 5432 et
2869 5379 3166 5447 gemituum
3183 5377 3524 5445 lucttnnlma-

1945 5484 2043 5536 tris
2064 5480 2222 5535 matri
2248 5477 2527 5548 linquebat
2542 5485 2596 5529 et
2612 5474 2881 5544 duplicem
2905 5472 3176 5532 dolorem,
3191 5486 3311 5552 quae
3350 5471 3520 5523 ﬁlium

1944 5583 1997 5628 ct
2031 5571 2122 5625 lilii
2158 5569 2327 5622 filium
2354 5567 2541 5620 videns
2570 5563 2852 5618 communi
2889 5575 3034 5615 nunc
3062 5561 3239 5630 lapide
3268 5557 3524 5613 recondi-

1947 5681 2052 5737 tos,
2083 5664 2310 5721 alterius
2332 5663 2531 5718 Niobes
2561 5660 2820 5746 miseram
2852 5659 3015 5712 vitam
3039 5657 3520 5721 trahit,amarum,

3089 5849 3236 5961 ‘29
