4232 6434
260 546 337 596 Οὐ
364 541 490 604 τοὺς
521 541 754 609 φυέντας
781 539 1046 608 ἀγκάλαις
1068 541 1188 603 ταῖς
1225 541 1342 601 σαῖς
1370 537 1618 601 κλάδους,

261 636 401 697 Τοὺς
435 633 533 703 μὲν
570 632 846 703 μαχαίρας
873 629 1036 702 ἔργον
1057 625 1196 694 εῐδες
1226 631 1284 683 ἐν
1315 629 1517 700 μάχαις

274 728 372 779 Ἐκ
397 724 680 793 συγγενῶν
714 724 1038 786 πίπτοντας.
1069 722 1218 793 οἶμοι
1246 721 1341 775 τοῦ
1366 721 1605 782 πάθουςί

263 819 404 880 Τοὺς
435 817 479 869 δ’
514 817 637 869 ἀντὶ
657 815 926 886 λαμπρῶν
948 816 1043 868 καὶ
1066 814 1248 868 καλῶν
1280 812 1597 882 ἀνακτόρων

263 910 480 977 Νήσους
505 911 743 980 ἐρήμους
771 908 867 962 καὶ
900 908 1186 978 φάραγγας
1209 906 1303 960 καὶ
1333 905 1562 976 πέτρας

265 1001 575 1072 Κριθέντας
603 1001 797 1065 οἰκεῖν,
829 1001 930 1071 τὴν
960 1001 1132 1070 πνοὴν
1157 998 1560 1071 μετρουμένους
1583 1013 1600 1062 ;

265 1094 378 1146 Καὶ
411 1093 606 1158 ταῦτα,
635 1093 738 1162 φεῦ
763 1095 776 1146 l
809 1093 1116 1162 πάσχοντες
1145 1091 1211 1156 (ῶ
1233 1091 1345 1144 τῶν
1364 1089 1650 1160 κριμάτων

266 1185 389 1237 Τῶν
419 1184 547 1251 σῶν,
588 1185 880 1251 δικαστάί)
905 1184 1004 1256 τὴν
1037 1183 1237 1254 λιθώδη
1261 1182 1494 1254 καρδίαν

265 1277 458 1339 Οὐδεὶς
494 1278 784 1347 μαλάσσει,
818 1278 1104 1332 σπένδεται
1141 1278 1221 1348 τῷ
1254 1275 1504 1347 πλησίον,

267 1373 379 1424 Καὶ
416 1372 652 1444 δάκρυον
682 1375 768 1442 χεῖ
800 1372 1097 1443 φάρμακον
1124 1374 1424 1442 σωτηρίας.

282 1464 421 1515 ’Λλλ“
446 1466 596 1534 ἥλιος
636 1466 735 1534 μὲν
764 1466 845 1527 είς
871 1465 1060 1526 σκότος
1087 1463 1466 1534 μετεστράφη.

269 1558 378 1609 Καὶ
407 1559 507 1627 τῆς
534 1559 768 1628 σελήνης
795 1559 997 1626 φέγγος
1021 1556 1395 1628 ὲξαπεκρύὸη,

271 1648 382 1700 Καὶ
407 1647 591 1710 καινὸς
622 1648 800 1718 ἀστὴρ
833 1648 1019 1717 θαῦμα
1056 1648 1294 1710 πίστεως
1319 1647 1470 1711 ξένον

273 1739 483 1810 Καινῆς
507 1739 554 1793 δ’
584 1740 822 1811 ἀνήφθη,
848 1740 952 1808 τῆς
981 1740 1025 1792 δ’
1059 1740 1200 1811 ἐμῆς
1223 1739 1500 1812 ῥᾳθυμίας

270 1832 548 1902 Δογισμδς
579 1832 776 1895 οὐδεὶς,
809 1833 933 1886 οὐδὲ
967 1833 1076 1886 τῶν
1107 1833 1492 1902 ἐγκλημάτων.

284 1923 423 1976 Ἀλλ’
454 1924 613 1977 ῖλεὼν
649 1941 742 1995 μοι
767 1924 961 1991 δεῖξον,
1000 1925 1178 1991 ἵλεων,
1206 1925 1371 1993 Λόγε,

271 2017 372 2070 Σδν
390 2017 545 2087 ὄμμα
563 2017 824 2088 χρηστὸν,
857 2017 1069 2072 παῦσον
1095 2016 1535 2089 άλληλοφθόρους

273 2108 516 2176 Σφαγάς,
542 2108 775 2174 ἁλώσεις
802 2111 1081 2180 δεσμίους,
1112 2109 1314 2180 μάχας,
1341 2109 1583 2172 στάσεις,

272 2200 476 2267 Φυγάς,
500 2199 734 2267 διώξεις,
761 2201 1041 2273 ἁρπαγάς,
1081 2204 1295 2268 ποινάς,
1331 2203 1544 2274 κρίσεις
1566 2219 1583 2235 ·

278 2294 594 2364 ’ῼκτειρας,
623 2289 764 2355 οἶδα,
798 2295 894 2348 καὶ
921 2295 1113 2349 Νινευῖ
1133 2296 1234 2367 τῂν
1259 2297 1436 2363 πόλιν,

277 2385 388 2438 Καὶ
412 2385 542 2440 λαὸν
570 2387 809 2458 ἠλέησας
841 2390 1204 2458 ἡμαρτηκότα
1227 2405 1245 2421 ο

277 2479 377 2532 Σὸν
408 2479 662 2548 ποίμνιον
682 2483 812 2550 γάρ,
839 2483 1001 2535 ὢνιον
1031 2483 1143 2536 σῶν
1166 2483 1436 2552 αίμάτων.

277 2567 354 2640 Σὴ
385 2569 596 2641 μάνδρα
626 2572 802 2639 κάγὼ,
829 2571 1034 2642 Χριστέ
1053 2588 1067 2602 ο
1103 2572 1278 2625 ταῦτα
1307 2571 1374 2643 σὴ
1403 2572 1560 2635 πόλις

279 2663 409 2733 Βοᾷ,
442 2664 598 2727 πόλις
623 2665 714 2733 σὴ,
747 2668 820 2734 μὴ
862 2665 1214 2735 παραϐλέψῃ,
1249 2666 1467 2735 βλέπων

279 2753 486 2807 Κακῶν
520 2753 792 2818 ἀϐύσσους
817 2773 830 2786 ·
865 2756 1028 2826 μέχρι
1052 2759 1164 2826 γὰρ
1187 2758 1334 2820 τίνος
1365 2755 1517 2809 πόνοι
1543 2772 1558 2821 ;

283 2892 358 2946 ς’.
389 2887 492 2952 Εἰς
523 2904 666 2952 τους
706 2890 917 2958 ἁγίους
947 2889 1147 2976 πέντε..
1182 2889 1557 2969 ξὺστρὰτιον
1590 2889 1688 2944 καὶ
1730 2889 1872 2956 τοὺς

920 2975 1049 3012 συν
1068 2977 1251 3024 αυτῳ.

306 3095 491 3164 Ξῖληφε
527 3097 735 3160 πεντὰς
763 3097 1061 3166 μαρτύρων
1095 3099 1259 3149 πέντε
1290 3097 1482 3165 στέφη.

298 3189 356 3241 '0
391 3189 434 3240 δ’
467 3190 798 3258 Εὐστράτιος
829 3191 990 3242 πέντε
1014 3189 1304 3260 λαμϐάνει.
1333 3188 1511 3249 Μόνος

296 3281 616 3350 Ἑλληνικὴν
644 3282 837 3351 ῆλεγξε
871 3281 1308 3351 μυθοπλαστὶαν’

290 3374 597 3441 Ἥγρευσεν
629 3375 909 3441 Εὑγένιον,
935 3374 1144 3445 ἤσκησε
1172 3374 1344 3442 στόμα

288 3578 528 3646 praedam
550 3579 602 3631 in
629 3580 867 3649 pugnisa
891 3580 1138 3649 cognatis
1170 3580 1407 3634 cadere?
1438 3581 1572 3649 proh
1597 3579 1873 3633 dolorem!

290 3684 393 3737 pro
429 3669 734 3739 magnificis
775 3679 830 3724 et
864 3672 1034 3725 vastis
1069 3671 1312 3741 palatiis,
1349 3672 1557 3726 insulas
1599 3672 1875 3734 desertas,

292 3762 559 3831 gurgites,
600 3772 804 3832 petras,
849 3764 1248 3819 condenmatos
1301 3764 1571 3827 habitare,
1624 3765 1879 3833 spiritum

295 3854 377 3908 vel
406 3855 670 3909 habentes
700 3856 1125 3910 mensuratum?
1161 3865 1219 3910 et
1263 3855 1378 3910 haec
1415 3857 1707 3925 patientes,
1739 3856 1875 3910 heul

295 3947 692 4000 sententiarum
717 3954 958 4010 tuarum,
983 3947 1173 4015 judex,
1212 3962 1440 4002 saxeum
1483 3949 1719 4018 rigorem
1749 3948 1875 4002 nul-

294 4039 382 4092 lus
408 4038 622 4093 mollire
655 4047 870 4108 potest;
899 4039 1152 4108 proximo
1175 4039 1583 4105 reconciliatur,
1605 4049 1660 4093 et
1693 4037 1876 4093 ﬂetum

300 4130 479 4183 fundit
514 4129 706 4185 salutis
743 4130 1072 4185 remedium.
1114 4130 1224 4185 Sed
1259 4132 1344 4186 sol
1377 4131 1598 4200 quidem
1635 4131 1689 4184 in
1727 4140 1879 4184 tene-

300 4224 426 4275 laras
454 4236 755 4276 conversus
802 4233 906 4286 est,
949 4233 1004 4278 et
1049 4223 1193 4278 lunae
1230 4223 1410 4292 fulgor
1443 4225 1655 4278 velatus
1695 4232 1799 4288 est,
1824 4235 1881 4278 et

298 4332 502 4370 novum
557 4323 794 4381 astrum,
838 4316 964 4370 fidei
1022 4331 1176 4371 novre
1206 4316 1487 4370 insolitum
1545 4316 1880 4386 prodigium,

297 4406 540 4472 effulsit;
591 4422 728 4462 mea:
792 4419 974 4462 autem
1025 4407 1297 4463 socordiae
1354 4408 1496 4460 ratio
1553 4408 1724 4470 nulla,
1784 4423 1879 4462 ne-

300 4515 406 4568 que
438 4499 745 4567 culparum.
781 4499 890 4554 Sed
930 4500 1223 4553 miseratus
1252 4499 1385 4552 mihi
1434 4499 1683 4561 ostende,
1712 4499 1876 4553 mise-

303 4591 481 4647 ricors
537 4591 797 4655 Verbum,
848 4602 998 4646 tuum
1054 4592 1377 4646 clementem
1420 4592 1659 4655 oculum,
1717 4591 1876 4644 linem
1917 4628 1959 4681 ῃ

303 4683 523 4750 impone
552 4685 759 4737 mutuis
786 4684 1026 4737 caulibus
1056 4682 1306 4752 publicis,
1343 4681 1532 4743 ruinis,
1556 4681 1774 4749 pugnis,
1796 4695 1881 4733 sc-

302 4776 627 4839 ditionibus,
687 4775 855 4844 fugis,
898 4775 1395 4844 persecutiouibus,
1426 4773 1724 4836 violentiis,
1752 4787 1885 4840 sup-

307 4869 507 4938 pliciis,
559 4870 806 4937 judiciis.
878 4868 1140 4923 Misertus
1171 4885 1254 4932 es,
1288 4869 1426 4930 scio,
1459 4868 1670 4920 Ninivm
1709 4867 1881 4930 urbis,

305 4972 360 5015 et
401 4961 599 5029 populo
642 4962 932 5030 pepercisti
998 4963 1298 5028 peccatori;
1336 4971 1488 5015 tuum
1535 4961 1679 5013 enim
1721 4960 1880 5023 ovile,

308 5053 541 5120 pretium
584 5052 661 5104 tui
703 5052 1008 5120 sanguinis,
1040 5052 1251 5105 mansio
1274 5061 1359 5105 tua
1392 5061 1446 5105 et
1484 5068 1603 5120 ego,
1635 5051 1883 5115 Christe;

313 5146 427 5197 haec
468 5153 558 5197 tua
592 5145 789 5197 civitas
831 5145 1058 5209 clamat,
1094 5154 1184 5197 tua
1240 5155 1323 5197 est
1368 5144 1584 5205 civitas,
1635 5159 1700 5196 ne
1740 5143 1884 5195 illam

308 5235 580 5302 despicias
603 5249 838 5288 cernens
864 5234 1133 5287 malorum
1169 5235 1414 5304 abyssos.
1448 5231 1582 5287 Nam
1610 5250 1718 5302 quo
1761 5249 1885 5302 pro-

308 5339 492 5393 gressa
525 5333 651 5378 sunt
679 5325 1015 5379 infortunia?

310 5461 365 5517 6.
397 5459 464 5516 In
499 5473 710 5517 sanctos
738 5466 987 5534 quinque,
1025 5463 1357 5518 Eustratium
1381 5475 1427 5517 et
1466 5465 1602 5518 alios
1625 5481 1739 5517 cum
1774 5465 1885 5518 illo.

383 5595 728 5666 Receperunt
750 5598 994 5668 quinque
1025 5607 1297 5669 martyres
1351 5614 1588 5653 coronas
1625 5599 1890 5668 quinque.

315 5688 627 5745 Eustratius
665 5701 845 5744 autem
886 5694 1132 5761 quinque
1155 5692 1380 5760 recipit;
1418 5691 1572 5744 solus
1615 5689 1892 5745 Hellenica

316 5787 498 5852 arguit
526 5797 871 5850 commenta;
921 5787 1225 5856 Eugenium
1256 5797 1481 5840 renatus
1504 5796 1607 5850 est,
1645 5801 1707 5840 os
1755 5784 1897 5838 Mar-

316 5876 454 5930 darii
510 5879 770 5933 instruxit
829 5891 1019 5933 contra
1084 5880 1324 5949 judicem
1366 5880 1617 5944 valentis;
1663 5882 1898 5934 lirmavit

1572 421 1919 482 CARMINA
1949 420 2212 481 VARIA.

1865 538 1915 596 Α
1941 536 2015 588 Τὸ
2047 531 2366 605 Μαρδαρίου
2399 531 2534 602 πρὸς
2555 530 2820 600 δικαστὴν
2842 529 3008 593 ὀξέως
3029 544 3043 557 .

3418 413 3524 479 910

1947 626 2197 696 Ἐρῤωσε
2232 622 2294 675 τὸ
2321 622 2580 692 φρόνημα
2612 622 2820 692 κάμνον
2864 621 3119 689 Ὀρέστου

1945 717 2091 784 Πρὸς
2125 715 2224 784 τὴν
2259 713 2492 784 ῥέουσαν
2523 715 2617 768 καὶ
2637 713 2896 785 σιδηρέαν
2929 713 3126 781 φλόγα.

1943 807 2057 862 Kal.
2082 807 2257 860 ταῦτα
2283 804 2519 876 πράξας,
2549 807 2647 858 καὶ
2672 805 2803 878 παρ’
2835 805 3054 878 ἐχθροῖς
3077 808 3336 878 τυγχάνει

1944 899 2143 962 Αἰδοῦς
2164 901 2193 952 ό
2219 899 2429 960 κλεινός
2453 915 2467 927 ⁸
2498 898 2634 953 άλλά
2661 899 2758 968 τῆς
2788 899 3100 970 προθυμίας

1950 994 2188 1046 ’Δκοντα
2220 991 2314 1044 τὸν
2343 991 2609 1062 τύραννον
2635 991 2784 1044 ἕλκει
2809 992 3091 1056 ποικίλως,

1949 1085 2062 1156 Τὴν
2088 1084 2268 1155 ψῆφον
2293 1084 2443 1154 αὐτῷ
2477 1083 2576 1154 τὴν
2594 1083 2860 1137 δοκοῦσαν
2895 1083 3171 1138 θεσπίσαι.

1949 1180 2061 1232 Καὶ
2087 1183 2224 1248 πρὸς
2253 1180 2314 1231 τὸ
2362 1177 2476 1248 πῦρ
2528 1178 2796 1230 ἔσπευσεν
2823 1177 2906 1239 ὡς
2944 1177 3195 1245 πέμπτον
3238 1179 3459 1248 στέφος.

1951 1273 2024 1325 Σὺ
2052 1272 2154 1340 μὲν
2193 1272 2363 1338 κάτω,
2397 1272 2654 1342 τύραννε,
2692 1270 2788 1340 τὴν
2823 1271 3099 1339 σιδηρέαν,

1955 1365 2104 1416 ’Λνω
2131 1363 2187 1416 δὲ
2219 1366 2454 1430 Χριστὸς
2481 1366 2718 1434 χρυσέαν
2761 1362 2905 1416 τιθεῖ
2933 1364 3146 1434 κλίνην,

1953 1454 2029 1506 Τὸ
2055 1454 2170 1522 φῶς
2192 1455 2642 1521 ἀπαυγάζουσαν,
2670 1455 2746 1517 ὡς
2775 1453 2918 1524 αὕτη
2942 1454 3142 1523 φλόγα.

2199 1588 2265 1652 ζ’.
2296 1591 2398 1654 Είς
2420 1588 2538 1655 τὴν·
2571 1589 2689 1641 τῶν
2737 1588 3040 1656 Ῥωμαίων
3067 1589 3296 1658 μάχην.

1971 1723 2188 1792 Δνῆκεν
2211 1725 2244 1793 ἡ
2271 1723 2343 1792 γῆ
2373 1722 2470 1776 τοῦ
2503 1722 2797 1797 δράκοντος
2826 1721 2924 1776 καὶ
2952 1720 3116 1774 πάλιν

1956 1815 2244 1883 Σπαρτοὺς
2263 1813 2528 1883 γίγαντας
2551 1813 2754 1884 ἄνδρας
2781 1812 3221 1886 ἀλληλοφθόρους
3243 1831 3260 1846 ⁹

1886 1883 1928 1939 Β
1952 1904 2150 1974 Θέαμα
2179 1906 2391 1970 καινὸν,
2415 1883 2916 1976 πρᾶγμαίπίστεως
2945 1883 3117 1973 ξένον.

1960 1997 2280 2069 Πάνχαλκος
2304 1999 2449 2068 δψις,
2476 1999 2810 2070 πανσίδηρος
2829 2001 2864 2070 ὴ
2901 2001 3087 2069 φύσις,

1961 2091 2238 2162 Ὅρμημα
2262 2089 2471 2164 θηρῶν,
2503 2091 2723 2162 βλέμμα
2753 2091 2928 2146 δεινὸν
2955 2093 3257 2164 γοργόνων.

1961 2183 2060 2248 Τίς
2083 2183 2128 2237 δ’
2154 2178 2223 2237 αὖ
2253 2184 2464 2247 ἐκεῖνος
2496 2184 2607 2237 τῶν
2641 2184 2918 2252 γιγάντων
2938 2185 3229 2255 ένστάτης,

1972 2275 2035 2329 '0
2061 2273 2234 2336 δεινὸς
2265 2268 2421 2337 οὗτος
2447 2277 2613 2329 πᾶσιν
2641 2276 2935 2345 ἐμπίπτων
2964 2277 3128 2346 μόνος

1979 2365 2067 2428 Ὠς
2092 2365 2437 2437 ἀλλόμορφος
2469 2367 2564 2420 καὶ
2593 2367 3134 2438 παρεξηλλαγμένος,

1966 2458 2221 2530 Χρυσοῦς
2249 2461 2310 2512 τὸ
2341 2459 2539 2524 κάλλος
2565 2462 2659 2514 καὶ
2690 2460 2942 2531 σιδηροῦς
2970 2461 3071 2532 τὴν
3101 2462 3299 2534 φύσιν;

1969 2550 2328 2621 Κινούμενος,
2361 2552 2494 2623 πῦρ,
2519 2552 2945 2623 ἐκκαλούμενος,
2983 2552 3142 2620 λέων,

1983 2641 2213 2709 Ἑστὼς,
2245 2643 2460 2713 ἀδάμας
2483 2661 2498 2674 ·
2532 2645 2722 2714 ἄργος,
2754 2646 2811 2697 έν
2831 2643 3018 2716 κύκλῳ
3038 2644 3276 2716 βλέπων,

1974 2735 2200 2790 Βλέπων
2227 2740 2513 2806 κεραυνὸς,
2542 2733 2684 2806 αἷμα
2703 2739 2799 2791 καὶ
2825 2739 2984 2806 φόνον
3006 2739 3189 2793 πνέων
3212 2756 3225 2770 ⁸

1974 2828 2092 2880 Οὐκ
2113 2827 2330 2896 ἀδάμας
2362 2845 2468 2893 τις,
2499 2829 2559 2881 ού
2593 2828 2836 2900 σίδηρος,
2858 2830 2922 2882 οὗ
2961 2829 3132 2896 λίθος,

1973 2917 2119 2970 Ἀλλ’
2149 2918 2270 2972 οὐδὲ
2299 2918 2555 2990 χρυσοῦς,
2585 2919 2707 2973 οὐδὲ
2733 2923 2800 2990 τῇ
2833 2918 2996 2988 φύσει
3022 2920 3210 2990 γίγας,

1977 3006 2120 3060 Ἀλλ’
2142 3006 2175 3077 ἢ
2201 3008 2359 3077 τριάς
2383 3010 2649 3078 κραθεῖσα
2670 3008 2779 3062 τῶν
2802 3011 3111 3081 ὶρασμίων,

1977 3099 2273 3168 Εὑανδρία,
2302 3100 2586 3170 φρόνησις,
2623 3100 2764 3172 ἀλκὴ
2799 3103 2935 3172 πρὸς
2959 3104 3176 3168 πόνους,

1981 3189 2208 3252 Ἔνυλος
2234 3189 2426 3260 ὥσπερ
2453 3191 2837 3261 συμπλακετσα
2872 3194 3008 3263 πρὸς
3033 3196 3220 3266 μάχην

1897 3245 1946 3302 c
1979 3281 2095 3349 Τῆς
2120 3245 2323 3353 ἀρετῆς
2349 3245 2589 3337 δεικνύσι
2613 3284 2710 3355 τὴν
2744 3287 2896 3355 ίσχὺν

1979 3374 2106 3438 Πῶς
2135 3376 2229 3428 καὶ
2250 3375 2522 3444 γιγάντων
2552 3379 2648 3430 καὶ
2673 3378 2906 3432 τιτάνων
2933 3381 2991 3432 ὲν
3023 3380 3226 3450 μάχαις

1978 3577 2318 3633 deﬁcientem
2343 3577 2524 3633 Oresti
2548 3579 2793 3634 animum
2843 3589 3034 3637 contra
3066 3583 3458 3642 circumfusam
3508 3592 3566 3644 et

1980 3668 2216 3722 ferream
2269 3668 2572 3725 ﬂammam.
2611 3669 2678 3724 Et
2728 3671 2844 3725 haec
2890 3688 3018 3728 cum
3047 3675 3250 3745 egisset
3279 3677 3363 3732 vel
3417 3680 3561 3749 apud

1979 3761 2238 3816 inimicos
2262 3761 2537 3816 invenitur
2563 3763 2773 3818 honore
2805 3764 3073 3831 famosus,
3113 3769 3208 3822 sed
3255 3784 3352 3839 per
3404 3770 3562 3828 forti-

1979 3855 2228 3909 tudinem
2253 3855 2484 3910 invitum
2522 3866 2816 3927 tyrannum
2867 3857 3084 3913 diverso
3123 3860 3287 3916 modo
3325 3863 3567 3930 _adducit

1987 3947 2054 4000 ad
2090 3949 2427 4003 sententiam
2454 3949 2917 4015 pronuntiandam
2951 3952 3113 4021 quale
3163 3953 3281 4024 ipse
3313 3957 3564 4025 volebat;

1986 4047 2040 4092 et
2095 4041 2162 4092 ad
2229 4039 2407 4109 ignem
2467 4041 2670 4096 volavit
2725 4051 2783 4095 ut
2824 4043 2893 4096 ad
2962 4043 3212 4111 quintam
3277 4062 3566 4105 coronam.

1987 4132 2072 4187 Tu
2113 4134 2333 4202 quidem
2382 4136 2667 4197 deorsum,
2715 4145 2969 4205 tyranne,
3019 4135 3277 4202 ferream,
3344 4156 3566 4196 sursum

1990 4235 2176 4280 autem
2207 4226 2465 4281 Christus
2495 4244 2716 4281 auream
2741 4231 2836 4282 dat
2858 4228 3130 4296 lecticam,
3169 4230 3290 4285 luce
3321 4235 3560 4303 resplen-

1987 4317 2227 4386 dentem,
2270 4330 2328 4374 ut
2367 4319 2472 4374 ista
2504 4319 2746 4376 flamma.

2345 4452 2394 4505 7.
2430 4453 2493 4507 In
2522 4453 2884 4507 Romanorum
2929 4472 3180 4524 pugnant.

2063 4589 2328 4644 Prodnxit
2353 4599 2497 4643 terra
2532 4604 2563 4644 c
2595 4589 2834 4644 dracone
2887 4591 3082 4644 iterum
3140 4591 3440 4646 seminatos
3483 4592 3569 4664 gi-

1990 4690 2203 4750 gantes.
2240 4682 2493 4736 homines
2554 4692 2743 4736 mutue
2793 4683 3136 4747 homicidas;
3188 4685 3565 4752 spectaculum

1998 4790 2225 4838 novum,
2263 4790 2351 4829 res
2380 4791 2408 4828 a
2446 4775 2548 4829 fide
2599 4777 2816 4840 aliena;
2849 4792 2990 4830 terea
3029 4776 3218 4842 facies,
3245 4777 3419 4831 ferrea
3471 4795 3568 4832 na-

1992 4876 2136 4928 tura,
2176 4865 2414 4919 ferarum
2467 4866 2724 4936 impetus,
2755 4877 3084 4936 conspectus
3114 4867 3374 4922 terribilis
3430 4859 3570 4921 Gur-

1988 4974 2213 5028 gonnm;
2233 4960 2357 5027 quis
2376 4969 2556 5012 autem
2591 4961 2692 5015 iste
2723 4962 3000 5029 gigantum
3016 4959 3389 5025 adversarius,
3421 4959 3570 5014 ferus

1989 5053 2094 5104 iste
2146 5052 2226 5104 vir
2264 5052 2413 5104 solus
2452 5052 2505 5103 in
2558 5067 2749 5104 omnes
2804 5053 3041 5114 irruens,
3086 5059 3345 5120 tanquam
3394 5052 3571 5105 forma

1995 5142 2306 5208 dissimilis,
2339 5157 2542 5196 aureus
2566 5142 2996 5209 pulchritudine,
3028 5150 3083 5195 et
3101 5139 3316 5194 ferreus
3338 5141 3573 5194 natura?

1991 5234 2135 5287 Motu
2156 5235 2316 5303 ignis,
2337 5237 2559 5287 nomine
2581 5235 2689 5298 leo,
2708 5234 2964 5288 firmitate
2980 5234 3227 5298 adamas,
3251 5233 3434 5295 albus,
3453 5233 3567 5287 cir-

1993 5327 2364 5388 cnmintuens,
2401 5325 2667 5378 fulmineo
2695 5336 2940 5394 aspectu,
2981 5326 3306 5395 sanguinem
3345 5334 3402 5379 et
3425 5340 3575 5379 mor-

1996 5429 2103 5472 tem
2136 5419 2388 5487 spirans?
2436 5417 2550 5471 Non
2585 5418 2835 5481 adamas,
2864 5433 2972 5472 non
3008 5417 3237 5480 ferrum,
3265 5433 3373 5471 non
3407 5417 3569 5486 lapis,

1993 5523 2048 5566 et
2077 5528 2254 5580 neque
2300 5527 2522 5576 aureus,
2561 5528 2736 5580 neque
2782 5523 2975 5566 natura
3031 5513 3215 5582 gigas;
3284 5509 3381 5564 sed
3436 5510 3573 5564 trias

1995 5607 2340 5676 egregiarum
2377 5622 2557 5659 rerum
2584 5607 2900 5668 commista,
2933 5605 3221 5668 fortitudo,
3257 5603 3571 5672 prudentia,

2001 5699 2053 5752 in
2083 5698 2358 5752 laboribus
2387 5699 2718 5760 constantia,
2743 5711 3002 5768 tanquam
3046 5697 3349 5752 materialis
3391 5705 3576 5750 osten-

1999 5789 2078 5842 dit
2111 5790 2327 5841 virtutis
2357 5803 2468 5841 sure
2502 5789 2670 5840 robur
2708 5795 2974 5856 quantum
3009 5789 3081 5842 sit
3117 5788 3185 5842 ad
3219 5801 3454 5856 pugnam
3481 5802 3583 5853 ap—

2004 5891 2137 5932 tum.
2193 5880 2258 5935 Ut
2293 5883 2346 5934 in
2411 5881 2610 5950 prmliis
2667 5881 2948 5951 gigantum
3006 5889 3061 5932 et
3119 5878 3402 5937 Titanum.
3472 5889 3582 5932 stat
