4232 6434
264 398 372 459 913
1563 394 1907 454 CARMINA

1844 395 1907 453 EA
1944 395 2193 455 VARIA.
3415 382 3515 446 9H

273 515 534 561 ’Λπεστιν
566 506 738 571 οὐδὲν,
767 499 843 558 ὧν
872 520 1126 574 παρειναι
1157 503 1383 573 βέλτιον,
1874 509 1917 563 Λ
1951 504 2105 566 Τίνος
2131 505 2239 572 γὰρ
2270 500 2428 554 ἄλλου
2456 501 2627 555 ταῦτα
2655 519 2669 567 ;
2701 500 2783 564 τίς
2817 500 2985 570 πνοὴν
3009 500 3205 569 γλύφει

270 603 541 668 Ιιάρεστιν
570 598 722 650 οὐδὲν
755 592 835 652 ὧν
862 600 1115 666 παρεῖναι
1150 599 1195 629 ⁸⁸
1230 597 1525 666 συμφέρον.
1950 597 2044 657 Τίς
2076 595 2261 664 σχῆμα
2290 594 2385 646 καὶ
2414 595 2493 656 τίς
2519 590 2649 665 ἦθος
2681 595 2714 664 ἢ
2739 595 2820 657 τίς
2847 594 2942 646 καὶ
2974 593 3168 661 λόγονς

268 694 349 744 Τὰ
374 690 583 760 ῥεῖθρα,
616 693 743 743 ποῖα
776 690 964 759 ῥεῖθρα
990 690 1100 742 τῶν
1127 690 1298 757 λόγων
1324 690 1521 760 φράσοι
1547 706 1561 750 ;
1950 688 2053 739 Τὸν
2079 687 2224 739 ἔνδον
2262 682 2355 757 ᾆδε
2383 686 2603 755 κόσμον,
2635 687 2755 739 ὲλθὶ
2786 685 2924 756 πρὸς
2952 684 3150 753 δόμους
3176 700 3191 713 '

271 782 488 849 Χρυσᾶ,
519 780 709 848 διειδῆ,
741 779 948 850 ψυχρὰ,
975 780 1176 847 κοῦφα,
1208 780 1399 849 μυρία,
1951 779 2046 842 Τίς
2077 778 2345 848 Βεσελεὴλ
2377 778 2711 847 δημιουργὸς
2740 777 2848 830 τῶν
2883 777 3102 846 δόμων;

273 872 411 923 Μέλι
446 871 654 939 πέτρας
687 870 900 937 ῥέοντα,
935 869 1156 938 τερπνῷ
1186 870 1282 921 σὺν
1317 870 1490 936 μέλει.
1955 874 2018 923 Ὦ
2045 872 2224 941 χειρὸς
2263 872 2420 942 ἔργα,
2449 868 2655 939 χειρὸς,
2689 870 2803 921 ἀλλ’
2837 870 2976 939 ὑπὲρ
3008 867 3247 938 τέχνηνί

274 966 343 1013 “ll
373 963 572 1029 λουτρὰ
604 962 775 1015 ταῦτα
797 963 905 1014 τῶν
940 963 1197 1031 χαρίτων,
1224 961 1297 1024 ὡς
1331 961 1509 1028 λόγος,
1954 965 2019 1016 Ὢ
2045 963 2139 1017 νοῦ
2169 963 2275 1033 πρὸ
2300 962 2541 1024 πάντων,
2570 959 2662 1014 νοῦ
2692 960 2828 1013 νόων
2859 960 3187 1029 ὑπερτέρου,

273 1058 343 1107 Ἢ
373 1056 573 1125 μᾶλλον
595 1055 735 1108 αὐτὰ
764 1055 858 1107 καὶ
882 1058 1100 1124 χάριτες
1130 1056 1209 1117 είς
1240 1055 1416 1125 χύσιν.
1956 1056 2067 1108 Νοῦ
2097 1053 2451 1124 κοσμοποιΟὖ,
2475 1053 2568 1106 νοῦ
2594 1051 3025 1123 βασιλικωτάτου
3055 1054 3068 1104 ι

274 1150 351 1200 Οὐ
386 1152 534 1217 τρεῖς
559 1150 777 1217 ῥέουσαι
816 1147 1037 1216 μᾶλλον,
1068 1147 1204 1201 ἀλλὰ
1235 1148 1445 1217 μυρίαι.
1960 1149 2129 1215 ’Δφες
2165 1145 2233 1198 τὰ
2252 1146 2352 1215 τῆς
2375 1145 2504 1214 γῆς,
2528 1146 2626 1198 καὶ
2653 1144 2722 1198 τὰ
2744 1144 2853 1197 τῶν
2884 1144 2999 1199 ἄνω
3031 1143 3254 1196 σκόπει’

277 1240 348 1290 *Π
372 1239 640 1308 τέσσαρες
676 1239 892 1308 ῥέοντες
916 1237 975 1301 ἐξ
998 1237 1161 1306 Ἐδὲμ
1186 1237 1352 1290 πάλαι
1954 1240 2021 1291 Ὢ
2044 1238 2267 1307 φαιδρὸς
2290 1237 2421 1308 ἀὴρ,
2460 1236 2659 1308 μικρὸν
2687 1235 2905 1306 ἄτρωτος
2939 1234 3098 1306 χύσις
3125 1236 3139 1288 ι

278 1335 513 1405 Κρουνοὶ
548 1334 971 1403 καταρδεύουσιν
996 1335 1157 1403 Ἐδὲμ
1184 1335 1283 1401 τὴν
1314 1334 1461 1387 νέαν.
1959 1332 2022 1381 Ὢ
2053 1331 2246 1399 κρᾶσις
2272 1328 2464 1398 ὼρῶνί
2497 1328 2542 1381 ὥ
2582 1328 2872 1397 θεαμάτων
2914 1326 3140 1397 βλύσιςί

280 1425 518 1494 Κρῆναι,
545 1426 751 1494 λῖμναι,
788 1427 970 1495 τέχναι
1008 1425 1063 1478 δὲ
1094 1426 1299 1478 τούτων
1330 1425 1512 1495 μυρίαι
1960 1420 2153 1487 ’Υλης,
2185 1421 2402 1489 τέχνης,
2430 1420 2557 1487 γῆς,
2583 1420 2767 1488 ἀέρος,
2796 1420 2998 1488 φωτὸς,
3035 1416 3221 1470 πόλου.

278 1514 391 1575 Τὰς
424 1517 616 1584 ἡδονὰς
644 1514 894 1583 βλύζουσι
925 1517 1031 1568 τῶν
1064 1515 1295 1586 ῥείθρων
1326 1515 1507 1581 πλέον.
1960 1512 2056 1573 Τίς
2083 1510 2333 1580 Σολομὼν
2364 1512 2575 1582 ἡσκησε
2604 1512 2764 1581 τήνδε
2795 1510 2892 1581 τὴν
2924 1512 3139 1575 κτίσιν;

277 1607 543 1672 θέλγουσι
571 1606 745 1659 ταῦτα
778 1609 870 1659 καὶ
898 1607 1080 1668 λίθους
1104 1608 1198 1658 καὶ
1223 1607 1409 1675 θηρία.
1962 1604 2057 1665 Τίς
2084 1604 2178 1666 τὰς
2208 1602 2399 1672 φύσεις
2431 1601 2664 1672 συνῆξεν
2692 1602 2773 1664 είς
2810 1601 2939 1670 μίαν
2968 1600 3156 1664 θέσιν;

295 1700 456 1769 Ὁρᾷς
482 1700 549 1751 τὰ
586 1699 789 1767 πλήθη,
821 1698 1014 1766 θῆρας,
1045 1698 1247 1767 ὄρνεις,
1287 1697 1473 1767 ίχθύας
1500 1715 1514 1762 ;
1963 1696 2060 1758 Τίς
2080 1697 2178 1758 τὰς
2215 1694 2407 1764 φύσεις
2443 1694 2643 1765 μετῆξε
2676 1694 2877 1763 μᾶλλον
2909 1694 2973 1747 ὲκ
3002 1694 3201 1763 τέχνης
3224 1734 3240 1758 ,

282 1790 437 1842 Δοκῶ
469 1790 693 1841 λιπόντα
727 1793 904 1841 πάντα
936 1787 1027 1840 τοῦ
1062 1789 1269 1859 κόσμου
1296 1790 1462 1842 τόπον
1899 1849 1932 1859 η
1965 1790 2133 1857 Σοφὴ,
2162 1789 2299 1857 σοφὴ
2330 1788 2495 1858 φρὴν,
2527 1789 2559 1857 ἡ
2591 1786 2863 1857 βασίλειος
2898 1786 3082 1854 φύσις,

290 1881 384 1942 Ὠς
423 1876 572 1933 οἷκον
599 1874 757 1948 εὗρον
780 1879 959 1931 κοινὸν
992 1872 1092 1931 ὧδε
1120 1849 1210 1932 τόν
1242 1881 1430 1943 τόπον,
1899 1849 1937 1901 Β
1965 1849 2251 1950 ’νὺ-θαῦμα
2277 1849 2385 1949 τῆς
2406 1849 2853 1949 έῆςίόνστέφων
2872 1849 2967 1932 καὶ
2997 1849 3309 1949 τδ-στέφος,

289 1976 359 2025 ἾΙ
398 1974 533 2043 πρὸς
565 1974 625 2024 τὸ
648 1973 841 2035 κάλλος
871 1973 1251 2043 συνδραμόντα
1276 1974 1563 2037 δεσπότου,
1969 1974 2193 2027 Πάντων
2221 1972 2504 2043 κρατήσας
2536 1970 2827 2041 βαρόἀρων
2853 1970 3190 2045 τυραννίδος,

296 2062 384 2124 Ὠς
414 2063 549 2132 πρὸς
582 2063 743 2132 μέλος
768 2062 992 2132 μένουσι
1016 2063 1078 2116 τὸ
1111 2065 1239 2131 πρὶν
1283 2065 1544 2133 Ὀρφέως.
1970 2066 2187 2128 Παθῶν,
2216 2064 2495 2133 ἀναγκῶν,
2532 2064 2789 2134 γαστρὸς,
2814 2063 3008 2128 ὕπνου,
3045 2062 3372 2132 φροντίδων.

287 2152 563 2222 ’ᾼδουσιν,
603 2153 939 2223 ἀντᾴδουσιν,
980 2153 1182 2223 ἀηδὼν,
1215 2153 1431 2216 κύκνος,
1970 2156 2131 2210 Ζώων
2157 2172 2217 2208 τε
2245 2156 2487 2217 πάντων,
2521 2155 2729 2209 ὑδάτων
2762 2155 2863 2208 καὶ
2895 2154 3124 2223 θηρίων,

286 2242 497 2307 Τέττιξ,
531 2244 774 2311 χελιδών.
818 2246 881 2297 Ἠ
912 2244 1137 2315 τρυγὼν
1170 2246 1359 2315 τρὺζει
1398 2248 1563 2316 μέγα,
1972 2251 2079 2303 Καὶ
2109 2249 2219 2300 τῶν
2252 2246 2447 2316 λόγων,
2480 2246 2576 2300 νῦν
2600 2247 2676 2311 ὼς
2707 2245 2838 2317 όρῶ,
2875 2248 2969 2299 καὶ
2996 2245 3107 2299 τῶν
3134 2245 3332 2317 νόμων,

288 2335 485 2404 Πέρδιξ
517 2336 752 2401 κελαδεῖ,
787 2336 1180 2407 λαμπροφωνεῖ
1216 2338 1496 2407 στρουθία,
1971 2342 2052 2394 Τὰ
2080 2341 2258 2393 πάντα
2288 2340 2498 2409 φαίνων
2520 2338 2674 2410 ἥλιος
2697 2340 2791 2393 καὶ
2816 2338 3101 2392 καλλύνων

290 2428 460 2490 "itu;
493 2427 723 2497 μελίζει,
751 2430 965 2498 ῥεῖθρον
994 2431 1117 2500 ἠχεῖ
1142 2430 1462 2500 βλυστὰνον,
1974 2434 2275 2488 Κάλλιστον
2309 2432 2473 2496 αὑτός
2506 2435 2622 2486 ἐστι
2650 2432 2841 2503 χρῆμα
2865 2430 2962 2484 τοῦ
2992 2430 3131 2501 βίου.

291 2520 488 2589 Τρέχει
520 2522 723 2589 λαγὼς,
760 2523 1021 2593 σκιρτῶσι
1057 2524 1243 2592 θῆρες,
1274 2523 1554 2593 δορκάδες,
1974 2527 2085 2581 Καὶ
2116 2527 2293 2581 πάντα
2318 2525 2489 2597 κάλλη
2529 2524 2804 2593 συλλέγων
2827 2526 2854 2577 ὁ
2880 2524 3151 2593 δεσπότης

292 2610 486 2681 xui?“
523 2613 590 2664 τά
629 2613 828 2678 πάντα,
855 2615 1031 2668 πάντα
1058 2616 1170 2668 τῶν
1200 2617 1420 2685 μουσῶν
1452 2618 1587 2685 γένη
1975 2622 2049 2674 Tb
2071 2623 2318 2690 κρεῖττον
2347 2619 2511 2682 αὐτός
2538 2619 2659 2671 ἐστι
2684 2617 2880 2677 κάλλος
2907 2616 3003 2670 τοῦ
3038 2618 3210 2669 τόπου

294 2700 523 2767 Τέρπει,
558 2703 626 2755 τὰ
656 2704 835 2756 πάντα
863 2705 1149 2772 τέρπεται,
1184 2705 1261 2774 τῷ
1298 2706 1533 2776 δεσπότῃ
1978 2713 2186 2775 Κάλλος
2209 2712 2265 2764 δὲ
2298 2710 2502 2779 μᾶλλον
2535 2710 2761 2763 κάλλεσι
2790 2712 2906 2772 τοῖς
2939 2710 2997 2760 ὲν
3024 2707 3177 2776 τόπῳ

294 2793 503 2845 Μέλπει
544 2796 610 2846 τὰ
634 2796 812 2848 πάντα
835 2797 951 2857 καὶ,
987 2796 1149 2860 δοκῶ,
1180 2799 1268 2849 τὸν
1289 2798 1578 2867 δεσπότην.
1980 2803 2273 2870 Λάμπουσι
2298 2799 2582 2871 λαμπτὴρ,
2606 2800 2992 2871 τερπνοτήτων
3020 2797 3345 2870 τερπνότης.

298 2883 406 2937 “ob
441 2886 802 2954 Πραξιτέλους
828 2886 964 2956 ἔργα
991 2904 1004 2949 ;
1038 2886 1140 2940 ποῦ
1182 2888 1237 2940 δὲ
1268 2889 1477 2941 Φειδίου
1504 2906 1519 2954 ;
1980 2889 2185 2945 Τοῦτον
2212 2889 2355 2944 δοκῶ
2386 2908 2477 2961 μοι
2506 2890 2599 2945 τὸν
2625 2890 2793 2945 τόπον
2826 2889 2922 2943 καὶ
2949 2890 3245 2960 Φωσφόρος

298 2977 406 3027 Ικαί
434 2976 537 3027 ποῦ
571 2978 895 3042 Λυσίππου;
933 2979 1037 3029 που
1063 2978 1119 3030 δὲ
1151 2981 1244 3030 καὶ
1269 2979 1631 3033 Πολυκλείτου
1659 3026 1674 3047 ,
1982 2983 2204 3054 Πρῶτος
2239 2982 2451 3051 βλέπων
2484 2983 2665 3051 ἵστησι
2694 2983 2785 3036 τὸν
2814 2979 3053 3052 χρυσοῦν
3080 2980 3295 3050 δίφρον.

296 3067 462 3134 Λέγει
492 3066 557 3119 τὰ
588 3067 801 3135 γλυπτὰ
833 3066 1005 3120 ταῦτα
1028 3084 1043 3099 ’
1071 3069 1167 3120 καὶ
1201 3067 1309 3137 γὰρ
1336 3069 1425 3121 καὶ
1452 3069 1586 3123 λὰλα
1610 3085 1623 3098 °
1994 3072 2199 3125 ὐκνῶν
2224 3072 2503 3137 ἀπελθεῖν,
2538 3073 2633 3125 καὶ
2653 3074 2884 3142 δραμεῖν
2917 3073 3056 3142 «pb;
3086 3070 3351 3141 ἑσπέραν.

298 3159 417 3212 Κᾶν
456 3161 530 3229 μὴ
559 3161 713 3227 λάλα,
740 3162 1003 3231 κράζουσι
1034 3165 1154 3225 ταῖς
1182 3162 1397 3233 τέχναις
1420 3163 1589 3233 ὅμως.
1984 3164 2106 3217 Οὐδ’
2142 3164 2184 3195 ⁸⁸
2215 3164 2528 3235 ἁντιλάμψῃ
2555 3163 2846 3235 δεσπότης,
2876 3164 3183 3235 ἡττημένος

296 3339 433 3392 nihil
458 3338 611 3393 adest
632 3355 821 3395 eorum
857 3355 977 3410 quae
1034 3341 1227 3395 abesse
1273 3340 1447 3397 decet.
1476 3340 1663 3405 ltivos,
1698 3341 1877 3411 qualia
1910 3345 1951 3403 C
1987 3340 2156 3404 lebra,
2179 3342 2231 3396 in
2260 3342 2454 3397 domos
2480 3341 2784 3412 ingredere.
2804 3341 2940 3409 Quis
2964 3341 3206 3397 Bezcleel
3230 3342 3570 3400 architectus

304 3449 449 3487 nvos
482 3434 645 3487 verba
681 3434 900 3487 dicent?
935 3448 1157 3499 aureos,
1192 3432 1467 3501 limpidos,
1508 3433 1757 3501 frigidos,
1794 3450 1878 3486 ra-
1981 3434 2267 3490 domorum
2295 3436 2307 3487 ι
2345 3434 2389 3488 0
2418 3451 2615 3489 manus
2636 3451 2797 3505 opus,
2828 3450 3045 3499 manus,
3071 3435 3170 3490 sed
3202 3444 3372 3490 artem
3401 3451 3570 3505 supc-

304 3526 486 3593 pidns,
535 3541 883 3587 numerosos.
919 3527 1076 3580 melle
1130 3536 1415 3581 manantes
1468 3543 1498 3582 e
1547 3528 1717 3590 saxis,
1755 3544 1877 3581 cum
1985 3528 2137 3581 rans!
2172 3542 2205 3581 o
2245 3536 2479 3581 mentem
2524 3528 2960 3596 prmsmntiorem
3017 3527 3298 3591 omnibus,
3330 3537 3569 3582 mentem

296 3618 544 3685 jucuudo
575 3633 749 3683 sono;
793 3618 877 3671 vel
915 3618 1107 3671 balnea
1142 3618 1243 3673 ista
1278 3617 1620 3686 Gratiarum,
1661 3630 1719 3673 ut
1744 3620 1882 3673 dici-
1991 3619 2268 3673 mentibus
2290 3619 2654 3688 superiorem,
2677 3628 2916 3674 mentem
2954 3620 3305 3684 creatricem,
3332 3627 3569 3673 mentem

297 3725 412 3772 tur,
440 3712 518 3763 vel
554 3711 737 3779 p0tius
788 3710 879 3763 illa
911 3709 1114 3764 Gratia:
1145 3711 1275 3779 ipsae
1299 3711 1352 3765 in
1402 3710 1743 3777 ell‘usionem,
1771 3726 1878 3765 non
1987 3711 2511 3780 reginam?Linque
2545 3711 2849 3775 terrestria,
2872 3725 3108 3779 superna
3150 3710 3396 3777 intuere;
3436 3724 3470 3764 o
3492 3709 3576 3763 lu-

303 3814 420 3856 tres
473 3812 683 3856 tantum
739 3801 1082 3855 eﬂ‘undentes
1153 3802 1248 3857 sed
1302 3802 1470 3868 mille,
1520 3804 1603 3857 vel
1647 3814 1883 3871 quatuor
1987 3803 2169 3857 cidum
2245 3818 2452 3866 aerem,
2499 3818 2722 3871 parvam
2801 3803 3078 3856 non-lucis
3142 3801 3501 3857 eﬂusionem!
3542 3819 3576 3853 υ

303 3896 533 3947 tlucntes
578 3909 643 3947 ex
679 3893 822 3947 Eden
864 3893 995 3947 olim
1054 3894 1154 3946 rivi
1198 3894 1428 3963 irrigant
1463 3896 1607 3951 Eden
1656 3911 1881 3950 novum.
1988 3904 2371 3964 tempestatum
2404 3896 2759 3965 temperiem!
2795 3910 2828 3949 ο
2853 3896 3290 3965 spectaculorum
3330 3894 3572 3948 fontem!

310 3985 535 4048 Fontes,
565 3984 781 4048 listuhe,
818 3999 963 4039 artes
997 3986 1214 4038 illorum
1247 3984 1471 4039 inﬁnita:
1514 3988 1686 4056 magis
1740 3988 1887 4041 rivo-
1992 3989 3113 4053 materiae,artis,terrae,aeris,lucis,c(eli
3135 4004 3149 4053 ;
3171 3989 3294 4058 quis
3313 3987 3576 4041 Salomon

311 4094 429 4131 rum
459 4077 686 4132 delicias
716 4077 1002 4131 effundunt
1034 4095 1046 4131 :
1080 4078 1365 4131 iucautant
1391 4078 1475 4132 vel
1510 4078 1653 4134 feras
1680 4091 1732 4135 et
1756 4095 1886 4135 saxa
1994 4079 2268 4134 ordinavit
2327 4080 2470 4134 hanc
2502 4079 2881 4134 creationem?
2916 4078 3054 4145 Quis
3084 4088 3309 4133 naturas
3368 4078 3571 4133 coailu-

308 4170 447 4236 ipsa.
516 4168 678 4223 Vides
729 4168 1177 4230 multitudinem,
1228 4167 1396 4232 feras,
1449 4184 1601 4234 aves,
1660 4170 1891 4239 pisces?
1997 4172 2147 4226 navit
2180 4171 2436 4225 ineunum
2482 4170 2659 4239 Opus?
2691 4170 2829 4235 Quis
2866 4180 3091 4225 naturas
3143 4169 3327 4241 potius
3356 4184 3451 4237 per
3490 4184 3582 4222 ar-

308 4261 441 4313 Mihi
480 4261 730 4313 videntur
765 4259 992 4327 liquisse
1040 4273 1261 4312 omnem
1320 4262 1512 4315 mundi
1566 4271 1800 4330 partem,
1834 4271 1893 4315 ut
1996 4273 2103 4317 tem
2157 4261 2583 4317 transmutavit?
2614 4262 2878 4333 Sapiens,
2905 4262 3128 4333 sapiens
3180 4274 3356 4324 mens,
3382 4261 3582 4331 regalis

309 4352 382 4405 ibi
411 4353 511 4405 hoc
550 4352 669 4404 loco
701 4352 884 4405 sedem
919 4352 1264 4415 invenirent;
1300 4353 1383 4405 vel
1414 4352 1479 4406 ad
1526 4353 1888 4421 pulchritudi‘
1999 4363 2231 4420 natura,
2272 4363 2430 4407 terrae
2493 4353 2845 4417 miraculum,
2910 4366 3188 4406 coronans
3244 4360 3299 4404 et
3351 4363 3579 4413 corona,

312 4459 438 4497 nem
469 4444 683 4498 Domini
756 4446 1127 4508 concurrisse,
1160 4455 1221 4498 ut
1268 4444 1335 4499 ad
1363 4455 1585 4499 cautum
1620 4446 1748 4499 olim
1797 4445 1895 4501 Or-
1995 4447 2245 4499 omnium
2276 4447 2633 4500 barbarorum
2671 4445 3015 4516 tyrannidem
3044 4444 3297 4508 vincens,
3328 4443 3575 4504 dolores.

310 4535 435 4604 phei
476 4534 860 4605 propcrabant.
890 4538 1149 4602 Cantant,
1193 4546 1247 4591 et
1282 4538 1537 4591 cantibus
1564 4540 1897 4606 respondent
2000 4541 2385 4605 necessitates,
2444 4546 2714 4604 ventrem,
2779 4552 3060 4602 somnum,
3118 4551 3302 4611 curas,
3336 4535 3584 4589 animau-

312 4626 566 4689 lusciuia,
601 4641 827 4697 cycnus,
864 4625 1073 4690 cicada,
1108 4626 1371 4680 hirundo.
1401 4624 1607 4680 Turtur
1659 4628 1892 4680 multum
1930 4692 1963 4701 λ
2002 4632 2185 4700 tiaque
2219 4641 2438 4692 cuncta.
2467 4646 2639 4701 aquas
2664 4638 2716 4683 et
2747 4630 2976 4690 belluas,
3010 4638 3064 4682 et
3085 4642 3369 4682 sermones
3400 4642 3570 4691 nunc,

313 4719 501 4785 gemit,
546 4720 731 4788 perdix
798 4721 1061 4783 clamitat,
1089 4721 1259 4789 garrit
1295 4734 1507 4788 passer,
1564 4720 1734 4787 pinus
1788 4721 1894 4773 mel
1930 4692 1970 4745 D
2003 4733 2059 4774 ut
2090 4692 2266 4786 video,
2297 4730 2352 4775 et
2380 4692 2555 4790 leges-1
2581 4720 2766 4775 omnia
2794 4720 3075 4775 illustrans
3105 4720 3187 4775 sol
3211 4728 3266 4774 et
3295 4719 3583 4784 decoraus,

313 4809 503 4873 stillat,
578 4809 726 4861 rivus
775 4818 1124 4871 murmurat,
1188 4809 1341 4877 lepus
1396 4812 1607 4871 currit,
1690 4809 1896 4862 saliunt
2004 4816 2089 4869 hic
2113 4824 2195 4868 est
2238 4813 2671 4883 pulcherrimum
2715 4812 2904 4866 mundi
2970 4811 3199 4865 bonum.
3264 4807 3331 4864 Et
3390 4824 3585 4863 omnes

316 4904 466 4965 ferae,
518 4911 572 4956 et
616 4901 801 4969 capri;
840 4902 1022 4953 omnia
1071 4902 1327 4969 gaudent,
1378 4902 1561 4955 munia
1617 4917 1895 4954 musarum
2002 4906 2438 4975 pulchritudines
2478 4918 2825 4975 congregans
2862 4902 3146 4965 dominus,
3179 4903 3298 4971 ipse
3333 4900 3585 4971 pulchri-

317 5012 515 5067 geuera
538 4996 1032 5059 delectaut,oumia
1060 4997 1433 5060 delectantur;
1464 4996 1685 5048 domino
1712 4996 1896 5048 omnia
2000 5000 2130 5054 tudo
2180 4998 2414 5053 maxima
2470 5006 2553 5051 est
2628 4996 2774 5061 loci;
2819 4994 3172 5065 pulchritudo
3227 4992 3412 5063 potius
3466 4994 3587 5060 pul-

316 5100 539 5143 cantant
560 5098 635 5152 et,
658 5100 714 5142 ut
736 5089 955 5156 Opinor,
983 5089 1293 5143 dominum.
1326 5086 1430 5141 Ubi
1457 5087 1747 5142 Praxitelis
1768 5102 1899 5156 ope-
1997 5093 2399 5148 cliritudinibus
2426 5090 2478 5143 in
2508 5090 2627 5144 loco
2656 5087 3073 5157 splendentibus
3124 5086 3471 5157 splendorem
3505 5082 3586 5137 l‘e-

319 5183 417 5237 ra?
438 5180 535 5237 Ubi
555 5182 795 5235 Phidiae?
818 5178 915 5235 Ubi
942 5181 1194 5251 Lysippi?
1218 5179 1317 5235 Ubi
1335 5180 1625 5252 Polycletis
1643 5181 1899 5251 quoque?
2006 5201 2155 5249 rens,
2179 5185 2438 5239 decorum
2462 5182 2648 5235 decor.
2686 5178 2862 5243 Hunc,
2905 5188 2962 5233 ut
2995 5179 3129 5232 mihi
3150 5176 3386 5242 videtur,
3404 5175 3585 5229 locum

324 5275 649 5343 Loquuutur
700 5275 884 5328 omnia
924 5274 1039 5328 h-ec
1071 5274 1378 5342 exsculpta;
1411 5290 1538 5328 nam
1577 5284 1632 5328 et
1702 5274 1896 5341 loqua-
2010 5275 2231 5329 Lucifer
2266 5274 2473 5342 primus
2511 5272 2703 5325 videns
2735 5268 2879 5324 sistit
2898 5283 3123 5323 aureum
3153 5281 3402 5351 currum.
3437 5265 3587 5320 abire

320 5368 403 5419 ria
467 5367 673 5431 etiam,
723 5376 775 5420 et
834 5366 959 5420 licet
1004 5382 1111 5419 non
1172 5366 1418 5435 loquacia
1478 5365 1681 5421 fuerint
1710 5404 1724 5430 ,
1790 5374 1905 5418 arte
2010 5381 2279 5430 metuens,
2316 5373 2369 5419 ct
2407 5365 2474 5418 ad
2536 5363 2885 5418 Occidentem
2932 5376 3177 5431 pergere.
3214 5356 3306 5412 Vix
3352 5354 3587 5410 ‘emicuit

322 5461 563 5513 clamant
595 5470 801 5512 tamen.
856 5458 1157 5527 Cujusnam
1206 5460 1350 5512 enim
1409 5457 1550 5513 alius
1593 5459 1707 5512 haec
1739 5456 1909 5512 sunt"
2008 5463 2281 5525 dominus,
2312 5459 2489 5512 victus
2532 5458 2718 5511 statim
2777 5456 2910 5519 abit,
2957 5464 3009 5509 ct
3050 5454 3177 5523 ejus
3218 5449 3584 5522 pulchritudi-

324 5554 447 5621 quis
495 5554 745 5622 spiritum
778 5552 1016 5620 sculpit?
1041 5552 1177 5615 Quis
1206 5552 1482 5616 vestitum,
1527 5552 1653 5619 quis
1705 5565 1907 5612 mores,
2014 5569 2135 5609 nem
2171 5567 2277 5607 non
2309 5550 2573 5606 sustinet.

326 5648 451 5715 quis
484 5661 789 5700 sermonem
813 5645 978 5698 etiam
997 5645 1131 5698 dat?
1180 5645 1498 5699 lnteriorem
1533 5654 1788 5698 ornatum
1820 5656 1909 5697 cc-

404 5831 445 5863 "
475 5829 591 5885 για.
628 5831 730 5901 leg.
763 5824 836 5885 ὢν
866 5834 1097 5886 ἀπεῖναι.
1181 5835 1220 5864 ¹⁵
1253 5831 1381 5904 Leg.
1413 5831 1575 5887 credo
1618 5832 1660 5884 εἰ
1695 5832 1754 5884 δ’.
