4232 6434
252 412 357 475 917

251 523 506 592 Μείλιχος
535 524 775 594 ἡδυεπὴς
808 523 990 585 πολιός
1019 539 1078 574 τε
1111 523 1252 592 κάρη
1287 521 1594 589 πολιόφρων

325 615 430 678 Ἧς
465 617 726 683 στέφανος
765 617 1023 685 χαρίτων,
1064 615 1259 684 ἀγλαΐη
1295 614 1493 682 βιότου.

267 705 427 759 Ἀ).λά
460 724 519 759 σε
550 709 738 777 πόρρω
768 707 1026 778 πατρίδος
1059 706 1141 776 ηδ’
1178 705 1373 775 ἀλόχου
1403 707 1495 757 καὶ
1529 706 1733 758 τέκνων

324 797 482 866 Μοῖρ’
518 798 642 868 ὀλοὴ
676 798 929 867 μερόπων
964 798 1200 849 ἔσπασεν
1233 801 1290 858 ὲς
1314 798 1485 848 ἀῖδαν.

256 889 454 956 Χριστὲ
487 889 646 953 ἄναξ,
681 890 875 958 σοφίης
910 890 1008 959 σῆς
1039 892 1183 958 ἴχνια
1213 890 1273 941 οὺ
1303 889 1593 957 μαστεύσω

336 980 526 1032 Ὀστέα
554 982 600 1034 δ’
627 983 703 1045 ὡς
740 982 925 1049 ’Λσίης
953 983 1182 1051 νεύμασι
1218 984 1328 1044 σοῖς
1361 983 1607 1047 ἀνάγοες,

254 1065 355 1122 Οἷα
379 1074 508 1140 πρὶν
537 1072 596 1136 ἐξ
627 1074 905 1140 Αἰγύπτου
939 1073 1030 1125 σοῦ
1065 1074 1393 1143 Θεράποντος
1436 1074 1656 1143 Ἰωσὴφ,

333 1163 422 1226 Ὧς
453 1164 511 1217 δὲ
543 1165 636 1218 καὶ
661 1166 938 1235 οὐρανίοις
971 1167 1192 1235 πνεῦμα
1228 1169 1398 1219 τεοῖσι
1422 1165 1657 1236 θρόνοις.

651 1277 739 1348 ιβ’.
767 1281 870 1346 Εἰς
909 1279 1021 1347 τὴν
1072 1279 1429 1348 Ἀνάληψιν.

251 1391 564 1462 Οὐρανόοεν
599 1395 906 1448 κατέπλατο
938 1396 1004 1457 ¹⁸,
1031 1397 1084 1458 ἐς
1108 1395 1338 1466 οὐρανὸν
1357 1395 1402 1446 δ’
1427 1395 1661 1464 ἔδραμεν
1681 1389 1836 1456 αὖθις

255 1486 350 1538 Ὧν
376 1486 530 1551 Θεὸς,
570 1486 648 1540 ῶν
683 1489 892 1558 βροτὸς,
928 1490 1195 1558 ἀμφότερ’
1220 1491 1300 1552 εἰς
1327 1490 1459 1542 Θεὸν
1486 1487 1834 1559 ἀμφοτέρως.

681 1587 771 1648 ιγ’.
814 1584 917 1646 Εἰς
967 1581 1408 1650 Ἀριστοτέλην.

255 1667 363 1719 Τὸν
393 1668 519 1721 νοῦν
541 1670 570 1722 6
595 1670 719 1733 νοῦς
743 1671 974 1740 ἔγραψε,
1011 1673 1114 1740 τὴν
1144 1672 1308 1739 φύσιν
1332 1671 1519 1740 φύσις,

269 1760 648 1834 Ἀριστοτέλην
673 1761 848 1826 εἷπον,
887 1765 961 1826 ὼς
991 1765 1198 1817 τούτων
1234 1765 1383 1834 ὅρον.

769 1876 830 1928 ιδ’
839 1918 852 1931 .
894 1875 994 1940 Ιίῖὶς
1025 1877 1332 1931 Πλάτωνα.

259 1987 452 2056 Ψυχὴν
479 1989 722 2042 ἀνειπὼν
751 1990 1020 2043 ἀθάνατον
1047 1991 1074 2041 6
1109 1991 1359 2054 Πλάτων,

273 2080 479 2150 ’Λφῆκε
509 2081 668 2146 δόξαν
699 2081 968 2137 ἀθάνατον
999 2083 1056 2134 ὲν
1089 2082 1210 2152 βίῳ.

1015 2173 1098 2230 ιε’.

259 2266 486 2321 Πλάτων
519 2269 548 2319 ὁ
577 2267 788 2330 κλεινὸς
822 2271 851 2321 6
873 2268 1160 2322 πλατύνων
1184 2269 1284 2332 τὰς
1320 2270 1545 2338 φρένας,

271 2356 359 2421 Ὦς
391 2359 666 2414 ἐπλάτυνε
693 2360 793 2430 τῆς
821 2360 999 2431 ψυχῆς
1027 2362 1205 2429 δόγμα
1247 2362 1416 2429 μέγα,

259 2449 354 2512 Εἰς
381 2453 564 2505 πᾶσαν
589 2453 854 2506 ὲπλάτυνε
887 2453 985 2524 τὴν
1012 2453 1170 2518 δόξαν
1197 2452 1386 2523 χθόνα.

333 2569 430 2627 ις’.
464 2566 568 2630 Εἰς
598 2566 705 2618 τὸν
733 2566 905 2635 ἅγιον
941 2567 1271 2634 Γρηγόριον
1303 2566 1410 2619 τὸν
1453 2569 1770 2634 Θευλόγον.

262 2677 490 2740 Ἐνοεος
516 2673 584 2748 ἦν
607 2678 634 2730 6
663 2677 859 2746 Σύρος,
887 2679 1356 2749 πολυγράμματος
1387 2675 1456 2749 ἦν
1485 2681 1540 2733 δὲ
1578 2683 1606 2732 6
1641 2681 1843 2748 Φοῖνιξ,

333 2769 712 2852 Καππαδόκης
751 2769 797 2822 δ’
824 2772 992 2838 ἄμφω
1027 2773 1120 2824 καὶ
1154 2771 1316 2823 πλέον
1346 2772 1700 2841 ἀμφοτέροις.

351 2883 440 2946 ιζ’.
467 2886 570 2949 Εις
602 2884 960 2954 Σιμπλίκιον
990 2885 1097 2937 τὸν
1128 2886 1436 2961 ἐξηγητὴν
1468 2883 1586 2938 τῶν
1615 2884 1759 2938 δέκα

859 2971 1248 3022 κατηγοριῶν.

260 3067 586 3138 Σιμπλίκιος
621 3069 746 3140 μέγ’
780 3071 985 3138 ἄεισμα
1017 3071 1406 3143 κατηγορίαισι
1441 3072 1677 3140 φαάνθη,

266 3227 588 3288 Iia,corona
614 3242 740 3282 eras
775 3228 1098 3295 gratiarum,
1124 3228 1250 3282 vitae
1279 3225 1618 3295 jucunditas.

337 3318 440 3373 Sed
472 3328 523 3372 te
554 3318 952 3390 longeapatria
980 3358 994 3381 ,
1054 3321 1286 3389 conjuge
1306 3329 1362 3373 et
1400 3319 1612 3383 liberis,
1674 3319 1845 3372 latum

266 3412 593 3466 mortalibus
629 3411 907 3466 funestum
933 3412 1088 3465 duxit
1112 3412 1176 3464 ad
1210 3410 1435 3465 inferos.

339 3502 450 3558 Rex
471 3503 708 3567 Christe,
726 3504 1008 3575 sapientiae
1024 3514 1129 3558 tua:
1158 3505 1382 3574 vestigia
1416 3521 1522 3558 non
1553 3501 1850 3573 explorabo

268 3605 328 3651 nt
350 3611 472 3650 ossa
491 3612 558 3652 ex
591 3595 719 3650 Asia
744 3605 838 3650 tuo
874 3606 1008 3650 nutu
1043 3595 1347 3651 transferas
1373 3637 1386 3660 ,

344 3688 413 3743 Ut
432 3688 564 3742 olim
593 3703 660 3742 ex
679 3686 916 3758 [Egypto
938 3702 1064 3743 ossa
1091 3687 1278 3742 famuli
1318 3689 1392 3741 tui
1420 3686 1642 3755 Josepli;
1675 3697 1731 3740 ut
1755 3702 1853 3741 au-

273 3787 379 3832 tem
406 3779 644 3831 animam
687 3777 739 3831 in
779 3778 1327 3833 cmlestibnstlironis
1354 3778 1465 3833 tuis
1491 3778 1751 3833 colloces.

761 3891 848 3946 12.
882 3890 950 3945 1η
979 3892 1368 3946 Ascemt'onem.

346 4007 548 4062 Ecmlo
573 4007 953 4072 descenderat,
996 4007 1048 4060 in
1074 4007 1273 4063 cmlnm
1311 4021 1503 4061 rnrsns
1562 4007 1734 4061 tendit
1799 4015 1858 4060 ut

273 4099 438 4164 Deus,
466 4115 590 4154 cum
625 4100 793 4155 homo
819 4101 910 4166 sit,
941 4109 1238 4169 utrumque
1275 4100 1343 4154 ad
1408 4098 1576 4154 Deum
1638 4099 1854 4152 unicus.

775 4214 860 4268 15.
884 4214 946 4268 1η
972 4214 1332 4267 Aristotelem.

347 4329 582 4384 Mentem
613 4344 768 4384 mens
788 4328 1099 4397 descripsit,
1133 4337 1387 4382 naturam
1450 4337 1680 4395 natura;
1731 4328 1856 4382 Ari-

279 4423 538 4477 slolclcm
568 4422 711 4488 dico,
741 4432 800 4477 ut
831 4423 1026 4476 borum
1055 4422 1368 4476 terminum.

810 4532 897 4588 14.
926 4530 992 4585 1η
1030 4531 1328 4586 Platonem.

353 4625 602 4680 Animam
630 4626 976 4694 proclamans
999 4625 1367 4681 immortalem
1415 4624 1592 4690 Plato,
1643 4625 1861 4697 reliquit

278 4720 509 4790 gloriam
532 4719 585 4771 in
626 4719 735 4771 vita
762 4718 1153 4774 immortalem.

997 4811 1084 4865 l5.

353 4899 508 4954 Plato
536 4900 625 4955 ille
650 4901 880 4956 celebris
904 4908 1141 4953 mentem
1168 4899 1514 4968 amplificans
1539 4907 1598 4951 ιιι
1627 4900 1861 4968 amplili-

280 4993 428 5048 cavit
452 4993 650 5047 anima:
668 5007 924 5062 magnum
959 4989 1179 5060 dogma,
1205 4991 1526 5060 ampliorem
1551 4990 1604 5044 in
1637 5005 1856 5046 onmem

281 5096 484 5138 terram
505 5085 732 5155 gloriam
754 5085 1026 5154 praestitit.

433 5197 518 5252 16.
555 5195 618 5251 In
641 5209 883 5251 sanctum
907 5198 1218 5266 Gregorium
1269 5199 1591 5272 theologum.

360 5291 402 5343 A
440 5293 546 5345 Deo
578 5291 874 5360 inspiratus
895 5301 978 5344 est
1010 5291 1202 5361 Syrus,
1249 5295 1438 5349 multis
1469 5291 1736 5349 doctrinis
1789 5290 1874 5344 in-

287 5393 532 5439 structus
577 5383 912 5449 Plimiiicius,
935 5385 1226 5453 Cappadox
1261 5395 1441 5440 autem
1493 5399 1788 5462 utrumque
1818 5397 1872 5445 ct

290 5491 526 5551 utroque
547 5481 724 5550 majus
767 5480 946 5534 habet.

291 5597 379 5649 17.
413 5594 476 5649 In
516 5594 846 5665 Simplicium
876 5597 1050 5650 decem
1086 5603 1473 5670 calcgoriarmn
1511 5603 1866 5671 interpretem.

365 5688 680 5757 Simplicius
710 5705 964 5761 magnum
991 5693 1280 5763 catcgoriis
1307 5693 1600 5764 impulsum
1656 5694 1871 5749 dedisse

371 5850 413 5881 "
449 5850 573 5921 ch.
613 5853 946 5907 κατέπαλτο.

1552 406 1897 466 CARMINA
1933 406 2187 469 VARIA.

3409 401 3515 462 918

2019 520 2200 583 Ἐκδὸς
2230 519 2356 588 (sic)
2388 519 2728 590 κατηγορίας
2762 516 2924 570 λῦσεν
2968 514 3391 586 Ἀριστοτέλους.

2685 634 2776 706 ιη’.

1943 755 2266 825 Σιμπλίκιος
2323 753 2465 821 μέγα
2501 754 2615 824 φῶς
2652 754 2842 824 φύσιος
2879 753 3011 823 περὶ
3041 751 3238 804 κύκλον
3266 749 3465 818 ἀνῆψε,

2020 848 2164 901 Νοῦν
2193 849 2249 901 δέ
2278 849 2329 916 γ’
2369 846 2775 918 Ἀριστοτέλους
2807 842 2965 917 εὗρεν
3003 843 3378 916 ἀριστοπόνως

1945 985 2029 1040 ιο’.
2059 988 2162 1051 Eli;
2213 986 2318 1051 τὰς
2351 985 2395 1039 8'
2417 985 2623 1053 φωνὰς
2669 984 2766 1035 καὶ
2805 986 2891 1048 εἰς
2949 985 3050 1048 τὰς
3082 989 3112 1036 ι’
3146 981 3524 1048 κατηγορίας.

1944 1121 2116 1181 Μόλις
2152 1119 2375 1190 διαδρὰς
2396 1117 2506 1172 τῶν
2536 1117 2807 1185 σοφιστῶν
2833 1117 2932 1177 τάς
2955 1116 3134 1177 δίκας,

1946 1212 2136 1279 Σοφοῖς
2161 1211 2216 1263 δὲ
2249 1211 2452 1278 μᾶλλον
2486 1209 2811 1278 προσϐαλὼν
2846 1210 2920 1269 ὡς
2955 1207 3205 1276 ἡμέροις,

1941 1303 2140 1356 Φωνῶν
2166 1303 2447 1373 ἐπλήσθην
2471 1303 2562 1356 καὶ
2595 1318 2880 1371 κατηγορη
2892 1302 3095 1369 μάτων.

1945 1396 2059 1447 Οὐκ
2091 1395 2259 1459 ἔστιν,
2292 1395 2428 1458 ἔστι,
2455 1395 2594 1465 πρός
2624 1414 2698 1452 τι.
2735 1395 2912 1457 ποιὸν,
2941 1395 3067 1457 ποῦ,
3103 1394 3257 1452 πότε,

1949 1485 2248 1554 Πάσχουσι,
2283 1485 2484 1556 δρῶσιν
2519 1488 2593 1549 ὼς
2629 1487 2843 1539 Θέλουσι
2875 1487 3068 1557 μυρία.

1947 1576 2252 1646 Στρέφουσι
2275 1578 2477 1638 πάντα,
2512 1578 2804 1645 συγχέουσι
2830 1579 2930 1640 τάς
2957 1578 3169 1644 φύσεις,

1958 1667 2048 1730 Ὠς
2072 1667 2131 1730 ἐξ
2154 1668 2366 1722 ἑαυτῶν
2395 1668 2696 1722 πλάττουσι
2722 1669 3127 1735 τραγελάφους,

1948 1761 2053 1812 Τὸν
2075 1761 2325 1830 οὐρανὸν,
2350 1761 2457 1830 γῆν
2481 1776 2496 1792 ⁸
2531 1761 2592 1814 τὸ
2618 1761 2776 1826 ξύλον
2815 1761 2949 1830 φασὶ
2971 1759 3117 1813 λίθον
3143 1776 3154 1788 ·

1880 1883 1921 1938 Β
1951 1852 2124 1921 ’Ὕλην
2153 1852 2422 1922 ἄμορφον,
2448 1849 2588 1914 εἶδος
2627 1852 2762 1922 ὓλην
2791 1854 2892 1907 οὐκ
2923 1853 3065 1922 ἔχον.

1948 1946 2203 2015 Κόσμους
2241 1946 2525 2015 ἀπείρους,
2561 1946 2705 2008 ἰδέας
2737 1945 2844 2016 πρὸ
2871 1945 2982 1997 τῶν
3017 1944 3180 1999 ὅλων.

1944 2039 2007 2089 Ol
2037 2038 2134 2106 τῆς
2157 2039 2327 2100 Στοᾶς
2360 2037 2646 2108 βάλλουσιν
2687 2037 3030 2108 Ἀκαδημίαν
3053 2053 3069 2066 ο

1945 2133 2248 2204 Πύρῤωνας
2273 2125 2445 2193 οὗτοι,
2480 2134 2691 2193 πάντας
2722 2133 2750 2184 6
2780 2131 3138 2202 Σταγειρίτης
3160 2145 3173 2159 ⁸

1949 2223 2132 2274 Ἀλλοι
2161 2222 2217 2275 δὲ
2250 2221 2460 2280 τοῦτον,
2493 2222 2740 2282 Φοίνικές
2773 2239 2831 2273 τε
2865 2222 2956 2273 καὶ
2984 2221 3146 2289 Σύροι

1945 2316 2040 2377 Τίς
2075 2313 2199 2376 νοῦς
2225 2313 2493 2377 τοσαύτας
2533 2313 2815 2377 ἐνστάσεις
2838 2313 3128 2383 διαδράμοι

1947 2408 2118 2476 Ἔθνη
2144 2405 2407 2467 τοσαῦτα,
2449 2405 2545 2460 καὶ
2585 2406 2875 2474 φάλαγγας
2902 2407 3212 2475 δυσμάχως
3241 2447 3255 2468 ,

1945 2498 2153 2550 Γνῶναι
2181 2498 2249 2550 τὰ
2276 2499 2494 2568 κρυπτά
2526 2499 2636 2551 τῶν
2659 2498 2794 2550 ὅλων
2820 2498 3000 2567 ζητῶν
3038 2498 3198 2567 βάθη,

1945 2594 2056 2660 Καὶ
2095 2593 2202 2644 τῶν
2235 2593 2422 2661 σαφῶν
2447 2610 2531 2655 τις
2563 2593 2686 2662 ἔσχε
2717 2592 2933 2662 φυρμὸν
2963 2592 3162 2644 αὐτίκα
3196 2609 3209 2622 ·

1953 2684 2049 2736 Ἐν
2075 2683 2332 2750 γνώσεως
2364 2685 2500 2751 φῶς,
2533 2685 2573 2736 Χ
2586 2686 2734 2753 ριστέ
2767 2702 2891 2752 μου,
2923 2683 2988 2735 σύ
3034 2701 3123 2752 μοι
3152 2685 3308 2750 μόνος
3338 2698 3349 2710 ·

1946 2775 2152 2837 Γνῶσις
2191 2775 2394 2839 τελεία,
2430 2776 2632 2844 μᾶλλον
2663 2775 2863 2827 εἰδέναι
2895 2775 3058 2844 μόνον

1948 2868 2014 2920 Σὲ
2041 2867 2378 2936 δημιουργὸν
2408 2867 2627 2927 οὐσιῶν,
2660 2869 2889 2936 χρόνων,
2920 2867 3130 2929 τόπων,

1952 2959 2226 3027 Ἀῥρητνιν
2252 2957 2328 3020 ὡς
2352 2958 2594 3026 ἄληπτον
2628 2958 2687 3010 ἓν
2714 2974 2773 3010 τε
2804 2959 2898 3010 καὶ
2924 2957 3071 3026 τρία.

1963 3051 2146 3118 ’Λφεὶς
2179 3051 2245 3103 τά
2278 3051 2458 3104 πάντα
2489 3049 2650 3103 τοῦτο
2678 3050 2771 3103 καὶ
2797 3049 2959 3120 μόνον
2991 3049 3158 3116 λέγω.

1871 3233 1916 3291 (ἶ
1953 3251 2103 3305 visus
2133 3259 2256 3314 est;
2292 3249 2600 3320 categorias
2649 3249 2960 3304 Aristotelis
2989 3247 3318 3318 publicando
3351 3249 3535 3329 solvit.

2672 3364 2759 3419 18.

2041 3481 2364 3551 Simplicius
2388 3495 2619 3570 magpns
2651 3489 2862 3534 naturae
2891 3479 3102 3547 peritus
3123 3479 3302 3534 lucem
3327 3477 3537 3532 circum

1954 3574 2208 3642 diffudit;
2244 3583 2478 3630 mentem
2498 3575 2806 3629 Aristotelis
2834 3573 3284 3642 invenitoptiniis
3325 3573 3536 3629 laboris

1955 3668 2077 3722 bus.

2104 3804 2188 3857 l9.
2224 3801 2291 3856 lu
2311 3804 2537 3872 quinque
2567 3801 2770 3855 vocales
2797 3811 2848 3855 et
2882 3802 3058 3856 decem
3084 3787 3406 3872 categorias.

2032 3937 2147 3993 Via:
2179 3937 2516 4007 perspiciens
2551 3936 2924 4006 sophistarum
2960 3937 3286 3999 sententias.
3319 3940 3386 3992 ad
3423 3940 3544 4008 plii-

1958 4031 2222 4099 losopbos
2253 4037 2434 4083 autem
2469 4027 2654 4098 potius
2684 4027 2951 4082 accedens
2981 4036 3039 4082 ut
3073 4027 3283 4092 faciles,
3313 4031 3547 4084 vocibus

1958 4122 2198 4191 repletus
2235 4136 2358 4175 sum
2399 4128 2455 4175 et
2483 4119 2800 4189 categoriis.
2838 4117 2955 4172 Non
2993 4129 3096 4186 est,
3127 4131 3234 4183 est,
3273 4121 3340 4174 ad
3381 4123 3535 4190 quid,

1960 4215 2160 4284 quale,
2195 4213 2322 4274 ubi,
2355 4213 2608 4281 quando;
2649 4219 2710 4265 ιιι
2761 4212 3068 4280 patiuntur,
3115 4222 3316 4282 agunt,
3353 4213 3544 4267 volunt

1963 4309 2276 4363 innumera.
2309 4305 2510 4360 Omnia
2534 4305 2882 4370 subvertant,
2910 4303 3258 4360 confundunt
3294 4314 3547 4368 naturas,

1963 4409 2024 4456 ut
2071 4417 2139 4456 ex
2191 4413 2251 4454 se
2302 4402 2507 4467 lingant
2541 4398 2956 4463 hirco-cervos;
3009 4399 3246 4459 caelum,
3297 4405 3544 4462 terram;

1966 4495 2196 4563 lignum,
2231 4499 2440 4560 petram
2473 4489 2700 4553 dicunt,
2732 4489 3019 4542 materiam
3050 4491 3171 4542 sine
3198 4487 3398 4552 forma,
3431 4488 3546 4541 for-

1887 4581 1942 4640 D
1970 4599 2114 4638 mam
2150 4583 2270 4637 sine
2309 4580 2574 4645 materia;
2609 4579 2848 4633 mundos
2895 4578 3327 4632 innumerabiles
3349 4619 3363 4642 ,
3399 4579 3550 4633 ideas

1965 4675 2242 4729 universis
2288 4674 2610 4727 anteriores.
2665 4671 2770 4735 Qui
2820 4686 2852 4724 e
2905 4670 3121 4738 porticu
3172 4679 3304 4724 sunt
3335 4669 3549 4723 Acade-

1964 4768 2131 4820 miam
2181 4767 2540 4835 impugnant;
2579 4764 2667 4818 isti
2705 4761 3103 4832 Pyrrhonaaos,
3145 4776 3340 4815 omnes
3368 4760 3550 4831 Stagi-

1964 4861 2097 4926 rita;
2117 4857 2206 4912 alii
2232 4867 2412 4912 autem
2432 4857 2607 4921 illum,
2641 4854 2933 4910 Phoenices
2963 4864 3015 4908 et
3052 4853 3198 4922 Syri.
3225 4852 3360 4919 Quae
3392 4868 3550 4908 mens

1969 4960 2147 5006 tantas
2188 4949 2310 5004 lites
2355 4957 2734 5018 percurreret,
2780 4955 2861 5000 tot
2906 4956 3121 5015 gentes,
3161 4956 3216 5000 et
3256 4947 3554 5017 phalanges

1974 5041 2264 5098 inimicas?
2309 5039 2631 5106 Qumrebam
2678 5054 3012 5108 cognoscere
3041 5040 3286 5095 occultas
3329 5040 3554 5110 profun—

1973 5136 2174 5190 ditates
2207 5133 2612 5194 universorum,
2659 5141 2714 5184 et
2751 5131 2875 5199 quis
2921 5132 3157 5200 potuerit
3188 5133 3406 5186 tandem
3443 5135 3556 5187 cla-

1973 5243 2066 5282 ras
2133 5242 2220 5281 res
2279 5226 2600 5280 obscurare.
2676 5222 2860 5277 Unum
2930 5223 3262 5293 cognitionis
3333 5225 3553 5288 lumen,

1971 5320 2212 5381 Christe,
2241 5327 2298 5372 tu
2333 5317 2468 5371 mihi
2501 5317 2654 5371 solus
2688 5333 2784 5382 es;
2815 5317 3060 5385 cognitio
3084 5316 3329 5386 perfecta
3366 5318 3555 5386 potius

1971 5421 2057 5466 est
2083 5413 2224 5467 scire
2258 5409 2434 5464 solum
2485 5417 2538 5462 te
2569 5418 2871 5462 creatorem
2927 5409 3386 5471 substantiarum,
3419 5419 3556 5464 tem-

1981 5519 2200 5574 porum,
2228 5503 2494 5566 locoruni,
2534 5500 2884 5565 inell‘abilem,
2917 5500 3552 5569 incompreliensibilem,

1981 5615 2151 5653 unum
2201 5607 2256 5655 ct
2300 5608 2441 5664 tres;
2483 5599 2667 5652 omnia
2728 5598 2947 5651 mittens
2982 5597 3085 5650 lioc
3119 5595 3337 5666 quidem
3379 5592 3557 5648 solum

1982 5693 2178 5762 loquor
