4232 6434
791 386 897 446 919

1168 504 1233 559 κ’.
1294 509 1396 572 Εἰς
1429 508 1571 575 τοὺς
1596 513 1995 581 φιλοσόφους.

791 616 953 685 Τρεῖς
978 617 1172 685 σοφίης
1194 619 1544 690 πολυΐστορος
1571 621 1817 693 ἔκκριτοι
1850 627 2080 699 ἀστέρες
2116 625 2219 684 οἶοι

871 709 1021 761 Ἐνθέ
1031 726 1180 778 μενοι
1208 709 1413 778 βίϐλοις
1444 711 1600 765 ὖλὸον
1626 715 1960 787 ἀπειρέσιον.

803 801 1064 871 Ἀρχύτας
1090 797 1247 873 ἦρξε,
1287 804 1514 859 Πλάτων
1552 808 1813 875 πλάτυνε,
1845 812 1996 874 τέλος
2036 813 2084 867 δ’
2108 815 2205 869 ἐπὶ
2228 819 2363 872 πᾶσι

872 892 959 956 Ὠς
988 892 1147 963 ἔτυχε
1178 894 1400 965 κληθεὶς
1433 897 1602 968 θῆκεν
1654 901 2050 974 Ἀριστοτέλης.

1001 1034 1105 1081 κα’.
1147 1031 1252 1095 Εἰς
1279 1028 1387 1097 τὰς
1420 1031 1532 1085 τῶν
1578 1034 1825 1103 Ἰϐήρων
1854 1039 2152 1110 ἁρπαγάς.

783 1140 857 1192 1ὶύ
894 1141 1161 1197 Σκυθικὸν
1192 1144 1305 1214 πῦρ
1335 1146 1452 1199 ἀλλ’
1490 1147 1737 1220 Ἰὅηρικὴ
1767 1151 1857 1221 βία

786 1232 927 1300 Πρὸς
950 1236 1051 1303 τὴν
1094 1234 1266 1305 Ἐῴαν
1298 1236 1393 1290 νῦν
1430 1238 1609 1292 κλονεῖ
1639 1242 1739 1311 τὴν
1779 1243 2073 1314 Ἐσττεραν.

787 1323 893 1388 Γῆς
918 1322 1077 1375 τοῦτο
1108 1325 1346 1394 σεισμοὶ,
1375 1326 1566 1380 τούσδε
1599 1329 1800 1398 φαῦσις
1831 1334 2077 1404 ἀστέρων

786 1413 1000 1465 Καινῶν
1027 1414 1214 1484 ἐδήλου
1244 1417 1477 1486 μάκετις
1506 1419 1695 1487 γῆ.-Τί
1716 1421 1953 1488 Σκύθαις

780 1504 984 1574 Μέμφῃ
1011 1507 1258 1573 ματαίως
1279 1509 1473 1561 ὁππότ’
1502 1509 1568 1562 ἂν
1594 1513 1722 1576 τοὺς
1759 1517 2080 1587 συμμάχους

779 1592 1017 1647 Τοιαῦτα
1044 1594 1289 1664 δρῶντας
1315 1598 1410 1651 καὶ
1434 1598 1623 1668 φίλους
1650 1604 1778 1668 τοὺς
1809 1607 1935 1670 σοὺς
1965 1606 2182 1676 βλέπεις
2212 1612 2256 1641 ’θ
2279 1632 2294 1677 ,

1980 1699 2138 1758 τίλους

1132 1792 1235 1863 κβ’.
1273 1796 1375 1861 Εἰς
1406 1799 1549 1864 τοὺς
1592 1801 1998 1870 Βουλγάρους.

777 1903 935 1955 Κατὰ
964 1903 1189 1957 Σκυθῶν
1230 1908 1361 1976 πρὶν
1391 1911 1734 1981 συμμάχους,
1769 1913 1864 1967 νῦν
1894 1914 1953 1968 δὲ
1992 1916 2223 1981 Σκύθας,

776 1995 1051 2063 Λήψοισθε
1078 1996 1317 2069 Θρᾷκες,
1346 2004 1671 2073 συμμάχους
1707 2006 1843 2075 πρὸς
1867 2008 1993 2071 τοὺς
2026 2008 2213 2076 φίλους

776 2087 1041 2156 Σκιρτᾶτε
1070 2089 1166 2141 καὶ
1197 2093 1468 2161 κροτεῖτε.
1501 2093 1647 2163 φῦλα
1676 2096 2024 2169 Βουλγάρων,
2093 2088 2103 2096 ’

778 2178 885 2230 Καὶ
921 2178 1180 2251 σκῆπτρα
1213 2182 1308 2235 καὶ
1336 2183 1399 2236 τὸ
1425 2186 1645 2256 στέμμα
1674 2192 1768 2242 καὶ
1798 2191 1898 2260 τὴν
1934 2193 2222 2265 πορφύραν

779 2272 1050 2342 Κρατεῖτε
1090 2274 1182 2327 καὶ
1214 2278 1452 2347 φορεῖτε,
1482 2279 1576 2332 καὶ
1605 2282 1905 2349 φοινικίδας

1378 2373 1395 2434 ί
1403 2369 1667 2439 ζτήτησον
1695 2377 1913 2443 στίχον
1940 2377 2072 2441 ἕνα)

775 2454 1159 2525 Μεταμφιάσει
1185 2460 1280 2512 καὶ¹
1312 2457 1488 2524 ξύλοις
1513 2463 1639 2527 τοὺς
1665 2464 1901 2534 αὐχένας

777 2545 1027 2615 Μακροῖς
1060 2549 1290 2615 συνέξει,
1328 2553 1420 2604 καὶ
1447 2555 1659 2623 κυφῶσι
1681 2558 1808 2621 τοὺς
1844 2559 2033 2625 πόδας.

772 2636 935 2689 Ξανεῖ
953 2637 1011 2690 δὲ
1050 2638 1273 2705 πολλαῖς
1308 2643 1453 2697 νῶτα
1478 2646 1571 2698 καὶ
1595 2646 1696 2717 τὴν
1731 2648 1962 2704 κοιλίαν,

789 2728 931 2782 ’Λνθ’
958 2724 1033 2785 ὧν
1057 2731 1285 2799 ἀφέντες
1316 2734 1690 2807 δημιουργεῖν,

774 2822 1009 2888 ἰὀύτους
1043 2828 1233 2896 φορεῖν
1266 2828 1500 2899 τολμᾶτε
1527 2831 1622 2884 καὶ
1655 2836 1873 2902 φρονεῖν
1900 2836 2065 2903 μέγα.

1108 2965 1212 3028 κγ’.
1241 2964 1345 3027 Εἰς
1374 2963 1490 3031 τὴν
1519 2964 1750 3033 νοητὴν
1776 2969 2018 3041 otiatur.

773 3072 961 3139 Ζητῶν
991 3073 1226 3127 ἀπεῖπον
1251 3076 1350 3146 τὴν
1383 3079 1578 3149 νοητὴν
1608 3079 1819 3135 οὐσίαν.

773 3162 865 3224 Ί’ίς
894 3163 1045 3217 ἐστιν
1077 3164 1243 3238 αῦτη,
1269 3168 1386 3232 πῶς
1418 3169 1474 3222 δὲ
1509 3170 1698 3240 τέμνει
1720 3173 1819 3238 τάς
1842 3174 1956 3240 δύο,

1269 3344 1359 3399 20.
1401 3344 1467 3399 In
1497 3347 1857 3418 philosophos.

844 3431 981 3488 Tres
1010 3435 1281 3503 sapientia
1334 3439 1553 3508 egregia
1600 3442 1907 3510 conspicui,
1942 3445 2093 3502 velut
2127 3448 2307 3505 sidera
2331 3489 2345 3514 ,

773 3521 927 3575 libris
956 3524 1257 3592 pretiosum
1287 3527 1606 3583 thesaurum
1630 3534 2044 3590 commiserunt.
2080 3537 2349 3608 Archytas

773 3615 1080 3683 imperavit,
1111 3615 1264 3670 Plato
1294 3619 1666 3688 amplificavit,
1698 3624 2020 3682 Aristoteles
2056 3630 2346 3697 perfectio-

776 3720 899 3757 nem
953 3705 1007 3759 in
1046 3707 1339 3773 omnibus,
1388 3717 1449 3764 ut
1478 3727 1679 3769 nomen
1722 3716 1842 3785 ejus
1878 3715 2112 3774 feliciter
2162 3732 2347 3787 sonat,

772 3797 1051 3865 imposuit.

1120 3909 1213 3967 2|.
1246 3910 1313 3965 In
1348 3911 1628 3968 [berorum
1655 3919 1999 3975 vastationes.

844 4018 964 4072 Non
992 4019 1284 4090 Scythicus
1315 4022 1480 4093 ignis,
1507 4025 1601 4080 sed
1627 4026 1833 4081 lberica
1865 4029 2128 4086 violentia
2155 4048 2347 4088 versus

769 4109 1046 4167 Orientem
1071 4128 1217 4168 nunc
1237 4112 1595 4171 Occidentem
1618 4117 1787 4189 fugat.
1806 4119 1921 4176 Hoc
1948 4131 2108 4179 terrae
2136 4134 2341 4190 motus,

768 4208 823 4252 ιι
858 4201 978 4255 illos
1005 4202 1286 4257 stellarum
1318 4221 1583 4262 novarum
1606 4208 1785 4280 fulgor
1812 4213 2136 4270 ostendebat
2163 4225 2339 4272 terrae.

768 4291 911 4353 Quid
961 4289 1195 4362 Scythas
1228 4293 1448 4349 incusas
1487 4295 1783 4366 immerito,
1828 4316 1954 4357 cum
1989 4303 2173 4359 socios
2214 4306 2341 4361 talia

767 4392 1010 4451 agentes,
1052 4394 1108 4440 et
1135 4386 1345 4442 amicos
1376 4395 1501 4443 tuos
1530 4391 1724 4447 vides?

1306 4519 1396 4573 22.
1431 4518 1498 4573 In
1525 4518 1809 4592 Bulgares.

834 4653 1037 4707 Cuiitra
1069 4654 1316 4723 Scythas.
1347 4672 1521 4725 nuper
1548 4659 1751 4724 socios,
1786 4678 1932 4716 nunc
1952 4679 2085 4718 vero
2120 4665 2338 4737 Scythae

2059 402 2191 460 ,1οΛ
2202 404 2301 463 ΝΝ
2313 405 2330 463 l
2343 406 2382 464 S
2412 407 2457 465 ϐ
2469 406 2842 467 ΕΟΜΕΤΒΕ

2393 529 2434 583 Α
2480 524 2794 591 Ἀσὼματον
2819 525 2911 577 καὶ
2941 526 3136 595 σῶμα;
3169 525 3283 589 πῶς
3321 525 3365 577 δ’
3394 525 3561 594 ἄμφω
3595 525 3732 595 μόνη

2470 615 2706 684 Ἐχουσα
2732 617 2842 668 τῶν
2868 616 3016 669 δυοῖν
3042 616 3099 669 δὲ
3129 617 3296 686 μηδὲν
3322 616 3609 683 τυγχάνεις

2464 705 2587 768 Πῶς
2611 706 2789 760 πάντα
2811 707 2855 760 δ’
2880 707 3052 773 ἐστὶν,
3076 706 3194 760 ἔστι
3221 708 3441 763 πάντων
3470 708 3515 759 δ’
3540 708 3725 760 οὐκέτι
3750 725 3770 774 ;

2963 913 3068 970 κδ’.
3101 919 3207 982 Εἰς
3237 915 3346 970 τὸν
3374 843 3556 985 πομῖἲ⁸

2470 1029 2611 1080 ’Λνω
2644 1028 2876 1098 κομίτης
2904 1028 3099 1097 ἔφλεγε
3121 1030 3214 1083 τὸν
3240 1030 3458 1098 αἰθέρα,

2461 1119 2627 1174 Κάτω
2662 1121 2912 1192 κομήτης
2935 1121 3205 1192 πυρπολεῖ
3234 1124 3336 1192 τὴν
3381 1121 3677 1193 Ἑσπέραν.

2474 1212 2673 1283 Ἀστὴρ
2702 1213 2909 1278 ἐκεῖνος
2936 1213 3205 1285 σύμὸολον
3225 1214 3321 1268 τοῦ
3348 1215 3444 1269 νῦν
3468 1216 3688 1279 σκότους
3712 1232 3729 1249 ⁸

2472 1305 2711 1367 Ἐκεῖνος
2740 1306 3018 1376 ήμεροῦτο
3040 1308 3183 1375 φωτὶ
3204 1308 3527 1377 Φωσφόρου.

2471 1383 2791 1459 ⁴Αλλόῦτος
2826 1397 2974 1467 ἥφθη
2994 1401 3062 1469 τῇ
3094 1399 3247 1452 δύσει
3279 1398 3620 1471 Νικηφόρον.

2460 1485 2657 1554 Τυφὼς
2685 1490 2714 1541 ὁ
2740 1488 2912 1552 δεινὸς
2945 1482 3102 1553 οὗτος
3134 1489 3195 1555 ἐξ
3221 1490 3539 1563 ἀλαστόρων

2458 1579 2540 1632 TA
2565 1580 2745 1634 πάντα
2774 1583 2999 1653 πιμπρᾷ
3018 1599 3033 1614 ο
3064 1581 3169 1636 ποῦ
3203 1582 3533 1654 βρυχήματα
3560 1586 3804 1654 κράτους

2459 1671 2566 1725 Τοῦ
2597 1671 2714 1736 σοῦ,
2752 1674 3049 1745 στρατηγὲ,
3079 1674 3180 1746 τῆς
3223 1676 3486 1746 ἀνικήτου
3530 1677 3794 1748 Ῥώμηςς

2458 1761 2622 1814 Φύσει
2655 1761 2899 1832 βασιλεῦ,
2931 1764 3226 1835 πράγμασι
3250 1766 3544 1837 νικηφόρε,

2458 1852 2673 1925 Μικρὸν
2700 1853 2992 1924 προκύψας
3017 1855 3114 1910 τοῦ
3135 1857 3331 1927 τάφου,
3364 1857 3580 1929 βρύξον,
3613 1859 3757 1924 λέον,

2456 1942 2679 2009 Δίδαξω
2707 1944 2877 1999 οἰκεῖν
2900 1944 3001 2010 τὰς
3027 1945 3323 2012 ἀλώπεκας
3351 1949 3602 2021 πέτραις.

2898 2084 2997 2134 κε’.
3026 2081 3207 2149 Ὅρος
3236 2081 3355 2136 τῶν
3380 2082 3591 2139 ὄντων.

2454 2189 2725 2243 Ἕκαστον
2746 2183 2887 2243 εἶναι
2915 2195 3029 2255 τοῖς
3065 2195 3246 2259 σοφοῖς
3281 2192 3428 2247 τοῦτ’
3456 2194 3617 2248 οὐσία
3642 2210 3657 2227 ο

2454 2281 2626 2335 Ποσον
2655 2282 2734 2345 δὲ,
2773 2285 2972 2353 μέτρον
3013 2286 3305 2356 κάριθμδς,
3341 2287 3504 2359 ῥοπὴ.
3542 2287 3707 2358 βάρος
3731 2303 3746 2317 ⁸

2452 2373 2527 2426 Τὸ
2557 2374 2693 2441 πρός
2717 2392 2772 2428 τι
2794 2377 2839 2429 δ’
2874 2379 3025 2431 ἐστὶν
3054 2379 3086 2447 ἡ
3112 2379 3253 2449 πρὸς
3284 2379 3414 2434 ἄλλο
3445 2398 3498 2433 τι
3534 2381 3719 2451 σχέσις
3742 2396 3758 2412 °

2453 2460 2633 2526 Ποιδν,
2658 2465 2969 2535 χαρακτὴρ,
3004 2462 3164 2533 εἶδος,
3205 2470 3239 2539 ή
3267 2468 3582 2539 τοιουτότης
3602 2485 3618 2500 °

2453 2549 2565 2603 Ποῦ
2601 2552 2951 2623 συμϐεϐηκὸς
2976 2555 3073 2608 τοῦ
3107 2558 3299 2623 τόπου,
3335 2560 3466 2612 ποτὲ
3494 2559 3689 2629 χρόνου
3713 2578 3727 2591 ο

2454 2640 2635 2696 Ποιεῖν
2664 2642 2724 2696 τό
2750 2661 2803 2697 τι
2828 2644 2983 2717 δρᾷν,
3022 2646 3133 2700 εἴτε
3156 2647 3304 2716 νοῦν,
3330 2649 3432 2703 εἴτ’
3464 2652 3657 2703 οὐσίαν
3679 2668 3693 2682 ·

2452 2732 2692 2804 Πάσχειν
2728 2735 2978 2806 δέχεσθαι
3004 2738 3113 2791 τῶν
3135 2739 3266 2812 παρ’
3304 2740 3479 2794 ἄλλων
3507 2742 3565 2794 δὲ
3598 2742 3825 2810 epam;
3850 2744 3925 2800 ⁸³.

2453 2823 2707 2886 Κεῖσθαι,
2732 2825 2910 2889 κλίσις
2937 2845 2991 2880 τι
3019 2828 3053 2898 ἢ
3091 2828 3242 2893 θέσις
3281 2831 3391 2883 τῶν
3427 2830 3715 2900 κειμένων,

2456 2914 2642 2985 Ἐχειν
2673 2914 2903 2970 ἕκαστον
2934 2912 3104 2990 οὗπέρ
3133 2922 3248 2975 ἐστι
3275 2923 3336 2974 τὸ
3367 2922 3549 2977 πλέον.

2453 3023 2566 3090 κς⁹.
2614 3027 2717 3095 Εἰς
2760 3029 2877 3098 τὴν
2924 3032 3270 3155 γνωστικὴῖ
3320 3036 3418 3088 καί
3472 3036 3814 3106 πρακτικὴν
3861 3043 4036 3107 φιλο-

3117 3119 3237 3155 σοετ
3266 3121 3364 3155 αν.

3117 3119 3364 3157 σοετιαν.

2452 3185 2699 3257 Θεωρίας
2726 3206 2810 3255 τις
2837 3190 3008 3261 ἄκρον
3031 3193 3065 3262 ή
3096 3138 3385 3264 μονέρχία,

2381 3375 2425 3434 α
2460 3377 2618 3429 sum;
2650 3380 2776 3436 qua:
2799 3376 2885 3422 est
2914 3368 3016 3423 ista
3035 3370 3058 3421 Υ
3078 3370 3358 3437 quomodo
3374 3370 3575 3435 dividit
3602 3386 3718 3429 nae
3740 3387 3876 3442 uno,
3907 3391 4033 3433 cor-

2451 3457 2637 3526 porale
2670 3468 2724 3512 et
2771 3458 3151 3530 incorporale?
3187 3464 3466 3531 quomodo
3499 3474 3682 3519 autem
3736 3478 4033 3539 utrumque

2449 3549 2565 3602 sola
2636 3550 2842 3606 habens
2889 3552 3024 3605 nihil
3079 3554 3299 3622 utrique
3351 3555 3693 3626 participat?
3747 3561 4032 3629 quomodo

2448 3639 2634 3695 omnia
2662 3651 2767 3706 est,
2801 3655 2856 3698 et
2885 3644 3020 3698 nihil
3056 3646 3304 3699 omnium
3334 3648 3460 3702 est?

2969 3786 3056 3835 te.
3096 3796 3163 3834 tu
3200 3793 3480 3837 cometam.

2520 3889 2697 3959 Supra
2746 3891 3105 3948 inflammavit
3162 3895 3391 3960 (ethera,
3438 3895 3578 3951 infra
3632 3907 3878 3953 cometes
3939 3899 4022 3952 in-

2446 3983 2629 4038 cendit
2643 3983 3015 4039 Occidentem.
3049 3984 3213 4041 Sidus
3243 3987 3375 4041 illud
3406 3988 3627 4057 signum
3657 3998 3744 4043 est
3773 3990 4025 4044 tenebra-

2448 4090 2597 4139 rum,
2633 4075 2888 4131 blandius
2918 4077 3149 4132 cllicitur
3182 4079 3640 4143 lumineluciferi,
3672 4082 3770 4135 sed
3804 4084 3908 4136 hoc
3941 4083 4021 4137 in-

2446 4166 2784 4220 flammatum
2828 4177 2913 4222 est
2960 4168 3016 4221 in
3048 4169 3197 4223 obitu
3248 4169 3568 4239 Nicephori.
3628 4172 3876 4227 Fumans
3922 4175 4025 4227 hoc

2445 4272 2648 4309 saevum
2696 4271 2765 4310 ex
2818 4257 3029 4312 ultione
3084 4258 3273 4311 divina
3328 4260 3514 4313 omnia
3568 4262 3868 4316 consumit.
3920 4260 4020 4317 Ubi

2445 4348 2657 4417 rugitus
2685 4358 2791 4403 tua:
2828 4350 3131 4418 potestatis,
3161 4350 3267 4403 dux
3302 4351 3518 4404 invicta:
3563 4352 3792 4406 nonne?
3829 4363 4021 4408 natura

2443 4455 2562 4502 rex,
2596 4441 2761 4495 rebus
2790 4443 2958 4510 gestis
2997 4434 3334 4509 Nicephore;
3370 4444 3521 4497 brevi
3557 4444 3611 4497 in
3654 4446 3908 4511 sepulcro
3942 4446 4023 4516 jac

2441 4547 2596 4599 cens,
2626 4532 2766 4602 rugi,
2802 4533 2908 4596 leo,
2940 4532 3078 4587 doce
3100 4533 3288 4602 vulpes
3315 4534 3544 4604 rupibus
3564 4536 3894 4592 inhabitare.

2914 4663 3005 4718 25'.
3045 4663 3291 4733 Deﬁnitio
3317 4667 3541 4720 entiam.

763 4744 1077 4809 sumeretis,
1098 4745 1359 4812 Thraces,
1389 4748 1575 4802 socios
1601 4759 1655 4803 et
1698 4752 1930 4807 amicos.
1964 4752 2250 4811 Exsultate
2280 4767 2335 4811 et
2365 4753 2414 4811 υ
2506 4775 2945 4846 Unumquodque
2988 4792 3111 4831 esse
3134 4819 3149 4843 ,
3199 4778 3250 4832 id
3300 4779 3641 4849 philosophis
3686 4779 4017 4835 Substantiz

762 4836 1028 4903 plaudite,
1057 4834 1420 4905 Bulgarorum
1452 4838 1650 4904 tribus,
1677 4851 1731 4895 et
1758 4850 1975 4912 sceptra
2008 4852 2063 4897 et
2087 4844 2339 4902 diadema

676 4992 678 4994 ν
761 4937 816 4981 et
851 4931 1147 4998 purpurain
1199 4934 1477 5002 possidete
1530 4945 1586 4991 et
1634 4948 1877 5007 gestate,
1908 4946 1963 4994 et
1989 4956 2214 4998 croceas
2248 4953 2335 4998 to-

761 5036 878 5088 gas.
918 5061 934 5076 .
968 5062 983 5076 .
1014 5060 1031 5076 .
1062 5060 1080 5076 .
1113 5062 1128 5077 .
1169 5062 1185 5077 .
1215 5063 1231 5079 .
1264 5064 1279 5079 .
1314 5064 1330 5080 .
1360 5065 1376 5081 .
1413 5066 1428 5081 .
1463 5066 1478 5082 .
1510 5066 1526 5082 .
1567 5066 1582 5082 .
1615 5029 1801 5099 (Deest
1828 5048 1970 5086 unus
2002 5034 2334 5103 versus).....

761 5114 1017 5167 vestitum
1062 5117 1318 5181 mutabit,
1356 5126 1412 5172 et
1454 5120 1616 5189 lignis
1666 5122 1844 5191 longis
1878 5125 2016 5177 colla
2065 5126 2332 5197 alligabit,

759 5206 1110 5273 compedibus
1156 5211 1360 5277 pedes;
1434 5212 1734 5282 multisque
1782 5216 2042 5269 lacerabit
2081 5226 2228 5287 terga
2282 5230 2336 5274 et

2446 4866 2667 4929 dicitur.
2700 4866 2978 4934 quantitas
2998 4907 3013 4930 ,
3064 4881 3320 4921 mensura
3341 4908 3357 4931 ,
3394 4881 3655 4920 numerus
3677 4907 3693 4927 ,
3724 4867 3843 4933 vis,
3879 4883 4014 4937 pon-

2446 4957 2585 5023 dus;
2615 4958 2682 5011 ad
2716 4956 2847 5026 quid
2879 4966 2983 5024 est,
3018 4958 3101 5011 vel
3145 4956 3211 5011 ad
3247 4958 3397 5012 aliud
3433 4966 3518 5013 est
3559 4957 3803 5022 habitus,
3839 4959 4044 5029 quali-.

2445 5057 2549 5109 tas.
2584 5049 2887 5111 character,
2918 5049 3127 5118 species
3150 5059 3204 5103 et
3232 5049 3412 5104 talitas
3432 5091 3448 5115 ,
3482 5050 3647 5104 modo
3696 5051 4013 5121 adjunctum

2442 5138 2583 5200 loci,
2629 5139 2790 5192 modo
2822 5138 3122 5209 temporis;
3165 5138 3347 5195 facere
3390 5140 3521 5209 quid
3572 5154 3856 5211 operatur,
3903 5143 4012 5198 sive

2441 5245 2614 5292 meus,
2647 5230 2763 5285 sive
2783 5231 3115 5291 substantia.
3143 5230 3279 5300 pati,
3309 5232 3565 5301 excipere
3587 5234 3655 5286 ab
3686 5234 3812 5287 aliis
3845 5236 4010 5290 actio-

762 5307 1041 5363 veutrem;
1077 5301 1193 5354 ideo
1214 5303 1429 5369 operari
1457 5313 1759 5361 cessantes.
1788 5307 1886 5362 hos
1919 5311 2189 5367 sustinete
2221 5326 2332 5381 prae
2433 5336 2565 5387 nes,
2600 5322 2837 5391 subjici,
2888 5322 3209 5386 inclinatio,
3243 5333 3340 5376 aut
3374 5319 3571 5392 positio
3598 5324 4005 5393 subjectorum,

760 5402 820 5442 se
851 5388 992 5443 ferre
1023 5401 1077 5445 et
1112 5394 1353 5460 cogitare
1391 5397 1651 5464 superba.

1001 5504 1093 5559 ‘23.
1140 5507 1202 5559 In
1261 5508 1669 5565 intellectualem
1701 5515 2079 5570 substantiam.

829 5616 1089 5680 ρυλες-ους
1131 5620 1550 5675 intellectualem
1593 5625 1955 5681 substantiam
2008 5628 2328 5692 desperatus

828 5797 874 5830 “
907 5798 1014 5855 Sic.
1095 5804 1136 5833 “
1172 5801 1297 5871 ch.
1337 5806 1439 5858 vid.
1483 5806 1581 5869 τὰς
1622 5825 1670 5860 ιτ.
1698 5808 1829 5872 {1.75
1862 5809 2079 5876 δράκις

2434 5415 2863 5484 unumquodque
2896 5414 3099 5470 habere
3132 5415 3183 5468 id
3222 5430 3335 5482 quo
3364 5424 3545 5468 tamen
3566 5413 3744 5483 majus
3772 5415 4003 5471 exsistit.

2455 5521 2546 5576 26.
2584 5521 2646 5576 In
2672 5521 3039 5578 Cnosticorum
3080 5534 3129 5578 et
3159 5523 3527 5578 Practicorum
3559 5523 3971 5595 philosophiam.

2501 5632 2747 5691 Theoria:
2785 5651 2999 5691 summa
3031 5646 3114 5692 est
3153 5651 3274 5707 quae
3303 5635 3375 5692 sit
3405 5636 3749 5706 monarchia,
3782 5637 3916 5708 quid
3938 5636 4003 5690 sit
