4232 6434
192 443 299 504 920

1503 441 1846 501 (ΣΑΠΜΙΝᾹ
1884 441 2114 502 VARIA

3352 439 3457 504 930

193 561 271 626 ἰᾑ
308 553 374 624 μὲ
404 553 590 624 φέρεις
621 555 717 626 σὺν
751 554 922 624 μητρὶ
954 551 1207 624 ξκρατάίῇ
1244 552 1508 622 νεύμασιν
1544 553 1776 618 ἐσθλοῖς,
1811 563 1850 614 Λ
1885 553 1995 621 Τὴν
2027 553 2121 622 σὴν
2149 551 2323 621 κάραν
2356 551 2564 604 τέθεικε
2589 551 2688 621 τὴν
2723 552 3100 622 πορνοκτόνον.

189 642 270 718 ’1ιί
297 664 352 699 τε
382 647 557 708 θέλοις
590 646 686 697 καὶ
712 646 785 709 ὡς
815 647 1047 710 ἐθέλοις,
1076 647 1169 700 καὶ
1191 645 1249 698 εὖ
1277 662 1336 698 τε
1363 646 1456 698 καὶ
1485 645 1664 699 ὅσσον.

271 762 373 834 με’.
394 766 496 829 Εἰς
513 765 617 816 τὸν
639 764 856 819 ἑαυτοῦ
887 764 1263 817 διδάσκαλον
1291 762 1636 832 Νικηφόρον
1674 764 1773 833 (1).

197 857 398 924 ’Δμιρω
425 855 690 908 καλύπτει
721 855 1046 924 πράγματα,
1084 855 1365 923 Νικηφόρε
1390 869 1402 883 ’

194 947 352 1008 Λίθος
379 947 574 1014 τάφου,
607 945 695 998 σέο
723 944 953 1009 ζῶντας,
990 946 1212 1013 ἀγνοίας
1256 943 1423 1007 λίθος.

579 1058 695 1126 μς’.
735 1058 845 1111 Τοῦ
879 1059 1052 1126 ἁγίου
1082 1057 1401 1125 Θεοδώρευ.

196 1150 461 1218 Οὖτιδανὴ
495 1152 613 1218 χεὶρ
647 1149 810 1219 νεῦρα
841 1150 884 1202 δ’
931 1149 1238 1218 ἁπέτμαγε,
1271 1151 1319 1201 οἱ
1350 1147 1406 1200 δέ
1444 1147 1500 1216 μ’
1535 1149 1593 1210 ἐς
1635 1143 1776 1202 ἆθλα

195 1242 288 1293 Ἐν
321 1242 552 1301 σταδίοις
583 1242 836 1294 καλέουσι
875 1241 1004 1304 νέοι,
1044 1243 1136 1293 καὶ
1162 1240 1359 1293 ’ἐστακε
1384 1239 1563 1291 πάντα

195 1335 374 1403 Δῆμος
397 1333 515 1395 ὅλος
550 1333 968 1401 φιλοκέρτομος,
1005 1335 1061 1395 ἐς
1084 1333 1126 1385 δ’
1150 1333 1280 1401 ἐμὲν
1309 1332 1354 1363 ³³
1386 1332 1639 1400 γλώσσας
1666 1332 1710 1362 ⁵⁸

196 1427 406 1495 Πικρὰς
439 1427 778 1487 ἐντανύουσι,
815 1427 908 1478 καὶ
943 1427 1168 1494 ὄμματα
1195 1425 1364 1498 μυρία
1393 1424 1541 1489 λοξά.

209 1519 368 1572 Ἀλλά
389 1518 439 1584 γ’
465 1519 597 1586 ἐμὸν
622 1518 820 1587 κράτος
849 1517 1017 1580 ἵλαθι,
1053 1516 1252 1586 μάρτυ,
1284 1519 1376 1570 καὶ
1408 1517 1577 1570 ἄπτεο
1600 1518 1777 1587 χειρὸς

194 1609 506 1679 Δεξιτερῆς,
539 1608 734 1661 ἰθύνων
764 1609 849 1661 ἐπ’
883 1608 1068 1672 ἄεθλα,
1100 1609 1193 1662 καί
1223 1609 1393 1674 ἄλγεα
1423 1608 1630 1661 παύων.

195 1698 390 1762 Οἶσθα,
425 1702 634 1771 μάκαρ,
669 1701 949 1770 κέκμηκα,
975 1701 1232 1762 πανίλαος
1261 1700 1381 1752 ἐλθὲ
1409 1701 1681 1753 καλεῦντι.

306 1814 412 1883 μζ¹.
449 1817 551 1880 Εἰς
587 1815 691 1868 τὸν
720 1814 892 1884 ἅγιον
925 1814 1225 1882 Θεόδωρον
1262 1812 1368 1867 τὸν
1412 1817 1666 1882 Τι’νρωιγι.

208 1925 304 1980 Ἐκ
340 1927 535 1994 φλογὸς
562 1929 642 1990 είς
667 1927 780 1997 φῶς
807 1927 1068 1996 ἔδραμες,
1104 1931 1167 1980 ὲκ
1197 1927 1359 1997 λιμοῦ
1392 1931 1515 1980 neti.
1547 1929 1773 1995 νέκταρ,

283 2019 372 2082 Ἐξ
405 2019 626 2088 εἱρκτῆς
664 2020 942 2088 θαλάμους
978 2019 1212 2090 ἔδραμες
1239 2021 1548 2091 οὐρανίους,

212 2108 303 2161 Ἐκ
336 2110 585 2178 βασάνων
616 2111 831 2180 πικρῶν
871 2112 990 2162 ποτ’
1022 2112 1188 2166 άεθλα
1220 2113 1314 2165 καὶ
1339 2112 1541 2179 ἄφθιτα
1586 2111 1776 2178 κάλλη.

198 2202 466 2270 Κοίρανον
485 2201 857 2272 ὲκπρολιπὼν,
882 2205 1055 2273 μέγαν
1081 2199 1219 2266 εἶδες
1242 2205 1450 2258 ἄνακτα
1475 2202 1780 2275 [Χριστόν.]

194 2287 312 2344 Ὧδ’
342 2293 441 2362 ἐμὲ
473 2295 566 2346 καὶ
598 2295 864 2362 καμάτων
903 2294 996 2347 καὶ
1023 2295 1308 2364 ἀργαλέων
1339 2294 1675 2364 μελεδωνῶν,

208 2385 296 2446 Ὠς
330 2385 563 2453 καμίνου
597 2386 693 2437 καὶ
717 2386 943 2456 εἱρκτῆς
970 2387 1066 2438 καὶ
1094 2386 1345 2454 βασάνων
1387 2385 1544 2455 λιμοῦ
1579 2402 1638 2438 τε

198 2474 307 2525 Καὶ
334 2473 534 2543 Φαραὼ
564 2476 927 2545 κακομήτιδος
965 2475 1300 2545 ἐξερύσειας,
1339 2476 1570 2545 μάρτυς,

193 2569 479 2636 Δύσμορον
508 2569 605 2637 ὀψέ
638 2587 743 2641 περ
778 2569 837 2632 ὃς
867 2571 958 2621 καὶ
985 2572 1043 2622 ἐν
1081 2571 1220 2639 ῶμῷ
1250 2571 1418 2640 γήραϊ
1451 2569 1637 2636 θῆκεν.

196 2656 301 2713 Οἷα
333 2660 523 2714 παθῶν
557 2661 708 2724 ἰδίοις
737 2661 965 2728 ἀγαθοῖς
1001 2664 1381 2732 ἐπιμέμφεται
1409 2659 1588 2714 οἶσθα.

197 2773 310 2842 μη’.
332 2777 434 2840 Εἰς
459 2773 576 2841 τὴν
597 2775 842 2842 εὕρεσιν
865 2774 972 2842 τῆς
1001 2775 1271 2845 κεφαλῆς
1290 2775 1395 2829 τοῦ
1417 2776 1780 2845 Προὸρὸμου.

206 2884 295 2944 Ὠς
319 2885 451 2952 πρὶν
478 2883 772 2945 θανοῦσαν,
803 2885 987 2955 λύχνε,
1019 2885 1115 2937 νῦν
1146 2886 1546 2956 κεκρυμμένην

193 2975 390 3046 Πηγὴν
425 2976 686 3045 ἐλέγχων,
722 2975 866 3029 οὕτω
905 2976 1139 3046 Χριστὸς
1171 2976 1467 3044 θαυμάτων

195 3133 516 3196 inimicam;
587 3133 818 3187 suadeas
905 3133 1168 3186 latronem
1287 3131 1533 3193 vah-um,

193 3237 288 3278 sos
350 3223 518 3286 cives,
562 3223 817 3276 virtutem
868 3223 1138 3285 odientes,
1194 3221 1457 3283 laborem,
1503 3222 1772 3276 homines.

197 3315 272 3366 lta
305 3330 390 3366 tne
413 3314 530 3381 agis
557 3329 681 3366 cum
726 3323 901 3367 matre
969 3313 1177 3381 potenti
1226 3314 1290 3365 ad
1323 3314 1522 3381 probos
1554 3326 1776 3378 sensus,

195 3423 304 3477 qua
334 3409 467 3461 velis
494 3418 627 3461 etut
660 3407 816 3472 velis,
849 3417 901 3461 ct
941 3408 1159 3476 quodet
1190 3417 1453 3475 quantum
1481 3405 1635 3458 velis.

410 3541 498 3596 45.
538 3540 603 3595 1η
635 3559 787 3595 suum
819 3543 1129 3610 magistrum
1169 3540 1540 3607 Niceti/tonuit.

272 3660 388 3714 Duo
421 3661 788 3721 occultantur,
815 3658 1160 3727 Niccplmrc;
1193 3665 1272 3720 tu,
1307 3655 1544 3724 sepulcri
1572 3654 1778 3724 lapide;

196 3754 548 3823 superstites,
584 3752 906 3822 ignorantia:
941 3750 1140 3819 lapide.

676 3865 764 3918 46.
809 3863 994 3918 Sancti
1028 3863 1307 3916 Theodori.

269 3976 710 4047 Cnntemptibilis
764 3989 957 4027 manus
994 3987 1190 4026 nervos
1237 3968 1509 4033 resecnit,
1556 3969 1780 4035 juvenes

198 4088 330 4127 vero
364 4087 447 4125 me
481 4072 533 4123 in
568 4069 745 4124 stadio
797 4069 862 4120 ad
901 4067 1083 4135 prmlia
1129 4074 1347 4127 vocant,
1405 4073 1459 4116 et
1513 4071 1619 4115 stat
1656 4061 1777 4112 uui-

195 4179 391 4218 versus
426 4161 651 4216 omnino
678 4159 915 4229 populus
955 4156 1202 4210 convicia
1235 4169 1449 4217 amans,
1484 4153 1535 4205 in
1569 4167 1655 4205 me.
1682 4151 1786 4205 litt-

195 4271 336 4325 guas
377 4254 602 4309 acerbas
646 4251 956 4314 intendunt,
994 4261 1046 4301 ct
1095 4247 1242 4300 mille
1273 4246 1528 4315 obliquos
1557 4244 1783 4309 oculos;

198 4350 319 4408 sed.
354 4362 386 4400 ο
419 4346 588 4398 robur
620 4359 824 4406 meum,
867 4340 1138 4410 propitius
1172 4339 1270 4402 sis,
1304 4347 1532 4406 martyr,
1573 4344 1628 4389 ct
1655 4335 1784 4388 (lex-

199 4452 314 4491 ιρι-α
345 4453 505 4490 manu
538 4447 718 4504 tange,
756 4436 820 4485 ad
863 4430 1084 4501 praemia
1115 4429 1381 4495 dirigens,
1414 4438 1468 4480 et
1502 4427 1784 4479 doloribus

198 4533 362 4583 tinem
393 4528 704 4596 imponens.
732 4525 876 4587 Scis,
906 4538 939 4576 o
963 4523 1139 4586 beate,
1173 4519 1442 4584 laboravi,
1471 4518 1784 4573 misericors
1813 4529 1862 4590 ι)

198 4643 218 4675 ι
234 4624 321 4678 eni
363 4623 432 4676 ad
466 4629 773 4674 vocantem.

398 4737 486 4790 47.
527 4732 590 4788 In
627 4743 870 4788 sanctum
911 4730 1238 4784 Theodorum
1275 4727 1550 4797 Tyronem.

279 4850 356 4903 Ex
392 4851 514 4920 igne
551 4848 602 4900 in
650 4848 827 4901 lucem
862 4844 1151 4903 transiisti,
1186 4858 1215 4896 c
1246 4842 1388 4896 fatue
1417 4841 1483 4895 ad
1519 4850 1724 4902 nectar.
1755 4856 1785 4894 c

197 4958 419 4998 carcere
448 4942 514 4995 ad
544 4942 796 4995 caelestes
826 4937 1095 4990 trausiisti
1130 4936 1399 4989 thalamos
1427 4950 1440 4998 ;
1474 4949 1540 4988 ex
1572 4932 1782 4987 acerbis

199 5036 486 5106 suppliciis
513 5037 578 5087 ad
617 5032 840 5100 pra-mia
873 5041 928 5083 et
959 5026 1430 5096 incorruptibilem
1469 5024 1780 5094 pulchritu-

198 5131 404 5184 dinem.
451 5127 650 5196 Regem
714 5125 998 5185 deserens,
1051 5136 1313 5192 magnum
1362 5118 1515 5173 vides
1560 5117 1778 5177 ducem,

200 5220 555 5288 \Christutu).
597 5219 670 5271 Ita
720 5233 806 5269 me
853 5229 1075 5285 utroque
1123 5211 1402 5266 laboribus
1439 5219 1494 5264 et
1536 5209 1781 5263 molestis

200 5315 371 5373 curis.
407 5323 465 5366 ut
496 5311 735 5374 fornace,
767 5318 821 5362 et
847 5323 1086 5369 carcere,
1114 5317 1167 5360 et
1199 5303 1506 5373 suppliciis,
1534 5311 1588 5355 et
1615 5301 1776 5365 fame,

198 5419 252 5462 et
282 5405 584 5461 Pharaonis
613 5404 848 5464 astutiis,
874 5406 1102 5464 eximas,
1134 5409 1359 5470 martyr,
1392 5398 1485 5468 qui
1519 5397 1776 5450 miserum

203 5503 512 5569 vela‘gram
562 5499 628 5552 ad
680 5507 1015 5552 senectutem
1070 5496 1263 5550 ellecit.
1320 5493 1514 5559 Qualia
1568 5490 1777 5559 patiens

202 5594 438 5664 propriis
469 5593 628 5646 bonis
657 5593 925 5661 queritur,
959 5599 1012 5642 ιιι
1047 5590 1174 5644 seis.

1627 3131 1776 3185 odio-
1805 3152 1848 3210 ο

2192 669 2298 739 μθ’.
2336 671 2438 734 Εἷς
2471 670 2587 736 τὴν
2619 671 2819 738 τιμίαν
2851 667 3151 734 κεφαλήν.

1885 784 1955 835 Σὺ
1977 783 2086 835 τῶν
2113 783 2300 836 παθῶν
2340 783 2604 852 μάχαιρα,
2647 782 2943 851 θαυμάτων
2975 779 3187 850 βρύσις,

1883 875 2070 942 Φωνὴν
2101 873 2342 942 ἀφῆκας.
2379 873 2472 924 καλ⁸
2513 871 2830 940 κεκομμὲνη
2855 869 3016 922 πάλιν

1885 967 1999 1019 Νῦν
2031 967 2324 1035 θαυμάτων
2355 965 2502 1034 ροῦν,
2533 964 2627 1016 καὶ
2653 964 3012 1032 κεκρυμμένη
3047 964 3213 1032 κάρα,

1891 1061 2097 1120 Ὄντως
2133 1060 2195 1111 σὺ
2226 1058 2409 1126 φωνῆς
2435 1055 2650 1123 γλῶττα
2690 1055 2784 1106 καὶ
2817 1059 3017 1123 φέγγος
3045 1055 3260 1124 λύχνου.

1886 1243 2084 1305 Λαλεῖς
2106 1241 2283 1296 θανὼν
2308 1243 2391 1305 σὺ,
2418 1241 2515 1294 καὶ
2542 1240 2766 1310 κρυὸεὶς
2804 1240 2993 1311 φαίνῃ,
3022 1240 3228 1310 μάκαρ.

1886 1335 1959 1388 Σὺ
1990 1335 2105 1403 φῶς
2144 1335 2310 1397 ὅντως
2347 1335 2442 1386 καὶ
2473 1334 2633 1402 λόγου
2664 1334 2817 1403 φωνὴ
2845 1333 3057 1402 λύχνος.

1887 1446 1987 1502 να’.
2001 1449 2103 1514 Εἰς
2123 1452 2227 1501 τὸν
2246 1449 2503 1511 Χριστὸν
2518 1446 2907 1502 ὑπνώττοντα
2925 1446 3023 1499 ἐπὶ
3048 1446 3154 1500 τοῦ
3168 1447 3465 1516 σκάφαις.

1891 1556 1954 1616 Εἴ
1988 1559 2141 1624 Θεὸς,
2167 1555 2217 1613 εἷ
2243 1559 2452 1629 βροτὸς,
2483 1560 2694 1621 ὑπνοῖς,
2731 1558 2866 1611 ἀλλὰ
2918 1559 3010 1611 καὶ
3035 1557 3267 1619 εὖνασας
3304 1556 3467 1626 οἶδμα

1899 1653 2144 1714 Ὑπνοῖς,
2174 1650 2387 1719 ἔγρετο,
2407 1653 2624 1719 ἔγρετο,
2649 1649 2741 1700 καὶ
2772 1649 2931 1700 σάλον
2958 1649 3153 1702 εὔνασε
3177 1651 3392 1702 πόντου.

2168 1724 2200 1787 ’δ
2418 1761 2515 1831 νβ’.
2550 1760 2653 1825 Εἰς
2697 1761 2936 1814 ἑαυτόν.

1886 1878 1959 1947 Γῆ
1990 1877 2083 1931 καὶ
2116 1875 2362 1929 θάλασσα
2389 1874 2483 1928 καὶ
2510 1874 2669 1935 πόλος
2695 1872 2782 1933 σὺ,
2812 1870 3011 1941 Χριστέ
3041 1888 3166 1937 μου,

1813 1982 1851 2038 Β
1884 1970 1993 2023 Καὶ
2023 1969 2132 2038 γῆν
2162 1967 2320 2021 πατῶ
2353 1970 2463 2029 σοῖς
2487 1965 2719 2034 νεύμασι
2741 1963 3088 2034 καθημέραν,

1887 2063 1997 2116 Καὶ
2026 2062 2124 2132 τῆν
2149 2061 2425 2114 θάλασσαν
2456 2061 2520 2128 σῇ
2557 2057 2886 2128 κυϐερνήσει
2917 2058 3086 2116 πλέω,

1885 2153 1957 2204 Τὸ
1986 2150 2078 2203 τοῦ
2103 2150 2220 2212 νοὸς
2249 2149 2305 2202 δὲ
2334 2149 2527 2218 λαῖφος
2561 2147 2693 2200 ἰστῶ
2724 2147 2864 2217 πρὸς
2893 2146 3051 2198 πόλον
3078 2161 3090 2174 ·

1895 2241 2040 2311 Ὀρῶ
2070 2241 2124 2294 δὲ
2159 2241 2249 2298 τὸν
2282 2239 2446 2294 πλοῦν
2474 2241 2803 2308 πνευμάτων
2834 2238 3092 2292 ἐναντίων

1889 2335 2153 2402 Γέμοντα,
2182 2336 2276 2385 καὶ
2314 2333 2530 2385 δέδοικα
2553 2334 2652 2392 τὰς
2685 2332 3027 2399 καταιγίδας.

1890 2429 1998 2480 Καὶ
2022 2427 2128 2480 τῶν
2153 2427 2346 2496 παρῶν
2385 2428 2428 2458 ⁸⁸
2465 2427 2714 2494 πέφρικα
2751 2427 2846 2488 τὰς
2869 2428 3188 2497 τρικυμίας,

1893 2521 1999 2572 Καὶ
2032 2521 2140 2572 τῶν
2167 2519 2445 2588 λογισμῶν
2473 2519 2533 2571 τὸ
2564 2517 2856 2571 κλυδώνιον
2879 2520 3087 2588 τρέμω.

1893 2611 2015 2673 Πῶς
2051 2607 2143 2663 οῦν
2175 2613 2400 2680 περάσω
2431 2611 2524 2662 καὶ
2558 2610 2710 2678 τὲμω
2741 2611 2831 2663 τὸν
2860 2612 3018 2680 ἀέρα,

1888 2703 1996 2755 Καὶ
2030 2703 2127 2764 τὰς
2155 2703 2419 2762 τοσαύτας
2449 2703 2732 2762 ἐνστάσεις
2755 2702 3026 2772 ὃιαδράσω
3056 2722 3069 2766 ;

1889 2794 1997 2844 Καὶ
2028 2795 2099 2862 μὴ
2129 2793 2381 2845 τοσοῦτον
2408 2796 2702 2864 ναυαγήσω
2735 2795 2827 2847 καί
2858 2796 3010 2847 πέσω

1889 2887 1982 2948 Εἰς
2012 2886 2238 2955 ἔσχατον
2270 2887 2373 2955 γῆς
2405 2888 2483 2948 εἰς
2518 2886 2724 2956 μυχοὺς
2749 2886 2842 2939 τοῦ
2874 2888 3148 2958 ταρτάρου
3171 2931 3185 2952 ,

1888 2976 1953 3029 Εἴ
1983 2994 2074 3046 μοι
2101 2977 2279 3043 γένοιο
2318 2978 2505 3046 χερσὶν
2540 2977 2932 3046 οἰακοστρόφος
2958 2994 2973 3012 ·

2057 3131 2147 3186 48.
2187 3132 2249 3184 In
2281 3130 2629 3183 int-cntionem
2663 3130 2852 3191 capitis
2891 3129 3268 3185 Prwcursoris.

1959 3243 2023 3298 Ut
2071 3244 2221 3313 prius
2260 3253 2558 3308 mortuum,
2605 3244 2849 3306 lucerna,
2889 3259 3035 3297 nunc
3085 3245 3470 3300 abscmtditum

1881 3333 2129 3387 revelatis
2155 3332 2358 3387 fontem
2381 3333 2783 3402 prodigiorum,
2815 3335 2887 3387 ita
2919 3333 3176 3390 Christus
3200 3345 3352 3389 tuum
3375 3352 3469 3390 ca-

1881 3433 1977 3492 put
2005 3423 2260 3494 prtestitit
2297 3438 2326 3477 a
2357 3424 2646 3479 meretrice
2680 3439 2915 3477 caesum.

2336 3536 2425 3591 49.
2462 3535 2526 3589 In
2557 3537 2816 3606 egregium
2843 3546 3021 3604 caput.

1954 3626 2032 3681 Tu
2066 3628 2384 3697 passionum
2410 3629 2644 3698 gladius,
2673 3630 3044 3716 prodigiorum
3075 3630 3236 3695 latex,
3283 3643 3469 3682 vocem

1884 3722 2212 3788 amisisti,et
2262 3727 2457 3777 iterum
2508 3723 2786 3776 abscissus
2833 3723 3204 3791 prodiglnrum
3257 3721 3474 3785 fons,ct

1884 3813 2264 3869 absconditum
2306 3826 2390 3870 est
2453 3825 2654 3884 caput;
2692 3830 2818 3870 vero
2862 3825 2915 3868 ιιι
2964 3816 3115 3870 vocis
3166 3816 3389 3884 lingua,
3416 3822 3473 3866 ct

1886 3903 2122 3958 lucernae
2153 3904 2353 3974 fulgor.

2632 3997 2722 4050 50.

1958 4083 2225 4152 Loqueris
2259 4097 2531 4148 mortuus,
2559 4097 2611 4141 et
2638 4088 2997 4142 absconditus
3025 4087 3189 4149 nites,
3215 4099 3250 4138 ο
3284 4083 3471 4147 beate,

1885 4185 1942 4228 tu
1979 4175 2162 4230 lumen
2195 4192 2324 4231 vere
2355 4186 2409 4230 et
2442 4178 2592 4232 verbi
2629 4195 2754 4241 vox,
2788 4180 3027 4233 lucerna.

2027 4288 2116 4343 5|.
2160 4287 2226 4342 In
2259 4288 2528 4344 Christum
2564 4291 2935 4343 dormitantem
2963 4290 3016 4341 in
3047 4290 3314 4344 navicula.

1959 4379 2030 4434 Es
2065 4379 2229 4443 Deus,
2277 4397 2337 4435 es
2371 4383 2556 4445 homo,
2599 4383 2825 4446 dormis,
2868 4383 2961 4435 sed
3007 4381 3230 4435 lluctnm
3273 4383 3472 4436 sedans

1887 4472 2136 4538 dormis;
2201 4473 2765 4544 cxcitarchexcitare,
2823 4485 2875 4526 et
2945 4473 3237 4526 tumultum
3301 4475 3471 4527 maris

1889 4563 2040 4618 scda.

2437 4656 2522 4711 52.
2562 4656 2624 4710 In
2652 4675 2705 4710 se
2735 4659 2926 4724 ipsum.

1960 4735 2126 4802 Terra
2162 4759 2215 4802 et
2240 4765 2389 4804 mare
2416 4760 2472 4802 et
2502 4754 2725 4814 coelum,
2757 4759 2833 4812 tu,
2867 4747 3104 4810 Christe,
3142 4745 3298 4798 mihi.
3336 4743 3472 4799 Ter-

1885 4857 2004 4896 ram
2060 4843 2210 4895 calco
2257 4843 2368 4895 tuis
2399 4843 2685 4912 prmceptis
2727 4840 2995 4911 quotidie,
3050 4852 3204 4891 mare
3241 4847 3329 4891 tua
3368 4855 3470 4906 gu-

1889 4935 2208 4988 bernatione
2257 4933 2475 5001 navigo,
2531 4935 2729 4987 mentis
2759 4942 2940 4986 autem
2988 4929 3103 4982 vela
3151 4930 3217 4980 ad
3266 4928 3466 4981 cmlum

1891 5027 2084 5093 dirigo.
2119 5025 2298 5080 Cerno
2345 5036 2526 5081 autem
2561 5027 2962 5093 navigationem
2999 5022 3176 5075 ventis
3221 5022 3468 5074 adversis

1893 5122 2126 5188 plenam,
2152 5131 2206 5174 et
2238 5130 2421 5174 metuo
2441 5128 2810 5188 tempestates.
2839 5126 2892 5170 et
2920 5116 3237 5184 passionum
3270 5113 3469 5165 horreo

1889 5212 2170 5275 ﬂuctus,et
2192 5212 2580 5281 cogitationum
2605 5209 2931 5278 agitationes
2957 5209 3140 5260 timeo.
3177 5202 3468 5269 Quomodo

1889 5320 2020 5372 ergo
2053 5303 2400 5374 pertransibo
2445 5310 2499 5355 et
2539 5316 2722 5354 aerem
2761 5301 3012 5358 sttlcabo.
3044 5308 3094 5350 et
3125 5305 3307 5349 tantas
3329 5292 3467 5347 dim-

1891 5397 2434 5459 cultatcsevadam?
2482 5405 2534 5449 et
2565 5394 2841 5464 quomodo
2886 5407 2993 5444 non
3047 5386 3383 5455 nattl‘ragabo
3414 5394 3467 5437 et

1891 5506 1996 5544 non
2043 5489 2234 5545 cadam
2282 5489 2336 5542 in
2393 5487 2651 5542 inferiora
2699 5495 2858 5539 terra:
2913 5491 2967 5536 et
3002 5484 3054 5535 in
3100 5481 3326 5548 abyssos
3356 5484 3463 5527 tarv

1895 5583 1993 5635 tari
2018 5583 2039 5636 ?
2070 5583 2115 5638 si
2133 5581 2266 5636 mihi
2289 5580 2442 5635 adsis
2462 5580 2892 5650 gubernaculum
2919 5575 3171 5630 manibus
3199 5569 3463 5636 dirigens,

271 5716 349 5787 (ι)
384 5714 546 5787 Forte
587 5715 672 5767 hic
707 5712 1044 5787 Nicrplrnrns
1088 5713 1174 5766 ille
1215 5721 1294 5765 est
1325 5711 1416 5780 qui
1446 5709 1665 5779 scripsit
1733 5703 1912 5762 Vitam
1957 5706 2172 5763 Antonii
2237 5704 2477 5772 Cauletc,
2519 5703 2839 5775 patriarcha:
2874 5699 2979 5756 ΟΡ.
3038 5696 3270 5769 (1-901).
3301 5705 3464 5764 quam

200 5806 227 5844 θ
250 5782 362 5857 tpra
393 5786 662 5840 (lt‘dlllllls.
701 5786 855 5838 lintr.
890 5782 1058 5836 Pun.

274 5909 316 5940 ³⁸
351 5905 460 5960 Sic.
541 5908 585 5936 ⁵ο
614 5904 746 5960 Cod.
787 5904 1050 5968 γλώσσας.
1130 5905 1170 5935 ³³
1209 5902 1333 5973 ch.
1374 5902 1579 5954 παθῶν.
