4232 6434
292 391 392 453 937

296 502 404 555 Νῦν
434 501 635 571 πατρὶς
665 503 813 559 ἕκτος
847 504 1137 557 πλάττεταὶ
1166 523 1268 567 σοι,
1298 504 1560 576 Παρθένε.

366 594 610 660 Χιέροις,
635 593 692 644 τὸ
720 596 867 661 ῥῆμα
901 594 993 647 καὶ
1026 596 1085 647 τὸ
1109 597 1339 665 πρᾶγμά
1370 612 1463 664 μοι
1495 594 1687 662 λέγων,

292 686 387 746 EE;
418 686 570 748 Παίς,
595 686 729 736 θεοῦ
764 687 917 750 Παῖς,
949 688 1245 755 Δεσπότης,
1282 688 1369 747 σὸς
1402 687 1650 756 νυμφίος.

362 778 605 847 Χαέρτιις,
632 781 657 828 ὁ
681 778 842 839 Νοῦς,
877 778 1103 846 ἔφησας,
1128 780 1172 830 ὣ
1200 780 1433 848 τερπνοῦ
1461 782 1634 849 Λόγου

296 871 569 937 ’Δρρητος
601 869 953 937 ἡσάρκωςιςὶ
988 868 1032 919 ὦ
1068 870 1256 921 καινοῦ
1285 871 1508 939 τρόπουῑ

290 960 504 1029 Ιάστὴρ
528 958 785 1027 γυναικὸς
815 959 1043 1029 ούρανοῦ
1081 963 1204 1030 νικᾷ
1238 962 1420 1025 κύτος.

285 1073 373 1124 (ιδ’.
415 1075 511 1136 Εἰς
539 1072 653 1135 τὴν
688 1073 977 1125 Θευτόκω·
1012 1073 1109 1125 καὶ
1144 1073 1285 1138 τοὺς
1307 1074 1603 1141 ἀγγέλους
1632 1076 1727 1127 καί
1760 1075 1865 1129 τὸν

354 1142 524 1209 ἄτιον
551 1142 794 1194 Παῦλον
824 1144 919 1195 καὶ
951 1142 1089 1208 τοὺς
1111 1144 1498 1211 ἀποστόλους
1525 1143 1606 1212 τῷ
1631 1146 1862 1214 Χριστῷ

352 1215 811 1281 προσφέροντας
846 1214 951 1265 τὸν
983 1215 1433 1283 Χρινσόστομον.

283 1325 481 1387 Σκεῦος
505 1326 564 1377 τὸ
593 1324 829 1393 χρυσοῦν
860 1326 1089 1396 χρύσεον
1118 1325 1290 1397 δῶρον
1321 1327 1475 1397 φέρει

282 1415 393 1480 Σοὶ,
430 1416 651 1485 Χριστὲ,
683 1414 911 1479 Παῦλος,
956 1415 1021 1482 σὴ
1046 1414 1101 1467 δὲ
1131 1415 1344 1485 λυχνία,
1379 1418 1576 1488 Λόγον,

278 1509 397 1568 Φῶς
434 1504 801 1574 αύτολαμπὲς,
847 1506 1147 1576 πυρφλόγοι
1178 1507 1269 1560 τὸν
1309 1511 1607 1579 πυρπνόον.

281 1599 389 1668 Τὴν
417 1598 461 1650 δ’
500 1593 566 1650 αὖ
598 1599 842 1668 σαγήνην
874 1598 903 1668 ἡ
937 1598 1179 1655 θάλασσα
1205 1600 1313 1653 τῶν
1350 1601 1525 1668 λόγων

279 1693 339 1742 (li
368 1692 475 1743 πᾶν
506 1691 939 1759 σαγηνεύσαντες
967 1691 1023 1743 ἐν
1053 1691 1230 1756 λόγοις
1257 1693 1429 1756 ἔθνος.

346 1783 538 1852 Χρυσῆ
573 1783 636 1835 σὺ
664 1781 836 1852 πηγὴ,
873 1782 1101 1851 χρύσεον
1126 1782 1280 1852 δέχου
1306 1785 1479 1855 στόμα

276 1876 349 1927 Δι’
378 1869 439 1928 οὗ
478 1875 543 1927 τά
583 1875 762 1943 χρυσᾶ
799 1873 1010 1943 ῥεῖθρα.
1040 1874 1261 1944 Χριστὲ,
1298 1876 1407 1929 σῶν
1434 1875 1606 1941 λόγων

276 1969 476 2040 Κύκλῳ
506 1968 736 2039 χεθὲντα
770 1970 949 2021 πᾶσαν
991 1969 1208 2038 ἀρδεύει
1240 1969 1425 2041 χθόνα.

751 2092 847 2139 οε’.
877 2088 979 2152 Είς
1014 2085 1119 2139 τὸν
1160 2086 1364 2156 τάφον.

274 2178 438 2251 ᾍδης
468 2178 755 2250 νεκροῦται
792 2180 985 2249 νεκρὸν
1020 2181 1276 2252 ἁρπάσας
1305 2182 1458 2235 κάτω

272 2272 339 2324 Σὲ
367 2272 457 2325 τὸν
488 2272 695 2342 νεκρῶν
719 2272 1021 2343 κρατοῦντα
1048 2276 1142 2327 καὶ
1173 2272 1414 2336 ζώντων,
1443 2272 1606 2343 Λόγε.

274 2366 381 2420 Καὶ
413 2367 494 2419 σοὶ
531 2369 953 2432 σννεξέπνευσεν
976 2368 1397 2433 ἐκπεπνευκότι,

274 2460 425 2527 Ζωῆς
456 2460 679 2530 χορηγὶ,
714 2462 808 2514 καὶ
839 2461 1008 2529 πνοῆς
1034 2461 1399 2532 αὐτοκράτορ.

343 2550 414 2601 Τὸ
442 2550 679 2619 πνεῦμα,
707 2550 798 2603 τὸν
827 2552 976 2616 νοῦν,
1000 2553 1101 2621 τὴν
1136 2552 1469 2621 πυρίστομον
1506 2553 1682 2622 φλόγα

274 2642 396 2702 Πῶς
425 2643 603 2712 σῶμα,
638 2643 754 2705 πῶς
788 2642 938 2712 χοῦς,
984 2644 1101 2707 πῶς
1140 2645 1205 2698 σὺ
1235 2644 1427 2715 χόρτος
1464 2644 1542 2699 ὢν
1575 2645 1804 2716 γράφεις
1830 2665 1843 2711 ἱ

273 2733 455 2785 Πείθει
492 2735 657 2786 πόθου
692 2735 821 2804 φλὸξ
853 2736 949 2788 καὶ
980 2735 1177 2803 φλογὸς
1212 2735 1443 2804 γράφειν
1478 2735 1702 2799 τύπους.

361 2826 418 2877 '0
444 2824 566 2887 νοῦς
594 2825 780 2894 βλέπει
814 2825 957 2890 νοῦν,
992 2824 1209 2895 πνεῦμα
1243 2823 1375 2894 πῦρ,
1406 2825 1439 2895 ὴ
1480 2826 1674 2897 καρδία

285 2916 375 2971 Ἐν
401 2918 606 2979 ύλικοϊς
632 2918 791 2980 άῦλος
825 2919 882 2970 ἐν
912 2917 1056 2987 τόσῳ
1085 2917 1253 2986 τόπῳ.

356 3009 413 3062 .0
452 3008 555 3079 γῆς
580 3010 794 3063 κυκλῶν
817 3026 876 3063 τε
899 3009 1082 3063 καὶτὰ
1105 3008 1198 3062 τοῦ
1224 3008 1388 3062 πόλου
1431 3008 1630 3080 πλάτη,

277 3100 366 3164 Et;
391 3101 496 3169 γῆν
519 3104 547 3154 ὁ
577 3101 803 3171 πληρῶν
831 3105 925 3155 καὶ
946 3100 1128 3164 πόλον,
1165 3100 1261 3156 καὶ
1286 3101 1566 3173 Δεσπότης

1596 396 1939 457 CARMINA
1972 400 2227 459 VARIA.

1900 526 1940 576 Α
1976 510 2198 562 Πάντων
2231 510 2407 563 ἀύλων
2438 512 2638 563 buxa».
2670 529 2725 564 τε
2754 510 3088 581 κτισμάτων,

3438 403 3545 469 938

1975 603 2342 672 Περιγραφεὶς
2376 604 2573 672 ἕστηκε
2609 609 2704 674 τῆς
2734 606 2937 675 σαρκὸς
2958 606 3133 676 τύπῳ.

1970 693 2033 745 Τί
2069 694 2252 747 καινὸν
2282 696 2330 745 εί
2362 696 2455 747 καὶ
2483 696 2667 759 δοῦλος
2701 696 2800 768 ὕλῃ
2829 695 2923 749 τὸν
2952 697 3124 750 τύπον

1969 783 2215 848 Δίδωσιν,
2254 784 2414 846 αὐτὸς
2442 785 2658 852 πνεῦμα
2694 788 2788 839 καὶ
2812 786 2935 851 νοῦς
2963 788 3246 858 τυγχάνων
3271 805 3286 855 ;

2317 882 2423 939 og'.
2465 879 2570 939 Είς
2595 877 2839 932 ὑέλινον
2874 880 3185 949 ἀγγελίην.

2049 964 2137 1032 Ἐξ
2164 965 2334 1019 ύέλων
2363 967 2462 1035 μὲν
2492 966 2607 1033 φῶς
2642 968 2839 1035 ὁρατοῦ
2870 972 3186 1038 φωσφόρου,

1966 1056 2072 1109 Τοῦ
2098 1057 2141 1110 δ’
2174 1057 2239 1110 αὖ
2265 1058 2525 1128 θεουργοῦ
2558 1060 2734 1127 φωτὸς
2770 1060 3200 1124 ἀντανακλάσεις

1966 1150 2131 1203 Κάτω
2152 1150 2495 1223 διαρρέουσιν
2517 1154 2566 1204 oi
2600 1151 2733 1206 θεῖοι
2758 1152 2896 1214 νόες.

2040 1243 2323 1315 Ἐσοπτρα
2348 1246 2525 1315 φωτὸς
2558 1245 2702 1300 ῦελοι
2734 1248 2834 1316 μὲν
2868 1247 3045 1317 ἡλίου,

1964 1333 2067 1386 Τοῦ
2097 1334 2140 1387 δ’
2170 1334 2318 1404 ἥλιον
2355 1336 2637 1400 κτίσαντος
2669 1338 2718 1389 οἱ
2740 1337 2872 1392 θεῖοι
2906 1340 3044 1402 νόες.

2046 1425 2138 1479 Ἐκ
2179 1431 2432 1499 φοινικῆς
2464 1430 2771 1499 μορφοῦσθε
2804 1430 3001 1500 λευκῆς
3037 1432 3194 1487 ὑέλου

1963 1517 2071 1572 Τοῦ
2105 1521 2282 1587 φωτὸς
2310 1521 2384 1584 ὠς
2410 1521 2671 1594 ἔσοπτρα,
2700 1522 2795 1577 τοῦ
2832 1525 3005 1595 πυρὸς
3036 1526 3254 1597 φλόγες.

2308 1638 2403 1700 (λζ’.
2436 1639 2541 1703 Είς
2563 1637 2667 1691 τὸν
2694 1639 3197 1711 ἀρχιστράτηγον.

1960 1747 2099 1813 Φῶς,
2132 1747 2374 1818 πνεῦμα,
2404 1750 2549 1815 νοῦς,
2580 1750 2714 1821 πῦρ,
2745 1753 2839 1806 καὶ
2869 1754 3139 1822 φλογῶδες
3170 1759 3235 1811 σὺ
3268 1758 3440 1826 ξίφος,

1889 1882 1931 1943 Β
1972 1837 2127 1908 Ἐμοὶ
2160 1839 2260 1908 μὲν
2279 1836 2373 1895 οῦν
2405 1841 2544 1910 φῶς,
2568 1844 2808 1913 πνεῦμα,
2834 1844 2956 1910 νοῦς
2978 1848 3264 1913 ἐναντίοις,

1959 1929 2078 2000 Πῦρ
2107 1932 2203 1985 καὶ
2231 1930 2383 2000 ξίφος
2409 1933 2607 2001 φάνηθι
2646 1935 2742 1988 καὶ
2766 1937 2918 2004 φλὸξ,
2949 1938 3046 2001 τὰς
3072 1939 3263 2008 φύσεις

1957 2022 2155 2085 Καλῶς
2189 2022 2428 2093 μερίζων
2461 2024 2537 2087 ὡς
2575 2027 2880 2097 στρατηγὸς
2911 2031 3011 2099 τῆς
3037 2032 3240 2103 μάχης·

2327 2143 2426 2207 οη’.
2459 2141 2562 2205 Εἰς
2594 2138 2709 2205 τὴν
2734 2142 3056 2213 Σαμαρῖτιν
3089 2146 3155 2201 ⁸⁸.

1954 2225 2240 2281 Θάλασσαν
2271 2228 2559 2296 ὲξέὸλυσα,
2599 2234 2693 2285 καὶ
2732 2234 2880 2304 πόλῳ
2915 2238 3113 2310 στέγην

1968 2318 2056 2385 Ἐξ
2094 2318 2303 2375 ὑδάτων
2322 2321 2557 2391 ἥπλωσα
2574 2340 2589 2355 ο
2616 2323 2711 2378 νῦν
2744 2325 2791 2379 δ’
2820 2327 2956 2380 αἰτῶ
2983 2330 3154 2400 πόμα,

1966 2410 2027 2463 '0
2052 2410 2154 2480 γῆν
2181 2413 2411 2468 πιαίνων
2441 2415 2645 2486 νάμασι
2684 2416 3027 2491 καθημέραν.

1956 2523 2051 2580 οϐ’.
2082 2527 2183 2593 Εἰς
2218 2528 2327 2582 τὸν
2357 2528 2726 2607 Πρόδρομον,
2762 2533 2869 2585 τὸν
2920 2535 3238 2607 Θεολόγον,
3279 2541 3377 2595 καί
3427 2544 3535 2598 τόν

2519 2602 2976 2674 Χρυσόστομον.

1954 2710 2063 2781 Τὴν
2086 2710 2146 2775 ἐξ
2169 2711 2376 2781 ἐρήμου
2409 2715 2678 2786 μουσικὴν
2701 2716 2920 2787 ἀηδόνα,

1954 2803 2307 2873 Χρυσήλατον
2338 2806 2633 2876 σάλπιγγα,
2667 2811 2760 2863 καὶ
2789 2809 3021 2880 βροντῆς
3048 2814 3225 2883 γόνον,

1968 2894 2221 2967 Ἰωάννην
2253 2896 2434 2966 ἵστησι
2464 2900 2557 2951 καὶ
2579 2899 2654 2970 νῷ
2675 2900 2767 2952 καὶ
2797 2899 2974 2974 τύπῳ.

2210 3009 2283 3064 π’.
2319 3013 2422 3078 Εἰς
2448 3011 2564 3079 τὴν
2588 3013 2813 3075 ,ϐίϐλον
2841 3016 2948 3071 τοῦ
2980 3020 3299 3089 Θεολόνου.

1968 3102 2230 3158 Ἐνταῦθα
2251 3105 2497 3178 γλώττης
2523 3107 2803 3177 ἀστραπαὶ
2836 3109 2936 3178 τῆς
2972 3114 3250 3184 πυρπνόου

275 3249 447 3296 matre
468 3250 614 3295 tuam
647 3240 875 3308 primam
907 3249 1137 3295 matrem
1182 3239 1458 3306 formavit,
1528 3255 1674 3296 nunc
1728 3241 1845 3297 sine
1870 3249 1914 3313 ο
2018 3241 2294 3310 Quiterra:
2311 3254 2365 3300 et
2394 3246 2516 3301 coeli
2564 3245 2985 3303 immensitatem
3018 3250 3178 3319 capit,
3213 3252 3303 3321 qui
3333 3264 3530 3311 terram

273 3342 423 3401 patre
448 3332 501 3385 in
520 3341 572 3386 te
604 3328 893 3395 formatur,
914 3329 1104 3401 Virgo.

353 3424 491 3487 Ave,
525 3434 577 3477 et
606 3423 788 3479 laetare
819 3423 885 3477 de
938 3424 1103 3478 verbo
1133 3432 1187 3479 et
1230 3440 1309 3492 re,
1337 3424 1470 3482 dicit
1493 3421 1647 3487 mihi,
1679 3420 1850 3479 Filius

271 3523 418 3578 tuus,
455 3512 544 3569 Dei
583 3514 771 3579 Filius,
807 3513 1069 3569 Dominus
1100 3530 1332 3585 sponsus
1366 3523 1513 3570 tuus.

344 3607 475 3668 Ave,
506 3603 711 3669 dixisti,
745 3603 1003 3674 Spiritus,
1031 3603 1172 3659 heu!
1206 3606 1424 3676 propitii
1453 3605 1614 3661 Verbi
1662 3604 1851 3659 ineffa-

269 3698 395 3752 bilis
415 3705 493 3753 est
540 3696 866 3762 iucarnatio,
918 3696 1062 3752 heul
1118 3697 1282 3753 modo
1347 3697 1589 3755 insolito.
1648 3696 1841 3753 Ventet

270 3788 514 3845 mulieris
544 3789 665 3846 οωιί
701 3789 1121 3845 immensitatem
1162 3789 1355 3847 vincit.

271 3898 360 3952 Ἠ.
396 3895 463 3950 In
498 3895 789 3965 Dcipuram
818 3907 867 3951 et
907 3897 1149 3966 angelos,
1202 3907 1447 3954 sanctum
1508 3896 1743 3952 Paulum
1797 3908 1845 3952 et

410 3968 676 4037 apostolos
706 3966 916 4023 Christo
947 3968 1219 4036 offerentes
1243 3968 1694 4039 Chrysouomum.

348 4080 592 4137 Aureum
622 4080 1069 4145 instrumentum,
1100 4094 1328 4138 aureum
1354 4082 1557 4139 donum
1588 4082 1690 4138 fert
1727 4084 1843 4147 tibi,

265 4167 500 4233 Christe,
525 4168 874 4233 Paulus;tua
908 4177 1087 4223 autem
1154 4170 1399 4235 lucerna,
1452 4169 1713 4234 Verbum,
1766 4171 1845 4225 lu-

266 4274 384 4313 cem
405 4274 472 4313 ex
514 4274 573 4313 se
613 4260 985 4329 splendentem
1012 4276 1028 4326 ;
1060 4258 1402 4331 ﬂammigeri,
1432 4271 1671 4317 mentem
1703 4262 1846 4331 igni-

268 4363 728 4422 tam;sagenam,
762 4366 911 4405 mare
964 4352 1256 4409 verborum
1321 4357 1416 4423 qui
1462 4354 1658 4426 piseati
1720 4364 1844 4410 sunt

267 4441 452 4495 verbis
474 4454 693 4494 omnem
714 4442 997 4495 mundum.

339 4533 441 4596 Τιι,
482 4547 647 4585 aurea
672 4532 817 4598 fons,
853 4547 1078 4587 aureum
1110 4548 1173 4589 os
1194 4533 1411 4604 accipe;
1448 4550 1515 4590 ex
1539 4550 1650 4606 qun
1675 4551 1839 4591 aurea

1951 3343 2007 3390 et
2035 3338 2233 3391 caelum
2253 3338 2510 3409 complet.
2533 3348 2587 3393 et
2610 3339 2875 3394 Dominus
2898 3350 2981 3396 est
3013 3342 3257 3399 omnium
3286 3346 3529 3406 immate-

1952 3423 2169 3481 rialium
2187 3437 2241 3483 et
2270 3430 2631 3485 materialium
2652 3441 3054 3498 creaturarum,
3078 3434 3533 3511 circumscriptus

1951 3518 2298 3574 stetitcarnis
2335 3520 2529 3593 ﬁgura.
2557 3521 2696 3591 Quid
2719 3524 2916 3578 mirum
2946 3525 2991 3580 si
3039 3539 3232 3582 servus
3291 3534 3534 3587 materia:

1952 3610 2177 3681 figuram
2206 3614 2431 3684 praebet,
2464 3630 2590 3671 cum
2624 3617 2739 3687 ipse
2763 3618 2990 3689 spiritus
3007 3628 3060 3674 et
3085 3636 3241 3677 mens
3263 3624 3531 3681 exsistat?

2336 3726 2426 3782 76.
2460 3726 2526 3783 In
2556 3730 2797 3784 nuntium
2827 3734 3224 3803 crystallinum.

2021 3839 2063 3893 E
2092 3843 2349 3913 crystallo
2400 3844 2620 3915 quidem
2654 3846 2743 3901 lux
2792 3847 3022 3904 visibilis
3058 3848 3293 3915 luciferi,
3333 3851 3532 3910 divina:

1947 3941 2129 3988 autem
2146 3934 2284 3992 lucis
2309 3935 2667 3995 refractiones
2690 3939 2943 3996 deorsum
2970 3941 3300 4000 transﬂuunt
3334 3944 3531 4003 divina:

1948 4036 2177 4083 ιιιθιιιεε.

2021 4118 2255 4189 Specula
2297 4124 2434 4180 lucis
2456 4125 2587 4181 solis
2618 4135 2751 4182 sunt
2773 4128 3186 4200 crystalla,ejus
3214 4138 3399 4186 autem
3431 4132 3527 4202 qui

1949 4215 2118 4272 solem
2151 4217 2359 4273 ereavit
2388 4216 2587 4274 divinas
2619 4227 2850 4276 mentes.
3337 4266 3347 4279 .

2020 4306 2062 4362 Ε
2103 4309 2269 4363 rubro
2300 4308 2549 4367 formatae
2579 4311 2716 4368 estis
2752 4319 2808 4367 et
2829 4310 2961 4368 albo
2981 4314 3267 4385 crystallo,
3306 4326 3366 4373 ut
3390 4318 3529 4374 lucis

1948 4400 2189 4470 specula,
2219 4400 2361 4473 ignis
2379 4401 2631 4458 ﬂammae.

2373 4515 2460 4573 77.
2492 4514 2559 4571 In
2585 4520 2845 4573 exercitus
2891 4531 3097 4576 ducem.

269 4625 471 4680 ﬂuenta
528 4632 746 4678 tuorum
797 4624 1111 4690 verborum,
1156 4599 1396 4693 Christe,
1426 4599 1636 4684 circum
1671 4628 1842 4684 eﬂ‘usa
1880 4599 1920 4655 θ
2018 4600 2157 4668 Ῑ⁴¹³³¹ν
2183 4604 3527 4683 spi'i'“5'"'°"5vignistiel“am'neuse'l‘is"W5-

266 4732 485 4772 omnem
524 4718 699 4789 rigant
725 4725 949 4772 terram.

753 4806 839 4860 75.
902 4805 966 4860 1η
995 4808 1316 4875 sepulcrum.

338 4898 613 4954 lufernum
658 4909 837 4954 morte
899 4900 1148 4966 plectitur
1200 4911 1479 4956 mortuum
1514 4901 1840 4958 tedeorsum

263 4993 486 5063 rapiens
517 5004 860 5047 mortuorum
880 5008 1060 5061 regem
1092 5002 1146 5047 et
1170 4994 1441 5060 vivorum,
1501 4993 1763 5062 Verbum,
1792 5008 1845 5051 et

267 5094 446 5137 tecum
474 5084 789 5153 etSpiraute
825 5084 1146 5154 exspiravit,
1193 5084 1317 5140 vitae
1348 5087 1457 5141 dux
1499 5096 1553 5142 et
1594 5087 1841 5158 spiritus,

265 5173 515 5228 Domine.

337 5265 627 5337 Spiritum,
657 5276 913 5331 mentem,
950 5268 1109 5339 igneo
1133 5284 1198 5325 ex
1232 5285 1326 5326 ore
1359 5281 1644 5327 exeuntem
1689 5272 1845 5328 ﬂam-

265 5373 435 5425 mam,
490 5360 762 5427 quomodo
813 5375 1015 5430 corpus
1056 5376 1220 5416 arena
1259 5372 1313 5417 et
1343 5362 1527 5418 fenum
1577 5379 1702 5418 cum
1742 5365 1837 5431 sis,

266 5450 562 5506 inseribis?
614 5452 807 5507 suadet
847 5454 1057 5508 amoris
1109 5453 1329 5511 ﬂamma
1361 5455 1593 5512 ﬂamma:
1618 5471 1841 5527 quoque

266 5544 466 5614 figuras
493 5544 810 5600 inscribere.

338 5634 490 5689 Mens
520 5637 696 5690 cernit
713 5646 974 5704 mentem,
996 5638 1220 5708 spiritus
1245 5639 1449 5710 ignem,
1483 5656 1576 5697 cor
1594 5640 1842 5695 immatec

267 5729 418 5783 rialis
444 5728 497 5783 in
522 5729 897 5784 materialibus
931 5730 1034 5784 hoc
1066 5731 1186 5785 loco
1210 5742 1311 5787 est.

352 5847 395 5879 "
428 5844 566 5901 Cod.
598 5845 691 5899 τὸν
721 5847 1063 5917 Σαμαρίτην.

595 5946 864 6005 ΡΑτιιυι..
912 5950 953 6005 G
967 5965 1022 6004 ιι.
1066 5947 1184 6008 CVI
1201 5993 1214 6006 .

1948 4694 2079 4749 mihi
2101 4696 2320 4766 quidem
2339 4697 2502 4768 igitur
2524 4698 2718 4767 lucem,
2739 4700 3011 4773 spiritum,
3039 4715 3272 4761 mentem
3293 4723 3529 4780 oppone,

1949 4785 2090 4856 ignis
2115 4796 2168 4843 et
2196 4789 2343 4845 ensis
2368 4791 2614 4848 cernaris
2638 4800 2692 4847 et
2713 4791 2955 4860 ﬂamma,
2988 4793 3220 4852 naturas
3248 4811 3392 4856 recte
3443 4804 3527 4858 di-

1949 4878 2142 4933 videns
2174 4888 2234 4933 ut
2263 4880 2373 4934 dux
2393 4883 2729 4939 certaminis.

2407 4974 2493 5030 78.
2544 4975 2609 5030 In
2639 4975 3059 5033 Samaritanam.

2025 5066 2167 5121 Mare
2212 5066 2381 5121 ﬂuere
2430 5065 2557 5131 feci,
2590 5076 2640 5122 et
2699 5069 2839 5123 coelo
2870 5078 3071 5125 tectum
3102 5088 3167 5128 ex
3229 5075 3387 5145 aquis
3432 5093 3525 5131 ex-

1951 5159 2146 5228 pandi;
2181 5176 2326 5215 nunc
2347 5168 2531 5214 autem
2564 5168 2752 5229 potum
2775 5176 2927 5233 rogo,
2980 5165 3072 5233 qui
3134 5174 3337 5221 terram
3385 5170 3519 5225 rivis

1954 5250 2198 5317 quotidie
2220 5249 2442 5305 imbibn.

1959 5340 2046 5396 79.
2085 5343 2152 5396 In
2178 5357 2578 5411 prwcursorem,
2626 5342 2958 5415 Theologum,
2983 5356 3030 5401 et
3070 5345 3524 5418 Chrysostomum.

2028 5429 2289 5486 Musicam
2312 5446 2341 5486 e
2371 5431 2592 5488 deserto
2624 5434 2935 5501 lusciniam,
2966 5450 3191 5492 auream
3228 5439 3440 5505 tubam,
3473 5451 3527 5496 et

1954 5523 2180 5579 tonitrui
2200 5522 2392 5590 lilium,
2414 5521 2653 5580 Joannes
2686 5524 2851 5582 refert
2874 5537 3053 5584 mente
3075 5538 3128 5584 et
3154 5529 3349 5599 figura.

2398 5636 2489 5692 80.
2522 5634 2582 5691 In
2602 5637 2793 5692 librum
2817 5638 3082 5710 Theologi,
3482 5720 3493 5725 η

2030 5729 2102 5783 lbi
2144 5729 2341 5799 lingua:
2364 5728 2575 5802 fulgura
2622 5729 2798 5799 ignem
2832 5731 3111 5801 spirantis,
3138 5744 3195 5789 ut
3248 5748 3277 5789 e
3315 5735 3527 5792 duolus

3059 5947 3134 6007 30
