4232 6434
237 345 337 404 9ίῇ

236 462 449 527 ἷιιιλριι,
485 457 740 524 ἁπλρχᾶς
765 460 857 508 καί
879 457 1035 526 δέχου
1063 459 1152 509 καὶ
1185 457 1498 526 προσδέχου.

240 550 412 616 Ἄλλῳ
452 548 548 616 μὲν
575 548 688 600 ἔστι
714 549 967 616 λαμπρὸν
996 553 1049 600 εν
1085 548 1183 617 βίῳ
1207 550 1381 615 γένος,

239 640 412 709 Ἀλλῳ
441 639 489 671 ³⁵
518 639 573 691 δὲ
605 639 798 708 σεμνὸς
824 640 918 691 καὶ
945 642 1239 709 μετάρσιος
1279 644 1501 710 τρόπος,

237 732 412 796 Ἄλλῳ
441 731 496 784 δὲ
521 731 690 793 δεινος
716 732 794 793 είς
817 731 1034 800 ὁμιλίαν
1069 731 1252 797 λόγος,

239 821 415 889 Ἄλλῳ
437 820 492 872 δὲ
519 819 714 888 δώροις
746 820 821 888 μὴ
866 819 1110 887 μολύνων
1144 819 1240 886 τὴν
1268 822 1323 888 χέ
1336 836 1424 887 ρα,

249 913 335 974 Ὠς
361 911 556 980 σεμνὸν
583 911 740 981 αύχεί
771 911 868 963 καὶ
895 911 1039 980 μέγα
1070 912 1254 976 φρονεῖ
1283 910 1463 980 μόνος.

236 1006 391 1057 Δοκεί
419 1005 475 1058 δὲ
509 1005 727 1072 τέμνειν
755 1006 867 1064 τοῖς
899 1004 1117 1070 πτεροῖς
1157 1003 1248 1054 τὸν
1280 1002 1438 1070 ἀέρα,

246 1097 332 1160 Ὠς
367 1095 581 1164 Περσέα
615 1095 936 1148 πλάττουσιν
970 1094 1242 1162 Ἑλλήνων
1278 1095 1444 1160 λόγοι.

245 1189 332 1240 Ἐν
363 1187 447 1239 σοὶ
471 1187 528 1239 δὲ
562 1187 736 1241 πάντα
773 1187 1144 1256 συνδραμόντα
1178 1187 1538 1256 προσϐλέπω]

235 1279 312 1330 Τὰ
334 1281 443 1331 τῶν
473 1279 653 1331 καλῶν
681 1280 962 1340 κάλλιστα,
997 1279 1098 1346 γῆς
1128 1279 1323 1348 ἄστρον
1356 1278 1501 1346 μέγα

234 1372 260 1420 Ἰ
281 1372 412 1421 είνει
442 1371 662 1435 κρατεῖν
689 1387 770 1431 σε,
805 1371 896 1422 καὶ
926 1369 1067 1430 τίνος
1105 1370 1263 1438 φήσω
1289 1368 1451 1420 πλέον
1476 1385 1489 1432 ;

234 1458 510 1512 Ιὶοσῗλειον
544 1457 644 1526 μὲν
677 1459 770 1509 καὶ
797 1457 952 1524 γένος
987 1475 1068 1508 σοι
1104 1459 1194 1510 καὶ
1230 1457 1452 1526 τρόπος,

243 1549 382 1602 Ἀλλ’
411 1549 560 1602 οὐδὲν
594 1545 757 1619 ἦττον
787 1548 880 1600 καὶ
915 1550 1178 1616 φρόνησις
1213 1548 1304 1600 καὶ
1329 1548 1483 1616 λόγος

233 1640 456 1692 Πάντων
485 1642 794 1709 κατάρχων,
831 1642 924 1693 καὶ
957 1639 1168 1708 βασιλὶς
1199 1639 1395 1708 καρδία

232 1730 526 1798 Κρατοῦσα
555 1731 762 1794 παθῶν,
794 1732 997 1800 ἡδονῶν
1017 1731 1231 1800 ψυχοφθ
1252 1737 1398 1799 ἔρων.

231 1823 386 1883 Ποῖος
409 1822 463 1874 δὲ
491 1824 754 1892 κρείττων
781 1823 1079 1893 χρημάτων
1115 1823 1447 1892 Ἀρισῖείδης
1479 1840 1491 1887 ;

234 1915 387 1975 ΙΙοῖος
420 1914 690 1984 Περικλῆς
713 1916 789 1972 είς
820 1914 1056 1985 ἀδωριαν
1083 1915 1254 1984 μέγας
1280 1931 1294 1979 ;

232 2008 388 2068 Ποῖος
414 2007 468 2059 δὲ
508 2007 885 2077 Ῥαδάμανθυς
922 2009 1096 2078 sane);
1126 2009 1331 2070 Μίνως,

234 2097 328 2160 Ὃς
356 2099 412 2150 ἐν
439 2099 618 2168 κρίσει
640 2101 707 2152 τὰ
733 2101 924 2170 πρῶτα
956 2100 1049 2153 σοῦ
1086 2100 1238 2153 λάὸοι
1271 2101 1411 2170 γέρα
1438 2117 1450 2162 ;

230 2189 326 2252 Τίς
368 2191 663 2260 σωφρονῶν
697 2193 952 2246 τοσοῦτον
997 2193 1405 2264 ’Λναξαγόρας;

230 2281 466 2344 Τοῦτ-υς
495 2283 592 2351 μὲν
619 2280 711 2336 οὖν
736 2285 935 2354 ὲῶμεν,
963 2287 1010 2338 εί
1048 2285 1214 2350 δοκεῖ,
1245 2290 1419 2349 κάτω,

242 2371 330 2437 Ὠς
357 2375 476 2444 οὐχὶ
501 2377 665 2428 πᾶσιν
689 2376 747 2429 ἒν
782 2377 903 2429 καθ’
935 2377 991 2431 ἒν
1017 2378 1170 2447 νικᾷς
1204 2379 1386 2447 μόνον,

230 2467 370 2518 Hist
400 2468 454 2519 δὲ
488 2470 664 2521 πάντα
696 2471 789 2522 καί
821 2471 982 2522 πλέον
1015 2469 1233 2522 πάντων
1262 2470 1316 2522 δέ
1349 2488 1408 2538 γε

230 2559 321 2628 Te}
350 2561 441 2612 ml.
477 2561 719 2630 νομίζειν
747 2563 916 2632 μηδὲν
950 2558 1089 2615 εἶναι
1109 2580 1166 2615 τι
1187 2563 1370 2619 πλέον.

229 2650 389 2708 Οὗτοι
427 2657 526 2724 μὲν
550 2652 644 2707 οὖν
671 2656 915 2708 κάτωθεν
944 2656 1019 2719 ὡς
1051 2657 1216 2709 πόλου
1251 2658 1419 2717 κόνις.

235 2747 392 2798 Ποῖον
420 2748 474 2797 δὲ
501 2747 576 2816 τῷ
604 2747 681 2816 σῷ
711 2748 925 2816 πρῶτον
960 2750 1059 2799 οῦκ
1088 2748 1197 2816 ἔχω
1231 2747 1410 2814 λέγειν
1435 2764 1451 2812 ;

229 2838 387 2890 Οῦτω
412 2857 476 2908 με
506 2840 702 2902 κύκλος
736 2839 844 2892 σῶν
866 2838 1047 2892 καλῶν
1078 2840 1425 2909 περιτρέχων

238 2932 442 3001 Ἀρχὴν
470 2935 719 3004 ἐφευρεῖν
744 2933 804 2984 οὐ
831 2932 1046 2986 δίδωσιν
1071 2934 1104 3002 ἢ
1140 2933 1311 2995 τέλος.

234 3018 331 3069 Ἕν
355 3019 659 3088 φθέγξομαι
689 3019 744 3071 δὲ
782 3020 966 3072 λοιπὸν
999 3021 1202 3091 ἀρκοῦν
1235 3023 1326 3074 καὶ
1361 3021 1522 3090 μόνον
1545 3036 1558 3051 ·

259 3110 329 3168 Ως
356 3112 650 3182 Φωσφόρον
673 3112 774 3182 μὲν
812 3114 862 3167 οἱ
892 3113 1069 3182 σοφῶν
1093 3131 1226 3182 φασι
1257 3113 1428 3182 λόγοι,

1533 347 1875 406 (ΖΑΒΜΙΝᾹ
1915 350 2164 406 νλιιιι.

1840 467 1878 517 Α
1926 455 2260 522 Ίσοδρὸμους
2288 451 2550 519 ζεύξαντα
2580 453 2790 510 πωλουέ
2826 451 2883 501 ἐν
2911 451 3056 518 πόλῳ

1915 548 1986 598 Τὸ
2019 547 2130 613 φὼς
2159 545 2443 596 κυκλεύειν
2478 546 2535 608 ἐξ
2556 543 2828 611 ὁμοζύγου
2859 541 3093 610 τάχους·

1926 641 2014 691 Ἰεζν
2041 639 2127 692 σοὶ
2151 640 2204 690 δὲ
2236 638 2491 706 λαμπτὴρ
2524 636 2730 704 ἀρετῶν
2755 636 2906 706 ἆρμα
2934 635 3142 704 βλέπω,

1924 731 2010 792 Ὡς
2043 730 2192 798 ἡλίου
2217 727 2516 796 τέθριππον
2551 727 2676 782 ἄλλο
2698 725 3000 796 πυρφόρον,

1926 821 2212 886 Ίσοζύγως
2245 819 2576 888 ἁστράπτον,
2612 818 2644 888 ἢ
2683 819 2880 888 μᾶλλον
2911 818 3105 885 στέφος

1928 912 2237 980 Ἐκλὰμπον
2267 913 2455 980 ὥσπερ
2484 909 2746 980 ἰσοτίμοις
2777 911 3105 980 μαργάροις.

1918 1005 2063 1057 "East
2095 1005 2203 1074 γὰρ
2232 1004 2375 1057 οὕτω
2401 1003 2490 1055 τὸν
2518 1002 2753 1054 τάλαντα
2782 1003 2880 1070 τῆς
2903 1002 3060 1074 δίκης

1929 1096 1985 1146 '.-\
1999 1096 2269 1164 πανταχοῦ
2299 1094 2563 1164 τιμῶντα.
2599 1095 2701 1146 κάν
2731 1094 2941 1154 τούτοις
2970 1094 3131 1162 μόνον

1914 1182 2060 1239 Ἴσον
2094 1187 2330 1255 φανῆναι
2359 1187 2469 1247 τοῖς
2509 1184 2703 1237 ἑαυτοῦ
2741 1184 2835 1238 καὶ
2862 1184 3067 1252 μόνοις.

2247 1277 2356 1348 1.,η’.
2393 1280 2495 1343 Εἰς
2537 1277 2799 1345 ’Χριστοῦ
2837 1277 3149 1345 γέννησιν.

1924 1369 1982 1419 ⁸0
2020 1368 2220 1436 μητρὸς
2255 1368 2411 1432 ἐκτὸς
2441 1369 2655 1438 [ἰατρὸς
2680 1369 2912 1437 ἀχρόνου
2943 1367 3165 1428 Τέκνον,

1913 1463 2027 1513 Νῦν
2057 1461 2260 1529 πατρὸς
2291 1461 2445 1522 ἐκτὸς
2488 1463 2691 1530 μητρὸς
2734 1461 2994 1530 ὲγχρὸνου
3024 1457 3245 1529 βρέφος.

2403 1551 2506 1617 ικθι.
2551 1553 2654 1616 Εις
2686 1550 3016 1618 Σοφοκλέα.

1912 1644 2095 1710 Δηλῶν
2121 1644 2191 1696 τὰ
2215 1643 2385 1712 πικρὰ
2414 1643 2491 1714 τῷ
2520 1644 2713 1711 γλυκεῖ
2739 1643 2845 1694 τῶν
2872 1642 3133 1712 ῥημάτων

1925 1736 2191 1804 ’Λψίκιθιον
2234 1735 2407 1804 μέλιτι
2437 1737 2596 1806 κιρνᾷ
2624 1735 2925 1804 Σοφοκλῆς.

1906 1845 1971 1916 ρ’.
2011 1851 2110 1913 Εἰς
2146 1849 2254 1900 τὸν
2291 1848 2568 1920 Χριστὸν,
2605 1847 2719 1920 τὴν
2751 1849 3059 1920 Θεοτόκον,
3097 1848 3202 1902 τὸν
3234 1849 3492 1920 Πρόόρο·

2318 1936 2436 1987 μον
2471 1919 2567 1970 καὶ
2592 1918 2734 1981 τοὺς
2761 1918 3080 1986 ἀγγέλους.

1913 2009 1984 2059 Τὸ
2016 2007 2126 2075 φῶς
2159 2009 2185 2060 ὀ
2220 2008 2410 2077 λύχνος
2441 2010 2489 2060 oi
2520 2007 2637 2070 νόες
2661 2009 2754 2061 καὶ
2782 2006 2969 2078 λυχνία

1913 2101 2101 2171 ιΓυχὴν
2132 2101 2518 2168 διαυγὰζοντες
2547 2102 2638 2154 καὶ
2660 2099 2773 2169 βίον
2804 2101 3033 2172 Πέτρου.

2087 2200 2188 2263 pa}.
2239 2196 2344 2258 Εἰς
2382 2191 2495 2260 τὴν
2544 2193 2829 2261 κοίμησιν
2862 2191 2970 2260 τῆς
3002 2194 3315 2249 Θεοτόκον.

1912 2289 2020 2342 Καὶ
2053 2290 2151 2356 τὴν
2184 2288 2352 2357 πνοὴν
2386 2287 2646 2358 ἔγραψεν,
2685 2285 2855 2357 οἶμαι,
2890 2287 3202 2356 ζωγράφος,

1913 2382 1973 2432 Εἰ
2020 2379 2094 2449 μὴ
2133 2380 2400 2435 θανοῦσαν
2424 2382 2524 2451 τὴν
2553 2382 2722 2452 κόρην
2745 2380 2954 2434 τυποῦν
2981 2381 3110 2434 ἔδει.

1913 2473 2071 2542 Ταφῇ
2101 2473 2281 2542 παρῆν
2315 2491 2398 2525 σοι
2427 2475 2522 2526 καὶ⁸
2548 2473 2732 2543 γραφῇ
2771 2472 2954 2543 παρῆν
2980 2472 3142 2525 πάλιν

1915 2566 2060 2630 Υἱὸς,
2090 2564 2258 2635 Κόρη,
2287 2561 2397 2630 cog,
2427 2567 2502 2630 ὡς
2533 2567 2696 2632 δοκῶ,
2721 2567 2800 2636 τῷ
2829 2564 3132 2635 ζωγράφῳ.

1997 2658 2056 2710 Ὀ
2091 2658 2310 2728 πνεῦμα
2344 2660 2438 2712 σὺν
2468 2661 2560 2712 καὶ
2585 2661 2742 2728 χεῖρα
2770 2657 2866 2712 νῦν
2893 2657 2988 2710 τοῦ
3019 2658 3314 2728 ζωγράφου

1913 2749 2144 2819 Κρατῶν
2167 2749 2371 2818 ἔγραψε
2403 2751 2499 2820 σὴν
2529 2750 2878 2821 μετάστασιν,
2904 2751 3077 2821 Κόρη.

1987 2841 2096 2892 Καὶ
2127 2839 2243 2902 πῶς
2273 2840 2542 2909 τέθνηκας
2573 2840 2642 2910 ἦν
2670 2856 2729 2892 σε
2765 2838 2858 2893 καὶ
2888 2838 3286 2910 γεγραμμένην
3323 2830 3325 2833 ’

1917 2932 2060 3003 Δρᾷν
2081 2932 2347 3003 δοκοῦμεν
2383 2935 2482 3002 τὴν
2508 2932 2733 2997 ἀείζωον
2761 2931 2934 3002 κόρην

1918 3023 2033 3077 Οὐκ
2062 3024 2302 3094 ἀκριϐῶς
2334 3023 2699 3096 θνήσκουσαν,
2728 3023 2843 3078 ἀλλ’
2873 3023 3220 3094 ὐπνουμένην
3247 3041 3264 3090 ;

2475 3155 2486 3166 .
2497 3155 2506 3166 .
2519 3120 2743 3179 .θνμιατ..
2754 3153 2766 3165 .

228 3297 408 3342 autcm
471 3288 667 3344 nobilis
720 3299 772 3343 et
820 3293 961 3344 elata
1003 3289 1380 3352 consuetudo,
1429 3289 1518 3344 alii
1575 3300 1699 3360 apta
1744 3290 1810 3347 ad
1840 3295 1883 3355 (ζ
1919 3292 2250 3362 fulgentem,
2298 3299 2390 3345 aut
2421 3291 2603 3360 potius
2650 3302 2910 3344 coronam
2952 3287 3322 3358 splendentem
3357 3289 3503 3343 velut

229 3381 551 3432 concionem
603 3381 802 3445 oratio,
835 3382 928 3434 alii
973 3397 1168 3434 manus
1216 3397 1324 3435 non
1364 3382 1525 3436 donis
1583 3383 1811 3450 polluta,

163 3489 172 3495 ·
236 3481 425 3540 utpote
455 3472 654 3526 nobilia
689 3473 858 3527 ambit
888 3484 941 3526 et
968 3475 1077 3525 alta
1108 3473 1283 3526 solum
1318 3475 1541 3544 cogitat.
1585 3475 1815 3529 Videtur

229 3564 331 3616 alis
355 3579 536 3617 aerem
600 3564 840 3630 sulcare,
876 3576 933 3618 ut
967 3563 1227 3618 Perseum
1259 3565 1470 3633 lingunt
1495 3563 1811 3619 Grzecorum

230 3671 536 3709 sermones.
558 3655 613 3709 In
639 3668 690 3710 te
712 3666 892 3711 autem
919 3658 1101 3710 omnia
1126 3658 1509 3712 concurrentia
1538 3660 1812 3727 aspiciens

231 3746 376 3798 inter
409 3746 631 3814 pulchra
661 3747 1029 3816 pulcherrima
1051 3788 1066 3813 ,
1112 3758 1270 3803 terra:
1303 3765 1556 3819 magnum
1601 3761 1810 3806 astrum

232 3848 286 3889 te
333 3852 595 3906 superare
637 3840 866 3900 nititur,
901 3851 955 3893 et
1002 3842 1132 3909 quid
1169 3841 1346 3910 majus
1382 3842 1598 3896 dicam?
1635 3843 1813 3912 regale

229 3929 380 3983 enim
421 3931 516 3984 tibi
546 3940 599 3984 et
632 3944 804 4001 genus
837 3942 891 3985 ct
925 3934 1299 3998 consuetudo,
1328 3935 1423 3989 scd
1451 3935 1583 3988 nihil
1615 3937 1814 3991 cedunt

232 4022 520 4088 prudentia
558 4033 613 4076 et
645 4025 825 4078 oratio
856 4025 1113 4080 omnibus
1146 4027 1500 4095 primoribus.
1540 4039 1594 4081 ct
1636 4030 1814 4098 regale

232 4122 421 4182 pectus
448 4114 647 4168 devicit
679 4117 986 4184 passiones,
1012 4126 1066 4169 et
1093 4118 1397 4187 voluptates
1425 4120 1662 4174 animam
1688 4136 1811 4173 cor—

232 4217 574 4275 I'nllllpCllleS.
604 4208 739 4272 Quis
778 4217 957 4260 autem
1000 4209 1191 4276 opibus
1238 4212 1583 4278 praestantior
1621 4212 1815 4263 Aristi-

231 4301 367 4354 des?
388 4300 512 4370 quis
543 4299 775 4353 Prriclcs
800 4302 1068 4353 donorum
1104 4311 1415 4370 contemptu
1451 4303 1660 4371 major?
1689 4304 1812 4372 quis

236 4391 685 4444 Rhadamanthus
722 4400 816 4442 aut
862 4389 1013 4444 .lovis
1054 4391 1226 4445 Minos
1272 4393 1323 4445 in
1372 4393 1672 4461 judicando
1711 4395 1808 4448 tibi

232 4483 439 4550 primas
469 4480 653 4535 tollet?
676 4483 798 4550 quis
835 4491 943 4534 tam
987 4481 1230 4551 prudens
1279 4482 1675 4552 Anaxagoras?
1702 4484 1811 4540 llos

232 4573 454 4644 quidem
490 4574 673 4643 igitur,
699 4573 742 4627 si
769 4573 1003 4636 videtur,
1024 4575 1300 4627 mittemus
1332 4573 1493 4639 infra,
1523 4577 1664 4644 quod
1690 4592 1812 4629 om-

235 4686 334 4724 nes
364 4667 607 4737 singulos
635 4683 742 4722 non
769 4667 940 4722 vincis
971 4669 1148 4722 solum
1170 4709 1185 4733 ,
1224 4669 1316 4723 sed
1346 4670 1600 4726 omnibus
1628 4671 1810 4726 omnia

234 4774 360 4829 qua:
407 4757 595 4813 insunt
634 4770 686 4812 et
718 4760 928 4827 majora
968 4759 1053 4813 his
1101 4769 1421 4829 reputantur
1457 4761 1592 4815 nihil
1633 4763 1810 4833 majus

232 4868 374 4906 esse.
405 4852 498 4906 Isti
540 4852 765 4921 quidem
814 4851 977 4919 igitur
1025 4851 1312 4908 inferiores
1352 4862 1412 4908 ιιι
1449 4854 1571 4909 οωΙί
1613 4856 1809 4924 pulvis.

235 4943 408 5009 Quale
436 4952 617 4998 autem
661 4943 716 4996 in
749 4951 843 4995 tuo
889 4943 1124 5010 primum
1166 4958 1274 4996 non
1311 4945 1464 4998 valeo
1492 4945 1708 4998 dicere?
1740 4947 1812 5000 ila

236 5055 325 5092 me
362 5037 552 5092 dotum
584 5044 802 5091 tuarum
842 5035 1084 5089 circulus
1125 5036 1563 5102 circumcingens
1609 5036 1811 5104 princi-

237 5132 385 5199 pium
435 5130 679 5183 invenire
708 5145 815 5182 non
857 5129 988 5181 sinit
1030 5139 1123 5182 aut
1163 5127 1346 5180 (intem.
1403 5125 1580 5181 Unum
1629 5128 1805 5181 dicam

235 5222 453 5276 tandem
492 5220 738 5277 suﬂiccre
768 5220 850 5274 vel
883 5220 1057 5273 solum
1102 5239 1114 5274 :
1154 5229 1210 5272 ut
1245 5218 1528 5272 luciferum
1563 5220 1807 5288 philoso-

235 5317 468 5386 phorum
516 5328 796 5368 sermones
843 5312 1022 5367 feriant
1064 5313 1301 5382 aequales
1344 5329 1508 5366 cursu
1537 5327 1707 5381 equos
1753 5314 1807 5367 in

234 5407 373 5460 caalo
400 5407 740 5474 jungeotem,
777 5403 952 5458 lucem
981 5403 1395 5458 circumducere
1419 5403 1642 5472 aequalis
1681 5417 1809 5456 cur-

234 5505 330 5553 sus
359 5497 641 5552 velocitate
675 5513 688 5547 :
724 5496 776 5550 in
809 5508 860 5550 te
894 5497 1158 5550 virtutum
1192 5494 1422 5549 nitorem
1459 5509 1680 5548 currum
1725 5494 1805 5548 vi.

233 5591 355 5657 deo,
406 5599 467 5644 ut
514 5589 680 5644 alium
721 5589 852 5645 solis
885 5590 1099 5659 igneum
1133 5586 1454 5660 quadrigam
1479 5627 1494 5654 ,
1530 5585 1810 5657 mqualiter

306 5766 351 5799 ”
381 5767 503 5824 cod.
536 5768 692 5823 ἄλλα.

1915 3384 2218 3454 :equalihus
2252 3382 2585 3451 margaritis.
2632 3381 2933 3451 Oportebat
2979 3379 3123 3433 enim
3165 3379 3236 3436 ita
3273 3379 3503 3449 justitia:

1918 3476 2128 3530 lancem
2178 3476 2496 3542 ubicunque
2549 3483 2913 3536 reverentem,
2965 3474 3067 3527 etsi
3127 3472 3212 3528 bis
3264 3482 3509 3541 tantum,

1915 3583 2130 3638 :cquum
2167 3567 2333 3621 videri
2367 3568 2446 3620 vel
2476 3567 2583 3620 luis
2605 3565 2754 3620 solis.

2374 3676 2461 3729 98.
2505 3673 2569 3728 In
2600 3672 2802 3728 Christi
2835 3683 3032 3728 ortum.

1985 3786 2089 3852 Qui
2153 3787 2272 3840 sine
2324 3795 2496 3840 matre
2549 3785 2873 3839 immortalis
2931 3783 3111 3839 Patris
3150 3783 3323 3839 Filius
3373 3793 3499 3849 est,

1917 3893 2064 3934 Illlllc
2097 3878 2215 3933 sine
2257 3888 2408 3948 patre
2441 3879 2636 3932 matris
2668 3878 2913 3932 mortalis
2944 3886 3124 3931 natus.

2436 3993 2526 4048 99.
2572 3991 2637 4046 In
2667 3991 2997 4061 Sophoclem.

1987 4103 2186 4157 Amara
2245 4118 2575 4172 cxpromens
2633 4104 2904 4158 suavitate
2959 4103 3253 4166 sermonis,
3315 4104 3500 4159 absit:-

1915 4195 2088 4249 thimu
2119 4195 2260 4248 melli
2297 4196 2491 4250 miscet
2526 4195 2846 4266 Sophocles.

1919 4331 2038 4385 NO.
2101 4329 2166 4385 Ιιι
2230 4331 2533 4392 Christum,
2601 4331 2906 4398 Dcipnram,
2986 4332 3375 4386 Praecursorem
3449 4341 3497 4382 Cl

2595 4403 2830 4469 angelos.

1988 4515 2123 4577 Lux,
2175 4515 2419 4576 lucerna,
2461 4515 2704 4584 spiritus,
2749 4525 2798 4570 et
2846 4514 3124 4579 lampades
3159 4514 3397 4567 animum
3446 4522 3499 4564 ιι

1845 4629 1889 4684 D
1920 4608 2081 4661 vitam
2112 4605 2256 4660 Petri
2282 4607 2614 4660 illuminant.

2244 4731 2365 4786 101.
2401 4730 2468 4785 In
2499 4731 2867 4785 dormitionem
2893 4726 3158 4796 Deiparar.

1986 4847 2248 4916 Spiritum
2278 4846 2681 4914 descripsisset,
2727 4854 2785 4896 ut
2845 4852 2998 4911 puto,
3052 4845 3246 4910 pictor,
3296 4838 3341 4893 si
3388 4856 3492 4893 ιιυιι

1916 4952 2187 4993 mortuam
2217 4937 2480 5007 virginem
2508 4937 2836 4992 adumbrare
2860 4935 3219 5006 oportuisset.

1986 5033 2286 5101 Sepultum!
2325 5041 2432 5085 tme
2470 5032 2658 5083 aderat
2705 5041 2758 5082 et
2800 5029 3020 5097 picturm
3066 5028 3261 5079 iterum
3307 5025 3497 5078 aderat

1921 5135 2066 5189 tuus,
2111 5124 2287 5190 Virgo,
2328 5122 2470 5175 lilius
2506 5121 2582 5174 tui
2619 5119 2860 5189 pictoris,
2899 5128 2956 5171 ut
2991 5117 3119 5171 mihi
3151 5117 3383 5170 videtur.

1984 5215 2135 5270 Mens
2172 5227 2259 5267 tua
2304 5229 2525 5267 manum
2579 5227 2725 5266 nunc
2772 5210 2994 5281 pictoris
3039 5208 3282 5278 dirigens
3341 5215 3490 5260 ιιιιιιιι

1910 5306 2196 5376 descripsit
2221 5305 2457 5369 obitum,
2496 5304 2680 5375 Virgo.

1983 5397 2049 5452 Et
2093 5399 2366 5467 quomodo
2398 5406 2615 5452 mortua
2632 5411 2713 5461 es,
2743 5409 2906 5465 quam
2935 5391 3205 5462 depictam
3231 5402 3392 5458 agere
3414 5387 3493 5442 vi-

1911 5493 2102 5547 demus
2139 5489 2499 5545 immortalem
2543 5491 2831 5560 virginem,
2873 5502 2981 5542 non
3025 5501 3146 5542 vere
3192 5491 3497 5546 mortuam,

1910 5584 2003 5641 sed
2044 5582 2402 5638 dormientem
2428 5581 2449 5635 ?
