4232 6434
298 376 406 440 949

382 492 440 542 '0
468 490 604 542 πᾶσι
637 489 892 557 φευκτὸς,
920 489 1109 555 εὐκτός
1136 491 1251 545 ἐστι
1281 491 1374 545 νῦν
1401 493 1590 560 τάςος,

298 582 404 634 Τὸν
430 581 683 633 εὐκτικὸν
718 582 907 650 κλήσει
934 599 992 634 τε
1023 583 1116 635 καὶ
1137 584 1356 654 τρόποις
1387 587 1591 656 φέρων.

367 673 572 741 Θνητὸς
596 674 656 726 δυ
668 673 713 725 si
746 676 834 736 σὺ,
857 673 934 742 τῷ
961 674 1105 744 τόκῳ
1137 677 1229 728 καὶ
1257 677 1333 746 τῷ
1372 680 1525 748 τάφῳ
1551 697 1562 708 ο

294 765 429 818 Δνσὶ
457 766 500 818 δ’
530 767 712 831 άῦλος,
744 769 820 838 τῷ
848 768 947 838 βῖῳ
987 771 1079 822 καί
1111 770 1188 839 τῷ
1224 770 1390 840 πόνῳ.

370 858 528 921 Τίνος
560 859 645 921 σὺ,
676 859 880 930 τύμ6ε;
920 861 1095 914 Νυκτὶ
1127 862 1284 915 τοῦτό
1319 879 1401 915 σοι
1438 865 1660 933 φράσω·

293 948 502 1014 Mem»;
542 950 800 1016 ἀκούσας,
833 953 982 1022 ἥλιος
1019 953 1209 1024 λάμψῃ
1242 954 1413 1008 κάτω.

366 1041 447 1092 Τὰ
475 1043 687 1113 χρηστᾶ
721 1046 898 1096 πάντα
928 1044 1133 1114 τύμϐος
1173 1041 1253 1106 εἷς
1286 1046 1434 1098 ἔνδον
1467 1047 1624 1114 φέρει
1651 1061 1665 1076 ·

295 1127 391 1195 Εἷς
419 1129 530 1203 εἶχε
564 1137 654 1187 καὶ
685 1136 793 1207 γὰρ
821 1137 999 1190 πάντα
1036 1140 1254 1191 πάντων
1287 1144 1342 1192 ἐν
1380 1140 1500 1208 βίῳ.

369 1227 442 1277 Οὐ
480 1227 672 1297 νεκρὸς
708 1227 755 1281 εἶ
794 1230 856 1282 σύ
886 1248 897 1260 ·
926 1230 1065 1300 πλὴν
1099 1233 1319 1302 κρυϐεὶς
1350 1231 1482 1303 λίθῳ
1515 1234 1693 1302 μόνον,

289 1318 431 1372 Θεοῦ
462 1321 776 1390 πρόσωπον,
807 1325 906 1376 οὐκ
939 1324 1157 1378 ὀπίσθια
1195 1326 1433 1396 βλέπεις.

377 1413 462 1464 Ἑν
485 1416 639 1467 νυκτὶ
666 1415 889 1486 κλέψας,
927 1419 1001 1489 μὴ
1041 1421 1218 1489 μάτην
1247 1419 1422 1489 αὔχει,
1458 1421 1655 1491 Χάρων
1677 1440 1688 1451 ·

287 1505 404 1555 Οὐκ
433 1501 499 1574 ἦν
533 1507 621 1570 σὸς
649 1504 823 1570 οὗτος,
854 1510 975 1563 οὐδὲ
1008 1512 1202 1580 μοίρας
1229 1511 1324 1581 τῆς
1354 1513 1522 1566 κάτω.

375 1597 462 1648 Ἑν
493 1599 651 1652 νυκτὶ
681 1600 958 1670 θνήσκεις,
987 1604 1138 1673 ἥλιον
1165 1603 1220 1656 δὲ
1247 1605 1550 1671 λανθάνειῖ,

289 1689 480 1752 ’Ὅπως
511 1692 687 1754 συνεὶς
713 1693 773 1745 τὸ
800 1696 1031 1764 πρᾶγμα
1060 1694 1134 1766 μὴ
1168 1695 1358 1767 λάμψῃ
1393 1698 1562 1750 κάτω.

369 1782 426 1834 ’0
461 1784 635 1850 φωτὸς
668 1785 782 1848 υἱὸς
817 1787 1141 1856 προφθάσας
1181 1790 1277 1860 τὴν
1310 1792 1545 1860 ἡμέραν,

285 1877 390 1929 Τὸν
424 1879 660 1947 Χριστὸν
690 1875 871 1950 εὗρεν,
904 1883 1074 1952 ἥλιον,
1106 1886 1242 1954 φῶς,
1273 1886 1501 1955 ἡμέραν.

368 1969 427 2020 ’0
464 1969 673 2040 τύμὸος
705 1975 784 2036 εἰς
809 1975 894 2038 τίς
934 1977 1219 2046 Μαρτυρεῖ
1248 1977 1554 2042 τεθνὴκότί.

294 2061 382 2123 Ὠς
409 2062 564 2116 οὐδὲν
591 2063 735 2134 ἔσχε,
772 2067 909 2137 πλὴν
937 2067 1210 2138 τρίπηχυν
1242 2070 1337 2123 νῦν
1362 2071 1529 2122 λίθον.

357 2154 550 2223 Μάτην
578 2157 607 2209 ὀ
636 2157 862 2226 τύμϐος,
891 2161 956 2228 τῇ
1005 2159 1166 2228 φύσει
1205 2163 1417 2232 μάρτυς
1451 2163 1612 2232 μόνον

282 2242 388 2297 Τοῦ
416 2246 490 2313 μὴ
519 2245 745 2315 δοκῆσαι
775 2247 968 2318 φάσμα
1008 2250 1100 2303 τὸν
1130 2251 1453 2321 τεθνηκότα.

359 2337 420 2389 Ὀ
451 2340 580 2408 πρὶν
611 2341 897 2410 στυγητὸς,
933 2343 1026 2394 νῦν
1061 2345 1384 2414 πεφιλμένος
1421 2347 1613 2418 τάφος.

277 2428 398 2482 Κᾶν
426 2431 533 2501 γὰρ
565 2435 851 2504 στυγητὸς,
881 2435 1016 2491 ἀλλὰ
1056 2438 1148 2491 τοῦ
1184 2440 1541 2510 πεφιλμένου.

348 2522 436 2574 Σοὶ
461 2523 646 2587 ζῶντι,
686 2525 846 2594 σῶμα
880 2529 945 2580 τύ
955 2529 1087 2598 μϐος
1113 2547 1128 2562 ο
1172 2533 1229 2584 ἐν
1251 2532 1444 2602 τύμϐῳ
1465 2533 1521 2587 δέ
1550 2553 1608 2602 γε

273 2614 397 2677 Gai;
419 2617 597 2674 τοῦτο.
627 2618 721 2670 νῦν
747 2619 866 2689 ζῇς.
899 2621 991 2672 τὸν
1023 2625 1192 2691 τάφον
1228 2623 1438 2694 κρύψας
1471 2625 1643 2696 τάφῳ.

354 2706 583 2770 Διπλοῦς
608 2711 634 2759 ὁ
659 2710 886 2778 τύμϐος,
923 2706 1001 2774 εἷς
1037 2715 1252 2782 φρενὸς,
1279 2717 1416 2780 νόις,
1449 2717 1643 2786 λόγων,

273 2797 469 2851 Καλῶν
494 2817 551 2850 τε
581 2802 822 2866 πάντων,
856 2799 936 2867 εἷς
967 2804 1023 2858 δὲ
1063 2808 1156 2860 τοῦ
1188 2810 1534 2877 τεθνηκότος.

362 2891 482 2942 Κᾶν
516 2891 667 2944 οὐδὲν
699 2893 878 2962 ἔσχες,
912 2895 1050 2965 πλὴν
1082 2899 1396 2968 ἐφωράθης,
1429 2902 1644 2973 Χάρων,

269 2980 591 3054 Κακοῦργος
613 2983 687 3036 ὢν
715 2986 887 3056 κλὼψ,
915 2990 1071 3043 νυκτὶ
1091 2992 1279 3045 τοῦτον
1303 2994 1577 3064 ἁρπάσας.

1613 381 1956 442 (ΣΑΗΜΙΝΑ
1993 382 2248 443 VARIA.

3451 382 3561 446 950

1985 533 1998 549 .
2062 495 2154 564 Μὴ
2183 493 2464 548 συνθανεῖν
2491 511 2574 548 σοι
2599 494 2802 556 πάντας
2835 493 3005 557 αἴτιος
3040 494 3207 561 τάφος

1985 589 2268 659 Τρίπηχυς
2297 587 2372 640 ὢν
2398 587 2506 660 γὰρ
2538 588 2747 650 πάντας
2773 586 2834 640 ού
2865 585 3098 656 κρύπτει
3133 587 3180 616 ⁸⁸
3216 583 3409 639 σθένει.

2517 687 2619 751 ρη’.
2655 683 2760 747 Εἰς
2787 680 3028 733 ἑαυτόν.

2055 793 2252 855 Ἴλαθι,
2285 793 2687 862 παντοκράτορ,
2718 793 2858 862 ἦλιτ’
2890 795 2992 844 οὐκ
3028 791 3247 844 ἐθέλων.

1983 883 2154 937 Ἱλαθι
2186 883 2526 952 ἀμπλακίης,
2547 883 2739 952 στήλας
2771 886 3040 952 ἐστήσατο
3070 882 3278 951 μοιχὸς,

2050 976 2290 1045 Νυμφίε,
2317 977 2414 1044 σῆς
2440 976 2659 1046 νύμφης
2685 976 2829 1029 ἔνδον
2856 978 2993 1046 ὲμῆς
3023 976 3272 1046 κραδίης.

1982 1068 2158 1122 Πολλᾶ
2183 1068 2490 1138 παναίσχεα
2519 1069 2799 1139 δέργματα
2829 1071 2942 1139 μὰψ
2972 1069 3241 1139 ἀλάληντο

2048 1161 2242 1230 Ψυχῆς
2268 1162 2325 1212 ὲν
2353 1161 2599 1230 λαγόσιν,
2632 1161 2856 1226 ἔξυπνος
2884 1161 2958 1223 ὡς
2988 1163 3242 1230 γενόμαν.

1990 1253 2053 1308 Ἦ
2091 1253 2228 1324 σάρξ
2263 1253 2446 1323 ὕϐριος
2467 1256 2685 1324 ἤρχετο,
2714 1254 2906 1325 ἔγρετο
2933 1253 3154 1322 κύματα.
3191 1253 3453 1325 γαστρδς,

2049 1347 2340 1416 Πνεύματα
2367 1348 2566 1417 λάϐρον
2597 1347 2769 1410 ἔπνει,
2801 1347 2934 1417 πρὸς
2960 1345 3118 1416 βυθὸν
3145 1347 3483 1417 ὲτραπόμαν.

2006 1439 2196 1504 Ιιλθες,
2226 1440 2380 1505 ἄναξ.
2422 1441 2650 1512 παλάμῃ
2672 1441 2728 1494 δὲ
2753 1441 2910 1503 δίδως
2941 1439 3244 1510 ἑτεραλκέα
3266 1440 3424 1510 νίκην
3447 1455 3462 1470 ·

2047 1533 2152 1585 Καὶ
2177 1533 2256 1585 νοῒ
2280 1533 2402 1587 νοῦν
2439 1534 2723 1604 παρέχεις,
2755 1537 2820 1605 τῇ
2855 1533 3000 1604 ψυχῇ
3026 1535 3080 1586 δὲ
3106 1533 3288 1602 λόγον.

1976 1626 2149 1680 ’Ἱλαοι
2176 1628 2365 1691 τῶνδε,
2393 1628 2488 1680 καὶ
2518 1627 2783 1696 εὓπτερον
2807 1631 2860 1692 ἐς
2886 1629 3048 1682 πόλον
3075 1623 3162 1683 οἷά
3191 1646 3250 1682 τε
3280 1628 3408 1697 νῆα,

2043 1725 2276 1793 Δαίφεσι
2306 1724 2679 1795 πεπαυμένοις
2695 1725 2772 1789 θ’,
2809 1724 3028 1794 πνεῦμα
3056 1725 3146 1777 σὺν
3169 1725 3450 1784 οἱακὶσοις.

1973 1835 2070 1904 ρθ’.
2100 1837 2202 1902 Εἰς
2222 1836 2324 1902 τὰς
2368 1836 2621 1904 Ἀθήνας
2637 1836 2734 1890 καὶ
2751 1837 2867 1906 τὴν
2883 1837 3547 1892 Κωνσταγτινούπολιν.

1984 1944 2282 2015 Ἐρεχθέως
2304 1945 2508 2015 ἀνῆκεν
2536 1948 2569 2017 ή
2602 1947 2672 2015 γῆ
2713 1948 2810 2016 τὴν
2839 1947 3014 2012 πόλιν,

1982 2036 2122 2090 Ἀλλ’
2155 2037 2384 2108 οὐρανὸς
2418 2035 2625 2106 καθῆκε
2672 2036 2887 2105 Ῥώμην
2913 2038 3014 2107 τὴν
3056 2039 3202 2092 νέαν.

1970 2130 2234 2198 Κρείττον
2269 2127 2330 2180 τὸ
2355 2127 2551 2190 κάλλος
2577 2127 2700 2198 γῆς,
2726 2129 2848 2181 ὅσον
2875 2130 3126 2200 λαμπρὸς
3158 2130 3343 2195 πόλος.

2199 2246 2287 2308 ρι’.
2318 2238 2420 2305 Εἰς
2447 2240 2581 2306 τοὺς
2620 2239 2854 2309 σοφοὺς
2880 2241 2998 2295 τῶν
3035 2242 3320 2309 Ἀθηνῶν.

1969 2353 2031 2404 Οἱ
2064 2352 2173 2405 τῶν
2214 2353 2478 2421 Ἀθηνῶν,
2512 2354 2831 2422 εύστομεῖτε
2868 2355 2994 2418 τοὺς
3019 2355 3187 2409 πάλαι

1968 2447 2194 2514 Σοφοὺς,
2232 2444 2552 2510 Πλάτωνας,
2583 2446 2901 2517 Σωκράτας,
2931 2449 3294 2520 Ξενοκράτας,

1980 2536 2201 2590 Ἐπικού
2212 2554 2358 2606 ρους,
2391 2538 2715 2609 Πύρῤωνας,
2762 2540 3158 2609 Ἀριστοτέλας,

1967 2633 2080 2684 Οὐκ
2109 2632 2254 2685 ἐστιν
2281 2633 2432 2703 ύμῖν,
2470 2632 2613 2702 πλὴν
2652 2632 2923 2704 Ὑμηττὸς
2959 2633 3051 2686 καὶ
3089 2635 3232 2704 μέλι,

1963 2723 2139 2791 Θῆκαί
2162 2724 2206 2755 ⁸⁸
2244 2742 2302 2777 τε
2332 2725 2566 2788 νεκρῶν,
2591 2725 2700 2778 τῶν
2741 2727 2924 2793 σοφῶν
2958 2725 3024 2779 τὰ
3057 2726 3362 2798 πνεύματα.

1964 2816 2124 2868 Πολεί
2159 2817 2288 2885 παρ’
2323 2818 2456 2886 ἡμῖν
2495 2818 2704 2880 πίστις,
2735 2820 2785 2871 οἱ
2814 2819 2969 2888 σοφοὶ
2999 2820 3166 2886 λόγοι.

2044 2908 2111 2960 Ὶι
2143 2907 2252 2960 τῶν
2296 2907 2560 2978 Ἀθηνῶν,
2596 2909 2893 2978 προσκύνει
2917 2911 3014 2977 τὴν
3053 2911 3329 2964 δεσπότιν.

1962 2999 2154 3068 Αύχείς
2184 2999 2369 3052 ἐλαίαν
2392 3017 2404 3030 ·
2434 3001 2536 3070 σκῆ
2549 3017 2688 3072 πτρα
2715 3001 2758 3053 δ’
2797 3001 2936 3069 αὓτη
2960 3002 3052 3056 τοῦ
3090 3003 3341 3074 κράτους.

338 3121 507 3192 Cujus
557 3142 637 3190 es,
688 3133 1036 3199 sepulcrum?
1075 3134 1154 3191 Ne
1213 3136 1415 3202 discas,
1483 3154 1608 3193 nam
1667 3140 1911 3209 dices,c
2019 3141 2283 3209 Quamvis
2334 3144 2469 3198 nihil
2523 3144 2777 3209 haberes,
2832 3155 3075 3200 attamen
3125 3146 3396 3215 spoliatus
3435 3153 3533 3204 es:

267 3215 467 3283 qualis,
491 3220 740 3286 qualem;
776 3233 1015 3290 quantus
1036 3229 1273 3282 occultat
1305 3233 1605 3297 quantum!

334 3303 491 3372 Quod
522 3312 776 3368 omnibus
799 3315 1129 3382 cvitabatur,
1151 3321 1440 3389 qumsitnm
1469 3339 1614 3378 nunc
1645 3334 1730 3381 est
1759 3340 1845 3381 sc-

265 3399 537 3467 pttlerum,
568 3403 748 3458 fausta
795 3408 1016 3463 nomine
1047 3419 1100 3463 et
1128 3412 1372 3467 moribus
1402 3412 1600 3471 ferens.

335 3489 578 3548 Mortalis
609 3504 664 3549 tu
691 3495 928 3566 duobus,
967 3512 1089 3556 ortu
1117 3511 1172 3556 et
1197 3505 1481 3574 sepulcro;
1515 3506 1846 3564 immortalis

265 3591 444 3637 autem
475 3585 711 3650 duobus,
744 3589 851 3644 vita
878 3601 933 3645 et
957 3593 1160 3648 labore.

333 3672 504 3742 Cujus
543 3694 624 3740 es,
679 3683 1034 3749 sepulcrum?
1065 3685 1234 3741 Nocte
1281 3689 1332 3742 id
1385 3690 1478 3744 tibi
1527 3692 1740 3760 dicam;
1779 3709 1847 3752 nc

263 3764 399 3820 forte
430 3770 658 3825 audiens
688 3773 769 3826 sol
803 3774 1006 3830 inferos
1040 3778 1327 3833 illnminet.

332 3856 496 3914 Utilia
568 3867 750 3918 omnia
816 3884 984 3921 unum
1051 3873 1364 3940 sepulcrum
1431 3875 1577 3932 intus
1648 3879 1842 3945 habet;

261 3965 402 4005 unus
445 3954 589 4008 enim
623 3958 867 4012 onminm
888 3963 1067 4015 omnia
1098 3963 1147 4017 in
1179 3965 1282 4019 vita
1318 3967 1526 4022 habuit.

329 4044 445 4098 Non
487 4058 739 4104 mortuus
790 4067 848 4106 es
890 4063 967 4119 tn,
1024 4056 1117 4110 sed
1154 4059 1510 4115 absconditus
1557 4064 1731 4118 solum
1770 4066 1844 4119 la-

258 4137 402 4206 pide.
424 4137 516 4191 Dei
541 4140 758 4202 faciem.
793 4159 899 4197 non
934 4155 1083 4216 terga
1118 4152 1419 4219 conspicis.

329 4230 385 4284 In
443 4243 598 4286 nocte
650 4233 885 4298 furatus.
926 4255 1031 4292 non
1080 4242 1131 4294 in
1164 4258 1362 4297 vanum
1399 4246 1661 4313 gloriatur
1700 4249 1842 4305 Cha--

257 4334 390 4386 ron;
426 4338 533 4375 non
569 4333 694 4380 tuus
725 4325 830 4381 fuit
863 4344 1038 4398 neque
1072 4332 1372 4387 inferorum
1410 4337 1524 4390 fati.

322 4410 378 4466 In
411 4424 567 4468 nocte
611 4419 862 4485 moreris,
907 4423 1080 4476 solem
1132 4436 1313 4480 autem
1361 4427 1526 4498 fugis,
1567 4447 1633 4486 nc
1671 4433 1716 4487 si
1754 4435 1836 4488 rei

253 4503 466 4558 adesset
490 4505 694 4562 inferos
727 4510 1107 4568 illuminassct.

321 4593 491 4651 Filius
537 4599 673 4654 lucis
702 4601 844 4656 diem
889 4606 1226 4674 przevenicns
1263 4607 1546 4667 Christum
1598 4614 1825 4683 invenit,

250 4684 439 4751 solem,
468 4687 666 4756 lucem,
699 4692 864 4746 diem.

320 4779 398 4833 Ad
432 4781 559 4850 quid
594 4786 946 4851 sepulcrum?
982 4787 1253 4844 Mortuum
1288 4801 1517 4848 testatur
1553 4797 1688 4852 nihil
1725 4799 1825 4854 ha-

247 4870 430 4926 buisse
467 4874 569 4928 nisi
603 4875 967 4933 tricnbitalem
1008 4897 1156 4938 nunc
1185 4884 1441 4953 lapidem.

316 4962 508 5022 Inutile
520 4969 860 5038 sepulcrum;
892 4981 1084 5028 natura
1101 4976 1257 5032 testis
1275 4979 1449 5032 solum
1471 4980 1793 5050 phantasma
1807 5027 1820 5051 ,

248 5069 520 5115 mortuum
555 5078 662 5118 non
688 5065 988 5121 ostensioni
1012 5067 1194 5123 datum
1217 5085 1358 5127 esse.

313 5151 415 5217 Qui
449 5155 600 5222 prius
645 5171 903 5220 exosum,
949 5175 1095 5214 nune
1142 5165 1440 5231 pretiosum
1483 5169 1814 5236 sepulcrum.

243 5242 342 5296 etsi
377 5246 522 5299 enim
544 5262 794 5306 exosum.
820 5252 912 5304 sed
945 5253 1163 5321 pretiosi
1194 5254 1317 5311 fuit.

312 5336 432 5390 Tibi
470 5339 670 5395 viventi
719 5357 920 5412 cmpus
962 5346 1294 5415 sepulcrum,
1328 5349 1380 5403 in
1421 5352 1672 5420 sepulcro
1715 5369 1814 5407 au-

244 5437 347 5482 tem
399 5429 528 5484 illud
576 5447 784 5501 ponens
819 5451 963 5490 nunc
1007 5438 1168 5502 vivis,
1215 5443 1526 5510 Sepulcrum
1564 5445 1814 5516 sepulcro

242 5530 521 5592 postquam
553 5527 935 5581 oecultavcris.

314 5610 516 5684 Duplex
548 5627 629 5670 est
659 5621 1003 5687 sepulcrum;
1046 5639 1210 5677 unum
1244 5626 1435 5692 animi,
1477 5631 1695 5692 mentis.
1729 5648 1814 5684 ra-

246 5713 430 5769 tionis,
479 5708 746 5763 bonorum
791 5712 1060 5777 omnium,
1099 5715 1330 5771 alterum
1371 5731 1551 5775 autem
1590 5723 1812 5777 mortui.

1949 3231 2165 3286 Charon
2194 3234 2478 3302 improbus
2507 3243 2559 3288 et
2586 3232 2672 3287 fur
2697 3247 2853 3289 nocte
2885 3234 3030 3289 hunc
3068 3236 3287 3306 eripuit.

2017 3321 2137 3377 Non
2169 3326 2434 3377 commori
2481 3324 2577 3378 tihi
2637 3339 2831 3379 omnes
2864 3340 3028 3381 causa
3071 3335 3156 3380 est
3198 3327 3533 3397 sepulcrum,

1949 3428 2074 3467 nam
2129 3414 2436 3470 tricubitale
2481 3431 2606 3471 cum
2665 3416 2739 3470 sit
2792 3431 2987 3472 omnes
3044 3417 3380 3474 abscondere
3437 3436 3533 3475 ne-

1946 3505 2086 3574 quit.

2477 3599 2604 3656 108.
2643 3597 2705 3656 In
2744 3599 3008 3671 «ipsum.

2023 3690 2348 3762 Propitiare,
2369 3692 2751 3748 universorum
2777 3711 2894 3758 rex,
2926 3695 3144 3766 peccavi
3167 3710 3274 3750 non
3305 3697 3526 3763 volens;

1949 3785 2250 3855 propitiare
2301 3786 2505 3856 culpat;
2557 3787 2846 3845 columnas
2895 3789 3086 3843 statuit
3127 3787 3340 3845 adulter
3385 3791 3527 3846 intra

1946 3891 2041 3930 cor
2072 3891 2253 3931 meum
2284 3888 2602 3948 sponsatum
2649 3880 2770 3942 tibi,
2802 3895 3028 3950 sponse.

2017 3967 2182 4022 Multa
2267 3968 2584 4038 turpissima
2661 3969 2870 4041 ﬂagella
2937 3970 3142 4027 frustra
3213 3973 3412 4029 animae
3468 3969 3530 4029 in

1945 4061 2227 4125 lateribus,
2265 4061 2354 4116 ubi
2382 4061 2801 4133 expergefactus
2829 4080 2973 4120 sum.

2012 4152 2155 4207 Caro
2181 4154 2571 4210 contumeliam
2609 4170 2737 4211 orsa
2773 4165 2880 4219 est,
2925 4167 3284 4214 surrexerunt
3317 4161 3524 4214 ventris

1944 4246 2165 4310 ﬂuetus,
2213 4248 2356 4301 venti
2410 4247 2663 4320 gulosum
2706 4250 3108 4310 excitaverunt.
3153 4255 3220 4306 ad
3264 4252 3528 4324 abyssum

1947 4348 2135 4408 raptus
2159 4354 2278 4394 sum
2308 4356 2322 4405 ;
2357 4340 2575 4403 venisti,
2635 4356 2753 4408 rex,
2799 4351 2855 4396 et
2893 4345 3182 4399 conatibus
3224 4348 3518 4416 ancipitem

1944 4430 2041 4483 (las
2076 4430 2394 4497 victoriam;
2424 4440 2478 4484 et
2520 4432 2689 4486 menti
2730 4433 3146 4505 intelligentiam
3192 4446 3447 4506 praestas,
3467 4448 3520 4492 et

1935 4522 2130 4576 animm
2176 4524 2463 4577 rationem.

2005 4615 2307 4684 Propitiarc
2353 4617 2457 4680 his,
2493 4626 2544 4673 et
2592 4619 2644 4672 in
2674 4618 2872 4673 ccelum
2907 4618 3049 4675 felici
3092 4622 3301 4688 volatu,
3333 4633 3390 4678 ut
3421 4640 3515 4678 na-

1931 4722 2047 4760 vem
2089 4705 2289 4761 innatis
2334 4708 2486 4770 velis.
2514 4710 2763 4778 spiritum
2795 4720 2945 4764 tuum
2980 4714 3262 4779 perducas.

2144 4799 2266 4854 109.
2310 4799 2375 4854 In
2406 4802 2636 4856 Athenas
2677 4814 2726 4856 ct
2763 4804 3297 4875 Constantinopolim.

2003 4891 2293 4947 Erechthei
2359 4894 2519 4949 tellus
2580 4897 2768 4950 urbem
2812 4900 3110 4962 exstruxit,
3166 4901 3259 4954 sed
3308 4903 3506 4956 emlum

1929 4984 2237 5038 etinstrnxit
2281 5001 2479 5040 novam
2526 4985 2775 5041 Romam.
2809 4986 2974 5042 Terra
3031 4989 3387 5059 pulchritudo
3412 5008 3507 5063 po-

1929 5075 2053 5139 tior,
2090 5085 2294 5145 quanto
2326 5078 2664 5144 Splendidum
2690 5080 2911 5132 malum.

2281 5169 2400 5223 110.
2435 5168 2496 5224 lu
2524 5170 2846 5225 Athenarum
2875 5179 3153 5240 sapientes.

1998 5261 2380 5323 Athenienses.
2432 5262 2726 5332 prmdieate
2779 5276 2989 5332 veteres
3029 5267 3150 5321 illos
3201 5269 3494 5338 sapientes,

1925 5350 2198 5408 Platones.
2253 5349 2526 5418 Socrates,
2593 5352 2950 5418 Xenocrates,
3005 5355 3290 5423 Epicnros.
3365 5358 3499 5432 Pyr-

1925 5443 2145 5504 rhones,
2182 5444 2538 5510 AristOteles;
2583 5446 2716 5498 nihil
2749 5458 2995 5514 superest
3025 5449 3199 5513 vobis,
3251 5451 3354 5505 nisi
3394 5453 3500 5525 Hy-

1923 5537 2074 5592 metti
2121 5539 2244 5597 mel.
2289 5549 2632 5594 mortuorum
2685 5542 2854 5594 thecre
2896 5553 2948 5596 et
2981 5544 3311 5611 sapientium
3342 5548 3494 5617 cogi-

1927 5641 2033 5685 tata
2070 5649 2080 5684 :
2114 5631 2231 5685 urbi
2265 5641 2466 5684 nostra:
2505 5632 2658 5696 fides,
2695 5644 2747 5687 et
2777 5635 3050 5704 sapientes
3085 5653 3385 5694 sermones.

1998 5723 2220 5777 Atheum
2260 5723 2412 5785 nrbs.
2469 5724 2634 5778 azlora
2682 5726 2945 5794 reginam.
2991 5728 3268 5787 Oleaslros
3302 5732 3467 5800 ιη’εῶ

317 5821 363 5853 ⁸⁶
393 5821 523 5894 Leg.
553 5825 836 5896 κρύπτειν.
914 5830 956 5860 ⁵⁷
993 5828 1119 5904 Leg.
1156 5836 1545 5906 πεπταμένοις.
1623 5839 1664 5870 ⁵⁸
1699 5838 1828 5892 Cod.
1867 5839 1988 5910 θῆκε

1070 5848 1119 5904 g.
1156 5836 1545 5906 πεπταμένοις.
1623 5839 1664 5870 5‘
1699 5838 1828 5892 Cod.
1867 5839 2021 5910 θῆκε.
2054 5855 2174 5894 rttm
2218 5857 2273 5894 αι
2299 5841 2741 5910 ςυῃοιιιιιιιυδιιυ.
