4232 6434
774 398 877 459 955

781 510 888 559 Kal
915 509 1039 569 τοὺς
1066 509 1297 576 τρόπους
1331 507 1526 570 ἓδειξῑν
1547 508 1620 567 ὡς
1658 508 1866 570 ζῶντας
1898 506 2137 575 βλέπειν,

788 599 896 651 Kal
927 600 1054 661 τοὺς
1086 597 1265 660 λίθους
1290 598 1505 649 ἔπεισεν
1529 600 1815 666 ἀστραπὰς
1852 598 2059 668 φέρειν,

782 688 892 742 Kal
922 689 1097 741 πάντα
1126 688 1224 755 σῆς
1263 688 1525 758 μετέσχεν
1547 689 1763 759 αἴγλης,
1796 691 1999 760 Χριστὲ
2034 707 2154 760 μου.

1112 792 1216 859 ρκ’.
1248 791 1349 853 Εἰς
1380 789 1488 841 τὸν
1508 789 1678 858 ἅγιον
1708 789 2029 858 Θεόδωρον.

791 897 1006 965 Ῥῆτορ,
1044 898 1337 968 στρατηγὲ,
1382 898 1611 970 μάρτυς,
1648 900 1900 969 ἀνδρείας
1923 899 2084 962 τύπε,

783 986 1038 1055 ’Λγαλμα
1070 986 1324 1052 κάλλους,
1352 989 1562 1058 ἀρετῶν
1595 990 1783 1059 κρᾶμα
1823 988 1988 1055 ξένον,

778 1076 868 1127 Σοὶ
911 1077 1082 1131 πάντα
1103 1078 1274 1147 τάμὰ,
1301 1080 1384 1131 σοὶ
1414 1080 1603 1149 πνοὴν.
1636 1081 1719 1132 σοὶ
1747 1081 1873 1143 τοὺς
1904 1080 2111 1149 λόγους,

777 1168 864 1221 Σοὶ
900 1170 1083 1238 χειρὸς
1111 1170 1290 1240 άρσιν,
1324 1170 1406 1223 σοὶ
1436 1171 1681 1238 πορείαν,
1709 1172 1793 1225 σοὶ
1817 1172 2028 1242 στάσιν,

788 1257 1035 1328 Ἰωάννης
1064 1259 1267 1322 δίδωσι.
1301 1263 1383 1314 σοὶ
1408 1262 1477 1316 τά
1500 1262 1678 1318 πάντα
1704 1281 1817 1333 μοι,

772 1348 970 1412 Φύλαξ,
1001 1348 1211 1419 ὀδηγδς,
1240 1350 1530 1421 σύμμαχος
1558 1353 1735 1420 γένοιό
1772 1371 1884 1422 μοι.

1230 1464 1372 1529 ρκα’.
1419 1460 1555 1526 Περὶ
1584 1461 1885 1528 γυναικός.

771 1563 1028 1617 θάλασσα
1059 1563 1153 1619 καὶ
1183 1566 1292 1635 πῦρ
1315 1568 1405 1620 καὶ
1428 1569 1564 1639 γυνὴ
1595 1571 1764 1622 κακὸν
1786 1569 1992 1640 τρίτον.

789 1655 925 1722 Ἐγὼ
954 1656 1010 1708 δέ
1042 1674 1184 1726 φημι
1206 1659 1423 1727 πρῶτον
1449 1662 1480 1728 ἡ
1511 1662 1653 1729 κακὴ
1678 1661 1884 1714 κακῶν.

772 1745 886 1815 Τῆς
908 1747 952 1798 δ’
976 1743 1042 1801 αὖ
1078 1747 1249 1818 καλῆς
1287 1751 1571 1803 κάλλιστον
1604 1751 1756 1804 οὐδὲν
1789 1752 1846 1805 ἐν
1874 1750 1996 1821 βίῳ.

1503 1842 1639 1911 ρκβ’.

774 1928 929 1998 Εἶχον
956 1931 1047 1983 τὸν
1068 1932 1234 2003 ἀγρὸν
1263 1935 1466 2004 ἡδονῶν
1498 1938 1539 1968 ‘5"
1565 1955 1617 1990 τι
1648 1938 1849 2009 χωρίον

784 2022 954 2087 Ἰδεῖν,
988 2028 1203 2093 φαγεῖν,
1228 2030 1372 2080 πιεῖν
1393 2046 1470 2091 τε,
1491 2029 1789 2098 τερφθῆναι
1815 2031 1989 2099 μέλει.

783 2115 921 2167 Ἀλλ’
946 2115 1017 2177 ὡς
1055 2118 1139 2170 τὸν
1167 2119 1326 2184 ἁγνὸν
1357 2121 1482 2172 ναὸν
1508 2118 1645 2173 εἶδον
1670 2124 1986 2192 Παρθένου,¹

768 2208 949 2273 Μέσον
975 2213 1166 2262 πατεῖν
1196 2211 1347 2275 ἔδοξα
1378 2214 1467 2265 τὸν
1497 2211 1747 2283 λαμπρὸν
1779 2214 1959 2269 πόλον.

1145 2319 1281 2389 ρκγ’.
1307 2323 1405 2386 Εἰς
1436 2324 1726 2391 σαρκικὸν
1750 2324 1959 2393 ἔρωτα.

769 2426 831 2480 El
856 2427 985 2496 πυρὶ
1014 2427 1123 2498 πῦρ
1150 2430 1375 2493 ἐπάγεις
1398 2429 1641 2500 βρόμιον,
1669 2435 1817 2502 μάλα
1844 2435 2036 2491 πολλὸν
2060 2439 2335 2505 άνάπτειςο

840 2522 901 2572 Ι·Σὶ
928 2522 983 2573 δὲ
1019 2525 1170 2593 πόθῳ
1202 2524 1423 2591 σαρκὸς,
1453 2524 1593 2578 θεῖον
1627 2527 2039 2596 άποσϐεννύεις.

771 2610 951 2677 Ἔρως
986 2613 1014 2662 ὁ
1048 2611 1215 2673 δεινὸς
1242 2613 1498 2683 ἐκτυφλοί
1526 2632 1628 2684 μου
1649 2617 1747 2680 τάς
1788 2619 1990 2689 φρένας
2016 2638 2029 2649 ·

781 2702 918 2754 Ἀλλ’
942 2703 1210 2773 αίθριάζει
1242 2706 1331 2768 ab;
1360 2707 1521 2770 πόθος
1555 2725 1642 2778 με,
1668 2710 1873 2780 Χριστέ
1906 2730 2028 2781 μου.

1099 2812 1235 2881 ρκό’.
1267 2815 1368 2879 Εἰς
1402 2815 1509 2867 τὸν
1546 2815 1657 2884 τῆς
1682 2820 1992 2888 τραπέζης.

767 2921 879 2989 τῆς
915 2922 1019 2991 γῆς
1053 2923 1083 2974 ὀ
1115 2923 1319 2993 κόσμος
1351 2927 1377 2977 ὁ
1407 2926 1610 2992 γλυκὺς
1643 2930 2051 2997 Κωνσταντίνος

779 3016 1044 3071 Ἐνταῦοα
1068 3020 1261 3081 κεῖται,
1306 3018 1407 3087 φεῦ
1432 3020 1595 3083 πόσος
1619 3022 1631 3073 !
1664 3023 1859 3091 φρένες
1888 3025 2049 3078 πόσαι
2073 3028 2087 3078 !

836 3109 1073 3181 Πτωχῶν
1095 3110 1363 3180 τράπεζα,
1393 3111 1667 3166 δεσποτῶν
1694 3117 1727 3184 ἡ
1770 3118 2031 3188 φαιδρότη
2047 3136 2087 3183 ς,

768 3293 910 3337 trum
942 3295 995 3340 et
1040 3285 1239 3355 ﬁguras
1273 3288 1514 3345 ostendit
1546 3301 1603 3343 ut
1640 3290 1888 3346 viventes
1934 3292 2138 3355 videre,
2168 3304 2221 3347 et
2249 3296 2331 3347 lu-
2360 3302 2402 3361 ς,

767 3374 921 3443 pides
950 3376 1130 3448 coegit
1159 3378 1370 3448 fulgura
1426 3382 1737 3446 immittere,
1777 3393 1832 3437 et
1883 3386 2141 3439 omnibus
2179 3398 2330 3440 tuum

765 3468 952 3524 tribuit
974 3470 1340 3539 splendorem,
1396 3471 1611 3527 Christe
1646 3476 1739 3528 mi.

1123 3580 1244 3635 120.
1282 3581 1347 3635 In
1368 3594 1603 3637 sanctum
1630 3583 1975 3643 Theodorum.

833 3686 1061 3749 Rbetor,
1122 3690 1254 3755 dux,
1322 3702 1548 3762 martyr,
1619 3691 1958 3749 fortitudinis
2034 3699 2331 3767 exemplar,

763 3779 1185 3846 pulchritudinis
1223 3791 1470 3844 ornatus,
1504 3785 1767 3838 virtutum
1817 3788 2159 3844 admirabilis
2198 3807 2331 3845 con-

758 3871 992 3939 junetlo,
1036 3875 1128 3927 lilii
1163 3890 1279 3927 mea
1310 3876 1517 3939 omnia,
1552 3878 1649 3929 tibi
1673 3878 1863 3941 vitam,
1894 3880 1992 3932 tibi
2019 3895 2325 3943 sermones,

762 3965 860 4018 tibi
904 3981 1097 4021 manus
1160 3977 1392 4033 motum,
1445 3969 1541 4021 tibi
1589 3985 1859 4037 gressum,
1905 3972 2001 4024 tibi
2038 3972 2332 4028 stationem

759 4053 995 4110 Joannes
1022 4056 1200 4119 offert,
1224 4058 1321 4110 tibi
1355 4073 1471 4113 mea
1499 4061 1714 4125 omnia;
1741 4073 1952 4126 custos,
1983 4062 2118 4126 dux,
2144 4064 2335 4118 dcl'en-

760 4161 855 4201 IOI‘
885 4162 1041 4202 meus
1068 4157 1206 4204 esto.

1286 4256 1409 4311 121.
1452 4256 1529 4311 De
1564 4259 1803 4313 muliere.

829 4358 998 4426 Mare,
1048 4362 1189 4431 ignis
1213 4372 1266 4417 et
1308 4366 1502 4419 mulier
1524 4378 1651 4422 sunt
1674 4369 1814 4422 mala
1846 4369 1973 4425 tria.
2002 4370 2116 4441 Ego
2147 4382 2327 4428 autem

759 4448 883 4502 dico
907 4451 1140 4518 primum
1178 4452 1442 4506 malorum
1475 4457 1670 4510 malam
1721 4458 2009 4514 mulierem
2064 4477 2208 4527 esse,
2235 4464 2330 4519 sed

761 4540 1000 4595 vicissim
1034 4541 1175 4596 bona
1212 4544 1347 4598 nihil
1380 4561 1500 4601 esse
1538 4549 1733 4605 melius
1754 4550 1808 4604 in
1841 4553 2068 4607 mundo.

1497 4654 1615 4710 122.

830 4758 1103 4814 Habebam
1143 4762 1480 4831 voluptatum
1520 4764 1685 4820 latum
1723 4767 2014 4837 quemdam
2041 4784 2321 4840 campum,

758 4853 963 4914 videre,
984 4854 1293 4920 comedere,
1324 4856 1508 4911 bibere
1539 4869 1592 4912 et
1617 4859 1876 4915 delectari
1901 4861 2091 4916 cantu.‘
2112 4862 2215 4916 Sed
2244 4863 2332 4917 nlii

757 4958 955 5011 purum
1012 4945 1118 4998 vidi
1177 4950 1434 5014 templum
1488 4949 1747 5020 Virginis,
1799 4954 2047 5007 medium
2116 4957 2334 5010 calcare

756 5035 1045 5104 splendens
1080 5043 1280 5094 malum
1314 5051 1465 5107 ratus
1483 5059 1626 5097 sum.

1137 5149 1259 5204 125.
1304 5150 1368 5204 In
1391 5152 1661 5206 carnalem
1682 5169 1938 5208 antorem.

2037 398 2273 458 JOANN
2285 399 2351 459 [S
2380 399 2811 460 GEOMETlli'E

3922 397 4038 462 956

2378 516 2414 570 Α
2450 510 2666 578 Κόσμος
2699 510 2998 577 δυναστῶν,
3030 512 3233 576 τάξεων
3268 511 3560 581 εὐρυθμία,

2451 603 2570 654 Τῶν
2604 603 2814 672 ἀρετῶν
2844 604 3209 674 πρόγραμμα,
3234 605 3341 659 τῶν
3370 605 3553 658 καλῶν
3587 606 3733 675 ὄρος,

2459 695 2678 765 Ῥώμης
2705 696 2767 749 τὸ
2800 697 3020 763 κάλλος,
3042 698 3170 765 δόξα
3192 698 3301 751 τῶν
3337 700 3663 769 πατρικίων,

2450 787 2559 855 Τὴν
2587 788 2855 859 κοσμικὴν
2884 790 3145 857 σύγχυσιν
3171 790 3243 851 ὡς
3267 789 3407 859 ἔγνω
3431 791 3618 856 πάλιν,

2463 876 2729 944 Ἀπῆλθεν
2757 879 2919 941 εὐθὺς
2945 880 2972 931 ὁ
2995 879 3200 946 γλυκὺς
3230 883 3660 949 Κωνσταντῑνος,

2462 968 2611 1022 ἰδεῐν
2640 969 2709 1023 τά
2745 970 2920 1042 πικρά
2962 971 3036 1041 μὴ
3066 971 3301 1043 θελήσας
3338 974 3432 1025 τοῦ
3470 974 3609 1043 βίου.

2824 1093 2958 1157 ρκε’.
2990 1088 3091 1153 Εις
3121 1088 3236 1156 τὴν
3266 1089 3629 1160 ἀποδημίαν.

2460 1196 2549 1249 Ἐν
2576 1196 2708 1267 μηνὶ
2732 1195 2957 1269 Δύστρῳ
2989 1198 3086 1269 τὴν
3112 1197 3385 1263 Βύζαντος
3410 1203 3595 1275 ἑστίαν

2449 1287 2655 1352 Λιπὼν,
2698 1286 2906 1342 ἐλαύνω
2933 1290 3070 1359 πρὸς
3114 1290 3266 1344 πόλιν
3303 1291 3627 1363 Σηλυὸρίας.

2449 1379 2846 1449 Στιλὸουμένην
2874 1381 2983 1453 γάρ
3020 1382 3145 1450 ἄρτι
3182 1385 3454 1454 ῥομφαίαν
3481 1386 3715 1453 βλέπων,

2449 1471 2558 1522 Kal
2594 1473 2828 1542 συγγενῆ
2861 1472 3140 1547 μάχαιραν
3167 1476 3559 1546 άγριουμένην,

2447 1560 2556 1614 Kal
2584 1562 2862 1631 θηριῶσαν
2895 1565 2994 1634 τὴν
3043 1565 3216 1637 Ἐᾠαν
3236 1569 3373 1638 πρὸς
3398 1570 3617 1638 φόνους,

2448 1654 2556 1706 Kal
2584 1656 2744 1722 γνοὺς
2767 1657 2885 1708 κατ’
2907 1658 3042 1711 ἄστυ
3078 1660 3172 1713 καὶ
3199 1662 3535 1729 στεναγμοὺς
3564 1664 3656 1714 καὶ
3680 1662 3880 1732 δάκρυ,

2458 1746 2544 1809 Ὠς
2585 1748 2663 1810 εἰς
2697 1746 2936 1819 γαλήνην
2967 1749 3194 1803 εϐλεπον
3225 1751 3325 1821 τὴν
3364 1752 3657 1822 Ἑσπέραν.

2376 1841 2418 1898 Β
2447 1838 2614 1891 Οὔπω
2633 1839 2848 1907 διῆλθον
2875 1842 2972 1911 τῆς
2994 1843 3199 1913 ἀθύρου
3228 1844 3288 1896 τὸ
3324 1846 3520 1915 στόμα,

2445 1932 2566 1984 Τῶν
2609 1933 2856 2003 ’Λμαλὴκ
2882 1935 2995 2004 ὁρῶ
3017 1936 3223 2004 πλῆθος
3253 1938 3621 2008 ἠγριωμένον,

2455 2024 2906 2091 Ὀδοστατοῦντας
2935 2029 3059 2083 τοὺς
3083 2029 3261 2093 ὁδίτας
3294 2032 3561 2099 ἐκτόπως,

2443 2118 2693 2186 ἰ’ροφῶν,
2731 2121 3001 2190 πενήτων,
3033 2122 3289 2192 ἁρπαγὴν
3322 2126 3413 2176 καὶ
3445 2128 3769 2197 χρημάτων,

2458 2209 2710 2277 Ἀνδρῶν,
2745 2212 3021 2277 γυναικῶν
3051 2214 3328 2276 κωκυτοὺς
3360 2217 3454 2269 καὶ
3491 2218 3742 2281 παιδὶων,

2446 2301 2553 2352 Kal
2577 2299 2877 2369 παρθένους
2908 2305 3111 2372 σεμνάς
3144 2321 3204 2357 τε
3235 2307 3328 2358 καὶ
3358 2306 3769 2381 μελαμφὸρθυςν

2444 2393 2850 2462 Γυμνουμένας,
2886 2393 3024 2463 ipsi»!
3056 2400 3244 2466 χεῖρας
3273 2400 3537 2468 αἰρούσας
3574 2402 3709 2465 ἄνω,

2442 2485 2552 2538 Kal
2581 2483 2679 2554 τὴν
2704 2485 2919 2555 δρῶσαν
2952 2490 3411 2560 μαρτυρουμένας
3449 2492 3631 2563 δίκην.

2441 2575 2679 2631 Τοιαῦτά
2709 2595 2800 2647 μοι
2832 2578 2899 2631 τὰ
2925 2580 3117 2651 πρῶτα
3146 2582 3245 2652 τῆς
3272 2583 3563 2653 ἐκδημίας.

2444 2669 2583 2737 Ἤδη
2612 2669 2669 2722 δὲ
2702 2670 2892 2742 πόρρω
2919 2671 3011 2725 τὸν
3040 2672 3244 2743 δρόμον
3274 2677 3626 2746 ποιουμένου,

2442 2759 2681 2828 Πρᾶγμα
2713 2761 3034 2830 στεναγμῶν
3064 2762 3212 2826 ἄξιον
3246 2764 3340 2816 καὶ
3370 2764 3644 2834 δακρύων,

2451 2850 2593 2921 Ὦρῶ
2627 2852 2886 2921 ραγείσας
2912 2856 3008 2916 τάς
3039 2854 3283 2925 ἀρούρας
3312 2857 3390 2919 είς
3418 2856 3602 2926 βάθος.

2438 2942 2648 3010 Αὐχμῴ
2686 2942 2956 3011 χανούσας
2991 2944 3087 2996 και
3108 2945 3404 3009 διαστάσας
3444 2948 3592 3010 ὅλας.

2437 3032 2576 3093 Ἰὀὺς
2602 3032 2848 3101 άστάχυς
2880 3033 3095 3103 ὠχροὺς
3126 3035 3184 3088 δὲ
3207 3036 3297 3088 καὶ
3325 3038 3682 3106 κεκλιμένους

2438 3122 2684 3192 Νεκροὺς
2721 3124 3037 3197 καθώσπερ,
3081 3128 3313 3197 πάμπαν
3343 3127 3725 3195 ἐκλελοιπότας
3784 3146 3789 3155 ‘

2736 3301 2857 3355 12L
2889 3301 2955 3356 In
2990 3302 3400 3363 Constantinum
3442 3326 3475 3363 a
3505 3326 3706 3363 meum.

2506 3409 2688 3464 Terra:
2708 3411 2898 3477 decus,
2936 3416 3122 3469 suavis
3149 3416 3569 3485 Constantinus,
3595 3422 3683 3474 liic
3712 3422 3885 3492 jacet,
3914 3425 4012 3480 bcu

2436 3504 2706 3572 quantus!
2749 3520 2903 3560 mens
2931 3510 3164 3575 quanta!

2512 3594 2817 3664 l‘anperum
2856 3612 3067 3663 mensa,
3123 3601 3512 3668 imperatorum
3554 3605 3757 3675 fulgor,
3806 3611 4012 3677 princi-

2437 3702 2565 3756 pum
2614 3688 2802 3752 derns,
2842 3690 3098 3744 ordinum
3157 3694 3462 3757 harmonia,
3510 3697 3775 3750 virtutum
3828 3716 4012 3752 (διεπυ-

2438 3779 2574 3847 plar,
2611 3780 2878 3834 bonorum
2918 3785 3096 3846 sedes,
3141 3785 3331 3839 Romae
3359 3798 3772 3850 ornamentum,
3845 3793 4012 3862 gloria

2437 3869 2812 3935 patiiciorum.
2846 3874 3032 3927 mundi
3066 3876 3355 3929 tumultum
3385 3885 3444 3929 ut
3482 3878 3679 3931 iterum
3711 3882 3870 3943 vidit,
3905 3896 4011 3936 sta-

2438 3960 2532 4012 tim
2568 3959 2704 4013 atiiit
2730 3962 2917 4016 suavis
2975 3962 3390 4031 Constantinus,
3444 3970 3628 4025 videre
3659 3974 3853 4027 nolens
3894 3974 4013 4030 vitae

2435 4054 2848 4109 antaritudines.

2821 4146 2943 4202 125.
2980 4144 3045 4200 In
3071 4163 3338 4217 egressum
3359 4167 3387 4205 ε
3424 4153 3621 4221 patria.

2500 4253 2556 4309 In
2593 4270 2779 4310 mense
2802 4256 2997 4327 Dystro
3035 4257 3280 4329 Byzantii
3309 4260 3493 4316 sedem
3526 4264 3807 4335 linquens.
3844 4282 4008 4337 pergo

2435 4347 2499 4399 ad
2534 4348 2722 4401 urbem
2773 4346 3100 4419 Selybriam.
3154 4348 3554 4409 Scintillantem
3584 4356 3729 4409 enim
3758 4366 3894 4413 tune
3928 4360 4003 4412 vi-

2434 4437 2571 4492 dens
2594 4438 2829 4507 gladium
2862 4447 2917 4493 et
2964 4439 3250 4495 cll'eratum
3293 4458 3505 4506 ensem,
3547 4455 3602 4499 et
3641 4447 3915 4502 orientem
3949 4450 4011 4503 ad

2436 4546 2598 4586 ncces
2640 4540 2909 4596 ruentem,
2948 4543 3003 4587 et
3022 4533 3293 4589 clamores
3327 4535 3380 4589 in
3406 4536 3630 4591 civitate
3673 4547 3730 4592 et
3769 4541 4012 4609 gemitus

2364 4634 2412 4692 υ
2437 4631 2491 4673 et
2518 4620 2807 4689 larrymas,
2841 4630 2901 4674 ut
2934 4621 2987 4675 in
3018 4623 3311 4678 serenitate
3332 4625 3626 4679 cernebam
3650 4630 4010 4684 occidentem.

2432 4708 2684 4767 Nondum
2710 4713 3036 4767 transieram
3064 4729 3127 4767 os
3152 4715 3353 4785 athyri,
3386 4715 3543 4771 video
3572 4716 4005 4775 Amalecitarum

2436 4801 2838 4857 multitudinem
2872 4803 3177 4869 eﬂ'eratam,
3212 4807 3452 4861 viatores
3484 4808 3827 4866 detinentem
3868 4814 4011 4869 inso-

2436 4893 2553 4956 lite,
2585 4894 2856 4960 ciborum,
2894 4910 3190 4966 pauperum
3225 4906 3280 4952 et
3310 4900 3731 4968 possessionum
3783 4907 4013 4975 ereptiw

2437 5000 2582 5051 nem,
2629 4985 2902 5049 virorum,
2968 4988 3259 5043 mulierum
3305 5002 3362 5044 et
3408 5006 3704 5060 puerorum
3751 4995 4011 5060 lamenta,

2436 5078 2679 5148 virgines
2710 5079 2922 5135 nobiles
2952 5089 3007 5135 et
3043 5083 3390 5149 obscuratas,
3417 5084 3670 5153 nudatas,
3717 5087 3861 5142 heu!
3897 5104 4012 5143 ma~

2437 5186 2540 5224 nus
2596 5187 2817 5226 sursum
2892 5174 3165 5239 tollentes,
3234 5187 3289 5230 et
3341 5177 3613 5245 justitiam
3686 5192 4008 5236 cernentem

827 5253 884 5307 Si
915 5254 1023 5324 igni
1068 5256 1387 5310 alimentum
1428 5259 1607 5326 ignem
1660 5261 1891 5329 prmbcs,
1944 5261 2116 5315 multo
2155 5262 2329 5332 magis
2430 5275 2771 5320 attestantes.
2815 5263 2969 5320 Talia
3035 5266 3258 5323 fuerunt
3315 5270 3449 5323 mihi
3506 5286 3765 5339 egressus
3825 5274 4006 5330 initia.

758 5343 1085 5408 incenditur,
1111 5347 1154 5400 si
1189 5357 1367 5403 autem
1391 5351 1563 5403 amori
1607 5355 1809 5415 carnis,
1835 5353 2079 5406 divinum
2119 5355 2320 5408 restin-

757 5434 899 5505 guis.

825 5526 991 5579 Amor
1039 5544 1218 5583 saevus
1266 5532 1510 5587 obcaecat
1555 5535 1687 5589 mihi
1748 5548 2017 5606 mentem;
2068 5540 2160 5595 sed
2197 5551 2322 5597 ltltlS

756 5632 841 5670 me
874 5616 1141 5674 illuminat
1166 5637 1338 5689 amor,
1374 5624 1587 5681 Christe
1617 5627 1710 5681 mi.

829 5798 868 5828 “
901 5798 1034 5852 Coll.
1069 5800 1306 5868 ἡδωνών.

2428 5354 2549 5409 Jam
2582 5364 2760 5411 autem
2793 5358 2953 5428 longe
3003 5375 3128 5413 cum
3175 5376 3401 5416 cursum
3452 5364 3865 5432 produxissem,
3900 5382 4007 5421 rem

2428 5449 2720 5517 gemitibus
2777 5461 2830 5504 et
2856 5450 3109 5522 lacrymis
3165 5454 3384 5524 dignam
3436 5456 3666 5525 aspicio.
3696 5473 3925 5528 campos
3954 5463 4003 5515 in

2434 5541 2723 5608 voragines
2753 5542 3020 5597 violenter
3066 5560 3383 5610 conversos,
3432 5550 3666 5617 turpiter
3701 5550 3920 5607 hiantes
3950 5562 4001 5607 et

2432 5634 2654 5689 omnino
2682 5636 3032 5701 dilaceratos,
3062 5639 3244 5707 spicas
3294 5641 3566 5699 marcidas
3598 5652 3651 5698 ct
3683 5644 3994 5709 inclinatas.
