4232 6434
311 410 413 476 957

312 525 376 577 υἱ
403 524 447 576 δ’
482 524 710 592 ἀγρόται
741 523 1036 584 κόπτοντες
1061 521 1138 584 εἰς
1171 523 1269 588 γῆν
1306 525 1360 572 ἐν
1391 536 1590 581 πονοις,

316 615 551 667 ὐλωλεν
582 614 756 678 ἐλπὶς,
787 615 994 683 οἴχεται
1034 615 1128 665 καὶ
1155 615 1260 674 πᾶς
1295 613 1474 674 πόνος,

317 709 592 776 ’ίιὲτρασκον
611 723 624 736 ·
659 706 811 758 οὐδὲν
832 708 1012 775 χεῖρες
1036 704 1457 775 ἐκτετριμμέναι

319 802 558 853 "Hamas;
594 795 782 852 αὗται·
822 799 996 850 πάντα
1028 801 1130 868 ῥεῖ,
1163 799 1337 850 πάντα
1377 797 1592 866 φλέγεισ

316 891 499 955 καλὰς
528 891 628 960 μὲν
655 891 786 960 ἡμῖν
810 889 944 960 nos;
969 889 1064 951 τάς
1102 888 1360 950 ἐλπίδας·

313 984 552 1034 Δέδωκεν
582 983 756 1051 ἀρχήν
781 996 793 1010 ⁶
820 981 954 1034 ἀλλά
982 982 1079 1050 τὴν
1103 980 1336 1049 βλάστην
1357 981 1459 1049 ὅρα

328 1073 650 1143 Ἀνομὸρίας
681 1072 933 1141 μάστιξιν
961 1071 1393 1140 ἐκτετμημένην.

313 1168 407 1228 Τίς
438 1167 529 1218 καὶ
552 1165 794 1232 παρόντα
826 1163 934 1216 τῶν
965 1163 1142 1232 χρεῶν
1165 1159 1317 1214 λύσει
1352 1161 1526 1230 eam;

311 1257 406 1318 Τίς
437 1256 528 1309 καὶ
558 1257 820 1322 γυναῖκας
847 1256 924 1316 εἰς
955 1254 1015 1306 τὸ
1057 1253 1248 1322 μέλλον
1276 1253 1368 1304 καὶ
1397 1252 1559 1304 τέκνα

310 1347 535 1417 θρέψει,
571 1350 770 1417 φόρους
798 1346 990 1410 ἄλλους
1019 1363 1078 1397 τε
1106 1346 1202 1398 καὶ
1232 1344 1572 1414 λειτουργίας

310 1440 390 1510 Τῇ
421 1441 694 1510 Καίσαρος
723 1438 817 1510 δῷ,
852 1439 949 1491 καὶ
983 1438 1045 1491 τὸ
1077 1439 1186 1490 πᾶν
1211 1435 1528 1505 ὲξαρκέσει;

309 1531 424 1582 υύκ
445 1528 592 1581 ἔστιν
616 1529 810 1592 οὐδείς.
845 1527 1007 1580 ’Λλλα
1031 1527 1234 1598 καίνεις
1267 1528 1346 1588 εἰς
1381 1526 1497 1579 δέον
1523 1542 1536 1555 ·

323 1621 384 1673 Ἡ
405 1620 495 1690 γῆ,
533 1619 707 1689 δέχοιο
732 1619 904 1674 τοῖσδε
935 1621 1031 1673 σὺν
1061 1622 1171 1683 τοῖς
1203 1619 1396 1688 ληίοις,

325 1713 499 1782 ἠμᾶς
532 1712 774 1775 ἑκόντας.
802 1712 876 1765 Οὐ
903 1710 1174 1782 μενοῦμεν
1196 1711 1275 1776 εἰς
1298 1712 1490 1780 χρόνον

311 1803 471 1876 Λιμῷ
507 1807 764 1875 τακῆναι,
796 1805 1060 1874 σύντομον
1089 1803 1240 1857 ποθῶ
1278 1804 1449 1866 τέλος.

309 1899 464 1952 Οὕτω
489 1898 770 1968 γεμισθεὶς
804 1897 1034 1966 θλίψεων
1061 1896 1155 1950 καὶ
1175 1896 1423 1963 δακρύων

309 1988 412 2042 Τὸν
438 1988 606 2058 ἀγρὸν
635 1981 778 2056 εἶχον
808 1990 886 2049 είς
911 1988 1218 2056 ὑπόμνησιν
1259 1986 1460 2049 πόνων,

310 2083 418 2134 Καὶ
437 2081 666 2150 τερπνὸν
693 2080 844 2133 οὐδὲν
872 2079 973 2149 τὴν
1001 2081 1140 2150 ἐμὴν
1179 2079 1367 2148 θέλγον
1397 2078 1586 2148 φρένα.

307 2170 418 2222 οὐκ
445 2169 605 2232 ἄνθος
627 2165 788 2234 εἶδον,
819 2168 932 2222 ἀλλ’
967 2169 1206 2232 ἀκάνθας
1236 2170 1329 2223 καὶ
1353 2153 1480 2239 βέλη
1503 2183 1516 2197 ’

305 2258 380 2310 Οὐ
415 2258 673 2328 μουσικὸν
703 2259 948 2327 τέττιγες
973 2255 1097 2329 ᾗδόν
1139 2275 1228 2330 μοι
1255 2259 1434 2328 μέλος,

304 2349 549 2419 Τραυλὸν
579 2349 824 2420 χελιδὼν,
865 2350 1049 2416 ξουθὸν
1079 2350 1378 2419 ἀηδονίόες,

304 2443 384 2494 Τὰ
422 2442 596 2495 πάντα
630 2441 822 2505 πένθος
849 2440 1013 2512 εἶχεν.
1045 2444 1158 2504 (λρκ
1195 2442 1565 2512 ἀργυρόχρτιυς

308 2533 498 2605 Ἐρῤει
529 2533 748 2605 διειδὴς,
779 2533 997 2602 κοῦφος,
1039 2533 1254 2602 ἧῖιστος
1287 2533 1428 2601 μάλα
1468 2535 1512 2564 ⁸⁵

300 2627 493 2694 Κρήνη
523 2625 706 2695 ψυχρά
727 2642 809 2690 τις
835 2625 1060 2694 λουτρὸν
1091 2625 1187 2696 ἡδὺ
1213 2626 1310 2679 καὶ
1341 2626 1514 2694 πόμα,

303 2717 413 2768 Καὶ
438 2717 712 2785 γλαφυρόν
743 2735 794 2770 τι
825 2717 1337 2787 σνγκελαρρύζουσά
1369 2733 1461 2786 μοι

304 2808 394 2870 Εἰς
421 2808 587 2861 ὕπνον
618 2808 748 2878 ἡδὺν
771 2803 872 2878 ἦγε
898 2808 1390 2879 προσκεκλιμένον.

303 2901 376 2951 Οὐ
407 2900 657 2971 μαλθακή
683 2917 768 2964 τις
789 2902 884 2954 καὶ
906 2900 1202 2970 χλοηφόρος
1235 2900 1341 2952 πόα

303 2990 600 3060 Στρωμνὴν
631 2992 889 3060 παρεῖχεν
913 2988 1153 3052 εῦθετον,
1185 2989 1349 3042 πόνου
1381 2988 1522 3059 δίχα.

301 3083 344 3134 Τ
347 3083 410 3150 ἧς
435 3083 539 3150 γῆς
567 3084 596 3135 ό
625 3082 828 3150 κόσμος
861 3075 930 3151 ἦν
967 3080 1086 3144 ὅλος
1109 3081 1470 3150 κεκαρμένος,

313 3173 401 3236 ὀς
429 3173 722 3244 βόστρυχόν
747 3190 830 3238 τις
859 3173 1082 3243 ἐξέκοψε
1105 3173 1200 3244 τὴν
1222 3173 1405 3244 χλόην,

1603 408 1939 468 CARMINA
1979 408 2224 466 VARIA.

1905 529 1945 580 Α
1979 520 2220 586 Δένδρων
2247 516 2310 567 τὰ
2342 514 2534 580 φύλλα,
2562 515 2669 566 πᾶν
2704 512 2765 565 τὸ
2793 512 2983 574 καλλος
3016 509 3238 564 ἀνθέων.

3439 397 3544 460 958

1980 608 2367 679 Μεσημϐρινὺν
2390 607 2499 676 γὰρ
2539 606 2766 676 σφοδρὸν
2793 605 2944 675 ἥλιος
2971 602 3206 672 βλέπων,

1981 704 2090 756 Καὶ
2122 705 2241 764 ταῖς
2265 699 2516 769 ἀνίκμοις
2538 700 2629 751 καὶ
2660 695 3136 767 κατεξηραμέναις

1981 796 2194 848 nam.
2228 791 2487 862 ἀρούραις
2511 791 2802 860 ὲξετέφρου
2831 789 2924 843 καὶ
2948 787 3154 850 λίθους.

1987 887 2048 939 ’0
2072 885 2116 938 δ’
2153 883 2378 952 οὐρανὸς
2407 881 2722 951 πάγχαλκος
2743 878 3190 949 ἠνθρακωμένος,

1978 975 2451 1044 Σπινοηρακώδεις
2475 974 2550 1036 ὡς
2572 973 2894 1041 κεραυνίους
2919 972 3124 1039 φλόγας

1977 1071 2058 1124 Τὰ
2085 1068 2254 1138 συχνᾶ
2290 1067 2525 1135 πέμπων
2547 1063 2793 1133 ἀστέρων
2816 1063 3118 1132 ἐξάλματα.

1976 1165 2049 1216 Οὐ
2076 1161 2339 1214 Σκυθικὸν
2371 1159 2483 1229 πῦρ
2513 1157 2704 1226 Ξςλεγε
2739 1157 2840 1227 τὴν
2878 1155 3171 1224 Ἑσπέραν,

1987 1254 2127 1307 Ἀλλ’
2154 1251 2386 1322 οὐρανοῦ
2419 1249 2532 1320 πῦρ
2555 1250 2649 1302 καὶ
2683 1249 2916 1318 Πρόνοια
2948 1246 3042 1300 καὶ
3074 1246 3225 1316 δίκη,

1975 1341 2430 1414 Κατεμπιπρῶσα
2454 1341 2551 1411 τὴν
2584 1339 2903 1410 μιανθεῖσαν
2937 1337 3103 1406 χθόνα
3122 1352 3138 1367 °

1972 1435 2192 1496 Φθόνοις
2223 1433 2506 1500 ἀθέσμοις,
2535 1432 2828 1502 ἁρπαγαῖς,
2856 1428 3174 1500 λῃστηρίοις

1977 1530 2201 1596 Ὅρκοις
2226 1528 2499 1595 ματαίοις,
2532 1522 2710 1592 μίξεσι
2748 1522 3115 1592 ξενοτρόποις,

1984 1616 2422 1690 ’Λρρητοποιίαις
2448 1631 2508 1667 τε
2537 1616 2631 1667 καὶ
2663 1613 2889 1676 πλοκαῖς
2913 1614 3101 1668 δόλων.

1973 1710 2130 1764 Οὕτω
2163 1709 2483 1778 σκυθρωπὸς
2509 1707 2601 1760 καὶ
2633 1705 3177 1776 κατεστυγνασμένος

1976 1801 2144 1869 Ὅλην
2171 1799 2394 1854 διελθὼν
2419 1798 2520 1867 τῆς
2540 1798 2771 1867 σελήνης
2794 1797 3007 1861 είκάδα,

1905 1863 1945 1917 Β
1985 1863 2378 1964 ἰ’ποστρέφειν
2402 1863 2614 1960 ἔγνωκα
2804 1890 2902 1960 τὴν
2929 1889 3180 1961 πατρίδα,

1971 1985 2173 2055 Φόρτον
2207 1983 2446 2054 κομίζων
2489 1981 2785 2051 συμφορῶν
2811 1999 2869 2034 τε
2903 1981 2998 2035 καὶ
3024 1981 3224 2037 πόνων.

1972 2078 2168 2139 Τείνας
2192 2075 2251 2128 δὲ
2289 2075 2381 2127 τὸν
2415 2072 2538 2126 νοῦν
2568 2075 2662 2124 καὶ
2693 2072 3194 2141 συνεσκευασμένος

1943 2227 1956 2237 ᾗ
1976 2166 2432 2230 ἸΙκουσαι-καινά.
2474 2166 2590 2237 Πῦρ
2623 2165 2968 2236 μεσημϐρίας
2999 2165 3172 2236 μέσης

1922 2237 1952 2303 δ’
1974 2259 2189 2322 Καινῶς
2218 2240 2458 2326 ἀναφθὲν
2486 2259 2545 2310 ὲν
2573 2257 2712 2327 μέσῃ
2746 2259 2810 2326 τῇ
2847 2257 3092 2327 πατρίδι,

1973 2350 2188 2420 Μικράν
2228 2348 2444 2414 ἐλέγξαι
2478 2348 2570 2400 καὶ
2608 2346 2853 2416 Σοδόμων
2879 2346 2976 2416 τὴν
3003 2348 3182 2420 δίκην.

1975 2443 2049 2495 Οὐ
2077 2440 2184 2510 γὰρ
2214 2439 2457 2502 καλύϐας
2489 2438 2737 2509 ἀγροτῶν
2757 2439 2866 2492 οὐδ’
2899 2440 3162 2510 ἀγρδταεν

1975 2533 2050 2584 Οὐ
2083 2529 2271 2599 δένδρα
2297 2529 2391 2581 καὶ
2418 2527 2544 2598 χοῦν
2568 2529 2689 2581 οὐδὲ
2723 2529 2819 2581 καὶ
2844 2528 3037 2598 κώμας
3058 2530 3152 2582 δύο

1971 2622 2044 2672 Τὸ
2073 2621 2242 2673 δεινὸν
2271 2619 2587 2689 ὲξέτρωξεν,
2619 2619 2664 2670 ὣ
2702 2620 2872 2690 φρίκη
2901 2620 3088 2690 δίκηςί

1985 2711 2122 2764 Ἀλλ’
2156 2711 2353 2778 ἄνδρας
2377 2707 2437 2762 εὖ
2463 2710 2772 2778 τραφέντας
2799 2709 2858 2762 εὖ
2887 2712 3220 2780 πεφυκότας,

1972 2803 2192 2865 Πλῖδας,
2222 2802 2420 2870 βρέφη,
2451 2805 2737 2868 γυναῖκας,
2770 2802 3004 2872 ὡραίους
3029 2803 3200 2866 νέους,

1970 2895 2166 2956 υῖκους
2198 2892 2511 2962 μεγίστους,
2537 2893 2873 2960 παγκάλους,
2903 2894 3325 2965 πλουτοφόρους,

1969 2987 2246 3040 Κάλλιστα
2279 2985 2422 3037 ναῶν
2453 2987 2546 3037 καὶ
2579 2986 2812 3054 μέγιστα
2846 2987 3043 3056 χωρία,

1971 3077 2146 3146 Σκεύη
2172 3093 2228 3130 τε
2260 3077 2458 3147 χρυσᾶ,
2487 3077 2864 3146 χρυσόπαστον
2891 3076 3198 3149 πορφύραν,

1973 3170 2273 3239 Ἰτιλεκτρον
2301 3167 2488 3240 ἄρδην,
2523 3167 2686 3236 ὄγκον
2713 3169 3150 3238 ἀργυρωμάτων,

302 3358 364 3404 ut
408 3357 675 3413 mortuas,
699 3357 754 3403 et
783 3348 1006 3404 omnino
1032 3350 1342 3404 derelictas.
1380 3347 1646 3415 Agricola:
1684 3355 1868 3402 autem
1898 3351 1941 3409 C
1975 3355 2096 3402 tcns
2138 3345 2347 3416 lapides
2379 3347 2544 3401 etiam
2586 3347 2947 3403 incincrabat.
3000 3347 3210 3403 Caelum
3241 3357 3420 3404 autem
3464 3367 3540 3405 ως

304 3455 412 3508 pra:
464 3439 650 3492 dolore
703 3439 758 3493 in
823 3448 1022 3492 terram
1064 3440 1428 3506 aspicientes,
1481 3437 1650 3493 Periit
1719 3453 1866 3508 spes,

303 3528 487 3582 interit
511 3527 689 3581 omnis
730 3528 905 3592 labor,
956 3527 1276 3597 inquiebant
1307 3544 1321 3581 ι
1351 3527 1484 3581 nihil
1515 3543 1709 3582 manus
1749 3529 1866 3582 ista:

301 3621 586 3690 perfracta:
642 3620 1016 3684 obtinuerunt,
1051 3619 1234 3674 omnia
1281 3619 1478 3684 ﬂuunt,
1517 3620 1702 3674 omnia
1747 3635 1868 3674 ere-

302 3721 549 3776 mantur;
589 3709 844 3779 pulchras
871 3710 1089 3778 quidem
1125 3709 1286 3764 nobis
1308 3723 1433 3778 spes
1465 3709 1649 3771 dabat,
1710 3708 1866 3763 initia

299 3797 465 3862 dedit,
489 3796 582 3852 sed
606 3811 840 3852 messem
859 3797 979 3851 vide
1001 3796 1272 3851 ariditatis
1291 3795 1518 3867 ﬂagellis
1544 3809 1865 3853 resecatam.

298 3886 435 3956 Quis
476 3903 715 3959 praesens
757 3888 1064 3944 debitorum
1095 3903 1235 3945 onus
1267 3889 1479 3944 solvet?
1514 3889 1638 3959 quis
1667 3899 1721 3945 et
1757 3906 1868 3945 tuu-

302 3981 460 4038 lieres
486 3991 542 4037 et
566 3981 769 4036 liberos
796 3981 849 4035 in
879 3982 1120 4036 futurum
1147 3982 1373 4047 nutriet,
1404 3983 1604 4037 tributa
1622 3992 1676 4037 et
1710 3984 1867 4038 mini-

301 4074 467 4128 steria
498 4072 732 4128 Caesaris
786 4073 908 4127 ﬁliae
949 4073 1120 4138 dabit,
1166 4083 1220 4128 et
1258 4075 1408 4128 omni
1465 4075 1543 4130 rei
1596 4074 1870 4130 suﬂieiet?

301 4164 498 4218 Nullus
519 4171 624 4218 est.
656 4162 760 4219 Sed
789 4165 908 4220 bias
935 4181 963 4220 a
993 4167 1295 4236 preposito,
1333 4175 1502 4229 terra.
1529 4168 1714 4236 accipe
1742 4182 1867 4222 cum

304 4258 470 4346 Itisce'
491 4257 766 4311 messibus
807 4271 907 4313 nos
928 4272 1148 4327 quoque
1179 4257 1440 4314 volentes.
1477 4257 1595 4313 Non
1622 4259 1868 4315 sustine-

302 4348 484 4403 bimus
515 4347 747 4417 amplius
777 4346 917 4403 l'ame
943 4349 1212 4413 consumi,
1239 4349 1456 4406 brevem
1481 4351 1644 4420 cupio
1675 4352 1866 4406 linem.

302 4439 378 4495 ha
417 4439 788 4496 circumfusus
809 4440 958 4495 luctu
989 4451 1042 4496 et
1069 4441 1326 4509 lacrymis
1372 4442 1554 4496 locum
1595 4443 1864 4496 habebam

304 4532 626 4588 recordandi
691 4533 925 4595 labores,
971 4542 1027 4588 et
1081 4532 1216 4586 nihil
1262 4532 1566 4600 jucundum
1627 4543 1864 4588 mentem

1969 3448 2086 3494 erat
2136 3439 2398 3504 candens,
2448 3439 2704 3504 rutilans,
2771 3449 2832 3496 ut
2908 3439 3204 3495 fulmineas
3281 3441 3532 3498 ﬂammas

1973 3534 2193 3586 mittens
2232 3541 2509 3586 astrorum
2553 3533 2870 3588 innumeros
2908 3533 3101 3588 saltus.
3152 3532 3269 3586 Non
3305 3533 3539 3606 Scytha-

1970 3639 2090 3678 rum
2155 3623 2296 3693 ignis
2345 3623 2586 3678 incendit
2627 3624 3008 3687 occidentem,
3039 3624 3133 3680 sed
3193 3626 3316 3680 caeli
3372 3627 3535 3696 ignis,

1969 3713 2305 3782 providentia
2336 3720 2390 3767 et
2408 3712 2619 3781 justitia
2652 3721 2854 3766 terram
2890 3713 3222 3768 comburens
3250 3715 3536 3783 pollutam,

1968 3802 2110 3858 odiis
2129 3803 2369 3872 injustis,
2391 3802 2658 3871 raptibus,
2673 3802 2855 3870 furtis,
2874 3805 3534 3874 vanisjurihusjurandis,

1970 3895 2268 3962 illegitimis
2298 3894 2588 3965 conjugiis,
2614 3895 3140 3962 abominationibus,
3170 3906 3224 3952 et
3251 3897 3538 3954 fraudibus

1973 3986 2247 4042 dolorum.
2276 3985 2353 4040 Ita
2385 4001 2525 4056 a-gre
2551 3987 2734 4042 ferens
2765 3997 2818 4042 et
2849 3997 3001 4042 torve
3022 3988 3294 4058 aspiciens
3316 3989 3537 4058 quando

1968 4079 2034 4133 ad
2061 4078 2204 4132 diem
2236 4077 2378 4132 lunae
2407 4079 2730 4149 vigesimam
2769 4079 2986 4142 deveni,
3028 4075 3229 4143 reverti
3269 4080 3435 4133 statui
3467 4080 3537 4134 ad

1970 4172 2228 4240 patriam,
2295 4186 2437 4226 onus
2490 4170 2673 4227 ferens
2724 4171 3100 4227 calamitatum
3150 4181 3205 4227 et
3263 4173 3538 4226 laborum.

1969 4261 2264 4332 Postquam
2292 4273 2474 4316 autem
2523 4272 2756 4316 mentem
2782 4274 3076 4319 exsecutus
3127 4266 3268 4316 viam
3306 4263 3539 4324 conleci,

1971 4369 2109 4408 nova
2149 4353 2350 4408 audivi.
2411 4352 2554 4422 Ignis
2598 4353 2841 4408 meridici
2895 4354 3115 4409 insolito
3158 4370 3308 4409 more
3340 4356 3542 4411 ardens

1973 4445 2026 4498 in
2055 4444 2231 4497 media
2288 4443 2484 4513 patria,
2544 4458 2768 4513 parram
2826 4444 3140 4498 ostenderat
3174 4445 3538 4498 Sodomorum

1975 4533 2261 4587 ultionem.
2320 4531 2436 4586 Non
2500 4533 2646 4588 enim
2697 4534 3089 4602 campestrium
3139 4534 3376 4603 tuguria,
3428 4550 3537 4588 non

304 4641 480 4680 meant
515 4627 816 4681 recreabat.
843 4625 1059 4680 Florcm
1093 4640 1200 4680 non
1237 4624 1510 4687 videbam,
1545 4625 1639 4679 sed
1680 4625 1868 4694 spinas
1901 4623 1944 4700 _'
1973 4633 2308 4690 campestres
2343 4625 2512 4693 ipsos,
2565 4640 2672 4679 non
2725 4627 2976 4700 arbores,
3007 4640 3253 4688 arenam,
3289 4641 3396 4679 non
3425 4627 3536 4679 duo

301 4725 356 4772 ct
389 4717 644 4774 carduos.
689 4717 806 4772 Non
858 4718 1128 4773 musicum
1189 4716 1324 4772 mihi
1388 4717 1588 4772 cicada:
1640 4727 1864 4772 cantum
1901 4695 1943 4751 θ
1975 4719 2120 4771 vicos
2150 4732 2325 4771 sazvus
2368 4717 2509 4787 ignis
2548 4707 2928 4790 devoraverat,
2975 4732 3009 4771 o
3057 4716 3320 4772 terribilis
3361 4717 3534 4771 ultiol

302 4809 594 4874 sonabant,
639 4809 904 4878 garritum
973 4809 1228 4875 hirundo,
1284 4819 1504 4866 acutum
1571 4810 1862 4875 lusciniae;

301 4901 486 4957 omnia
515 4902 695 4957 luctus
723 4901 976 4956 habebat.
1005 4899 1122 4954 Non
1147 4912 1440 4973 argenteus
1487 4901 1708 4964 ﬂuebat,
1739 4903 1863 4954 I‘nn-

303 4992 1093 5064 pidus,lcvis,iucundissimus
1113 4993 1318 5048 rivulus
1336 4993 1592 5062 frigidum
1615 4993 1865 5062 prazbens

303 5086 556 5140 balneum
588 5095 640 5139 et
679 5095 890 5155 potum,
923 5101 1099 5154 neque
1126 5098 1293 5140 suave
1317 5086 1449 5140 mihi
1489 5100 1783 5140 susurrans
1809 5085 1862 5138 itt

301 5180 513 5233 dulcem
541 5193 793 5232 somnum
827 5178 1090 5232 invitabat
1120 5178 1490 5233 recubantem.
1516 5176 1631 5232 Non
1687 5176 1868 5230 mollis
1904 5161 1926 5220 ί

301 5280 357 5323 et
382 5269 624 5323 viridans
663 5268 827 5322 herba
869 5268 1047 5323 cubile
1089 5269 1361 5338 praebebat
1387 5281 1511 5338 apte
1539 5269 1864 5337 dispositum

305 5362 510 5427 absque
555 5360 760 5414 labore.
807 5359 988 5415 Terrae
1042 5361 1203 5416 decor
1243 5371 1387 5416 totus
1429 5370 1546 5415 erat
1600 5370 1860 5416 vastatus.

304 5447 460 5516 quasi
493 5449 705 5503 locusta
741 5448 1114 5504 devoravisset
1142 5450 1388 5514 herbam,
1431 5451 1688 5506 arborum
1719 5449 1868 5503 fron-

303 5539 420 5603 des,
470 5549 522 5594 ct
555 5537 747 5594 ﬂorum
812 5541 1287 5609 pulchritudinem.
1336 5541 1470 5596 Nam
1527 5541 1864 5596 meridianos

306 5627 385 5685 sol
411 5629 682 5686 violentos
713 5631 915 5694 radios,
949 5631 1108 5688 siccis
1134 5643 1186 5687 et
1221 5632 1386 5688 aridis
1411 5635 1619 5702 campis
1665 5634 1868 5688 inunit-

377 5807 421 5838 ⁸⁵
455 5808 669 5877 Aliquid
704 5809 786 5862 hic
820 5809 1042 5863 excidit.

1972 4811 2063 4865 sed
2106 4811 2252 4864 viros
2289 4810 2428 4864 bene
2457 4810 2718 4864 educatos
2762 4810 2901 4864 bene
2939 4819 3124 4873 natos,
3163 4825 3382 4878 pueros,
3417 4826 3541 4878 par-

1972 4903 2146 4966 vulos,
2187 4901 2462 4965 mulieres,
2505 4902 2755 4972 egregios
2809 4901 3059 4971 juvenes,
3113 4901 3308 4958 domos
3356 4903 3532 4956 niaxi-

1971 5010 2108 5054 mas,
2137 4994 2553 5062 pulcherrimas,
2584 4995 2904 5057 ditissimos,
2931 4994 3219 5063 magniﬁca
3243 4995 3444 5064 templa
3484 5003 3540 5049 et

1975 5088 2270 5140 immensas
2303 5085 2482 5146 sedes,
2522 5099 2688 5138 aurea
2719 5085 3098 5153 supellectilia,
3127 5095 3375 5140 auratam
3411 5100 3539 5153 pur-

1973 5192 2186 5247 puram.
2240 5178 2524 5236 electrum,
2566 5177 2765 5230 molcm
2805 5186 3211 5247 argenteorum,
3267 5177 3536 5246 mmgari-

1978 5277 2154 5321 tarum
2229 5266 2687 5336 pulchritudinem
2771 5267 3146 5332 destructam,
3228 5276 3534 5321 aromatum

1974 5358 2582 5414 inromnn'nsurabilcm
2645 5359 2857 5428 copiam
2903 5358 3248 5428 vestiumun
3297 5358 3532 5412 aliarum

1972 5463 2022 5508 et
2051 5453 2387 5516 divitiarum,
2425 5450 2703 5506 fructuum
2748 5452 3176 5506 itmnmerabiles
3222 5443 3530 5521 myriadum

1974 5545 2243 5598 tnvriades
2263 5585 2276 5606 ,
2305 5552 2358 5596 et
2393 5543 2596 5611 plumbi
2637 5545 2809 5596 maria
2857 5542 3160 5611 liquefacti,
3191 5551 3244 5595 ct
3271 5543 3540 5610 margari-

1975 5644 2150 5689 tarum
2189 5633 2418 5689 nitorem
2456 5642 2859 5689 concrematnm
2896 5651 2907 5686 :
2939 5633 3177 5688 nondum
3207 5632 3395 5685 omnia
3431 5629 3559 5684 dici
