4232 6434
747 399 852 463 963

752 514 795 582 β’
830 513 900 565 “ll
934 509 1028 565 καὶ
1058 505 1219 560 πόλον
1241 502 1450 556 τέθεικε
1482 496 1630 550 τόνδε
1659 495 1748 549 τὸν
1778 492 1963 564 δόμον.
2344 502 2390 557 Α

750 604 791 657 δ’
829 605 1031 673 Ἔργον
1057 601 1114 654 δε
1146 595 1324 668 χειρὸς
1349 591 1521 646 ταῦτα
1553 588 1629 659 μὴ
1668 585 2000 640 πιστευτέον.

816 696 984 745 Ἀλλα.

824 782 937 833 Οὐκ
963 778 1006 810 ⁶⁹
1037 775 1173 846 ἔργα
1212 770 1393 841 χειρὸς
1423 766 1616 832 ταῦτα,
1657 766 1731 837 μή
1768 780 1845 825 τις
1872 760 2081 813 ὲλπίσοι

770 873 907 927 ’Λλλ’
935 867 1167 941 οὐρανοῦ
1190 866 1405 919 κάτεισι
1443 860 1679 931 Χριστὸς
1711 859 1806 911 σὺν
1841 854 2016 924 φίλοις

756 961 1071 1029 Νικηφόρου
1095 954 1308 1010 νικῶσα
1329 953 1456 1005 νοῦν
1481 969 1538 1004 τε
1568 949 1661 1004 καὶ⁵
1697 947 1875 1014 λόγον.

759 1055 926 1123 Πῦχει
958 1054 1053 1123 μὲν
1079 1054 1301 1120 ἄστροις
1340 1047 1436 1101 καὶ
1473 1042 1677 1114 φαεινῷ
1709 1040 1981 1110 φωσφόρῳ

763 1147 950 1208 Πόλος,
973 1144 1041 1196 τὰ
1075 1142 1264 1212 πρῶτα
1295 1138 1404 1190 τῶν
1431 1135 1613 1188 καλῶν
1644 1133 1799 1201 φέρει
1823 1131 1962 1199 γέρα
1990 1146 2003 1159 ⁸

773 1237 912 1291 Ἀλλ’
935 1238 992 1287 ὲν
1022 1233 1169 1300 δόμῳ
1200 1228 1294 1282 νῦν
1315 1226 1392 1289 ὡς
1424 1226 1524 1297 μὲν
1546 1222 1706 1277 ἄλλον
1737 1219 2023 1291 φωσφόρον

762 1330 865 1381 Τὸν
902 1325 1131 1395 Χριστὸν
1159 1321 1348 1382 αὑτὸν,
1382 1318 1507 1380 τοὺς
1541 1316 1585 1367 δ’
1622 1313 1931 1382 ὑπουργοὺς
1955 1310 2049 1362 καὶ⁵
2077 1308 2263 1377 φίλους

764 1418 1111 1478 κυκλοῦντας
1146 1413 1328 1473 αὑτὸν,
1364 1410 1539 1479 ἄστρα
1569 1404 1826 1473 πάγκαλα
1856 1401 2088 1471 βλέπων,

763 1509 934 1571 Αὐτὸς
963 1506 1085 1559 καθ’
1110 1502 1275 1557 αὑτοῦ
1309 1500 1538 1567 δεύτερα
1568 1494 1887 1566 ψηφίζεται.

835 1600 1005 1654 Πόλου
1040 1598 1137 1666 μὲν
1163 1594 1347 1664 αἰθὴρ,
1372 1592 1569 1660 ἄστρα,
1604 1590 1772 1657 μήνη,
1800 1584 2087 1655 φωσφόρος
2113 1598 2129 1614 ο

766 1692 942 1760 Δόμου
976 1690 1054 1753 δὲ,
1087 1686 1299 1757 Σωτὴρ,
1323 1683 1565 1751 ἄγγελοι.
1596 1681 1819 1749 Μήτηρ,
1854 1677 2019 1746 φίλοι.

766 1785 863 1846 Τίς
898 1782 1077 1849 ἰσότης
1108 1777 1240 1845 πρὸς
1262 1776 1472 1837 ταῦτας
1505 1772 1633 1826 ποία
1664 1770 1953 1840 σύγκρισις
1979 1783 1994 1831 ;

769 1875 880 1944 Τὴν
909 1869 1078 1943 ἧτταν
1111 1862 1289 1937 εὗρες,
1323 1863 1542 1936 οὑρανὲ,
1579 1862 1715 1931 πλὴν
1755 1857 2071 1930 προσκύνει.

840 1965 909 2017 Ἦ
940 1960 1032 2016 τοῦ
1064 1959 1225 2012 πόλου
1256 1957 1465 2011 κάτεισι
1493 1952 1723 2022 Χριστὸς
1759 1952 1838 2012 είς
1866 1948 2054 2018 δόμον,

770 2058 839 2110 Ἥ
869 2056 964 2110 καὶ
987 2053 1147 2106 πόλον
1168 2049 1378 2103 τέθεικε
1418 2046 1566 2101 τόνδε
1601 2044 1692 2097 τὸν
1729 2042 1913 2112 δόμον.

774 2151 976 2215 Ἄμφω
1000 2145 1055 2197 δὲ
1087 2141 1285 2212 μᾶλλον
1310 2157 1324 2172 ο
1350 2140 1446 2193 καὶ
1479 2136 1714 2206 κατῆλθε
1747 2135 1844 2187 σὺν
1874 2132 2070 2202 φίλοις,

772 2240 882 2291 Καὶ
919 2236 1011 2290 τὸν
1032 2234 1192 2303 δόμον
1216 2230 1459 2284 τέθεικεν
1489 2227 1716 2299 οὐρανὸν
1747 2226 1885 2279 νέον.

774 2331 1011 2392 nemo;
1037 2323 1103 2398 ἦν
1136 2326 1269 2395 ἔρις,
1305 2321 1533 2392 οὐρανὸς
1566 2320 1826 2388 ἄστρασιν
1857 2316 2020 2388 ηῦχεε
2046 2315 2223 2384 νικᾷνσ

846 2424 1016 2493 Αἰθὴρ
1043 2414 1515 2491 ἁστρὰπτῶνιῇτεε
1546 2414 1681 2484 πρὸς
1704 2412 1770 2466 τὰ
1796 2413 1955 2482 γέρα.

789 2516 875 2579 Ὠς
901 2515 955 2566 δὲ
978 2513 1139 2581 δόμος
1159 2496 1557 2581 προὺὁάλλεται
1581 2504 1914 2574 Δεσποτικὴν
1934 2502 2094 2573 μόνον
2125 2498 2341 2569 αἴγλην,

851 2603 1079 2657 Ἔσὸετο
1106 2597 1192 2654 οἷα
1228 2598 1417 2667 λύχνος
1448 2596 1650 2650 κάλλεα
1676 2595 1923 2665 οὐράνια.

784 2701 992 2766 ’Ἄστρα
1033 2694 1133 2764 μὲν
1153 2691 1450 2760 αἰγλήεντα
1476 2690 1569 2743 καὶ
1597 2688 1834 2756 ἀστέρας
1869 2686 1959 2755 ἠδὲ
1993 2684 2245 2757 σελήνην,

851 2786 1079 2856 Οὐρανὲ,
1113 2785 1207 2836 καὶ
1243 2784 1307 2835 σὺ
1339 2782 1545 2853 φέρεις,
1572 2774 1710 2842 οἶδα,
1745 2777 2089 2846 φαεινότατε.

795 2876 931 2932 Ἀλλ’
965 2877 1051 2928 ὅτε
1080 2873 1229 2927 τόνδε
1269 2873 1450 2943 χορὸν,
1476 2869 1571 2923 καὶ
1590 2867 1798 2939 χρυσῆν
1824 2866 2009 2933 ἄντυγ’
2036 2864 2281 2935 ἀθρήσω,

853 2965 1062 3037 Μικρὰ,
1089 2963 1251 3032 λέγω,
1276 2962 1509 3032 φαίνεις,
1541 2960 1635 3014 καὶ
1658 2958 1721 3011 σὺ
1754 2959 1848 3011 καὶ
1877 2956 2073 3027 ἠέλιος.

2011 375 2330 439 JOAN’XIS
2365 369 2794 434 GEOMETIHE

3892 354 4001 418 εστ

2780 484 2926 552 ρμα⁹.
2958 480 3058 543 Εἰς
3090 476 3293 529 εἰκόνα
3321 469 3531 541 ἀκριϐῆ
3572 468 3638 521 ⁷⁸.

2428 596 2673 668 Οὐρανοῦ
2696 589 3068 662 ὲγκατέπαλτο
3088 587 3183 639 καὶ
3214 586 3446 656 ἔμπνοον
3472 579 3627 633 ἔθετο
3650 576 3783 630 εἰκὼ

2498 686 2730 757 Χριστὸς
2759 685 2852 753 ἑὴν
2888 680 3095 740 ἐνθάδε,
3123 674 3393 745 Μητέρος,
3424 673 3500 734 ὡς
3524 671 3580 723 δὲ
3612 670 3779 737 φίλων
3808 683 3821 697 ·

2435 784 2530 845 Ὃς
2555 781 2610 833 δὲ
2638 778 2795 849 χορὸς
2821 771 3005 840 νοερδς
3034 767 3358 841 περισταδὸν
3396 763 3617 819 ἄλλοθεν
3645 761 3824 825 ἄλλος,

2501 876 2639 943 Χεὶρ
2666 872 2863 943 βροτέη
2897 864 3109 938 μεγάλα
3138 863 3378 933 ψεύσατο
3406 857 3592 912 τούσδε
3617 856 3842 916 τύπους.

2436 969 2534 1031 Ὃς
2563 964 2726 1019 πόλον
2757 961 3088 1028 ἐξετάνυσσα
3112 956 3205 1009 καὶ
3230 951 3532 1022 ἀνδρομέην
3557 949 3735 1002 πλάσα
3768 944 4003 1015 μορφὴν,

2503 1060 2595 1120 Εἰς
2620 1056 2785 1124 δόμον
2818 1050 3144 1121 ἀνδρομέαις
3174 1047 3414 1115 χείρεσιν
3452 1040 3821 1110 ὲγγράφομαι.

2434 1149 2616 1205 Ταῦτα
2635 1148 2679 1201 δ’
2693 1147 2828 1217 ὁμοῦ
2845 1143 3097 1207 τελέθων,
3110 1139 3240 1201 Θεὸς
3258 1136 3545 1209 ἄμϐροτος,
3566 1133 3772 1184 ῦστατα
3789 1127 4004 1198 θνητὶς,

2511 1243 2738 1297 Πλάττω
2769 1235 3072 1309 βουληθεὶς,
3105 1232 3409 1300 πλάττομαι
3432 1227 3507 1289 ὡς
3535 1224 3722 1280 ἐθέλω.

2440 1339 2539 1400 ..ος
2569 1334 2744 1404 δίφρῳ
2770 1328 3022 1400 πυρόεντι
3056 1325 3328 1395 ἐφέψομαι
3358 1322 3426 1385 ιιι⁹
3454 1320 3512 1382 ὃς
3543 1317 3659 1389 φῶς
3690 1315 3849 1377 οἰκῶ,

2508 1425 2601 1487 Εἰς
2634 1423 2798 1491 δόμον
2832 1420 2994 1488 έστην
3024 1416 3168 1487 χειρὶ
3196 1412 3616 1485 χαραττόμενος.

2435 1512 2657 1585 Θάμόεε
2685 1510 2758 1581 μή
2792 1526 2897 1575 τις,
2925 1510 2983 1561 ὲν
3012 1503 3367 1572 ἀγκαλίδεσσι
3395 1500 3621 1568 τιθήνης

2512 1604 2623 1662 Καὶ
2650 1602 2712 1656 τὸ
2741 1600 2872 1672 πρὶν
2898 1599 3169 1669 φερόμαν,
3208 1594 3452 1665 γαστέρα
3481 1592 3525 1646 δ’
3556 1587 3702 1645 οἷκον
3741 1590 3837 1661 ἔχη
3867 1591 3940 1646 τ’,

2916 1703 3061 1775 ρμβ’.
3091 1704 3190 1768 Είς
3225 1701 3330 1790 τόν
3355 1700 3522 1766 βίον.

2368 1837 2411 1895 Β
2439 1818 2551 1890 Τὴν
2585 1814 2787 1888 ἀρετὴν
2814 1811 2944 1884 χθὲς
2970 1807 3110 1864 εἶδον
3145 1811 3203 1863 ὲν
3239 1809 3381 1879 μέση
3411 1806 3587 1870 πόλει,

2442 1908 2916 1982 Μελαμφοροῦσαν
2944 1908 3039 1962 καὶ
3069 1902 3370 1973 κατηφείας
3397 1900 3527 1969 ὅλην
3548 1913 3563 1928 °

2443 2006 2508 2060 Τί
2534 2005 2600 2067 δ’,
2626 2003 2861 2074 ἠρόμην,
2889 1996 3160 2060 πέπονθας
3185 2013 3200 2062 ;
3240 1994 3307 2047 Ἢ
3336 1992 3393 2045 δέ
3417 2009 3431 2021 ·
3464 1989 3578 2044 Νῦν
3609 1989 3800 2058 ἔγνως,

2444 2098 2652 2168 Τόλμα,
2693 2095 2974 2165 φρόνησις,
3005 2089 3227 2159 γνῶσις,
3255 2087 3312 2139 ἐν
3345 2087 3462 2149 ταῖς
3488 2082 3734 2152 γωνίαις,

2450 2192 2678 2260 ’Λγνοια
2700 2188 2745 2242 δ’
2771 2186 2928 2258 ἄρχει
2969 2183 3061 2236 καὶ
3094 2181 3231 2252 μέθη
3258 2179 3350 2232 καὶ
3374 2175 3565 2231 δειλία.

3049 2297 3195 2365 ρμγκ
3232 2288 3417 2360 Εὐχήο

2453 2409 2641 2475 Ἀναξ,
2682 2408 2916 2470 ἄνασσα,
2946 2403 3213 2466 δεσπότας
3245 2400 3410 2468 ἐμοὺς
3442 2397 3604 2464 λέγω,

2450 2501 2516 2556 Τί
2546 2501 2705 2572 μέχρι
2739 2495 2936 2551 πολλοῦ
2972 2494 3155 2548 δοῦλον
3195 2489 3559 2561 ἠμελημένον,

2461 2591 2789 2665 Ἐριμμένον
2815 2607 2881 2661 με
2912 2586 3212 2647 παντελῶς,
3247 2582 3576 2651 παρειμένον

2449 2683 2641 2747 Φίλων,
2669 2680 2931 2750 ἀδελφῶν,
2965 2677 3263 2746 συγγενῶν,
3300 2673 3436 2743 βίου,
3467 2672 3650 2738 λόγου,

2453 2773 2599 2837 Ἔξω
2641 2773 2739 2844 μὲν
2777 2772 2980 2841 κόσμου
3019 2766 3220 2829 παντὸς
3245 2765 3395 2825 ὄντα,
3420 2762 3559 2833 πλὴν
3589 2764 3785 2833 φθόνον

2450 2861 2629 2915 Μόνου
2655 2859 3128 2929 κατεντρυφῶντα,
3152 2855 3246 2907 καὶ
3265 2852 3477 2921 γέλωτά
3510 2869 3577 2920 με

2456 2951 2824 3023 Προκείμενον
2858 2949 3166 3020 βλέποντες,
3197 2946 3277 3008 εἰς
3300 2945 3456 3014 ὓϐριν
3488 2944 3647 3014 μόνον

787 3169 991 3222 hancce
1032 3162 1223 3226 aedem,
1262 3174 1398 3231 opus
1447 3171 1568 3214 esse
1616 3169 1811 3211 manus
1867 3167 1977 3208 non
2024 3150 2353 3208 credendum
2379 3150 2425 3213 C
2458 3146 2820 3216 contemplor,
2864 3159 3055 3215 parum
3102 3141 3378 3213 splendes,
3410 3140 3554 3205 dico,
3589 3147 3670 3205 tu,
3703 3153 3813 3195 non
3846 3139 4026 3195 minus

784 3268 889 3315 est.

857 3346 975 3401 Non
1018 3359 1180 3415 opera
1211 3358 1407 3399 manus
1432 3350 1561 3397 sunt
1606 3340 1729 3403 ista,
1757 3350 1824 3391 ne
1849 3334 1975 3406 quis
2015 3332 2304 3389 crediderit
2338 3347 2351 3383 :

787 3437 881 3491 sed
928 3451 958 3489 e
989 3434 1126 3489 cmlo
1160 3430 1413 3486 Christus
1441 3424 1719 3482 descendit
1742 3438 1865 3478 cum
1906 3421 2097 3475 amicis
2124 3420 2179 3473 in
2210 3419 2355 3473 a‘des

790 3528 1070 3582 vincentes
1095 3522 1385 3591 Nicephori
1420 3526 1654 3573 mentem
1678 3524 1731 3569 et
1753 3528 2077 3570 sermonem.
2100 3512 2358 3582 Splendet

789 3612 1007 3683 quidem
1041 3610 1203 3663 astris
1237 3616 1292 3660 et
1323 3604 1620 3673 conspicuo
1665 3603 1777 3657 sole
1828 3601 2053 3663 cmlum,
2085 3599 2355 3670 primum-

791 3719 896 3774 que
930 3700 1395 3772 pulchritudinum
1451 3697 1634 3751 locum
1685 3702 1849 3748 tenet.
1900 3691 2005 3747 Sed
2050 3693 2103 3746 in
2152 3690 2359 3746 aedibus

792 3799 915 3853 istis
973 3797 1119 3849 velut
1157 3792 1321 3847 alium
1385 3790 1578 3853 solem,
1632 3785 1910 3839 Christum
1965 3784 2165 3854 ipsum,
2229 3797 2361 3837 suos

793 3891 1175 3950 cooperatores
1199 3892 1251 3935 et
1278 3877 1485 3933 amicos
1512 3874 1918 3929 circumdantes
1940 3887 2086 3937 cum,
2112 3880 2173 3926 ut
2212 3880 2357 3925 astra

796 3971 1135 4044 splendentia
1167 3982 1419 4032 cernens,
1445 3963 1624 4035 ipsum
1647 3972 1837 4019 contra
1868 3976 1927 4019 se
1952 3959 2250 4018 secundum
2283 3958 2362 4015 Io-

793 4080 917 4120 cum
949 4063 1217 4119 decernit.

864 4168 997 4225 Caeli
1031 4166 1248 4237 quidem
1279 4167 1469 4229 :rther,
1503 4173 1676 4230 astra,
1708 4163 1858 4224 luna,
1890 4159 2007 4226 sol;
2043 4160 2240 4215 mdium
2265 4175 2364 4213 au-

798 4270 928 4325 tem,
958 4258 1225 4322 Salvator,
1265 4258 1466 4326 angeli,
1502 4254 1695 4319 Mater,
1744 4251 1927 4307 amici.
1976 4250 2106 4317 Quae
2156 4253 2362 4320 paritas

798 4351 867 4406 ad
902 4352 1046 4405 ista?
1071 4365 1195 4421 quae
1223 4346 1601 4419 comparatio?
1628 4344 1840 4400 Victum
1866 4358 1948 4409 es,
1972 4342 2192 4408 caelum,
2221 4352 2365 4397 atta-

798 4458 920 4499 men
945 4445 1132 4497 adora.

2455 3256 2619 3311 quam
2650 3240 2752 3295 sol.

2904 3329 3025 3383 Ml.
3058 3327 3123 3382 In
3150 3328 3362 3398 efﬁgiem
3390 3340 3585 3380 verum.

2531 3441 2573 3496 E
2599 3442 2737 3497 cmlo
2792 3439 3090 3504 descendit,
3123 3446 3177 3492 et
3213 3437 3480 3491 viventem
3528 3432 3708 3504 posuit
3752 3432 3843 3486 hic
3871 3432 4030 3487 Chri-

2462 3542 2582 3587 stus
2630 3548 2784 3586 suam
2831 3529 3080 3601 eﬂigiem,
3129 3528 3339 3592 Matris,
3375 3535 3436 3582 ut
3468 3534 3521 3581 et
3559 3526 3905 3589 amicorum;
3938 3524 4029 3594 qui

2461 3632 2641 3678 autem
2669 3633 2842 3679 cattus
2871 3622 3161 3692 spirituum
3184 3621 3320 3676 alter
3340 3617 3797 3675 circumfunditur
3814 3618 4033 3693 aliunde

2462 3716 2707 3780 veniens,
2741 3730 2939 3769 manus
2990 3712 3236 3768 mortalis
3294 3710 3523 3765 multum
3562 3709 3773 3764 imitata
3819 3717 3907 3763 est
3936 3706 4033 3760 has

2463 3805 2684 3877 ﬁguras.

2532 3898 2636 3965 Qui
2663 3898 2860 3955 malum
2883 3896 3100 3954 extendi
3125 3905 3179 3952 et
3206 3896 3502 3951 humanam
3539 3892 3666 3947 finxi
3696 3891 3953 3955 formam,
3981 3890 4033 3944 in

2462 3990 2671 4046 aedibus
2704 3990 2960 4045 humanis
2989 3987 3243 4044 manibus
3277 3992 3657 4056 repraesentem
3700 3982 3827 4037 Hac
3853 3993 4033 4036 autem

2465 4082 2632 4138 simul
2662 4098 2787 4138 cum
2820 4082 2951 4148 sint,
2989 4081 3133 4137 Dens
3160 4079 3506 4142 immortalis,
3542 4084 3729 4147 postea
3762 4076 4036 4142 mortalis,

2465 4177 2610 4245 fingo
2642 4184 2700 4228 ut
2727 4175 2896 4238 volui,
2927 4175 3103 4242 lingor
3134 4183 3192 4229 ut
3212 4172 3351 4227 volo.

2536 4267 2640 4334 Qui
2682 4268 2873 4323 currui
2917 4268 3087 4337 ignito
3115 4263 3348 4331 insideo,
3375 4263 3470 4335 qui
3506 4264 3685 4320 lucem
3731 4263 3947 4327 habito,
3983 4262 4038 4316 in

2464 4360 2674 4414 aedibus
2700 4359 2825 4415 steti
2855 4374 3020 4414 manu
3046 4357 3427 4414 adumbratos.
3458 4355 3537 4412 Ne
3562 4357 3690 4426 quis
3717 4363 3961 4426 stupeat,
3984 4355 4039 4409 in

2467 4451 2615 4506 ulnis
2656 4450 2890 4507 nutricis
2946 4459 3105 4506 antea
3164 4449 3400 4517 ferebar,
3433 4457 3489 4505 et
3521 4456 3760 4505 ventrem
3811 4447 4039 4504 domum

869 4552 965 4607 Vel
1003 4550 1253 4606 Christus
1284 4563 1315 4604 e
1337 4548 1476 4604 uelo
1502 4549 1556 4603 in
1588 4548 1730 4603 hanc
1757 4546 1929 4603 adem
1953 4545 2255 4609 descendit,
2279 4544 2363 4601 vel
2392 4519 2439 4576 θ
2472 4542 2759 4599 habebam.

800 4643 1004 4699 caelum
1034 4642 1208 4711 ipsmn
1242 4641 1383 4697 hanc
1406 4640 1574 4694 aedem
1601 4638 1805 4709 posuit.
1831 4634 2134 4706 Utrumque
2156 4637 2363 4706 potius:

795 4748 852 4791 et
891 4732 1171 4789 tlesrettdil
1212 4747 1337 4785 eum
1392 4730 1605 4795 amicis,
1638 4738 1694 4784 et
1738 4727 1908 4783 adem
1943 4728 2125 4798 posuit
2166 4728 2366 4784 caelum

800 4840 998 4881 DOVUIII
1011 4862 1025 4877 .

875 4932 1307 4992 Pulchritudinis
1344 4940 1463 4987 erat
1492 4941 1791 4996 certamen,
1819 4929 2019 4984 cmlum
2042 4944 2166 4983 cum
2204 4928 2367 4983 astris

803 5028 1017 5080 vincere
1051 5023 1281 5085 volebat,
1332 5023 1501 5075 aether
1534 5021 1819 5090 fulgurans
1868 5019 2230 5090 principatum
2273 5034 2362 5072 ro-

802 5114 984 5180 gabut.
1032 5107 1135 5164 Ubi
1168 5121 1345 5162 autem
1401 5108 1544 5162 ardes
1598 5108 1849 5177 opposuit
1889 5116 2098 5162 tantum
2152 5106 2361 5161 Domini

802 5203 1167 5271 splendorem,
1203 5199 1484 5252 exstinctae
1536 5207 1685 5261 sunt,
1731 5206 1789 5251 ut
1818 5197 2073 5271 lucernae,
2117 5195 2363 5253 ca‘lestes

806 5269 1263 5364 puleln'ltudiues.
1924 5269 1927 5274 Ι

877 5387 1037 5439 Astra
1082 5384 1299 5451 quidem
1331 5379 1696 5451 splendentia,
1725 5388 1780 5434 et
1827 5380 2038 5446 stellas,
2078 5390 2130 5436 et
2158 5380 2366 5446 lunam,

804 5478 1020 5540 cwlum,
1059 5486 1112 5530 tu
1149 5475 1383 5536 obtines,
1413 5474 1550 5537 scio,
1572 5472 1945 5544 conspicuum.

882 5568 987 5620 Sed
1045 5581 1172 5619 eum
1236 5564 1376 5618 hunc
1421 5565 1676 5626 chorum,
1716 5573 1770 5619 et
1830 5578 2055 5618 aureum
2104 5563 2370 5620 circulum

3033 4634 3159 4691 ΗΞ.
3192 4632 3257 4688 In
3289 4634 3473 4690 vitam.

2545 4726 2808 4783 Virtutem
2831 4726 2946 4783 heri
2971 4726 3080 4782 vidi
3116 4727 3173 4782 in
3203 4726 3340 4783 urbe
3388 4724 3565 4781 media
3591 4723 3944 4781 obseuratam
3989 4734 4043 4779 et

2474 4813 2627 4871 luctu
2655 4816 2891 4886 plenam.
2920 4814 3062 4882 Quid
3086 4823 3290 4880 autem,
3325 4814 3533 4884 rogavi,
3555 4823 3780 4885 experta
3812 4815 3917 4870 es?
3945 4814 4041 4867 llla

2476 4923 2642 4965 vero:
2668 4906 2827 4963 Nunc
2855 4908 3019 4972 nosti,
3049 4906 3333 4973 fortitudo,
3358 4906 3669 4976 prudentia,
3699 4906 3956 4968 scientia,
3986 4906 4038 4959 in

2471 4999 2687 5071 angulis
2724 4998 2932 5065 latent;
2974 5006 3165 5068 regnat
3209 5007 3392 5053 autem
3440 4996 3772 5068 ignorantia,
3804 4996 4042 5051 ebrietas

2469 5103 2525 5148 et
2558 5089 2831 5145 vecordia.

3071 5181 3192 5237 H3.
3234 5180 3441 5235 Oratio.

2542 5292 2680 5358 Rex,
2709 5291 2916 5361 regina,
2946 5290 3197 5343 dominos
3218 5301 3371 5342 meos
3398 5287 3542 5352 dico,
3563 5285 3694 5357 quid
3731 5293 3884 5339 tanto
3906 5298 4040 5340 tem-

2476 5401 2607 5457 pore
2664 5399 2881 5439 servum
2934 5382 3261 5453 neglectum,
3293 5379 3605 5435 lacessitum
3652 5394 3739 5433 me
3776 5378 4037 5451 undique,

2480 5477 2753 5546 privatum
2792 5473 3008 5539 amicis,
3055 5472 3324 5543 patrihus,
3371 5470 3707 5541 parentibus,
3743 5485 4037 5526 conversa—

2484 5566 2651 5629 tione,
2685 5578 2960 5629 sermone,
3002 5562 3071 5617 ab
3103 5561 3251 5618 omni
3284 5560 3488 5614 mundo
3517 5559 3784 5622 exsulem,
3816 5560 3912 5613 sed
3956 5570 4035 5616 ta-

838 5764 883 5796 "
917 5764 1027 5819 Sic.
1063 5761 1180 5833 Ipse
1212 5771 1367 5833 poeta
1401 5763 1610 5817 videtur
1640 5761 1739 5817 hos
1768 5777 1957 5817 versus
1984 5763 2323 5820 immutasse.
2401 5762 2447 5795 ”
2472 5763 2504 5817 ὰ

2239 5778 2323 5820 ηδε.
2401 5762 2447 5795 ⁷³
2472 5761 2704 5832 ἁκριϐἧς
2736 5761 2860 5817 cod.
2937 5763 2981 5793 "
3017 5760 3143 5831 Leg.
3169 5760 3456 5831 ὲφέζομαι.
3531 5760 3577 5793 ⁷³
3768 5760 3910 5830 ἔχον.
