4232 6434
759 371 860 434 975

833 479 1115 551 Κρέσσονα
1146 476 1353 550 μητρὸς
1385 476 1533 548 ἔχειν
1564 475 1812 549 μητρυὰν
1846 476 2142 547 ἑλπομένη.

753 569 976 625 κτείνει
1001 571 1046 624 δ’
1079 570 1374 641 ἰχθυϐόλος,
1406 568 1508 639 φεύ
1534 570 1783 639 αἴσχεοςε
1816 568 1938 621 οὐδὲ
1968 568 2228 640 κυνηγὸς,

830 665 965 717 Οὐδὲ
995 663 1201 735 δρομὰς
1242 677 1308 732 με
1337 659 1505 726 κύων,
1544 660 1680 714 ἀλλὰ
1701 660 1843 715 λίνον
1864 661 2107 731 κατέχει.

748 758 879 811 Οὐδ’
908 758 1110 819 ἀδίκως
1145 755 1360 809 ἐδίκασε
1392 754 1537 823 δίκη.
1574 753 1640 807 Τί
1672 754 1780 824 γάρ
1823 753 2037 807 ἕλλιπον
2067 748 2194 808 αῐαν

825 851 938 920 Τὴν
972 848 1177 918 φιλίην,
1214 847 1427 919 μούνων
1454 847 1617 899 ἕνεκα
1645 846 1993 919 θηροφόνωνς

1039 948 1181 1011 ρνς’.
1221 939 1325 1008 Είς
1356 940 1424 994 τὸ
1450 940 1599 1009 πρὸς
1625 940 1739 1009 τὴν
1761 940 2050 1008 όρμωτόν.

825 1034 937 1104 Τῆς
974 1030 1228 1104 δρμωτοῦ
1249 1031 1310 1085 τὸ
1342 1031 1539 1093 κάλλος
1567 1029 1942 1099 ἐξησκημένος

764 1124 1007 1195 Χρυσοῦς
1033 1139 1115 1186 τις
1149 1121 1320 1193 ὅρμος
1345 1120 1537 1191 ὥσπερ
1566 1120 1794 1198 αύγάζει
1830 1119 2015 1188 χθόνα.

1171 1210 1300 1282 ρνξ.
1328 1213 1370 1262 Ε
1378 1214 1429 1277 Ic
1460 1214 1568 1263 τὸν
1600 1211 1918 1277 Θευλόγον.

766 1305 830 1360 Ἦ
872 1304 1073 1375 γνῶσις
1100 1305 1288 1369 ὄντων,
1332 1303 1629 1374 Γρηγόριος
1658 1298 1752 1353 νῦν
1781 1299 2018 1370 βλέπων.

1476 1401 1610 1465 ρνη’·

829 1494 889 1543 Οἱ
923 1491 1021 1560 μὲν
1051 1489 1220 1541 πάλαι
1252 1486 1472 1540 θύουσιν
1501 1487 1669 1555 ἄρνας
1703 1487 1796 1538 καὶ
1828 1484 1979 1556 βόας,

769 1584 913 1651 Ἐγὼ
942 1583 997 1635 δὲ
1026 1580 1245 1652 Χριστῶ
1274 1580 1351 1649 τῷ
1390 1578 1547 1647 Λόγῳ
1578 1577 1726 1630 θύσω
1755 1576 1913 1645 λόγον
1938 1593 1954 1608 ο

760 1676 848 1745 Τῷ
872 1676 945 1746 νῷ
976 1692 1032 1726 τε
1064 1675 1155 1725 τὸν
1190 1673 1335 1735 νοῦν,
1363 1670 1579 1738 πνεῦμα
1608 1668 1897 1736 πνεύματι,
1931 1668 2078 1739 τρία.

1082 1763 1209 1833 ρνθ¹.
1237 1766 1339 1827 Είς
1376 1761 1517 1824 τοὺς
1550 1758 2009 1823 διαϐάλλοντας.

765 1861 975 1928 Πέρσης
1017 1859 1044 1909 ό
1072 1856 1274 1926 Κῦρος,
1308 1853 1572 1907 Μακεδὼν
1614 1850 1982 1921 Ἀλέξανδρος,

763 1952 951 2005 Αύσων
984 1949 1012 2001 ὁ
1050 1949 1286 2017 Καῖσαρ.
1316 1944 1453 2000 ἀλλὰ
1479 1944 1585 1996 τῶν
1619 1942 1798 2007 σοφῶν
1840 1941 2007 2008 φίλοι,

761 2044 919 2111 Σοφοὶ
949 2041 1005 2095 δὲ
1044 2039 1243 2110 μᾶλλον
1281 2036 1507 2108 ἔμπλεοι
1540 2032 1949 2102 παιδευμάτων.

761 2135 804 2186 Ν
812 2133 873 2186 ὗν
903 2132 976 2185 δυ’

759 2228 870 2298 Τὴν
897 2225 1098 2296 γνῶσιν
1129 2222 1440 2293 ἐγκαλοῦσι,
1467 2218 1568 2290 φεῦ
1609 2220 1814 2291 πικρᾶς
1842 2219 2012 2290 τύχης
2036 2219 2051 2273 l

1506 2312 1603 2381 ρξό

837 2416 1037 2467 Ἀκουῖ
1074 2409 1266 2471 ταῦτα,
1298 2409 1389 2476 γῆ,
1420 2408 1688 2471 θάλασσα,
1719 2406 1815 2458 καὶ
1844 2405 2027 2468 πόλος,

764 2507 947 2575 Ψυχαὶ
980 2504 1159 2573 σοφῶν
1181 2520 1239 2554 τε
1274 2504 1367 2553 καὶ
1392 2500 1715 2571 στρατηγῶν
1739 2500 1849 2551 τῶν
1888 2497 2086 2550 πάλαιο

773 2597 1085 2665 οισοκρὰτης
1122 2592 1288 2663 ὥρισε
1324 2591 1515 2660 ῥώμην
1548 2592 1640 2643 καὶ
1671 2591 1876 2660 φρένας
1901 2603 1916 2619 .

762 2687 1093 2756 Θουκυδίδης
1114 2685 1301 2755 ἔμιξεν
1327 2683 1466 2735 ὅπλα
1493 2684 1588 2736 καὶ
1612 2682 1804 2751 λόγους
1830 2698 1846 2714 ⁶

756 2781 982 2851 λ’νήτωρ
1013 2778 1315 2850 στρατηγὸς
1348 2777 1441 2829 καὶ
1464 2776 1733 2846 Περικλῆς
1761 2776 1856 2829 καὶ
1891 2774 2101 2843 Κίμων,

773 2871 1119 2938 Ἀλκιόιάδης
1149 2870 1240 2921 καὶ
1270 2867 1642 2938 Θεμιστοκλῆς
1669 2867 1843 2936 μέγας
1869 2882 1884 2896 ο

765 2968 968 3035 Ἄμφω
997 2964 1190 3016 τέλειοι
1213 2962 1279 3024 ⁸³,
1312 2960 1538 3013 Φωκίων
1571 2961 1774 3030 κρηπὶς
1798 2959 1986 3027 λόγων.

764 3057 1026 3128 Ἕλληνες
1054 3056 1201 3110 ἄλλοι
1237 3054 1423 3125 μυρίοι
1453 3051 1644 3124 ῥώμης
1678 3052 1901 3120 πρόμοι.

764 3153 975 3221 Ἐφησε
1004 3148 1231 3219 πρώτην
1251 3146 1517 3217 τακτικὴν
1545 3144 1882 3215 μαθημάτων

2026 366 2213 429 JOAN
2220 367 2266 427 N
2272 366 2343 427 IS
2376 366 2807 428 GEOMETR/E

2363 484 2408 540 Α
2441 478 2665 530 Πλάτων
2696 480 2726 531 ὁ
2752 475 2980 540 κλεινὸς,
3022 475 3321 547 Σωκράτης
3348 472 3649 545 τολμητίκς

3913 363 4041 425 976

2441 565 2568 639 Εἶχε
2607 569 2673 621 τὰ
2705 568 2895 639 πρῶτα
2928 569 3039 621 τῶν
3062 570 3332 638 ἀριστέων
3359 568 3519 637 γέρα.

2443 660 2659 730 Ἥρωες
2694 659 2864 729 ἄρδην
2888 660 3087 721 πάντες
3120 658 3491 729 ἐξησκημένοι

2438 750 2686 820 Νέστωρ,
2735 750 3042 815 Ὀδυσσεὺς,
3071 749 3189 803 ἀλλ’
3233 750 3512 820 Ἀχιλλεὺς
3538 750 3629 802 καὶ
3660 749 3825 801 πλέον

2437 842 2617 903 Δεινὸς
2643 842 2871 913 θεωρεῖν
2903 842 3011 896 τῶν
3037 843 3176 896 ὅλων
3206 844 3301 896 καὶ
3323 842 3422 903 τάς
3461 843 3680 911 φύσεις,

2439 936 2670 1005 Κίνησιν
2702 935 2919 1005 ἄστρων
2948 935 3041 989 καὶ
3070 934 3278 1005 φθορὰν
3306 936 3393 988 διὰ
3416 934 3539 1003 ξρος
3561 934 3629 999 ⁸⁸,

2438 1030 2549 1083 Καὶ
2580 1029 2851 1099 ῥυθμικῆς
2881 1030 3145 1098 ἔμπειρος
3168 1026 3558 1100 εὐαρμοστίας,

2449 1121 2714 1191 Ἰατρικός
2737 1137 2818 1185 τε,
2849 1120 2943 1173 καὶ
2974 1119 3222 1191 μαθητὴς
3254 1119 3592 1189 Κενταύρου.

2449 1212 2590 1266 Ἀλλ’
2625 1212 2678 1265 οἱ
2701 1212 2856 1281 σοφοὶ
2889 1210 3007 1275 νῦν,
3043 1210 3183 1281 πλὴν
3211 1210 3325 1278 ἐγὼ
3350 1210 3568 1280 μωροὺς
3604 1208 3774 1276 λέγω,

2436 1304 2550 1376 Τὴν
2588 1304 2788 1372 γνῶσιν
2821 1301 2975 1357 εἷπον
3000 1304 3253 1374 ἐμποδὼν
3286 1304 3387 1372 τῆς
3424 1303 3671 1372 ἀνδρίας.

2509 1397 2587 1450 Οὐ
2621 1397 2972 1468 συλλογισμοὶ
3000 1398 3094 1450 καὶ
3126 1395 3360 1466 στρατοῦ
3396 1395 3691 1466 διαιρέσεις
3717 1411 3734 1425 ⁸

2437 1489 2594 1544 Εἴπω
2616 1490 2679 1542 τὸ
2706 1489 2913 1561 μεῖξον,
2941 1490 3062 1543 οὐδὲ
3097 1489 3338 1543 κίνδυνοι
3362 1490 3531 1553 τόσοι,

2437 1583 2552 1635 Οὐκ
2583 1581 2707 1650 ὗψις
2736 1583 2769 1651 ἡ
2802 1581 3049 1650 γέμουσα
3082 1581 3295 1634 πολλῶν
3323 1578 3687 1651 τραυμάτων·

2437 1672 2514 1725 Οὐ
2548 1676 2668 1744 χεὶρ
2691 1672 3057 1743 άριστεύουσα
3084 1673 3179 1726 καὶ⁵
3212 1673 3555 1741 κεκομμένη.

2442 1764 2624 1817 Ἐστω
2656 1781 2739 1827 τις
2763 1765 3128 1828 εύστόλιστος,
3160 1765 3547 1835 ηύθετισμένος
3568 1781 3584 1795 ο

2368 1828 2412 1881 Β
2442 1855 2635 1926 Κύμην
2671 1856 2738 1910 τὰ
2762 1856 2934 1909 πολλά
2957 1828 3229 1921 συντιθείς
3259 1828 3637 1928 εὐσχημόνως,

2454 1948 2656 2018 Ὀφρῦς
2685 1950 2947 2020 ἐπαίρων,
2975 1950 3069 2002 καὶ
3095 1950 3279 2017 φυσῶν
3312 1950 3505 2021 στῆθος
3533 1951 3701 2020 μέγα,

2440 2042 2550 2095 Καὶ
2584 2041 2927 2113 σκηνοποιῶν
2962 2041 3190 2105 ἐθνικῶς
3214 2059 3331 2105 πως
3356 2042 3453 2112 τὴν
3483 2044 3660 2112 καραν
3684 2059 3703 2075 ο

2440 2135 2701 2204 Πράττων
2735 2135 2771 2189 ἃ
2802 2135 2877 2205 μὴ
2914 2136 3017 2199 δεῖ,
3044 2136 3138 2190 καλ⁵
3174 2135 3351 2190 λαλῶν
3386 2135 3462 2197 ὼς
3483 2135 3710 2204 θηρίον’

2438 2226 2615 2297 Θηρσὶ
2643 2227 2875 2297 λαγωὸς,
2908 2232 3020 2291 τοῖς
3059 2229 3116 2282 δὲ
3146 2228 3427 2300 θρέμμασι
3466 2227 3664 2293 λύκος·

2440 2318 2648 2389 Πολλὴν
2681 2320 2853 2372 νοσῶν
2891 2319 3135 2387 ἄγνοιαν,
3161 2320 3486 2389 εὔγλωττος,
3514 2320 3702 2387 λάλος,

2443 2412 2737 2476 ’Δτακτος,
2772 2412 2976 2481 άρπ;.ξ,
3018 2412 3308 2483 ἀλλοεθνὴς
3347 2413 3631 2478 πολλάκις,

2452 2503 2866 2575 Ἀρρητοποιὸς,
2900 2505 2996 2559 τοῦ
3033 2505 3150 2576 βίου
3180 2506 3381 2569 παντὸς
3409 2506 3581 2576 λύμη.

2440 2592 2611 2659 Οὗτος
2642 2598 2713 2651 τὰ
2751 2598 2945 2669 πρῶτα
2976 2598 3085 2653 τῶν
3115 2600 3385 2670 ἀριστέων
3409 2600 3522 2669 ἔχει
3542 2614 3557 2627 ·

2440 2684 2609 2751 Οὗτος
2647 2689 2974 2761 στρατηγὸς,
3007 2690 3155 2757 ὀξὺς,
3187 2692 3417 2763 εὐφυὴς,
3449 2690 3683 2763 πρόμος.

2443 2780 2754 2851 Σύμόουλος
2781 2780 2941 2846 εὐθὺς
2977 2783 3108 2852 ἡδὺς
3140 2786 3198 2836 ὲν
3225 2785 3537 2849 συνουσίαις
3558 2799 3573 2813 ⁸

2445 2874 2666 2943 Ἄρχων
2704 2874 3046 2946 στρατηγῶν.
3078 2876 3292 2945 πρῶτος
3327 2878 3386 2927 ἑν
3420 2876 3738 2945 βασιλείοις.

2457 2964 2517 3017 Ἢ
2545 2965 2589 3018 δ’
2618 2966 2789 3034 ἁρετὴ
2812 2966 2906 3020 καὶ
2937 2966 3134 3034 γνῶσις
3154 2971 3213 3022 ὲν
3234 2969 3354 3032 ταῖς
3374 2970 3603 3037 γωνίαις

2447 3058 2680 3125 Στυγναὶ
2716 3059 2980 3128 κάθηνται
3012 3059 3105 3112 καὶ
3139 3060 3598 3131 παρημελημέναι

2445 3150 2715 3222 θρηνοῦσι
2751 3152 2962 3224 πικρῶς
2991 3153 3089 3223 οὐχ
3117 3154 3313 3216 ἑαυτὰς
3344 3158 3442 3223 τῆς
3467 3153 3637 3225 τύχης
3656 3170 3673 3185 ⁶

763 3332 949 3397 curri;
986 3329 1189 3385 frustra
1219 3341 1449 3397 sperans
1494 3324 1778 3380 meliorem
1810 3335 1983 3381 matre
2014 3326 2212 3381 habere
2245 3338 2344 3380 no-
2369 3338 2416 3400 ς
2447 3328 2755 3383 Alcibiades
2776 3370 2790 3392 ,
2822 3338 2875 3383 et
2902 3344 3131 3399 magnus
3163 3328 3594 3397 Themistocles;
3635 3341 3874 3401 utroque
3902 3347 4026 3403 per-

764 3438 1002 3479 vercam.

838 3515 1050 3571 Occidit
1084 3529 1171 3568 me
1220 3513 1483 3582 piscator,
1516 3509 1651 3579 proh
1680 3510 1889 3580 pudor!
1939 3521 2046 3562 non
2088 3518 2340 3576 venator,

766 3626 874 3664 non
908 3608 1064 3662 canis
1095 3621 1181 3659 me
1211 3620 1570 3675 persequens,
1603 3604 1697 3658 sed
1736 3611 1851 3657 rete
1879 3616 1967 3657 me
1995 3600 2162 3670 capit.

836 3698 954 3753 Non
988 3698 1248 3767 injustam
1299 3711 1515 3765 poenam
1567 3694 1773 3749 intulit.
1816 3694 1955 3749 Nam
2003 3693 2133 3763 quid
2176 3691 2341 3746 relin-

765 3798 999 3864 quebam
1056 3800 1256 3845 terram
1308 3788 1568 3852 amicam,
1626 3787 1872 3843 solorum
1909 3801 2076 3843 causa
2114 3796 2341 3839 venato-

771 3902 889 3939 rum
916 3885 939 3937 ζ’

1128 3972 1250 4025 156.
1294 3970 1376 4023 Ad
1402 3971 1685 4024 corollario
1717 3982 1990 4024 ornatum.

842 4070 1017 4119 Aurea
1045 4076 1235 4119 catt-na
1252 4064 1372 4131 ejus
1395 4064 1488 4131 ιιιιί
1518 4078 1635 4116 eam
1670 4072 1849 4132 portat
1880 4062 2341 4132 pulchritudinem

768 4160 967 4213 mirum
1009 4159 1062 4212 in
1100 4157 1321 4212 modum
1355 4157 1731 4225 splendescere
1770 4155 1919 4209 facit.

1263 4255 1385 4308 157.
1419 4253 1481 4307 In
1525 4254 1838 4322 theologum.

843 4352 1062 4405 Eritium
1094 4349 1344 4411 scicntia,
1379 4346 1678 4411 Gregorius
1712 4359 1858 4398 uttnc
1891 4343 2093 4399 ridens.

1505 4439 1623 4491 158.

841 4534 1063 4589 Veteres
1116 4530 1401 4585 immolant
1467 4545 1597 4584 ores
1644 4538 1698 4583 et
1748 4530 1941 4593 bores,
2002 4544 2103 4598 ego
2163 4542 2342 4581 autem

771 4626 996 4678 Christo
1035 4621 1212 4675 Verbo
1247 4621 1473 4674 verbum
1519 4620 1838 4683 immolabo,
1878 4624 2046 4673 menti
2088 4629 2345 4682 mentetn,

770 4718 1028 4789 Spiritum
1065 4716 1304 4784 spiritui,
1337 4714 1465 4767 tria.

1263 4806 1389 4860 159.
1422 4805 1484 4858 In
1509 4804 1854 4859 detractans.

840 4903 1006 4957 Persa
1049 4899 1153 4954 fuit
1195 4898 1394 4969 Cyrus,
1428 4898 1647 4951 Macedo
1693 4896 2022 4960 Alexander,
2075 4895 2350 4949 Ausonius

767 4997 975 5060 Caesar,
1034 4996 1127 5047 sed
1184 4994 1515 5061 sapientium
1569 4990 1767 5055 amici;
1816 4991 2089 5059 sapientes
2162 5000 2343 5043 autem

770 5099 1170 5158 przeccptornm
1206 5086 1371 5155 pleni.
1412 5084 1691 5139 Nunc.....
1733 5084 2016 5139 scientiam
2070 5084 2347 5147 incusant,

771 5195 873 5233 neu
908 5180 1161 5235 acerbam
1195 5180 1433 5233 sortem!

1497 5270 1620 5323 160.

849 5364 1041 5417 Audite
1070 5363 1201 5427 haec,
1229 5371 1398 5423 terra,
1419 5376 1571 5415 mare
1598 5370 1652 5415 et
1684 5361 1907 5424 malum,
1935 5370 2146 5415 mentes
2175 5360 2351 5429 philo-

774 5458 1071 5525 SOpitOl'ttm
1122 5466 1174 5509 et
1222 5458 1422 5510 ducum
1467 5466 1757 5509 veterum:
1804 5454 2067 5509 Isocrates
2106 5454 2351 5506 distinxit

774 5550 1147 5603 fortitudinem
1177 5559 1229 5601 et
1258 5547 1671 5616 intelligentiam
1698 5564 1712 5613 ;
1750 5546 2098 5615 Thucydides
2128 5545 2350 5599 miscuit

768 5660 797 5695 ιι
824 5659 920 5696 'ma
946 5654 992 5695 et
1030 5642 1231 5709 scripta
1254 5659 1267 5705 ;
1292 5640 1476 5694 rhetor
1499 5649 1552 5693 et
1574 5639 1679 5694 dux
1713 5639 1815 5692 fuit
1848 5636 2106 5704 Pericles,
2134 5639 2347 5703 Cimon,

836 5820 1111 5884 “9.51:9;
1146 5822 1268 5875 cod.
1345 5822 1389 5853 5”
1418 5820 1545 5888 ch.
1581 5820 1755 5889 φορὰν
1779 5819 1845 5874 δι’
1882 5820 2057 5892 ἀέρος.

2446 3421 2659 3487 fectus,
2732 3420 2937 3475 Pltocio
2997 3422 3341 3478 orationibus
3400 3422 3662 3489 illustris;
3705 3423 3882 3479 Graeci
3933 3423 4023 3479 alii

2445 3518 2688 3570 sexcenti
2750 3513 3074 3569 fortitudine
3122 3515 3428 3583 conspicui.
3491 3514 3728 3569 Primam
3765 3515 4026 3571 scientia-

2445 3623 2567 3662 rum
2621 3608 2873 3663 tacticam
2954 3608 3195 3662 inStituit
3243 3608 3477 3665 illustris
3532 3607 3710 3676 Plato,
3765 3609 4023 3664 Socrates

2445 3697 2788 3753 fortitudinis
2834 3698 2975 3753 inter
3009 3698 3249 3769 optimos
3281 3700 3487 3770 primas
3515 3701 3778 3757 obtinuit.
3817 3700 4025 3754 Heroes

2443 3805 2637 3845 onmes
2667 3790 2891 3845 omnino
2944 3791 3097 3860 politi
3149 3799 3328 3859 erant,
3364 3792 3594 3858 Nestor,
3635 3790 3886 3863 Uly~ses,
3939 3791 4021 3845 vel

2444 3882 2682 3937 Achilles
2708 3882 2907 3937 ardens
2937 3883 3110 3953 magis
3134 3883 3200 3938 ad
3220 3884 3613 3954 explorandum
3642 3885 4026 3939 universorum

2445 3983 2693 4036 naturas,
2740 3980 2945 4028 motum
2981 3983 3257 4028 astrorum
3288 3982 3343 4029 et
3368 3985 3574 4042 pestem
3613 3990 3713 4045 per
3738 3988 3947 4037 aerem,
3977 3982 4029 4026 et

2447 4076 2586 4137 apta:
2618 4066 2822 4136 peritus
2852 4076 3255 4137 temperaturae,
3287 4076 3342 4122 et
3370 4067 3619 4122 medicus
3645 4075 3701 4120 et
3728 4067 4028 4134 discipulus

2446 4160 2728 4215 Centauri.
2784 4157 2890 4215 Sed
2938 4160 3249 4230 philosophi
3314 4169 3597 4224 recentes,
3650 4174 3795 4229 quos
3850 4171 4028 4215 tamen

2450 4254 2647 4308 stultos
2709 4252 2865 4317 dico,
2937 4252 3227 4308 scientiam
3281 4251 3622 4307 contendunt
3678 4252 4027 4307 obstaculutn

2448 4362 2567 4401 υνδε
2599 4346 2956 4400 fortitudinis.

2521 4438 2638 4493 Non
2669 4440 2990 4510 syllogismi,
3022 4450 3073 4495 et
3102 4440 3378 4496 exercitus
3406 4439 3824 4509 dispositiones,
3852 4441 4026 4511 majus

2451 4528 2598 4587 dico,
2623 4544 2730 4581 non
2768 4529 3010 4597 pericula
3045 4539 3218 4595 tanta,
3245 4544 3354 4583 non
3396 4538 3658 4599 aspectus
3703 4531 3896 4584 multis
3920 4530 4031 4582 rul-

2454 4623 2675 4676 net-ibus
2708 4622 2919 4691 plenus,
2954 4638 3065 4676 non
3116 4637 3313 4677 manus
3345 4622 3503 4677 fortis
3531 4634 3582 4677 et
3612 4632 3915 4692 amputata.
3952 4624 4031 4678 Sit

2380 4701 2425 4756 D
2455 4715 2652 4782 aliquis
2681 4714 2816 4768 bene
2840 4724 3074 4783 togatus,
3113 4724 3236 4784 apte
3269 4716 3631 4784 compositus.
3661 4730 3877 4770 comam
3920 4718 4030 4787 ple-

2458 4821 2687 4875 rumque
2717 4821 3053 4872 componens
3084 4806 3358 4869 decenter,
3395 4807 3627 4861 frontem
3667 4809 3944 4871 attollens,
3980 4819 4029 4863 et

2457 4905 2649 4968 pectus
2698 4897 2931 4951 multum
2967 4895 3185 4959 inllans.
3214 4898 3493 4967 gentiliter
3526 4909 3581 4952 ut
3612 4901 4027 4955 tabernaculum

2457 5000 2674 5058 gestans
2697 4998 2861 5059 caput
2892 5004 3091 5059 :ageus
3116 5004 3238 5059 qua:
3264 5004 3371 5042 non
3388 5000 3603 5060 oportet
3631 5000 3685 5044 et
3703 4992 3940 5061 loquens
3964 5004 4021 5047 ut

2456 5082 2571 5135 fera
2608 5101 2620 5136 :
2655 5083 2896 5136 strenuis
2925 5082 3099 5149 lepus,
3151 5082 3421 5137 debilibus
3448 5084 3645 5153 lupus;
3680 5085 3854 5138 multa
3887 5087 4028 5153 igno-

2454 5176 2637 5229 rantia
2678 5174 2959 5236 laborans,
3011 5174 3233 5242 loquax,
3289 5174 3668 5240 inordinatus,
3729 5176 4028 5241 violentus,

2458 5275 2755 5320 extraneus
2803 5279 2967 5332 saepe,
3000 5262 3223 5319 infanda
3274 5281 3464 5336 agens,
3516 5267 3699 5320 omnis
3754 5268 4029 5322 societats

2458 5359 2668 5412 sordes.
2700 5355 2806 5412 Iste
2837 5360 3042 5427 primas
3078 5357 3220 5412 inter
3260 5368 3513 5414 strenuos
3554 5358 3747 5423 habet;
3786 5358 3889 5413 iste
3927 5361 4027 5413 d-u

2457 5461 2561 5513 est,
2607 5464 2753 5510 acer,
2775 5449 3049 5519 egregius,
3074 5450 3429 5520 conspicuus,
3453 5451 3797 5513 consiliator,
3836 5463 4026 5515 rectus,

2452 5541 2730 5609 jucundus
2777 5543 2828 5595 in
2878 5543 3421 5607 conversationibus,
3458 5544 3693 5599 ducibus
3747 5555 4024 5614 praestans.

2457 5637 2666 5706 primus
2717 5637 2769 5690 in
2831 5637 3014 5707 regiis.
3063 5634 3248 5693 Virtus
3280 5649 3458 5693 autem
3493 5648 3545 5694 et
3574 5639 3809 5693 scicntia
3846 5639 3899 5693 in
3938 5657 4025 5692 au-
