4232 6434
239 356 343 420 971

238 474 404 527 Φύσει
438 471 546 541 γὰρ
572 466 731 526 αῦται
760 472 936 544 τίμιαι
966 475 1059 529 καὶ
1091 477 1203 542 τοῖς
1233 476 1428 543 ξένοις,

240 565 514 636 Θρηνοῦσι
549 566 593 618 δ’
624 567 794 637 αὐτὴν
824 568 921 639 τὴν
956 568 1228 638 βασίλειον
1258 571 1410 623 πόλιν
1447 587 1460 600 °

244 660 351 711 Καὶ
381 662 637 729 σκῆπτρα
673 660 897 730 Ῥώμης
924 663 1019 713 καὶ
1050 665 1117 715 τὰ
1156 663 1442 733 Ῥωμαίων
1474 664 1634 730 καλὰ,

256 751 480 805 Ῥυέντα
510 752 648 823 πρὸς
680 752 807 822 χοῦν
844 753 1004 825 ἔργα,
1033 757 1128 810 καὶ
1168 759 1373 827 σεμνὰς
1403 758 1585 821 πόλεις

240 848 368 907 Τοῖς
399 845 599 911 ἔθνεσι,
633 846 732 915 φεῦ
759 847 772 901 !
801 846 1048 913 ἐκτόπως
1081 852 1429 916 πατουμένας
1455 866 1467 880 ·

243 938 355 990 Καὶ
382 936 543 1001 δόξαν
573 936 889 1007 ἀνθήσασαν
916 939 975 991 ἐν
1011 939 1224 1003 πολλοῖς
1251 942 1484 1011 χρόνοις,

246 1028 355 1081 Καὶ
380 1028 475 1081 τοῦ
513 1028 823 1098 στρατηγοῦ
854 1028 922 1082 τά
951 1029 1118 1100 νεῦρα
1143 1032 1586 1100 συγκεκομμένα.

241 1119 449 1172 Γελῶσι
482 1119 527 1172 δ’
561 1119 755 1184 αὐτοὺς
786 1119 882 1173 καὶ
916 1122 1114 1190 σοφοὺς
1138 1121 1435 1187 ὑποξύλους

244 1213 355 1267 Καὶ
382 1214 506 1276 τοὺς
539 1212 795 1275 τεθέντας
817 1212 927 1265 τῶν
962 1213 1098 1267 νέων
1125 1213 1305 1283 σοφῶν
1342 1215 1539 1286 δόμους
1570 1216 1639 1273 ⁸⁸.

240 1304 427 1368 Δειλός
455 1322 538 1368 τις
567 1304 712 1359 ἔστω
738 1306 846 1369 πᾶς
875 1306 1057 1374 σοφὸς,
1092 1306 1198 1361 κᾶν
1227 1307 1303 1379 μὴ
1326 1308 1477 1380 θέλῃ,

242 1396 411 1463 Λαγῶ
442 1396 555 1467 βίον
581 1397 709 1464 ζῶν,
744 1398 962 1467 γλῶττα
997 1398 1092 1451 καὶ
1118 1400 1328 1471 γαστὴρ
1364 1400 1545 1470 μόνον.

242 1491 538 1561 Πράκτωρ,
571 1490 846 1561 ὑπουργὸς
872 1492 969 1544 καὶ
993 1494 1259 1565 ποριστὴς
1289 1494 1585 1564 χρημάτων
1603 1511 1618 1526 ·

240 1582 354 1650 Τῆς
378 1581 598 1653 ἀνδρίας
634 1583 732 1652 μὲν
761 1584 819 1636 ὲν
854 1582 1032 1652 λόγοις
1058 1585 1374 1655 ἐπαινέτης,

241 1674 354 1727 Καὶ
385 1673 483 1745 τῆς
516 1675 749 1737 παλαιᾶς
774 1675 975 1747 ἀρετῆς
1009 1676 1355 1747 μεμνημένος
1380 1694 1393 1709 ο

244 1760 471 1836 Ἔργοις
498 1766 556 1820 δὲ
581 1768 788 1837 ταύτης
816 1768 914 1839 τὴν
945 1768 1197 1823 ἐναντίαν
1224 1770 1431 1840 τρέχων
1450 1787 1465 1801 ·

241 1859 362 1913 Κᾶν
397 1861 446 1913 εί
472 1860 654 1930 σοφῶν
680 1878 765 1925 τις
789 1861 948 1927 ἀλλος
987 1862 1211 1934 ἀνδρίαν
1239 1863 1392 1918 λάϐοι
1412 1880 1429 1895 ⁸

238 1949 377 2004 Θεοῦ
409 1952 517 2021 γὰρ
546 1953 680 2005 αὐτὸ
707 1953 878 2025 δῶρον
904 1948 1021 2007 οῐδα
1055 1956 1149 2008 καὶ
1182 1956 1363 2026 μόνον,

242 2045 545 2111 Ἐκτακτος
574 2041 750 2111 οὗτος,
784 2048 881 2102 καὶ
910 2047 1093 2117 σοφῶν
1125 2046 1268 2103 λύων
1296 2049 1515 2120 νόμους.

236 2137 344 2191 Φεῦ
369 2138 469 2209 τῆς
501 2140 724 2208 ἀγνοίας
756 2141 768 2194 ί
805 2138 908 2209 φεῦ
939 2140 1138 2210 φθόνου
1164 2142 1177 2195 !
1210 2141 1312 2211 φεῦ
1344 2142 1449 2196 τῶν
1474 2142 1603 2200 δύοί

240 2232 363 2287 Υίοὶ
394 2234 602 2305 βροτῶν
637 2238 918 2306 μαίνοισθε
953 2239 1114 2311 μέχρι
1149 2240 1245 2294 καὶ
1271 2241 1446 2307 τίνοςς

242 2326 315 2380 Ἣ
345 2326 455 2381 τῶν
492 2327 673 2381 καλῶν
703 2331 811 2399 γὰρ
839 2330 1064 2403 ἀνδρίαν
1089 2332 1151 2386 οὐ
1176 2333 1475 2402 γραπτέον,

242 2418 318 2471 'H
348 2420 421 2489 μὴ
462 2423 705 2489 μετεῖναι
732 2421 839 2476 τῶν
866 2424 1047 2477 καλῶν
1077 2424 1287 2481 ὶατέον.

239 2512 435 2582 Σοφοῖς
460 2514 622 2582 σοφὸν
660 2514 716 2568 δὲ
739 2515 832 2569 καὶ
850 2518 911 2570 τὸ
936 2516 1223 2587 βούλεσθαι
1254 2519 1394 2585 τόδε,

240 2601 356 2675 Τῆς
390 2605 436 2659 δ’
467 2606 670 2675 ἀρετῆς
697 2608 941 2679 πόρῥωθι
972 2609 1188 2665 κεῖσθαι
1218 2612 1315 2676 τὰς
1342 2611 1544 2683 φρένας
1570 2630 1585 2645 '

240 2695 354 2766 Τὴν
380 2696 427 2749 δ’
459 2691 527 2751 αὖ
550 2697 763 2751 τελείαν
790 2698 991 2769 ἀρετὴν
1024 2699 1135 2769 ἐγὼ
1167 2701 1331 2771 λέγω,

242 2786 565 2856 Εὐανδρίαν,
601 2789 893 2860 φρόνησιν,
925 2791 1131 2862 ἡδονῶν
1165 2793 1391 2865 κράτος.

250 2875 316 2931 'H
344 2877 388 2931 δ’
418 2876 601 2948 ἰσότης
625 2878 678 2932 τί
704 2896 719 2945 ;
751 2881 965 2951 Κρᾶσις
992 2881 1208 2953 ἀρετῶν
1239 2882 1330 2952 ῐση
1356 2899 1371 2915 ·

239 2967 423 3038 Ὅπερ
453 2966 661 3021 δίκαιον
687 2967 803 3023 εστι
838 2970 934 3024 καὶ
960 2971 1212 3024 καλεῖται
1244 2974 1357 3035 τοῖς
1388 2972 1578 3026 πάλαι.

240 3059 405 3116 Mm?)
440 3060 700 3133 σοφιστὴν
725 3061 874 3125 ὅστις
897 3061 997 3132 οὐχ
1022 3060 1174 3133 αύτῷ
1209 3062 1373 3131 σοφός
1398 3080 1413 3096 ·

241 3152 367 3207 Οὐδ’
395 3150 557 3224 εσχεν
582 3146 779 3225 οἷσπερ
801 3151 897 3207 καὶ
921 3153 1084 3224 σοφὸς
1102 3152 1450 3227 γνωρίζεται.

1546 362 1888 424 ΕΑΠΜΙΝΑ
1922 363 2174 423 VABM.

1841 490 1886 545 Α
1921 482 1978 534 Ei
2004 476 2287 534 συλλαϐεῖν
2310 480 2365 534 δὲ
2397 480 2471 548 μὴ
2504 478 2711 541 σθένεις
2741 476 2945 546 τόλμαν
2978 477 3139 545 λόγῳ,

3391 363 3497 427 978

1923 575 1987 627 Τί
2016 575 2126 636 τοῖς
2150 574 2332 643 ἔχουσι
2357 572 2450 625 καὶ
2478 572 2692 640 φθονεῖς
2714 570 3037 632 ἀνενδότωςς

1922 667 1988 718 Τί
2032 666 2128 720 καὶ
2162 666 2396 736 στερείς,
2423 664 2700 735 ἄνθρωπε,
2742 662 2947 732 γνῶσιν
2990 660 3205 731 ἰσχύοςς

1921 759 1987 812 Τί
2020 760 2133 821 τοῖς
2162 756 2464 825 ἀγνώστοις
2494 741 2823 827 ἐγχειρίζεις
2860 754 3016 824 ἡνίας
3046 772 3060 817 ;

1921 851 1987 904 Τί
2021 849 2216 921 βρῶμα
2239 850 2412 912 ποιεῖς
2442 849 2538 912 τὰς
2573 850 2757 913 πόλεις
2786 852 2898 911 τοῖς
2927 847 3229 918 βαρόάροις
3253 862 3271 912 ς

1921 944 1986 996 Τί
2018 941 2185 1010 νεῦρα
2214 942 2432 1010 τέμνεις
2457 940 2552 995 τοῦ
2586 942 2820 1011 στρατοῦ
2848 940 3231 1011 τεθραμμένα,

1904 1035 2150 1097 Πολλαῖς
2182 1034 2413 1088 παλαιοῦ
2443 1033 2540 1088 καὶ
2570 1033 2764 1097 καλαῖς
2791 1048 3173 1105 στρατηγίαις,

1922 1123 2210 1195 Εὑρήμασί
2235 1140 2293 1177 τε
2315 1125 2409 1177 καὶ
2435 1124 2617 1194 σοφῶν
2643 1126 3053 1195 τεχνουργίαιςς

1922 1217 2219 1289 Εὐριπῖδου
2252 1217 2369 1281 πῶς
2390 1218 2502 1272 τῶν
2538 1218 2865 1290 στρατηγῶν
2887 1218 2985 1288 τὴν
3012 1218 3193 1289 κρίσιν

1923 1312 2089 1380 Σοφδς
2125 1312 2319 1375 δοκῶν,
2347 1312 2626 1383 ἄνθρωπε,
2655 1311 2752 1366 νῦν
2781 1311 3149 1382 παρατρέχεις

1920 1404 2127 1475 Θάρσει
2153 1406 2454 1477 προκρίνας
2474 1405 2583 1459 τῶν
2622 1404 2838 1474 φρενῶν
2870 1402 3189 1469 εύόουλίανς

1926 1498 2025 1549 Ἐν
2052 1496 2159 1568 γὰρ
2181 1497 2334 1551 οὐδὲν
2363 1496 2590 1569 θάτερον
2625 1497 2999 1567 λελειμμένον.

1922 1590 1988 1644 Τί
2016 1590 2112 1643 καὶ
2141 1589 2370 1643 καλοῦσι
2399 1588 2497 1660 τὴν
2532 1588 2765 1661 Ἀθηνᾶν
2803 1589 3089 1651 nausea;

1922 1683 1991 1736 Τί
2024 1682 2112 1747 δ’;
2143 1682 2244 1735 οὐκ
2283 1680 2559 1734 Ἀπόλλων
2594 1681 2854 1752 μουσικὸς
2881 1680 2977 1733 καὶ
3011 1678 3266 1749 τοξότηςς

1924 1773 1990 1829 Τί
2018 1773 2065 1827 δ’
2100 1768 2170 1843 ἦν
2215 1772 2535 1845 ’Λχιλλεύςς
2570 1773 2787 1844 πρῶτος
2806 1773 2870 1827 οὐ
2897 1771 3124 1842 θεωρίᾳ,

1850 1836 1895 1894 Β
1923 1868 2035 1924 Καὶ
2074 1836 2332 1938 μουσικός
2369 1886 2454 1932 τις
2479 1836 2850 1940 ⁷ᾖδεν-ἀνδρῶν
2879 1867 2948 1920 τά
2978 1836 3148 1929 me;

1928 1959 2193 2031 Ἰατρικὸς
2217 1960 2261 2013 δ’
2282 1958 2370 2023 οὓ,
2405 1961 2501 2014 καὶ
2527 1958 2773 2031 μαθητὴς
2800 1957 3114 2028 Κενταύρου
3137 1974 3152 2023 ;

1917 2053 1984 2106 Τί
2009 2053 2055 2108 δ’
2080 2051 2149 2125 ἦν
2187 2052 2510 2121 Ὀδυσσεύςς
2541 2054 2602 2107 οὐ
2634 2053 2812 2122 λόγοις
2845 2053 3027 2120 σοφοῖς
3053 2051 3232 2120 ρέων;

1917 2146 1992 2200 Τὸ
2018 2146 2271 2203 σύντονον
2303 2147 2360 2201 δὲ
2397 2148 2479 2209 τίς
2506 2146 2837 2219 κατώρθωσε
2868 2148 3063 2212 πλέονς

1933 2240 2041 2295 Ἐῶ
2071 2239 2270 2295 Πύλιον
2302 2238 2407 2294 τοῦ
2432 2240 2648 2311 μέλιτος
2680 2240 2835 2309 ἡδίω,

1919 2330 2030 2385 Καὶ
2059 2330 2160 2401 τὴν
2204 2329 2477 2400 Ἀτρείδου
2514 2330 2961 2401 σνντετμημένην
2993 2329 3171 2400 φύσιν,

1922 2423 2147 2493 Ἥρωας
2175 2422 2347 2493 ἄρδην
2380 2420 2532 2475 ἐνθεν
2560 2421 2986 2493 ὠνομασμένους
3011 2438 3026 2453 ·

1921 2515 2183 2585 Εῖροντας
2213 2513 2274 2568 εῦ
2303 2530 2363 2568 τε
2393 2515 2490 2568 καὶ
2518 2513 2778 2581 λέγοντας
2802 2514 3068 2584 ἐντέχνως
3088 2531 3102 2548 ·

1934 2607 2170 2679 Ἀνδρῶν
2193 2608 2450 2662 ἁπάντων
2480 2608 2781 2679 Σωκράτης
2808 2611 3118 2678 σοφώτερος
3134 2623 3149 2640 ⁸

1924 2699 2097 2768 Ἐστη
2133 2698 2179 2751 δ’
2204 2699 2298 2752 ἀπ’
2322 2700 2496 2769 αὐτὴν
2521 2699 2785 2763 πολλάκις
2809 2699 2909 2772 τὴν
2936 2699 3138 2753 ἀσπίδα
3162 2715 3177 2730 ⁸

1921 2790 2032 2844 Καὶ
2060 2788 2278 2861 πρῶτος
2308 2784 2411 2861 ἦρε
2442 2789 2553 2844 τῶν
2581 2791 3019 2864 ἀριστέωνγέρα
3044 2808 3060 2825 ο

1922 2880 2153 2935 Πλάτων
2180 2880 2445 2953 ἀθλητὴς,
2471 2883 2567 2936 καὶ
2602 2882 2852 2955 μαχητὴς
2875 2882 3158 2956 Αἰσχύλος.

1933 2970 1994 3024 ’0
2028 2971 2073 3027 δ’
2099 2969 2195 3027 οῦν
2224 2973 2548 3045 στρατηγῶν
2569 2974 2789 3047 πρῶτος
2807 2975 2869 3029 οὐ
2900 2978 2997 3029 καὶ
3030 2978 3277 3050 ρητόρων
3306 2978 3392 3044 ⁸⁸)

1923 3065 2112 3133 Σοφῶν
2134 3066 2191 3120 δὲ
2220 3065 2441 3137 μᾶλλον,
2464 3066 2523 3132 δς
2549 3066 2668 3122 λύει
2698 3070 2984 3140 χρησμοὺς
3012 3070 3195 3140 μόνος,

1925 3160 2150 3227 Βουλαῖς
2170 3160 2225 3215 δὲ
2258 3162 2385 3232 νικᾷ
2409 3162 2505 3215 καὶ
2540 3160 2746 3234 μάχαις
2775 3162 2875 3235 τὴν
2897 3162 3002 3237 γῆν
3031 3163 3161 3236 ὅλην
3178 3178 3195 3195 ·

240 3335 385 3411 gulis
421 3335 609 3394 tristes
626 3335 819 3393 sedent
846 3345 903 3393 et
923 3335 1203 3408 neglecta,
1226 3336 1607 3393 lamentantur
1637 3351 1821 3393 amare
1848 3354 1893 3418 ο
1928 3338 2071 3409 apud
2107 3348 2344 3397 veteres.
2382 3338 2484 3397 Odi
2513 3340 2817 3414 sopbistam
2845 3341 2941 3414 qui
2985 3341 3092 3398 sibi
3140 3354 3248 3397 non
3284 3342 3505 3413 sapiens

236 3445 353 3487 non
383 3444 541 3487 suam
572 3438 801 3495 sortem,
838 3444 967 3485 nam
1013 3438 1213 3485 natura
1241 3429 1573 3486 honorandae
1606 3440 1737 3487 sunt
1762 3440 1818 3487 et

239 3521 313 3577 ab
337 3522 542 3579 exteris
590 3523 958 3590 honorantur,
986 3523 1082 3580 sed
1130 3524 1500 3579 lamentantur
1529 3523 1701 3594 ipsam
1727 3538 1817 3579 re-

239 3612 385 3684 giam
420 3610 633 3681 urbem,
664 3622 720 3667 et
749 3622 965 3685 sceptra
992 3612 1180 3669 Roma:
1215 3623 1272 3671 et
1302 3612 1672 3669 Romanorum
1702 3614 1819 3669 exi-

239 3704 375 3770 mia,
426 3703 612 3761 diruta
640 3704 709 3760 ad
755 3705 937 3761 solum
994 3719 1195 3776 opera,
1239 3714 1298 3762 et
1339 3707 1552 3763 nobiles
1599 3707 1817 3764 urbesa

240 3795 495 3867 gentibus
524 3797 660 3853 heu!
695 3796 973 3853 horrendo
1004 3798 1170 3853 modo
1204 3797 1579 3864 conculcatas,
1608 3807 1663 3854 et
1693 3798 1817 3869 glo-

239 3890 381 3945 riam
414 3904 537 3961 que
562 3896 717 3945 tanto
754 3898 1002 3961 tempore
1033 3889 1239 3956 ﬂoruit,
1279 3897 1335 3945 et
1379 3889 1536 3946 ducis
1571 3889 1815 3961 vigorem

238 3995 650 4057 consumptum.
683 3983 885 4041 Rident
926 3994 1108 4040 autem
1150 3984 1274 4040 illos
1318 3985 1596 4055 sapientes
1644 3984 1816 4040 subli-

238 4093 431 4150 gneos.
456 4086 512 4135 et
534 4078 634 4135 bas
659 4094 782 4149 quae
805 4078 995 4150 positae
1024 4086 1155 4134 sunt
1186 4092 1453 4132 novorum
1486 4077 1817 4147 sapientium

237 4171 457 4227 domos.
489 4169 692 4228 Socors
714 4171 789 4227 sit
824 4171 1004 4227 omnis
1026 4169 1413 4240 philosophus,
1449 4169 1577 4225 licet
1612 4169 1811 4224 nolue-

239 4262 336 4326 rit,
372 4262 572 4332 leporis
604 4264 772 4318 vitam
804 4263 1029 4327 vivens;
1062 4263 1248 4333 lingua
1278 4271 1489 4319 tantum
1524 4270 1579 4318 et
1608 4270 1816 4327 venter,

240 4352 429 4408 alacer
459 4352 529 4407 ad
562 4351 857 4423 agendum,
889 4352 1275 4424 obsequiosus,
1316 4353 1634 4409 divitiarum
1661 4367 1818 4424 qua:-

236 4444 401 4511 sitor,
455 4444 798 4503 fortitudinis
841 4444 896 4500 in
931 4445 1112 4500 verbis
1136 4444 1408 4508 laudator,
1437 4453 1493 4499 et
1534 4444 1815 4514 antiquam

239 4538 501 4593 virtutem
558 4552 896 4603 memorans,
947 4537 1207 4609 operibus
1250 4546 1433 4593 autem
1479 4537 1816 4593 contrariam

238 4629 430 4685 virtuti
459 4630 601 4685 viam
633 4645 889 4701 sequens.
923 4632 1176 4704 quamvis
1211 4630 1411 4703 aliquis
1440 4630 1582 4685 alius
1632 4629 1819 4700 philo-

238 4722 536 4791 sophorum
577 4721 952 4779 fortitudinem
1002 4722 1302 4794 acceperit,
1349 4720 1441 4778 Dei
1486 4723 1632 4777 enim
1682 4721 1817 4778 illud
1850 4741 1900 4803 υ

239 4813 446 4868 donum
477 4813 648 4869 solius
682 4829 807 4870 esse
859 4815 1013 4880 scio;
1049 4815 1153 4871 iste
1197 4824 1352 4871 extra
1383 4814 1632 4871 ordinem
1658 4826 1743 4871 est
1768 4826 1825 4873 et

240 4905 695 4977 philosophorum
727 4904 983 4976 frangens
1019 4907 1184 4979 leges.
1214 4906 1360 4964 Proh
1418 4908 1819 4980 ignorantiam!

239 4998 379 5070 proh
441 4998 730 5054 invidiam!
800 4998 936 5069 proh
974 5001 1318 5070 lutrumque!
1381 5000 1475 5055 lilii
1535 5000 1819 5055 hominum

242 5104 534 5161 usquequo
562 5090 714 5145 stulti
742 5088 936 5145 eritis?
972 5087 1071 5144 Vel
1100 5090 1244 5145 enim
1273 5089 1649 5147 fortitudinem
1681 5090 1823 5147 inter

240 5181 399 5236 dotes
432 5179 679 5251 egregias
726 5195 834 5234 non
880 5179 1180 5236 inscribere
1210 5190 1444 5248 oportet,
1479 5180 1561 5235 vel
1590 5196 1618 5234 a
1648 5179 1821 5234 virtu-

187 5300 197 5309 -
243 5258 391 5327 tibus
418 5272 656 5326 eximere
690 5285 797 5325 non
850 5270 975 5327 licet
1006 5290 1021 5325 :
1055 5270 1397 5341 sapientibus
1429 5272 1650 5342 sapiens
1678 5270 1814 5325 illud

244 5362 406 5423 velle,
447 5361 607 5432 longe
630 5377 661 5417 a
686 5363 887 5418 virtute
912 5362 1098 5432 jacere
1129 5370 1390 5423 mentem.
1422 5362 1527 5418 Sed
1557 5378 1660 5434 ego
1691 5376 1819 5431 pcr-

246 5457 446 5511 fectam
498 5455 757 5509 virtutem
789 5455 934 5520 dico,
989 5453 1389 5519 fortitudinem,
1454 5455 1817 5526 prudentiam,

245 5550 588 5618 voluptatum
626 5548 928 5603 victoriam.
948 5547 1254 5619 Equulitas
1283 5549 1414 5618 quid
1438 5549 1560 5603 est?
1587 5548 1814 5619 aqualis

249 5643 514 5696 virtutum
551 5642 887 5706 commistio,
934 5642 1081 5712 quod
1126 5641 1336 5712 justum
1367 5651 1451 5696 est
1497 5652 1552 5696 et
1594 5649 1827 5695 vocatur

324 5807 371 5841 ⁸⁸
405 5805 563 5861 Prius
596 5815 715 5862 erat
738 5805 954 5876 νόμους.
1027 5806 1072 5837 ⁸⁸
1104 5802 1161 5862 In
1192 5820 1363 5878 marg.
1389 5803 1780 5876 Θεμιστοκλῆς.

1926 3442 2028 3497 est,
2057 3441 2113 3489 et
2137 3448 2245 3488 non
2274 3433 2437 3491 habet
2462 3449 2527 3490 ea
2556 3435 2759 3506 quibus
2785 3433 3005 3506 sapiens
3031 3434 3409 3506 cognoscitur.
3442 3434 3503 3488 Si

1925 3539 2057 3579 vero
2072 3523 2407 3595 conjungere
2429 3541 2535 3581 non
2558 3537 2712 3593 potes
2736 3526 3112 3583 fortitudinem
3132 3525 3353 3593 rationi,
3368 3528 3500 3597 quid

1928 3616 2014 3672 bis
2033 3617 2126 3687 qui
2150 3627 2443 3688 utrumque
2466 3618 2667 3674 habent
2688 3619 2904 3675 invides
2930 3619 3334 3692 pertinaciter?
3355 3619 3499 3687 Quid

1926 3709 2134 3780 privas,
2175 3724 2212 3765 o
2241 3710 2428 3776 homo,
2482 3710 2770 3767 scientiam
2822 3712 3063 3767 robore?
3110 3711 3245 3782 quid
3293 3711 3503 3781 ignaris

1927 3801 2043 3856 lora
2065 3802 2333 3858 remittis?
2354 3802 2486 3873 quid
2515 3802 2682 3859 urbes
2713 3808 2926 3874 prebes
2952 3803 3205 3859 barbaris
3225 3803 3499 3873 praedam?

1927 3892 2060 3962 quid
2100 3907 2300 3949 nervos
2330 3893 2543 3965 rumpis
2586 3894 2863 3950 exercitus
2896 3892 3076 3950 edocti
3121 3893 3311 3949 multis
3360 3892 3509 3947 anti-

1927 3983 2158 4054 quitatis
2201 3993 2257 4041 et
2296 3985 2543 4055 pulchris
2584 3986 2867 4055 strategiis
2892 4028 2909 4054 ,
2978 3985 3507 4055 inventionibusque

1925 4081 1979 4129 et
2010 4073 2299 4144 praeceptis
2326 4074 2702 4143 sapientium?
2750 4076 3024 4147 Euripidis
3072 4077 3275 4130 ducum
3310 4075 3508 4130 delini-

1928 4168 2135 4223 tionem
2174 4167 2451 4239 sapienter
2494 4167 2774 4239 judicans,
2812 4168 3001 4232 homo,
3032 4167 3313 4242 quomodo
3359 4181 3509 4223 nunc

1927 4261 2305 4332 praetermittis
2355 4259 2663 4316 fortitudini
2697 4268 3036 4330 anteponens
3067 4259 3267 4315 mentis
3294 4260 3508 4315 instru-

1926 4352 2207 4409 ctionem?
2234 4351 2413 4409 Unum
2447 4354 2594 4408 enim
2629 4369 2731 4408 nec
2772 4353 3004 4408 alterum
3041 4353 3316 4407 relictum.
3363 4352 3506 4418 Quid

1924 4444 2071 4500 enim
2126 4453 2326 4500 vocant
2369 4445 2636 4499 Atlienam
2694 4442 2955 4499 Pallada?
3010 4441 3186 4512 quid,
3244 4456 3351 4497 non
3405 4440 3509 4497 fuit

1926 4534 2122 4604 Apollo
2155 4534 2402 4591 musicus
2438 4541 2489 4590 et
2522 4532 2871 4589 arcitenens?
2896 4531 3029 4605 quid
3081 4530 3185 4586 fuit
3213 4530 3506 4588 Achilles?

1928 4641 2108 4682 nonne
2161 4630 2375 4698 primus
2408 4627 2661 4693 scientia,
2713 4635 2768 4680 et
2818 4624 3065 4681 musicus
3114 4640 3221 4678 non
3269 4623 3372 4680 fuit
3403 4624 3507 4681 iste

1924 4720 2170 4776 virorum
2200 4720 2401 4777 decus?
2436 4733 2619 4775 nonne
2654 4716 2919 4783 medicus,
2950 4724 3005 4772 et
3037 4716 3342 4787 discipulus
3366 4716 3510 4771 Cen-

1930 4810 2110 4866 tauri?
2154 4810 2284 4881 quid
2334 4809 2437 4864 fuit
2479 4808 2739 4882 Ulysses?
2777 4823 2962 4864 nonne
3002 4808 3343 4878 sapientibus
3390 4822 3508 4863 ser-

1930 4902 2187 4957 monibus
2241 4901 2555 4967 abundans,
2614 4903 2813 4957 robore
2856 4900 3031 4971 magis
3090 4899 3321 4955 illustris
3361 4899 3511 4955 fuit?

1926 4993 2083 5050 mtto
2138 4992 2423 5051 Nestorem
2472 4994 2636 5050 melle
2678 4993 3024 5059 suaviorem,
3056 5000 3114 5047 et
3156 4991 3364 5048 Atrida:
3398 4992 3509 5045 du-

1928 5087 2123 5157 plicem
2163 5094 2454 5151 naturam;
2488 5085 2617 5140 hinc
2667 5084 2788 5140 sine
2815 5083 2997 5140 dubio
3022 5082 3217 5139 heroes
3255 5082 3513 5138 nomina-

1927 5189 2035 5245 tos,
2083 5178 2367 5249 loquentes
2410 5178 2575 5234 simul
2608 5185 2664 5234 et
2704 5177 2953 5233 dicentes
2998 5175 3189 5247 perite.
3247 5175 3507 5231 Virorum

1928 5272 2173 5327 omnium
2190 5270 2442 5326 Socrates
2460 5270 2919 5339 sapientissimus,
2937 5283 3078 5339 sape
3095 5267 3163 5321 ad
3193 5266 3372 5337 ipsum
3394 5266 3513 5337 cly-

1930 5376 2092 5432 peum
2124 5360 2290 5423 stetit,
2323 5368 2378 5416 et
2410 5361 2620 5431 primus
2648 5361 2769 5415 tulit
2799 5369 3145 5415 strenuorum
3175 5355 3510 5414 mercedem.

1931 5452 2085 5508 Plato
2135 5452 2355 5517 athleta,
2400 5451 2693 5522 Alschylus
2742 5450 2917 5507 miles.
2967 5450 3155 5506 Nonne
3205 5449 3373 5520 igitur
3429 5454 3515 5505 est

1935 5542 2595 5615 (Thcmistocles)ducum
2626 5544 2837 5614 primus
2866 5551 2922 5599 et
2939 5541 3257 5597 rhetorum?
3292 5539 3511 5612 sapien-

1935 5641 2070 5696 tium
2126 5642 2341 5709 potius,
2404 5639 2500 5710 qui
2546 5638 2697 5696 solus
2764 5638 3054 5696 oraculum
3117 5637 3513 5712 interpretatus
