4232 6434
761 516 939 569 Πείθει
974 531 1032 566 τε
1066 516 1221 584 νικᾷν
1256 514 1328 582 μὴ
1354 512 1601 572 θέλοντας
1630 510 1754 571 τοὺς
1782 508 1967 578 φίλους
1996 529 2007 540 ·

764 607 971 674 Κρατῖῖ
995 606 1050 658 δὲ
1082 604 1301 674 Περσῶν
1328 599 1679 671 δημιουργῶν
1710 600 1979 662 ἐκτόπως,

2024 393 2334 457 ῘΟΩῘΝΙΞ
2371 397 2801 459 ΟΕΟΜΕἹΊΗΞ

2356 512 2403 571 Α
2434 512 2631 581 Ὅρους
2653 511 2709 564 δὲ
2733 514 2962 581 πήσσεις
2996 513 3039 542 ⁸⁷
3066 514 3122 565 ἐν
3157 512 3434 582 Γαδείροις
3458 511 3708 563 Αὐσόνων
3731 524 3749 577 ;

3906 399 4017 459 980

760 699 865 765 Γῆς
892 698 987 751 καὶ
1014 696 1304 764 θαλάττης,
1332 695 1440 748 πᾶν
1473 694 1644 759 ἔθνος,
1680 694 1861 747 πᾶσαν
1896 693 2049 746 πόλιν

758 793 948 861 Ψυχῆς
980 807 1037 843 τε
1068 789 1237 859 τόλμῃ
1270 788 1365 842 καὶ
1400 787 1614 857 φρενῶν
1649 786 1876 857 εὐλαόίᾳ

758 884 924 936 Κάτω
952 881 1158 951 τίθησι,
1196 882 1290 934 καὶ
1322 881 1452 951 παρ’
1478 880 1686 951 ἐχθρῶν
1714 879 1971 949 τυγχάνει

758 974 943 1038 Αἰδοῦς
974 975 1003 1026 ό
1028 974 1258 1037 κλεινὸς.
1291 974 1558 1027 θάπτεται
1588 972 1645 1027 δὲ
1675 971 1949 1042 καρδίαις.

758 1064 863 1114 Καὶ
894 1062 1097 1132 θαῦμα.
1126 1063 1242 1127 πῶς
1273 1064 1331 1115 ἓν
1356 1063 1515 1133 σῶμα
1544 1062 1807 1132 καὶψυχὴ
1835 1060 1935 1131 μία

757 1156 1035 1222 Κρείττων
1076 1154 1289 1225 ἐδείχθη
1318 1154 1420 1224 τῆς
1453 1156 1582 1224 ὅλης
1611 1152 1958 1224 οἰκουμένης,

755 1249 958 1318 Θάρσει
984 1265 1043 1301 τε
1070 1248 1270 1318 πολλῷ,
1297 1250 1387 1302 καὶ
1408 1249 1690 1319 φρονήσει,
1715 1248 1811 1301 καὶ
1839 1246 2010 1321 μάχῃ.

755 1340 821 1392 Τί
852 1343 948 1393 καὶ
980 1341 1253 1411 Περικλῆς
1294 1341 1641 1410 Ἀλκιόιάδης
1676 1341 1769 1392 καὶ
1804 1340 2017 1408 Κίμων,

759 1432 820 1480 υἱ
848 1429 956 1481 τῶν
994 1429 1234 1499 Ἀθηνῶν
1263 1431 1523 1496 εὐπαγεῖς
1552 1430 1745 1499 χρυσοί
1772 1428 1975 1492 στύλοι,

760 1527 822 1577 οι
848 1526 953 1578 τῶν
979 1525 1150 1593 λόγων
1180 1527 1458 1595 ἄρχοντες,
1488 1526 1537 1578 οἱ
1572 1525 1777 1597 ῥήτρας
1800 1526 2049 1596 πρό;λ.οι,’

760 1618 821 1669 Ul
846 1616 945 1687 τὴν
978 1617 1140 1686 φύσιν
1165 1619 1454 1687 βλέποντες
1481 1634 1495 1681 ;
1521 1617 1583 1671 Οἱ
1608 1617 1924 1688 γεωμέτραι

763 1710 1114 1779 ἼΙστραπτον
1150 1708 1329 1777 ἔργοις
1360 1710 1452 1761 καί
1489 1709 1668 1777 λόγοις
1696 1708 1796 1779 τὴν
1842 1708 2091 1773 Ἐλλάδα,

760 1801 977 1863 Ἵπποις
1010 1804 1131 1854 κατ’
1167 1802 1318 1863 αὐτὸ,
1352 1800 1531 1865 ναυσὶ,
1570 1800 1753 1864 πεζοῖς
1776 1801 2044 1869 ἐκράτουν
2072 1814 2083 1826 ·

762 1892 948 1963 Δόξης,
977 1893 1273 1961 τροπαίων,
1304 1891 1528 1962 ἀρετῆς,
1556 1890 1930 1961 σοφισμάτων,

764 1988 949 2039 Πᾶσαν
981 1987 1272 2047 θάλατταν,
1308 1987 1487 2039 πᾶσαν
1517 1984 1792 2055 ἐπλήρουν
1821 1984 1983 2055 χθόνα

765 2082 1020 2151 Ἕλληνες
1046 2073 1193 2133 οὗτοι
1215 2097 1228 2111 ο
1264 2078 1403 2149 πλὴν
1433 2078 1567 2132 Θεοῦ
1607 2079 1826 2141 πάντως
1869 2078 2027 2147 χάρις

764 2171 869 2224 ἾΙν
905 2174 998 2223 καὶ
1027 2171 1097 2223 τὰ
1125 2171 1350 2234 τούτων,
1381 2162 1443 2222 οὗ
1479 2169 1763 2240 φρόνησις,
1790 2160 1851 2223 οὗ
1887 2168 2069 2235 λόγος,

763 2260 900 2329 Παρ⁹
929 2255 1100 2329 οὗπερ
1131 2260 1287 2328 ἔσχον
1319 2260 1411 2311 καὶ
1440 2259 1509 2311 τά
1550 2258 1650 2327 τῆς
1681 2258 1985 2325 εὐανδρίας.

763 2354 834 2405 Σὺ
865 2354 934 2415 δ’,
969 2347 1011 2405 ὦ
1039 2352 1328 2416 Μακεδὼν,
1360 2351 1479 2412 πῶς
1504 2351 1667 2418 σοφὸς
1692 2351 1885 2423 κριθῇς
1919 2351 1997 2403 ἔτι

766 2447 859 2496 Ὠν
891 2445 986 2497 καὶ
1018 2445 1303 2514 μαχητής;
1337 2443 1453 2504 πῶς
1485 2443 1697 2512 φθονεῖς
1721 2445 1779 2498 δὲ
1808 2445 1908 2513 τῆς
1933 2444 2127 2515 τέχνης

768 2538 1007 2590 Ἂπασιν
1032 2537 1210 2598 ἄλλοις
1237 2554 1251 2602 ;
1279 2536 1397 2600 πῶς
1424 2538 1585 2607 μόνος
1618 2536 1792 2600 θέλεις
1822 2536 1970 2606 ἔχειν

778 2630 1179 2699 Ἀριστοτέλους
1211 2632 1336 2692 τοὺς
1370 2630 1568 2699 σοφοὺς
1596 2629 1991 2700 λαϐυρίνθουςς

766 2720 1020 2789 Μόναρχε
1057 2720 1264 2788 πρῶτε,
1296 2720 1537 2791 Καῖσαρ,
1572 2721 1735 2790 ἀρκεῖ
1757 2738 1839 2774 σοι
1864 2723 2024 2790 μόνον

768 2812 962 2878 Λέγειν
993 2828 1053 2864 τε
1083 2811 1297 2875 δεινῶς,
1334 2812 1711 2875 ἀντικάτωνας
1733 2812 1988 2883 γράφειν,

766 2902 980 2966 Βίὸλοις
1010 2906 1268 2969 συνεῖναι,
1308 2904 1406 2973 τὴν
1439 2904 1601 2973 φύσιν
1627 2903 1811 2973 ζητεῖν
1840 2905 1976 2957 ὅλων
2007 2921 2025 2970 ;

768 2994 833 3046 Τί
863 2995 957 3047 καὶ
987 2997 1315 3067 στρατηγείς
1347 2997 1441 3049 καὶ
1464 2994 1623 3065 βιάζῃ
1656 2996 1767 3048 πᾶν
1796 2995 1969 3059 ἔθνος,

770 3086 880 3139 Καὶ
905 3086 1005 3150 τὰς
1029 3088 1291 3158 ἀπείρους
1315 3089 1374 3141 ὲν
1405 3087 1597 3159 βραχεῖ
1623 3088 1805 3151 πόλεις
1828 3087 1994 3157 ἔχεις,

2439 606 2505 656 Ἢ
2537 605 2663 667 τοὺς
2696 605 2957 667 ἀπίστους
2992 606 3117 669 τοὺς
3139 605 3194 658 δὲ
3230 605 3455 666 πιστοὺς
3483 604 3545 656 οὐ
3577 603 3695 655 δέον

2434 692 2662 745 Θάλλειν
2688 695 2874 759 καλοῖς
2910 696 3113 749 ἆπασιν
3147 696 3331 765 ἔργοις
3356 694 3451 747 καὶ
3483 692 3698 760 λόγοιςς

2446 784 2586 838 Ἀλλ’
2614 785 2756 849 ἐλθὲ,
2794 788 2912 851 πῶς
2940 788 3123 859 ἔκρινε
3147 787 3241 841 καὶ
3262 788 3418 849 Θεὸς,
3447 787 3597 855 λέγε,

2435 877 2569 932 Τίνα
2602 881 2907 950 στρατηγὸν
2934 881 3032 952 τῆς
3061 880 3256 935 ἑαυτοῦ
3289 881 3527 933 δεικνύει

2435 970 2646 1042 Μοίρας
2674 972 2945 1042 κραταιᾶς
2974 973 3066 1026 καὶ
3096 972 3328 1042 στρατοῦ
3361 972 3701 1043 ποθουμένου
3729 990 3743 1037 ;

2436 1063 2510 1116 Οὐ
2553 1064 2641 1116 τὸν
2674 1066 2953 1134 γραφέντα
2982 1068 3094 1130 τοῖς
3123 1065 3306 1134 λόγοις
3349 1066 3547 1136 μακρῷ
3577 1066 3774 1135 χρόνῳ,

2436 1156 2547 1208 Καὶ
2583 1156 2917 1212 συλλαϐόντα
2951 1159 3131 1212 πᾶσαν
3167 1158 3585 1223 εὐπαιδευσίαν;

2437 1249 2752 1317 Αἰγυπτίοις
2782 1251 3010 1304 συνόντα
3043 1250 3250 1321 Μωσῆν
3280 1251 3373 1303 τον
3416 1250 3589 1321 μέγαν

2436 1341 2518 1393 Τἀ
2554 1342 2745 1413 πρῶτα
2774 1342 2868 1396 καὶ
2902 1343 3162 1397 κάλλιστα
3195 1344 3303 1396 τῶν
3337 1342 3699 1413 μαθημάτων,

2439 1434 2648 1503 Λόγους
2679 1434 2949 1506 ἀριθμῶν,
2981 1436 3307 1507 γραμμικὴν
3341 1434 3603 1505 θεωρίαν,

2442 1526 2693 1593 Ἀστρων
2722 1526 3001 1597 πολήσεις,
3032 1526 3314 1597 ῥυθμικῶν
3351 1525 3527 1596 μελῶν
3556 1525 3738 1595 ὄρους,

2443 1620 2509 1670 Ὃ
2537 1619 2732 1689 κρᾶσίς
2765 1619 2881 1671 ἐστι
2914 1619 3007 1671 καὶ
3032 1618 3183 1681 τέλος
3214 1617 3393 1671 καλῶν
3414 1618 3553 1670 ὅλων
3579 1633 3595 1681 ;

2442 1710 2656 1763 Παλαιὰ
2690 1710 2881 1771 ταῦτα,
2923 1712 3031 1764 πᾶν
3062 1710 3245 1778 καλὸν,
3286 1709 3443 1779 φασὶ,
3488 1709 3678 1770 πάλαι,

2446 1804 2554 1856 Καὶ
2577 1804 2760 1857 καινὸν
2781 1805 2931 1858 οὐδὲν
2963 1803 3074 1858 τῶν
3107 1803 3288 1858 καλῶν
3319 1804 3413 1857 καὶ
3439 1802 3635 1872 τιμίων
3655 1818 3671 1832 ο

2442 1895 2645 1968 Ζηλοῢν
2676 1896 2733 1949 δὲ
2762 1896 2935 1950 ταῦτα
2960 1895 3034 1966 μὴ
3058 1896 3244 1958 καλὸν,
3270 1896 3364 1950 καὶ
3391 1894 3476 1958 τίς
3509 1894 3703 1962 λόγος;

2439 1988 2572 2042 Οὐδὲ
2596 1987 2828 2057 γράφειν
2856 1986 3032 2052 ἔξεστι
3056 1986 3243 2040 λοιπὸν
3272 1989 3347 2050 ὡς
3374 1985 3562 2050 πάλαι,

2439 2081 2604 2135 Οὐδὲν
2630 2080 2808 2149 λόγοις
2834 2080 3055 2151 ἄριστον
3079 2080 3154 2142 ὡς
3187 2080 3314 2149 πρὶν
3341 2080 3653 2148 τυγχάνειν,

2439 2174 2563 2227 υύδ“
2594 2176 2651 2227 ὲν
2682 2175 2885 2244 μάχαις
2921 2174 3232 2244 βέλτιστονς
3263 2174 3571 2243 Ἐῤῥευσαν
3610 2173 3843 2242 τέχναις

2442 2266 2619 2320 Πάλαι
2649 2266 2756 2335 γὰρ
2781 2261 2922 2336 ἦσαν
2942 2266 3056 2327 τοῖς
3080 2264 3291 2334 βροτοῖς
3320 2264 3644 2335 εὐρημέναν

2442 2355 2515 2407 Τὸ
2550 2356 2849 2425 σωφρονεῖν
2879 2354 2988 2407 πᾶν
3009 2354 3289 2406 ἐκλέλοιπε
3322 2355 3414 2406 τὸν
3455 2354 3567 2423 βίον
3606 2373 3619 2411 ;

2440 2445 2551 2515 Τὴν
2582 2445 2784 2517 ἀρετὴν
2816 2445 2973 2498 δίωκε
3003 2446 3204 2506 πᾶσαν,
3232 2446 3267 2514 ἢ
3302 2445 3492 2512 πάλαιῖ

2439 2538 2672 2590 Φανεῖσα
2702 2535 2931 2599 πολλοὺς
2954 2532 3087 2607 ἦρεν
3118 2536 3198 2599 είς
3228 2535 3364 2605 ὕψος
3394 2537 3558 2605 μέγα.

2455 2629 2681 2696 Ἀφεῖσα
2706 2626 2930 2691 τούτους
2959 2628 3223 2697 ἀρχικοὺς
3252 2627 3443 2698 ὥσπερ
3471 2627 3698 2687 τύπους.

2445 2721 2587 2789 Πρὸς
2619 2720 2711 2783 οὓς
2736 2720 2946 2790 βλέπων
2971 2737 3079 2785 τις,
3105 2719 3301 2783 κάλλος
3332 2721 3381 2772 εί
3416 2719 3560 2772 θέλοι
3596 2720 3735 2787 βίου,

2458 2813 2698 2866 Ἐκεῖθεν
2727 2812 2895 2877 ἕλκει,
2930 2813 3034 2865 κᾶν
3063 2811 3133 2864 τά
3160 2812 3387 2881 δεύτερα
3419 2812 3629 2881 γράφῃ.

2447 2906 2518 2958 ΣΞ)
2546 2905 2623 2969 δὲ,
2656 2910 2910 2976 προφῆτα
2939 2905 3035 2958 καὶ
3066 2904 3311 2974 βασιλεῦ,
3339 2904 3455 2965 πῶς
3486 2904 3648 2956 πλέον

2446 2998 2639 3066 Λύχείς
2672 2998 2930 3051 ἁπάντων
2955 2998 3155 3065 γνῶσιν
3181 3014 3197 3063 ;
3230 2998 3331 3049 οὐκ
3358 2996 3629 3066 ἀριστέων

2452 3089 2637 3158 Ἔχεις
2662 3090 2730 3143 τά
2768 3089 3000 3160 πρῶτα;
3031 3089 3154 3151 Πῶς
3186 3087 3379 3159 σοφίζῃ
3412 3088 3539 3150 τοὺς
3569 3088 3789 3158 νόμους,

768 3275 886 3332 cst,
947 3267 1195 3322 consiliis
1237 3272 1292 3320 et
1341 3265 1537 3336 pugnis
1602 3266 1770 3320 vincit
1830 3282 2047 3322 omnem
2104 3276 2341 3329 terrain,
2374 3270 2417 3328 (ι
2452 3274 2525 3320 tet
2564 3265 2808 3320 inlideles
2846 3276 2897 3320 et
2936 3266 3123 3321 ﬁdeles
3153 3265 3350 3320 florere
3398 3264 3654 3319 omnibus
3690 3264 3850 3319 bonis
3887 3280 4019 3334 opeu

770 3356 966 3412 suadet
996 3357 1213 3411 vincere
1248 3355 1496 3410 nolentes
1523 3357 1754 3419 amicos,
1787 3365 1842 3410 et
1876 3357 2141 3411 concione
2178 3354 2350 3410 vincit

770 3448 1041 3518 stupendo
1064 3447 1228 3502 modo
1260 3447 1476 3511 Persas,
1508 3447 1645 3502 mari
1679 3455 1733 3502 et
1768 3455 1938 3516 terra,
1968 3461 2184 3502 omnem
2214 3463 2348 3516 gen-

773 3551 901 3598 tem.
939 3555 1155 3595 onmem
1203 3541 1415 3605 urbem,
1448 3539 1618 3593 animi
1660 3539 1891 3596 audacia
1928 3549 1983 3593 et
2025 3540 2219 3593 mentis
2261 3554 2351 3593 sa-

771 3631 974 3700 pientia
1023 3630 1315 3696 submittit,
1354 3638 1410 3685 et
1450 3630 1522 3685 ab
1568 3631 1818 3684 hostibus
1860 3628 2071 3685 obtinet
2118 3630 2352 3700 inclytus

774 3726 1037 3787 honores,
1078 3731 1133 3776 ct
1160 3722 1214 3775 in
1250 3721 1509 3776 cordibus
1542 3736 1736 3775 eorum
1785 3721 2047 3790 sepelitur
2080 3738 2095 3775 :
2141 3730 2196 3776 et
2232 3736 2355 3791 pro-

771 3815 978 3885 digium
1010 3822 1129 3881 est,
1165 3813 1443 3884 quomodo
1479 3828 1681 3882 corpus
1705 3828 1875 3867 unum
1928 3821 1980 3867 et
2026 3813 2207 3868 anima
2242 3829 2351 3868 una

774 3906 1060 3975 superiora
1106 3906 1222 3960 visa
1254 3907 1366 3960 sint
1400 3905 1659 3958 universo
1707 3904 1847 3969 orbi,
1884 3919 2076 3974 magna
2127 3904 2353 3959 fortitu-

773 4000 920 4059 dine,
976 3997 1265 4068 prudentia
1331 4006 1385 4051 et
1421 3995 1637 4067 pugnis.
1672 3994 1810 4061 Quid
1867 3995 2032 4051 etiam
2091 3996 2349 4065 Pericles,

774 4090 1085 4145 Alcibiades
1122 4098 1177 4144 et
1206 4088 1400 4142 Cimon
1422 4132 1436 4155 ,
1469 4088 1572 4143 illa:
1610 4087 1944 4142 Athenarum
1976 4088 2147 4144 ﬁrmae
2172 4104 2354 4144 aureae

776 4182 1065 4247 columna,
1106 4182 1157 4235 hi
1212 4180 1520 4235 orationum
1576 4181 1850 4251 principes
1899 4190 1954 4235 et
2003 4181 2350 4251 eloquentim,

779 4276 835 4331 hi
866 4276 958 4346 qui
990 4285 1242 4330 naturam
1284 4274 1619 4339 noscebant;
1652 4273 1708 4328 bi
1734 4284 2024 4344 geometrae
2046 4274 2141 4344 qui
2175 4274 2354 4343 operi—

778 4367 884 4421 bus
915 4374 972 4420 et
997 4365 1215 4435 scriptis
1249 4362 1512 4419 Graeciam
1538 4364 1908 4431 illustrabant,
1944 4365 2102 4434 equis
2160 4366 2351 4430 simul,

782 4457 1034 4521 navibus,
1059 4465 1114 4510 et
1148 4456 1375 4524 pedibus
1408 4456 1696 4510 vicerunt?
1718 4455 1911 4525 gloria,
1936 4455 2216 4526 trophaeis,
2237 4457 2350 4511 vir-

780 4556 917 4613 tute,
948 4547 1286 4617 sapientibus
1346 4547 1522 4611 libris,
1565 4562 1729 4602 omne
1776 4561 1950 4610 mare,
1985 4560 2206 4602 omnem
2243 4557 2354 4602 ter-

781 4657 900 4696 ram
932 4639 1295 4710 impleverunt
1333 4638 1504 4694 Graeci
1534 4637 1646 4693 isti.
1698 4638 1952 4693 Attamen
1988 4638 2083 4692 Dei
2129 4638 2353 4693 omnino

782 4733 899 4787 haec
921 4731 1138 4786 illorum
1161 4730 1301 4785 dona
1321 4730 1493 4800 gratia
1526 4738 1705 4794 erant,
1727 4731 1885 4798 cujus
1908 4737 1995 4785 est
2035 4730 2346 4798 prudentia,

780 4831 832 4877 et
890 4822 1223 4890 eloquentia,
1264 4837 1293 4875 a
1333 4836 1445 4890 quo
1484 4821 1648 4875 etiam
1681 4820 1959 4875 habebant
2010 4819 2353 4878 fortitudinis

782 4913 946 4969 dona.
971 4913 1052 4966 Tu
1088 4926 1239 4975 vero,
1262 4927 1295 4967 ο
1324 4911 1567 4978 Macedo,
1595 4912 1871 4981 quomodo
1896 4911 2113 4982 sapiens
2138 4912 2354 4983 judica-

785 5016 875 5061 tus
902 5007 1001 5073 εἰς,
1034 5007 1262 5061 bellator
1292 5020 1418 5060 cum
1449 5004 1659 5060 fueris?
1678 5003 1969 5070 Quomodo
1996 5013 2169 5061 artem
2216 5006 2358 5060 invi-

783 5102 879 5156 des
902 5099 1023 5153 aliis
1050 5098 1348 5154 omnibus?
1387 5097 1664 5167 quomodo
1693 5097 1842 5152 solus
1884 5097 2085 5153 habere
2114 5097 2197 5153 vis
2238 5098 2359 5152 Ari-

784 5192 994 5246 stotelis
1012 5191 1285 5259 sapientes
1303 5191 1594 5259 ambages?
1612 5189 1794 5245 Prime
1815 5191 2131 5259 imperator,
2151 5190 2355 5257 Caesar,

784 5282 980 5337 sntlicit
1043 5282 1138 5335 tibi
1198 5282 1375 5336 solum
1424 5281 1573 5352 loqui
1618 5281 1980 5345 mirabiliter,
2013 5283 2355 5337 anticatones

787 5376 1045 5439 scribere,
1085 5374 1137 5428 in
1166 5373 1319 5429 libris
1344 5374 1677 5439 conversari,
1699 5384 1948 5429 naturam
1972 5374 2355 5430 universorum

786 5464 1111 5528 exquirere?
1148 5463 1285 5528 Quid
1311 5464 1471 5519 etiam
1509 5464 1646 5518 bella
1678 5464 1821 5533 geris
1846 5475 1899 5518 et
1943 5478 2134 5520 omnes
2166 5474 2355 5535 gentcs

787 5549 1012 5618 subigis,
1046 5560 1100 5604 et
1123 5551 1434 5607 innumeras
1462 5552 1623 5607 nrbes
1658 5552 1805 5607 brevi
1823 5562 2066 5620 tempore
2091 5567 2351 5625 occupas,

785 5641 1160 5712 terminosque
1175 5642 1429 5699 Ausonitc
1456 5645 1507 5699 in
1538 5643 1782 5701 Gadibus
1813 5644 1965 5717 ﬁgis?
1982 5643 2171 5704 Nonne
2194 5663 2357 5720 opor-

859 5824 902 5857 ¹¹τ
938 5824 1045 5894 πήσ
1057 5839 1169 5885 3-1:;
1200 5821 1321 5877 cod.

2450 3358 2602 3411 ribus
2630 3365 2685 3412 et
2725 3357 3113 3411 sermonibus?
3146 3357 3253 3413 Sed
3284 3360 3419 3425 age,
3466 3355 3746 3426 quomodo
3791 3358 4028 3412 senserit

2452 3450 2615 3515 Deus,
2648 3450 2739 3505 die
2773 3449 2952 3506 nobis.
2993 3450 3166 3516 Quem
3202 3451 3395 3504 ducem
3425 3465 3538 3504 suae
3558 3448 3805 3504 ostendit
3834 3460 4027 3519 peten-

2448 3541 2519 3598 tis
2551 3542 2883 3597 haercditatis
2910 3549 2966 3597 et
2995 3542 3209 3597 dilecta:
3240 3542 3452 3612 gentis?
3501 3556 3682 3595 nonne
3735 3540 3893 3595 illum
3931 3541 4023 3612 qui

2450 3634 2633 3689 verbis
2664 3634 2805 3704 longi
2842 3634 3101 3703 temporis
3120 3633 3409 3688 historiam
3441 3632 3759 3703 scripserat,
3790 3643 3848 3687 et
3873 3634 3931 3687 in
3966 3649 4026 3689 se

2452 3724 2743 3795 collegerat
2801 3740 3021 3780 omnem
3078 3725 3279 3781 bonam
3351 3724 3717 3779 doctrinam?
3788 3724 4028 3796 Moysen!

2453 3832 2647 3887 nempe
2675 3832 2929 3885 magnum
2965 3832 3091 3872 cum
3150 3815 3419 3887 Egyptiis
3456 3825 3870 3880 conversatum,
3916 3817 4031 3886 pri-

2453 3908 2558 3962 mis
2587 3918 2636 3963 et
2662 3907 3044 3976 pulcherrimis
3086 3908 3353 3973 scientiis,
3390 3923 3741 3963 numerorum
3802 3910 4030 3963 rationi-

2455 4001 2578 4065 bus,
2609 4001 2909 4055 litterarum
2952 4001 3184 4065 theoria,
3221 4010 3496 4057 astrorum
3565 4001 4028 4066 revolutionibus,

2455 4090 2832 4162 rhythmorum
2876 4092 3310 4155 deﬁnitionibus,
3351 4093 3495 4162 quod
3544 4092 3782 4147 includit
3817 4101 3874 4147 et
3904 4107 4030 4162 per-

2456 4182 2569 4237 ﬁcit
2602 4182 2826 4251 pulchra
2856 4182 3082 4237 omnia?
3109 4183 3349 4253 Antiqua
3383 4184 3513 4249 ista,
3562 4183 3776 4249 dicunt,
3825 4193 3880 4239 et
3908 4183 4030 4254 pul-

2456 4278 2647 4333 chrum
2670 4286 2753 4332 est
2783 4290 2945 4332 omne
2972 4276 3115 4347 quod
3144 4285 3230 4333 est
3256 4278 3567 4347 antiquum,
3612 4277 3867 4348 nihilque
3900 4278 4028 4331 novi

2454 4368 2741 4439 pulchrum
2776 4378 2861 4424 est
2887 4378 2943 4423 et
2968 4370 3270 4441 egregium.
3328 4368 3529 4425 Verum
3563 4370 3670 4425 ista
3717 4370 4033 4441 deprimere

2458 4476 2567 4515 non
2599 4459 2774 4525 decet,
2805 4470 2859 4515 et
2903 4476 3144 4531 quanam
3193 4461 3442 4517 ratione?
3478 4475 3660 4517 nonne
3689 4462 3943 4518 scribere
3968 4461 4035 4515 lio

2459 4563 2546 4608 cet
2606 4552 2845 4615 tandem,
2910 4554 3039 4618 quia
3086 4553 3415 4623 antiquum;
3480 4567 3667 4609 nonne
3716 4554 4032 4624 eloquentia

2461 4644 2815 4713 conspicuum
2849 4658 2994 4709 esse,
3032 4645 3157 4715 quia
3200 4647 3355 4717 prius
3389 4645 3442 4700 id
3493 4645 3705 4711 evenit;
3753 4660 3942 4701 nonne
3980 4647 4033 4701 in

2458 4737 2652 4807 pugnis
2678 4736 2971 4791 eximium?
3022 4738 3302 4806 perierunt
3339 4738 3521 4792 artes?
3551 4737 3862 4805 antiquitus
3887 4728 4035 4794 enim

2457 4839 2616 4885 erant
2644 4829 2711 4884 ab
2742 4828 3053 4885 hominibus
3110 4832 3362 4886 inventae.
3396 4830 3765 4887 Prudentiane
3810 4834 4037 4885 omnino

2459 4935 2491 4975 ο
2522 4920 2631 4974 vita
2659 4919 2935 4975 excessit?
2960 4921 3219 4976 virtutem
3256 4936 3477 4977 omnem
3507 4922 3742 4991 expelle,
3776 4938 3905 4991 qua
3934 4938 4035 4977 an-

2465 5010 2693 5081 tiquitus
2739 5011 2955 5081 cognita
3011 5014 3214 5069 multos
3281 5014 3347 5068 ad
3407 5028 3686 5069 summum
3754 5013 4036 5083 fastigium

2457 5102 2673 5169 er'ulit,
2699 5118 2845 5157 nunc
2879 5104 3102 5173 reliquit
3134 5107 3253 5161 hac
3300 5107 3526 5176 antiqua
3555 5106 3709 5161 velut
3757 5108 4035 5175 exempla.

2461 5194 2539 5247 Ad
2567 5210 2690 5263 qua:
2722 5195 2937 5250 intuens
2986 5196 3206 5266 aliquis,
3263 5198 3309 5252 si
3340 5198 3466 5252 vita:
3529 5198 3734 5252 bonum
3780 5198 4037 5262 voluerit,

2462 5286 2585 5340 inde
2606 5287 2864 5351 extrahit,
2895 5288 3019 5344 licet
3048 5289 3289 5345 secundo
3304 5289 3503 5359 scripta
3535 5288 3735 5345 forent.
3768 5288 3852 5344 Tu
3881 5306 4035 5353 vero.

2460 5378 2722 5446 propheta
2767 5386 2821 5432 et
2878 5393 2996 5441 rex,
3058 5380 3336 5449 quomodo
3380 5381 3556 5450 magis
3597 5381 3881 5436 illuminas
3921 5397 4031 5436 om-

2463 5468 2614 5523 nium
2648 5468 3095 5539 intelligentiam?
3143 5487 3325 5529 nonne
3365 5474 3507 5528 inter
3540 5472 3882 5529 fortissimos
3926 5474 4025 5543 pri-

2412 5588 2417 5592 ι
2464 5575 2583 5616 mas
2628 5561 2830 5616 babes?
2885 5564 3160 5632 quomodo
3199 5564 3573 5635 interpretaris
3639 5566 3789 5636 leges
3835 5565 3950 5628 Dci,
3986 5567 4030 5619 si

2447 5652 2571 5722 quis
2601 5652 2764 5719 alius,
2806 5664 2861 5709 et
2892 5655 3055 5711 verba
3081 5656 3327 5727 exquiris
3352 5664 3407 5712 ct
3429 5656 3695 5727 exponis?
3724 5656 4024 5712 visibilium
