4232 6434
257 392 355 456 98i

262 509 434 579 Εἴπερ
469 522 552 569 τις
580 504 758 575 ἀλλος,
784 504 877 559 τοῦ
908 506 1067 569 Θεοῦ,
1098 505 1340 572 καὶτοὺς
1372 508 1561 577 λόγους

260 599 724 669 Ζητεῖς,ὲρευνᾷς,
753 597 921 652 τῶνδε
952 598 1058 652 τῶν
1090 601 1405 670 ὁρωμένων,

191 692 199 698 ’
264 693 525 764 Στρέφεις
556 691 613 744 δὲ
652 690 854 751 πολλὰς
879 692 938 745 ἐν
972 691 1134 762 φρεσὶ
1160 692 1394 764 θεωρίας
1420 710 1433 721 ι

265 785 450 845 Κινεῖς
477 782 534 836 δέ
566 781 818 851 γλῶσσαν
844 783 1057 848 νυκτὸς,
1096 783 1309 855 ἡμέρας
1340 783 1488 855 ὅλης,

264 874 441 938 Θείοις
470 873 558 929 ἐπ’
586 874 768 945 ἔργοις
792 890 807 904 ·
844 875 1101 945 μουσικὸς
1130 876 1188 930 δὲ
1215 875 1522 946 τυγχάνεις,

266 965 377 1019 Καὶ
410 966 680 1037 ῥυθμικὴν
715 966 922 1032 ἔδειξας
950 966 1342 1037 εὐαρμοστίαν,

265 1056 460 1123 Λόγοις
485 1054 529 1107 δ’
561 1057 812 1125 ὲφευρεῐν
840 1056 933 1110 καὶ
962 1055 1099 1128 βάθη
1127 1056 1489 1129 κεκρυμμένα

264 1146 400 1199 Θεοῦ
430 1164 489 1200 τε
520 1146 692 1200 πολλὰ
713 1149 807 1201 καὶ
837 1148 973 1202 Θεοῦ
1009 1148 1118 1207 τῶν
1150 1151 1488 1220 κτισμάτων;

267 1238 389 1301 Πῶς
422 1237 690 1302 πντιθεῖς
716 1239 773 1292 δὲ
807 1240 902 1295 καὶ
926 1240 1145 1311 μέλιτος
1172 1241 1366 1312 κηρίον

266 1329 480 1399 Τρόπον
521 1330 784 1401 μελίσσης
814 1330 912 1402 τὴν
951 1333 1273 1403 σοφωτάτην
1302 1334 1484 1404 βίϐλον

276 1422 366 1487 Ἐξ
394 1417 462 1493 ἦς
491 1424 677 1476 ἅπασα
700 1424 922 1492 γνῶσις,
949 1424 1025 1490 ὡς
1047 1426 1232 1496 πηγῆς
1260 1426 1304 1457 ⁸⁸
1337 1426 1523 1496 βρύει·

264 1510 421 1577 Θεοῦ,
462 1512 767 1585 Χερουϐὶμ,
800 1514 1048 1582 ἀγγέλων
1076 1515 1145 1579 ⁸⁹,
1178 1517 1561 1587 ἀρχαγγὲλων,

266 1602 422 1656 Νόων
449 1604 726 1670 ἁπάντων,
754 1606 920 1660 τῶνδε
943 1606 1053 1660 τῶν
1073 1606 1366 1678 ὁρωμένων

265 1694 519 1764 Τρόπων,
543 1698 842 1767 τροπαίων,
881 1698 1107 1769 ἀρετῆς.
1135 1700 1435 1770 ἁμαρτίας,

265 1787 468 1859 Τύχης,
504 1790 641 1853 νοὸς,
670 1789 819 1860 ζωῆς
839 1808 897 1843 τε
914 1780 1019 1845 ’καὶ
1044 1791 1255 1862 θνητῶν
1282 1792 1490 1857 τέλους,

264 1880 465 1943 Φωτδς,
498 1882 720 1945 σκότους
751 1898 810 1935 τε
834 1882 1489 1953 δαιμόνων,παθημάτων,

266 1972 476 2041 Καινῆς
515 1988 574 2025 τε
618 1973 752 2043 πρὸς
782 1974 883 2044 γῆν
912 1974 1163 2045 κράσεως
1190 1974 1285 2028 τοῦ
1312 1976 1607 2041 Δεσπότου,

268 2064 377 2116 Καὶ
405 2063 507 2132 σῆς
536 2066 806 2135 ἁχράντου
833 2066 1301 2138 Μητροπαρθὲνου
1333 2069 1541 2140 Κόρης.

270 2156 524 2228 Ἀρῤητα
551 2157 725 2211 ταῦτα
754 2161 850 2214 καὶ
878 2159 1053 2228 λόγων
1078 2157 1323 2231 ἀνώτερα
1347 2179 1363 2229 ;

279 2247 419 2300 Ἀλλ’
453 2250 701 2321 ἁρπαγαὶ
738 2251 831 2306 νῦν
869 2255 980 2317 τοῖς
1016 2258 1339 2326 στρατηγοῖς
1366 2255 1460 2309 καὶ
1485 2252 1670 2326 μέθαι,

265 2330 369 2391 Ὧν
395 2341 457 2393 ού
500 2345 743 2411 μετεῖναι
776 2346 887 2408 τοῖς
913 2344 1097 2409 καλοῖς
1127 2347 1321 2416 φήσεις
1348 2346 1488 2399 δέον.

268 2433 334 2486 Τί
362 2435 534 2489 ταῦτα
557 2437 694 2507 πρὸς
720 2438 782 2491 τὸ
816 2440 1079 2511 πρᾶγμα;
1121 2440 1305 2512 Χωρὶς
1339 2442 1389 2494 oi
1427 2440 1594 2509 λόγοι.

273 2525 438 2582 ’Λλλο
470 2531 793 2600 στρατηγὸς,
822 2531 951 2586 ἄλλο
977 2532 1033 2586 δὲ
1075 2532 1401 2605 στρατηγία.

270 2618 454 2683 Κακός
484 2637 568 2683 τις
600 2614 753 2684 οὗτος
774 2638 787 2652 ο
817 2623 849 2693 ἠ
882 2623 926 2676 δ’
964 2622 1164 2695 ἀρίστη
1201 2627 1267 2695 τῇ
1308 2624 1490 2693 φύσει,

283 2709 525 2781 Ἰατρικὴ
563 2713 798 2785 σώτειρα
825 2731 838 2744 ·
871 2714 1131 2778 πολλάκις
1159 2716 1203 2768 δ’
1228 2714 1334 2787 ἔφυ

268 2804 467 2867 Φονεῦς
498 2805 681 2876 ίατρός
706 2823 720 2837 ο
753 2807 827 2877 μὴ
860 2806 1096 2877 κακίζῃς
1126 2808 1227 2879 τὴν
1254 2808 1472 2878 τέχνην.

271 2891 346 2943 Οὐ
382 2892 725 2962 πράγματος,
758 2894 897 2963 (πῶς
922 2894 963 2966 ;)
992 2896 1102 2950 τῶν
1126 2894 1436 2967 προσώπων
1458 2893 1501 2947 δ’
1528 2892 1561 2962 ἡ
1591 2890 1785 2963 βλάθη.

275 2981 514 3054 Ἐσλαψε
551 2986 735 3056 ῥήτωρ
763 2986 1022 3055 πολλάκις
1052 3004 1137 3051 τις
1169 2989 1293 3051 τοὺς
1326 2987 1523 3057 νόμους
1547 3001 1562 3017 ’

271 3072 364 3143 Μὴ
388 3074 485 3128 καὶ
518 3076 751 3148 κακίζῃς
776 3077 1056 3147 δεινότητα
1082 3078 1192 3133 τῶν
1226 3078 1420 3146 λόγων.

276 3165 486 3231 ’Ἄλλως
510 3182 571 3221 τε
604 3169 731 3233 τοὺς
761 3170 965 3234 κακοὺς
996 3170 1097 3241 μέν
1119 3171 1195 3237 ὡς
1218 3172 1388 3236 κακὸς
1411 3169 1581 3227 σύνοι.

1564 394 1897 457 CARMINA
1944 396 2197 458 VARIA.

1861 542 1907 601 Α
1950 512 2091 580 Ἐγὼ
2126 512 2171 568 δ’
2201 509 2420 582 ἀριθμῶ
2451 509 2577 571 τοὺς
2601 504 2799 570 καλοὺς
2822 504 2916 568 οὒς
2944 502 3039 557 καὶ
3071 500 3264 570 μόνους

3391 379 3502 445 982

1937 602 2067 660 οἶδα
2093 603 2431 675 στρατηγοὺς
2452 600 2529 665 ὡς
2552 599 2772 671 ἔχοντας
2809 604 2910 665 τὴν
2934 595 3128 664 τέχνην
3149 608 3165 623 ο

1938 697 2050 752 Καὶ
2079 694 2371 767 μουσικοὺς
2399 692 2510 765 γὰρ
2536 692 2630 746 καὶ
2655 688 2995 761 κρατοῦντας
3020 685 3121 755 τὴν
3145 681 3333 753 λύραν,

1937 786 2077 851 τοὺς
2098 782 2157 841 εὗ
2185 784 2243 839 δέ
2273 784 2476 855 ταύτην
2502 784 2707 846 εἰδότας
2738 779 2969 853 κροῦσαι
3010 778 3190 849 μόνον,

1938 877 2050 931 Καὶ
2073 876 2203 939 τοὺς
2229 874 2468 937 διδόντας
2492 871 2584 926 τὸν
2614 872 2771 938 λόγον
2795 871 2906 927 τῶν
2944 871 3296 942 κρουμάτων,

1939 971 2051 1027 Καὶ
2075 970 2153 1041 μὴ
2190 969 2396 1039 φέρωσι
2420 968 2608 1039 χερσὶν
2635 958 2782 1021 οῦτοι
2818 965 2914 1037 τὴν
2942 964 3134 1036 λύραν.

1951 1064 2041 1127 Ὦς
2071 1061 2329 1125 ἱππικοὺς
2353 1059 2431 1126 δέ,
2458 1059 2830 1130 γραμμικοὺς,
2863 1058 3043 1111 πᾶσαν
3081 1055 3300 1128 τέχνην,

1954 1152 2491 1227 ’Δγαλματουργοὺς,
2520 1153 2801 1216 τέκτονας,
2837 1149 3133 1216 λιθοξόους,

1943 1246 2233 1310 Ἕκαστον,
2260 1238 2433 1313 οὗπερ
2466 1240 2591 1311 ἔσχε
2615 1239 2715 1309 τὴν
2739 1238 2942 1305 γνῶσιν
2977 1238 3157 1306 μόνον.

1941 1338 2053 1391 Καὶ
2080 1333 2254 1390 ταῦτα
2286 1335 2387 1405 μέν
2406 1333 2471 1405 δὴ
2497 1330 2621 1395 νοῦς
2650 1329 2896 1397 ἐτόξευσε
2926 1328 3129 1402 μάτην.

1941 1430 2156 1486 Μᾶλλον
2183 1429 2231 1483 δ⁹
2248 1429 2455 1491 ἐκεῖνος
2478 1424 2628 1495 εὐλογ
2642 1422 2847 1484 ώτατος
2876 1422 3057 1490 λόγος,

1952 1522 2044 1587 Ὠς
2074 1521 2236 1583 αὐτός
2264 1521 2379 1574 ἐστι
2409 1515 2671 1572 δεικνύων
2704 1517 2733 1570 ό
2764 1514 2855 1579 σὸς
2890 1514 3068 1583 λόγος,

1942 1615 2033 1685 Μὴ
2056 1610 2444 1684 συμφερόντως
2472 1610 2584 1673 τοῖς
2613 1606 2787 1677 ξένοις
2818 1603 3161 1670 παιδεύσεως

1947 1707 2130 1777 Ἔχειν
2158 1703 2327 1758 ἐθνῶν
2356 1718 2415 1755 τε
2444 1701 2539 1755 καλ.
2571 1698 2804 1769 στρατοῦ
2832 1698 2931 1761 τὰς
2955 1695 3135 1770 ἡνίας.

1943 1799 2007 1853 Et
2033 1797 2143 1869 γὰρ
2162 1794 2508 1867 κρατούντων
2535 1791 2731 1858 τῶνδε,
2766 1792 2877 1845 πᾶν
2903 1789 3076 1845 δεινὸν
3102 1790 3316 1862 κρατεῖ,

1872 1900 1916 1959 Β
1942 1890 2121 1964 Μέθη,
2159 1887 2433 1961 τυραννὶς,
2466 1882 2735 1957 ἁρπαγαὶ,
2770 1882 2996 1953 σφαγαὶ,
3028 1880 3165 1952 βίαι,

1947 1978 2169 2051 Ἧττσι,
2206 1980 2433 2051 σφαγαὶ,
2462 1976 2765 2049 κάθειρξις,
2795 1973 3169 2047 αἱχμαλωσίαι
3193 1988 3205 2016 ι

1945 2076 2138 2147 Δῆλον,
2170 2072 2518 2146 κρατούντων
2540 2069 2719 2124 τοῖσδε
2740 2066 2852 2122 τῶν
2880 2066 3162 2131 ἐναντίων,

1949 2166 2140 2239 ’Δρξει
2170 2164 2331 2219 καλὸν
2361 2163 2488 2230 πᾶν,
2515 2159 2835 2232 ἐγκράτεια,
2864 2157 3201 2231 χρηστότης,

1946 2258 2237 2331 Εὐανδρία,
2262 2256 2544 2330 φρόνησις,
2574 2253 2716 2327 ἀλκὴ
2748 2253 2887 2326 πρὸς
2912 2251 3128 2317 πόνους,

1946 2353 2148 2424 Τέχναι
2173 2350 2297 2406 κατ’
2324 2348 2554 2421 ἐχθρῶν,
2572 2342 2781 2412 τάξεων
2809 2344 3081 2412 εὐταξίαι,

1946 2446 2135 2510 Νῖκαι,
2167 2442 2423 2515 τρόπαια,
2449 2438 2598 2505 δόξα,
2635 2438 2919 2509 Ῥωμαίων
2947 2436 3166 2507 κράτος*

1946 2533 2083 2589 Θεοῦ
2117 2533 2226 2604 πρὸ
2258 2533 2479 2587 πάντων
2505 2529 2764 2601 εὐμένεια
2787 2529 2899 2592 τοῖς
2926 2527 3092 2593 ὅλοις,

1953 2624 2052 2687 Ὃς
2084 2623 2180 2676 καὶ
2206 2620 2443 2691 σφραγίς
2479 2636 2571 2690 μοι
2604 2618 2770 2674 τῶνδε
2813 2616 2925 2670 τῶν
2959 2616 3350 2687 ψελλισμάτων

1952 2713 2123 2767 Ἐσω.
2155 2711 2236 2765 Τὰ
2259 2710 2306 2764 δ’
2334 2708 2469 2775 ἄλλα
2502 2709 2614 2771 τοῖς
2641 2692 2925 2776 σοφισταῖς
2952 2705 3217 2776 μελλέτω.
3336 2695 3339 2699 ’

2410 2794 2690 2868 pici-953'.
2716 2796 2820 2859 Εἰς
2838 2794 2905 2852 τὸ
2934 2796 3061 2865 ἔαρ.

1949 2892 2153 2966 Χριστέ
2181 2890 2335 2957 ἄναξ,
2370 2889 2429 2954 δς
2454 2887 2553 2960 ἔαρ
2580 2888 2802 2943 θαλέθον
2828 2887 3172 2960 πολυήρατον
3203 2890 3329 2960 ἄρτι

1963 2991 2059 3045 Ἐκ
2085 2986 2318 3059 ζοφεροῦ
2348 2985 2616 3057 χειμῶνος
2644 2984 2978 3055 ἀπηύγασας
3003 2983 3170 3054 ὥριον
3198 2986 3384 3049 ἄνθος.

1952 3079 2137 3135 Πάντα
2164 3077 2209 3132 δ’
2235 3076 2436 3148 ἀνῆκεν
2466 3073 2571 3129 ὑπὸ
2597 3073 2783 3145 χθονὸς
2810 3068 2900 3129 οἶά
2927 3090 2987 3128 τε
3020 3073 3233 3145 τύμϐου

1950 3171 2214 3245 Δεύτερον
2251 3172 2309 3235 ἐς
2337 3166 2605 3239 φαέθοντα
2626 3165 2965 3238 παλίμπνοος
2994 3167 3121 3241 ἄρτι
3154 3168 3406 3241 μολόντες
3426 3185 3445 3203 .

273 3357 493 3412 quoque
535 3342 734 3396 multas
769 3341 1053 3399 meditaris
1104 3343 1160 3399 in
1201 3354 1387 3402 mente
1415 3346 1839 3405 demonstratio-
1866 3352 1910 3412 α
1944 3345 2161 3421 pulsare
2193 3353 2405 3402 tantum
2441 3344 2661 3411 sciunt;
2693 3352 2749 3400 et
2786 3343 3055 3401 rationem
3082 3312 3342 3403 docentes
3362 3344 3528 3417 hujus

273 3433 405 3488 nes?
454 3432 807 3504 linguamque
860 3448 1084 3489 exerces
1134 3442 1295 3490 nocte
1344 3436 1541 3508 dieque
1587 3449 1725 3502 tota.
1787 3438 1845 3495 in

273 3525 476 3580 divinis
542 3525 859 3595 operibus?
911 3528 1159 3582 musicus
1228 3536 1412 3584 autem
1471 3531 1734 3599 exsistis,
1793 3542 1849 3588 et

274 3618 639 3688 rbytbmicam
679 3617 978 3673 exhibuisti
1021 3618 1390 3685 harmoniam,
1430 3623 1613 3679 verbis
1660 3624 1849 3693 explo-

275 3709 448 3763 rando
511 3708 832 3787 abscondita
888 3707 1157 3778 profunda
1211 3710 1302 3765 Dei
1368 3712 1574 3778 multa,
1645 3712 1850 3785 Deique

276 3799 690 3853 creaturarum?
761 3800 1040 3869 quomodo
1096 3801 1476 3870 composuisti,
1535 3803 1684 3857 velut
1730 3805 1849 3876 apis

277 3890 455 3945 mellis
496 3890 699 3956 favum,
731 3892 1203 3962 sapientissimum
1241 3893 1463 3960 librum,
1485 3910 1516 3949 e
1534 3910 1645 3966 quo
1667 3898 1848 3953 omnis

278 3981 532 4044 scientia,
557 3992 618 4036 ut
655 3980 824 4048 fonte,
848 3982 986 4048 ﬂuit,
1013 3982 1128 4050 Dei,
1160 3982 1482 4052 Cherubim,
1506 3988 1849 4057 angelorum,

277 4073 750 4146 archangelorum,
776 4075 1065 4145 spirituum
1097 4076 1365 4140 omnium,
1406 4077 1708 4134 visibilium
1742 4079 1853 4135 for-

279 4181 514 4228 marum,
566 4166 954 4232 mutationum,
1010 4166 1250 4231 virtutis.
1305 4168 1538 4237 peccati,
1596 4168 1849 4235 fortunae,

283 4258 503 4321 mentis,
547 4257 677 4311 vita:
717 4267 772 4314 et
831 4258 955 4315 ﬁnis
1006 4259 1344 4323 mortalium,
1378 4259 1542 4326 lucis,
1596 4262 1853 4316 tenebra-

283 4364 519 4421 rumque
560 4351 892 4416 daemonum,
948 4351 1288 4421 passionum,
1329 4352 1594 4408 miranda:
1639 4354 1707 4409 ad
1742 4363 1853 4409 ter-

281 4457 400 4497 ram
435 4441 650 4497 Domini
680 4442 922 4507 unionis,
957 4451 1012 4496 et
1058 4441 1419 4497 immaculata:
1475 4442 1710 4513 Virginis
1736 4443 1853 4499 Ma-

283 4534 406 4600 tris,
436 4533 726 4591 ineﬂ’abilia
752 4535 959 4599 omnia,
982 4542 1036 4589 et
1088 4532 1270 4589 verbis
1318 4534 1511 4590 altiora
1534 4535 1560 4589 ἲ
1590 4535 1697 4591 Sed
1729 4538 1852 4592 vio-

283 4625 463 4681 lentia:
542 4640 689 4681 nunc
760 4625 1080 4680 bellatorum
1139 4631 1194 4682 et
1264 4625 1594 4690 ebrietates.
1651 4628 1852 4697 quibus

284 4716 612 4787 participare
657 4716 808 4772 dices
863 4716 1109 4773 honestis
1162 4716 1482 4774 indecorum
1526 4732 1670 4785 esse,
1716 4719 1850 4790 quid

286 4808 404 4861 haec
436 4804 502 4859 ad
532 4806 694 4860 rem?
723 4804 856 4860 foris
887 4814 1018 4859 sunt
1055 4806 1269 4861 litterae.
1294 4806 1455 4862 Aliud
1490 4806 1671 4873 miles,
1705 4807 1854 4862 aliud

285 4899 514 4966 militia;
555 4900 644 4957 hic
666 4898 863 4970 aliquis
887 4900 1086 4965 malus,
1122 4900 1238 4956 haec
1275 4900 1481 4971 optima
1516 4910 1717 4956 natura
1747 4910 1852 4957 est.

285 4991 554 5047 Medicina
597 4992 894 5058 salutaris;
944 5006 1087 5062 saepe
1127 5002 1309 5047 autem
1350 4993 1551 5047 accidit
1584 4993 1853 5049 medicum

286 5083 617 5139 homicidam
666 5068 806 5145 esse,
842 5098 912 5138 ne
958 5091 1131 5140 artem
1194 5082 1571 5140 calumnieris.
1610 5084 1729 5139 Non
1774 5086 1853 5141 rei

286 5190 552 5244 unquam,
582 5175 675 5231 sed
721 5188 1080 5245 personarum
1120 5175 1275 5244 culpa
1302 5183 1403 5231 est.
1451 5175 1670 5245 infregit
1709 5176 1853 5245 leges

288 5266 490 5335 aliquis
527 5266 712 5323 rbetor
743 5266 964 5336 saepius,
1002 5284 1069 5323 ne
1120 5268 1341 5323 incuses
1387 5268 1708 5339 eloquentia:
1736 5284 1860 5339 per-

286 5356 649 5412 versitatem:
705 5357 863 5412 aliter
897 5358 1057 5413 malis
1112 5359 1329 5427 quidem
1388 5368 1645 5429 tauquam
1681 5359 1859 5415 malus

289 5458 766 5503 annumeraretur.
800 5448 909 5520 Ego
926 5456 1108 5504 autem
1133 5450 1308 5505 bonos
1358 5458 1571 5520 reputo,
1599 5465 1739 5521 quos
1766 5465 1859 5506 so-

294 5543 407 5595 lum
444 5541 732 5596 bellatores
756 5557 878 5596 esse
906 5542 1041 5605 scio,
1082 5552 1141 5597 ut
1176 5552 1346 5597 artem
1383 5557 1536 5597 suam
1568 5545 1859 5614 possiden-

294 5644 413 5699 tes;
450 5642 505 5689 et
556 5633 801 5689 musicos
838 5634 1009 5704 lyram
1046 5635 1346 5705 pulsantes,
1404 5635 1499 5705 qui
1533 5636 1672 5697 bene
1695 5648 1699 5657 '
1722 5638 1863 5697 hanc

362 5787 410 5820 ⁸⁸
446 5786 735 5845 Correetor
760 5789 929 5860 πηγή.
1001 5788 1215 5875 ὀξεῖαι
1241 5788 1511 5859 ἁργέλων.

1947 3438 2104 3502 artis,
2127 3436 2229 3493 etsi
2261 3449 2541 3506 nunquam
2567 3431 2823 3490 manibus
2856 3434 3032 3507 lyram
3072 3442 3335 3506 tangant;
3368 3435 3525 3492 simi-

1948 3528 2070 3585 liter
2104 3528 2336 3600 equites,
2361 3527 2679 3597 scriptores,
2702 3538 2897 3583 omnes
2918 3525 3176 3590 artiﬁces,
3204 3525 3523 3592 statuarios,

1948 3620 2290 3690 lignifabros,
2327 3618 2644 3689 lapidarias,
2669 3630 2971 3691 quemque,
3010 3618 3109 3690 qui
3133 3617 3269 3673 artis
3312 3624 3525 3672 tantum

1949 3708 2236 3768 scientiam
2267 3711 2449 3768 habet.
2482 3712 2550 3768 Et
2571 3715 2686 3771 hac
2718 3712 2939 3785 quidem
2967 3723 3101 3767 sane
3126 3723 3282 3765 mens
3319 3706 3527 3764 frustra

1949 3806 2169 3876 obiecit.
2225 3804 2413 3862 Potius
2444 3814 2527 3862 est
2587 3806 2691 3863 ista
2731 3804 3037 3877 justissima
3093 3801 3361 3866 ratio,ut
3410 3800 3529 3870 ipse

1951 3906 2080 3954 tuus
2129 3910 2313 3954 sermo
2370 3897 2630 3965 ostendit,
2691 3912 2764 3953 ne
2822 3894 3218 3953 convenienter
3264 3891 3529 3948 doctrina

1950 3992 2263 4064 expertibus
2297 3991 2710 4048 committantur
2767 3988 3013 4062 gentium
3072 3994 3128 4041 et
3184 3980 3529 4041 exercituum

1952 4082 2342 4158 gubernacula.
2373 4082 2435 4139 Si
2468 4083 2614 4139 enim
2650 4082 2737 4138 bis
2762 4079 3185 4151 imperantibus,
3210 4090 3378 4133 omne
3404 4089 3526 4130 ma-

1952 4169 2066 4233 lum
2091 4176 2347 4246 imperat,
2374 4172 2637 4239 ebrietas,
2678 4170 2951 4243 tyrannis,
2980 4166 3279 4232 violentia,
3324 4164 3527 4228 cades,

1951 4266 2307 4333 vastationes,
2341 4264 2547 4329 clades,
2576 4263 2961 4326 incarceratio,
2980 4259 3317 4332 captivitas;
3354 4263 3527 4329 patet,

1915 4359 2349 4455 imperntibus
2384 4358 2615 4414 istorum
2639 4354 2955 4420 contrariis,
2982 4352 3378 4424 imperaturum
3406 4362 3529 4407 esse

1955 4433 2378 4613 ἕψω,
2434 4448 2872 4521 temperantiam.
2906 4443 3257 4519 probitatem,
3305 4441 3526 4497 fortitu—

1955 4542 2135 4597 dinem
2230 4540 2561 4603 rudentium,
2598 4539 2770 4594 robur
2808 4531 2876 4592 ad
2913 4534 3152 4599 labores,
3200 4539 3395 4588 contra
3421 4530 3525 4589 ho-

1954 4530 2561 4603 dinemerudentiam,
2598 4539 2770 4594 robur
2808 4531 2876 4592 ad
2913 4534 3152 4599 labores,
3200 4539 3395 4588 contra
3421 4530 3525 4589 ho-

1957 4644 2066 4690 stes
2093 4632 2369 4706 peritiam,
2385 4632 2521 4687 aciei
2544 4631 2743 4687 bonam
2775 4628 3213 4698 dispositionem,
3240 4624 3524 4690 victoriae,

1956 4725 2283 4796 triumphos,
2318 4722 2573 4794 gloriam,
2622 4721 3001 4777 Romanorum
3052 4717 3368 4789 imperium,
3430 4714 3527 4771 Dei

1955 4826 2081 4873 ante
2113 4816 2219 4871 alia
2265 4816 2320 4870 in
2370 4829 2565 4870 omnes
2624 4811 3091 4875 benevolentiam;
3130 4809 3225 4881 qui
3261 4808 3527 4865 horumce

1954 4907 2260 4965 carminum
2309 4904 2521 4978 sigillus
2569 4903 2703 4960 mihi
2731 4903 2856 4968 erit.
2883 4902 3090 4959 (latera
3120 4898 3388 4973 sophistis
3413 4908 3530 4956 ser-

1955 5009 2171 5056 ventur.

2500 5127 2759 5188 161-163.
2798 5127 2868 5185 In
2900 5143 3003 5183 ver.

2028 5267 2141 5323 Rex
2169 5266 2406 5329 Christe,
2430 5274 2485 5319 tu
2509 5280 2602 5319 ver
2624 5264 2875 5320 ﬂoridum
2904 5264 3049 5319 votis
3083 5269 3339 5319 vocatum
3367 5262 3531 5316 modo

1957 5378 1990 5420 e
2027 5362 2308 5419 tenebrosa
2361 5368 2683 5430 tempestate
2738 5359 3024 5429 splendere
3068 5352 3271 5422 fecisti,
3296 5356 3524 5426 conspi-

1958 5470 2120 5510 cuum
2144 5451 2351 5508 liorem.
2371 5450 2567 5508 Omnia
2586 5466 2617 5508 ο
2645 5460 2788 5507 terra
2811 5455 3141 5520 exsurgunt,
3175 5456 3234 5503 ut
3260 5461 3291 5503 e
3314 5448 3527 5504 tumqu

1958 5546 2053 5617 qui
2105 5545 2171 5599 ad
2232 5544 2526 5601 secundam
2591 5544 2761 5597 vitam
2824 5541 2963 5596 redit
3007 5538 3308 5601 redivivus.
3356 5539 3542 5613 modo.

1960 5620 2235 5706 crescunt;
2278 5636 2462 5695 omnia
2486 5642 2839 5701 exornantur,
2876 5641 2932 5691 et
2958 5640 3150 5690 ornatu
3189 5628 3528 5688 iloretmun-
