4232 6434
234 401 338 463 989

237 509 426 580 ιιατὴρ
456 510 572 578 ἐρεῖ
594 525 676 562 σοι
709 508 903 576 ταῦτα,
929 511 1242 583 πρεσϐύτης
1267 513 1444 583 γέρων
1465 530 1478 544 ·

250 599 422 670 Ἀδὰμ
448 601 510 653 τὸ
539 601 755 671 πρῶτον
781 603 855 666 ὡς
888 603 1163 674 διέσπειρε
1194 606 1406 672 γόνους,

236 691 490 761 Ἐνειμεν
515 692 663 762 ἔθνη,
689 694 783 747 καὶ
815 696 1046 749 καθίστα
1078 699 1201 761 τοὺς
1224 698 1381 767 ὅρους
1407 713 1419 726 ·

236 783 462 848 Ἀλλους
488 784 585 855 μέν
614 786 796 850 ἄλλοις
827 788 1097 856 ἀγγέλοις,
1135 791 1450 852 ἐπιστάταις
1479 806 1491 819 ·

232 876 404 938 Αὐτὸς
438 876 482 927 δ’
522 878 700 949 ἐαυτῷ
740 879 941 950 κλῆρον
971 882 1152 951 εἴληχε
1192 885 1358 952 μόνῳ,

231 969 338 1019 Τὸν
377 970 592 1040 Ἰσραὴλ
623 972 931 1042 σχοίνισμα,
961 977 1088 1037 τοὺς
1126 975 1460 1045 Ἀϐραμίδας
1484 992 1497 1006 θ

243 1058 550 1130 Ὀφθαλμὸς
578 1057 644 1131 ἧν
673 1062 950 1132 ἄγρυπνος
992 1065 1142 1131 αὑτῷ
1170 1065 1524 1136 προσϐὶέπων
1547 1082 1560 1094 ·

235 1153 423 1222 Ιιηγὴν
455 1155 684 1222 ῥέουσαν
710 1157 808 1227 τὴν
835 1158 1062 1228 ἄνυδρον
1101 1157 1335 1212 δεικνύει
1359 1175 1369 1186 ·

234 1244 615 1313 Παρεμὸαλὼν
639 1247 870 1318 ἕστηκεν
902 1251 980 1311 εἰς
1008 1251 1252 1320 φρουρὰν
1281 1250 1464 1318 κύκλῳ
1487 1266 1498 1277 ·

246 1335 336 1398 Ὧς
363 1338 605 1406 ὅμματό;
631 1357 714 1403 τις
745 1341 1042 1412 ἐξετήρησε
1078 1342 1248 1412 κόρην
1268 1360 1282 1376 ο

245 1429 334 1492 Ὠς
363 1431 516 1494 ἀετὸς
538 1433 796 1503 πτέρυξιν
823 1429 882 1487 εὖ
911 1435 1261 1505 ήπλωμέναις

236 1522 490 1591 Συνεῖχεν
519 1525 740 1587 αὐτοὺς,
770 1521 884 1595 εἶχε
914 1528 1007 1580 καὶ
1035 1527 1387 1596 μεταφρένων

236 1614 482 1683 ’Ύπερθε
522 1617 759 1686 χρυσῶν,
786 1619 860 1682 ῶς
891 1621 1143 1683 νεοσσοὺς
1171 1622 1358 1690 ἠγάπα
1387 1639 1399 1652 ’

249 1704 471 1772 Ἀνῆξεν
499 1710 577 1771 είς
606 1709 708 1779 γῆν
741 1712 919 1781 ἰσχύος
958 1713 1348 1783 πεπλησμένην
1375 1731 1387 1746 ·

239 1795 458 1849 Πολλῶν
484 1799 716 1870 ἔπλησεν
746 1801 948 1870 ἡδονῶν
971 1801 1164 1873 πικρὸν
1198 1803 1393 1872 στόμα.

241 1887 464 1942 Ἔλαιον
490 1890 783 1962 ἐξέρρευσε
820 1893 915 1946 καὶ
941 1893 1063 1962 μέλι
1099 1895 1306 1964 πέτρας
1330 1909 1344 1924 °

236 1979 386 2032 Βοῶν
417 1983 580 2034 καλὸν
610 1983 861 2056 τύρωμα,
899 1985 1231 2056 θρεμμάτων
1259 1987 1420 2055 γάλα,

250 2073 476 2144 Ἀρνῶν,
503 2077 729 2148 ἐρίφων,
762 2080 926 2149 στέαρ
959 2082 1024 2132 ἐκ
1061 2081 1278 2150 μόσχων
1303 2082 1457 2135 νέων.

236 2159 386 2234 Αἷμα
415 2168 687 2238 σταφυλῆς
715 2170 833 2240 ἡδὺ,
863 2171 959 2224 τοῦ
987 2172 1160 2240 πυροῦ
1190 2173 1387 2243 κράτος

249 2259 337 2321 Ὡς
362 2261 552 2329 χόρτον
580 2257 744 2332 εἶχον,
785 2265 961 2316 πάντα
999 2267 1161 2318 πᾶσιν
1182 2269 1236 2319 ὲτ
1249 2265 1454 2336 ρύφων.

237 2350 508 2419 Πλησθεὶς
554 2353 744 2408 Ἰακὼϐ
776 2357 1086 2421 ἐξελάκτισε
1130 2359 1271 2429 μέγα
1301 2376 1314 2390 ⁸

250 2440 339 2505 Ὦς
373 2445 651 2517 εὖτραφής
681 2465 784 2512 τις,
817 2449 890 2512 ὡς
923 2450 1128 2514 πλατύς
1150 2469 1207 2504 τε
1240 2452 1334 2504 καὶ
1371 2453 1568 2521 μέγας,

247 2534 338 2596 Ὠς
371 2536 546 2600 πῶλος
586 2539 760 2592 ἄττων
788 2541 880 2593 τοῦ
905 2541 1039 2594 Θεοῦ
1065 2544 1396 2613 παρετράπη
1425 2562 1437 2573 ·

239 2628 535 2697 Κρημνοὺς
572 2630 627 2682 δὲ
666 2633 756 2683 καὶ
786 2632 1076 2700 φάραγγας
1108 2627 1222 2704 εἶχε
1250 2635 1342 2686 καὶ
1370 2637 1570 2704 πέτρας
1595 2650 1610 2664 ⁸

243 2717 444 2770 Ἐθυσε
485 2723 719 2790 μικροῖς,
756 2722 857 2790 φεῦ
885 2725 896 2775 !
940 2724 1100 2786 θεοῖς,
1130 2727 1223 2776 καὶ
1248 2728 1602 2795 προσφάτοις,

238 2806 395 2870 Θεοῖς
426 2809 754 2878 βδελυκτοϊς,
783 2812 876 2875 οὓς
904 2813 1147 2882 ἔγνωσαν
1174 2808 1407 2870 οὐδέπω.

239 2901 430 2954 Λιπὼν
459 2902 523 2955 σὺ
555 2903 645 2956 τὸν
673 2906 900 2960 τεκόντα
937 2909 1029 2960 καὶ
1061 2909 1302 2974 σώζοντα
1335 2926 1390 2961 σε

239 2993 408 3056 Θεοὺς
435 2995 638 3058 ἐποίεις
670 2998 794 3060 τοὺς
822 2999 1082 3063 τεκόντας
1106 3003 1204 3072 τὴν
1234 3002 1461 3070 πλάνην.

241 3079 364 3137 Εἷδε
400 3086 458 3138 τὸ
489 3087 715 3157 φρικτὸν
745 3089 898 3158 ὄμμα
922 3094 1017 3146 καὶ
1052 3093 1204 3162 ζηλοί
1237 3095 1376 3161 μέγα
1398 3112 1410 3123 ·

241 3176 426 3248 Θυμοῢ
455 3180 736 3249 γεμισθὲν,
776 3177 928 3235 εἶπεν
953 3200 966 3212 ·
1016 3185 1431 3257 Ἐξαποστρέψω

1545 403 1885 464 ΕΑΒΜΙΝᾹ
1917 403 2166 462 VARIA.

1828 524 1872 577 Α
1909 512 2202 581 Πρόσωπον
2238 511 2369 574 ἰδοὺ,
2404 515 2516 575 τοῖς
2548 507 2834 579 στραφεῖσι
2858 504 2957 568 τὰς
2985 502 3194 575 φρένας
3220 519 3235 533 ⁶

3387 394 3496 456 990

1920 603 2034 672 [lup
2063 606 2412 665 ἐκκέκαυται,
2448 603 2618 673 θυμὸς
2648 603 2691 632 ¹⁰
2719 599 2864 671 ἤρθη
2902 597 3002 651 καὶ
3039 596 3215 666 φλέγει

1918 697 2028 750 Kal
2057 698 2161 766 γῆν
2184 698 2352 769 φάγῃ,
2381 696 2625 765 καρπούς
2653 713 2710 748 τε
2744 694 2837 748 καὶ
2868 691 2937 744 τὰ
2975 691 3077 759 γῆς
3121 689 3283 759 βάθη,

1917 791 2026 843 Καὶ
2051 792 2158 843 πᾶν
2192 789 2405 852 συνάξω
2429 789 2599 842 δεινὸν
2638 789 2717 851 εἰς
2752 785 2950 847 αὐτοὺς
2980 784 3142 850 τάχος
3164 797 3176 809 ’

1920 884 2034 936 Πᾶν
2065 882 2377 943 ἐκκενώσας
2403 881 2502 950 τῆς
2539 880 2817 950 φαρέτρας
2846 895 2951 948 μου
2985 874 3136 946 βέλος
3168 872 3207 903 ¹¹
3235 910 3250 935 ο

1918 976 2076 1045 Λιμῷ
2100 977 2336 1047 τακήσῃ.
2372 974 2574 1045 βρῶσις
2604 973 2803 1041 ὀρνέων
2834 973 2963 1040 ἔσῃ·

1922 1071 2079 1132 Γένος
2109 1069 2365 1138 πονηρὸν,
2399 1067 2606 1135 πλῆρες
2641 1065 2720 1118 ἰοῦ
2750 1066 2960 1135 θηρίον,

1923 1165 2150 1230 Πικραῐς
2183 1161 2491 1229 τεμνόντων
2525 1158 2940 1227 συντελεσθείσῃ
2968 1157 3167 1218 πάθαις
3201 1154 3265 1198 "-

1925 1253 2103 1306 Στελῶ
2137 1254 2256 1304 κατ’
2285 1254 2463 1305 αὐτῶν
2493 1251 2666 1320 θῆρας
2712 1250 3110 1320 ἠγριωμένους,

1925 1348 2070 1411 Ἐξω
2103 1347 2396 1415 μαχαίρας,
2428 1348 2486 1398 ἐν
2517 1344 2762 1414 ταμείοις
2789 1343 2915 1405 τοὺς
2951 1342 3171 1411 φόϐους,

1930 1439 2098 1510 Ὁμοῦ
2123 1440 2178 1492 δὲ
2207 1441 2399 1504 πάντα,
2428 1438 2682 1509 παρθένῳ
2708 1437 2943 1499 νεανίας,

1921 1533 2029 1584 Καὶ
2062 1531 2158 1582 σὺν
2197 1530 2414 1598 γέροντι
2449 1527 2651 1598 μαστὸν
2679 1526 2836 1578 ἕλκον
2863 1522 3091 1578 παιδίον.

1922 1619 2112 1685 Εἶπον,
2150 1619 2444 1691 Διασπερῶ
2479 1637 2558 1681 σε,
2594 1619 2744 1687 θήσω
2766 1619 3070 1685 νωνύμους,

1921 1715 1984 1767 El
2011 1715 2086 1785 μὴ
2116 1715 2180 1766 δι’
2213 1713 2382 1784 ὀργὴν
2408 1712 2696 1783 βαρϐάρων
2729 1709 3116 1780 παραφρόνων,

1922 1807 2478 1879 Μακροχρονούντων,
2513 1807 2587 1878 μὴ
2617 1802 3016 1875 συνεκτρίψωσί
3049 1818 3131 1866 σε,

1845 1898 1891 1957 Β
1922 1901 2029 1954 Kal
2061 1901 2410 1970 κομπάσωσι,
2440 1901 2533 1954 καὶ
2563 1899 2839 1968 λαλήσωσι
2876 1896 3018 1967 μέγα
3042 1911 3059 1926 ·

1934 1993 2121 2062 Ἦμῶν
2143 1993 2333 2062 ἔδρασε
2360 1991 2534 2046 ταῦτα
2571 1991 2712 2061 χεὶρ,
2743 1991 2804 2043 οὑ
2842 1989 3045 2058 Κυρίου
3072 2004 3084 2016 ·

1923 2085 2113 2148 Ἕθνος
2152 2085 2262 2154 γὰρ
2300 2085 2472 2154 ἄφρον
2499 2083 2595 2135 καὶ
2622 2077 3211 2150 παρεκτετραμμένον·

1934 2178 2255 2248 Ἐσύστερον
2281 2177 2337 2229 δὲ
2361 2175 2532 2229 ταῦτα
2561 2176 2882 2243 γενήσονται
2929 2171 3073 2240 τάχα

1919 2264 2180 2329 Διῶξεται
2219 2268 2328 2335 γὰρ
2355 2259 2436 2327 εἷς
2472 2265 2631 2334 μόνος
2663 2263 2779 2323 πῶς
2812 2261 3040 2331 χιλίους,

1921 2360 2029 2412 Καὶ
2055 2359 2279 2429 μυρίους
2308 2356 2548 2410 κ).ινοῦσι
2581 2355 2696 2418 πῶς
2732 2355 2881 2424 μόνοι
2905 2353 3000 2406 δύο
3028 2369 3042 2415 ;

1923 2452 1984 2504 Εἰ
2019 2453 2092 2522 μὴ
2124 2452 2257 2513 θεὸς
2288 2451 2574 2520 πέπρακεν
2606 2449 2807 2510 αὐτοὺς
2847 2448 2928 2510 είς
2969 2446 3183 2514 φθόνον,

1921 2545 2033 2596 Kal
2063 2545 2250 2612 χερσιν
2282 2543 2547 2596 ἐκδέδωκε
2577 2544 2692 2604 ταῖς
2721 2540 3002 2592 ἐναντίων.

1922 2638 2048 2690 θεοὶ
2084 2638 2192 2706 γὰρ
2229 2637 2407 2691 αὐτῶν
2433 2637 2583 2690 οὐδὲν
2614 2633 2721 2688 ἶσοι
2761 2635 2839 2703 τῷ
2869 2634 3034 2704 μόνῳ.

1925 2732 2276 2799 Παραφρονῇ,
2307 2730 2575 2798 μέμηνας,
2607 2728 2734 2797 ἔθνη
2766 2728 2833 2780 τὰ
2865 2726 3012 2792 ξένα,

1923 2821 2017 2885 Οἷς
2052 2823 2294 2892 ἄμπελος
2327 2823 2424 2889 μὲν
2455 2820 2703 2889 Σοδόμων
2736 2821 2831 2873 καὶ
2860 2821 3167 2888 Γομόρρας,

1923 2911 2098 2979 Χολῆς
2124 2910 2390 2979 σταφυλὴ,
2435 2909 2659 2980 πικρίας
2690 2909 2904 2978 πλήρης
2937 2907 3151 2978 βότρυς,

1922 3001 2103 3070 Θυμὸς
2130 3001 2436 3070 δρακόντων
2467 2997 2628 3063 οἶνος,
2671 2999 2745 3061 lo;
2768 2999 3010 3050 ἀσπίδων

1923 3097 1997 3148 Οὐ
2039 3096 2392 3165 συμφορήσας
2422 3095 2734 3163 ἐσφράγισα
2761 3090 2936 3144 ταῦτα
2969 3107 3081 3159 μοι,

1924 3188 2031 3242 Καὶ
2065 3188 2239 3241 πάντα
2286 3189 2458 3240 κεῖται
2493 3184 2588 3238 νῦν
2611 3183 3128 3256 τεθησαυρισμένα;

240 3365 296 3411 et
324 3359 536 3414 intuere
559 3370 764 3430 quanta
793 3362 903 3417 luis
930 3361 1160 3416 dederit.
1190 3361 1348 3416 Pater
1376 3363 1518 3417 dicet
1548 3365 1676 3419 illud
1704 3367 1819 3430 tibi,
1852 3371 1892 3425 C
1928 3376 1981 3419 et
2019 3364 2375 3428 inﬂammata,
2409 3373 2463 3418 et
2509 3374 2709 3418 terram
2750 3363 3050 3425 devoravit,
3104 3361 3423 3432 fructusque
3453 3375 3510 3420 et

239 3451 395 3507 senio
425 3452 708 3508 confectus
744 3471 756 3507 :
795 3455 988 3508 Adami
1021 3457 1255 3525 primum
1292 3466 1350 3510 ut
1381 3458 1826 3513 dissemiuaverit

243 3538 403 3611 ﬁlios,
448 3546 696 3602 diviserit
745 3556 967 3616 gentes,
1017 3557 1072 3602 et
1123 3550 1388 3602 terminos
1439 3553 1822 3616 constituerit;

241 3637 380 3692 alios
415 3636 634 3704 quidem
669 3637 791 3691 aliis
815 3638 1022 3707 angelis
1048 3639 1379 3705 praesidibus
1401 3682 1414 3704 ,
1447 3641 1539 3693 sed
1578 3642 1691 3709 ipse
1722 3642 1824 3694 sibi

242 3730 548 3800 portionem
591 3730 693 3785 soli
741 3731 981 3784 servavit
1027 3730 1245 3785 lsraclis
1282 3732 1619 3799 funiculum,
1655 3734 1829 3787 Abra-

245 3823 451 3878 midum
481 3838 671 3894 genus.
697 3822 904 3878 Oculus
930 3823 1030 3882 fuit
1063 3825 1296 3894 vigilans
1324 3825 1448 3880 illos
1469 3827 1826 3898 custodiens;

245 3917 449 3970 fontem
519 3915 775 3970 fluentem
843 3915 1056 3976 aridum
1125 3917 1400 3982 ostendit;
1459 3918 1826 3971 circumduxit

244 4019 298 4063 et
338 4008 527 4063 statuit
559 4008 612 4062 in
649 4007 974 4071 custodiam,
1009 4016 1064 4076 ut
1102 4007 1306 4077 aliquis
1348 4009 1646 4063 custotlivit
1680 4011 1825 4064 oculi

244 4100 506 4170 pupillam
545 4118 558 4154 :
608 4108 667 4152 ut
713 4099 893 4167 aquila
927 4099 1030 4160 alis
1069 4101 1328 4167 expansis
1359 4103 1659 4170 assumpsit
1707 4118 1823 4169 eos,

243 4195 479 4262 tulitque
516 4209 681 4264 super
715 4209 916 4248 aureos
953 4193 1231 4256 humeros,
1273 4203 1330 4246 ut
1365 4193 1542 4262 pullos
1572 4195 1777 4247 amavit
1812 4213 1825 4248 :

244 4286 474 4340 adduxit
518 4301 613 4341 eos
668 4287 722 4340 in
769 4297 970 4340 terram
1029 4285 1226 4340 robore
1284 4285 1592 4340 refertam:
1643 4287 1827 4341 multis

246 4379 489 4448 implevit
525 4379 738 4434 deliciis
769 4395 832 4433 os
859 4395 1132 4434 amarum.
1166 4378 1358 4432 Oleum
1391 4388 1443 4433 et
1480 4379 1583 4434 mel
1614 4395 1644 4433 e
1677 4390 1828 4448 petra

246 4475 466 4537 eduxit;
495 4472 751 4542 butyrum
785 4487 815 4525 e
843 4471 1025 4526 vaccis
1065 4472 1288 4535 bonum,
1323 4472 1407 4525 lac
1441 4487 1470 4524 e
1503 4472 1825 4540 pecudibus,

245 4583 309 4620 ex
343 4565 521 4635 agnis,
558 4565 822 4619 arietibus
851 4573 904 4619 et
941 4564 1145 4618 teneris
1171 4565 1355 4618 vitulis
1398 4565 1634 4634 adipem.
1684 4565 1825 4619 San-

245 4661 466 4730 guinem
507 4674 623 4712 uva:
651 4657 977 4724 jucundum,
1021 4656 1180 4710 tritici
1215 4656 1504 4710 medullam
1551 4658 1603 4710 in
1636 4658 1818 4711 cibum

209 4746 211 4749 ’
247 4752 589 4813 habuerunt,
640 4751 897 4804 omnibus
937 4751 1114 4805 modis
1156 4751 1391 4805 deliciati
1428 4761 1575 4804 sunt.
1617 4751 1820 4820 lmpitt-
1853 4731 1902 4790 D

247 4854 445 4914 gnatus
495 4843 662 4898 Jacoh
716 4844 948 4897 multum
988 4845 1378 4908 recalcitravit,
1415 4845 1557 4898 velut
1599 4846 1822 4914 quidam

248 4937 608 4998 incrassatus,
640 4935 903 4988 dilatatus
933 4943 986 4988 et
1013 4935 1281 4996 elevatus,
1315 4945 1371 4988 ut
1403 4951 1578 5003 equus
1611 4933 1825 4991 fervens

248 5043 278 5083 a
323 5027 434 5082 Deo
476 5042 702 5083 aversus
737 5037 839 5081 est.
879 5025 1018 5080 Loca
1059 5027 1287 5096 abrupta
1312 5067 1325 5090 ,
1365 5027 1551 5082 fauces
1580 5035 1632 5081 et
1667 5043 1824 5096 rupes

250 5120 472 5185 habuit;
509 5121 816 5173 immolavit
856 5120 1078 5183 vilibus,
1142 5121 1285 5172 heu!
1337 5121 1440 5174 diis
1487 5129 1538 5174 et
1583 5121 1825 5174 recenti-

248 5213 354 5269 bus
379 5254 394 5276 ,
425 5211 528 5265 diis
567 5211 1072 5280 centetnptibilibus
1113 5224 1251 5278 quos
1296 5224 1575 5279 nunquam
1627 5224 1828 5279 cogno-

249 5315 463 5361 verant.
499 5304 894 5373 Derelinquens
931 5319 1056 5359 eum
1093 5303 1183 5372 qui
1233 5313 1283 5357 te
1311 5304 1499 5373 genuit
1533 5313 1588 5358 et
1617 5305 1825 5357 salvum

251 5399 407 5464 fecit,
457 5399 588 5453 deos
641 5397 818 5453 fecisti
866 5397 962 5468 qui
1017 5412 1259 5452 errorem
1304 5409 1624 5465 genueram.
1683 5395 1830 5451 Vidit

253 5490 568 5547 tremendus
601 5491 794 5545 oculus
831 5499 885 5545 et
921 5491 1095 5544 iratus
1140 5498 1223 5544 est
1268 5489 1456 5554 valde,
1494 5490 1680 5559 iraque
1713 5491 1827 5559 plc-

254 5602 359 5640 nus
387 5585 523 5639 dixit
556 5603 568 5637 :
604 5585 741 5640 Ecce
779 5584 970 5640 faciem
999 5592 1238 5638 avertam
1266 5585 1333 5638 ab
1362 5583 1446 5637 his
1483 5585 1576 5652 qui
1605 5599 1826 5638 aversas

255 5676 457 5729 habent
497 5685 725 5731 mentes.
770 5673 912 5746 Ignis
959 5689 1259 5730 succensus
1306 5683 1422 5740 est,
1457 5674 1535 5728 ira
1571 5676 1713 5730 elata
1744 5683 1827 5731 est

332 5859 374 5889 ιο
407 5856 531 5924 ch.
569 5855 762 5926 θυμός.
842 5857 878 5887 ¹¹
926 5857 1015 5912 Sic
1049 5872 1234 5928 supra,
1272 5855 1367 5913 scd
1396 5857 1451 5912 in
1487 5863 1636 5913 textu
1665 5857 1810 5926 λόγε.

1930 3460 2156 3528 abyssos
2198 3469 2374 3520 terra},
2404 3467 2458 3511 et
2486 3474 2648 3510 omne
2682 3459 2877 3510 malum
2914 3457 2965 3510 iu
3001 3472 3096 3509 eos
3135 3457 3245 3510 cito
3279 3471 3509 3524 congre-

1930 3553 2087 3620 gabo.
2125 3550 2352 3606 Omnem
2380 3551 2686 3605 exhausisti
2723 3551 2996 3620 pharetra:
3031 3565 3166 3604 mea:
3211 3550 3504 3617 sagittam;

1931 3645 2073 3699 fame
2103 3645 2467 3705 consumeris,
2501 3657 2626 3720 esca
2653 3644 2835 3695 avium
2880 3642 3010 3704 eris,
3041 3657 3212 3710 genus
3255 3656 3508 3710 pravum,

1931 3739 2086 3807 plena
2118 3751 2329 3791 vcueuo
2379 3736 2592 3800 bellua,
2634 3735 2847 3790 acerbis
2891 3732 3292 3787 vulnerantium
3329 3743 3513 3785 vasta-

1930 3829 2075 3883 beris
2117 3828 2332 3898 gladiis.
2366 3826 2574 3880 Mittam
2613 3827 2665 3880 in
2698 3840 2792 3879 eos
2832 3825 3038 3879 bestias
3064 3822 3341 3883 efferatas,
3381 3821 3514 3877 foris

1929 3934 2113 3982 enses,
2146 3921 2198 3972 in
2227 3918 2497 3972 cubiculis
2524 3926 2804 3980 terrores;
2836 3917 3107 3984 simulque
3131 3930 3256 3970 cum
3300 3914 3514 3983 virgine

1927 4012 2194 4080 juvenes,
2236 4026 2361 4064 eum
2417 4025 2546 4065 sene
2594 4011 2882 4065 lactentem
2940 4009 3224 4079 parvulum
3259 4017 3512 4062 vastave-

1933 4113 2080 4157 runt.
2118 4103 2261 4167 Dixi,
2286 4102 2606 4173 Dispergam
2647 4111 2720 4167 te,
2767 4102 3058 4171 inglorium
3094 4109 3353 4163 statuam,
3404 4098 3511 4154 nisi

1933 4205 2155 4266 propter
2191 4195 2328 4248 iram
2373 4195 2589 4249 barbari
2619 4195 2943 4262 insipientes
2967 4204 3019 4247 et
3049 4202 3264 4263 tempus
3301 4192 3510 4261 produ-

1935 4301 2156 4353 centes,
2206 4302 2314 4340 non
2367 4295 2419 4340 te
2459 4285 2868 4351 destruxerint,
2910 4295 2964 4338 et
3019 4283 3234 4353 gloriati
3293 4284 3403 4337 sint
3458 4288 3517 4335 et

1934 4397 2128 4452 magna
2181 4381 2249 4435 de
2298 4395 2356 4435 se
2407 4380 2573 4433 locuti
2627 4379 2830 4432 fuerint
2885 4396 2898 4431 :
2957 4377 3157 4431 Nostra
3212 4376 3342 4433 fecit
3398 4377 3516 4431 haec

1933 4489 2150 4535 manus,
2190 4481 2243 4526 et
2269 4487 2373 4525 non
2408 4487 2604 4525 manus
2637 4470 2876 4524 Domini.
2905 4469 3052 4524 Gens
3084 4470 3232 4524 enim
3265 4469 3430 4522 stulta
3462 4479 3516 4520 et

1938 4580 2190 4635 perversa
2226 4573 2327 4618 est.
2373 4561 2434 4618 ιιι
2489 4572 2767 4632 posterum
2806 4572 2988 4616 autem
3039 4563 3155 4616 haec
3204 4561 3335 4615 fient
3383 4562 3514 4614 cito.

1940 4659 2227 4725 Quomodo
2272 4658 2418 4712 enim
2473 4667 2832 4725 persequetur
2881 4672 3024 4709 unus
3087 4655 3265 4718 mille,
3313 4664 3368 4709 et
3408 4656 3515 4708 alno

1931 4759 2140 4804 tantum
2187 4749 2373 4802 decem
2409 4747 2579 4804 millia
2632 4746 2941 4817 fugabuntl
2989 4746 3091 4800 nisi
3136 4746 3279 4800 Deus
3321 4747 3516 4800 vendi-

1931 4844 2100 4897 disset
2125 4856 2221 4896 eos
2245 4841 2296 4894 in
2336 4839 2652 4910 opprobria,
2689 4846 2745 4893 et
2773 4839 3030 4893 manibus
3072 4838 3390 4892 tradidisset
3423 4839 3516 4889 atl-

1931 4936 2315 4991 versariorum.
2348 4933 2430 4987 Dii
2451 4934 2597 4987 enim
2621 4947 2812 4988 eorum
2846 4948 2954 4986 non
2983 4934 3085 4988 soli
3123 4932 3231 4987 Deo
3255 4933 3516 5002 aequales.

1933 5029 2250 5096 lnsipientes
2285 5026 2586 5088 furebatis,
2621 5027 2813 5080 aliena:
2848 5036 3068 5094 gentes,
3111 5025 3315 5094 quibus
3360 5027 3516 5076 vinea

1931 5129 2048 5174 erat
2098 5118 2471 5172 Sodomorum
2509 5129 2563 5171 et
2595 5118 2939 5179 Gomorrhaa,
2973 5131 3078 5170 uva
3120 5115 3282 5178 fellis,
3323 5116 3518 5170 botrus

1935 5212 2296 5266 amaritudine
2348 5211 2564 5281 plenus,
2617 5209 2687 5263 fel
2734 5211 3037 5264 draconum
3091 5211 3318 5273 vinum,
3355 5228 3519 5263 vene-

1934 5321 2059 5358 nmn
2103 5303 2373 5372 aspidum.
2431 5302 2623 5356 Nonne
2659 5318 2966 5372 congercns
3023 5303 3123 5357 ista
3173 5303 3307 5356 mihi
3364 5303 3513 5356 obsi-

1932 5398 2112 5465 gnavi,
2154 5404 2208 5451 et
2241 5396 2426 5449 omnia
2455 5403 2677 5449 exstant
2714 5410 2858 5448 nunc
2891 5395 3306 5450 thesaurizata?
3341 5394 3392 5445 in
3431 5394 3517 5446 die

1934 5488 2157 5542 ultionis
2209 5488 2326 5542 hate
2379 5489 2614 5544 solvent.
2666 5487 2907 5557 Tempus
2958 5503 3127 5558 prope
3177 5496 3278 5543 est.
3323 5497 3518 5539 acutus

1929 5562 2029 5633 est’
2063 5581 2243 5643 ensis,
2301 5595 2487 5634 arcum
2531 5580 2774 5643 tetendi,
2833 5580 2887 5632 in
2933 5595 3100 5634 nervo
3156 5587 3240 5632 est
3293 5579 3511 5647 sagitta.

1929 5673 2204 5727 Judicabit
2255 5687 2350 5728 eos
2388 5671 2690 5738 Dominus,
2726 5681 2781 5728 et
2835 5675 3014 5729 servis
3058 5671 3281 5728 oculum
3332 5671 3515 5741 propi-

1895 5860 1934 5889 ”
1961 5856 2084 5925 Leg.
2126 5857 2524 5929 συντελεσθήσῃ
2563 5860 2818 5925 σπάθαις.
