4232 6434
706 391 806 456 ῃῃι
1969 397 2286 461 JOANNIS
2323 400 2757 468 GEOMETILE

725 513 809 563 Ἐν
842 510 1024 582 ἡμέρα
1050 511 1261 566 τίσουσι
1286 511 1455 566 ταῦτα
1479 512 1577 581 τῆς
1609 513 1786 582 δίκης.

720 602 779 654 '0
809 605 996 672 καιρὸς
1028 606 1216 672 ἐγγυς,
1243 607 1503 675 ἡκόνηται
1541 607 1602 659 τδ
1628 606 1796 674 ξίφος,

711 694 785 746 Τὸ
814 695 964 759 τόξον
993 697 1273 761 ἐντέτακα,
1304 701 1368 768 τῇ
1398 699 1564 767 νευρᾷ
1596 699 1772 768 βέλος.

714 789 903 855 Κρινεῖ
932 789 1126 849 αὐτοὺς
1155 787 1380 859 Κύριος,
1413 791 1508 844 καὶ
1533 794 1643 855 τοῖς
1675 793 1902 863 λάτραι,

723 879 1030 948 Ὀφθαλμὸν
1063 882 1193 950 ἡδὺν
1222 881 1452 948 ἐμϐαλεῖ
1475 884 1821 953 πεφρικόσιν.

713 966 836 1032 Eia;
861 973 968 1041 γὰρ
991 975 1210 1035 αὐτούς.
1238 975 1483 1038 ἐκτόπως
1523 977 1894 1046 παρειμένους

722 1061 1198 1132 Ἐξηπορημένους
1227 1081 1283 1116 τε
1315 1064 1409 1117 καὶ
1441 1064 1756 1127 λελοιπότας

720 1153 886 1216 Ἰδὼν,
914 1154 1144 1225 ἔφησεν·
1183 1157 1246 1209 Οἱ
1279 1157 1392 1210 θεοὶ
1422 1158 1523 1211 ποῦ
1557 1160 1650 1210 καὶ
1684 1159 1831 1226 φίλοι

721 1246 837 1314 Ἐφ’
868 1244 950 1308 οἷς
990 1249 1276 1320 ἐθάρρουν,
1318 1252 1696 1321 ἐξεκόμπαζον
1739 1252 1920 1322 μέγας

714 1330 812 1389 Ὧν
843 1337 1045 1391 θυσιῶν
1079 1341 1139 1392 τὸ
1178 1342 1363 1412 στέαρ,
1397 1337 1471 1396 ὧν
1503 1343 1712 1396 σποίῶν
1753 1344 1908 1411 ῥύσιν

719 1430 811 1492 Εἰς
836 1431 1042 1500 πλῆρες
1075 1429 1220 1504 εἶχον
1260 1435 1357 1504 ἡδὺ
1387 1435 1584 1505 βρῶμα
1611 1438 1706 1488 καὶ
1739 1440 1892 1506 πόμα
1919 1452 1935 1470 ο

714 1520 872 1578 Οῦτοι
907 1528 1180 1594 γενέσθων
1221 1528 1499 1597 σύμμαχοι
1525 1528 1620 1581 καὶ.
1652 1530 1995 1599 προστάται·

715 1615 830 1667 υὺκ
863 1615 1001 1674 ἐστι,
1030 1618 1225 1682 γνῶτε,
1258 1617 1396 1688 πλὴν
1421 1618 1556 1686 ἐμοῦ
1589 1619 1722 1682 Θεὸς
1765 1621 1952 1689 μόνος·

715 1707 825 1760 Οὐκ
858 1709 971 1762 ἔστι
1003 1709 1104 1763 κᾶν
1132 1711 1379 1782 δραμητε
1416 1713 1522 1780 γῆν
1543 1729 1603 1764 τε
1629 1713 1724 1766 καὶ
1753 1713 1938 1766 πόλον.

724 1800 866 1868 Ἐγὼ
893 1803 1147 1873 τελευτῆς
1181 1805 1276 1859 καὶ
1303 1807 1470 1874 πνοῆς
1497 1809 1525 1859 ὁ
1547 1807 1748 1874 ταμίας
1774 1820 1786 1834 ·

726 1894 868 1963 Ἐγὼ
901 1897 1197 1949 πατάσσω·
1236 1897 1525 1966 φάρμακον
1553 1898 1607 1951 δὲ
1648 1899 1979 1969 τραυμάτων

726 1986 868 2054 Ἐγὼ
898 1989 1086 2061 τίθημι
1110 2009 1121 2020 ·
1148 1991 1231 2052 τίς
1269 2007 1327 2043 σε
1354 1991 1550 2060 χειρῶν
1580 1989 1749 2054 ἐξέλοι

726 2080 909 2148 Ἐμῶν
941 2082 1258 2150 κρατουσῶν
1292 2085 1413 2153 γῆς,
1449 2083 1611 2136 πόλου
1649 2085 1742 2136 καὶ
1769 2083 1878 2135 τῶν
1906 2081 2056 2136 κάτω
2081 2081 2131 2149 ς’

718 2171 864 2240 Αίρω
895 2174 1028 2241 πρὸς
1067 2173 1198 2242 ὕψος
1223 2176 1401 2243 χεῖρα.
1431 2173 1591 2227 τοῦτο
1617 2174 1663 2226 δ’
1693 2175 1940 2244 ὀμνύων·

719 2263 826 2326 Ζῶ,
860 2274 952 2316 καὶ
983 2265 1214 2334 χρονίζω
1245 2268 1495 2334 κρεῖττον
1524 2265 1740 2319 αίὼνων
1767 2266 1904 2319 ὅλων
1925 2283 1940 2297 ·

719 2357 840 2422 Ζωὴ
875 2358 932 2408 δὲ
958 2358 1159 2426 μᾶλλον
1191 2359 1286 2410 καὶ
1326 2360 1464 2431 πνοὴ
1491 2360 1713 2412 πάντων
1747 2360 1903 2428 ἔφυν.

731 2448 900 2518 Ἐμὴν
931 2453 1201 2518 μάχαιραν
1239 2452 1528 2522 ἀστραπῆς
1559 2452 1694 2505 τιθῶ
1727 2452 1904 2522 φλόγα
1927 2466 1944 2482 ⁸

732 2539 1034 2605 ’ΛνθέξετΑ
1064 2544 1120 2594 δὲ
1154 2545 1272 2613 χεὶρ
1309 2544 1415 2616 ἐμὴ
1449 2546 1551 2596 τῶν
1585 2545 1910 2616 χριμάτων·

723 2631 1027 2694 Καταξανῶ
1060 2633 1281 2701 μάστιξι
1312 2637 1440 2699 τοὺς
1465 2638 1810 2700 ἀποστάτας

724 2721 860 2789 Βέλη
895 2722 1116 2798 μεθύσω
1150 2725 1259 2777 τῶν
1287 2724 1546 2796 βροτείων
1584 2717 1854 2798 αἱμάτων,

724 2817 833 2870 Καὶ
863 2819 960 2887 τὴν
985 2796 1128 2890 ἐμὴν
1161 2823 1440 2892 μάχαιραν
1463 2823 1528 2876 ἐκ
1561 2823 1671 2877 τῶν
1709 2823 2000 2894 σωμάτων.

724 2909 883 2962 υῦτω
916 2915 1395 2983 στρατηγήσαντος
1424 2916 1552 2982 ἄρτι
1603 2915 1812 2986 Κυρίου

726 3001 932 3072 Σκορτᾷ
958 3005 1056 3072 μὲν
1079 3005 1264 3075 αἰθὴρ,
1289 3006 1517 3074 οὐρανὸς
1543 3007 1641 3060 σὺν
1669 3007 1947 3076 ἀγγέλοις,

729 3098 838 3149 Καὶ
869 3101 1224 3168 προσκυνεῖτε
1258 3101 1301 3132 ⁸³
1327 3102 1476 3154 πᾶσα
1505 3101 1582 3172 τῷ
1609 3102 1818 3172 κτίστῃ
1848 3103 2056 3167 κτίσις·

732 3190 920 3260 Ἕθνη.
951 3192 1176 3262 χάρητε,
1205 3192 1425 3262 κλῆρος,
1454 3194 1560 3246 υἱοὶ
1590 3193 1823 3263 Κυρίου.

1321 3285 1449 3355 ρξε’.
1488 3285 1609 3359 ᾮδη
1650 3285 1724 3341 I".

732 3367 824 3433 Ὃς
868 3372 912 3404 ⁸⁸
932 3374 1279 3446 ἁκρατύνοην
1315 3378 1505 3448 Κυρίῳ
1529 3378 1628 3449 την
1654 3377 1904 3448 καρδίαν,

733 3515 868 3572 tium
911 3515 1161 3570 immittet
1195 3518 1572 3573 trementibus.
1611 3519 1755 3574 Vidit
1783 3519 1929 3575 enim
1960 3535 2056 3576 eos
2089 3519 2313 3575 insolito

733 3607 1082 3671 debilitatos;
1111 3610 1431 3678 desperatos
1455 3620 1511 3664 et
1530 3611 1849 3668 deﬁcientes
1874 3627 2109 3667 cernens
2131 3612 2270 3667 dixit
2299 3631 2312 3666 :

738 3696 836 3751 Ubi
888 3707 1014 3752 sunt
1066 3699 1142 3754 dii
1194 3709 1249 3754 et
1306 3701 1468 3756 amici
1517 3702 1572 3756 in
1608 3703 1807 3771 quibus
1842 3703 2217 3767 conﬁdebant,
2263 3709 2318 3755 et

735 3799 947 3843 tantum
991 3793 1416 3861 superliiebant?
1464 3809 1698 3864 quorum
1755 3794 2148 3850 sacriﬁciorum
2195 3794 2317 3848 adi-

742 3899 885 3952 pem,
909 3901 1143 3954 quorum
1167 3887 1486 3941 libationum
1513 3887 1698 3942 vinum
1727 3887 1781 3942 in
1805 3889 2026 3959 plenum
2052 3888 2320 3957 etjucun—

740 3977 872 4031 dntn
906 3978 1177 4033 habebant
1206 3981 1386 4034 cibum
1417 3989 1472 4035 et
1498 3989 1706 4050 potum.
1739 3980 1896 4036 Fiant
1927 3980 2004 4035 illi
2025 3981 2317 4036 auxiliato-

741 4085 830 4124 res
852 4080 906 4124 et
936 4080 1308 4138 protectores;
1337 4087 1444 4125 non
1469 4081 1574 4138 est,
1599 4072 1819 4138 scitote,
1845 4082 2039 4143 praeter
2071 4088 2156 4128 me
2178 4071 2320 4127 Deus

737 4163 908 4228 alius;
945 4179 1051 4218 non
1087 4173 1193 4229 est,
1225 4165 1328 4219 etsi
1364 4165 1748 4234 percurreritis
1780 4175 1981 4221 terram
2015 4175 2070 4220 et
2088 4167 2313 4221 cmlum.

741 4257 852 4326 Ego
868 4260 1060 4314 mortis
1082 4267 1138 4313 et
1156 4258 1279 4313 vitae
1300 4259 1648 4330 dispensator
1667 4278 1682 4326 ;
1698 4274 1802 4329 ego
1827 4259 2113 4328 percutio;
2143 4273 2320 4313 reme-

738 4352 889 4404 dium
918 4361 1100 4406 autem
1126 4354 1411 4407 vulnerum
1444 4367 1544 4420 ego
1571 4367 1735 4420 pono.
1756 4352 1891 4418 Quis
1922 4361 1972 4405 te
2003 4367 2034 4406 e
2066 4351 2321 4406 manibus

743 4446 882 4499 meis
929 4457 1086 4500 eruet
1138 4454 1365 4506 terram.
1397 4443 1596 4499 caelum
1639 4453 1695 4498 et
1738 4442 1948 4498 inferos
1994 4443 2322 4498 continenti-

742 4537 883 4591 bus?
917 4534 1131 4591 Levabo
1161 4536 1214 4590 in
1246 4536 1415 4590 altum
1448 4549 1695 4600 manum,
1722 4535 1854 4589 illud
1887 4534 2082 4604 jurans
2114 4552 2127 4590 :
2161 4533 2345 4599 Vivo,~

740 4639 796 4684 et
837 4629 975 4683 dum
1022 4628 1197 4698 magis
1237 4643 1401 4697 quam
1443 4643 1636 4684 omnes
1673 4628 2044 4692 mternitates;
2079 4628 2190 4682 vita
2226 4644 2324 4684 au-

742 4733 850 4776 tem
876 4723 1054 4792 potius
1079 4731 1129 4776 et
1156 4722 1338 4776 anima
1361 4721 1606 4777 omnium
1633 4721 1859 4777 exsisto.
1880 4722 2055 4777 Meum
2079 4721 2317 4792 gladium

2316 522 2362 577 Α
2393 521 2573 592 Ἥρθη
2614 522 2783 594 κέρας
2813 539 2916 592 μου
2943 521 3019 593 τῷ
3040 522 3183 594 Θεῷ,
3209 521 3304 576 καὶ
3330 521 3392 576 τὸ
3422 520 3598 593 στόμα

2405 615 2824 684 Ἐξεπλατύνθη,
2856 616 2950 668 καὶ
2978 617 3100 669 κατ’
3126 617 3336 686 ἐχθρῶν
3369 616 3564 686 ἰσχύει.

2393 708 2506 761 Οὐκ
2529 706 2676 760 ἔστιν
2707 709 2880 771 οὐδεὶς
2905 707 3109 773 Κύριος
3140 707 3279 776 πλὴν
3314 705 3408 760 σοῦ
3436 707 3633 777 μόνου·

2391 792 2612 855 Δίκαιος
2646 794 2843 859 οὐδεὶς,
2873 796 2950 858 ὡς
2977 795 3041 848 σύ
3073 812 3164 864 μοι
3199 796 3333 858 Θεὸς
3367 795 3548 866 μόνος.

2392 882 2556 936 Ταῦτ’
2586 880 2680 938 οῦν
2707 885 2963 955 ὁρῶντες,
2989 887 3118 946 τοὺς
3149 886 3540 955 ὑπερκόμπους
3570 883 3766 953 λόγους

2405 972 2732 1028 Ἐκκλινέτω
2751 978 2880 1040 πᾶς,
2910 977 3043 1047 μηδέ
3075 975 3303 1047 χειλέων
3325 977 3470 1048 πρόῃ
3496 980 3565 1042 ⁸³,

2394 1067 2535 1136 Μηδ⁹
2559 1067 2722 1135 ὄγκον
2744 1068 2870 1140 ἄρῃ,
2902 1069 2975 1138 μὴ
3011 1070 3194 1138 φρεσὶ,
3235 1067 3309 1138 μὴ
3339 1069 3553 1140 καρδίᾳ.

2393 1158 2527 1222 Θεὸς
2555 1161 2664 1228 γὰρ
2694 1152 2849 1222 οὗτος
2881 1160 3136 1226 γνώτεων
3161 1162 3189 1214 ό
3223 1158 3524 1228 Δεσπότης,

2395 1252 2595 1322 Τέχναι
2621 1252 2666 1305 δ’
2696 1252 2905 1319 ἕτοιμοι
2935 1252 3012 1320 τῷ
3041 1253 3352 1322 τεχνουργῷ
3381 1251 3492 1305 τῶν
3517 1251 3678 1307 ὅλων.

2395 1344 2562 1410 Τόξον
2589 1345 2866 1416 κραταιῶν
2893 1345 3193 1414 ἠσθένησεν
3231 1347 3307 1408 είς
3339 1345 3492 1409 τέλος
3512 1361 3527 1377 ·

2396 1432 2460 1486 Οί
2489 1432 2519 1486 δ
2566 1433 2921 1496 ἀσθενοῦντες
2950 1433 3278 1496 ζωννύονται
3311 1434 3372 1486 τὸ
3401 1435 3623 1503 κράτος.

2396 1525 2586 1578 Τίκτει
2628 1524 2727 1594 μὲν
2753 1526 2894 1578 ἑπτὰ
2928 1526 3104 1579 κοιλία
3147 1528 3503 1598 στειρουμένη
3529 1541 3544 1556 ⁸

2401 1616 2569 1688 Ἄλλη
2594 1616 2638 1670 δ’
2664 1617 2910 1682 ἄτεκνος,
2935 1620 2968 1688 ὴ
3004 1622 3134 1690 πρὶν
3155 1621 3579 1691 εὐτεκνουμένη.

2397 1711 2667 1764 Πεινῶσιν
2703 1712 2902 1782 ἄρτων,
2929 1712 2977 1765 οἱ
3005 1712 3135 1780 πρὶν
3169 1713 3634 1786 ἐμπεπλησμένοι.

2400 1806 2700 1869 Πεινῶντες
2731 1808 2778 1860 οί
2811 1808 2962 1876 πρὶν,
2991 1809 3095 1877 γῆν
3123 1807 3381 1877 παρῆκαν
3421 1809 3486 1862 ἐκ
3520 1810 3706 1882 κόρου.

2327 1875 2370 1932 Β
2398 1896 2528 1957 Θεδς
2561 1899 2794 1968 χορηγὸς
2822 1875 2915 1952 καὶ
2937 1875 3315 1969 τελευτῆςνκαὶ
3338 1902 3505 1971 πνοῆς
3532 1919 3548 1936 ⁸

2401 1989 2596 2042 Βάλλει
2625 1990 2747 2043 καθ’
2779 1990 2930 2062 ᾅδου,
2961 1993 3098 2064 πρὸς
3139 1993 3199 2046 τὺ
3228 1996 3345 2062 φῶς
3372 1995 3520 2048 ’ἐλκει
3545 1996 3707 2050 πάλιν

2413 2081 2589 2151 ’Υψοϊ,
2618 2087 2882 2146 ταπεινοί,
2913 2087 3194 2156 πτωχίσας
3219 2089 3312 2141 καὶ
3340 2087 3633 2153 πλουτίσας
3653 2104 3669 2118 ⁸

2401 2175 2648 2246 Πένητας
2671 2176 2736 2229 ἐκ
2764 2176 2866 2247 γῆς
2901 2176 3158 2251 ἐξανιστᾷ
3189 2180 3426 2250 κοπρίας
3445 2197 3462 2214 ·

2405 2267 2662 2337 Πτωχοὺς
2685 2267 2910 2338 ἐγείρει,
2944 2269 3218 2334 κυκλικῶς
3246 2271 3423 2324 πάντα
3452 2272 3708 2343 στρέφει·

2402 2359 2627 2429 Θρὸνοις
2653 2359 2931 2414 δυναστῶν
2964 2361 3246 2429 ἐγκαθίζει
3281 2367 3410 2428 τοὺς
3435 2366 3586 2419 κάτω
3609 2379 3627 2397 ⁸

2405 2451 2585 2521 Εὐχάς
2607 2469 2663 2506 τε
2689 2451 2888 2524 πληροῖ
2921 2454 3010 2507 καὶ
3038 2454 3265 2509 δικαίων
3291 2458 3417 2522 τοὺς
3447 2459 3675 2530 χρόνους

2417 2545 2752 2615 Ἐπευλογεῐ,
2776 2547 2988 2600 δίδωσιν
3015 2547 3329 2620 εὐετηρίαν.

2418 2637 2660 2710 ’ἰσχυρὸς
2694 2639 2834 2709 ἀνὴρ
2863 2640 2962 2693 οὐκ
2984 2640 3224 2710 ἐνισχύει
3254 2641 3430 2696 σθένει
3452 2655 3472 2679 ο

2406 2733 2541 2796 Θεὸς
2569 2734 2626 2786 δέ
2644 2732 2836 2787 τούτου
2865 2737 3140 2805 συμπατεϊ
3163 2734 3254 2789 τὸν
3285 2737 3576 2806 ἐνστάτην.

2408 2825 2614 2896 Μηδεὶς
2639 2827 2802 2898 φρεσὶ
2824 2824 2954 2894 γοῦν
2984 2825 3120 2896 μηδέ
3152 2825 3365 2897 πλούτῳ
3395 2828 3471 2898 μὴ
3501 2828 3610 2899 βίᾳ,

2409 2917 2600 2985 Σοφός,
2635 2918 2918 2988 κραταιὸς,
2951 2917 3229 2984 πλούσιος,
3260 2918 3465 2974 σθένων
3489 2920 3656 2990 μέγα,

2410 3010 2569 3076 Μέγα
2591 3010 2862 3081 φρονείτω
2887 3024 2901 3038 ⁸
2933 3009 3110 3065 πάντα
3141 3013 3247 3081 psi,
3274 3012 3454 3066 πάντα
3481 3013 3728 3084 στρέφει

2410 3101 2577 3164 Φόὸος
2609 3099 2768 3165 Θεοῦ,
2793 3099 3010 3170 βέϐαιον
3041 3101 3100 3154 ἐν
3129 3101 3231 3172 βίῳ
3266 3102 3428 3171 μόνον
3452 3119 3467 3134 ο

2336 3233 2383 3296 C
2413 3192 2526 3260 Τῆς
2556 3191 2757 3262 ἀρετῆς
2786 3193 2818 3262 ἡ
2848 3193 3042 3263 κτῆσις
3065 3193 3126 3246 οὐ
3157 3192 3380 3262 θνήσκει
3410 3193 3590 3265 χρόνῳ

2418 3283 2513 3344 El;
2536 3282 2802 3349 οὐρανοὺς
2825 3281 3024 3350 ἀνῆλθε
3056 3281 3284 3353 Κύριος,
3318 3283 3517 3356 βροντᾷ
3547 3285 3714 3356 μέγα,

2430 3374 2522 3440 Ἐξ
2549 3374 2774 3446 ὑστέρου
2805 3373 2908 3444 γῆς
2935 3373 3080 3445 ἄκρα
3105 3376 3283 3447 κρήνη
3308 3375 3407 3430 σὺν
3429 3375 3574 3450 δίκῃ.

2418 3518 2566 3574 ullus
2613 3516 2875 3573 Dominus
2927 3526 3127 3589 praeter
3168 3526 3221 3573 te
3252 3517 3453 3583 solum,
3491 3517 3673 3573 nullus
3700 3519 3906 3587 justus.
3949 3527 4007 3574 ut

2418 3621 2474 3665 tu
2515 3611 2646 3666 mihi
2682 3611 2835 3666 solus
2866 3610 3032 3666 Deus.
3065 3608 3188 3665 llaec
3217 3611 3384 3680 igitur
3429 3619 3738 3676 cernentes,
3771 3612 4007 3681 quisque

2417 3705 2686 3776 gloriosos
2732 3718 3015 3760 sermones
3053 3704 3219 3759 evitet
3256 3718 3436 3774 neque
3475 3718 3506 3758 e
3546 3702 3707 3758 labiis
3763 3705 4004 3767 educat,

2421 3812 2596 3867 neque
2632 3795 2852 3852 inﬂetur
2885 3803 3070 3850 mente
3105 3809 3283 3864 neque
3311 3795 3499 3849 corde.
3538 3793 3685 3849 Deus
3727 3794 3876 3848 enim
3909 3794 4009 3849 iste

2420 3889 2774 3944 scientiarum
2805 3887 3072 3944 Dominus
3091 3895 3210 3950 est;
3240 3896 3390 3942 artes
3415 3895 3597 3941 autem
3622 3885 4008 3940 universorum

2419 3981 2617 4037 artifici
2652 3991 2781 4036 sunt
2830 3993 3055 4049 paratae.
3097 3979 3298 4033 Arcum
3347 3978 3572 4033 fortium
3603 3977 3910 4033 debilitavit
3954 3977 4008 4032 in

2423 4077 2618 4138 tinem,
2677 4073 2876 4128 intirmi
2930 4080 3114 4127 autem
3169 4071 3530 4141 accinguntur
3580 4071 3798 4126 robore.
3859 4069 4010 4125 Parit

2421 4168 2644 4238 quidem
2681 4175 2891 4237 septem
2924 4173 3116 4220 venter
3167 4164 3410 4226 sterilis,
3456 4163 3627 4218 altera
3669 4172 3853 4218 autem
3892 4164 4011 4218 sine

2423 4259 2646 4323 liberis,
2699 4273 2823 4325 quae
2876 4257 3026 4327 prius
3059 4255 3262 4310 multos
3295 4255 3578 4309 habuerat.
3632 4252 3836 4307 Panem
3878 4269 4010 4308 esu-

2425 4352 2574 4406 riunt
2622 4350 2717 4421 qui
2773 4349 2924 4420 prius
2969 4347 3174 4418 impleti
3229 4355 3420 4412 erant;
3469 4345 3564 4416 qui
3616 4356 3800 4400 autem
3858 4346 4012 4415 prius

2422 4438 2753 4499 esuriebant.
2794 4446 2996 4491 terram
3031 4451 3140 4506 prie
3174 4436 3423 4492 satietate
3468 4436 3831 4506 reliquerunt.
3868 4436 4012 4492 Deus

2425 4543 2624 4598 praeses
2665 4538 2750 4582 est
2792 4526 2984 4580 mortis
3011 4533 3066 4580 et
3091 4524 3236 4586 vitae,
3274 4525 3341 4578 ad
3386 4523 3594 4578 inferos
3625 4523 3800 4585 ducit.
3831 4532 3886 4578 et
3916 4523 4017 4578 ite-

2429 4637 2550 4677 rum
2576 4620 2641 4674 ad
2682 4619 2857 4675 lucem
2885 4616 3100 4684 educit;
3133 4616 3364 4679 exaltat,
3405 4615 3676 4681 humiliat,
3716 4629 4012 4685 pauperem

2431 4712 2558 4768 facit
2613 4720 2668 4768 et
2716 4710 2874 4765 ditat.
2924 4709 3166 4779 Egenum
3217 4724 3248 4763 e
3293 4706 3553 4764 sordibus
3600 4715 3759 4760 terra:
3815 4708 4015 4771 elevat,

743 4825 803 4868 nt
832 4790 1104 4869 ﬂammam
1137 4813 1369 4882 fulguris
1398 4829 1618 4884 ponam,
1651 4814 1874 4883 arripiet
1912 4790 2100 4868 autem
2125 4831 2318 4868 tnamts
2349 4790 2399 4851 Ῑ)
2427 4819 2692 4875 pauperes
2751 4802 3013 4866 suscitat,
3050 4799 3347 4870 omniaque
3400 4799 3454 4853 in
3507 4797 3775 4853 circulum
3823 4814 4018 4869 gyrare

745 4921 865 4959 mea
911 4906 1133 4971 iudicia,
1170 4905 1484 4960 dilacerabo
1522 4904 1747 4974 ﬂagellis
1791 4905 2040 4968 rebelles,
2088 4906 2318 4975 sagittas
2425 4897 2575 4952 facit.
2615 4893 2929 4964 Principum
2975 4892 3187 4947 thronis
3227 4891 3463 4948 collocat
3493 4889 3774 4958 deiectos;
3828 4904 4018 4958 preces

745 4998 1032 5054 inehriabo
1081 4999 1388 5052 mortalium
1426 4999 1724 5067 sanguine,
1769 5007 1824 5052 et
1855 4997 2092 5067 gladium
2140 5015 2320 5053 meum
2425 4987 2650 5044 ἐκειυάίι
2707 4997 2762 5041 ει
2812 4985 3086 5056 Ῑυεῑοτυηι
3140 4992 3387 5054 te"'90"
3445 4981 3752 5045 δεηθάίθίιν
3817 4993 3872 5035 ει
3928 4983 4020 5036 άδι

746 5091 1025 5144 carnibus.
1057 5088 1132 5143 lta
1163 5089 1396 5143 bellante
1423 5091 1584 5143 modo
1623 5087 1872 5153 Domino,
1899 5089 2067 5143 aether
2102 5090 2320 5158 quidem

2428 5080 2864 5152 prosperitatem.
2903 5077 2994 5131 Vir
3030 5076 3292 5132 robustus
3319 5091 3427 5130 non
3467 5076 3520 5130 in
3553 5073 3880 5128 fortitudine
3930 5089 4019 5126 ro-

747 5182 1074 5245 essnltat,ct
1099 5180 1294 5234 caelum
1326 5196 1450 5234 cum
1482 5179 1688 5248 angelis
1725 5198 1739 5233 ς
1774 5191 1830 5233 et
1859 5180 2104 5240 adorare,
2136 5195 2326 5233 omnes
2431 5173 2681 5238 homtttr;
2722 5169 2862 5225 Deus
2895 5179 3076 5224 autem
3111 5169 3258 5223 illius
3285 5167 3670 5223 adversarium
3699 5166 4018 5221 conculcat.

751 5281 1037 5336 creatum,
1075 5271 1425 5337 Creatorem;
1464 5280 1673 5343 gentes,
1713 5269 2028 5334 hiereditas,
2071 5271 2164 5325 lilii
2221 5271 2327 5326 Do-
2429 5267 2601 5322 Nemo
2640 5269 2802 5337 igitur
2835 5277 3035 5330 mente,
3079 5266 3310 5330 divitiis,
3351 5279 3456 5318 nec
3494 5263 3730 5326 viribus,
3776 5265 4020 5332 sapiens,

751 5365 908 5427 niini,
942 5365 1188 5436 gaudete.
2435 5371 2646 5432 potens,
2697 5360 2871 5424 dives,
2909 5359 3138 5412 multum
3185 5357 3418 5427 pollens,
3456 5354 3775 5424 superbiat;
3838 5356 4023 5408 omnia

1248 5456 1369 5510 165.
1408 5455 1689 5510 Canticum
1731 5455 1818 5510 Ill.
2435 5456 2640 5518 linunt,
2678 5454 2860 5507 omnia
2899 5461 3200 5506 mutantur.
3238 5449 3425 5504 Timor
3459 5449 3553 5502 Dei
3597 5449 3750 5503 solus
3782 5457 3867 5504 est
3906 5449 4024 5502 vice

822 5547 998 5614 Quam
1060 5548 1331 5602 firmatum
1381 5557 1466 5602 est
1514 5549 1566 5600 in
1619 5546 1850 5600 Domino
1885 5562 1979 5603 cor
2029 5547 2247 5610 meum:
2279 5558 2334 5601 et
2438 5545 2699 5608 lii-initas;
2763 5543 2979 5598 virtutis
3015 5540 3291 5612 possessio
3338 5556 3444 5594 non
3488 5550 3735 5608 tempore
3777 5538 4025 5592 absumi-

757 5645 1059 5698 cxaltatum
1111 5652 1194 5696 est
1226 5656 1397 5695 cornu
1442 5657 1622 5695 meum
1679 5642 1732 5695 in
1769 5639 1912 5702 Deo.
1947 5651 2000 5696 et
2043 5641 2329 5696 dilatatnni
2439 5649 2546 5692 tur.
2585 5638 2640 5692 In
2678 5640 2876 5693 caelum
2933 5636 3182 5691 ascendit
3229 5635 3517 5696 Dominus,
3561 5632 3792 5686 multum
3837 5641 4022 5692 tonat;

755 5747 841 5793 est
864 5751 928 5789 os
954 5751 1129 5787 meum
1166 5745 1218 5789 et
1247 5745 1438 5790 contra
1479 5734 1729 5789 lllllllil'OS
1761 5734 2079 5804 praevaluit!
2107 5732 2222 5787 Non
2252 5743 2334 5788 est
2436 5747 2501 5786 ex
2538 5731 2799 5785 extremis
2841 5740 2999 5784 terra:
3033 5743 3286 5782 summus
3318 5725 3442 5780 fons
3484 5740 3611 5780 cum
3661 5724 3896 5788 ultione,
3942 5724 4026 5778 ille

841 5853 887 5888 “
916 5853 1046 5925 Leg.
1092 5853 1198 5908 vid.
1234 5853 1641 5923 προσκυνεῖται.
1724 5852 1767 5884 ⁸⁵
1802 5851 1858 5907 In
1897 5867 2063 5922 marg.
2110 5853 2309 5914 Ἀννας

2421 5848 2607 5920 ιμουὴλ
2639 5848 2843 5920 μητρὸς
2867 5847 3238 5920 εὐχαριστίας.
3333 5846 3374 5877 ⁸³
3411 5845 3520 5899 Sic.
