4232 6434
239 411 346 474 993

237 518 408 586 Οὗτος
438 522 661 592 παρέξει
693 525 804 587 τοῖς
830 525 1093 594 κρατοῦσι
1128 523 1188 577 τὸ
1213 525 1436 596 κράτος.

241 617 426 686 Κέρας
450 615 506 668 δέ
538 617 774 685 χριστῶν
799 614 1031 687 οὐρανοῦ
1067 617 1221 689 θήσει
1255 620 1438 689 μέχρι.

242 728 384 798 ρξς’.
423 728 545 800 ’ῼδὴ
576 727 650 785 Δ’.
673 757 742 769 -—
773 729 886 784 Τοῦ
915 732 1225 785 Δεσπότου
1263 729 1573 800 σάρκωσιν
1611 732 1823 793 ’Δαϐα-

879 802 1030 871 κοὺμ
1057 801 1196 871 ἔφη.

236 913 430 981 Φήμης
469 929 536 983 με
568 914 667 983 τῆς
699 916 799 985 σῆς
833 915 982 985 ἔσχε.
1023 915 1218 986 Κύριε,
1250 917 1452 987 τρόμος
1475 931 1490 946 ·

242 1004 461 1070 Ἔργων
483 1003 538 1055 δὲ
569 1003 677 1056 τῶν
704 1006 814 1057 σῶν
855 1005 1066 1076 θάμϐος
1097 1007 1356 1076 ἐξέστησέ
1399 1023 1467 1077 με
1486 1022 1500 1037 ·

249 1093 336 1156 Ὠς
360 1095 600 1159 γνωστὸς
631 1098 764 1166 ἡμῖν
796 1101 853 1150 ἐν
882 1098 1002 1152 δυσὶ
1028 1100 1193 1162 ζωαῖς
1224 1099 1326 1171 ἔσῃ
1344 1115 1357 1129 ⁸

251 1185 340 1248 Ὠς
366 1187 609 1257 ἐκφανὴς
635 1188 692 1241 δὲ
715 1188 825 1242 τῶν
856 1189 1064 1261 χρόνων
1092 1190 1179 1244 ἐπ’
1204 1193 1449 1262 ἐσχάτων
1478 1209 1493 1226 ο

240 1277 434 1348 Καιρῷ
457 1279 512 1330 δὲ
541 1279 778 1349 λάμψεις
809 1282 901 1335 καὶ
932 1282 1085 1351 φόϐῳ
1116 1285 1446 1355 πεφρικότος

239 1369 435 1423 Οἴκτου
463 1371 528 1423 σὺ
557 1374 739 1446 μνήσῃ
772 1375 866 1430 καὶ
888 1377 1248 1450 καταστείλῃς
1276 1377 1390 1443 δέος
1415 1394 1432 1411 ⁶

248 1461 338 1522 Ὠς
370 1461 670 1534 ἐξανίσχεις
698 1466 802 1535 γῆς
833 1467 974 1536 squ;
1007 1470 1316 1539 φωσφόρος,

239 1553 390 1605 Λέων
422 1554 720 1628 καθώσπερ
746 1557 806 1622 ἐξ
832 1559 993 1629 ὄρους
1020 1563 1342 1618 κατασκίου.

241 1644 346 1714 Σῆς
381 1646 583 1717 ἀρετῆς
614 1648 850 1721 ἔκρυψεν
880 1653 1144 1723 οὐρανοὺς
1179 1655 1382 1719 πλάτος
1413 1670 1427 1685 ·

243 1737 488 1810 Ἐπλησε
518 1741 677 1813 δόξης
706 1744 806 1815 τὴν
836 1745 964 1816 ὃλην
991 1749 1340 1818 οἰκουμένην,

240 1825 317 1884 Ob
356 1832 556 1902 φέγγος
578 1833 652 1898 ὡς
687 1838 823 1906 φῶς,
860 1842 1048 1909 χερσὶν
1083 1840 1263 1911 ίσχὺος
1287 1842 1483 1912 -κέρας,

235 1925 526 1993 Φίλκτρον,
559 1931 843 2002 κραταιὸν,
870 1930 1045 1996 οἶκτος
1080 1935 1180 1988 οὑκ
1207 1935 1346 2006 ἔχων
1372 1937 1545 2008 πέρας
1568 1955 1586 1972 ο

238 2009 314 2070 Οὗ
346 2019 452 2090 πρὸ
479 2022 791 2094 προσώπων
821 2026 1218 2097 ὲκπορεὺσεται
1248 2028 1405 2097 φόνος
1431 2046 1447 2062 ο

241 2111 573 2188 Παιδευτικὴ
606 2119 873 2189 μάχαιρα,
911 2122 1165 2190 δίστομον
1189 2122 1359 2192 ξίφος.

240 2203 468 2276 Ἐστης,
502 2209 731 2281 ἐπείσθη
768 2213 811 2242 ¹⁶
847 2213 1011 2283 χθὼν,
1054 2215 1285 2281 ὲπεῐδες,
1314 2218 1540 2286 τήκεται

243 2298 412 2370 Ἐθνη
449 2304 688 2372 κραταιά
713 2322 725 2334 ·
761 2309 826 2376 τῇ
855 2308 945 2380 βία
974 2309 1236 2381 διεθρὺὃη

243 2391 407 2463 Ὀρη,
443 2397 658 2467 πετρῶν
685 2417 744 2453 τε
778 2401 1080 2472 σκληρότης
1110 2402 1396 2472 διερράγη.

242 2482 357 2546 Πᾶς
380 2485 616 2558 ἐπτοήθη
651 2491 898 2562 Μαδιάμ,
932 2496 1040 2556 πᾶς
1070 2494 1286 2561 Αἰθίοψ.

244 2576 384 2629 Καθ’
417 2579 626 2634 ὑδάτων
667 2585 932 2649 στείλειας
962 2587 1153 2655 ὀργήν.
1185 2589 1274 2658 Μὴ
1306 2588 1456 2658 σύγε.

244 2668 423 2738 θυμὸς
453 2671 510 2724 δέ
537 2675 648 2737 τοῖς
678 2677 861 2746 ῥέουσι
892 2678 968 2750 μὴ
1001 2679 1092 2742 σὸς
1120 2680 1372 2749 ἐμπέσοι,

244 2759 384 2830 Μηδ’
422 2763 480 2815 ἐν
503 2764 744 2836 θαλάσσῃ
781 2769 849 2838 σὴ
876 2771 1250 2840 παρόρμησις,
1276 2773 1470 2827 Μέδον.

247 2851 420 2924 Ἐὗης
442 2855 527 2924 ἐφ’
555 2857 775 2924 ἵππους,
809 2861 1018 2933 ίππάση
1049 2864 1358 2933 σωτηρίαν*

242 2943 429 3009 Τενεῐς
465 2948 528 3000 τὸ
548 2950 722 3015 τόξον,
748 2955 840 3008 καὶ
871 2956 1011 3008 κατὰ
1045 2957 1347 3028 σκήπτρων
1377 2957 1589 3028 βαλεῖς⁶

252 3032 581 3108 Ῥαγήσεται
609 3043 679 3113 γῆ
720 3047 977 3113 ναμάτων
1002 3047 1329 3117 άειῤῥύτων.
1574 3037 1593 3082 ³

254 3127 393 3192 mi;
416 3131 633 3187 ἐπέλθοι
666 3138 779 3197 τοῖς
811 3136 1067 3206 βλέπουσι
1099 3141 1198 3210 σὴν
1227 3141 1386 3211 χάριν
1407 3157 1420 3171 ο

241 3218 354 3273 Kal.
382 3227 738 3297 συνταράξεις
774 3229 983 3283 ὑδάτων
1009 3231 1106 3293 τὰς
1131 3233 1469 3305 πλημμύρας
1490 3249 1504 3264 ⁸

235 3310 425 3384 Φωνὴν
449 3315 686 3384 άδυσσος
716 3315 871 3390 ἦρεν,
907 3321 1095 3392 ὑψώθη
1121 3322 1263 3392 μέγα
1282 3339 1296 3352 ·

1742 2908 1770 2947 9

236 3454 517 3522 pmstabit
585 3457 933 3514 vincentibus
1009 3461 1339 3530 imperium,
1392 3477 1564 3519 cornu
1634 3472 1817 3520 autem

236 3545 569 3602 chr-istorum
600 3566 769 3620 usque
798 3553 864 3607 ad
900 3554 1096 3609 coelum
1129 3557 1369 3611 extollet.

239 3659 365 3714 166.
403 3660 688 3721 Canticum
729 3667 815 3722 IV.
856 3699 920 3708 —
977 3669 1187 3723 Domini
1232 3673 1650 3729 incarnationem
1697 3671 1818 3727 lla-

815 3740 976 3793 bacuc
1016 3743 1245 3795 nuntiat.

315 3825 577 3893 Domine,
623 3829 916 3885 auditionis
970 3840 1073 3885 tute
1113 3841 1316 3885 tremor
1363 3847 1448 3886 me
1489 3832 1814 3902 occupavit;

236 3931 463 3986 operum
501 3928 682 3974 autem
719 3931 936 3976 tuorum
982 3933 1172 3993 stupor
1205 3940 1290 3977 me
1321 3924 1522 3988 all‘ecit,
1553 3927 1682 3994 quia
1714 3939 1819 3978 no-

238 4017 325 4062 tus
367 4010 608 4065 nobisin
646 4013 862 4068 duobus
909 4015 1034 4070 vitis
1075 4015 1181 4069 eris
1213 4053 1227 4077 ,
1273 4015 1398 4084 quia
1459 4015 1729 4069 videberis
1763 4015 1818 4068 in

237 4103 581 4170 temporibus
625 4105 960 4161 novissimis.
1008 4108 1275 4178 Tempore
1330 4118 1509 4162 autem
1562 4108 1816 4178 fulgebis,

236 4200 292 4246 et
322 4192 518 4246 timore
546 4199 828 4250 trementis
859 4194 1040 4250 ﬂetum
1075 4197 1454 4251 recordaberis
1477 4206 1530 4250 et
1564 4199 1814 4251 timorem

237 4285 478 4350 eximes;
533 4287 660 4355 quia
713 4288 979 4343 attollcris
1008 4304 1174 4358 super
1223 4296 1428 4343 terram
1481 4289 1706 4345 orientis
1759 4299 1819 4344 ut

238 4377 357 4440 sol,
397 4389 451 4430 ct
485 4387 742 4446 tauquam
802 4381 884 4434 leo
932 4397 998 4435 ex
1042 4382 1304 4435 umbroso
1337 4390 1542 4436 monte.
1586 4379 1818 4436 Virtutis

240 4477 346 4519 tua:
383 4468 728 4523 immensitas
760 4471 928 4524 cmlos
966 4472 1277 4534 occultavit,
1312 4481 1440 4525 tuus
1468 4472 1724 4542 splendor
1761 4479 1818 4525 ut

239 4563 356 4626 lux,
396 4562 447 4616 in
487 4563 736 4617 manibus
774 4564 988 4618 roboris
1017 4579 1212 4629 cornu,
1251 4566 1574 4634 pretiosum,
1601 4573 1813 4634 potens,

239 4655 614 4710 misericordia
659 4673 764 4709 non
811 4658 1018 4711 habens
1071 4658 1326 4721 limitem;
1382 4670 1527 4711 tuam
1576 4669 1702 4711 ante
1735 4657 1815 4711 fa-

1551 414 1893 476 CARMINA
1927 419 2177 482 VARIA.

1848 541 1892 595 Α
1937 535 1996 589 '0
2027 535 2205 606 φωτὸς
2237 535 2422 607 ἄρχων
2451 539 2526 603 ὠς
2551 540 2904 610 παρίππευσε
2932 541 3114 595 κάτωο

3394 436 3502 500 90’.

1934 628 2103 700 Ἐστη
2137 629 2276 699 πρὸς
2305 631 2479 698 αὐγὰς
2506 635 2538 703 ἡ
2571 635 2765 706 σελήνη
2807 634 2903 688 τοῦ
2927 636 3115 690 πόλου.

1929 723 2004 792 Σὴ
2027 724 2120 776 καὶ
2153 722 2301 793 βολὶς
2339 724 2478 792 φῶς,
2509 725 2796 797 ἀστραπῆς
2820 728 2876 780 δὲ
2911 728 3024 798 πῦρ
3057 728 3220 781 ὅπλον
3245 743 3260 758 ο

1927 814 2037 884 Γῆν
2069 814 2362 885 ἐξερημοῖς
2385 817 2506 878 σαῖς
2534 816 2804 883 ἀπειλαῖς,
2836 820 2912 890 σῷ
2944 822 3086 891 χόλῳ

1930 904 2100 976 Ἐθνη
2135 907 2399 972 κατάξαις
2424 923 2438 937 ⁸
2474 903 2638 978 ἦλθες
2668 912 2746 974 είς
2776 915 3051 984 σωτηρίαν

1925 997 2072 1052 Λαοῦ
2097 1014 2158 1051 τε
2182 999 2277 1052 τοῦ
2307 998 2402 1052 σοῦ
2424 999 2534 1054 τῶν
2563 1017 2621 1053 τε
2652 1001 2733 1053 σοὶ
2766 1006 3144 1074 κεχρισμένων
3168 1021 3185 1039 ο

1925 1087 2149 1150 Βάλλεις
2174 1088 2295 1142 κατ’
2323 1090 2536 1160 ἐχθρῶν
2563 1091 3008 1161 δυσμενεστάτων
3046 1097 3231 1168 μόρον.

1924 1183 2158 1252 Δεσμοῖς
2191 1184 2518 1253 τραχήλους,
2561 1185 2870 1256 συντρίϐεις
2894 1189 3019 1251 τοὺς
3049 1191 3286 1258 αὐχένας
3308 1205 3323 1221 ο

1925 1275 2111 1346 Κέρας
2139 1275 2417 1330 δυναστῶν
2448 1277 2736 1348 ἐκτόμνεις
2772 1279 2831 1331 ἐν
2859 1279 3116 1332 ἐκστάσει
3139 1297 3156 1312 ·

1924 1367 2037 1422 Καὶ
2061 1369 2283 1438 σεισμὸς
2310 1371 2505 1434 αὑτοὺς
2532 1371 2761 1442 λήψεται
2784 1370 2885 1441 τῆς
2909 1371 3153 1440 καρδίας.

1924 1458 2227 1512 Χαυνοῦσιν
2252 1456 2340 1515 οἷα
2375 1463 2588 1532 πτωχὸς
2611 1462 2808 1516 ἐσθίων
2845 1464 3019 1533 λάθρα
3055 1478 3070 1494 ⁸

1924 1553 2158 1617 Ἵππους
2181 1553 2239 1606 δὲ
2261 1553 2388 1616 τοὺς
2415 1555 2542 1618 σοὺς
2564 1555 2847 1626 εὑὸρομεῖν
2875 1558 3000 1611 καθ’
3027 1558 3236 1612 ὑδάτων

1924 1644 2175 1710 Δέδωκας
2200 1647 2368 1718 ὑγρὸν
2399 1648 2866 1718 συνταράττοντας
2897 1649 3079 1713 κὺτος.

1925 1737 2318 1809 Κατεπλάγην,
2343 1740 2563 1812 ἔφριξα,
2593 1742 2685 1795 καὶ
2709 1743 3042 1812 συνεστάλην
3063 1759 3076 1773 ·

1928 1824 2024 1894 Οἷς
2055 1830 2339 1902 θεσπιῳδῶ
2369 1833 2464 1886 καὶ
2493 1832 2556 1886 τὸ
2586 1833 2778 1904 μέλλον
2811 1834 3105 1905 προδλέπω
3128 1849 3143 1865 ⁸

1852 1904 1894 1961 θ
1927 1923 2188 1995 Εἰσῆλθεν
2219 1925 2400 1978 αὑτῶν
2431 1924 2625 1996 μέχρις
2650 1904 2864 1977 ὀστέων
2882 1926 3082 1995 τρόμος
3101 1944 3116 1958 ·

1925 2014 2334 2085 Συνεκλονήθην
2358 2017 2451 2068 καὶ
2481 2015 2645 2085 βάθος
2676 2014 2776 2085 τῆς
2806 2015 3009 2084 ἰσχύος.

1924 2108 2250 2179 Χμρήσομαι
2277 2107 2338 2161 τὸ
2375 2107 2616 2178 πνεῦμα,
2655 2107 2833 2180 καιρῷ
2861 2109 2970 2162 τῶν
3001 2109 3180 2164 πόνων

1924 2201 2018 2263 Εἰς
2040 2200 2167 2254 λαδν
2199 2200 2338 2254 ἔλθω
2363 2203 2464 2270 τῆς
2491 2202 2632 2271 ἐμῆς
2662 2202 2975 2272 παροικίας.

1923 2291 2003 2343 Δι’
2025 2284 2099 2345 ὧν
2122 2292 2262 2363 συκῆ
2292 2291 2520 2361 γλυκεῖα
2547 2292 2747 2363 καρπῷ
2777 2293 2851 2364 μὴ
2887 2293 3086 2363 βρίσει,

1923 2384 2063 2453 Μηδ*
2099 2385 2393 2455 εὑφορήσει
2425 2385 2622 2456 βότρυς
2655 2387 2714 2439 ἐν
2747 2389 2868 2450 ταῖς
2897 2388 3196 2457 ἀμπέλοιςο

1923 2475 2317 2546 Ψευσθήσομαι
2343 2476 2399 2530 δέ
2426 2478 2544 2539 ταῖς
2571 2477 2782 2541 ἐλαίαις
2811 2478 3196 2549 προσϐλέπων,

1926 2569 2033 2622 Καὶ
2057 2569 2158 2638 τῆς
2187 2570 2427 2641 ἀρούρας
2457 2570 2660 2641 βρῶσις
2691 2572 2752 2624 οὑ
2776 2571 2978 2641 πλήσει
3003 2572 3180 2643 στόμα
3200 2587 3216 2602 ·

1927 2661 2038 2712 Καὶ
2061 2661 2395 2731 θρεμμάτων
2422 2662 2484 2714 τὸ
2507 2660 2710 2732 πλῆθος
2734 2661 3018 2716 ἐκλέλοιπέ
3049 2680 3139 2733 μοι

1923 2752 2084 2822 Λιμῷ
2112 2753 2410 2817 τακέντων,
2432 2753 2527 2807 καὶ
2547 2752 2688 2822 βοῶν
2715 2753 2844 2825 κενὴ
2869 2759 3076 2826 φάτνη·

1935 2844 2091 2914 Ἐμοὶ
2119 2842 2176 2897 δέ
2205 2844 2333 2908 δόξα
2357 2844 2562 2916 Κύριος
2592 2846 2758 2916 χαρά,
2791 2846 3002 2910 σθένος.

1922 2935 2017 2998 Εἰς
2053 2936 2362 2989 συντέλειαν
2389 2937 2497 2990 τῶν
2520 2937 2699 2990 καλῶν
2723 2938 2935 2993 τάττων
2961 2938 3148 3007 πόδας,

1921 3027 2105 3093 Τιθεὶς
2127 3029 2264 3100 πρὸς
2292 3028 2426 3100 ὕψος
2449 3029 2591 3085 ὥστε
2618 3031 2775 3101 νικᾷν
2801 3031 2861 3083 ἐν
2887 3029 3065 3100 μέλει.

1923 3183 2055 3255 ρξε’.
2073 3183 2195 3256 ᾮδὴ
2223 3181 2640 3241 Ε’.-›Ἦσατου
2659 3186 3017 3257 πρὸρῤησις,
3037 3187 3188 3260 εὐχή
3203 3190 3268 3244 τὸ
3285 3195 3498 3251 πλέον.

1776 3292 1796 3314 1
1843 3318 1888 3376 C
1933 3323 2030 3376 Ἐκ
2057 3319 2252 3383 νυκτὸς
2282 3319 2458 3391 αὑγὴν
2481 3319 2588 3374 εἶδε
2620 3318 2719 3388 σὴν
2743 3319 2803 3374 τὸ
2825 3320 3045 3392 πνεῦμά
3076 3341 3178 3395 μου
3197 3339 3216 3358 ο

1921 3461 2087 3528 tavit;
2126 3462 2272 3516 stetit
2311 3463 2376 3516 ad
2409 3461 2758 3531 splendorem
2786 3466 2908 3534 ejus
2945 3465 3072 3519 luna
3104 3464 3251 3520 caeli.
3288 3465 3499 3537 Sagitta

1919 3563 2012 3609 tua
2055 3553 2168 3618 lux,
2210 3561 2263 3608 et
2297 3553 2530 3625 fulguris
2577 3555 2715 3626 ignis
2748 3555 2938 3612 telum.
2985 3555 3211 3610 Terram
3248 3558 3499 3613 devastes

1920 3646 2086 3703 minis
2120 3646 2248 3709 tuis.
2278 3647 2357 3702 ira
2388 3656 2478 3702 tua
2506 3658 2694 3718 gentes
2727 3649 3008 3719 percellas,
3040 3648 3232 3704 venisti
3266 3649 3318 3702 in
3344 3649 3500 3705 salu-

1921 3748 2026 3792 tem
2077 3739 2263 3809 populi
2327 3739 2406 3792 tui
2469 3746 2524 3793 et
2578 3738 2912 3793 christorum
2986 3747 3245 3802 tuormu;
3307 3751 3495 3794 contra

1919 3827 2172 3884 inimicos
2215 3829 2483 3898 pessimos
2544 3838 2777 3883 mortem
2830 3829 3049 3895 misisti,
3108 3831 3246 3884 colla
3301 3833 3496 3897 vincis,

1919 3918 2159 3973 conteris
2192 3919 2461 3983 cervices,
2497 3920 2674 3989 capita
2712 3922 3018 3990 potentium
3065 3936 3281 3976 resecas
3325 3921 3381 3975 in
3412 3923 3496 3976 l’uo

1919 4025 2078 4076 rore;
2113 4020 2168 4065 et
2209 4012 2391 4067 cordis
2433 4012 2724 4081 trepidatio
2760 4013 2881 4067 illos
2927 4014 3239 4083 occupabit.
3290 4013 3495 4083 Super-

1921 4103 2077 4158 biunt
2129 4113 2189 4158 ut
2233 4120 2436 4176 pauper
2476 4105 2530 4158 in
2585 4105 2912 4160 abscondito
2952 4107 3264 4161 comedens.
3318 4107 3499 4176 Equus

1922 4206 2103 4249 autem
2139 4204 2260 4250 tuos
2288 4211 2512 4252 currere
2543 4206 2731 4251 contra
2761 4212 2933 4267 aquas
2963 4198 3173 4267 jussisti
3214 4198 3498 4253 humidum

1919 4284 2302 4353 perturbantes
2348 4286 2584 4340 alveum.
2621 4284 2921 4341 Percussus
2965 4302 3109 4352 sum,
3160 4292 3491 4353 contreuiui,

1919 4386 1972 4429 et
2005 4376 2290 4445 obstupui,
2333 4392 2458 4430 cum
2500 4379 2728 4433 oraculo
2775 4377 3020 4433 futurum
3072 4381 3364 4448 praevideo.
3407 4381 3497 4434 ln-

1921 4484 2140 4539 gressus
2181 4480 2266 4524 est
2314 4486 2486 4540 usque
2536 4471 2601 4525 ad
2651 4487 2775 4526 ossa
2821 4473 2934 4542 ipsa
2986 4482 3212 4538 tremor,
3261 4476 3500 4543 agitatus

1922 4580 2042 4619 sum
2087 4566 2281 4620 robore
2333 4566 2385 4618 in
2432 4566 2564 4621 imo.
2602 4566 2848 4621 Lmtabor
2893 4567 3125 4635 spiritu,
3170 4568 3222 4620 in
3258 4577 3501 4635 tempore

1923 4656 2171 4710 laborum
2200 4657 2412 4710 intrabo
2442 4659 2494 4710 in
2528 4660 2786 4726 pupulum
2813 4674 2941 4712 mea:
2976 4659 3348 4712 habitationis.
3372 4657 3498 4711 Ideo

239 4753 379 4802 ciem
427 4749 524 4802 ibit
573 4765 719 4803 mors
769 4753 1047 4820 castigans
1096 4750 1339 4821 gladius,
1396 4750 1590 4819 duplex
1640 4751 1814 4805 ensis.
1852 4769 1896 4823 ι)
1924 4749 2058 4804 licus
2093 4751 2274 4803 suavis
2308 4749 2482 4805 fructu
2523 4766 2628 4804 nou
2664 4751 3061 4816 iucurvabitur,
3106 4767 3280 4821 neque
3323 4753 3501 4805 abun-

242 4841 489 4904 Stctisti,
550 4843 790 4896 obcdivit
843 4852 1026 4906 terra;
1083 4843 1384 4912 aspexisti,
1444 4843 1821 4896 dissolvuntur

239 4945 427 5005 gentes
456 4947 722 5004 potentes.
758 4934 871 4989 Tua
907 4935 955 4989 vi
983 4936 1200 4989 contriti
1232 4947 1356 4990 sunt
1390 4945 1624 5000 montes,
1658 4951 1821 4988 saxo-

242 5045 364 5083 rum
395 5031 663 5097 asperitas
689 5029 961 5099 perfracta
991 5039 1093 5084 est.
1115 5029 1304 5083 Omnis
1330 5030 1614 5098 obstupuit
1639 5027 1816 5094 Moab,

239 5123 422 5176 omnis
455 5121 732 5191 Etliiops.
763 5123 962 5177 Contra
998 5138 1170 5191 aquas
1199 5122 1333 5174 iram
1374 5121 1603 5186 misisti;
1635 5137 1699 5175 ne
1738 5131 1816 5185 tu,

242 5230 341 5269 nrc
397 5215 548 5267 furor
585 5225 710 5269 tuus
744 5217 793 5268 iu
838 5215 1062 5268 ﬂumina
1123 5217 1313 5275 irruat.
1348 5230 1524 5284 neque
1569 5216 1622 5268 in
1671 5230 1818 5268 mare

242 5306 545 5374 indignatio
584 5317 696 5368 tua,
733 5323 766 5361 ο
792 5324 906 5361 rex.
946 5306 1125 5375 Equos
1157 5307 1546 5371 conscendisti,
1580 5305 1813 5360 salutem

240 5397 535 5450 advexisti.
574 5395 787 5451 Tendes
843 5413 1066 5463 arcum,
1112 5406 1164 5450 et
1198 5407 1384 5450 contra
1422 5408 1636 5464 sceptra
1683 5395 1817 5448 diri-

247 5507 373 5560 ges;
403 5492 676 5544 scindctur
703 5502 843 5544 terra
873 5491 1047 5544 ﬂuviis
1068 5506 1282 5558 semper
1310 5489 1624 5543 ﬂuentibus.
1657 5488 1820 5541 Dolor

247 5586 471 5639 invadat
509 5585 608 5638 hos
641 5587 731 5654 qui
770 5585 998 5653 gratiam
1047 5595 1194 5636 tuam
1240 5582 1463 5647 vident;
1509 5591 1560 5634 et
1595 5594 1820 5634 contur-

245 5679 400 5732 babis
425 5694 691 5747 aquarum
723 5679 951 5732 lluxutn.
987 5676 1186 5731 Vocem
1225 5676 1371 5730 dedit
1405 5678 1654 5746 aliyssus,
1689 5676 1827 5727 mul-

248 5781 363 5823 tutn
402 5771 606 5824 elevata
641 5781 722 5825 cst
752 5789 764 5835 ;
801 5773 891 5824 ubi
929 5771 1064 5824 lucis
1099 5771 1354 5839 princeps
1386 5769 1640 5824 deorsum
1675 5767 1828 5837 equi-

248 5891 293 5924 “
323 5893 456 5950 Fors
507 5892 722 5963 ἐσείσθη

1923 4847 2076 4900 dabit
2109 4847 2292 4899 botrus
2336 4846 2387 4897 iu
2423 4846 2640 4910 vineis;
2675 4847 2922 4915 decipiar
2959 4847 3133 4901 olivos
3180 4846 3497 4913 instricieus,

1923 4949 1975 4992 ct
2026 4953 2279 4992 arvorum
2333 4953 2456 4992 esca
2512 4953 2616 4991 non
2670 4953 2732 4992 os
2789 4938 3069 5007 implebit;
3128 4949 3183 4992 et
3231 4942 3497 5008 pecudum

1925 5032 2214 5086 multitudo
2272 5031 2455 5084 deﬁcit
2511 5031 2642 5085 mihi
2708 5032 2846 5084 fame
2899 5042 3384 5100 consumptarum,
3446 5040 3500 5084 et

1924 5125 2087 5179 boum
2132 5138 2367 5193 praesepe
2401 5138 2654 5176 vacuum.
2703 5122 2828 5175 Mihi
2862 5134 3039 5175 autem
3079 5122 3340 5176 Dominus
3381 5123 3497 5192 glu-

1924 5218 2026 5277 ria,
2077 5213 2369 5286 gaudium,
2423 5215 2614 5280 robur,
2677 5215 2729 5267 in
2792 5214 3176 5282 perfectionem
3231 5217 3497 5266 honorum

1929 5312 2091 5378 pelles
2141 5310 2470 5378 disponens,
2533 5309 2584 5361 in
2640 5307 2972 5362 sublimibus
3031 5317 3277 5361 staturus
3318 5312 3386 5358 ita
3442 5313 3500 5357 ιιι

1926 5405 2137 5457 vincam
2172 5406 2219 5456 in
2251 5405 2524 5458 cautibus.

1931 5565 2052 5618 167.
2088 5565 2371 5618 Canticum
2417 5563 2476 5616 Υ.
2513 5593 2578 5602 -
2627 5561 2787 5615 1,ςιιὶ(τ’
2825 5561 3126 5628 prop/retia.
3176 5568 3222 5610 et
3269 5560 3499 5622 plerum-

2549 5652 2641 5703 qtte
2685 5647 2878 5685 ΟΙἯΗΟ.

2004 5769 2044 5822 Ε
2083 5779 2236 5824 nocte
2291 5770 2634 5838 splendotcm
2689 5781 2839 5823 tuum
2886 5769 3015 5822 \idit
3055 5770 3279 5836 spiritus
3327 5782 3500 5824 meus.
