4232 6434
220 452 327 518 997

1527 441 1867 501 CARMIXA
1906 440 2156 501 ι’λιιιλ.

3374 441 3477 507 983

224 563 361 636 ρξθ.
402 556 527 631 ’ῼδὴ
563 554 637 612 Ζ’.
664 551 1273 636 -Δρόσοςοκαμίνου,
1309 551 1426 605 τῶν
1444 549 1624 619 τριῶν
1643 546 1810 615 αἶνος
1842 561 1882 611 Α
1915 548 2013 600 Σδν
2062 547 2293 618 Ἰσραὴλ,
2327 550 2524 622 τρὶς,ή
2560 548 2754 621 Τριάς,
2791 550 3049 619 πρέσϐεις
3084 551 3239 623 δέχου

926 622 1101 678 νέων.

232 747 322 811 Ὠς
349 743 664 815 εὐλογητὸς,
688 740 921 807 αίνετδς,
946 738 1106 810 δόξης
1144 736 1330 808 γέμων

219 840 354 903 Θεὸς
386 838 658 905 πέφυκας,
690 837 719 890 ὁ
747 837 879 905 πρὶν
906 833 1093 905 ὀφθεὶς
1121 830 1385 902 πατράσι,

162 980 165 981 ,
220 931 355 992 Θεὸς
382 930 663 1002 κραταιὸς,
691 928 939 997 φρικτὸς,
974 925 1277 996 οἰκτίρμων
1310 922 1522 993 γέμων.

226 1021 448 1082 Δίκαιος
478 1014 530 1071 εἷ
558 1018 626 1072 τὰ
651 1017 847 1083 πάντα,
885 1018 981 1070 καὶ
1006 1017 1179 1068 πᾶσαι
1209 1012 1421 1084 κρίσεις

220 1115 288 1165 Δί
330 1114 421 1165 σαὶ
446 1113 667 1175 δίκαιοι,
696 1112 849 1164 πάσα
880 1109 924 1161 δ’
953 1108 1138 1161 εὐθεῖα
1161 1106 1367 1176 τρίϐος,

221 1204 334 1257 Καὶ
366 1204 513 1256 πᾶσα
545 1202 745 1273 πρᾶξις
776 1204 855 1264 εἰς
882 1199 1140 1270 ἀλήθειαν
1173 1200 1377 1269 βλέπει.

221 1298 334 1351 Καὶ
365 1296 542 1349 πάντα
566 1294 661 1348 νῦν
696 1292 906 1363 ὲπῆξας
937 1294 1068 1364 ἡμῖν
1102 1294 1198 1345 σὺν
1233 1292 1382 1363 δίκῃ,

235 1388 396 1458 ἸΙμίν
428 1405 487 1440 τε
518 1388 614 1440 καὶ
645 1384 739 1440 σοῦ
761 1388 827 1456 τῇ
858 1384 1134 1453 πανολϐίῳ
1159 1382 1312 1435 πόλει
1333 1396 1345 1408 ”

224 1478 383 1532 Πόλει
418 1479 661 1549 κραταιᾷ
687 1476 960 1546 φιλτάτων
992 1492 1084 1528 σου
1110 1472 1351 1545 πατρίδι.

225 1568 432 1631 Πολλὰς
461 1568 619 1632 δίκας
658 1585 740 1622 σοι
769 1570 989 1637 τίνομεν
1021 1567 1064 1598 ⁸⁸
1098 1566 1491 1635 τολμημάτων,

233 1660 326 1725 Ὠς
357 1658 876 1730 ὲξαπεστράφημεν,
919 1658 992 1722 ὡς
1016 1656 1321 1710 ἀποστάται

228 1750 515 1819 Ὠφθημεν
551 1751 616 1802 ἐκ
641 1749 757 1815 σοῦ,
792 1750 918 1812 τοὺς
944 1748 1198 1809 τεθέντας
1229 1764 1312 1799 σοι
1332 1748 1529 1816 νόμους

229 1840 539 1902 Πατοῦντες
566 1840 667 1895 ούκ
698 1840 946 1911 ἔγνωμεν
965 1856 980 1869 ’
1010 1839 1072 1892 οὗ
1108 1839 1547 1910 προσταγμάτων

225 1932 347 1983 Τῶν
382 1933 490 1985 σῶν
514 1931 831 2002 ὲπεστράιρη
842 1946 962 1999 μεν,
992 1928 1113 1982 οὐδὲ
1146 1928 1395 1998 καρδίαις

227 2023 658 2093 Κεκρυμμέναις
683 2020 996 2091 συνείδομεν
1023 2020 1091 2073 τά
1117 2018 1387 2089 πρακτέα.

224 2118 304 2169 Δι’
325 2110 401 2169 ὧν
430 2115 655 2178 δικαίως
696 2112 1047 2181 ἐξετόξευσας
1082 2111 1257 2183 βέλος.

228 2210 411 2263 ..Απαν
440 2207 565 2262 καθ’
593 2208 767 2279 ἡμῶν,
802 2209 911 2261 πᾶν
936 2204 1145 2277 ἐπῆξας
1178 2206 1277 2259 σὺν
1307 2202 1485 2275 κρίσει
1510 2218 1515 2230 .-
1544 2228 1545 2231 η

229 2301 481 2361 Δέδωκας
523 2301 669 2370 ἡμᾶς
699 2293 860 2369 ’χερσὶ
887 2297 1348 2367 δυσμενεστάταις

240 2393 484 2463 Ἐχθρῶν
513 2393 780 2456 ἀπίστων,
818 2391 1088 2461 ἐκνόμων,
1124 2389 1460 2461 μιαιφόνων

226 2485 398 2553 Δεινῷ
430 2483 641 2555 βασιλεῖ
669 2485 761 2536 καὶ
786 2482 1266 2555 τυραννικωτάτῳ,

228 2579 469 2631 Νικῶντι
501 2580 681 2632 πᾶσαν
714 2579 772 2631 ὲν
808 2577 1044 2649 πονηρίᾳ
1072 2576 1239 2647 χθόνα
1267 2591 1280 2605 ⁶

228 2674 344 2725 Οὐκ
366 2672 514 2725 ἔστιν
537 2674 668 2742 ἡμῖν
694 2670 787 2724 οὖν
817 2664 1000 2741 δὶάραι
1033 2670 1092 2723 τὸ
1117 2669 1314 2741 στόμα,

228 2764 431 2833 Χλεύη.
462 2765 658 2832 γέλως,
687 2763 910 2826 ὄνειδος,
939 2761 1193 2832 αἰσχύνη,
1220 2761 1425 2832 κόπρος

231 2856 372 2908 Πάσι
405 2854 627 2916 δικαίως
672 2856 783 2915 σοῖς
812 2852 1159 2922 κατέστημεν
1188 2852 1432 2923 λάτραις.

227 2945 321 3013 Μὴ
344 2944 409 3015 δὴ
447 2942 706 3014 παραδῷς
732 2944 810 3006 είς
838 2941 991 3005 τέλος
1017 2942 1313 3011 μαστιγίας
1336 2958 1351 2973 ο

232 3037 471 3106 Ὀρκους
500 3036 557 3089 δὲ
586 3038 711 3097 τοὺς
742 3036 869 3097 σοὺς
900 3032 1203 3105 σκορπίσῃς
1226 3035 1307 3095 είς
1341 3033 1498 3105 ἀέρα,

229 3123 427 3180 Οἷκτόν
460 3144 519 3180 τε
544 3127 635 3180 τὸν
677 3126 768 3179 σὺν
795 3123 1170 3195 ἐξαποστήσῃς
1193 3123 1348 3185 ὅλως.

229 3220 339 3288 Σὴν
372 3220 563 3289 κλῆσιν
594 3218 874 3285 αίδέσθητι
896 3216 989 3269 καὶ
1015 3216 1111 3285 τὴν
1141 3215 1239 3286 σὴν
1272 3214 1433 3285 φύσιν

230 3312 310 3364 Δι’
353 3311 636 3383 Ἀδραάμο
663 3310 726 3363 τὸ
748 3310 972 3380 φίλτρον
1012 3307 1222 3371 Ἰσαὰκ,
1251 3308 1443 3378 λάτριν

232 3488 357 3548 169.
384 3474 897 3613 (ἓιιηιὶοιιῐῐιίνΙιμἿ
923 3486 1026 3542 Ros
1048 3487 1305 3557 fornacis,
1344 3484 1503 3539 trium
1558 3485 1814 3556 juvenum

895 3575 1125 3613 lumnas.
1804 3572 1805 3575 “

895 3575 1125 3631 rymnns.
1804 3572 1805 3575 ¹

303 3673 478 3741 Quam
507 3671 851 3736 benedictus,
881 3668 1191 3732 laudabilis,
1256 3668 1453 3738 plenus
1514 3667 1686 3736 gloria
1731 3682 1814 3733 es,

233 3762 398 3825 Deus,
433 3762 526 3831 qui
558 3761 709 3830 prius
731 3758 977 3828 patribus
1004 3759 1153 3811 visus
1172 3771 1254 3823 es,
1286 3766 1474 3826 potens
1517 3753 1681 3819 Deus,
1702 3762 1814 3807 ter-

232 3854 431 3919 ribilis,
466 3851 965 3907 miscricordiarum
1004 3847 1425 3919 plcnuanstus
1456 3863 1515 3902 es
1555 3847 1607 3900 in
1638 3846 1816 3900 omni-

233 3946 359 4011 bus,
395 3955 449 3999 et
470 3945 674 4015 judicia
706 3953 797 3998 tua
822 3943 1006 3997 omnia
1031 3942 1203 4012 justa,
1238 3950 1291 3996 et
1323 3941 1505 3996 omnis
1535 3940 1619 3994 via
1644 3949 1812 4003 recta,

233 4048 291 4095 ct.
318 4053 478 4092 omne
496 4053 634 4107 opus
669 4036 721 4090 in
748 4037 1027 4090 veritatem
1051 4036 1326 4106 dirigitur.
1358 4034 1423 4088 Et
1454 4034 1637 4088 omnia
1670 4046 1817 4086 nunc

235 4132 396 4187 nobis
428 4132 688 4186 induxisti
720 4148 843 4185 cum
871 4131 1085 4199 justitia
1109 4148 1122 4196 ;
1146 4130 1304 4185 nobis
1328 4138 1381 4183 et
1404 4137 1509 4183 tuae
1529 4127 1818 4182 fortunata:

236 4225 444 4282 civitati
470 4242 484 4291 ;
510 4224 713 4278 civitati
755 4223 957 4293 potenti
1005 4223 1329 4278 dilectorum
1356 4229 1572 4276 tuorum
1602 4220 1814 4289 patriae.

236 4315 435 4371 Multas
469 4331 658 4386 poenas
693 4314 788 4367 tibi
813 4315 1078 4368 solvimus
1136 4311 1467 4382 facinorum,
1520 4317 1645 4386 quia
1697 4332 1820 4386 pcr-

237 4412 381 4464 versi
416 4409 636 4473 fuimus,
676 4407 803 4476 quia
854 4407 1081 4463 rebelles
1114 4422 1144 4461 a
1177 4416 1229 4462 te
1281 4410 1629 4477 recessimus,
1673 4410 1818 4480 leges

237 4518 270 4558 a
312 4512 363 4556 te
390 4509 623 4556 statutas
675 4499 1064 4556 conculcantes
1134 4515 1245 4555 non
1301 4502 1662 4569 agnovimus;
1712 4518 1817 4557 non

238 4595 524 4667 praeceptis
562 4604 670 4649 tuts
694 4593 1216 4660 obtemperavimus,
1256 4609 1433 4665 neque
1456 4596 1639 4651 cordis
1687 4611 1811 4650 cum

240 4688 563 4744 abscondito
591 4686 902 4741 consentire
934 4700 1114 4755 opera:
1144 4685 1395 4741 fecimus.
1424 4686 1633 4743 Idcirco
1675 4690 1820 4758 juste

1914 633 2010 701 Οἷς
2048 640 2143 692 καὶ
2167 643 2467 709 προσεῖπας
2499 642 2727 713 σπέρμα
2754 641 3022 713 πληθῦναι
3058 644 3237 708 τόσον,

1914 729 2155 798 Ψάμμον
2182 728 2457 799 Θαλάσσης
2488 731 2697 801 ὥσπερ,
2725 734 2902 804 ἄστρα
2935 733 3029 786 τοῦ
3058 734 3147 787 πό)
3160 751 3241 790 ου.

1912 823 1992 875 Δι’
2017 816 2114 885 ὦν,
2142 807 2391 885 Βασιλεῖ),
2434 824 2599 892 ἐσμὲν
2630 825 2993 897 ὴπορημένοι,

1916 914 2167 985 Σμικροὶ,
2198 916 2468 981 ταπεινοὶ,
2504 916 2809 987 δυστυχεῖς,
2857 918 3175 989 άπωσμένοι

1920 1007 2147 1068 Ἔθνους
2180 1024 2237 1058 τε
2270 1008 2493 1070 παντὸς,
2517 1008 2620 1077 γῆς
2650 1009 2775 1078 ὅλης
2805 1010 3127 1080 ὑϐρισμένοι

1917 1097 2152 1160 illis-:15:
2188 1097 2429 1161 πολλαῖς,
2469 1093 2556 1151 οἷα
2590 1101 2710 1161 ταῖς
2741 1102 3039 1169 ἁμαρτίαις
3065 1118 3080 1133 ·

1916 1190 2029 1242 Οὐκ
2058 1190 2203 1243 ἔστιν
2238 1191 2441 1261 ἄρχων,
2473 1193 2533 1245 ού
2578 1195 2885 1262 προφήτης,
2917 1194 3037 1245 οὐδέ
3068 1211 3151 1257 τις

1922 1282 2153 1350 Ποιμὴν,
2192 1283 2475 1352 δικαστὴς,
2516 1284 2720 1353 ἱερεὺς,
2754 1282 3163 1353 στρατηγέτης’

1919 1373 1994 1423 Ut)
2028 1372 2274 1442 θυμίαμα
2302 1376 2589 1446 προσφορά
2620 1375 2715 1428 καὶ
2752 1375 2934 1439 θυσία,

1918 1462 1993 1515 υύ
2034 1467 2180 1528 ναὸς,
2212 1465 2332 1517 οὐδὲ
2365 1466 2567 1535 βωμὸς,
2600 1467 2738 1519 ὥστε
2764 1468 2855 1519 καὶ
2889 1466 3050 1520 θύσαι

1918 1556 2213 1624 Κάρπωμα
2243 1556 2454 1622 δεκτον,
2478 1558 2571 1610 καὶ
2600 1560 2727 1626 γόνυ
2756 1561 2933 1613 κλίναι
2966 1561 3137 1627 κάτω,

1919 1648 2028 1700 Καὶ
2053 1648 2145 1701 τὸν
2175 1650 2265 1703 σιν
2286 1646 2467 1703 οἶκτον
2496 1650 2721 1704 ἑλκύσαι
2758 1654 3088 1720 παραυτίκα.

1931 1742 2070 1794 Ἀλλ’
2095 1744 2215 1798 ἀντὶ
2241 1742 2453 1795 πολλῶν
2483 1743 2655 1797 ταῦτα
2690 1743 2946 1813 θυμάτων
2976 1744 3134 1814 δέχου

1918 1837 2111 1908 Ψυχὴν
2140 1837 2426 1907 ταπεινὴν,
2460 1838 2677 1907 πνεῦμα
2709 1840 3195 1907 συντετριμμένον,

1844 1906 1887 1963 Β
1917 1930 2107 1999 Πηγάς
2139 1929 2366 1999 ῥεούσας
2398 1930 2671 1999 δακρύων,
2706 1930 2765 1994 ἐξ
2792 1931 3040 1999 αἱμάτων

1915 2023 2147 2094 Ταύρων
2176 2024 2472 2094 καθώσπερ
2506 2024 2773 2094 μυριάδας
2799 2025 2892 2076 καί
2922 2025 3163 2095 τράγων,

1915 2115 2499 2186 Σκαίρονταςιὰρνοὺς,
2536 2116 2726 2178 πίονας
2760 2116 2994 2187 μόσχους
3030 2118 3185 2182 νέους
3208 2133 3226 2150 ⁶

1914 2205 2105 2266 Οὕτως
2134 2205 2264 2274 παρ’
2285 2205 2444 2275 ἡμῶν
2475 2205 2573 2268 τὰς
2596 2207 2861 2277 άναίμους
2886 2208 3078 2272 Θυσίας

1925 2298 2014 2360 Ὠς
2046 2296 2254 2368 τερπνά
2282 2296 2429 2369 δῶρα
2461 2299 2554 2351 καὶ
2578 2298 2734 2368 δέχου
2772 2300 2865 2351 καὶ
2890 2302 3212 2373 προσδέχου.

1915 2390 1991 2443 Ού
2024 2391 2134 2461 γάρ
2163 2388 2397 2458 καλύψει
2430 2390 2491 2442 τὸ
2520 2390 2813 2461 πρόσωπον
2841 2391 3073 2464 αἰσχύνη

1916 2483 2039 2535 Τῶν
2072 2485 2155 2536 σοὶ
2185 2483 2245 2536 τὸ
2266 2482 2482 2555 ,θάρσος
2501 2483 2680 2535 είσαεὶ
2712 2483 3075 2552 τεθυκότα)νά

1920 2575 2031 2627 Καὶ
2055 2573 2152 2629 νῦν
2182 2574 2453 2644 ποθοῦμεν
2483 2573 2541 2638 ἐξ
2583 2574 2711 2643 ὅλης
2743 2591 2801 2626 σε
2835 2574 3063 2645 καρδίας

1919 2668 2031 2721 Καὶ
2056 2667 2356 2738 φρίσσομέν
2386 2684 2467 2729 σε,
2499 2667 2593 2720 καὶ
2618 2667 2745 2731 θέας
2775 2669 3075 2740 ἠρτημένοι

1916 2754 2027 2822 Τῆς
2058 2755 2157 2822 σῆς
2184 2754 2406 2807 ὄπισθεν
2434 2755 2625 2823 ὥσπερ
2648 2757 3111 2828 ἐκπεπληγμένοι,

1916 2849 2143 2916 Δριμεῖς
2173 2848 2399 2917 ἐρασταὶ
2424 2847 2509 2900 σοὶ
2542 2846 2754 2918 βοῶμεν
2786 2850 2849 2903 ὲκ
2891 2850 3087 2921 βάθους
3106 2869 3122 2883 ⁸

1926 2938 2017 3005 Μὴ
2043 2937 2109 3007 δὴ
2138 2937 2394 3009 παρόψει,
2428 2938 2501 3008 μὴ
2527 2940 2897 3013 καταισχύνῃς
2918 2943 3141 3013 λάτρεις,

1920 3029 2128 3099 Δράσον
2161 3029 2280 3100 μεθ’
2303 3030 2480 3100 ήμῶν,
2514 3024 2599 3083 οἷα
2636 3034 2870 3103 χρηστὸς
2902 3036 3000 3105 τὴν
3036 3038 3216 3105 φύσιν,

1918 3122 2125 3192 Πρᾶος,
2156 3123 2462 3192 προσηνὴς,
2495 3123 2675 3187 ἱλεως,
2720 3127 2900 3179 οἴκτου
2940 3129 3149 3196 γέμων,

1918 3214 2241 3284 Θαυμαστὸς
2270 3214 2445 3284 ἰσχὺν,
2478 3215 2634 3282 δόξαν
2673 3219 3069 3286 ἠμφιεσμένος,

1841 3271 1883 3328 C
1920 3271 2453 3377 hletatpzuelq'eoi,‘
2484 3271 2815 3379 xa'xoﬁp'éoi;
2839 3312 2870 3381 ή
2890 3271 3051 3384 Ιδίκη,

1920 3498 1954 3538 o
1983 3482 2246 3549 Trinitas,
2277 3483 2668 3540 intercessores
2726 3489 2945 3558 accipe,
2970 3492 3169 3560 quibus
3209 3494 3507 3563 promisisti

1921 3590 2105 3630 semen
2140 3576 2605 3645 multiplicamlum
2642 3594 2764 3633 esse
2795 3594 3057 3649 quantum
3103 3602 3322 3640 arenam
3386 3608 3504 3644 ma-

1922 3671 2066 3723 risct
2092 3671 2437 3724 slellascwli.
2470 3671 2629 3737 Quia,
2669 3689 2702 3727 0
2736 3690 2856 3738 rex,
2894 3679 3049 3745 egeni
3084 3696 3298 3745 smnus,
3332 3684 3504 3752 parti,

1925 3761 2177 3825 humiles,
2212 3763 2420 3827 miseri,
2456 3765 2668 3832 expulsi
2702 3766 2771 3819 ab
2796 3770 2945 3821 oumi
2972 3782 3150 3839 gente,
3184 3781 3340 3826 terra:
3392 3776 3508 3827 uni-

1924 3867 2093 3908 versa:
2123 3854 2447 3923 opprobinm
2483 3855 2609 3909 facti
2636 3858 2861 3926 flagellis
2913 3861 2965 3914 in
3020 3862 3227 3926 tnultis,
3288 3877 3509 3935 prnptu-r

1926 3954 2166 4014 peccata.
2198 3944 2315 3998 Non
2357 3957 2441 4001 est
2470 3950 2721 4017 princeps
2762 3968 2937 4022 neque
2977 3957 3255 4024 propheta.
3294 3974 3399 4010 non
3426 3964 3510 4012 cst

1927 4046 2133 4105 pastor,
2181 4037 2372 4105 judcx,
2400 4042 2676 4106 sacerdos,
2709 4042 2814 4095 dux
2850 4047 3141 4108 exercitus,
3180 4062 3285 4101 non
3313 4058 3394 4102 est
3424 4049 3510 4101 in-

1928 4131 2396 4194 censum,ohlatio
2432 4148 2528 4185 nec
2556 4135 2908 4199 sacrificium,
2952 4154 3055 4189 non
3091 4139 3506 4208 templum,nnn

1930 4226 2119 4290 altare,
2146 4226 2211 4279 ad
2241 4228 2658 4281 sacrificandum
2717 4230 2949 4283 hostiam
3003 4234 3414 4301 acet-ptabilem,
3455 4244 3510 4288 ct

1931 4334 2071 4389 genu
2109 4318 2362 4373 dcersum
2426 4317 2773 4383 ﬂet-tendum,
2823 4330 2877 4373 et
2916 4322 3295 4375 attrahendum
3359 4331 3507 4376 tuam

1927 4411 2359 4465 misericordiam
2388 4412 2439 4463 in
2461 4411 2849 4479 pt-tesenti.Sed
2875 4428 2972 4481 pro
2999 4414 3183 4467 multis
3210 4415 3319 4466 hzcc
3341 4417 3509 4467 sacri-

1928 4504 2063 4557 ﬁciis
2089 4504 2275 4571 accipe
2328 4505 2565 4555 animum
2598 4503 2881 4565 humilem,
2906 4504 3154 4571 spiritum
3190 4506 3508 4569 contritum,

1928 4595 2104 4649 fontes
2154 4596 2519 4664 lacryutaruu‘.
2552 4609 2567 4646 :
2601 4596 2742 4648 sicut
2806 4595 2857 4648 in
2920 4598 3186 4663 sanguine
3231 4606 3509 4651 taumrum

1929 4689 2093 4742 millia
2112 4696 2166 4741 et
2197 4688 2497 4753 hircorum,
2526 4690 2790 4742 saltantes
2816 4703 3006 4756 agnos,
3048 4690 3274 4756 pingues
3325 4697 3378 4743 ct
3433 4702 3505 4743 tc-

242 4783 347 4838 tela
378 4780 563 4835 omnia
614 4778 889 4833 immisisti
944 4786 1134 4833 contra
1170 4792 1291 4840 nos,
1351 4780 1532 4833 onmia
1565 4781 1824 4836 induxisti
1863 4777 1905 4832 υ
1936 4795 2098 4834 neros
2129 4781 2347 4841 vitulos,
2383 4781 2451 4834 ita
2478 4795 2506 4834 a
2533 4780 3021 4835 nobisincrucntas
3060 4782 3289 4846 hostias,
3343 4782 3506 4851 utju-

241 4870 367 4930 Cum
392 4873 627 4943 iustitia.
676 4870 972 4925 'l‘radidisti
1005 4885 1107 4925 nos
1130 4871 1384 4924 manibus
1444 4872 1694 4940 pessimis
1728 4872 1833 4925 ini-

241 4967 511 5023 nticomm
594 4962 893 5018 infidelium
954 4962 1271 5030 iniquorum
1313 5000 1328 5025 ,
1378 4962 1773 5016 homicidarum
1814 4982 1828 5029 ;

244 5056 358 5125 regi
388 5056 673 5109 tremendo
698 5062 751 5108 et
782 5052 1168 5122 iniustissime,
1198 5052 1436 5121 nequitia
1487 5062 1643 5107 terrae.
1678 5055 1826 5107 omni

242 5156 561 5220 praestante.
593 5146 707 5201 Non
744 5146 871 5202 licet
892 5160 1024 5216 ergo
1090 5144 1248 5199 nobis
1273 5160 1337 5199 os
1369 5147 1580 5216 aperire
1611 5163 1625 5212 ;
1688 5145 1830 5199 deri-

216 5242 219 5244 ’
246 5258 366 5305 sus,
397 5241 713 5306 ludibrium,
731 5240 1110 5310 opprobrium,
1136 5237 1410 5303 confusio,
1431 5239 1624 5294 sordes
1643 5239 1829 5294 omni-

247 5336 353 5391 bus
375 5333 542 5402 justis
573 5333 745 5387 servis
767 5332 874 5387 tuis
906 5332 1182 5387 stetimus.
1210 5329 1285 5385 Ne
1313 5330 1477 5398 igitur
1525 5330 1707 5384 tradas
1734 5346 1831 5384 nos

248 5428 305 5483 in
335 5426 496 5480 finem
532 5425 913 5496 llagellationis
946 5441 961 5488 ;
996 5439 1063 5478 ne
1115 5424 1348 5493 dissipes
1386 5421 1437 5477 in
1497 5437 1621 5477 aera
1677 5424 1833 5491 jura-

248 5530 439 5577 menta
476 5529 591 5581 tua,
651 5527 706 5574 et
740 5518 1178 5573 misericordiam
1219 5516 1445 5571 omnino
1475 5530 1544 5570 ne
1588 5515 1828 5570 auferas.

250 5612 607 5668 lnvocatione
651 5621 743 5665 tua
791 5622 846 5666 et
882 5622 1076 5666 natura
1142 5620 1232 5665 tua
1284 5609 1681 5665 commercaris
1738 5625 1832 5677 per

249 5707 551 5774 Abraham,
582 5706 837 5765 dilectum
864 5703 1036 5775 Isaac,
1064 5719 1283 5763 servum
1314 5714 1466 5760 tuum
1489 5701 1675 5769 Israel,
1696 5713 1826 5770 lrcs,

329 5881 376 5917 "
410 5886 659 5940 τιίνοαεν
690 5884 812 5941 cod.

1931 4874 2107 4927 cunda
2145 4872 2287 4925 dona
2323 4873 2507 4940 accipe
2531 4882 2586 4925 et
2615 4874 2976 4941 acceptabiles
3014 4873 3175 4928 hahc.
3200 4871 3316 4927 Non
3365 4876 3508 4929 enim

1930 4964 2495 5018 occultabitcunl‘usio
2535 4963 2733 5017 faciem
2780 4980 2971 5018 eormn
3018 4966 3193 5034 quiin
3232 4977 3282 5020 te
3342 4967 3503 5019 rohnr

1929 5066 2258 5112 statuerunt.
2295 5054 2360 5109 Et
2403 5071 2547 5109 nunc
2571 5070 2823 5110 amamus
2848 5069 2897 5110 tc
2928 5072 2991 5110 ex
3054 5059 3199 5109 omni
3245 5058 3407 5110 corde
3460 5072 3509 5113 (ιι

1930 5149 2276 5208 timemuste,
2311 5157 2361 5202 ct
2393 5148 2707 5215 conspectui
2761 5158 2852 5200 tuo
2893 5148 3156 5200 haerentes
3212 5158 3508 5202 retrorsum

1937 5243 2083 5296 velut
2105 5252 2324 5310 stupore
2356 5241 2624 5309 percussi,
2667 5240 2921 5295 ardentes
2947 5252 3220 5293 amatores
3257 5241 3350 5293 tibi
3399 5245 3498 5293 cla.

1920 5351 2138 5389 malum
2167 5350 2195 5387 c
2219 5332 2528 5403 profundo:
2557 5332 2632 5386 Ne
2652 5333 2948 5402 despicias,
2980 5348 3045 5385 ne
3066 5332 3368 5385 confundas
3394 5348 3504 5385 svr-

1934 5444 2049 5491 vos,
2086 5426 2168 5481 fac
2209 5426 2676 5490 nobiscum,sicut
2711 5434 2903 5478 natura
2964 5433 3303 5487 mansuetus,
3340 5422 3508 5487 mitis,

1935 5521 2241 5587 indulgens,
2273 5522 2610 5576 misericors.
2650 5516 3018 5569 miserationis
3052 5516 3262 5584 plenus,
3306 5514 3503 5567 robore

1933 5613 2238 5672 mirandus,
2274 5611 2444 5678 gloria
2472 5610 2694 5662 indutus
2730 5623 2746 5671 ;
2791 5616 3138 5661 convertatur
3200 5608 3250 5657 in
3307 5604 3505 5658 malum

1929 5714 2213 5772 operantcs
2242 5702 2374 5755 ultio
2408 5711 2520 5766 tua,
2549 5699 2923 5755 confusionem
2946 5698 3212 5768 accipiant
3232 5696 3467 5751 audaces
3493 5711 3507 5758 ;
