4232 6434
2038 382 2356 446 JOANNIS
2392 374 2824 443 GEOMETR/E
3900 358 4036 424 ιοω

2384 516 2429 573 Α
2464 496 2571 547 Και
2603 491 2774 545 ταῦτα
2799 484 3046 557 τερπνῶν
3066 481 3369 554 ὲξεφώνουν
3399 478 3624 551 χειλέων
3646 492 3661 507 ο

2473 585 2560 646 Ὠς
2594 579 2904 651 εὐλογητὸς.
2931 578 3008 641 ὼς
3034 575 3294 646 ὑμνητὸς,
3322 574 3397 637 ὼς
3425 572 3597 643 μέγας

2459 676 2593 739 Θεὸς
2620 673 2901 741 κραταιὸς,
2927 670 3130 743 Κύριος
3160 666 3590 740 παντοκράτωρί

2459 768 2591 830 Θεὸς
2614 766 2844 829 παλαιὸς
2872 764 2980 818 τῶν
3014 761 3181 815 πάλαι
3209 759 3575 829 γεννητόρων,

2474 859 2729 931 Ὑψηλδς,
2764 857 2932 927 ὕψους
2956 855 3179 918 παντὸς,
3217 852 3431 907 αἰώνων
3452 850 3585 916 ἄνω,

2462 956 2572 1008 Καὶ
2600 952 2791 1020 κλῆσις
2817 950 2894 1012 είς
2919 949 3145 1019 ἄπειρον
3179 946 3392 999 αἰώνων
3414 943 3590 1008 τέλος,

2464 1041 2693 1095 Νικῶσα
2723 1037 2905 1102 δόξαν,
2940 1036 3131 1107 ὕμνον,
3165 1035 3299 1104 ὕψος
3319 1034 3414 1087 καὶ
3441 1034 3652 1105 χρόνον.

2462 1133 2684 1187 Βλέπων
2712 1128 2922 1183 ἄνωθεν
2948 1130 3047 1199 τῆς
3084 1126 3324 1181 ἀϐύσσου
3355 1127 3465 1179 πᾶν
3503 1123 3670 1196 βάθος
3689 1138 3706 1154 ·

2461 1224 2649 1295 Θρόνῳ
2682 1221 2967 1293 Χερουϐὶμ
2997 1220 3378 1289 ἐγκαθήμενος
3408 1218 3647 1288 φλέγων,

2472 1316 2563 1381 Ὠς
2594 1313 2906 1383 εὐλογητὸς,
2935 1312 3012 1377 ὡς
3040 1310 3301 1383 ὑμνητὸς.
3330 1309 3407 1373 ὡς
3435 1309 3647 1379 μέγαςί

2467 1409 2568 1459 ’ον
2604 1403 2918 1474 εὐλογοῦσιν
2946 1403 3171 1473 οὐρανοὶ
3194 1402 3265 1473 γῆ
3297 1401 3393 1453 καὶ
3422 1400 3542 1461 νόες
3562 1414 3576 1427 ·

2472 1499 2563 1564 ἀς
2597 1497 2909 1570 εὐλογητὸς,
2931 1495 3006 1561 ὡς
3032 1496 3293 1567 ὑμνητὸς.
3318 1494 3393 1557 ὡς
3419 1491 3623 1565 μέγαςι

3058 1626 3150 1699 ρο¹.
3204 1628 3329 1701 nsi;
3365 1627 3449 1683 H'.

2458 1770 2543 1824 Τά
2579 1769 2795 1832 κτιστὰ,
2824 1769 2918 1822 τὸν
2946 1766 3210 1820 κτίσαντα
3235 1762 3474 1834 Χριστὸν
3505 1762 3739 1831 εὐλόγει,

2394 1886 2437 1945 Β
2475 1861 2726 1932 ’Υψοῦτε,
2753 1859 3047 1926 δοξάζοιτε,
3084 1858 3247 1928 μέχρι
3276 1854 3581 1925 τερμάτων.

2468 1958 2636 2018 Πόλος
2665 1953 2828 2019 Θεοῦ,
2860 1954 2979 2016 νόες
3002 1968 3083 2017 τε,
3108 1950 3200 2004 τὸν
3221 1948 3357 2002 Θεοῦ
3379 1948 3553 2017 Λόγον

781 521 894 588 τὴν
917 514 1187 589 ἐντροπὴν
1214 512 1428 567 λάϐοιεν
1465 511 1514 563 οἱ
1552 505 1862 577 τολμητίαι.

790 614 1022 677 Amano
1042 609 1211 667 δεινὰ,
1232 605 1380 658 δεινά
1403 602 1528 666 τούς
1554 598 1947 670 εἰργασμένους
1975 594 2037 649 ¹⁹.

786 705 961 772 Λήψοι
992 702 1050 755 τὸ
1078 698 1369 769 πρόσωπον
1403 693 1585 749 αὐτῶν
1610 691 1841 761 αἰσχύνη
1865 705 1881 722 ⁶

788 798 974 863 ῐιὰσης
1001 792 1217 846 πέσοιεν
1242 791 1307 842 ἐκ
1337 784 1671 854 δυναπικῆς
1702 784 1846 853 βίας,

788 887 895 938 Καὶ
920 882 1229 955 συντριϐείη
1261 881 1370 935 πᾶν
1398 880 1458 932 τὸ
1485 881 1581 950 τῆς
1608 877 1799 948 ῥώμης
1823 874 2039 943 κράτος.

789 976 1085 1030 Γνῶτωσαν
1122 973 1197 1038 ὡς
1226 972 1292 1026 σύ
1328 970 1532 1041 Κύριος
1559 969 1691 1030 Θεὸς
1723 968 1901 1037 μόνος.

789 1068 916 1130 θεὸς
948 1064 1229 1136 κραταιὸς,
1255 1062 1359 1133 γῆς
1384 1061 1511 1131 ὅλης
1537 1059 1695 1129 δόξης
1720 1058 1859 1120 ὅλος.

790 1162 849 1212 Οί
884 1160 1032 1229 τρεῖς
1065 1158 1167 1228 μὲν
1198 1155 1373 1219 οὕτως
1402 1151 1646 1213 εὐσεϐεῖς
1673 1147 1900 1203 νεανίαι.

791 1250 852 1302 Oi
884 1248 929 1303 δ’
962 1247 1297 1319 ἐμϐαλόντες
1327 1248 1408 1307 είς
1440 1242 1670 1309 κάμινον
1698 1239 1822 1302 τοὺς
1849 1238 2022 1304 νέους,

791 1340 1083 1401 Βάλλοντες
1111 1340 1209 1391 οὐκ
1238 1336 1453 1388 ἔλειπον
1477 1327 1674 1402 οἷσπερ
1702 1329 1802 1401 τὴν
1837 1328 2012 1398 φλόγα

790 1433 880 1495 Ei;
912 1430 1042 1500 ὕψος
1072 1426 1226 1500 ἦρον,
1261 1428 1491 1489 έπτακις
1530 1422 1938 1494 πυργουμένην.

797 1520 887 1588 Ἐξ
913 1520 1051 1573 ἑπτὰ
1082 1514 1271 1589 πηχῶν
1298 1514 1499 1586 ῑϐρεμε
1527 1514 1587 1567 τὸ
1611 1512 1724 1583 πῦρ
1753 1512 1917 1581 μέγα,

798 1610 864 1665 Ἦ
898 1609 1030 1680 φλὸξ
1061 1610 1257 1680 ἐχεῖτο,
1285 1607 1381 1662 καὶ
1401 1607 1645 1679 διέτρεχε
1674 1603 1880 1672 κύκλῳ,

784 1702 978 1769 1Ιδλέγει
1005 1701 1061 1753 δὲ
1093 1699 1298 1762 πάντας
1327 1697 1517 1768 ὥσπερ
1548 1688 1676 1767 εὗρε
1707 1692 1801 1746 καὶ
1832 1688 2040 1761 κύκλῳ,

786 1791 972 1848 Δεινοῦ
1000 1790 1266 1862 τυράννου
1294 1788 1524 1857 δημίους
1557 1785 1838 1857 ὑπηρέτας
1860 1798 1876 1814 ’

787 1883 899 1937 Καὶ
930 1880 1272 1951 συγκατῆλθε
1301 1878 1394 1934 τοῦ
1427 1876 1564 1932 Θεοῦ
1588 1877 1980 1949 παραστάτηςο

788 1971 956 2038 οὗτος
985 1960 1206 2044 ῥαπίζει
1242 1972 1342 2043 τὴν
1372 1971 1602 2043 κάμινον
1641 1968 1904 2023 κυκλόθεν
1987 2037 1999 2049 .

787 2066 1034 2137 Φαιδρὸς,
1066 2066 1269 2136 ριφεῖσι
1293 2065 1406 2129 τοῖς
1432 2064 1573 2126 νέοις
1601 2061 1678 2125 είς
1713 2060 1806 2129 τὴν
1835 2057 2031 2128 φλόγα,
2070 2069 2078 2077 ·

791 2158 889 2221 ’ος
918 2156 1230 2211 ἐκτινάσσει
1267 2154 1367 2224 τῆς
1391 2154 1625 2225 καμίνου
1657 2151 1756 2224 τὴν
1787 2150 1984 2223 φλόγα,

787 2251 969 2308 Μέσον
999 2248 1057 2303 δὲ
1086 2248 1306 2319 πνεῦμα
1336 2250 1434 2316 τῆς
1463 2245 1698 2316 καμίνου
1729 2246 1851 2297 πνεῖ
1872 2242 2061 2314 δρόσου

790 2342 975 2414 Ψύχον
1002 2358 1054 2394 τι
1082 2340 1131 2371 ³⁸
1160 2339 1391 2410 τερπνὸν
1430 2342 1524 2392 καὶ
1560 2335 1778 2408 συρίζον
1807 2337 2013 2405 ἡρέμα.

791 2434 864 2487 Τὸ
890 2421 1000 2503 πῦρ
1028 2430 1285 2504 μερισθὲν
1310 2430 1427 2499 φῶς
1467 2431 1697 2499 παρεῖχε
1719 2428 1833 2490 τοῖς
1857 2427 1997 2487 νέοις
2023 2438 2038 2454 ·

2472 2047 2727 2118 Ὕψοῦτε,
2760 2046 3032 2112 δοξάζοιτε
3072 2043 3235 2115 μέχρι
3264 2041 3575 2112 τερμάτων.

2467 2141 2649 2194 Ἀπαν
2675 2138 2739 2193 τὸ
2763 2138 3010 2210 ρευστδν,
3038 2138 3195 2191 πᾶσα.
3223 2134 3333 2188 τῶν
3358 2135 3472 2189 ἄνω
3504 2134 3690 2204 φύσις,
3720 2134 3976 2208 [ὐψοῦτε]

2469 2234 2738 2304 Ἀστρων,
2764 2230 2996 2301 σελήνης
3023 2228 3241 2295 κάλλος,
3269 2227 3422 2299 ἡλίου
3447 2227 3602 2300 φάος,
3632 2226 3884 2301 [ὑψοῦτε]

2466 2326 2584 2379 Πᾶν
2606 2323 2844 2394 πνεῦμα,
2866 2321 3085 2384 καὶπᾶς
3106 2319 3311 2390 ὄμϐρος
3332 2320 3365 2392 ἢ
3386 2322 3534 2374 πᾶσα
3560 2320 3772 2391 δρόσος,
3792 2318 4049 2394 [ὐψοῦτε]

2466 2415 2725 2475 Καύσων.
2747 2413 2939 2484 ψύχος,
2961 2412 3095 2482 πῦρ,
3127 2410 3316 2482 καῦμα
3336 2412 3428 2463 καὶ
3445 2410 3577 2480 φλὸξ
3598 2410 3774 2481 ἡλίου,
3796 2408 4051 2482 [ὑψοῦτε]

2465 2509 2585 2573 Φῶς
2621 2508 2713 2561 καὶ
2743 2507 2956 2569 σκότος,
2994 2505 3107 2577 πῦρ
3140 2505 3262 2575 ἡδὺ,
3298 2502 3500 2572 φέγγος
3530 2502 3767 2572 ἡμέρας,
3796 2498 4053 2573 [Win]

2468 2600 2700 2671 Πάχναι,
2731 2596 3007 2669 κεραυνοὶ,
3037 2595 3235 2665 χιόνες,
3264 2592 3452 2661 πάγοι,
3486 2592 3644 2663 νέφη,
3669 2590 3921 2662 [bosom

2471 2692 2638 2762 Ὀρη,
2670 2690 2841 2757 λόφοι,
2870 2690 2939 2758 γῆ
2964 2688 3135 2752 πᾶσι,
3165 2688 3315 2740 πᾶσα
3343 2685 3448 2753 γῆς
3480 2685 3665 2753 φύσις,
3691 2682 3943 2757 [ύψοῦτε]

2471 2783 2677 2854 Πηγαὶ,
2713 2781 2979 2845 θάλασσα,
3009 2779 3110 2849 τῆς
3135 2779 3308 2849 ὑγρᾶς
3331 2779 3439 2833 πᾶν
3471 2776 3678 2847 θηρίον,
3712 2772 3961 2847 [ὐψοῦτε]

2470 2875 2661 2937 Θῦται,
2694 2872 2970 2943 προφῆται
3004 2870 3099 2923 καὶ
3127 2868 3347 2940 λάτραι,
3371 2868 3651 2939 νεωκόροι,
3679 2864 3929 2939 [ὐψοῦτε]

2472 2966 2659 3035 Ψυχαὶ
2683 2961 2932 3027 δικαίων,
2958 2964 3015 3017 αί
3045 2962 3208 3015 πνοαὶ
3229 2960 3339 3014 τῶν
3374 2958 3667 3029 κειμένων,
3692 2954 3941 3030 [ὑψοῦτξ]

2472 3058 2537 3111 Οἱ
2563 3056 2764 3121 ζῶντες
2788 3054 2991 3121 ἁγνῶς,
3027 3054 3076 3105 οί
3105 3051 3358 3105 ταπεινοὶ
3387 3049 3606 3119 καρδίᾳ,
3632 3046 3879 3121 ιύψοῦτε]

2487 3147 2705 3201 ’Δνανία
2729 3162 2789 3198 τε
2822 3141 3063 3213 Μισαὴλ,
3106 3138 3351 3212 Ἀζαρία,
3380 3134 3625 3211 [ὐψοῦτε]

795 2526 866 2580 Ib
893 2522 1188 2579 καυστικδν
1220 2522 1274 2575 δὲ
1306 2524 1418 2586 τοῖς
1455 2520 1717 2591 ἅνάψουσι
1751 2517 1955 2590 μόνοις,

792 2619 1041 2688 Συνεῖχεν
1065 2617 1141 2680 ὡς
1167 2616 1409 2686 θάλαμος
1431 2614 1562 2686 ἡδὺς
1581 2614 1710 2677 τούς
1733 2613 1907 2677 νέους,

794 2707 1058 2777 Ἐφλεξεν
1088 2707 1266 2771 οὐδὲν,
1306 2707 1366 2759 οὐ
1406 2702 1805 2774 παρηνώχλησέ
1832 2717 1910 2766 τι,

793 2799 1037 2868 Δεσμούς
1069 2796 1290 2862 ἔκαυσε,
1321 2796 1428 2849 τῶν
1457 2792 1661 2865 τριχῶν
1693 2792 1983 2863 ἀπέσχετο.

803 2886 928 2940 ι’ότε
957 2886 1276 2957 κροτοῦντες
1311 2884 1549 2949 εὐσεϐῶς
1575 2885 1626 2937 oi
1654 2886 1801 2955 τρεῖς
1833 2883 1953 2954 ἅμα

793 2979 909 3050 "id
941 2995 999 3032 τε
1028 2978 1249 3051 γλώσσῃ
1281 2980 1374 3033 καὶ
1408 2980 1507 3051 μιᾷ
1540 2976 1820 3049 προθυμίᾳ

795 3072 1095 3134 [ιλέκοντες
1114 3066 1255 3143 ἦσαν
1281 3065 1452 3137 αἶνον,
1484 3070 1708 3142 ὕμνουν,
1739 3069 2020 3140 εὐλόγουν,

797 3158 957 3234 Εἶχον
985 3162 1225 3234 χορείαν,
1259 3158 1390 3237 ᾖδον
1419 3162 1795 3235 εὐχαριστίαν.

798 3341 940 3396 mala
961 3340 1221 3396 invadant
1249 3338 1388 3394 mala
1424 3346 1750 3411 operantes;
1794 3336 2003 3409 operiat
2032 3333 2224 3389 faciem
2266 3346 2366 3388 eo-
2396 3338 2440 3399 (ζ
2469 3343 2635 3398 quam
2654 3333 2976 3397 magnumst
2990 3323 3133 3380 Deus
3150 3329 3364 3395 potens,
3386 3320 3649 3376 Dominus
3662 3322 4051 3376 universorum

797 3446 919 3488 rum
942 3430 1236 3499 confusio;
1278 3432 1476 3486 cadant
1530 3429 1681 3483 omni
1736 3429 1992 3500 potentiae
2051 3435 2156 3482 tum
2177 3424 2252 3491 vi,
2314 3433 2370 3479 et

796 3531 1112 3577 conteratur
1141 3523 1355 3576 roboris
1402 3522 1616 3575 illorum
1670 3521 1852 3574 omnis
1901 3522 2092 3574 virtus.
2152 3517 2369 3588 Cogno-

797 3618 953 3663 scant
983 3610 1109 3678 quia
1136 3618 1191 3662 tu
1216 3608 1480 3665 Dominus
1532 3607 1673 3664 Deus
1736 3610 1907 3671 solus,
1975 3608 2115 3664 Deus
2155 3616 2368 3678 potens,

798 3701 1110 3756 universam
1140 3716 1235 3772 per
1266 3710 1470 3756 terram
1504 3702 1676 3773 gloria
1701 3701 2011 3756 universus.
2086 3717 2093 3763 ξ
2118 3690 2119 3693 “

871 3791 1008 3847 Tres
1027 3793 1242 3863 quidem
1271 3793 1499 3864 juvenes
1528 3795 1599 3848 ita
1644 3794 1731 3863 pie
1777 3792 2090 3849 cantabant.
2130 3791 2223 3862 qui
2274 3807 2371 3848 auo

801 3895 909 3939 tein
945 3885 1243 3955 Enjecerant
1272 3885 1324 3938 in
1354 3884 1633 3939 fornacem
1662 3884 1913 3953 juvenes,
1944 3899 2051 3938 non
2087 3885 2375 3941 cessabant

805 3976 1097 4029 immittere
1129 3976 1383 4030 materias
1411 3977 1612 4045 quibus
1648 3974 1862 4030 flamma
1902 3976 1956 4030 in
2005 3978 2175 4032 altum
2208 3992 2267 4032 se
2287 3986 2375 4031 at-

804 4067 1051 4128 tullehat,
1075 4066 1275 4135 septies
1311 4077 1370 4121 ut
1420 4067 1589 4120 turris
1649 4082 1974 4136 exsurgens.
2024 4069 2372 4140 Septuaginta

802 4158 1109 4210 cubitorum
1134 4156 1273 4226 ignis
1296 4158 1439 4213 altus
1468 4159 1736 4227 rugiebat,
1764 4161 1982 4213 ﬂamma
2010 4160 2177 4214 ell‘usa
2200 4169 2285 4214 est
2322 4170 2376 4214 et

802 4242 1156 4313 circumacta,
1175 4250 1446 4304 consumit
1472 4260 1655 4305 autem
1684 4265 1874 4306 omnes
1897 4266 2034 4320 quos
2053 4251 2258 4305 circum
2290 4254 2375 4304 in—

802 4342 973 4407 vcn-it,
993 4340 1118 4394 saevi
1145 4341 1358 4411 tyranni
1390 4342 1639 4413 publicos
1674 4342 1957 4399 ministros
1983 4363 1996 4398 :
2024 4352 2079 4397 et
2094 4343 2378 4399 descendit

804 4429 898 4485 Dei
960 4434 1227 4488 assistens
1286 4434 1556 4502 angelus;
1626 4434 1965 4507 percutitque
2018 4435 2071 4489 in
2110 4436 2374 4491 circulum

2471 3418 2584 3473 Rex
2610 3420 2624 3472 ί
2654 3417 2795 3473 Deus
2822 3416 3084 3488 antiquus
3114 3416 3700 3485 antiquorumpatrum
3725 3415 4052 3475 altissimus,

2471 3526 2634 3582 supra
2656 3512 2998 3566 altitudinem
3030 3521 3272 3575 munem,
3295 3517 3348 3563 et
3375 3522 3541 3563 omne
3564 3507 3849 3569 saeculum,
3874 3517 3927 3562 et
3956 3526 4057 3559 Im-

2472 3617 2595 3655 men
2619 3600 2739 3671 ejus
2770 3600 2825 3655 in
2854 3600 3121 3655 infinitam
3166 3596 3491 3652 steciilorum
3546 3598 3765 3659 seriem,
3826 3598 4054 3663 gloriam

2471 3707 2739 3762 superans
2794 3691 3006 3745 laudem
3069 3689 3409 3745 altitudinem
3438 3698 3491 3741 et
3539 3696 3774 3757 tempus.
3814 3684 3895 3739 Ex
3945 3690 4053 3739 alio

2473 3783 2718 3837 intuetur
2770 3782 2952 3853 abyssi
3000 3780 3446 3851 profunditatem,
3510 3778 3711 3832 throno
3768 3779 4053 3832 cherubim

2474 3874 2726 3929 flammeo
2748 3874 2966 3930 insidet.
2990 3860 3165 3939 Quam
3187 3871 3527 3935 benedictus,
3548 3885 3713 3940 quam
3738 3870 4055 3931 laudabilis,

2474 3970 2919 4040 quaurmagnusl
2939 3983 3099 4037 quem
3123 3966 3453 4022 benedicunt
3470 3968 3616 4025 εαξη.
3634 3975 3779 4020 terra
3793 3977 3847 4019 et
3865 3980 4018 4017 mare
4039 3979 4050 4014 :

2476 4076 2641 4132 quam
2674 4060 3023 4123 benedictus,
3064 4075 3228 4129 quam
3250 4058 3557 4119 laudabilis,
3586 4069 3752 4128 quam
3778 4045 4012 4128 magnus
4039 4058 4053 4111 l

2962 4153 3084 4207 170.
3122 4152 3412 4206 Canticum
3449 4149 3585 4207 Vlll.

2549 4242 2764 4301 Creata.
2784 4244 3101 4299 Creatorem
3133 4242 3412 4298 Christum
3435 4242 3764 4307 benedicite,
3778 4242 4055 4302 exaltate:

2478 4335 2775 4402 gloriﬁcate
2814 4351 2988 4405 usque
3019 4336 3085 4389 ad
3111 4345 3380 4390 extrema.

2547 4429 2758 4483 Caelum
2784 4427 2898 4493 Dei,
2923 4429 3281 4498 spiritusque,
3317 4426 3485 4479 Deum
3523 4425 3763 4481 Verbum
3782 4428 4050 4494 exaltate.

805 4523 1080 4579 fornacem
1109 4526 1466 4595 conspicuus,
1490 4526 1757 4582 immissis
1783 4528 2078 4598 juvenibus
2102 4528 2155 4583 in
2173 4529 2374 4599 ignem.

1699 4528 1757 4582 iis
1783 4528 2078 4598 juvenibus
2102 4528 2155 4583 in
2173 4529 2374 4599 ignem.
2480 4519 2782 4589 glorificale
2813 4533 2985 4587 usque
3012 4519 3077 4572 ad
3102 4530 3370 4571 enrcma.

801 4624 858 4673 et
885 4618 1092 4669 excutit
1132 4617 1184 4670 in
1206 4616 1426 4672 fornace
1477 4617 1775 4687 ﬂammam,
1810 4622 2155 4689 mediumque
2215 4622 2377 4691 spiri-
2405 4671 2453 4691 n
2551 4610 2723 4666 omne
2771 4610 3019 4671 ﬂuidum.
3048 4608 3230 4664 omnis
3266 4623 3500 4677 ευρετηει
3538 4615 3756 4672 nam".
3786 4609 4055 4668 ευιιιιετ

805 4716 918 4761 tum
954 4708 1006 4760 in
1038 4706 1264 4763 fornace
1290 4709 1464 4779 Spirat
1496 4710 1655 4780 quasi
1704 4671 1845 4764 ro'ris
1871 4671 2121 4780 spirituiu
2176 4671 2375 4781 jucun-
2405 4671 2455 4732 Β

2405 4671 2455 4732 D
2481 4709 2775 4763 astrorum.
2803 4702 2943 4755 luna:
2978 4701 3342 4771 pulchritudo,
3377 4700 3510 4755 solis
3558 4700 3763 4764 lumen,
3786 4702 4050 4763 exaltate;

803 4798 932 4850 dum
966 4807 1019 4851 et
1047 4799 1239 4852 leniter
1273 4800 1607 4855 sibilantem.
1642 4799 1784 4871 Ignis
1813 4802 2005 4856 divisis
2063 4802 2235 4857 lucem
2289 4803 2379 4873 jn-
2484 4792 2664 4845 onuuis
2685 4792 2930 4861 spiritus.
2970 4792 3153 4846 omnis
3197 4790 3391 4852 imber.
3413 4791 3594 4847 omnis
3636 4805 3750 4856 ros.
3784 4792 4051 4855 cultae;

804 4890 1033 4943 venibus
1060 4891 1336 4956 prmstitlt,
1374 4891 1735 4962 ardoremque
1759 4894 1892 4948 solis
1924 4894 2373 4960 incemlentibus;

2478 4898 2665 4948 aestus,
2698 4884 2888 4954 frigus,
2921 4884 3252 4955 ignis,calor
3280 4891 3331 4937 et
3357 4879 3570 4936 ﬂamma
3598 4880 3753 4947 solis,
3781 4883 4053 4946 exaltate;

803 4978 1016 5047 excepit
1055 4989 1113 5033 nt
1142 4981 1319 5035 mollis
1346 4980 1620 5036 thalamus
1642 4982 1894 5050 juvenes,
1926 4997 2034 5036 non
2068 4997 2163 5036 cos
2221 4997 2375 5037 com-
2478 4974 2569 5030 lux
2592 4975 3173 5044 etteucbrm,jucundc
3196 4973 3769 5045 ignisdiei,splendor,
3792 4976 4053 5040 exaltate;

805 5068 999 5133 bussit,
1030 5085 1205 5140 neque
1225 5072 1525 5142 quidquam
1567 5074 1832 5127 molestiae
1888 5074 2103 5139 attulit;
2161 5075 2374 5130 vincula
2479 5066 4051 5140 glacies,fulmina,nives,gelu,nubes,exaltate;montes,

803 5164 1085 5228 cremavit,
1117 5167 1185 5220 ab
1216 5182 1404 5220 eorum
1465 5168 1678 5239 capillis
1728 5167 2015 5223 abstinuit.
2077 5167 2230 5223 Tunc
2290 5169 2375 5238 pie
2485 5163 2675 5227 colles,
2715 5162 2894 5216 omnis
2918 5171 3084 5218 terra.
3116 5160 3296 5213 omnis
3344 5167 3503 5212 teme
3526 5166 3754 5223 natura,
3786 5160 4053 5226 exaltate;

804 5256 1129 5324 p'andentes
1154 5268 1261 5313 tres
1284 5260 1447 5314 simul
1491 5261 1723 5329 juvenes
1775 5277 1882 5316 una
1938 5262 2120 5332 lingua
2168 5273 2221 5316 et
2253 5262 2379 5331 ',,‘uuo

2488 5252 2684 5314 fontes.
2723 5267 2890 5318 mare,
2919 5266 3185 5321 aquarum
3210 5250 3393 5305 omnia
3423 5250 3746 5315 animantia,
3778 5250 4050 5317 exaltate;

809 5350 1003 5402 ardore
1031 5349 1307 5418 conjuncti
1332 5362 1702 5407 cantaverunt
1726 5354 1960 5418 laudem,
1995 5355 2254 5424 hymnum
2284 5369 2377 5409 ce-

2489 5350 2828 5407 sacerdotes,
2861 5344 3141 5415 prophetae
3167 5350 3222 5398 et
3256 5341 3468 5408 famuli,
3499 5342 3743 5403 neocori,
3774 5343 4011 5396 exaltate
4038 5359 4051 5407 ;

805 5440 1077 5501 cinerunt,
1107 5441 1516 5508 bene-dixerunt,
1544 5445 1803 5501 cboream
1828 5456 2075 5516 egerunt,
2112 5450 2377 5502 actionem
2489 5438 2686 5492 animi?
2739 5434 3625 5506 Ξιιειοΐιηηοδβίῐίιυεὶειτεηιίιηην
3661 5433 3935 5496 “male;
3967 5435 4053 5501 qui

807 5532 1099 5600 gratiarum
1120 5546 1605 5604 exprompseruiu;
1642 5545 1696 5590 et
1753 5537 1869 5592 haec
1917 5538 2178 5592 suavibus
2207 5554 2237 5593 e
2300 5540 2380 5594 la-
2486 5533 2667 5588 vivitis
2716 5542 2885 5597 caste,
2938 5532 3030 5603 qui
3076 5530 3241 5586 corde
3315 5531 3549 5587 humiles
3580 5530 3733 5597 eatis,
3779 5528 4051 5593 exaltatc;

808 5624 921 5679 bris
952 5624 1205 5681 dixerunt
1236 5645 1248 5681 :
1282 5627 1457 5693 Quam
1491 5628 1831 5694 benedicms,
1863 5645 2030 5701 quam
2070 5630 2379 5698 laudabilis,
2492 5624 2723 5693 Anania,
2751 5624 2958 5693 Misacl,
2984 5623 3205 5689 Azaria,
3239 5623 3493 5682 cxaltate.

885 5802 925 5837 "
956 5804 1197 5876 ἡργασμ.
1229 5804 1351 5861 cod.
1430 5806 1476 5837 "
1509 5804 1739 5877 ψύχοντι
1768 5808 1884 5863 cod.
