4232 6434
802 459 823 465 .-
880 456 977 467 ..θ’
3827 452 3908 462 .—

2054 619 2336 665 INEUNTF.
2378 619 2630 665 δεουιο
2676 620 2741 664 Χ.

1343 830 2195 1014 COSMAS
2342 831 3434 1021 VESTITOR

2111 1296 2621 1393 NOTITIA

1712 1493 1838 1555 (Cas.
1866 1491 2020 1543 Ocnus
2048 1493 2118 1545 De
2148 1491 2320 1556 script.
2353 1492 2545 1553 eccles.,
2572 1498 2687 1542 tom.
2724 1492 2786 1552 II,
2810 1494 2901 1543 col.
2938 1492 3069 1556 400.)

831 1799 1067 1853 Cosmas
1102 1794 1368 1863 Vcstitor,
1406 1796 1629 1850 natione
1664 1796 1910 1860 Grmcns,
1942 1797 1995 1850 in
2021 1797 2144 1852 aula
2170 1796 2775 1867 Constantinopolitana
2825 1798 2966 1852 inter
2988 1796 3198 1866 primos
3242 1796 3457 1859 enituit.
3487 1812 3549 1851 ea
3589 1805 3749 1851 :rtatc
3779 1813 3889 1868 qna
3922 1797 4030 1850 im-

764 1888 976 1959 perium
1020 1884 1298 1938 Orientale
1345 1899 1470 1937 cum
1507 1885 1679 1955 gloria
1706 1896 1759 1940 et
1794 1885 1953 1941 laude
2014 1884 2123 1941 Leo
2164 1886 2232 1940 VI
2269 1887 2590 1957 imperator,
2630 1897 3002 1957 cognomento
3034 1884 3255 1954 Sapiens
3293 1896 3347 1941 et
3378 1885 3751 1955 Philosophus,
3785 1887 4031 1940 admini-

762 1975 989 2031 strabat.
1028 1972 1218 2026 Dictus
1258 1970 1488 2025 I'estitor
1539 1987 1632 2027 seu
1667 1974 1945 2045 Βέστητορ
1980 1976 2121 2042 apud
2171 1976 2391 2031 Graecos
2442 1975 2618 2030 anatis
2642 1976 2949 2046 sequentis,
2978 1975 3123 2044 quod
3152 1975 3258 2029 sub
3280 1976 3613 2045 imperatore
3644 1976 3753 2028 isto
3780 1974 4029 2028 oﬁicium

762 2056 1026 2111 restitoris
1055 2066 1149 2109 seu
1191 2056 1597 2122 protovestiarii
1632 2056 1815 2110 nobile
1839 2057 2134 2120 obtineret,
2169 2058 2330 2127 cujus
2397 2074 2577 2132 partes
2612 2074 2767 2118 erant
2821 2074 2879 2118 ut
2932 2064 3037 2134 ipsi
3093 2063 3416 2134 imperatori
3451 2063 3737 2119 vestienda
3784 2064 4030 2127 adesset,

762 2160 827 2199 ac
858 2145 1105 2198 vestibus
1162 2141 1540 2210 imperialibus
1585 2150 1699 2195 tum
1750 2145 2157 2214 comparandis,
2192 2155 2303 2200 tum
2331 2152 2707 2206 custodiendis
2735 2150 3027 2221 praefectus
3045 2162 3210 2208 esset.
3240 2150 3399 2217 (Vide
3427 2150 3718 2220 Georgium
3743 2149 4026 2203 Codinum

756 2230 1125 2300 Curopalaten
1164 2229 1218 2282 in
1256 2228 1397 2282 libro
1423 2227 1500 2281 De
1534 2228 1842 2298 oﬁicialibus
1874 2230 2065 2300 palatii
2099 2230 2235 2298 CP.,
2268 2235 2292 2287 1
2327 2249 2450 2305 cap.
2486 2239 2521 2292 ‘2
2542 2248 2595 2293 et
2617 2240 2695 2309 5.)
2731 2239 2970 2294 Aitatcm
2992 2239 3142 2294 illius
3169 2238 3456 2311 scriptoris
3482 2247 3769 2293 assecutus
3802 2252 3929 2292 sum
3959 2252 4029 2291 es

764 2325 1052 2391 Anonymo
1081 2318 1177 2388 qui
1217 2316 1395 2372 Vitam
1426 2319 1599 2373 sancti
1620 2318 1851 2374 Joannis
1892 2319 2260 2391 Chrysostomi
2289 2340 2352 2379 ex
2379 2325 2615 2382 diversis
2643 2328 2962 2383 auctoribus
2985 2328 3316 2397 conscripsit
3339 2326 3487 2383 circa
3515 2342 3719 2381 annum
3752 2327 3885 2391 950,
3924 2328 4029 2380 ali-

759 2424 969 2483 quanto
1031 2420 1158 2481 post
1209 2407 1554 2464 Constantini
1604 2412 2067 2483 Porphyrogeniti
2124 2424 2392 2485 tempora,
2443 2431 2606 2483 quem
2658 2414 2873 2485 profert
2899 2414 3172 2471 Henricus
3218 2415 3458 2472 Savilius
3492 2416 3545 2470 in
3571 2415 3811 2470 editione
3834 2414 4027 2469 Gnrca

761 2506 999 2574 Operam
1051 2503 1116 2557 Ι).
1145 2502 1376 2560 Joannis
1439 2501 1821 2573 Chrysostomi
1886 2503 2133 2555 omnium
2172 2503 2347 2573 (tonio
2392 2501 2525 2570 VIII,
2559 2517 2680 2573 pag.
2714 2501 2868 2572 293),
2900 2501 3089 2557 Etonae
3116 2500 3279 2558 Iacta.
3310 2500 3542 2573 Collegit
3578 2503 3667 2558 hic
3697 2504 4029 2573 Anonymus

774 2594 951 2647 Vitam
984 2590 1350 2660 Chrysostomi
1385 2605 1448 2644 er
1501 2589 1863 2657 scriptoribus
1896 2590 2082 2659 viginti
2117 2591 2539 2658 antiquioribus,
2571 2605 2805 2659 quorum
2845 2590 3152 2660 catalogum
3211 2590 3361 2662 operi
3395 2606 3498 2645 suo
3541 2590 3696 2659 juxta
3754 2592 4026 2645 rationem

764 2694 1069 2751 temporum
1101 2677 1403 2747 praemittit,
1435 2685 1599 2746 atque
1636 2691 1740 2729 una
1776 2677 1923 2731 velut
1953 2677 2199 2745 ejusdem
2230 2679 2517 2747 temporis,
2541 2677 2790 2732 Casinam
2823 2676 3137 2733 Vestitorsm
3160 2678 3283 2734 loco
3307 2678 3523 2733 decimo
3547 2688 3770 2748 quarto,
3799 2677 4024 2731 Leonem

761 2771 1133 2836 imperatorem
1168 2766 1294 2820 loco
1325 2765 1539 2819 decimo
1565 2764 1776 2832 quinto,
1811 2763 1904 2832 qui
1937 2764 2100 2818 ambo
2129 2764 2195 2818 de
2216 2764 2595 2835 Chrysostonii
2624 2766 2879 2820 laudibus
2912 2776 3037 2820 ante
3076 2779 3135 2821 se
3160 2774 3407 2834 egerant,
3438 2766 3723 2834 conjungit
3759 2767 3860 2829 (α).
3889 2767 4025 2816 Cum

764 2858 948 2925 itaque
978 2854 1089 2908 Leo
1127 2853 1447 2923 imperator,
1489 2850 1724 2921 Sapiens
1762 2851 1962 2914 dictus,
2011 2852 2213 2906 multas
2241 2852 2495 2908 bomilias
2527 2861 2581 2907 et
2604 2854 2855 2907 cncomia
2888 2854 2941 2906 iu
2974 2852 3187 2907 Iaudem
3215 2861 3532 2908 sanctorum
3561 2866 3728 2922 atque
3753 2851 4025 2907 festorum

763 2956 817 2997 ct
843 2943 1254 2999 solemnitatum
1287 2939 1541 2993 Ecclesiae
1578 2953 1641 2992 ex
1676 2948 1802 2992 ante
1827 2939 1991 2994 dictis
2015 2940 2346 3012 collegisset,
2370 2941 2598 2996 Cosmas
2638 2940 2878 2995 Vestitor
2908 2955 3004 2995 seu
3052 2938 3379 3006 Vestiarius,
3415 2941 3697 2996 dominum
3732 2942 4029 3011 imperato-

764 3047 877 3085 rem
947 3044 1109 3085 suum
1169 3028 1440 3090 imitatus,
1497 3026 1655 3095 cujus
1697 3026 1853 3080 lateri
1916 3027 2215 3092 assidebat,
2266 3029 2532 3098 opuscula
2573 3044 2793 3099 quoque
2822 3029 2875 3083 in
2928 3029 3141 3083 laudem
3188 3038 3505 3083 sanctorum
3536 3027 3796 3082 nonnulla
3840 3027 4028 3081 Cra-cc

762 3118 1092 3187 composuit,
1118 3130 1239 3184 quae
1263 3114 1443 3168 adhuc
1479 3128 1613 3168 mss.
1641 3113 1694 3166 in
1726 3113 2069 3167 bibliothecis
2108 3114 2348 3184 Anglicis
2373 3125 2536 3186 atque
2565 3117 2687 3171 aliis
2714 3117 3089 3171 inveniuntur.
3121 3115 3281 3172 Juxta
3310 3117 3564 3170 Allatium
3600 3116 3651 3169 in
3681 3115 3926 3169 Diatriba
3955 3115 4030 3168 De

766 3204 1090 3275 Synteonnm
1148 3202 1381 3266 scriptis,
1431 3214 1554 3270 pag.
1583 3199 1678 3264 95,
1718 3198 1923 3254 Casum:
1985 3198 2260 3255 Vestitoris
2292 3203 2345 3256 in
2379 3214 2589 3257 sanctos
2646 3202 2891 3257 Joachim
2913 3216 2961 3259 et
2992 3205 3201 3259 Annam
3230 3214 3472 3273 parentes
3503 3202 3749 3273 Deiparw
3787 3203 3889 3272 (ὁ).
3933 3203 4027 3262 Ei;

764 3295 892 3357 τοὺς
955 3292 1147 3360 ἁγίους
1213 3288 1469 3358 Ἰωακεὶμ
1526 3289 1622 3342 καὶ
1684 3290 1887 3341 Ἄνναν
1915 3290 2041 3352 τοὺς
2070 3293 2245 3357 γονεῖς
2272 3290 2375 3360 τῆς
2409 3292 2695 3355 Θεοτόκου,
2729 3292 2957 3362 incipit:
3001 3293 3065 3345 'H
3097 3292 3226 3363 χθὲς
3259 3291 3360 3361 τῆς
3391 3292 3659 3345 Θεοτόκου
3693 3292 4025 3361 γενεθλιακὴ

764 3383 1076 3452 πιιὴγυρις
1096 3379 1196 3450 τῆς
1222 3379 1496 3448 κωμικῆς
1526 3379 1719 3447 χαρᾶς,
1741 3389 1870 3442 etc.,
1900 3378 2160 3445 Hesterna
2191 3379 2432 3449 Dcipara?

2351 3398 2432 3435 ra?
2453 3381 2756 3434 nativitatis
2778 3381 3082 3451 pancgyris,
3104 3381 3354 3434 saeculari
3388 3397 3478 3433 seu
3509 3380 3778 3433 mundano
3804 3384 4022 3448 gaudio,

765 3480 873 3524 etc.
900 3469 1048 3523 Inter
1067 3483 1199 3521 mss.
1235 3467 1451 3520 codices
1478 3466 1783 3520 Bodleiaua:
1800 3465 2142 3521 bibliotheca:
2173 3468 2224 3521 in
2246 3483 2378 3523 mss.
2412 3468 2692 3523 codicibus
2724 3468 3103 3534 Baroccianis,
3129 3469 3321 3524 codice
3345 3468 3471 3534 234,
3505 3484 3661 3522 num.
3700 3469 3720 3522 1
3755 3486 3769 3522 :
3802 3468 4023 3522 Casinas

783 3557 1007 3613 l’estitor
1030 3558 1087 3608 in
1113 3554 1433 3608 Zachariam
1458 3555 1787 3622 prophetam,
1806 3555 1962 3623 pag.I
1985 3573 1997 3608 :
2020 3554 2208 3608 Μύστα
2227 3556 2335 3608 τῶν
2357 3558 2634 3626 ἀρῤήτων.
2661 3556 2804 3609 Inter
2830 3571 2960 3610 mss.
2989 3556 3206 3612 codices
3228 3556 3595 3610 Ecclesiarum
3610 3555 3819 3623 Anglia:
3834 3558 4019 3609 cathe-

768 3645 1006 3700 dralium
1038 3651 1092 3697 et
1126 3642 1362 3696 aliarum
1388 3641 1635 3711 ejusdem
1666 3641 1815 3710 regni
1847 3643 2144 3710 insignium
2171 3643 2626 3698 bibliothecarum
2657 3643 2849 3699 codice
2875 3642 3037 3709 5950,
3078 3644 3133 3698 in
3169 3659 3306 3699 mss.
3348 3644 3633 3698 codicibus
3666 3643 3893 3698 Thoma:
3916 3642 4022 3697 Ga-

772 3733 841 3786 lei
881 3731 1109 3792 Grmcis.
1171 3729 1361 3784 codice
1421 3727 1543 3791 116,
1576 3742 1728 3781 num.
1764 3728 1787 3781 I
1825 3745 1839 3782 :
1875 3727 2079 3782 Cosme
2125 3728 2402 3783 Vestitoris
2438 3731 2734 3784 encomium
2766 3730 3045 3785 Zacharia'
3074 3732 3364 3801 proplteta'.
3414 3728 3527 3785 Leo
3556 3729 3792 3785 Allatius
3822 3730 3878 3785 in
3903 3732 4023 3785 Dia-

772 3822 912 3875 triba
943 3820 1007 3873 de
1040 3816 1364 3888 Symeonum
1400 3816 1641 3885 scriptis,
1669 3831 1790 3885 pag.
1856 3816 1959 3870 100
1998 3835 2012 3870 :
2042 3815 2246 3872 Cosma:
2286 3816 2443 3872 Vestii

2353 3820 2564 3872 tstitoris
2593 3817 2751 3886 λόγος
2783 3818 3223 3888 ἐγκωμιαστικὸς
3248 3819 3329 3883 εἰς
3357 3817 3448 3871 τὸν
3480 3819 3773 3889 προφήτην
3803 3818 3897 3871 καὶ
3929 3820 4024 3889 ἄρα

770 3909 964 3981 χιερέα
1014 3906 1316 3977 Ζαχαρίαν,
1351 3905 1537 3974 incipit
1569 3922 1581 3957 :
1616 3904 1836 3967 Μύστα,
1864 3914 1970 3960 clc.
1997 3904 2143 3959 Inter
2172 3921 2305 3961 mss.
2330 3908 2441 3962 cod‘

2349 3908 2549 3963 :odices
2578 3908 2886 3964 Bodleiana:
2915 3908 3275 3974 bibliothecae,
3307 3907 3495 3963 codice
3521 3906 3648 3974 269,
3684 3909 3738 3962 in
3772 3924 3905 3963 mss.
3930 3924 4020 3963 co-

778 4000 908 4053 dicil
929 4013 996 4052 us
1031 3997 1258 4050 'I‘homa:
1284 3994 1418 4056 Roe,
1451 3995 1639 4048 codice
1673 3993 1764 4059 25,
1791 4009 1943 4048 num.
1977 3995 2011 4049 3
2045 4013 2058 4049 :
2101 3996 2308 4050 Cosam:
2344 3995 2624 4050 Vestitoris
2654 3997 2717 4052 de
2755 4000 3038 4067 reportatis
3066 3995 3295 4051 Joannis
3322 3996 3684 4068 Chrysostomi
3716 3995 4023 4051 Constanti-

771 4086 1009 4156 nopolim
1035 4085 1271 4153 reliquiis
1298 4083 1684 4152 fragmentum,
1710 4095 1832 4150 pag.
1868 4081 1962 4134 161
1999 4096 2013 4134 :
2049 4083 2348 4138 Ἥκουσται
2392 4103 2442 4139 πε

2347 4124 2348 4131 η
2392 4087 2608 4152 πάντως
2641 4088 2791 4158 ὑμῖν,
2820 4098 2950 4153 etc.,
2983 4098 3035 4143 et
3070 4093 3211 4142 inter
3245 4104 3377 4143 mss.
3411 4088 3630 4143 codices
3666 4087 4018 4143 ecclesiarum

770 4176 978 4245 Angliae
1010 4172 1410 4227 cathedralium
1463 4180 1517 4224 ct
1568 4169 1798 4224 aliarum
1826 4169 2069 4239 ejusdem
2110 4173 2260 4239 regni
2290 4172 2585 4244 insignium
2616 4176 3096 4239 bibliothecarum,
3124 4176 3311 4231 codice
3341 4174 3504 4237 6045,
3544 4179 3598 4229 in
3634 4179 4021 4247 manuscripts

772 4264 1057 4319 todicibus
1093 4260 1339 4331 ejusdem
1396 4258 1621 4311 Thomas
1655 4256 1829 4318 Galei.
1871 4257 2061 4311 codice
2081 4257 2226 4312 209:
2261 4257 2446 4313 Sermo
2474 4260 2682 4317 Cosma:
2714 4263 2991 4317 Vcstitoris
3015 4266 3069 4317 in
3102 4263 3329 4317 Joannis
3367 4263 3730 4334 Chrysostomi
3775 4265 4021 4333 reliquias

778 4352 1309 4420 Constantinopolim
1360 4358 1676 4416 reportatus.
1735 4346 1845 4400 Leo
1874 4347 2106 4402 Allatius
2137 4362 2263 4417 pag.
2301 4349 2370 4402 94
2402 4348 2526 4403 loco
2577 4351 2788 4405 citato:
2829 4351 3051 4406 Cosmus
3100 4350 3332 4406 Vestitor
3360 4351 3424 4405 de
3478 4351 3737 4404 relatione
3790 4354 4020 4419 corporis

772 4450 833 4503 S.
872 4448 1100 4501 Joannis
1135 4443 1496 4514 Chrysostomi
1549 4439 2091 4510 Constantinopolim,
2139 4441 2232 4504 Εἰς
2288 4440 2388 4505 τὴν

2349 4460 2388 4505 ιν
2443 4443 2704 4499 ἐπάνοδον
2736 4444 2831 4499 τοῦ
2886 4445 3141 4516 λειψάνου
3194 4444 3290 4498 τοῦ
3323 4447 3381 4498 ἐν
3413 4443 3592 4512 ἁγίοις
3627 4443 3840 4513 πατρὸς
3868 4443 4020 4513 ἡμῶν

789 4540 1035 4593 Ἰωάννου
1065 4534 1160 4587 τοῦ
1202 4533 1614 4603 Χρυσοστόμου.
1652 4531 1844 4600 incipit
1883 4550 1896 4584 :
1931 4532 2231 4584 Ἤκουσται
2267 4531 2460 4583 πάντωι

2351 4547 2486 4593 ντως
2516 4532 2668 4601 ὑμῖν,
2699 4542 2807 4588 etc.
2844 4532 2991 4587 Inter
3019 4548 3151 4588 mss.
3182 4532 3402 4588 codices
3454 4530 3764 4586 Bodleiante
3831 4531 4022 4585 biblio—

774 4630 969 4689 thecae,
1002 4621 1367 4684 codice356l,
1408 4621 1461 4673 in
1488 4634 1620 4673 mss.
1644 4618 1927 4672 codicibus
1953 4618 2006 4671 in
2041 4616 2289 4687 IIyperoo
2318 4618 2616 4673 Codleiano
2642 4620 3064 4685 exsistcutibus,
3105 4621 3283 4675 littera
3318 4622 3382 4683 A,
3413 4620 3601 4675 codice
3632 4618 3720 4683 7|,
3750 4634 3904 4672 num.
3941 4619 3965 4672 1
4001 4633 4016 4670 :

779 4716 988 4769 Cosmus
1025 4710 1303 4765 Vestitoris
1349 4708 1534 4762 Canon
1580 4708 1633 4759 in
1668 4706 2061 4774 Tlteopltaniam
2094 4706 2307 4760 Domini
2335 4708 2502 4759 nostri
2551 4706 2680 4760 Jesu
2705 4708 2906 4763 Christi
2936 4710 3022 4763 die
3043 4708 3359 4777 6januarii,
3394 4723 3515 4778 pag.
3551 4710 3604 4772 1,
3635 4708 3702 4761 ad
3731 4708 3788 4762 8.
3844 4709 4019 4776 Agunt

775 4820 942 4875 porro
965 4803 1031 4857 de
1062 4802 1259 4856 Cosma
1290 4797 1561 4852 Vcstitore
1591 4795 1858 4849 IIenricus
1893 4794 2135 4850 Savilius
2168 4796 2221 4850 in
2252 4797 2493 4852 editione
2518 4796 2707 4852 Graeca
2736 4798 2825 4852 illa
2856 4799 3101 4851 omnium
3130 4796 3190 4850 Ι).
3220 4796 3450 4852 Joannis
3479 4798 3861 4867 Chrysostomi
3900 4814 4020 4866 ope-

777 4910 922 4957 rum,
957 4906 1122 4962 quam
1154 4904 1298 4942 anno
1320 4887 1478 4949 I0l'5,
1508 4884 1619 4939 VIII
1647 4885 1776 4939 voll.
1803 4884 2024 4939 in-Iolio
2063 4884 2250 4939 Etonaz
2274 4887 2607 4955 procuravit,
2641 4895 2791 4940 torno
2820 4884 2959 4947 VIII.
2989 4901 3111 4956 pag.
3144 4885 3273 4950 293,
3295 4896 3347 4939 et
3383 4900 3541 4955 pagg.
3575 4886 3680 4940 945
3704 4896 3758 4940 et
3781 4886 3907 4951 944,
3932 4885 4017 4939 ubi

778 4991 1014 5036 testatur
1038 4994 1097 5033 se
1135 4976 1396 5031 habuisse
1431 4975 1485 5027 in
1519 4972 1774 5027 manibus
1804 4971 2119 5026 Encomium
2159 4971 2365 5027 Cosmte
2404 4972 2681 5028 I'estitoris
2713 4973 2954 5029 Crwcum
2988 4975 3040 5027 in
3067 4984 3371 5043 reportatae
3409 4972 3466 5027 S.
3504 4973 3734 5030 Joannis
3782 4975 4021 5045 Chryso-

774 5068 938 5123 stomi
973 5066 1235 5135 reliquias
1268 5064 1333 5116 ad
1361 5061 1550 5116 urbem
1578 5061 2134 5129 Constantinopolim,
2161 5071 2322 5131 atque
2350 5060 2452 5115 alia
2482 5062 2548 5115 ad
2580 5061 2834 5116 eumdem
2860 5062 3185 5131 spectantia,
3206 5062 3407 5130 quibus
3430 5063 3655 5117 edendis
3674 5063 4015 5119 abstinuerit.

774 5157 887 5210 Leo
920 5154 1152 5208 Allatius
1189 5151 1241 5204 in
1276 5148 1515 5203 Diatriba
1544 5147 1607 5201 de
1638 5146 1963 5217 Symeonnm
1999 5148 2236 5217 scriptis,
2271 5164 2427 5219 pagg.
2461 5149 2552 5217 94,
2582 5150 2650 5204 95
2676 5160 2729 5205 et
2756 5149 2876 5205 I00.

848 5296 924 5363 la)
980 5293 1338 5367 II;ec_tanieu
1398 5305 1561 5367 mene
1614 5290 1947 5367 conjectum
2004 5293 2165 5347 inniti
2214 5304 2367 5367 notat
2474 5304 2560 5367 tus
2587 5295 2755 5367 enim,
2790 5293 2943 5349 Nilus
2974 5311 3037 5350 ac
3059 5294 3301 5351 Isidorus
3334 5296 4021 5367 Pelusiotaprzeponuntur

778 5359 1064 5434 Remigius
1094 5363 1293 5416 Cellicr
1328 5360 1379 5434 i_u
1414 5359 1554 5434 Hist.
1596 5363 1772 5434 génér_.
1811 5363 2184 5434 dcsautenrs
2230 5366 2359 5417 ρει-Ι.
2466 5362 2663 5417 Joanui
2700 5366 3055 5427 Damasceno,
3094 5370 3187 5432 qui
3217 5367 3421 5420 saecqu
3468 5381 3566 5419 vm
3606 5359 3885 5422 αὖε-πίεν..
3929 5370 4019 5422 Pa-

780 5453 913 5493 tom.
945 5430 1073 5489 XIX
1102 5450 1112 5485 :
1141 5443 1193 5486 ct
1232 5435 1295 5485 It.
1334 5432 1397 5486 P.
1435 5430 1993 5503 AntoninusbBalleriui
2044 5433 2097 5486 in
2152 5432 2362 5503 Syllogc
2469 5436 2573 5487 Iam
2600 5445 2682 5488 est
2720 5450 2850 5503 ergo
2882 5451 2987 5487 non
3024 5452 3090 5487 eo
3114 5430 3310 5491 ordine
3349 5445 3603 5490 auctores
3632 5438 3753 5491 illos
3796 5441 4017 5493 describi

778 5503 1330 5577 monumentorumad
1364 5503 1673 5577 mysterium
1708 5500 2075 5577 ConceptiOitis
2103 5500 2360 5577 innuat-n-
2468 5520 2530 5555 ex
2558 5500 2888 5577 quoiufetri
2924 5508 3092 5573 possit
3120 5508 3372 5575 quisnam
3400 5509 3573 5574 prius.
3603 5509 3857 5575 quisnam
3905 5527 4020 5577 pos-

777 5584 905 5634 latm
951 5575 1180 5644 Virginis
1215 5571 1882 5644 Dciparrcillustrandum,
1938 5572 2135 5626 Oudiui
2176 5591 2358 5627 asser—
2471 5571 2639 5628 terius
2680 5571 2945 5627 ﬂoruerit.
2988 5594 3005 5626 ι
3069 5571 3359 5631 Concludit
3391 5571 3471 5628 νὴ·
3500 5571 3716 5637 doctus,
3761 5597 3778 5629 α
3820 5571 4015 5633 ttnIlunt

778 5652 983 5703 tionem
1039 5640 1289 5698 Ialsitatis
1330 5642 1548 5716 arguit;
1586 5640 1707 5716 (με
1757 5642 1953 5694 falsum
1988 5654 2073 5696 est
2136 5645 2186 5696 in
2248 5646 2358 5715 pri-
2467 5645 2647 5699 adlmc
2672 5645 2930 5698 indicium
2964 5658 3252 5716 suppetere
3284 5650 3330 5700 \i
3357 5647 3514 5713 cujus
3537 5648 3765 5701 Cosmas
3799 5648 4018 5706 Vi-stitor

778 5723 905 5782 mis,
958 5719 1054 5778 ait,
1090 5716 1260 5786 quod
1315 5711 1455 5763 velut
1508 5711 2263 5786 fundamentumstatuitur.'
2304 5716 2354 5768 in
2465 5729 2495 5768 e
2524 5730 2691 5786 censu
2740 5711 3083 5782 scriptorutif
3119 5719 3336 5771 incertae
3377 5711 3552 5771 astatis
3575 5720 3739 5771 eximi
3768 5733 3947 5786 qun-at.
3994 5740 4012 5773 ι

777 5785 1142 5859 describendo
1182 5784 1408 5859 illorum
1461 5791 1748 5835 auctorum
1807 5784 2351 5859 catalogtLordinem
2461 5855 2473 5859 _
2536 5784 2615 5859 (ὁ)
2643 5784 2794 5859 Edita
2827 5787 3243 5859 estin‘SyIloge
3288 5789 3674 5858 supralaudata
3712 5784 3888 5844 Patris
3910 5792 4015 5846 Bal-

780 5858 1043 5929 tcmporis
1069 5856 1139 5910 ab
1166 5856 1449 5923 Anonymo
1505 5862 1779 5907 servatum
1816 5853 2005 5907 fuisse.
2038 5852 2345 5909 Tlicodorc-
2460 5852 2640 5922 Iet'ini,
2677 5856 2861 5911 Iiomw
2888 5856 3041 5911 I850.
