4232 6434
279 385 412 446 1005

1236 387 1487 450 SERMO
1530 386 1606 448 IN
1635 388 1736 448 SS.
1769 384 2097 448 IOACHIM
2125 382 2218 443 ET
2255 381 2537 441 ANNAM.

3382 369 3518 432 1006

997 757 1298 875 ΤΟΥ
1362 753 2172 875 ΜΑΚΑΡΙΟΥ
2249 752 2802 869 ΚΟΣΜΑ

1581 997 1717 1051 ΤΟΥ
1771 993 2222 1050 ΒΕΣΤΗΤΟΡΟΣ

252 1183 401 1237 νΕιΣ
443 1180 620 1234 ΤΟΥΣ
650 1180 926 1236 ΑΓΙΟΥΣ
950 1177 1262 1233 ιΩΑιίειΜ
1305 1176 1435 1230 ΚΑΙ
1464 1174 1705 1227 ΑΝΝὶΝ
1750 1172 1928 1225 ἸὉΥΣ
1964 1170 2327 1223 ΕΝΔΟΞΟΥΣ
2366 1166 2636 1222 ΓΟΝΕΙΣ
2674 1165 2805 1220 THE
2843 1160 3231 1217 ΘΕΟΤΟΚΟΥ
3266 1158 3535 1219 MAI)“:

1691 1335 2082 1424 ΛΟΓΟΣ.

903 1696 1326 1810 ΒΕΑΤΙ
1410 1692 1928 1807 COSM/E
2016 1687 2574 1809 VESTlTl

1219 1696 1326 1809 ΓΙ
1410 1692 1928 1807 COSM/E
2016 1680 2890 1809 VESTITOBIS

1790 1931 1853 1974 IN
1906 1931 1990 1975 SS.

441 2084 909 2147 JOACHIMUM
953 2086 1054 2148 ET
1096 2087 1370 2147 ANNAM
1414 2083 1859 2147 GLORIOSOS
1906 2083 2039 2146 DEI
2099 2079 2547 2143 GENITRICIS
2590 2074 2864 2137 MARUE
2944 2068 3347 2133 ΡΜΧΕΝΤΕΩ

1652 2260 2089 2356 SERMO.

272 2455 370 2519 (Ex
396 2454 562 2505 codice
594 2456 824 2506 Vaticano
858 2470 907 2507 ιι.
951 2456 1042 2507 ιδδ
1086 2454 1242 2519 edidit
1282 2453 1395 2519 Ant.
1441 2456 1693 2519 Bituitus!
1733 2454 1785 2502 in
1823 2451 1989 2519 Syllog

1991 2462 2018 2501 e
2044 2447 2554 2513 monumentorume
2598 2445 2882 2513 mysterium
2918 2442 3249 2504 Coatceptionis
3286 2440 3525 2497 immem-

1190 2517 1304 2568 tata:
1333 2515 1553 2580 Virginis
1580 2512 1804 2576 Deiparae
1825 2510 2185 2564 illustrandum.
2215 2514 2401 2571 Roma,
2432 2510 2565 2559 1856.

768 2816 1098 2887 Εὐλόγησον,
1128 2815 1334 2885 Πάτερ.

343 2932 422 2985 Α’.
472 2930 537 2984 Ἥ
574 2929 701 2999 χθὲς
734 2929 831 2999 τῆς
868 2928 1132 2983 Θεοτόκου
1173 2926 1497 2999 γενεθλιακὴ
1534 2926 1845 2996 πανήγυρις

271 3024 374 3095 τῆς
400 3023 675 3094 κοσμικῆς
708 3024 883 3094 χαρᾶς
915 3024 1050 3092 ἡμῖν
1079 3022 1178 3091 τὴν
1225 3019 1419 3091 ἑορτὴν
1450 3019 1720 3089 εὐφήμοις
1756 3018 1844 3072 δε-

270 3114 624 3184 δοξολόγηκεν
674 3113 989 3183 ὑμνῳδίαις.
1041 3111 1103 3165 Ἡ
1151 3111 1209 3165 δὲ
1249 3112 1487 3181 σήμερον
1534 3110 1717 3179 ἡμέρα
1745 3108 1843 3177 τὴν

273 3206 625 3277 εὐχαριστίαν
665 3207 781 3268 τοῖς
824 3204 1146 3274 γεννήτορσι
1186 3202 1487 3273 προσφέρει
1514 3202 1612 3271 τῆς
1651 3200 1843 3254 Θεοτό-

276 3314 396 3351 κου’
444 3296 513 3351 δι’
545 3288 621 3351 ὧν
650 3294 872 3366 ἀπαρχὴ
898 3294 995 3365 τῆς
1029 3295 1246 3349 πάντων
1291 3294 1513 3362 γέγονεν
1546 3291 1840 3363 σωτηρίας.

272 3389 465 3445 τοίνυν
490 3388 589 3457 τῆς
617 3387 885 3457 θυγατρός
914 3388 1060 3439 ἐστιν
1085 3387 1117 3453 ἠ
1147 3385 1255 3437 τῶν
1284 3384 1486 3452 γονέων
1517 3384 1844 3453 πανήγυρις.

274 3477 485 3548 Ὠσπερ
528 3477 637 3547 γάρ
664 3476 756 3529 ὲπὶ
794 3473 921 3546 δόξῃ
971 3474 1176 3544 μητρὸς
1210 3472 1590 3538 συνδοξάζεται
1632 3474 1842 3534 τέκνον,

269 3565 445 3631 οὕτως
469 3565 562 3619 καὶ
601 3565 697 3619 ἐπὶ
725 3565 944 3636 εὐλογίᾳ
982 3564 1173 3619 τέκνου
1222 3562 1603 3629 συνδοξάζεται
1638 3565 1843 3634 μήτηρ.

270 3652 379 3711 Ἦν
427 3655 586 3727 οὖνὴ
634 3656 760 3727 χθὲς
802 3656 985 3725 ἡμέρα
1034 3653 1348 3723 θαυμαστὴ
1395 3654 1466 3708 ἐν
1515 3653 1847 3723 ὀφθαλμοῖς

272 3748 465 3817 main"
496 3749 590 3803 καὶ
608 3751 643 3819 ἠ
671 3748 910 3819 σήμερον
932 3746 1242 3817 εὐφροσύνη
1269 3748 1459 3817 μνήμη
1484 3747 1706 3799 δικαίων
1728 3747 1845 3816 μετ’

272 3840 583 3910 ἐγκωμίων.

342 4018 417 4072 Β’.
468 4018 716 4087 Ἐγένετο
748 4021 806 4074 ἐν
850 4022 957 4083 τοϊς
990 4018 1157 4073 πάλαι
1196 4018 1405 4083 καιροῖς
1452 4017 1591 4087 ἀνὴρ
1637 4017 1847 4081 δίκαιος

272 4106 337 4160 ὲκ
361 4106 533 4177 φυλῆς
573 4107 765 4171 Ἰούδα,
793 4100 835 4175 ᾧ
862 4107 1032 4177 δνομα
1070 4106 1348 4175 Ἰωακείμο
1389 4105 1527 4176 ἀνὴρ
1553 4104 1759 4171 ἔνδοξος
1786 4106 1846 4159 ὲν

1879 2839 1930 2901 Α

2504 2811 2760 2878 Benedic,
2792 2810 2973 2867 Pater.

2025 2927 2065 2983 Ι.
2104 2926 2369 2982 Hesterna
2421 2925 2513 2980 Dei
2568 2924 2863 2981 Geuitricis
2903 2922 3101 2979 natalis
3138 2920 3404 2979 festivitas
3436 2938 3529 2979 so-

1954 3020 2186 3075 lemnem
2236 3018 2378 3073 diem
2411 3016 2615 3089 gaudii,
2650 3016 2912 3071 universo
2957 3014 3167 3070 mundo
3197 3016 3527 3079 communis.

1955 3110 2307 3167 lanistissimis
2361 3110 2618 3166 laudibus
2668 3107 2830 3165 nobis
2888 3107 3195 3163 coronavit.
3252 3106 3531 3162 Hodierna

1955 3222 2083 3260 vero
2110 3205 2227 3259 dies
2281 3205 2419 3275 grati
2467 3202 2635 3259 animi
2686 3202 2959 3257 canticum
3001 3200 3158 3257 offert
3195 3200 3287 3256 Dei
3343 3201 3532 3257 Matris

1956 3296 2449 3364 genitoribus;per
2499 3308 2637 3364 quos
2689 3293 2999 3348 communis
3053 3293 3299 3347 omnium
3337 3292 3532 3347 salutis

1957 3388 2211 3457 primitiae
2273 3387 2325 3441 in
2355 3388 2531 3441 lucem
2572 3385 2911 3457 prodierunt.
2948 3383 3015 3439 Et
3053 3385 3272 3454 quidem
3324 3384 3526 3439 festum

1952 3476 2080 3540 ﬁliae
2110 3476 2307 3532 festum
2332 3484 2414 3531 est
2448 3484 2756 3546 parentum.
2787 3474 3253 3542 Quemadmodum
3284 3474 3429 3529 enim
3463 3489 3532 3530 ex

1957 3568 2129 3638 gloria
2189 3568 2380 3623 matris
2431 3568 2595 3623 simul
2631 3565 2969 3636 gloriﬁcatur
2998 3566 3202 3637 proles,
3238 3566 3320 3620 sic
3363 3573 3417 3620 et
3464 3582 3531 3623 ex

1958 3662 2124 3732 prolis
2156 3662 2468 3717 laudatione
2495 3659 2657 3716 simul
2690 3658 3022 3730 gloriﬁcatur
3052 3667 3246 3713 mater.
3273 3657 3400 3713 Fuit
3435 3659 3533 3727 igi-

1956 3760 2046 3805 tur
2085 3752 2339 3805 hesterua
2370 3751 2488 3805 dies
2530 3749 2791 3803 mirabilis
2821 3750 2877 3802 in
2926 3748 3093 3802 oculis
3130 3749 3327 3801 nostris
3362 3747 3531 3812 ¹,1ιο·

1955 3843 2141 3896 dicrna
2169 3840 2513 3912 veroiaztitia
2550 3840 2869 3897 memoriam
2890 3840 3167 3909 iustorum
3197 3855 3321 3895 cum
3370 3840 3530 3895 laude

1955 3934 2211 3988 celebrat.

2026 4020 2093 4076 ll.
2126 4022 2247 4077 Fuit
2278 4021 2331 4077 in
2368 4022 2546 4092 prisca
2596 4022 2683 4076 illa
2719 4031 2876 4078 aetate
2915 4022 2999 4077 vir
3045 4022 3231 4091 justus
3259 4037 3324 4077 ex
3379 4022 3528 4077 tribu

1953 4111 2125 4176 ludar,
2150 4114 2239 4169 cui
2274 4129 2469 4170 nomen
2501 4112 2783 4178 Joacbim;
2812 4114 2895 4167 vir
2920 4114 3211 4169 sanctitate
3236 4129 3299 4167 ac
3317 4114 3529 4184 justitia

270 4199 506 4268 ὁσιότητι
537 4199 632 4253 καὶ
662 4200 1000 4272 δικαιοσύνῃ’
1035 4199 1175 4269 ἀνὴρ
1210 4198 1482 4268 ἐπίσημος
1510 4200 1567 4251 ὲν
1596 4198 1845 4269 εὐγενείᾳ
1879 4197 1919 4252 Β

1879 4197 1919 4252 Β
1948 4204 2207 4271 celebris;
2238 4205 2321 4259 vir
2372 4206 2655 4261 nobilitate
2693 4212 2746 4260 et
2783 4205 2993 4261 divitiis
3044 4205 3302 4276 insignis;
3338 4205 3420 4258 vir
3474 4206 3528 4259 in

272 4290 367 4344 καὶ
418 4291 650 4362 πλούτῳ’
697 4290 835 4362 ἀνὴρ
882 4290 1191 4360 ἁπλόψυχος
1240 4290 1299 4343 ὲν
1333 4292 1723 4361 προσαγωγαῖκ
1756 4290 1850 4344 Ou-

272 4382 423 4435 σιῶν·
458 4382 595 4453 ἀνὴρ
639 4384 696 4436 ὲν
725 4385 890 4436 πᾶσιν
928 4384 1222 4454 εὐάρεστος
1262 4384 1340 4453 τῷ
1379 4384 1518 4454 Θεῷ·
1553 4384 1691 4455 ἀνὴρ
1724 4386 1846 4438 ἑπι-

270 4472 511 4543 θυμειῶν
539 4474 649 4528 τῶν
672 4476 767 4528 τοῦ
797 4477 1136 4543 Πνεύματοςο
1164 4478 1352 4545 ὅτιπερ
1381 4476 1606 4541 ἄτεκνος
1642 4476 1717 4529 ὢν
1757 4478 1849 4531 καὶ

269 4563 325 4616 ιν
350 4562 617 4634 ἐπιθυμίᾳ
645 4564 773 4634 περὶ
798 4564 990 4617 τέκνου
1027 4564 1404 4634 συνεχόμενος,
1436 4566 1536 4635 τὴν
1569 4566 1663 4620 τοῦ
1687 4567 1845 4634 ἁγίου

268 4654 581 4724 Πνεύματος
630 4656 963 4727 γεγέννηκεν
1011 4656 1258 4726 νύμφην·
1308 4657 1445 4727 ἀνὴρ
1492 4657 1568 4722 ὡς
1620 4659 1835 4729 ἀληθῶς

1945 4296 2340 4353 sacriﬁciorum
2374 4298 2652 4352 oblatione
2686 4299 2899 4354 sincere
2928 4298 3091 4369 pius;
3120 4298 3202 4353 vir
3238 4298 3292 4353 in
3317 4298 3529 4353 cunctis

1944 4390 2169 4443 studens
2221 4388 2332 4443 Deo
2363 4390 2500 4444 bene
2550 4389 2792 4459 placere;
2820 4391 2901 4443 vir
2950 4389 3372 4452 desideriorum,
3406 4405 3529 4458 qua:

1946 4488 2075 4533 sunt
2124 4494 2190 4534 ex
2245 4478 2495 4550 Spiritu:
2532 4478 2980 4550 quandoquidem
3036 4495 3159 4533 cum
3224 4479 3523 4534 liberorum

1944 4586 2136 4641 expers
2168 4580 2335 4637 esset,
2378 4587 2442 4626 ac
2489 4571 2765 4626 desiderio
2796 4571 2963 4639 prolis
3018 4580 3315 4634 teneretur,
3348 4572 3523 4626 sancti

1950 4662 2188 4731 Spiritus
2213 4676 2471 4733 sponsam
2510 4664 2716 4733 genuit,
2751 4664 2834 4717 vir
2863 4672 3117 4716 votorum
3152 4678 3375 4717 suorum
3410 4662 3522 4715 feli-

1944 4754 2163 4808 cissime
2215 4768 2461 4821 compos,
2511 4754 2770 4824 quoniam
2826 4769 3013 4824 preces
3070 4754 3189 4823 ejus
3248 4754 3523 4809 exaudit-it

1944 4844 2108 4909 Deus,
2139 4846 2297 4916 eique
2349 4846 2497 4899 illam
2553 4846 2698 4900 dono
2738 4846 2904 4911 dedit,
2939 4862 3061 4915 quae
3094 4855 3314 4915 praestat
3365 4862 3523 4913 super

266 4748 663 4816 ἐπιτυγχάνων,
708 4749 901 4818 ὅτιπερ
940 4750 1259 4818 είσήκουσεν
1295 4750 1322 4802 ὁ
1356 4749 1487 4811 Θεὸς
1524 4750 1635 4801 τῶν
1668 4751 1843 4820 εὐχῶν

265 4838 452 4898 αὐτοῦ,
505 4839 895 4908 δωρησάμενος
940 4840 1116 4909 τούτῳ
1163 4840 1262 4910 τὴν
1307 4840 1458 4907 ὑπὲρ
1516 4842 1711 4896 πάντα
1772 4850 1843 4896 τὰ

265 4929 627 4999 σκηνώματα
686 4932 898 4986 Ἰακώϐ·
951 4932 1128 4999 λέγειν
1177 4933 1233 4985 δὲ
1288 4934 1508 5001 μᾶλλον,
1543 4938 1641 5003 τὴν
1698 4937 1840 5008 ὑπὲρ

1940 4935 2117 4987 omnia
2175 4935 2517 4988 tabernacqu
2583 4934 2749 4989 Iacob
2778 4938 2818 4998 ',
2851 4952 2943 4989 seu
3006 4937 3202 4991 melius
3262 4937 3516 4999 dixerim,

264 5024 360 5076 ὅλα
408 5025 476 5077 τὰ
526 5026 805 5094 ποιήματα
872 5024 980 5077 τῶν
1032 5026 1375 5094 ἐπουρανίων
1429 5028 1526 5081 καὶ
1581 5028 1839 5095 ἐπιγείων

1943 5024 2105 5078 tiliam
2134 5025 2453 5095 dedit,qu:e
2508 5042 2673 5095 supra
2725 5026 3011 5081 universas
3067 5035 3347 5081 creaturas
3407 5041 3519 5081 ca:-

265 5116 600 5185 ὐψηλοτέραν
624 5116 788 5179 ἀξίως
818 5115 1108 5187 Θυγατέρα.

1944 5116 2275 5187 Ιεειεδῖυκια
2311 5132 2373 5171 ac
2402 5124 2684 5171 terrestres
2716 5118 2910 5172 merito
2938 5118 3238 5172 extollitur.

333 5183 404 5263 ιτ.
464 5183 574 5262 Καὶ
617 5208 753 5278 τῷδε
800 5205 870 5279 ἦν
918 5183 1053 5278 γυνῆ
1102 5209 1383 5280 Θεοσεῦής’
1440 5212 1611 5281 ὄνομα
1662 5213 1833 5281 αὐτῆς

2014 5207 2103 5264 Ill.
2135 5183 2298 5277 inqui
2332 5208 2405 5262 illi
2444 5210 2529 5277 pia
2562 5219 2682 5263 erat
2713 5226 2869 5276 uxor,
2902 5211 2986 5264 cui
3020 5224 3218 5263 nomen
3255 5210 3433 5273 Anna,
3463 5220 3518 5265 et

267 5300 454 5363 Ἅννα,
485 5302 549 5353 ὲκ
573 5301 669 5370 τῆς
704 5301 987 5370 βασιλικῆς
1010 5302 1101 5354 καὶ
1136 5302 1275 5371 αὐτὴ
1307 5303 1479 5372 φυλῆς
1501 5305 1594 5357 τοῦ
1639 5305 1829 5369 Ἰούδα,

1946 5298 2058 5367 ipsa
2091 5314 2157 5352 ex
2191 5298 2338 5367 regia
2367 5296 2511 5351 tribu
2534 5295 2709 5361 Judze,
2740 5299 2939 5369 quippe
2972 5312 3093 5369 quae
3119 5313 3149 5352 e
3179 5298 3379 5353 Davide
3405 5300 3515 5353 ori-

263 5391 295 5459 ῆ
324 5406 405 5442 τοι
428 5389 521 5441 τοῦ
546 5388 709 5443 Δαυῒδ
740 5390 1107 5461 καταγομένη·
1128 5392 1263 5461 γυνὴ
1291 5394 1488 5459 παντὸς
1520 5395 1833 5465 ἀπεχομένη

1944 5389 2122 5458 ginem
2176 5387 2436 5454 ducebat;
2471 5389 2671 5444 mulier
2703 5389 2771 5443 ab
2810 5389 2960 5444 omni
3013 5389 3158 5443 malo
3202 5389 3510 5453 abstinens;

264 5478 454 5532 κακοῦ·
489 5480 626 5550 γυνὴ
673 5481 871 5543 πιστῶς
918 5481 987 5534 τὰ
1034 5481 1169 5551 πρὸς
1191 5483 1283 5535 τὸν
1329 5484 1462 5538 Θεὸν
1513 5485 1835 5538 συνοικοῦσα

1947 5480 2159 5544 mulier,
2193 5480 2244 5534 in
2279 5479 2344 5535 iis
2373 5496 2496 5551 quae
2550 5482 2614 5535 ad
2656 5482 2746 5536 Dei
2801 5481 3009 5535 cultum
3051 5482 3340 5551 pertinent,
3372 5480 3509 5534 lldeli

262 5569 337 5638 τῷ
362 5570 529 5639 ἀνδρίν
562 5570 697 5642 γυνὴ
722 5576 1070 5641 προσευχαῖς,
1095 5574 1189 5626 καὶ
1208 5575 1505 5645 νηστείαις,
1535 5577 1627 5630 καὶ
1664 5593 1829 5646 προσ-

1942 5574 2061 5625 viro
2092 5587 2193 5627 suo
2222 5586 2439 5636 comes;
2472 5574 2667 5629 mulier
2703 5574 2754 5627 in
2794 5574 3065 5643 precibus,
3102 5584 3153 5629 et
3185 5572 3430 5641 jejuuiis,
3460 5581 3514 5627 et

266 5663 452 5733 φοραῖς
497 5661 911 5732 μεγαλοδώροις,
941 5664 1039 5717 σὺν
1067 5664 1143 5731 τῷ
1177 5664 1291 5734 ίδίῳ
1344 5666 1577 5739 συμὸἰῳ,
1610 5667 1686 5737 τῷ
1717 5666 1829 5737 ναῷ

1939 5666 2235 5739 splendidis
2259 5667 2629 5725 oblationibus
2665 5684 2787 5725 cum
2813 5669 3045 5740 conjuge
3088 5681 3189 5724 suo
3216 5667 3268 5721 in
3310 5665 3510 5737 templo

328 5819 343 5849 ¹
378 5819 520 5874 Psal.
551 5819 827 5884 cum?!»
908 5824 927 5855 ³
971 5821 1113 5877 Psal.
1143 5837 1360 5886 uuvt,
1397 5822 1452 5877 Ξ.
