4232 6434
762 413 891 475 1‘007
2008 409 2272 470 COSME
2308 409 2759 473 VES‘I'ITORIS
3867 418 4007 482 i008

753 524 845 577 bet
874 521 1134 587 assidua;
1170 519 1386 583 mulier,
1441 532 1560 587 quae
1616 532 1711 588 per
1758 519 2105 574 concordiam
2150 520 2318 574 animi
2349 523 2424 581 Αη

2349 523 2397 581 Α
2423 519 2517 575 τοῦ
2549 521 2688 575 Θεοῦ
2734 523 3242 595 προσκαρτεροῢσα·
3292 525 3432 595 γυνὴ
3471 525 3528 579 ἐν
3565 524 3792 598 ὁμονοία
3819 529 4001 598 ψυχῆς

750 614 1113 683 corporisque
1168 610 1583 678 temperantiam
1631 608 1745 678 pari
1782 625 1999 679 semper
2027 625 2152 666 cum
2202 610 2321 665 viro

2423 613 2519 666 καὶ
2563 613 2915 685 σωφροσύνης
2958 615 3211 686 σώματος
3256 618 3318 670 τὸ
3360 618 3697 689 μονότροπον
3754 621 3843 672 ἀεὶ
3902 623 4004 689 τῆς

750 717 851 755 suo
910 701 1171 770 sapientia
1204 698 1464 753 enitebat.
1504 697 1815 752 Secundum
1877 698 2022 753 enim
2067 700 2317 768 (primam

2421 703 2677 772 γνώσεως
2711 706 2847 776 μετὰ
2867 706 2959 759 τοῦ
2985 708 3176 778 ἀνδρὸς
3200 712 3542 782 κτησαμένη.
3573 713 3729 765 Κατὰ
3760 713 3871 782 γάρ
3903 713 4003 781 τὴν

754 792 898 844 illam
937 789 1203 858 mulieris)
1237 788 1619 842 formationem
1653 803 1717 843 es
1763 803 1851 853 eo,
1885 790 1977 858 qui
2014 789 2175 844 datus
2214 788 2317 857 ipsi

750 882 949 946 COlljltX
976 895 1003 931 a
1037 880 1144 933 Deo
1178 878 1297 943 luit,
1328 895 1389 934 os
1422 880 1551 933 illud
1578 879 1678 933 viri
1710 880 1780 935 ab
1802 881 1950 935 omni
1976 882 2306 935 detrimento

749 973 985 1025 servavit
1046 973 1336 1042 integrum,
1396 972 1738 1041 coniugalem
1808 986 2002 1041 nempe
2051 972 2125 1026 illi
2187 973 2318 1027 οσο-

747 1068 895 1113 ctum
921 1069 1136 1129 propter
1160 1074 1403 1114 amorem
1436 1057 1528 1114 Dei
1551 1068 1759 1115 sartum
1788 1069 2099 1130 tectumque
2121 1069 2310 1115 custo-

747 1153 925 1206 diens.

819 1242 901 1297 IV.
934 1241 1050 1298 Non
1105 1244 1250 1298 enim
1293 1244 1347 1298 in
1399 1245 1692 1314 perniciem
1745 1244 1868 1308 viri,
1900 1253 1958 1297 ut
2008 1244 2137 1299 olim
2186 1243 2317 1304 Eva.

747 1348 901 1388 versa
933 1346 1050 1400 est;
1083 1335 1176 1388 sed
1228 1335 1549 1404 adiutricem
1592 1350 1651 1389 se
1682 1334 1759 1389 illi
1779 1337 2033 1404 :_pra2buit
2076 1346 2189 1390 tum
2224 1350 2320 1404 per

742 1424 926 1494 iugem
982 1426 1243 1479 virtutum
1301 1426 1780 1491 exercitationem,
1815 1438 1928 1481 tum
1987 1442 2081 1496 per
2131 1441 2319 1495 preces

747 1514 994 1583 quotidie
1037 1514 1103 1567 ad
1151 1513 1319 1567 Deum
1369 1513 1588 1569 eﬂ‘usas.
1628 1513 1759 1568 Nam
1802 1517 1914 1585 pari
1948 1515 2128 1570 studio
2157 1515 2318 1569 ambo

749 1606 822 1658 illi
850 1606 1109 1674 coniuges
1166 1606 1420 1675 precibus
1477 1620 1509 1661 e
1560 1607 1830 1661 desiderio
1880 1607 2049 1677 prolis
2098 1606 2318 1661 insiste-

747 1698 898 1763 bant,
927 1713 1033 1751 non
1067 1712 1223 1753 secus
1264 1709 1428 1767 atque
1481 1699 1716 1769 agricola
1764 1698 1927 1753 simul
1975 1711 2101 1753 cum
2151 1713 2319 1753 uxore

749 1804 846 1842 sua
871 1803 1120 1859 asperam
1152 1798 1348 1842 terram
1378 1790 1664 1857 diligenter
1705 1789 2171 1854 excolentes,dum
2191 1804 2317 1859 pro.

2423 790 2620 845 πλάσιν
2646 793 2740 847 τοῦ
2788 794 3176 865 ωζευχθὲντος
3224 800 3364 870 αὐτῇ
3410 801 3561 870 παρὰ
3607 801 3701 854 τοῦ
3731 801 3893 864 Θεοῦ,
3943 803 4005 853 τὸ

2419 881 2611 935 όστοῦν
2634 885 2891 939 διέσωσεν
2916 889 3296 961 ἀσυντρίπτως
3319 892 3415 945 τοῦ
3449 892 3663 962 ἀνδρὸς,
3697 892 3786 945 διὰ
3819 895 3881 945 τὸ
3909 911 4002 961 ςι-

2421 974 2604 1028 λόθεον
2636 978 2697 1031 τὸ
2748 978 3128 1050 φιλάνθρωπον
3156 983 3307 1055 αὐτῷ
3352 986 3857 1055 παραφυλάττουσι
3902 986 4001 1054 τῆς

2422 1064 2728 1137 ξυνωρίδος.

2487 1243 2560 1296 Δ’.
2597 1243 2673 1295 Οὐ
2718 1243 2828 1315 γὰρ
2877 1246 3211 1317 βλαπτικῶς,
3254 1246 3330 1313 ὡς
3376 1249 3410 1320 ἡ
3456 1244 3589 1314 Εὔα,
3634 1250 4000 1320 μετεποιήθη,

2418 1332 2553 1386 ἀλλὰ
2586 1334 2776 1404 βοηθὸς
2819 1337 2898 1407 τῷ
2937 1339 3092 1409 ἀνδρὶ
3123 1340 3473 1409 συνηρμόσθη
3511 1341 3601 1393 ὲπί
3648 1358 3706 1395 τε
3735 1344 3848 1403 τοῖς
3889 1343 3997 1392 τῶν

2418 1422 2627 1496 ἀρετῶν
2654 1425 3067 1497 πολιτεύμασιν,
3096 1428 3187 1481 ἐπί
3218 1445 3276 1481 τε
3301 1431 3419 1491 ταῖς
3448 1429 3537 1481 διὰ
3560 1431 3661 1499 τὴν
3693 1430 3828 1497 πρδς
3858 1429 3994 1481 Θεὸν

2420 1515 2671 1579 ἱκεσίαις.
2708 1516 2863 1580 Ἴσως
2895 1518 3003 1587 γὰρ
3031 1520 3080 1571 οί
3126 1519 3220 1571 δύο
3244 1520 3371 1588 περὶ
3401 1519 3501 1588 τὴν
3539 1520 3725 1588 δέησιν
3748 1520 3848 1588 τῆς
3875 1522 3997 1571 ἐπι·

2420 1606 2619 1675 θυμίας
2643 1606 2928 1677 ἀπέκαμον
2953 1609 3046 1661 τοῦ
3087 1609 3302 1662 τέκνου·
3329 1610 3450 1664 καθ’
3477 1610 3538 1662 ὂν
3577 1612 3778 1679 τρόπον
3822 1628 4000 1681 γεωρ-

2418 1699 2513 1766 γὲς
2541 1699 2656 1768 ἅμα
2687 1699 2782 1768 τῆς
2821 1698 2985 1753 αὐτοῦ
3016 1701 3297 1768 γυναικὸς,
3333 1703 3519 1773 χώραν
3562 1702 4004 1771 καλλιεργὴσαν-

2419 1807 2510 1853 τος
2537 1791 2751 1861 χέρσον,
2782 1791 2874 1844 τὸν
2920 1791 3123 1861 σπόρον
3169 1792 3662 1863 καταϐαλλόμενοι,
3699 1793 3800 1861 τὴν
3843 1797 4003 1861 εὐφο-

743 1881 943 1951 iiciunt
973 1896 1178 1946 semen,
1205 1880 1423 1936 uberem
1454 1879 1689 1935 fructum
1721 1889 2113 1935 consecuturos
2140 1895 2200 1935 se
2225 1895 2320 1949 per
2352 1879 2393 1905 ”

2352 1879 2393 1905 "
2425 1880 2546 1949 ρίαν
2572 1879 2679 1932 τῶν
2704 1882 2932 1951 καρπῶν
2963 1884 3243 1953 ἐπιτυχεῖν
3272 1884 3340 1936 δι’
3391 1885 3555 1953 εὐχῆς
3579 1885 4002 1954 ἀπεκδέχονται.

749 1975 1089 2045 precationes
1109 1982 1450 2043 exspectant.
1477 1973 1593 2026 Non
1624 1973 1796 2027 instar
1824 1975 1947 2029 Eva:
1977 1988 2101 2028 cum
2125 1973 2318 2036 Adam,

749 2066 1073 2121 versabatur
1101 2081 1223 2121 cum
1260 2067 1377 2119 viro
1407 2079 1531 2127 suo,
1562 2064 1654 2119 sed
1693 2065 1856 2119 veluti
1899 2066 1997 2134 ipsi
2042 2078 2225 2119 comes
2266 2064 2321 2119 in

746 2160 1005 2227 operibus
1060 2157 1167 2212 Deo
1199 2158 1458 2226 acceptis,
1493 2172 1555 2210 ac
1605 2157 1766 2210 simul
1803 2172 1927 2210 cum
1958 2172 2025 2211 eo
2076 2156 2129 2210 in
2163 2156 2325 2210 bene-

746 2247 908 2303 factis
940 2247 1314 2317 spiritualibus
1339 2246 1683 2300 collaborans
1707 2264 1720 2311 ;
1746 2259 1909 2315 atque
1932 2256 1990 2300 ut
2010 2247 2192 2317 portio
2221 2247 2321 2300 viri

750 2356 980 2411 prorsus
1014 2342 1177 2405 bona,
1206 2341 1459 2395 connubii
1495 2339 1731 2393 fructum
1762 2340 1864 2408 ipsi
1898 2339 2159 2393 eximium
2193 2353 2322 2408 pro—

749 2431 891 2485 tulit.
930 2430 995 2484 Et
1036 2429 1279 2499 profecto
1303 2429 1412 2483 Eva
1441 2430 1659 2498 quidem
1703 2440 1922 2498 propter
1962 2429 2175 2484 arboris
2207 2428 2325 2482 l‘ru-

748 2532 896 2574 dum
927 2521 1183 2574 universo
1210 2518 1416 2573 mundo
1443 2532 1666 2572 causam
1699 2531 1756 2571 se
1781 2517 2034 2571 maeroris
2059 2515 2321 2585 prabuit;

750 2621 807 2666 at
839 2614 1038 2681 coniux
1068 2610 1338 2666 Joaehimi
1366 2611 1521 2665 Anna
1550 2624 1642 2679 per
1678 2609 1917 2665 fructum
1954 2608 2091 2663 uteri
2126 2606 2323 2679 gaudio

748 2702 993 2756 Creatori
1024 2700 1147 2756 luit.

819 2792 886 2849 V.
917 2794 1183 2849 Omnibus
1241 2806 1407 2864 porro
1462 2792 1800 2863 exploratum
1846 2804 1947 2859 est,
1983 2794 2166 2851 Marias
2222 2795 2319 2853 Dei

752 2889 1014 2945 Genitrici
1039 2888 1277 2941 faustum
1335 2885 1466 2939 illud
1501 2885 1753 2939 nuntium
1794 2885 2033 2941 delatum
2070 2887 2239 2943 lutsse
2270 2889 2322 2943 in

2421 1970 2535 2040 Οὐχ
2565 1971 2639 2034 ὡς
2669 1972 2703 2039 ἡ
2736 1969 2847 2024 Εὔα
2881 1972 3164 2040 συζήσασα
3205 1973 3287 2042 τῷ
3331 1974 3526 2043 Ἀδὰμ,
3557 1975 3674 2027 ἀλλ’
3701 1977 3778 2038 ὼς
3809 1991 4006 2045 συνερο

2419 2062 2516 2130 γὸς
2556 2062 2940 2133 εὐχαριστίας,
2982 2066 3077 2119 καὶ
3114 2064 3471 2135 συμπονοῦσα
3524 2068 3642 2136 μετ’
3678 2068 3845 2120 αὑτοῦ
3884 2070 4005 2131 ταῖς

2418 2154 2677 2224 ψυχικαῖς
2720 2156 3086 2227 εὐεργεσίαις’
3121 2162 3216 2212 καὶ
3255 2157 3331 2221 ὡς
3368 2158 3593 2230 άληθῶς
3629 2160 3807 2230 ἀγαθὴ
3843 2160 4006 2230 μερὶς

2420 2246 2869 2316 τελεσφορήσασα
2909 2249 3007 2319 τὴν
3052 2248 3239 2321 κοίτην
3282 2251 3362 2321 τῷ
3408 2251 3584 2318 ἀνδρί.
3642 2251 3705 2304 Ἢ
3752 2252 3854 2319 μὲν
3893 2252 4003 2319 γάρ

2422 2332 2537 2392 Εὕα
2557 2337 2644 2391 διὰ
2672 2338 2884 2407 καρπὸν
2914 2338 3081 2409 φυτοῦ
3103 2339 3181 2410 τῷ
3203 2340 3392 2411 κόσμῳ
3416 2342 3594 2412 λύπης
3626 2342 3846 2409 ἐγένετο
3874 2342 4004 2411 ττρὸ-

2425 2427 2594 2493 ξενοςο
2626 2429 2661 2500 η
2690 2427 2747 2481 δὲ
2785 2427 2880 2481 τοῦ
2922 2428 3177 2500 Ἰωακεὶμ
3221 2432 3388 2484 Ἀννα
3426 2431 3514 2489 διὰ
3556 2432 3770 2503 καρπὸν
3796 2432 4008 2493 κοιλίας

2423 2520 2501 2593 τῷ
2531 2522 2737 2593 Κτίστῃ
2762 2522 3173 2593 κεχρημάτικεν
3198 2524 3362 2595 χαρά.

2497 2793 2569 2846 E’.
2604 2792 2780 2847 Πᾶσιν
2819 2791 3000 2861 μέντοι
3042 2791 3306 2861 γνωστὸν,
3331 2790 3407 2855 ὡς
3433 2791 3492 2845 ἐν
3515 2793 3583 2862 τῇ
3612 2791 3875 2864 Γαλιλαίᾳ
3897 2791 4008 2843 τῶν

2424 2883 2592 2937 ἐθνῶν
2639 2884 2673 2954 ἠ
2710 2882 2974 2946 Θεοτόκος
3010 2881 3373 2954 εὐηγγελίσθη
3419 2883 3606 2952 Μαρία
3640 2884 3701 2936 ὲν
3748 2883 3828 2952 τῷ
3872 2882 4008 2951 οίκῳ

745 2980 966 3034 Ωιιιὶιαξίι
1012 2978 1272 3047 gentium,
1301 2977 1358 3030 in
1419 2975 1583 3030 domo
1613 2973 1836 3045 Iosephi
1866 2976 2047 3038 Fabri,
2090 2978 2184 3047 qui
2251 2979 2318 3033 ad

2421 2974 2516 3029 τοῦ
2552 2976 2799 3039 τέκτονος
2846 2974 3066 3045 Ἰωσὴφ,
3098 2973 3190 3027 τοῦ
3220 2975 3311 3028 καὶ
3354 2976 3801 3045 χρηματίσαντος
3821 3014 3836 3035 ,
3865 2976 4008 3027 κατὰ

746 3076 1044 3130 eludendas
1067 3074 1271 3129 diaboli
1298 3071 1730 3127 machinationes
1751 3072 1911 3127 datus
1925 3074 2091 3127 etiam
2113 3072 2321 3143 Virgini

2425 3067 2783 3138 συναρπαγὴν
2827 3066 2919 3119 τοῦ
2963 3065 3212 3120 διαϐόλου
3283 3067 3518 3134 συζύγου
3568 3068 3666 3135 τῆς
3697 3067 4007 3137 Παρθένου.

747 3166 944 3232 coniux
1006 3165 1204 3217 luerat.
1242 3164 1309 3216 At
1367 3178 1560 3218 rursus
1616 3174 1952 3231 compertum
2010 3164 2390 3244 est,ipsamc

2348 3190 2390 3244 ο
2423 3158 2659 3228 Εὓδηλον
2707 3159 2763 3212 δὲ
2812 3158 2994 3220 πάλιν,
3045 3160 3126 3212 ὅτι
3157 3160 3215 3211 ἐν
3257 3158 3506 3228 Βηθλεὲμ
3536 3161 3874 3229 γεγέννηκεν
3914 3160 4010 3211 τόν

744 3256 1023 3311 Christum
1087 3255 1358 3323 peperisse
1415 3256 1469 3309 in
1531 3254 2318 3325 Bethleem;quandoquidem

2425 3253 2680 3322 Χριστόν·
2708 3254 2789 3307 ὅτι
2822 3255 2917 3306 καὶ
2962 3254 3163 3323 πατρὶς
3198 3253 3367 3322 αὐτῆς
3407 3253 3545 3322 αὑτὴ
3576 3254 3609 3323 ἡ
3650 3253 3807 3314 πόλις
3845 3252 4008 3319 ἐτύγ-

749 3351 864 3404 Ιιαξο
902 3349 1017 3418 ipsa
1056 3348 1210 3411 urbs,
1234 3348 1419 3401 habita
1456 3348 1647 3400 matris
1683 3347 1914 3411 ratione,
1940 3348 2102 3402 etiam
2144 3348 2320 3417 patria

2424 3362 2587 3414 χανεν
2618 3344 2694 3407 ῶς
2740 3345 2847 3397 ἀπὸ
2899 3346 3126 3415 μητρὸς,
3182 3345 3328 3399 καθά
3376 3343 3735 3415 παρακατιὼν
3775 3346 3804 3397 6
3851 3343 4008 3409 λόγος

748 3442 921 3512 ipsius
954 3452 1088 3501 erat.
1125 3440 1300 3509 prouti
1354 3454 1538 3492 sermo
1597 3437 1825 3493 init-rius
1882 3439 2318 3507 demonstrabit;

2427 3436 2788 3504 παραστήσει.
2844 3435 2905 3489 ’0
2933 3436 3042 3506 γάρ
3088 3434 3354 3505 πατρικὸς
3400 3436 3569 3503 αὐτῆς
3619 3430 3791 3498 οἶκος,
3838 3436 3869 3487 ό
3910 3434 4010 3503 τὴν

745 3550 874 3588 nam
929 3544 1148 3603 paterna
1190 3532 1309 3600 eius
1354 3530 1549 3585 domus
1576 3529 1970 3600 Hierosolymis
2019 3539 2165 3594 erat,
2200 3547 2321 3600 qua:

2423 3524 2762 3595 προϐατικὴν
2787 3525 3115 3595 περικλείων
3146 3528 3205 3579 tv
3245 3526 3605 3596 Ἰερουσαλὴμ
3636 3525 3911 3593 ὑπῆρχεν,
3933 3523 4008 3587 ῶς

746 3626 1209 3694 circumriugcbat
1255 3623 1610 3692 probaticam,
1637 3632 1696 3675 ut
1727 3622 1889 3691 vulgo
1922 3623 2318 3691 appellabatur,

745 3718 1013 3788 piSrinam
1041 3716 1137 3783 (l),
1172 3715 1224 3769 in
1254 3730 1361 3784 qua
1399 3712 1653 3768 Christus
1683 3727 1745 3766 ac
1770 3711 1911 3767 Deus
1942 3723 2124 3767 noster
2158 3728 2320 3783 para-

745 3809 971 3876 lytieum
1000 3822 1028 3859 a
1067 3806 1285 3873 triginta
1329 3810 1386 3856 et
1428 3811 1551 3855 octo
1581 3800 1739 3855 anuis
1796 3800 1866 3854 ibi
1896 3801 2164 3868 iacentem
2197 3815 2320 3853 sur—

748 3912 873 3969 gere
917 3897 1116 3967 iuhens
1160 3895 1412 3958 sanavit;
1442 3892 1583 3945 velut
1620 3889 1714 3959 qui
1768 3904 1830 3943 ex
1862 3889 1952 3943 illa
2004 3890 2166 3943 domo
2191 3889 2323 3945 alle-

748 3991 929 4059 gorice
968 4002 1288 4055 egressurus
1327 3993 1446 4037 erat
1499 3994 1685 4052 pastor
1721 3980 1904 4034 ovium
1950 3980 2319 4035 rationalium.

747 4080 951 4134 Deinde
978 4087 1030 4131 et
1079 4077 1132 4130 in
1168 4078 1311 4129 illius
1338 4090 1492 4143 aqua:
1522 4072 1731 4144 piscina
1764 4072 2062 4142 symbolice
2096 4086 2321 4141 expres-

746 4186 861 4227 sam
910 4169 1162 4224 novimus
1193 4167 1444 4235 baptismi
1498 4163 1760 4234 gratiam;
1798 4177 1920 4215 nam
1970 4172 2025 4217 et
2078 4162 2324 4216 diuturni

745 4266 955 4322 erroris
1008 4262 1294 4327 aegritudo,
1327 4274 1469 4328 quae,
1502 4273 1611 4313 non
1664 4273 1823 4312 secus
1858 4271 1923 4310 ac
1977 4257 2029 4309 in
2079 4256 2324 4324 corporis

747 4358 1006 4413 membris
1030 4355 1144 4409 ﬁeri
1168 4354 1328 4415 solet,
1352 4352 1563 4404 animas
1593 4350 1874 4402 hominum
1900 4346 2134 4417 quadam
2157 4346 2322 4401 veluti

746 4442 979 4514 paralysi
1004 4440 1407 4501 debilitaverat,
1432 4436 1755 4505 purilicante
1780 4435 1984 4533 gairitu
2010 4450 2104 4503 per
2124 4449 2321 4502 aquam

746 4543 935 4590 sanata
956 4543 1041 4587 ρμι
1062 4550 1076 4595 ;
1097 4530 1555 4601 quemadmodum
1576 4529 1740 4583 etiam
1772 4525 1823 4580 in
1856 4526 2023 4596 ﬁgura
2048 4525 2323 4580 Bethleem

745 4640 872 4679 cum
900 4624 1198 4685 cernimus,
1224 4620 1317 4689 qui
1345 4619 1701 4672 fermentatus
1724 4606 1808 4670 est
1833 4615 2135 4686 spiritualis
2167 4615 2325 4685 panis

745 4716 889 4768 vitae.
927 4712 1003 4769 lbi
1052 4710 1303 4766 Christus
1350 4719 1405 4765 et
1452 4709 1553 4765 sub
1607 4708 1786 4777 angeli
1818 4707 2001 4775 specie
2031 4708 2182 4760 visus
2240 4715 2323 4761 est

746 4806 1001 4869 Abrahm,
1038 4805 1130 4874 qui
1191 4804 1392 4873 pariter
1422 4802 1476 4855 in
1530 4800 1704 4853 forma
1740 4798 1916 4867 angeli
1964 4812 2087 4851 cum
2118 4794 2323 4854 Iacobo

748 4902 988 4954 luctatus
1014 4908 1114 4951 eSL.
1154 4896 1272 4965 Ipse
1297 4903 1379 4949 est
1409 4894 1576 4955 enim,
1610 4884 1795 4961 qui‘ad
1834 4889 2321 4958 evangelizandum

819 5101 896 5171 (I)
934 5102 1233 5171 Paternam
1256 5098 1498 5171 Deiparaa
1546 5096 1765 5171 domum
1797 5095 1984 5147 eodem
2032 5095 2317 5171 modo‘dc-

747 5165 927 5237 signat
983 5171 1145 5223 etiam
1211 5170 1271 5223 S.
1324 5165 1559 5222 Joannes
1630 5165 2021 5237 Damasceuus,
2065 5166 2319 5234 inquiens

748 5233 847 5313 (De
906 5239 1025 5313 Fid.
1055 5240 1295 5313 (ὶιίὶιοιί.Δ
1329 5238 1423 5290 lib.
1451 5251 1519 5293 tv.
1565 5251 1690 5313 cap.
1726 5236 1810 5313 l4)
1842 5254 1889 5313 ελ
1907 5233 2092 5313 Itaque
2143 5233 2317 5313 gratia

748 5304 894 5371 (nam
932 5312 1026 5363 hoc
1076 5316 1231 5363 sonat
1265 5307 1433 5360 Auum
1471 5306 1802 5368 vocabulum)
1848 5304 2127 5357 Dominam
2175 5306 2316 5373 parit

750 5383 825 5447 (id
852 5382 988 5434 enim
1018 5380 1206 5433 Maria
1235 5378 1441 5431 nomine
1472 5376 1825 5443 significatur,
1861 5390 1977 5447 qua,
2005 5391 2119 5427 vere
2146 5376 2316 5447 omnis

750 5444 1008 5504 creatura:
1046 5449 1261 5501 (lamina
1286 5448 1429 5514 facta
1453 5448 1543 5508 sit,
1566 5461 1685 5497 cum
1733 5455 1899 5497 mater
1928 5444 2197 5514 Creatoris
2224 5460 2315 5497 ex-

749 5522 946 5584 stitit);
980 5520 1220 5572 nascitur
1248 5513 1418 5569 autem
1449 5518 1503 5569 in
1538 5515 1693 5567 domo
1722 5514 2007 5582 probaticae
2050 5513 2315 5584 .loacln'm,

751 5601 907 5658 atque
930 5583 1000 5641 ad
1027 5588 1274 5653 templum
1308 5584 1899 5658 adduciturt'l‘lxtera'.
1923 5584 1999 5658 *δε
2033 5583 2192 5658 ὲν-τῷ
2218 5585 2318 5652 τῆς

749 5652 1088 5728 πρὶϐατικῆς
1133 5652 1229 5710 τοῦ
1269 5658 1524 5728 Ἰωακεὶμ
1564 5656 1727 5728 οἴκῳ..
1756 5656 1848 5705 καὶ
1880 5653 1956 5728 τῷ
1990 5652 2120 5723 ἱερῷ
2144 5652 2317 5728 προσ-

752 5723 997 5795 άγεται).
1044 5723 1123 5779 Ad
1164 5742 1324 5794 quem
1365 5727 1681 5795 Damasecni
1718 5725 1894 5795 locum
1933 5725 2043 5778 haec
2093 5723 2320 5795 adnotat

755 5792 1052 5869 Lequinius
1102 5792 1193 5867 (ini
1221 5806 1335 5852 not.
1370 5794 1435 5850 ad
1480 5793 1535 5850 lt.
1575 5796 1674 5857 l.):
1718 5792 1975 5847 Nascitur
2032 5805 2209 5848 autem
2264 5794 2318 5848 in

2422 3617 2580 3685 λόγος
2609 3620 2802 3681 είπεῖν,
2856 3617 3267 3689 κολυμϐήθραν,
3319 3618 3379 3671 ἐν
3493 3618 3582 3670 τὸν
3613 3620 3672 3670 ὲν
3710 3618 4008 3687 τριάκοντα

2425 3710 2521 3762 καὶ
2545 3710 2691 3762 ὀκτὼ
2729 3711 2942 3779 χρόνοις
2985 3710 3383 3780 κατακείμενον
3419 3711 3793 3780 παραλυτικὸν
3819 3711 3848 3762 6
3877 3711 4011 3779 Xp':

2425 3802 2549 3865 στος
2588 3802 2683 3855 καὶ
2716 3801 2847 3864 Θεὸς
2880 3802 3036 3871 ἡμῶν
3066 3801 3437 3872 ἐθεράπευσεν
3485 3801 3767 3870 ιεεγείρις
3788 3841 3802 3861 ν
3837 3802 3913 3861 ὥς
3949 3800 4009 3863 ἒξ

2424 3893 2637 3946 ἐκείνου
2675 3890 2884 3962 μύλλων
2914 3889 3009 3944 τοῦ
3046 3893 3197 3946 οίκου
3228 3890 3625 3964 ἐκπορεύεσθαι
3657 3890 4007 3959 συμϐολικῶς

2425 3984 2628 4055 ποιμὴν
2668 3984 2776 4036 τῶν
2825 3984 3061 4051 λογικῶν
3102 3983 3413 4054 προϐάτων.
3464 3978 3597 4035 Εἶτα
3637 3983 3736 4035 καὶ
3783 3983 3872 4035 διά
3910 3982 4010 4051 τῆς

2426 4076 2605 4129 ἐκεῖσε
2660 4074 2755 4127 τοῦ
2804 4074 2999 4138 ὓδατος
3036 4075 3427 4146 κολυμϐήθρας
3480 4072 3577 4127 τοῦ
3628 4073 4009 4141 βαπτίσματος

2425 4167 2852 4240 προτυπωθῆναι
2886 4169 2948 4221 τὸ
2976 4170 3244 4239 χάρισμα·
3277 4169 3370 4221 καὶ
3399 4167 3508 4236 γάρ
3536 4167 3755 4235 χρονίας
3798 4166 4011 4232 πλάνης

2427 4260 2462 4330 ἡ
2509 4259 2663 4322 νόσος
2709 4258 2807 4322 τὰς
2845 4258 2956 4311 τῶν
3006 4259 3334 4331 ἀνθρώπων,
3365 4259 3442 4322 ὼς
3490 4260 3551 4310 ὲν
3595 4257 3749 4322 τάξει
3800 4255 4005 4325 μελῶν,

2430 4349 2796 4420 παραλύσασα
2839 4350 3060 4419 ψυχὰς,
3109 4350 3376 4420 καθάρσει
3427 4348 3524 4402 τοῦ
3571 4348 3886 4417 πνεύματος
3939 4348 4009 4400 δι’

2429 4438 2877 4509 ὖδατος’ὖγιώθη·
2908 4440 3097 4511 ῶσπερ
3126 4441 3221 4493 καὶ
3246 4442 3304 4493 ὲν
3330 4438 3607 4509 προσώπῳ
3632 4438 3734 4508 τῆς
3761 4438 4011 4506 Βηθλεὲμ.

2350 4499 2404 4558 D
2428 4530 2457 4582 6
2495 4499 2657 4599 ἄρτος
2688 4499 2945 4602 ίζυμῶθη
2987 4532 3017 4585 6
3058 4499 3247 4603 νοητὸς
3284 4499 3386 4601 τῆς
3422 4499 3591 4598 ζωῆςί
3629 4499 3800 4584 ’ένθα
3825 4499 3944 4583 ’καὶ
3972 4499 4010 4583 -ό

2430 4621 2666 4692 Χριστὸς
2703 4623 3077 4693 ἁγγελοφανὴς
3110 4622 3401 4693 ὑπεδείχθη
3424 4622 3505 4693 τῷ
3545 4621 3823 4690 Ἀϐραὰμ,
3857 4622 3886 4673 6
3911 4623 4009 4673 καὶ

2428 4712 2508 4783 τῷ
2543 4712 2741 4767 Ἰακὼϐ
2781 4713 3191 4783 προσπαλαίσας
3238 4714 3297 4765 ἑν
3325 4714 3563 4781 ἀγγέλου
3593 4714 3798 4782 μορφῇ.
3833 4712 4009 4773 Atla-:6;

2430 4803 2541 4873 γάρ
2567 4804 2714 4855 ἔστιν
2752 4805 2781 4856 6
2823 4803 2991 4856 ἐλθὼν
3024 4803 3478 4871 εὐαγγελίσασθαι
3508 4806 3620 4867 τοῖς
3664 4804 3883 4874 μακρὰν
3910 4804 4008 4857 καὶ

2428 4897 2542 4961 τοῖς
2567 4894 2755 4965 ἐγγύς*
2784 4895 2945 4959 αὑτός
2974 4895 3122 4949 ἑστιν
3164 4896 3225 4949 τὸ
3257 4896 3573 4964 εὐαγγέλιον
3593 4896 3696 4965 τῆς
3732 4894 4011 4948 δικαιοσύ-

2424 5098 2578 5151 domo
2608 5096 2891 5163 probaticte
2922 5113 2934 5148 :
2973 5095 3069 5150 hoc
3097 5106 3176 5151 est
3208 5096 3262 5150 in
3290 5096 3489 5151 tedibus
3543 5097 3827 5165 pecuariis.
3869 5094 4006 5149 Pro-

2423 5168 2612 5239 batica:
2644 5183 2833 5220 nomen
2861 5183 3089 5239 gracum
3133 5169 3335 5239 seruaui
3364 5177 3574 5239 propter
3626 5167 3825 5239 celebre
3872 5179 4006 5219 tem-

2422 5238 2569 5306 plum
2603 5248 2803 5290 sauctte
2832 5237 3082 5297 civitatis.
3112 5238 3251 5306 quod
3278 5236 3567 5289 Probatica
3599 5236 3928 5306 nuncupant.
3950 5239 4005 5291 in

2420 5323 2531 5381 quo
2558 5306 2916 5381 Damascenus
2946 5322 3221 5381 sermones
3245 5307 3429 5381 habuit
3476 5308 3529 5359 in
3565 5305 3755 5381 Natali
3778 5305 3846 5381 B2
3885 5306 4004 5381 i’ir-

2422 5376 2578 5447 ginis.
2598 5376 2800 5430 Ibidem
2816 5379 2999 5439 aiunt,
3015 5376 3342 5447 probaticam
3363 5376 3514 5429 illam
3535 5378 3791 5441 piscinam
3814 5377 4000 5444 fuisse.

2423 5445 2491 5498 Ἁι
2538 5447 2742 5499 nullam
2767 5463 2984 5514 prorsus
3013 5448 3225 5499 domum
3278 5445 3661 5514 Hierosolymis
3690 5457 3807 5514 post
3859 5450 4006 5500 exci-

2421 5518 2567 5585 dium
2595 5517 2802 5570 stetisse
2831 5517 3273 5585 locupletissimus
3298 5526 3374 5569 est
3396 5518 3545 5569 testis
3578 5516 3863 5582 Iosephus,
3897 5529 4002 5572 etc.

2426 5584 2621 5669 \Lerum
2654 5602 2776 5672 qua:
2818 5584 2983 5672 habet
3007 5587 3258 5672 gostnas,
3292 5587 4002 5672 sua-dent;appeilationeui

2418 5657 2517 5724 τῆς
2545 5657 2879 5725 προϐατικῆς
2912 5656 3045 5711 nihil
3098 5659 3164 5712 ad
3222 5658 3484 5726 templum
3526 5656 3762 5736 Virginis
3793 5668 3888 5709 aut
3940 5658 4005 5710 ad

2418 5724 2664 5791 domum,
2694 5742 2815 5795 quze
2846 5734 3127 5793 superstes
3152 5728 3415 5783 manserit
3440 5727 3656 5783 excidio
3692 5724 4006 5796 Hierosoly-

2418 5798 2647 5862 mitano,
2692 5798 2982 5866 pertinere.
