  <div class='ocr_page' id='page_1' title='image "/cluster/home/n/w/nwhite01/storage/ocr_20150623/106/nnc1.0046979980/534.png"; bbox 0 0 4232 6434; ppageno 0'>
   <div class='ocr_carea' id='block_1_1' title="bbox 253 416 385 477">
    <p class='ocr_par' dir='ltr' id='par_1_1' title="bbox 253 416 385 477">
     <span class='ocr_line' id='line_1_1' title="bbox 253 416 385 477; baseline 0.015 -1"><span class='ocrx_word' id='word_1_1' title='bbox 253 416 385 477; x_wconf 82' lang='lat'><strong>1009</strong></span> 
     </span>
    </p>
   </div>
   <div class='ocr_carea' id='block_1_2' title="bbox 1200 410 2530 473">
    <p class='ocr_par' dir='ltr' id='par_1_2' title="bbox 1200 410 2530 473">
     <span class='ocr_line' id='line_1_2' title="bbox 1200 410 2530 473; baseline 0.002 -3"><span class='ocrx_word' id='word_1_2' title='bbox 1200 412 1455 472; x_wconf 82' lang='lat' dir='ltr'><strong>SERMO</strong></span> <span class='ocrx_word' id='word_1_3' title='bbox 1495 410 1571 471; x_wconf 70' lang='lat' dir='ltr'><strong>IN</strong></span> <span class='ocrx_word' id='word_1_4' title='bbox 1614 412 1718 472; x_wconf 90' lang='lat' dir='ltr'><strong>SS.</strong></span> <span class='ocrx_word' id='word_1_5' title='bbox 1760 410 2088 472; x_wconf 80' lang='lat' dir='ltr'><strong>JOACHIM</strong></span> <span class='ocrx_word' id='word_1_6' title='bbox 2124 410 2218 471; x_wconf 84' lang='lat' dir='ltr'><strong>ET</strong></span> <span class='ocrx_word' id='word_1_7' title='bbox 2252 414 2530 473; x_wconf 83' lang='lat' dir='ltr'><strong>ANNAM.</strong></span> 
     </span>
    </p>
   </div>
   <div class='ocr_carea' id='block_1_3' title="bbox 3344 419 3479 488">
    <p class='ocr_par' dir='ltr' id='par_1_3' title="bbox 3344 419 3479 488">
     <span class='ocr_line' id='line_1_3' title="bbox 3344 419 3479 488; baseline 0.03 -6"><span class='ocrx_word' id='word_1_8' title='bbox 3344 419 3479 488; x_wconf 76' lang='lat'><strong>1010</strong></span> 
     </span>
    </p>
   </div>
   <div class='ocr_carea' id='block_1_4' title="bbox 252 527 1881 608">
    <p class='ocr_par' dir='ltr' id='par_1_4' title="bbox 252 527 1881 598">
     <span class='ocr_line' id='line_1_4' title="bbox 252 527 1881 598; baseline -0.002 -16"><span class='ocrx_word' id='word_1_9' title='bbox 252 548 370 597; x_wconf 89' lang='grc' dir='ltr'><strong>νης·</strong></span> <span class='ocrx_word' id='word_1_10' title='bbox 399 531 557 591; x_wconf 82' lang='grc' dir='ltr'><strong>αὑτός</strong></span> <span class='ocrx_word' id='word_1_11' title='bbox 604 531 752 582; x_wconf 76' lang='grc' dir='ltr'><strong>ἐστιν</strong></span> <span class='ocrx_word' id='word_1_12' title='bbox 797 530 825 579; x_wconf 82' lang='grc' dir='ltr'>ὁ</span> <span class='ocrx_word' id='word_1_13' title='bbox 868 529 933 582; x_wconf 78' lang='grc' dir='ltr'><strong>δι’</strong></span> <span class='ocrx_word' id='word_1_14' title='bbox 966 527 1217 597; x_wconf 84' lang='grc' dir='ltr'><strong>ἀγγέλων</strong></span> <span class='ocrx_word' id='word_1_15' title='bbox 1260 531 1323 582; x_wconf 83' lang='grc' dir='ltr'><strong>τὸ</strong></span> <span class='ocrx_word' id='word_1_16' title='bbox 1368 531 1702 598; x_wconf 78' lang='grc' dir='ltr'><strong>πρόσταγμα</strong></span> <span class='ocrx_word' id='word_1_17' title='bbox 1736 528 1881 588; x_wconf 61' lang='grc' dir='ltr'><strong>τοῦλ</strong></span> 
     </span>
    </p>
   </div>
   <div class='ocr_carea' id='block_1_5' title="bbox 1938 527 3504 608">
    <p class='ocr_par' dir='ltr' id='par_1_5' title="bbox 1938 530 3504 608">
     <span class='ocr_line' id='line_1_5' title="bbox 1938 530 3504 608; baseline 0.008 -29"><span class='ocrx_word' id='word_1_18' title='bbox 1938 530 2088 583; x_wconf 83' lang='lat' dir='ltr'><strong>venit</strong></span> <span class='ocrx_word' id='word_1_19' title='bbox 2117 539 2230 583; x_wconf 89' lang='lat' dir='ltr'><strong>tum</strong></span> <span class='ocrx_word' id='word_1_20' title='bbox 2268 530 2334 585; x_wconf 91' lang='lat' dir='ltr'><strong>iis</strong></span> <span class='ocrx_word' id='word_1_21' title='bbox 2361 532 2453 599; x_wconf 91' lang='lat' dir='ltr'><strong>qui</strong></span> <span class='ocrx_word' id='word_1_22' title='bbox 2490 530 2705 601; x_wconf 86' lang='lat' dir='ltr'><strong>procul,</strong></span> <span class='ocrx_word' id='word_1_23' title='bbox 2731 539 2844 584; x_wconf 88' lang='lat' dir='ltr'><strong>tum</strong></span> <span class='ocrx_word' id='word_1_24' title='bbox 2879 532 2945 587; x_wconf 90' lang='lat' dir='ltr'><strong>iis</strong></span> <span class='ocrx_word' id='word_1_25' title='bbox 2984 533 3077 600; x_wconf 86' lang='lat' dir='ltr'><strong>qui</strong></span> <span class='ocrx_word' id='word_1_26' title='bbox 3110 549 3279 605; x_wconf 83' lang='lat' dir='ltr'><strong>prope</strong></span> <span class='ocrx_word' id='word_1_27' title='bbox 3314 554 3504 608; x_wconf 84' lang='lat' dir='ltr'><strong>erant;</strong></span> 
     </span>
    </p>
   </div>
   <div class='ocr_carea' id='block_1_6' title="bbox 252 620 1830 689">
    <p class='ocr_par' dir='ltr' id='par_1_6' title="bbox 252 620 1830 689">
     <span class='ocr_line' id='line_1_6' title="bbox 252 620 1830 689; baseline 0.001 -17"><span class='ocrx_word' id='word_1_28' title='bbox 252 622 387 673; x_wconf 81' lang='grc' dir='ltr'><strong>Θεοῦ</strong></span> <span class='ocrx_word' id='word_1_29' title='bbox 411 622 504 673; x_wconf 71' lang='grc' dir='ltr'><strong>καὶ</strong></span> <span class='ocrx_word' id='word_1_30' title='bbox 532 622 767 689; x_wconf 81' lang='grc' dir='ltr'><strong>Πατρός·</strong></span> <span class='ocrx_word' id='word_1_31' title='bbox 798 620 958 684; x_wconf 78' lang='grc' dir='ltr'><strong>αὑτός</strong></span> <span class='ocrx_word' id='word_1_32' title='bbox 989 621 1161 673; x_wconf 80' lang='grc' dir='ltr'><strong>ἐστιν</strong></span> <span class='ocrx_word' id='word_1_33' title='bbox 1189 624 1221 673; x_wconf 84' lang='grc' dir='ltr'><em>ὀ</em></span> <span class='ocrx_word' id='word_1_34' title='bbox 1252 621 1358 688; x_wconf 81' lang='grc' dir='ltr'><strong>τῆς</strong></span> <span class='ocrx_word' id='word_1_35' title='bbox 1383 621 1651 689; x_wconf 66' lang='grc' dir='ltr'><strong>μεγάλης</strong></span> <span class='ocrx_word' id='word_1_36' title='bbox 1674 621 1830 682; x_wconf 82' lang='grc' dir='ltr'><strong>,βου-</strong></span> 
     </span>
    </p>
   </div>
   <div class='ocr_carea' id='block_1_7' title="bbox 255 704 1834 783">
    <p class='ocr_par' dir='ltr' id='par_1_7' title="bbox 255 704 1834 783">
     <span class='ocr_line' id='line_1_7' title="bbox 255 704 1834 783; baseline -0.001 -18"><span class='ocrx_word' id='word_1_37' title='bbox 255 712 375 778; x_wconf 70' lang='grc' dir='ltr'><strong>λῆς</strong></span> <span class='ocrx_word' id='word_1_38' title='bbox 426 714 485 767; x_wconf 83' lang='grc' dir='ltr'><strong>’Δ</strong></span> <span class='ocrx_word' id='word_1_39' title='bbox 498 716 711 783; x_wconf 72' lang='grc' dir='ltr'><strong>γγελος</strong></span> <span class='ocrx_word' id='word_1_40' title='bbox 733 751 748 773; x_wconf 87' lang='grc'><strong>,</strong></span> <span class='ocrx_word' id='word_1_41' title='bbox 780 704 933 778; x_wconf 82' lang='grc' dir='ltr'>ᾧτινι</span> <span class='ocrx_word' id='word_1_42' title='bbox 969 713 998 766; x_wconf 80' lang='grc' dir='ltr'><strong>ὁ</strong></span> <span class='ocrx_word' id='word_1_43' title='bbox 1032 712 1223 782; x_wconf 72' lang='grc' dir='ltr'><strong>Πατὴρ</strong></span> <span class='ocrx_word' id='word_1_44' title='bbox 1269 712 1570 781; x_wconf 74' lang='grc' dir='ltr'><strong>σύμϐουλος</strong></span> <span class='ocrx_word' id='word_1_45' title='bbox 1594 709 1834 780; x_wconf 83' lang='grc' dir='ltr'><strong>γεγονὼς</strong></span> 
     </span>
    </p>
   </div>
   <div class='ocr_carea' id='block_1_8' title="bbox 254 802 1832 873">
    <p class='ocr_par' dir='ltr' id='par_1_8' title="bbox 254 802 1832 873">
     <span class='ocr_line' id='line_1_8' title="bbox 254 802 1832 873; baseline -0.001 -17"><span class='ocrx_word' id='word_1_46' title='bbox 254 805 488 873; x_wconf 73' lang='grc' dir='ltr'><strong>εἰρήκει·</strong></span> <span class='ocrx_word' id='word_1_47' title='bbox 539 804 891 871; x_wconf 75' lang='grc' dir='ltr'><strong>Ποιήσωμεν</strong></span> <span class='ocrx_word' id='word_1_48' title='bbox 921 802 1238 871; x_wconf 77' lang='grc' dir='ltr'><strong>ἄνθρωπον</strong></span> <span class='ocrx_word' id='word_1_49' title='bbox 1286 805 1417 856; x_wconf 79' lang='grc' dir='ltr'><strong>κατ’</strong></span> <span class='ocrx_word' id='word_1_50' title='bbox 1472 806 1679 857; x_wconf 69' lang='grc' dir='ltr'><strong>εἰκόνα</strong></span> <span class='ocrx_word' id='word_1_51' title='bbox 1733 802 1832 855; x_wconf 74' lang='grc' dir='ltr'><strong>καὶ</strong></span> 
     </span>
    </p>
   </div>
   <div class='ocr_carea' id='block_1_9' title="bbox 256 887 1826 964">
    <p class='ocr_par' dir='ltr' id='par_1_9' title="bbox 256 887 1826 964">
     <span class='ocr_line' id='line_1_9' title="bbox 256 887 1826 964; baseline -0.002 -16"><span class='ocrx_word' id='word_1_52' title='bbox 256 896 542 962; x_wconf 75' lang='grc' dir='ltr'><strong>ὁμοίωσιν</strong></span> <span class='ocrx_word' id='word_1_53' title='bbox 573 894 887 963; x_wconf 70' lang='grc' dir='ltr'><strong>ἡμετέραν.</strong></span> <span class='ocrx_word' id='word_1_54' title='bbox 928 887 1097 956; x_wconf 78' lang='grc' dir='ltr'><strong>Οὗτός</strong></span> <span class='ocrx_word' id='word_1_55' title='bbox 1125 896 1276 947; x_wconf 66' lang='grc' dir='ltr'><strong>ἔστιν</strong></span> <span class='ocrx_word' id='word_1_56' title='bbox 1302 894 1514 962; x_wconf 76' lang='grc' dir='ltr'><strong>καὶτῆς</strong></span> <span class='ocrx_word' id='word_1_57' title='bbox 1560 894 1826 964; x_wconf 79' lang='grc' dir='ltr'><strong>ἀληθινῆς</strong></span> 
     </span>
    </p>
   </div>
   <div class='ocr_carea' id='block_1_10' title="bbox 257 984 1832 1055">
    <p class='ocr_par' dir='ltr' id='par_1_10' title="bbox 257 984 1832 1055">
     <span class='ocr_line' id='line_1_10' title="bbox 257 984 1832 1055; baseline 0 -19"><span class='ocrx_word' id='word_1_58' title='bbox 257 988 402 1053; x_wconf 73' lang='grc' dir='ltr'><strong>ζωῆς</strong></span> <span class='ocrx_word' id='word_1_59' title='bbox 432 987 461 1037; x_wconf 85' lang='grc' dir='ltr'>ὁ</span> <span class='ocrx_word' id='word_1_60' title='bbox 489 986 673 1055; x_wconf 75' lang='grc' dir='ltr'><strong>ἄρτος,</strong></span> <span class='ocrx_word' id='word_1_61' title='bbox 704 986 764 1038; x_wconf 81' lang='grc' dir='ltr'><strong>ὲν</strong></span> <span class='ocrx_word' id='word_1_62' title='bbox 793 986 870 1055; x_wconf 84' lang='grc' dir='ltr'><strong>τῷ</strong></span> <span class='ocrx_word' id='word_1_63' title='bbox 898 986 996 1055; x_wconf 82' lang='grc' dir='ltr'><strong>τῆς</strong></span> <span class='ocrx_word' id='word_1_64' title='bbox 1020 984 1268 1055; x_wconf 80' lang='grc' dir='ltr'><strong>Βηθλεὲμ</strong></span> <span class='ocrx_word' id='word_1_65' title='bbox 1298 985 1521 1054; x_wconf 85' lang='grc' dir='ltr'><strong>ὀνόματι</strong></span> <span class='ocrx_word' id='word_1_66' title='bbox 1551 1002 1832 1055; x_wconf 86' lang='grc' dir='ltr'><strong>προκηρυ-</strong></span> 
     </span>
    </p>
   </div>
   <div class='ocr_carea' id='block_1_11' title="bbox 256 1072 1832 1145">
    <p class='ocr_par' dir='ltr' id='par_1_11' title="bbox 256 1072 1832 1145">
     <span class='ocr_line' id='line_1_11' title="bbox 256 1072 1832 1145; baseline 0.001 -19"><span class='ocrx_word' id='word_1_67' title='bbox 256 1076 424 1145; x_wconf 83' lang='grc' dir='ltr'><strong>χθείς·</strong></span> <span class='ocrx_word' id='word_1_68' title='bbox 455 1076 702 1145; x_wconf 79' lang='grc' dir='ltr'><strong>Βηθλεὲμ</strong></span> <span class='ocrx_word' id='word_1_69' title='bbox 728 1076 837 1144; x_wconf 85' lang='grc' dir='ltr'><strong>γὰρ</strong></span> <span class='ocrx_word' id='word_1_70' title='bbox 867 1074 1227 1144; x_wconf 76' lang='grc' dir='ltr'><strong>ἑρμηνεύεται</strong></span> <span class='ocrx_word' id='word_1_71' title='bbox 1274 1072 1435 1137; x_wconf 73' lang='grc' dir='ltr'><strong>Οἶκος</strong></span> <span class='ocrx_word' id='word_1_72' title='bbox 1463 1074 1650 1143; x_wconf 77' lang='grc' dir='ltr'><strong>ἄρτου·</strong></span> <span class='ocrx_word' id='word_1_73' title='bbox 1701 1078 1730 1128; x_wconf 87' lang='grc' dir='ltr'><strong>ό</strong></span> <span class='ocrx_word' id='word_1_74' title='bbox 1774 1076 1832 1128; x_wconf 75' lang='grc' dir='ltr'><strong>ὲν</strong></span> 
     </span>
    </p>
   </div>
   <div class='ocr_carea' id='block_1_12' title="bbox 255 1164 1832 1236">
    <p class='ocr_par' dir='ltr' id='par_1_12' title="bbox 255 1164 1832 1236">
     <span class='ocr_line' id='line_1_12' title="bbox 255 1164 1832 1236; baseline 0.001 -18"><span class='ocrx_word' id='word_1_75' title='bbox 255 1169 322 1235; x_wconf 75' lang='grc' dir='ltr'><strong>τῇ</strong></span> <span class='ocrx_word' id='word_1_76' title='bbox 356 1168 528 1236; x_wconf 82' lang='grc' dir='ltr'><strong>σκηνῇ</strong></span> <span class='ocrx_word' id='word_1_77' title='bbox 577 1165 672 1217; x_wconf 84' lang='grc' dir='ltr'><strong>τοῦ</strong></span> <span class='ocrx_word' id='word_1_78' title='bbox 722 1164 974 1234; x_wconf 72' lang='grc' dir='ltr'><strong>Ἀϐραὰμ</strong></span> <span class='ocrx_word' id='word_1_79' title='bbox 1013 1164 1320 1235; x_wconf 73' lang='grc' dir='ltr'><strong>ἐγκρυφίας</strong></span> <span class='ocrx_word' id='word_1_80' title='bbox 1368 1164 1618 1235; x_wconf 74' lang='grc' dir='ltr'><strong>πεφθεὶς,</strong></span> <span class='ocrx_word' id='word_1_81' title='bbox 1663 1166 1832 1234; x_wconf 72' lang='grc' dir='ltr'><strong>ἧγουν</strong></span> 
     </span>
    </p>
   </div>
   <div class='ocr_carea' id='block_1_13' title="bbox 256 1254 1832 1329">
    <p class='ocr_par' dir='ltr' id='par_1_13' title="bbox 256 1254 1832 1329">
     <span class='ocr_line' id='line_1_13' title="bbox 256 1254 1832 1329; baseline 0.001 -20"><span class='ocrx_word' id='word_1_82' title='bbox 256 1257 313 1309; x_wconf 68' lang='grc' dir='ltr'><strong>ἑν</strong></span> <span class='ocrx_word' id='word_1_83' title='bbox 346 1257 633 1328; x_wconf 81' lang='grc' dir='ltr'><strong>μυστηρίῳ</strong></span> <span class='ocrx_word' id='word_1_84' title='bbox 669 1255 946 1325; x_wconf 73' lang='grc' dir='ltr'><strong>ζυμωθεὶς</strong></span> <span class='ocrx_word' id='word_1_85' title='bbox 974 1256 1162 1325; x_wconf 83' lang='grc' dir='ltr'><strong>ἀρτος,</strong></span> <span class='ocrx_word' id='word_1_86' title='bbox 1193 1254 1340 1309; x_wconf 79' lang='grc' dir='ltr'><strong>τοῦτ’</strong></span> <span class='ocrx_word' id='word_1_87' title='bbox 1370 1256 1519 1311; x_wconf 71' lang='grc' dir='ltr'><strong>ἔστιν</strong></span> <span class='ocrx_word' id='word_1_88' title='bbox 1560 1260 1593 1329; x_wconf 74' lang='grc' dir='ltr'><strong>ἡ</strong></span> <span class='ocrx_word' id='word_1_89' title='bbox 1639 1274 1832 1329; x_wconf 84' lang='grc' dir='ltr'><strong>γεννη-</strong></span> 
     </span>
    </p>
   </div>
   <div class='ocr_carea' id='block_1_14' title="bbox 254 1346 1829 1419">
    <p class='ocr_par' dir='ltr' id='par_1_14' title="bbox 254 1346 1829 1419">
     <span class='ocr_line' id='line_1_14' title="bbox 254 1346 1829 1419; baseline 0.003 -19"><span class='ocrx_word' id='word_1_90' title='bbox 254 1350 382 1419; x_wconf 64' lang='lat' dir='ltr'><strong>sud)</strong></span> <span class='ocrx_word' id='word_1_91' title='bbox 414 1346 552 1418; x_wconf 79' lang='grc' dir='ltr'><strong>σάρξ</strong></span> <span class='ocrx_word' id='word_1_92' title='bbox 582 1348 676 1403; x_wconf 86' lang='grc' dir='ltr'><strong>τοῦ</strong></span> <span class='ocrx_word' id='word_1_93' title='bbox 722 1348 973 1419; x_wconf 84' lang='grc' dir='ltr'><strong>Σωτῆρος</strong></span> <span class='ocrx_word' id='word_1_94' title='bbox 1013 1348 1080 1401; x_wconf 72' lang='grc' dir='ltr'><strong>ἐκ</strong></span> <span class='ocrx_word' id='word_1_95' title='bbox 1119 1347 1221 1415; x_wconf 81' lang='grc' dir='ltr'><strong>τῆς</strong></span> <span class='ocrx_word' id='word_1_96' title='bbox 1265 1349 1547 1419; x_wconf 69' lang='grc' dir='ltr'><strong>Παρθένου</strong></span> <span class='ocrx_word' id='word_1_97' title='bbox 1579 1351 1672 1404; x_wconf 73' lang='grc' dir='ltr'><strong>καὶ</strong></span> <span class='ocrx_word' id='word_1_98' title='bbox 1698 1350 1829 1405; x_wconf 84' lang='grc' dir='ltr'><strong>Θεο-</strong></span> 
     </span>
    </p>
   </div>
   <div class='ocr_carea' id='block_1_15' title="bbox 254 1440 669 1510">
    <p class='ocr_par' dir='ltr' id='par_1_15' title="bbox 254 1440 669 1510">
     <span class='ocr_line' id='line_1_15' title="bbox 254 1440 669 1510; baseline 0.002 -16"><span class='ocrx_word' id='word_1_99' title='bbox 254 1443 412 1494; x_wconf 77' lang='grc' dir='ltr'><strong>τόκου</strong></span> <span class='ocrx_word' id='word_1_100' title='bbox 432 1440 669 1510; x_wconf 82' lang='grc' dir='ltr'><strong>Μαρίας.</strong></span> 
     </span>
    </p>
   </div>
   <div class='ocr_carea' id='block_1_16' title="bbox 326 1525 1832 1603">
    <p class='ocr_par' dir='ltr' id='par_1_16' title="bbox 326 1525 1832 1603">
     <span class='ocr_line' id='line_1_16' title="bbox 326 1525 1832 1603; baseline 0.006 -22"><span class='ocrx_word' id='word_1_101' title='bbox 326 1532 416 1596; x_wconf 62' lang='grc' dir='ltr'><strong>(τ’.</strong></span> <span class='ocrx_word' id='word_1_102' title='bbox 464 1530 780 1600; x_wconf 77' lang='grc' dir='ltr'><strong>Πρόσφορον</strong></span> <span class='ocrx_word' id='word_1_103' title='bbox 819 1525 914 1583; x_wconf 81' lang='grc' dir='ltr'><strong>οῦν</strong></span> <span class='ocrx_word' id='word_1_104' title='bbox 956 1531 1130 1584; x_wconf 84' lang='grc' dir='ltr'><strong>είπεῖν</strong></span> <span class='ocrx_word' id='word_1_105' title='bbox 1170 1531 1259 1586; x_wconf 89' lang='grc' dir='ltr'><strong>διά</strong></span> <span class='ocrx_word' id='word_1_106' title='bbox 1304 1531 1497 1585; x_wconf 77' lang='grc' dir='ltr'><strong>ταῦτα·</strong></span> <span class='ocrx_word' id='word_1_107' title='bbox 1526 1533 1832 1603; x_wconf 74' lang='grc' dir='ltr'><strong>Εὑλόγησεν</strong></span> 
     </span>
    </p>
   </div>
   <div class='ocr_carea' id='block_1_17' title="bbox 258 1616 1830 1699">
    <p class='ocr_par' dir='ltr' id='par_1_17' title="bbox 258 1616 1830 1699">
     <span class='ocr_line' id='line_1_17' title="bbox 258 1616 1830 1699; baseline 0.004 -24"><span class='ocrx_word' id='word_1_108' title='bbox 258 1622 462 1692; x_wconf 76' lang='grc' dir='ltr'><strong>Κύριος</strong></span> <span class='ocrx_word' id='word_1_109' title='bbox 491 1622 582 1675; x_wconf 76' lang='grc' dir='ltr'><strong>τὸν</strong></span> <span class='ocrx_word' id='word_1_110' title='bbox 611 1616 760 1675; x_wconf 75' lang='grc' dir='ltr'><strong>οἷκον</strong></span> <span class='ocrx_word' id='word_1_111' title='bbox 788 1622 952 1675; x_wconf 82' lang='grc' dir='ltr'><strong>Δαυῖδ</strong></span> <span class='ocrx_word' id='word_1_112' title='bbox 976 1624 1069 1677; x_wconf 92' lang='grc' dir='ltr'><strong>τοῦ</strong></span> <span class='ocrx_word' id='word_1_113' title='bbox 1096 1625 1360 1691; x_wconf 77' lang='grc' dir='ltr'><strong>βασιλέως</strong></span> <span class='ocrx_word' id='word_1_114' title='bbox 1392 1625 1481 1678; x_wconf 81' lang='grc' dir='ltr'><strong>διά</strong></span> <span class='ocrx_word' id='word_1_115' title='bbox 1505 1626 1604 1695; x_wconf 81' lang='grc' dir='ltr'><strong>τὴν</strong></span> <span class='ocrx_word' id='word_1_116' title='bbox 1627 1628 1830 1699; x_wconf 69' lang='grc' dir='ltr'><strong>προέγ-</strong></span> 
     </span>
    </p>
   </div>
   <div class='ocr_carea' id='block_1_18' title="bbox 256 1711 1835 1788">
    <p class='ocr_par' dir='ltr' id='par_1_18' title="bbox 256 1711 1835 1788">
     <span class='ocr_line' id='line_1_18' title="bbox 256 1711 1835 1788; baseline 0.006 -24"><span class='ocrx_word' id='word_1_117' title='bbox 256 1730 409 1781; x_wconf 79' lang='grc' dir='ltr'><strong>γονον</strong></span> <span class='ocrx_word' id='word_1_118' title='bbox 442 1711 608 1767; x_wconf 86' lang='grc' dir='ltr'><strong>αὑτοῦ</strong></span> <span class='ocrx_word' id='word_1_119' title='bbox 653 1714 746 1766; x_wconf 76' lang='grc' dir='ltr'><strong>καὶ</strong></span> <span class='ocrx_word' id='word_1_120' title='bbox 785 1712 1053 1775; x_wconf 77' lang='grc' dir='ltr'><strong>ζωοτόκον</strong></span> <span class='ocrx_word' id='word_1_121' title='bbox 1094 1715 1334 1784; x_wconf 83' lang='grc' dir='ltr'><strong>Μαρίαν.</strong></span> <span class='ocrx_word' id='word_1_122' title='bbox 1386 1716 1695 1788; x_wconf 79' lang='grc' dir='ltr'><strong>Εὑλόγησεν</strong></span> <span class='ocrx_word' id='word_1_123' title='bbox 1742 1719 1835 1773; x_wconf 82' lang='grc' dir='ltr'><strong>τὸν</strong></span> 
     </span>
    </p>
   </div>
   <div class='ocr_carea' id='block_1_19' title="bbox 256 1802 1834 1883">
    <p class='ocr_par' dir='ltr' id='par_1_19' title="bbox 256 1802 1834 1883">
     <span class='ocr_line' id='line_1_19' title="bbox 256 1802 1834 1883; baseline 0.004 -25"><span class='ocrx_word' id='word_1_124' title='bbox 256 1802 405 1858; x_wconf 77' lang='grc' dir='ltr'><strong>οἷκον</strong></span> <span class='ocrx_word' id='word_1_125' title='bbox 466 1806 724 1875; x_wconf 73' lang='grc' dir='ltr'><strong>Ἰωακεὶμ</strong></span> <span class='ocrx_word' id='word_1_126' title='bbox 763 1807 859 1859; x_wconf 79' lang='grc' dir='ltr'><strong>καὶ</strong></span> <span class='ocrx_word' id='word_1_127' title='bbox 920 1809 1122 1875; x_wconf 81' lang='grc' dir='ltr'><strong>Ἀννης</strong></span> <span class='ocrx_word' id='word_1_128' title='bbox 1162 1807 1274 1861; x_wconf 83' lang='grc' dir='ltr'><strong>τῶν</strong></span> <span class='ocrx_word' id='word_1_129' title='bbox 1326 1808 1552 1863; x_wconf 83' lang='grc' dir='ltr'><strong>δικαίων</strong></span> <span class='ocrx_word' id='word_1_130' title='bbox 1592 1812 1683 1865; x_wconf 89' lang='grc' dir='ltr'><strong>διά</strong></span> <span class='ocrx_word' id='word_1_131' title='bbox 1734 1813 1834 1883; x_wconf 79' lang='grc' dir='ltr'><strong>τὴν</strong></span> 
     </span>
    </p>
   </div>
   <div class='ocr_carea' id='block_1_20' title="bbox 255 1883 1907 1971">
    <p class='ocr_par' dir='ltr' id='par_1_20' title="bbox 255 1883 1907 1971">
     <span class='ocr_line' id='line_1_20' title="bbox 255 1883 1907 1971; baseline 0.004 -21"><span class='ocrx_word' id='word_1_132' title='bbox 255 1896 459 1950; x_wconf 84' lang='grc' dir='ltr'><strong>τούτων</strong></span> <span class='ocrx_word' id='word_1_133' title='bbox 506 1896 846 1967; x_wconf 78' lang='grc' dir='ltr'><strong>ὴγιασμένην</strong></span> <span class='ocrx_word' id='word_1_134' title='bbox 881 1896 1181 1968; x_wconf 80' lang='grc' dir='ltr'><strong>θυγατέρα.</strong></span> <span class='ocrx_word' id='word_1_135' title='bbox 1225 1898 1534 1971; x_wconf 83' lang='grc' dir='ltr'><strong>Εὑλόγησεν</strong></span> <span class='ocrx_word' id='word_1_136' title='bbox 1574 1901 1667 1954; x_wconf 76' lang='grc' dir='ltr'><strong>τὸν</strong></span> <span class='ocrx_word' id='word_1_137' title='bbox 1686 1898 1831 1955; x_wconf 82' lang='grc' dir='ltr'><strong>οἷκον</strong></span> <span class='ocrx_word' id='word_1_138' title='bbox 1869 1883 1907 1939; x_wconf 74' lang='grc' dir='ltr'>Β</span> 
     </span>
    </p>
   </div>
   <div class='ocr_carea' id='block_1_21' title="bbox 269 1986 1836 2061">
    <p class='ocr_par' dir='ltr' id='par_1_21' title="bbox 269 1986 1836 2061">
     <span class='ocr_line' id='line_1_21' title="bbox 269 1986 1836 2061; baseline 0.004 -21"><span class='ocrx_word' id='word_1_139' title='bbox 269 1987 467 2058; x_wconf 78' lang='grc' dir='ltr'><strong>Ἰωσὴφ</strong></span> <span class='ocrx_word' id='word_1_140' title='bbox 492 1986 582 2040; x_wconf 81' lang='grc' dir='ltr'><strong>διὰ</strong></span> <span class='ocrx_word' id='word_1_141' title='bbox 602 1988 700 2058; x_wconf 82' lang='grc' dir='ltr'><strong>τὴν</strong></span> <span class='ocrx_word' id='word_1_142' title='bbox 729 1986 1089 2058; x_wconf 80' lang='grc' dir='ltr'><strong>χρηματικῶς</strong></span> <span class='ocrx_word' id='word_1_143' title='bbox 1113 1989 1209 2043; x_wconf 81' lang='grc' dir='ltr'><strong>καὶ</strong></span> <span class='ocrx_word' id='word_1_144' title='bbox 1236 1989 1397 2059; x_wconf 85' lang='grc' dir='ltr'><strong>μόνον</strong></span> <span class='ocrx_word' id='word_1_145' title='bbox 1436 1991 1836 2061; x_wconf 78' lang='grc' dir='ltr'><strong>παραδοθεῖσαν</strong></span> 
     </span>
    </p>
   </div>
   <div class='ocr_carea' id='block_1_22' title="bbox 256 2072 1837 2157">
    <p class='ocr_par' dir='ltr' id='par_1_22' title="bbox 256 2072 1837 2157">
     <span class='ocr_line' id='line_1_22' title="bbox 256 2072 1837 2157; baseline 0.007 -30"><span class='ocrx_word' id='word_1_146' title='bbox 256 2076 496 2147; x_wconf 81' lang='grc' dir='ltr'><strong>νύμφην,</strong></span> <span class='ocrx_word' id='word_1_147' title='bbox 529 2077 627 2147; x_wconf 82' lang='grc' dir='ltr'><strong>τὴν</strong></span> <span class='ocrx_word' id='word_1_148' title='bbox 656 2077 825 2140; x_wconf 78' lang='grc' dir='ltr'><strong>ὅντως</strong></span> <span class='ocrx_word' id='word_1_149' title='bbox 854 2077 1024 2148; x_wconf 83' lang='grc' dir='ltr'><strong>ἀγνὴν</strong></span> <span class='ocrx_word' id='word_1_150' title='bbox 1066 2079 1160 2133; x_wconf 77' lang='grc' dir='ltr'><strong>καὶ</strong></span> <span class='ocrx_word' id='word_1_151' title='bbox 1189 2072 1551 2150; x_wconf 81' lang='grc' dir='ltr'><strong>ἀειπάρθενον</strong></span> <span class='ocrx_word' id='word_1_152' title='bbox 1572 2082 1667 2135; x_wconf 89' lang='grc' dir='ltr'><strong>τοῦ</strong></span> <span class='ocrx_word' id='word_1_153' title='bbox 1701 2085 1837 2157; x_wconf 80' lang='grc' dir='ltr'><strong>Χρι·</strong></span> 
     </span>
    </p>
   </div>
   <div class='ocr_carea' id='block_1_23' title="bbox 260 2169 1337 2242">
    <p class='ocr_par' dir='ltr' id='par_1_23' title="bbox 260 2169 1337 2242">
     <span class='ocr_line' id='line_1_23' title="bbox 260 2169 1337 2242; baseline 0.004 -19"><span class='ocrx_word' id='word_1_154' title='bbox 260 2169 386 2223; x_wconf 86' lang='grc' dir='ltr'><strong>στοῦ</strong></span> <span class='ocrx_word' id='word_1_155' title='bbox 412 2170 645 2240; x_wconf 77' lang='grc' dir='ltr'><strong>Μητέρα</strong></span> <span class='ocrx_word' id='word_1_156' title='bbox 671 2171 766 2223; x_wconf 75' lang='grc' dir='ltr'><strong>καὶ</strong></span> <span class='ocrx_word' id='word_1_157' title='bbox 806 2170 1070 2224; x_wconf 85' lang='grc' dir='ltr'><strong>Θεοτόκον</strong></span> <span class='ocrx_word' id='word_1_158' title='bbox 1093 2173 1337 2242; x_wconf 81' lang='grc' dir='ltr'><strong>Μαρίαν.</strong></span> 
     </span>
    </p>
   </div>
   <div class='ocr_carea' id='block_1_24' title="bbox 327 2261 1836 2339">
    <p class='ocr_par' dir='ltr' id='par_1_24' title="bbox 327 2261 1836 2339">
     <span class='ocr_line' id='line_1_24' title="bbox 327 2261 1836 2339; baseline 0.003 -25"><span class='ocrx_word' id='word_1_159' title='bbox 327 2262 490 2315; x_wconf 86' lang='grc' dir='ltr'><strong>Ὅθεν</strong></span> <span class='ocrx_word' id='word_1_160' title='bbox 512 2261 602 2315; x_wconf 71' lang='grc' dir='ltr'><strong>διὰ</strong></span> <span class='ocrx_word' id='word_1_161' title='bbox 637 2262 810 2316; x_wconf 88' lang='grc' dir='ltr'><strong>ταῦτα</strong></span> <span class='ocrx_word' id='word_1_162' title='bbox 832 2264 1223 2335; x_wconf 77' lang='grc' dir='ltr'><strong>τρισμακάριοι</strong></span> <span class='ocrx_word' id='word_1_163' title='bbox 1256 2266 1355 2338; x_wconf 81' lang='grc' dir='ltr'><strong>τῆς</strong></span> <span class='ocrx_word' id='word_1_164' title='bbox 1402 2267 1747 2339; x_wconf 83' lang='grc' dir='ltr'><strong>Θεομήτορος</strong></span> <span class='ocrx_word' id='word_1_165' title='bbox 1785 2268 1836 2322; x_wconf 83' lang='lat' dir='ltr'><strong>oi.</strong></span> 
     </span>
    </p>
   </div>
   <div class='ocr_carea' id='block_1_25' title="bbox 257 2351 1841 2431">
    <p class='ocr_par' dir='ltr' id='par_1_25' title="bbox 257 2351 1841 2431">
     <span class='ocr_line' id='line_1_25' title="bbox 257 2351 1841 2431; baseline 0.005 -26"><span class='ocrx_word' id='word_1_166' title='bbox 257 2358 457 2420; x_wconf 85' lang='grc' dir='ltr'><strong>γονεῖς,</strong></span> <span class='ocrx_word' id='word_1_167' title='bbox 482 2351 563 2411; x_wconf 75' lang='grc' dir='ltr'><strong>οἷς</strong></span> <span class='ocrx_word' id='word_1_168' title='bbox 589 2356 695 2418; x_wconf 81' lang='grc' dir='ltr'><strong>πᾶς</strong></span> <span class='ocrx_word' id='word_1_169' title='bbox 718 2356 746 2408; x_wconf 87' lang='grc' dir='ltr'>ὁ</span> <span class='ocrx_word' id='word_1_170' title='bbox 774 2357 978 2425; x_wconf 78' lang='grc' dir='ltr'><strong>κόσμος</strong></span> <span class='ocrx_word' id='word_1_171' title='bbox 1005 2360 1291 2426; x_wconf 83' lang='grc' dir='ltr'><strong>χρεωστεῖ·</strong></span> <span class='ocrx_word' id='word_1_172' title='bbox 1330 2360 1378 2411; x_wconf 80' lang='grc' dir='ltr'><strong>οί</strong></span> <span class='ocrx_word' id='word_1_173' title='bbox 1421 2361 1520 2430; x_wconf 71' lang='grc' dir='ltr'><strong>μὲν</strong></span> <span class='ocrx_word' id='word_1_174' title='bbox 1560 2360 1669 2431; x_wconf 81' lang='grc' dir='ltr'><strong>γὰρ</strong></span> <span class='ocrx_word' id='word_1_175' title='bbox 1708 2378 1841 2431; x_wconf 89' lang='grc' dir='ltr'><strong>προ-</strong></span> 
     </span>
    </p>
   </div>
   <div class='ocr_carea' id='block_1_26' title="bbox 258 2446 1840 2522">
    <p class='ocr_par' dir='ltr' id='par_1_26' title="bbox 258 2446 1840 2522">
     <span class='ocr_line' id='line_1_26' title="bbox 258 2446 1840 2522; baseline 0.003 -22"><span class='ocrx_word' id='word_1_176' title='bbox 258 2447 449 2515; x_wconf 74' lang='grc' dir='ltr'><strong>φῆται,</strong></span> <span class='ocrx_word' id='word_1_177' title='bbox 481 2446 550 2500; x_wconf 80' lang='grc' dir='ltr'><strong>δι’</strong></span> <span class='ocrx_word' id='word_1_178' title='bbox 575 2446 755 2500; x_wconf 85' lang='grc' dir='ltr'><strong>αὑτῶν</strong></span> <span class='ocrx_word' id='word_1_179' title='bbox 800 2448 993 2520; x_wconf 83' lang='grc' dir='ltr'><strong>ὅτιπερ</strong></span> <span class='ocrx_word' id='word_1_180' title='bbox 1022 2450 1271 2521; x_wconf 76' lang='grc' dir='ltr'><strong>ἀψευδῶς</strong></span> <span class='ocrx_word' id='word_1_181' title='bbox 1304 2452 1684 2522; x_wconf 68' lang='grc' dir='ltr'><strong>ἀχρημάτισαν</strong></span> <span class='ocrx_word' id='word_1_182' title='bbox 1711 2454 1840 2522; x_wconf 80' lang='grc' dir='ltr'><strong>περὶ</strong></span> 
     </span>
    </p>
   </div>
   <div class='ocr_carea' id='block_1_27' title="bbox 258 2538 1839 2611">
    <p class='ocr_par' dir='ltr' id='par_1_27' title="bbox 258 2538 1839 2611">
     <span class='ocr_line' id='line_1_27' title="bbox 258 2538 1839 2611; baseline 0.006 -22"><span class='ocrx_word' id='word_1_183' title='bbox 258 2538 356 2607; x_wconf 81' lang='grc' dir='ltr'><strong>τῆς</strong></span> <span class='ocrx_word' id='word_1_184' title='bbox 393 2538 860 2608; x_wconf 73' lang='grc' dir='ltr'><strong>ἑνανθρωπήσεως</strong></span> <span class='ocrx_word' id='word_1_185' title='bbox 894 2540 988 2593; x_wconf 89' lang='grc' dir='ltr'><strong>τοῦ</strong></span> <span class='ocrx_word' id='word_1_186' title='bbox 1032 2542 1290 2611; x_wconf 80' lang='grc' dir='ltr'><strong>Χριστοῦ·</strong></span> <span class='ocrx_word' id='word_1_187' title='bbox 1334 2544 1384 2595; x_wconf 81' lang='lat' dir='ltr'><strong>oi</strong></span> <span class='ocrx_word' id='word_1_188' title='bbox 1410 2543 1719 2607; x_wconf 89' lang='grc' dir='ltr'><strong>ἀπόστολοι,</strong></span> <span class='ocrx_word' id='word_1_189' title='bbox 1755 2546 1839 2599; x_wconf 75' lang='grc' dir='ltr'><strong>ὅτι</strong></span> 
     </span>
    </p>
   </div>
   <div class='ocr_carea' id='block_1_28' title="bbox 256 2634 1835 2710">
    <p class='ocr_par' dir='ltr' id='par_1_28' title="bbox 256 2634 1835 2710">
     <span class='ocr_line' id='line_1_28' title="bbox 256 2634 1835 2710; baseline 0.006 -25"><span class='ocrx_word' id='word_1_190' title='bbox 256 2634 345 2686; x_wconf 79' lang='grc' dir='ltr'><strong>διὰ</strong></span> <span class='ocrx_word' id='word_1_191' title='bbox 370 2636 468 2704; x_wconf 76' lang='grc' dir='ltr'><strong>τῆς</strong></span> <span class='ocrx_word' id='word_1_192' title='bbox 489 2634 672 2687; x_wconf 85' lang='grc' dir='ltr'><strong>αὑτῶν</strong></span> <span class='ocrx_word' id='word_1_193' title='bbox 695 2635 967 2706; x_wconf 82' lang='grc' dir='ltr'><strong>θυγατρὸς</strong></span> <span class='ocrx_word' id='word_1_194' title='bbox 994 2636 1103 2689; x_wconf 80' lang='grc' dir='ltr'><strong>υἱοὶ</strong></span> <span class='ocrx_word' id='word_1_195' title='bbox 1145 2636 1323 2705; x_wconf 75' lang='grc' dir='ltr'><strong>φωτὸς</strong></span> <span class='ocrx_word' id='word_1_196' title='bbox 1372 2637 1835 2710; x_wconf 81' lang='grc' dir='ltr'><strong>ἀνεγεννήθησαν·</strong></span> 
     </span>
    </p>
   </div>
   <div class='ocr_carea' id='block_1_29' title="bbox 258 2726 1841 2798">
    <p class='ocr_par' dir='ltr' id='par_1_29' title="bbox 258 2726 1841 2798">
     <span class='ocr_line' id='line_1_29' title="bbox 258 2726 1841 2798; baseline 0.005 -21"><span class='ocrx_word' id='word_1_197' title='bbox 258 2728 307 2777; x_wconf 83' lang='grc' dir='ltr'><strong>οῖ</strong></span> <span class='ocrx_word' id='word_1_198' title='bbox 345 2726 491 2793; x_wconf 63' lang='lat' dir='ltr'><strong>amt</strong></span> <span class='ocrx_word' id='word_1_199' title='bbox 525 2727 823 2797; x_wconf 83' lang='grc' dir='ltr'><strong>μάρτυρες,</strong></span> <span class='ocrx_word' id='word_1_200' title='bbox 857 2728 939 2780; x_wconf 81' lang='grc' dir='ltr'><strong>ὅτι</strong></span> <span class='ocrx_word' id='word_1_201' title='bbox 966 2727 1445 2798; x_wconf 68' lang='grc' dir='ltr'><strong>ιστεφανώθησαν·</strong></span> <span class='ocrx_word' id='word_1_202' title='bbox 1474 2730 1524 2781; x_wconf 89' lang='grc' dir='ltr'><strong>οί</strong></span> <span class='ocrx_word' id='word_1_203' title='bbox 1568 2731 1705 2784; x_wconf 82' lang='grc' dir='ltr'><strong>ὅσιοι</strong></span> <span class='ocrx_word' id='word_1_204' title='bbox 1746 2731 1841 2785; x_wconf 76' lang='grc' dir='ltr'><strong>καὶ</strong></span> 
     </span>
    </p>
   </div>
   <div class='ocr_carea' id='block_1_30' title="bbox 258 2814 1839 2890">
    <p class='ocr_par' dir='ltr' id='par_1_30' title="bbox 258 2814 1839 2890">
     <span class='ocr_line' id='line_1_30' title="bbox 258 2814 1839 2890; baseline 0.006 -25"><span class='ocrx_word' id='word_1_205' title='bbox 258 2814 480 2881; x_wconf 73' lang='grc' dir='ltr'><strong>δίκαιοι,</strong></span> <span class='ocrx_word' id='word_1_206' title='bbox 520 2816 596 2880; x_wconf 85' lang='grc' dir='ltr'><strong>ὡς</strong></span> <span class='ocrx_word' id='word_1_207' title='bbox 630 2816 739 2869; x_wconf 85' lang='grc' dir='ltr'><strong>τῶν</strong></span> <span class='ocrx_word' id='word_1_208' title='bbox 783 2816 1090 2887; x_wconf 82' lang='grc' dir='ltr'><strong>μελλόντων</strong></span> <span class='ocrx_word' id='word_1_209' title='bbox 1133 2816 1356 2885; x_wconf 81' lang='grc' dir='ltr'><strong>ἀγαθῶν</strong></span> <span class='ocrx_word' id='word_1_210' title='bbox 1390 2818 1751 2890; x_wconf 76' lang='grc' dir='ltr'><strong>κληρονόμοι·</strong></span> <span class='ocrx_word' id='word_1_211' title='bbox 1788 2823 1839 2875; x_wconf 84' lang='grc' dir='ltr'><strong>οῖ</strong></span> 
     </span>
    </p>
   </div>
   <div class='ocr_carea' id='block_1_31' title="bbox 258 2906 1840 2979">
    <p class='ocr_par' dir='ltr' id='par_1_31' title="bbox 258 2906 1840 2979">
     <span class='ocr_line' id='line_1_31' title="bbox 258 2906 1840 2979; baseline 0.005 -21"><span class='ocrx_word' id='word_1_212' title='bbox 258 2906 597 2976; x_wconf 79' lang='grc' dir='ltr'><strong>ἁμαρτωλοὶ,</strong></span> <span class='ocrx_word' id='word_1_213' title='bbox 643 2907 719 2972; x_wconf 82' lang='grc' dir='ltr'><strong>ὡς</strong></span> <span class='ocrx_word' id='word_1_214' title='bbox 758 2908 845 2961; x_wconf 79' lang='grc' dir='ltr'><strong>διά</strong></span> <span class='ocrx_word' id='word_1_215' title='bbox 890 2907 1000 2961; x_wconf 84' lang='grc' dir='ltr'><strong>τῶν</strong></span> <span class='ocrx_word' id='word_1_216' title='bbox 1066 2906 1374 2979; x_wconf 79' lang='grc' dir='ltr'><strong>πρεσϐειῶν</strong></span> <span class='ocrx_word' id='word_1_217' title='bbox 1425 2907 1528 2978; x_wconf 79' lang='grc' dir='ltr'><strong>τῆς</strong></span> <span class='ocrx_word' id='word_1_218' title='bbox 1575 2908 1840 2966; x_wconf 83' lang='grc' dir='ltr'><strong>Θεοτόκου</strong></span> 
     </span>
    </p>
   </div>
   <div class='ocr_carea' id='block_1_32' title="bbox 260 2996 589 3066">
    <p class='ocr_par' dir='ltr' id='par_1_32' title="bbox 260 2996 589 3066">
     <span class='ocr_line' id='line_1_32' title="bbox 260 2996 589 3066; baseline 0.018 -21"><span class='ocrx_word' id='word_1_219' title='bbox 260 2996 589 3066; x_wconf 82' lang='grc' dir='ltr'><strong>ὲλεούμενοι.</strong></span> 
     </span>
    </p>
   </div>
   <div class='ocr_carea' id='block_1_33' title="bbox 332 3084 1841 3166">
    <p class='ocr_par' dir='ltr' id='par_1_33' title="bbox 332 3084 1841 3166">
     <span class='ocr_line' id='line_1_33' title="bbox 332 3084 1841 3166; baseline 0.005 -24"><span class='ocrx_word' id='word_1_220' title='bbox 332 3092 405 3143; x_wconf 92' lang='lat' dir='ltr'><strong>Z&#39;.</strong></span> <span class='ocrx_word' id='word_1_221' title='bbox 443 3084 539 3151; x_wconf 77' lang='grc' dir='ltr'><strong>Οἷς</strong></span> <span class='ocrx_word' id='word_1_222' title='bbox 577 3091 673 3145; x_wconf 73' lang='grc' dir='ltr'><strong>καὶ</strong></span> <span class='ocrx_word' id='word_1_223' title='bbox 698 3090 910 3159; x_wconf 85' lang='grc' dir='ltr'><strong>βοῶμεν</strong></span> <span class='ocrx_word' id='word_1_224' title='bbox 934 3090 1291 3162; x_wconf 85' lang='grc' dir='ltr'><strong>εὐχαρίστως·</strong></span> <span class='ocrx_word' id='word_1_225' title='bbox 1325 3095 1525 3166; x_wconf 85' lang='grc' dir='ltr'><strong>Χαῖρε,</strong></span> <span class='ocrx_word' id='word_1_226' title='bbox 1562 3096 1841 3150; x_wconf 80' lang='grc' dir='ltr'><strong>πάνσεπτε</strong></span> 
     </span>
    </p>
   </div>
   <div class='ocr_carea' id='block_1_34' title="bbox 260 3180 1836 3260">
    <p class='ocr_par' dir='ltr' id='par_1_34' title="bbox 260 3180 1836 3260">
     <span class='ocr_line' id='line_1_34' title="bbox 260 3180 1836 3260; baseline 0.007 -29"><span class='ocrx_word' id='word_1_227' title='bbox 260 3180 439 3249; x_wconf 75' lang='grc' dir='ltr'><strong>πάτερ</strong></span> <span class='ocrx_word' id='word_1_228' title='bbox 486 3180 585 3249; x_wconf 83' lang='grc' dir='ltr'><strong>τῆς</strong></span> <span class='ocrx_word' id='word_1_229' title='bbox 633 3181 773 3251; x_wconf 88' lang='grc' dir='ltr'><strong>μετά</strong></span> <span class='ocrx_word' id='word_1_230' title='bbox 828 3181 961 3235; x_wconf 74' lang='grc' dir='ltr'><strong>Θεὸν</strong></span> <span class='ocrx_word' id='word_1_231' title='bbox 1020 3182 1237 3245; x_wconf 75' lang='grc' dir='ltr'><strong>ἐλπίδος</strong></span> <span class='ocrx_word' id='word_1_232' title='bbox 1299 3186 1478 3257; x_wconf 73' lang='grc' dir='ltr'><strong>ἡμῶν,</strong></span> <span class='ocrx_word' id='word_1_233' title='bbox 1559 3188 1836 3260; x_wconf 86' lang='grc' dir='ltr'><strong>Ίωακείμ·</strong></span> 
     </span>
    </p>
   </div>
   <div class='ocr_carea' id='block_1_35' title="bbox 262 3272 1842 3353">
    <p class='ocr_par' dir='ltr' id='par_1_35' title="bbox 262 3272 1842 3353">
     <span class='ocr_line' id='line_1_35' title="bbox 262 3272 1842 3353; baseline 0.009 -32"><span class='ocrx_word' id='word_1_234' title='bbox 262 3272 423 3339; x_wconf 75' lang='grc' dir='ltr'><strong>χάρις</strong></span> <span class='ocrx_word' id='word_1_235' title='bbox 453 3273 519 3340; x_wconf 78' lang='grc' dir='ltr'><strong>τῇ</strong></span> <span class='ocrx_word' id='word_1_236' title='bbox 557 3272 719 3339; x_wconf 81' lang='grc' dir='ltr'><strong>ὀσφύϊ</strong></span> <span class='ocrx_word' id='word_1_237' title='bbox 748 3289 863 3326; x_wconf 93' lang='grc' dir='ltr'><strong>σου.</strong></span> <span class='ocrx_word' id='word_1_238' title='bbox 896 3274 1092 3343; x_wconf 88' lang='grc' dir='ltr'><strong>Χαῖρε,</strong></span> <span class='ocrx_word' id='word_1_239' title='bbox 1123 3276 1361 3347; x_wconf 79' lang='grc' dir='ltr'><strong>πάντιμε</strong></span> <span class='ocrx_word' id='word_1_240' title='bbox 1399 3278 1575 3351; x_wconf 82' lang='grc' dir='ltr'><strong>μῆτερ</strong></span> <span class='ocrx_word' id='word_1_241' title='bbox 1606 3281 1704 3350; x_wconf 85' lang='grc' dir='ltr'><strong>τῆς</strong></span> <span class='ocrx_word' id='word_1_242' title='bbox 1738 3299 1842 3353; x_wconf 81' lang='grc' dir='ltr'><strong>μη-</strong></span> 
     </span>
    </p>
   </div>
   <div class='ocr_carea' id='block_1_36' title="bbox 260 3360 1839 3442">
    <p class='ocr_par' dir='ltr' id='par_1_36' title="bbox 260 3360 1839 3442">
     <span class='ocr_line' id='line_1_36' title="bbox 260 3360 1839 3442; baseline 0.008 -29"><span class='ocrx_word' id='word_1_243' title='bbox 260 3360 389 3430; x_wconf 78' lang='grc' dir='ltr'><strong>τρὸς</strong></span> <span class='ocrx_word' id='word_1_244' title='bbox 424 3362 525 3431; x_wconf 79' lang='grc' dir='ltr'><strong>τῆς</strong></span> <span class='ocrx_word' id='word_1_245' title='bbox 579 3363 724 3432; x_wconf 82' lang='grc' dir='ltr'><strong>ζωῆς</strong></span> <span class='ocrx_word' id='word_1_246' title='bbox 755 3365 935 3433; x_wconf 77' lang='grc' dir='ltr'><strong>ἡμῶν,</strong></span> <span class='ocrx_word' id='word_1_247' title='bbox 993 3367 1182 3420; x_wconf 69' lang='grc' dir='ltr'><strong>ΙἌννα·</strong></span> <span class='ocrx_word' id='word_1_248' title='bbox 1235 3368 1363 3432; x_wconf 83' lang='grc' dir='ltr'><strong>δόξα</strong></span> <span class='ocrx_word' id='word_1_249' title='bbox 1398 3373 1465 3440; x_wconf 81' lang='grc' dir='ltr'><strong>τῇ</strong></span> <span class='ocrx_word' id='word_1_250' title='bbox 1502 3372 1679 3442; x_wconf 70' lang='grc' dir='ltr'><strong>κοιλίᾳ</strong></span> <span class='ocrx_word' id='word_1_251' title='bbox 1721 3390 1839 3426; x_wconf 92' lang='grc' dir='ltr'><strong>σου.</strong></span> 
     </span>
    </p>
   </div>
   <div class='ocr_carea' id='block_1_37' title="bbox 263 3454 1845 3533">
    <p class='ocr_par' dir='ltr' id='par_1_37' title="bbox 263 3454 1845 3533">
     <span class='ocr_line' id='line_1_37' title="bbox 263 3454 1845 3533; baseline 0.009 -29"><span class='ocrx_word' id='word_1_252' title='bbox 263 3454 456 3522; x_wconf 83' lang='grc' dir='ltr'><strong>Χαῖρε,</strong></span> <span class='ocrx_word' id='word_1_253' title='bbox 482 3454 658 3525; x_wconf 84' lang='grc' dir='ltr'><strong>πάτερ</strong></span> <span class='ocrx_word' id='word_1_254' title='bbox 684 3454 1053 3525; x_wconf 84' lang='grc' dir='ltr'><strong>ἀγαθοσπόρε,</strong></span> <span class='ocrx_word' id='word_1_255' title='bbox 1088 3459 1182 3511; x_wconf 74' lang='grc' dir='ltr'><strong>καὶ</strong></span> <span class='ocrx_word' id='word_1_256' title='bbox 1219 3458 1314 3512; x_wconf 89' lang='grc' dir='ltr'><strong>τοῦ</strong></span> <span class='ocrx_word' id='word_1_257' title='bbox 1340 3460 1684 3532; x_wconf 86' lang='grc' dir='ltr'><strong>πολυσπόρου</strong></span> <span class='ocrx_word' id='word_1_258' title='bbox 1722 3482 1845 3533; x_wconf 73' lang='grc' dir='ltr'><strong>γενο</strong></span> 
     </span>
    </p>
   </div>
   <div class='ocr_carea' id='block_1_38' title="bbox 263 3546 1844 3625">
    <p class='ocr_par' dir='ltr' id='par_1_38' title="bbox 263 3546 1844 3625">
     <span class='ocr_line' id='line_1_38' title="bbox 263 3546 1844 3625; baseline 0.008 -29"><span class='ocrx_word' id='word_1_259' title='bbox 263 3546 505 3614; x_wconf 84' lang='grc' dir='ltr'><strong>νήματος</strong></span> <span class='ocrx_word' id='word_1_260' title='bbox 547 3546 779 3615; x_wconf 77' lang='grc' dir='ltr'><strong>γεωργέ.</strong></span> <span class='ocrx_word' id='word_1_261' title='bbox 825 3548 1017 3616; x_wconf 85' lang='grc' dir='ltr'><strong>Χαῖρε,</strong></span> <span class='ocrx_word' id='word_1_262' title='bbox 1063 3549 1237 3619; x_wconf 81' lang='grc' dir='ltr'><strong>μῆτερ</strong></span> <span class='ocrx_word' id='word_1_263' title='bbox 1280 3552 1703 3623; x_wconf 77' lang='grc' dir='ltr'><strong>μεγαλόκαρπε,</strong></span> <span class='ocrx_word' id='word_1_264' title='bbox 1744 3557 1844 3625; x_wconf 82' lang='grc' dir='ltr'><strong>τῆς</strong></span> 
     </span>
    </p>
   </div>
   <div class='ocr_carea' id='block_1_39' title="bbox 265 3636 1844 3719">
    <p class='ocr_par' dir='ltr' id='par_1_39' title="bbox 265 3636 1844 3719">
     <span class='ocr_line' id='line_1_39' title="bbox 265 3636 1844 3719; baseline 0.008 -31"><span class='ocrx_word' id='word_1_265' title='bbox 265 3636 541 3706; x_wconf 77' lang='grc' dir='ltr'><strong>σωτηρίας</strong></span> <span class='ocrx_word' id='word_1_266' title='bbox 590 3638 746 3706; x_wconf 81' lang='grc' dir='ltr'><strong>ἡμῶν</strong></span> <span class='ocrx_word' id='word_1_267' title='bbox 786 3639 933 3707; x_wconf 79' lang='grc' dir='ltr'><strong>ῥίζα.</strong></span> <span class='ocrx_word' id='word_1_268' title='bbox 973 3641 1168 3709; x_wconf 84' lang='grc' dir='ltr'><strong>Χαῖρε,</strong></span> <span class='ocrx_word' id='word_1_269' title='bbox 1219 3642 1418 3713; x_wconf 73' lang='grc' dir='ltr'><strong>πάτερ,</strong></span> <span class='ocrx_word' id='word_1_270' title='bbox 1467 3644 1560 3698; x_wconf 90' lang='grc' dir='ltr'><strong>τοῦ</strong></span> <span class='ocrx_word' id='word_1_271' title='bbox 1609 3647 1844 3719; x_wconf 72' lang='grc' dir='ltr'><strong>εὐφόρου</strong></span> 
     </span>
    </p>
   </div>
   <div class='ocr_carea' id='block_1_40' title="bbox 267 3728 1843 3809">
    <p class='ocr_par' dir='ltr' id='par_1_40' title="bbox 267 3728 1843 3809">
     <span class='ocr_line' id='line_1_40' title="bbox 267 3728 1843 3809; baseline 0.006 -28"><span class='ocrx_word' id='word_1_272' title='bbox 267 3728 497 3799; x_wconf 84' lang='grc' dir='ltr'><strong>βότρυος</strong></span> <span class='ocrx_word' id='word_1_273' title='bbox 521 3728 895 3799; x_wconf 79' lang='grc' dir='ltr'><strong>ἀμπελουργὲ·</strong></span> <span class='ocrx_word' id='word_1_274' title='bbox 922 3733 1097 3800; x_wconf 84' lang='grc' dir='ltr'><strong>χαῖρε,</strong></span> <span class='ocrx_word' id='word_1_275' title='bbox 1129 3733 1324 3803; x_wconf 79' lang='grc' dir='ltr'><strong>μῆτερ,</strong></span> <span class='ocrx_word' id='word_1_276' title='bbox 1356 3735 1456 3805; x_wconf 83' lang='grc' dir='ltr'><strong>τῆς</strong></span> <span class='ocrx_word' id='word_1_277' title='bbox 1485 3736 1700 3809; x_wconf 77' lang='grc' dir='ltr'><strong>ἀγαθῆς</strong></span> <span class='ocrx_word' id='word_1_278' title='bbox 1738 3739 1843 3809; x_wconf 83' lang='grc' dir='ltr'><strong>γῆς</strong></span> 
     </span>
    </p>
   </div>
   <div class='ocr_carea' id='block_1_41' title="bbox 265 3821 1843 3900">
    <p class='ocr_par' dir='ltr' id='par_1_41' title="bbox 265 3821 1843 3900">
     <span class='ocr_line' id='line_1_41' title="bbox 265 3821 1843 3900; baseline 0.006 -25"><span class='ocrx_word' id='word_1_279' title='bbox 265 3821 766 3875; x_wconf 67' lang='grc' dir='ltr'><strong>ἑκατονταπλάσιον</strong></span> <span class='ocrx_word' id='word_1_280' title='bbox 786 3822 1015 3891; x_wconf 72' lang='grc' dir='ltr'><strong>ἄρουρα.</strong></span> <span class='ocrx_word' id='word_1_281' title='bbox 1043 3824 1239 3895; x_wconf 86' lang='grc' dir='ltr'><strong>Χαῖρε,</strong></span> <span class='ocrx_word' id='word_1_282' title='bbox 1259 3825 1459 3896; x_wconf 82' lang='grc' dir='ltr'><strong>πάτερ,</strong></span> <span class='ocrx_word' id='word_1_283' title='bbox 1484 3828 1577 3882; x_wconf 89' lang='grc' dir='ltr'><strong>τοῦ</strong></span> <span class='ocrx_word' id='word_1_284' title='bbox 1596 3830 1843 3900; x_wconf 65' lang='grc' dir='ltr'><strong>ἐμψύχου</strong></span> 
     </span>
    </p>
   </div>
   <div class='ocr_carea' id='block_1_42' title="bbox 264 3912 1845 3989">
    <p class='ocr_par' dir='ltr' id='par_1_42' title="bbox 264 3912 1845 3989">
     <span class='ocr_line' id='line_1_42' title="bbox 264 3912 1845 3989; baseline 0.006 -22"><span class='ocrx_word' id='word_1_285' title='bbox 264 3912 597 3984; x_wconf 78' lang='grc' dir='ltr'><strong>παραδείσου</strong></span> <span class='ocrx_word' id='word_1_286' title='bbox 624 3916 914 3982; x_wconf 78' lang='grc' dir='ltr'><strong>φυτουργέ.</strong></span> <span class='ocrx_word' id='word_1_287' title='bbox 942 3915 1136 3985; x_wconf 90' lang='grc' dir='ltr'><strong>Χαῖρε,</strong></span> <span class='ocrx_word' id='word_1_288' title='bbox 1164 3916 1359 3986; x_wconf 71' lang='grc' dir='ltr'><strong>μῆτερ,</strong></span> <span class='ocrx_word' id='word_1_289' title='bbox 1387 3918 1479 3971; x_wconf 91' lang='grc' dir='ltr'><strong>τοῦ</strong></span> <span class='ocrx_word' id='word_1_290' title='bbox 1509 3921 1845 3989; x_wconf 80' lang='grc' dir='ltr'><strong>ἀνεγκλήτου</strong></span> 
     </span>
    </p>
   </div>
   <div class='ocr_carea' id='block_1_43' title="bbox 264 4007 1846 4084">
    <p class='ocr_par' dir='ltr' id='par_1_43' title="bbox 264 4007 1846 4084">
     <span class='ocr_line' id='line_1_43' title="bbox 264 4007 1846 4084; baseline 0.005 -25"><span class='ocrx_word' id='word_1_291' title='bbox 264 4007 466 4061; x_wconf 80' lang='grc' dir='ltr'><strong>κλάδου</strong></span> <span class='ocrx_word' id='word_1_292' title='bbox 502 4007 742 4078; x_wconf 78' lang='grc' dir='ltr'><strong>δένδρον.</strong></span> <span class='ocrx_word' id='word_1_293' title='bbox 795 4009 990 4078; x_wconf 86' lang='grc' dir='ltr'><strong>Χαῖρε,</strong></span> <span class='ocrx_word' id='word_1_294' title='bbox 1043 4010 1242 4079; x_wconf 75' lang='grc' dir='ltr'><strong>πάτερ,</strong></span> <span class='ocrx_word' id='word_1_295' title='bbox 1287 4011 1381 4065; x_wconf 85' lang='grc' dir='ltr'><strong>τοῦ</strong></span> <span class='ocrx_word' id='word_1_296' title='bbox 1425 4012 1655 4065; x_wconf 80' lang='grc' dir='ltr'><strong>ἀσπίλου</strong></span> <span class='ocrx_word' id='word_1_297' title='bbox 1704 4032 1846 4084; x_wconf 88' lang='grc' dir='ltr'><strong>μαρ-</strong></span> 
     </span>
    </p>
   </div>
   <div class='ocr_carea' id='block_1_44' title="bbox 265 4099 1848 4173">
    <p class='ocr_par' dir='ltr' id='par_1_44' title="bbox 265 4099 1848 4173">
     <span class='ocr_line' id='line_1_44' title="bbox 265 4099 1848 4173; baseline 0.005 -22"><span class='ocrx_word' id='word_1_298' title='bbox 265 4099 494 4169; x_wconf 83' lang='grc' dir='ltr'><strong>γαρίτου</strong></span> <span class='ocrx_word' id='word_1_299' title='bbox 513 4099 710 4168; x_wconf 81' lang='grc' dir='ltr'><strong>κόγχη.</strong></span> <span class='ocrx_word' id='word_1_300' title='bbox 744 4100 942 4168; x_wconf 86' lang='grc' dir='ltr'><strong>Χαῖρε,</strong></span> <span class='ocrx_word' id='word_1_301' title='bbox 989 4099 1186 4169; x_wconf 80' lang='grc' dir='ltr'><strong>μῆτερ,</strong></span> <span class='ocrx_word' id='word_1_302' title='bbox 1210 4100 1317 4161; x_wconf 78' lang='grc' dir='ltr'><strong>,τοῦ</strong></span> <span class='ocrx_word' id='word_1_303' title='bbox 1356 4102 1599 4171; x_wconf 70' lang='grc' dir='ltr'><strong>καθαροῦ</strong></span> <span class='ocrx_word' id='word_1_304' title='bbox 1638 4106 1848 4173; x_wconf 82' lang='grc' dir='ltr'><strong>σμαρά-</strong></span> 
     </span>
    </p>
   </div>
   <div class='ocr_carea' id='block_1_45' title="bbox 264 4188 1845 4265">
    <p class='ocr_par' dir='ltr' id='par_1_45' title="bbox 264 4188 1845 4265">
     <span class='ocr_line' id='line_1_45' title="bbox 264 4188 1845 4265; baseline 0.008 -26"><span class='ocrx_word' id='word_1_305' title='bbox 264 4188 393 4255; x_wconf 85' lang='grc' dir='ltr'><strong>γδου</strong></span> <span class='ocrx_word' id='word_1_306' title='bbox 437 4188 632 4259; x_wconf 80' lang='grc' dir='ltr'><strong>πέτρα.</strong></span> <span class='ocrx_word' id='word_1_307' title='bbox 678 4190 874 4257; x_wconf 85' lang='grc' dir='ltr'><strong>Χαῖρε,</strong></span> <span class='ocrx_word' id='word_1_308' title='bbox 917 4192 1112 4258; x_wconf 78' lang='grc' dir='ltr'><strong>πάτερ,</strong></span> <span class='ocrx_word' id='word_1_309' title='bbox 1162 4194 1263 4260; x_wconf 80' lang='grc' dir='ltr'><strong>τῆς</strong></span> <span class='ocrx_word' id='word_1_310' title='bbox 1301 4189 1612 4261; x_wconf 72' lang='grc' dir='ltr'><strong>ζωρῤύτου</strong></span> <span class='ocrx_word' id='word_1_311' title='bbox 1662 4194 1845 4265; x_wconf 81' lang='grc' dir='ltr'><strong>πηγῆς</strong></span> 
     </span>
    </p>
   </div>
   <div class='ocr_carea' id='block_1_46' title="bbox 267 4280 1775 4357">
    <p class='ocr_par' dir='ltr' id='par_1_46' title="bbox 267 4280 1775 4357">
     <span class='ocr_line' id='line_1_46' title="bbox 267 4280 1775 4357; baseline 0.005 -25"><span class='ocrx_word' id='word_1_312' title='bbox 267 4280 430 4351; x_wconf 76' lang='grc' dir='ltr'><strong>φλέψ.</strong></span> <span class='ocrx_word' id='word_1_313' title='bbox 458 4282 651 4352; x_wconf 90' lang='grc' dir='ltr'><strong>Χαῖρε,</strong></span> <span class='ocrx_word' id='word_1_314' title='bbox 690 4282 889 4352; x_wconf 84' lang='grc' dir='ltr'><strong>μῆτερ,</strong></span> <span class='ocrx_word' id='word_1_315' title='bbox 921 4280 1022 4351; x_wconf 82' lang='grc' dir='ltr'><strong>τῆς</strong></span> <span class='ocrx_word' id='word_1_316' title='bbox 1058 4282 1373 4350; x_wconf 79' lang='grc' dir='ltr'><strong>τεκνογόνου</strong></span> <span class='ocrx_word' id='word_1_317' title='bbox 1405 4284 1564 4356; x_wconf 77' lang='grc' dir='ltr'><strong>δίψης</strong></span> <span class='ocrx_word' id='word_1_318' title='bbox 1596 4285 1775 4357; x_wconf 90' lang='grc' dir='ltr'><strong>ὑδρία.</strong></span> 
     </span>
    </p>
   </div>
   <div class='ocr_carea' id='block_1_47' title="bbox 344 4550 1852 4623">
    <p class='ocr_par' dir='ltr' id='par_1_47' title="bbox 344 4550 1852 4623">
     <span class='ocr_line' id='line_1_47' title="bbox 344 4550 1852 4623; baseline -0.001 -16"><span class='ocrx_word' id='word_1_319' title='bbox 344 4550 653 4623; x_wconf 82' lang='grc' dir='ltr'><strong>Πληροῦται</strong></span> <span class='ocrx_word' id='word_1_320' title='bbox 678 4552 740 4605; x_wconf 82' lang='grc' dir='ltr'><strong>τὸ</strong></span> <span class='ocrx_word' id='word_1_321' title='bbox 754 4552 938 4623; x_wconf 79' lang='grc' dir='ltr'><strong>,στόμα</strong></span> <span class='ocrx_word' id='word_1_322' title='bbox 960 4551 1118 4622; x_wconf 76' lang='grc' dir='ltr'><strong>ἡμῶν</strong></span> <span class='ocrx_word' id='word_1_323' title='bbox 1132 4550 1226 4605; x_wconf 88' lang='grc' dir='ltr'><strong>τοῦ</strong></span> <span class='ocrx_word' id='word_1_324' title='bbox 1249 4551 1488 4622; x_wconf 81' lang='grc' dir='ltr'><strong>ὑμνῆσαι</strong></span> <span class='ocrx_word' id='word_1_325' title='bbox 1507 4553 1607 4623; x_wconf 80' lang='grc' dir='ltr'><strong>τῆς</strong></span> <span class='ocrx_word' id='word_1_326' title='bbox 1626 4552 1852 4621; x_wconf 86' lang='grc' dir='ltr'><strong>ἀγιοσύ-</strong></span> 
     </span>
    </p>
   </div>
   <div class='ocr_carea' id='block_1_48' title="bbox 268 4641 1856 4712">
    <p class='ocr_par' dir='ltr' id='par_1_48' title="bbox 268 4641 1856 4712">
     <span class='ocr_line' id='line_1_48' title="bbox 268 4641 1856 4712; baseline -0.001 -15"><span class='ocrx_word' id='word_1_327' title='bbox 268 4642 542 4712; x_wconf 79' lang='grc' dir='ltr'><strong>νηςὺμῶν</strong></span> <span class='ocrx_word' id='word_1_328' title='bbox 563 4643 631 4696; x_wconf 83' lang='grc' dir='ltr'><strong>τὰ</strong></span> <span class='ocrx_word' id='word_1_329' title='bbox 656 4642 934 4712; x_wconf 64' lang='grc' dir='ltr'><strong>ἐξαίρετα·</strong></span> <span class='ocrx_word' id='word_1_330' title='bbox 956 4641 1189 4694; x_wconf 84' lang='grc' dir='ltr'><strong>ἀλλὀὐκ</strong></span> <span class='ocrx_word' id='word_1_331' title='bbox 1220 4641 1386 4711; x_wconf 68' lang='grc' dir='ltr'><strong>ἐσμὲν</strong></span> <span class='ocrx_word' id='word_1_332' title='bbox 1414 4644 1589 4695; x_wconf 74' lang='grc' dir='ltr'><strong>ἱκανοὶ</strong></span> <span class='ocrx_word' id='word_1_333' title='bbox 1610 4644 1708 4712; x_wconf 84' lang='grc' dir='ltr'><strong>τὴν</strong></span> <span class='ocrx_word' id='word_1_334' title='bbox 1738 4643 1856 4696; x_wconf 84' lang='grc' dir='ltr'><strong>θεό-</strong></span> 
     </span>
    </p>
   </div>
   <div class='ocr_carea' id='block_1_49' title="bbox 271 4732 1853 4803">
    <p class='ocr_par' dir='ltr' id='par_1_49' title="bbox 271 4732 1853 4803">
     <span class='ocr_line' id='line_1_49' title="bbox 271 4732 1853 4803; baseline 0.001 -20"><span class='ocrx_word' id='word_1_335' title='bbox 271 4733 497 4797; x_wconf 77' lang='grc' dir='ltr'><strong>ζευκτον</strong></span> <span class='ocrx_word' id='word_1_336' title='bbox 544 4732 698 4802; x_wconf 85' lang='grc' dir='ltr'><strong>ὑμῶν</strong></span> <span class='ocrx_word' id='word_1_337' title='bbox 738 4732 979 4801; x_wconf 82' lang='grc' dir='ltr'><strong>ὑμνῆσαι</strong></span> <span class='ocrx_word' id='word_1_338' title='bbox 1014 4732 1214 4793; x_wconf 81' lang='grc' dir='ltr'><strong>δυάδα.</strong></span> <span class='ocrx_word' id='word_1_339' title='bbox 1250 4733 1297 4785; x_wconf 88' lang='grc' dir='ltr'><strong>εί</strong></span> <span class='ocrx_word' id='word_1_340' title='bbox 1342 4734 1416 4803; x_wconf 81' lang='grc' dir='ltr'><strong>μή</strong></span> <span class='ocrx_word' id='word_1_341' title='bbox 1463 4750 1526 4799; x_wconf 83' lang='grc' dir='ltr'><strong>γε</strong></span> <span class='ocrx_word' id='word_1_342' title='bbox 1571 4733 1712 4786; x_wconf 83' lang='grc' dir='ltr'><strong>κατά</strong></span> <span class='ocrx_word' id='word_1_343' title='bbox 1755 4733 1853 4802; x_wconf 79' lang='grc' dir='ltr'><strong>τὴν</strong></span> 
     </span>
    </p>
   </div>
   <div class='ocr_carea' id='block_1_50' title="bbox 273 4822 1844 4896">
    <p class='ocr_par' dir='ltr' id='par_1_50' title="bbox 273 4822 1844 4896">
     <span class='ocr_line' id='line_1_50' title="bbox 273 4822 1844 4896; baseline 0.003 -22"><span class='ocrx_word' id='word_1_344' title='bbox 273 4827 458 4893; x_wconf 77' lang='grc' dir='ltr'><strong>φωνὴν</strong></span> <span class='ocrx_word' id='word_1_345' title='bbox 493 4822 588 4875; x_wconf 88' lang='grc' dir='ltr'><strong>τοῦ</strong></span> <span class='ocrx_word' id='word_1_346' title='bbox 626 4823 851 4892; x_wconf 74' lang='grc' dir='ltr'><strong>ἐγγόνου</strong></span> <span class='ocrx_word' id='word_1_347' title='bbox 882 4823 1037 4892; x_wconf 83' lang='grc' dir='ltr'><strong>ὑμῶν</strong></span> <span class='ocrx_word' id='word_1_348' title='bbox 1073 4824 1211 4877; x_wconf 79' lang='grc' dir='ltr'><strong>κατά</strong></span> <span class='ocrx_word' id='word_1_349' title='bbox 1256 4826 1433 4895; x_wconf 80' lang='grc' dir='ltr'><strong>σάρκα</strong></span> <span class='ocrx_word' id='word_1_350' title='bbox 1472 4824 1709 4895; x_wconf 81' lang='grc' dir='ltr'><strong>Χριστοῦ</strong></span> <span class='ocrx_word' id='word_1_351' title='bbox 1739 4844 1844 4896; x_wconf 87' lang='grc' dir='ltr'><strong>μα-</strong></span> 
     </span>
    </p>
   </div>
   <div class='ocr_carea' id='block_1_51' title="bbox 274 4914 1849 4987">
    <p class='ocr_par' dir='ltr' id='par_1_51' title="bbox 274 4914 1849 4987">
     <span class='ocr_line' id='line_1_51' title="bbox 274 4914 1849 4987; baseline 0.006 -21"><span class='ocrx_word' id='word_1_352' title='bbox 274 4914 501 4987; x_wconf 67' lang='grc' dir='ltr'><strong>καρίσαι</strong></span> <span class='ocrx_word' id='word_1_353' title='bbox 534 4915 659 4980; x_wconf 80' lang='grc' dir='ltr'><strong>τοὺς</strong></span> <span class='ocrx_word' id='word_1_354' title='bbox 696 4915 1064 4986; x_wconf 79' lang='grc' dir='ltr'><strong>ἀμφοτέρους,</strong></span> <span class='ocrx_word' id='word_1_355' title='bbox 1096 4918 1190 4969; x_wconf 69' lang='grc' dir='ltr'><strong>καὶ</strong></span> <span class='ocrx_word' id='word_1_356' title='bbox 1225 4919 1401 4970; x_wconf 72' lang='grc' dir='ltr'><strong>εἰπεῖν</strong></span> <span class='ocrx_word' id='word_1_357' title='bbox 1426 4933 1439 4948; x_wconf 87' lang='grc'><strong>·</strong></span> <span class='ocrx_word' id='word_1_358' title='bbox 1473 4917 1715 4986; x_wconf 70' lang='grc' dir='ltr'><strong>Χαίρετε</strong></span> <span class='ocrx_word' id='word_1_359' title='bbox 1748 4919 1849 4975; x_wconf 82' lang='grc' dir='ltr'><strong>καῖ</strong></span> 
     </span>
    </p>
   </div>
   <div class='ocr_carea' id='block_1_52' title="bbox 377 5073 1466 5144">
    <p class='ocr_par' dir='ltr' id='par_1_52' title="bbox 377 5073 1466 5144">
     <span class='ocr_line' id='line_1_52' title="bbox 377 5073 1466 5144; baseline -0.001 -12"><span class='ocrx_word' id='word_1_360' title='bbox 377 5075 397 5106; x_wconf 88' lang='grc'><strong><em>³</em></strong></span> <span class='ocrx_word' id='word_1_361' title='bbox 432 5078 534 5132; x_wconf 80' lang='lat' dir='ltr'><strong>lsa.</strong></span> <span class='ocrx_word' id='word_1_362' title='bbox 569 5076 682 5144; x_wconf 86' lang='lat' dir='ltr'><strong>Ix,6</strong></span> <span class='ocrx_word' id='word_1_363' title='bbox 714 5090 827 5133; x_wconf 89' lang='lat' dir='ltr'><strong>sec.</strong></span> <span class='ocrx_word' id='word_1_364' title='bbox 861 5073 1024 5131; x_wconf 74' lang='lat' dir='ltr'><strong>LXX.</strong></span> <span class='ocrx_word' id='word_1_365' title='bbox 1090 5078 1111 5108; x_wconf 70' lang='grc'><strong><em>⁵</em></strong></span> <span class='ocrx_word' id='word_1_366' title='bbox 1140 5075 1278 5134; x_wconf 86' lang='lat' dir='ltr'><strong>Gen.</strong></span> <span class='ocrx_word' id='word_1_367' title='bbox 1314 5093 1351 5143; x_wconf 89' lang='grc' dir='ltr'><strong>ι,</strong></span> <span class='ocrx_word' id='word_1_368' title='bbox 1385 5076 1466 5131; x_wconf 85' lang='lat' dir='ltr'><strong>I6.</strong></span> 
     </span>
    </p>
   </div>
   <div class='ocr_carea' id='block_1_53' title="bbox 350 5236 1852 5347">
    <p class='ocr_par' dir='ltr' id='par_1_53' title="bbox 350 5236 1852 5347">
     <span class='ocr_line' id='line_1_53' title="bbox 350 5236 1852 5347; baseline -0.001 -55"><span class='ocrx_word' id='word_1_369' title='bbox 350 5238 749 5347; x_wconf 47' lang='grc' dir='ltr'><strong>ςὲλὶίξιιιρξσιιιε</strong></span> <span class='ocrx_word' id='word_1_370' title='bbox 776 5236 1020 5307; x_wconf 86' lang='lat' dir='ltr'><strong>apertius</strong></span> <span class='ocrx_word' id='word_1_371' title='bbox 1048 5236 1395 5292; x_wconf 88' lang='lat' dir='ltr'><strong>immaculata</strong></span> <span class='ocrx_word' id='word_1_372' title='bbox 1430 5236 1671 5309; x_wconf 78' lang='lat' dir='ltr'><strong>Virginis</strong></span> <span class='ocrx_word' id='word_1_373' title='bbox 1698 5237 1852 5306; x_wconf 80' lang='lat' dir='ltr'><strong>origo</strong></span> 
     </span>
    </p>
   </div>
   <div class='ocr_carea' id='block_1_54' title="bbox 278 5309 607 5367">
    <p class='ocr_par' dir='ltr' id='par_1_54' title="bbox 278 5309 607 5367">
     <span class='ocr_line' id='line_1_54' title="bbox 278 5309 607 5367; baseline -0.018 0"><span class='ocrx_word' id='word_1_374' title='bbox 278 5309 607 5367; x_wconf 63' lang='lat' dir='ltr'><strong>signiﬁcari?</strong></span> 
     </span>
    </p>
   </div>
   <div class='ocr_carea' id='block_1_55' title="bbox 332 5330 1852 5449">
    <p class='ocr_par' dir='ltr' id='par_1_55' title="bbox 332 5330 1852 5449">
     <span class='ocr_line' id='line_1_55' title="bbox 332 5330 1852 5449; baseline -0.001 -16"><span class='ocrx_word' id='word_1_375' title='bbox 332 5330 816 5449; x_wconf 40' lang='lat' dir='ltr'><strong>g(Eijugiae&#39;i:iiaquam</strong></span> <span class='ocrx_word' id='word_1_376' title='bbox 840 5376 1515 5449; x_wconf 80' lang='lat' dir='ltr'><strong>estobscurum.hocloco</strong></span> <span class='ocrx_word' id='word_1_377' title='bbox 1538 5376 1703 5430; x_wconf 81' lang='grc' dir='ltr'><strong>δυάδα</strong></span> <span class='ocrx_word' id='word_1_378' title='bbox 1727 5376 1852 5446; x_wconf 90' lang='lat' dir='ltr'><strong>poni</strong></span> 
     </span>
    </p>
   </div>
   <div class='ocr_carea' id='block_1_56' title="bbox 279 5447 1850 5521">
    <p class='ocr_par' dir='ltr' id='par_1_56' title="bbox 279 5447 1850 5521">
     <span class='ocr_line' id='line_1_56' title="bbox 279 5447 1850 5521; baseline -0.002 -18"><span class='ocrx_word' id='word_1_379' title='bbox 279 5447 380 5521; x_wconf 90' lang='lat' dir='ltr'><strong>pro</strong></span> <span class='ocrx_word' id='word_1_380' title='bbox 415 5447 774 5521; x_wconf 57' lang='lat' dir='ltr'><strong>duaepbg._ac</strong></span> <span class='ocrx_word' id='word_1_381' title='bbox 807 5447 1115 5516; x_wconf 83' lang='lat' dir='ltr'><strong>signiﬁcare</strong></span> <span class='ocrx_word' id='word_1_382' title='bbox 1160 5448 1499 5521; x_wconf 73' lang='lat' dir='ltr'><strong>conjugalem</strong></span> <span class='ocrx_word' id='word_1_383' title='bbox 1551 5458 1752 5511; x_wconf 89' lang='lat' dir='ltr'><strong>actum,</strong></span> <span class='ocrx_word' id='word_1_384' title='bbox 1786 5462 1850 5521; x_wconf 78' lang='lat' dir='ltr'><strong>ex</strong></span> 
     </span>
    </p>
   </div>
   <div class='ocr_carea' id='block_1_57' title="bbox 278 5516 1851 5588">
    <p class='ocr_par' dir='ltr' id='par_1_57' title="bbox 278 5516 1851 5588">
     <span class='ocr_line' id='line_1_57' title="bbox 278 5516 1851 5588; baseline -0.002 -14"><span class='ocrx_word' id='word_1_385' title='bbox 278 5516 392 5588; x_wconf 72' lang='lat' dir='ltr'><strong>quo</strong></span> <span class='ocrx_word' id='word_1_386' title='bbox 431 5516 585 5573; x_wconf 84' lang='lat' dir='ltr'><strong>beata</strong></span> <span class='ocrx_word' id='word_1_387' title='bbox 634 5516 798 5586; x_wconf 79' lang='lat' dir='ltr'><strong>Virgo</strong></span> <span class='ocrx_word' id='word_1_388' title='bbox 853 5516 1659 5588; x_wconf 12' lang='lat' dir='ltr'><strong>conceptaiest.&#39;Pra-terquam</strong></span> <span class='ocrx_word' id='word_1_389' title='bbox 1708 5518 1851 5585; x_wconf 88' lang='lat' dir='ltr'><strong>quod</strong></span> 
     </span>
    </p>
   </div>
   <div class='ocr_carea' id='block_1_58' title="bbox 277 5587 1853 5653">
    <p class='ocr_par' dir='ltr' id='par_1_58' title="bbox 277 5587 1853 5653">
     <span class='ocr_line' id='line_1_58' title="bbox 277 5587 1853 5653; baseline -0.001 -10"><span class='ocrx_word' id='word_1_390' title='bbox 277 5587 424 5644; x_wconf 80' lang='lat' dir='ltr'><strong>enim</strong></span> <span class='ocrx_word' id='word_1_391' title='bbox 475 5590 656 5642; x_wconf 87' lang='lat' dir='ltr'><strong>nullus</strong></span> <span class='ocrx_word' id='word_1_392' title='bbox 709 5588 847 5641; x_wconf 84' lang='lat' dir='ltr'><strong>alius</strong></span> <span class='ocrx_word' id='word_1_393' title='bbox 884 5587 1179 5653; x_wconf 81' lang='lat' dir='ltr'><strong>probabilis</strong></span> <span class='ocrx_word' id='word_1_394' title='bbox 1230 5603 1423 5642; x_wconf 83' lang='lat' dir='ltr'><strong>sensus</strong></span> <span class='ocrx_word' id='word_1_395' title='bbox 1480 5588 1532 5640; x_wconf 90' lang='lat' dir='ltr'><strong>in</strong></span> <span class='ocrx_word' id='word_1_396' title='bbox 1564 5598 1853 5643; x_wconf 73' lang='lat' dir='ltr'><strong>contextus</strong></span> 
     </span>
    </p>
   </div>
   <div class='ocr_carea' id='block_1_59' title="bbox 281 5657 1851 5727">
    <p class='ocr_par' dir='ltr' id='par_1_59' title="bbox 281 5657 1851 5727">
     <span class='ocr_line' id='line_1_59' title="bbox 281 5657 1851 5727; baseline -0.001 -14"><span class='ocrx_word' id='word_1_397' title='bbox 281 5660 553 5727; x_wconf 71' lang='lat' dir='ltr'><strong>adjunctis</strong></span> <span class='ocrx_word' id='word_1_398' title='bbox 575 5659 835 5720; x_wconf 80' lang='lat' dir='ltr'><strong>occurrit,</strong></span> <span class='ocrx_word' id='word_1_399' title='bbox 863 5658 1104 5725; x_wconf 75' lang='lat' dir='ltr'><strong>ejusdem</strong></span> <span class='ocrx_word' id='word_1_400' title='bbox 1132 5669 1415 5711; x_wconf 79' lang='lat' dir='ltr'><strong>contextus</strong></span> <span class='ocrx_word' id='word_1_401' title='bbox 1443 5657 1581 5711; x_wconf 85' lang='lat' dir='ltr'><strong>ratio</strong></span> <span class='ocrx_word' id='word_1_402' title='bbox 1615 5658 1665 5709; x_wconf 92' lang='lat' dir='ltr'><strong>id</strong></span> <span class='ocrx_word' id='word_1_403' title='bbox 1694 5659 1851 5723; x_wconf 88' lang='lat' dir='ltr'><strong>plane</strong></span> 
     </span>
    </p>
   </div>
   <div class='ocr_carea' id='block_1_60' title="bbox 280 5728 1848 5799">
    <p class='ocr_par' dir='ltr' id='par_1_60' title="bbox 280 5728 1848 5799">
     <span class='ocr_line' id='line_1_60' title="bbox 280 5728 1848 5799; baseline 0 -18"><span class='ocrx_word' id='word_1_404' title='bbox 280 5731 552 5799; x_wconf 74' lang='lat' dir='ltr'><strong>postulat;</strong></span> <span class='ocrx_word' id='word_1_405' title='bbox 582 5728 723 5781; x_wconf 89' lang='lat' dir='ltr'><strong>unde</strong></span> <span class='ocrx_word' id='word_1_406' title='bbox 751 5739 803 5781; x_wconf 89' lang='lat' dir='ltr'><strong>et</strong></span> <span class='ocrx_word' id='word_1_407' title='bbox 836 5728 1180 5799; x_wconf 80' lang='lat' dir='ltr'><strong>concluditur</strong></span> <span class='ocrx_word' id='word_1_408' title='bbox 1212 5729 1318 5781; x_wconf 82' lang='lat' dir='ltr'><strong>illis</strong></span> <span class='ocrx_word' id='word_1_409' title='bbox 1351 5728 1550 5799; x_wconf 73' lang='lat' dir='ltr'><strong>verbis,</strong></span> <span class='ocrx_word' id='word_1_410' title='bbox 1579 5729 1711 5782; x_wconf 82' lang='lat' dir='ltr'><strong>satis</strong></span> <span class='ocrx_word' id='word_1_411' title='bbox 1742 5745 1848 5781; x_wconf 68' lang='lat' dir='ltr'><strong>esse</strong></span> 
     </span>
    </p>
   </div>
   <div class='ocr_carea' id='block_1_61' title="bbox 282 5798 1821 5869">
    <p class='ocr_par' dir='ltr' id='par_1_61' title="bbox 282 5798 1821 5869">
     <span class='ocr_line' id='line_1_61' title="bbox 282 5798 1821 5869; baseline -0.002 -16"><span class='ocrx_word' id='word_1_412' title='bbox 282 5798 354 5853; x_wconf 69' lang='grc' dir='ltr'><strong>ωε</strong></span> <span class='ocrx_word' id='word_1_413' title='bbox 420 5801 652 5866; x_wconf 74' lang='lat' dir='ltr'><strong>ipsorum</strong></span> <span class='ocrx_word' id='word_1_414' title='bbox 704 5799 934 5865; x_wconf 66' lang='lat' dir='ltr'><strong>laudem,</strong></span> <span class='ocrx_word' id='word_1_415' title='bbox 969 5798 1105 5865; x_wconf 84' lang='lat' dir='ltr'><strong>quod</strong></span> <span class='ocrx_word' id='word_1_416' title='bbox 1149 5798 1369 5853; x_wconf 79' lang='lat' dir='ltr'><strong>Matrem</strong></span> <span class='ocrx_word' id='word_1_417' title='bbox 1416 5798 1511 5852; x_wconf 62' lang='lat' dir='ltr'><strong>Dei</strong></span> <span class='ocrx_word' id='word_1_418' title='bbox 1553 5800 1821 5869; x_wconf 71' lang='lat' dir='ltr'><strong>gcnuett&#39;nt</strong></span> 
     </span>
    </p>
   </div>
   <div class='ocr_carea' id='block_1_62' title="bbox 1935 620 3506 697">
    <p class='ocr_par' dir='ltr' id='par_1_62' title="bbox 1935 620 3506 697">
     <span class='ocr_line' id='line_1_62' title="bbox 1935 620 3506 697; baseline 0.006 -24"><span class='ocrx_word' id='word_1_419' title='bbox 1935 620 2051 688; x_wconf 86' lang='lat' dir='ltr'><strong>ipse</strong></span> <span class='ocrx_word' id='word_1_420' title='bbox 2078 628 2159 675; x_wconf 87' lang='lat' dir='ltr'><strong>est</strong></span> <span class='ocrx_word' id='word_1_421' title='bbox 2188 621 2307 673; x_wconf 59' lang='lat' dir='ltr'><strong>lata</strong></span> <span class='ocrx_word' id='word_1_422' title='bbox 2327 621 2552 688; x_wconf 68' lang='lat' dir='ltr'><strong>justitiae</strong></span> <span class='ocrx_word' id='word_1_423' title='bbox 2575 622 2919 676; x_wconf 87' lang='lat' dir='ltr'><strong>annuntiatio</strong></span> <span class='ocrx_word' id='word_1_424' title='bbox 2945 641 2959 687; x_wconf 89' lang='lat'><strong>;</strong></span> <span class='ocrx_word' id='word_1_425' title='bbox 2989 623 3105 693; x_wconf 90' lang='lat' dir='ltr'><strong>ipse</strong></span> <span class='ocrx_word' id='word_1_426' title='bbox 3136 640 3232 694; x_wconf 90' lang='lat' dir='ltr'><strong>per</strong></span> <span class='ocrx_word' id='word_1_427' title='bbox 3256 631 3506 697; x_wconf 85' lang='lat' dir='ltr'><strong>angelum</strong></span> 
     </span>
    </p>
   </div>
   <div class='ocr_carea' id='block_1_63' title="bbox 1934 712 3508 789">
    <p class='ocr_par' dir='ltr' id='par_1_63' title="bbox 1934 712 3508 789">
     <span class='ocr_line' id='line_1_63' title="bbox 1934 712 3508 789; baseline 0.006 -24"><span class='ocrx_word' id='word_1_428' title='bbox 1934 712 2297 783; x_wconf 74' lang='lat' dir='ltr'><strong>promulgatio</strong></span> <span class='ocrx_word' id='word_1_429' title='bbox 2326 719 2411 765; x_wconf 91' lang='lat' dir='ltr'><strong>est</strong></span> <span class='ocrx_word' id='word_1_430' title='bbox 2462 713 2595 782; x_wconf 81' lang='lat' dir='ltr'><strong>legis</strong></span> <span class='ocrx_word' id='word_1_431' title='bbox 2626 712 2721 767; x_wconf 90' lang='lat' dir='ltr'><strong>Dei</strong></span> <span class='ocrx_word' id='word_1_432' title='bbox 2753 729 2818 768; x_wconf 84' lang='lat' dir='ltr'><strong>ac</strong></span> <span class='ocrx_word' id='word_1_433' title='bbox 2864 712 3077 780; x_wconf 84' lang='lat' dir='ltr'><strong>Patris;</strong></span> <span class='ocrx_word' id='word_1_434' title='bbox 3118 715 3233 784; x_wconf 88' lang='lat' dir='ltr'><strong>ipse</strong></span> <span class='ocrx_word' id='word_1_435' title='bbox 3280 720 3508 789; x_wconf 77' lang='lat' dir='ltr'><strong>Angelus</strong></span> 
     </span>
    </p>
   </div>
   <div class='ocr_carea' id='block_1_64' title="bbox 1932 803 3509 875">
    <p class='ocr_par' dir='ltr' id='par_1_64' title="bbox 1932 803 3509 875">
     <span class='ocr_line' id='line_1_64' title="bbox 1932 803 3509 875; baseline 0.004 -17"><span class='ocrx_word' id='word_1_436' title='bbox 1932 813 2018 858; x_wconf 89' lang='lat' dir='ltr'><strong>est</strong></span> <span class='ocrx_word' id='word_1_437' title='bbox 2041 804 2218 873; x_wconf 81' lang='lat' dir='ltr'><strong>magni</strong></span> <span class='ocrx_word' id='word_1_438' title='bbox 2240 803 2506 867; x_wconf 72' lang='lat' dir='ltr'><strong>consilii’,</strong></span> <span class='ocrx_word' id='word_1_439' title='bbox 2533 807 2618 859; x_wconf 91' lang='lat' dir='ltr'><strong>cui</strong></span> <span class='ocrx_word' id='word_1_440' title='bbox 2645 804 2805 860; x_wconf 86' lang='lat' dir='ltr'><strong>Pater</strong></span> <span class='ocrx_word' id='word_1_441' title='bbox 2833 807 3179 862; x_wconf 91' lang='lat' dir='ltr'><strong>consiliarius</strong></span> <span class='ocrx_word' id='word_1_442' title='bbox 3210 813 3509 875; x_wconf 85' lang='lat' dir='ltr'><strong>exsisteus,</strong></span> 
     </span>
    </p>
   </div>
   <div class='ocr_carea' id='block_1_65' title="bbox 1930 895 3512 970">
    <p class='ocr_par' dir='ltr' id='par_1_65' title="bbox 1930 895 3512 970">
     <span class='ocr_line' id='line_1_65' title="bbox 1930 895 3512 970; baseline 0.003 -20"><span class='ocrx_word' id='word_1_443' title='bbox 1930 896 2106 951; x_wconf 80' lang='lat' dir='ltr'><strong>dixit:</strong></span> <span class='ocrx_word' id='word_1_444' title='bbox 2145 895 2432 950; x_wconf 74' lang='lat' dir='ltr'><strong>Faciamus</strong></span> <span class='ocrx_word' id='word_1_445' title='bbox 2464 897 2721 951; x_wconf 80' lang='lat' dir='ltr'><strong>hominem</strong></span> <span class='ocrx_word' id='word_1_446' title='bbox 2748 899 2818 953; x_wconf 82' lang='lat' dir='ltr'><strong>ad</strong></span> <span class='ocrx_word' id='word_1_447' title='bbox 2848 899 3131 970; x_wconf 83' lang='lat' dir='ltr'><strong>imaginem</strong></span> <span class='ocrx_word' id='word_1_448' title='bbox 3170 909 3219 953; x_wconf 83' lang='lat' dir='ltr'><strong>et</strong></span> <span class='ocrx_word' id='word_1_449' title='bbox 3258 902 3512 955; x_wconf 84' lang='lat' dir='ltr'><strong>similitu-</strong></span> 
     </span>
    </p>
   </div>
   <div class='ocr_carea' id='block_1_66' title="bbox 1930 987 3513 1063">
    <p class='ocr_par' dir='ltr' id='par_1_66' title="bbox 1930 987 3513 1063">
     <span class='ocr_line' id='line_1_66' title="bbox 1930 987 3513 1063; baseline 0.006 -24"><span class='ocrx_word' id='word_1_450' title='bbox 1930 988 2105 1043; x_wconf 80' lang='lat' dir='ltr'><strong>dinem</strong></span> <span class='ocrx_word' id='word_1_451' title='bbox 2133 987 2437 1041; x_wconf 73' lang='lat' dir='ltr'><strong>nostram&quot;.</strong></span> <span class='ocrx_word' id='word_1_452' title='bbox 2479 987 2580 1041; x_wconf 78' lang='lat' dir='ltr'><strong>llic</strong></span> <span class='ocrx_word' id='word_1_453' title='bbox 2630 998 2714 1043; x_wconf 90' lang='lat' dir='ltr'><strong>est</strong></span> <span class='ocrx_word' id='word_1_454' title='bbox 2758 1000 2811 1044; x_wconf 90' lang='lat' dir='ltr'><strong>et</strong></span> <span class='ocrx_word' id='word_1_455' title='bbox 2844 992 2999 1059; x_wconf 91' lang='lat' dir='ltr'><strong>panis</strong></span> <span class='ocrx_word' id='word_1_456' title='bbox 3048 1007 3192 1047; x_wconf 72' lang='lat' dir='ltr'><strong>vera:</strong></span> <span class='ocrx_word' id='word_1_457' title='bbox 3244 993 3389 1057; x_wconf 61' lang='lat' dir='ltr'><strong>vita,</strong></span> <span class='ocrx_word' id='word_1_458' title='bbox 3416 1009 3513 1063; x_wconf 87' lang='lat' dir='ltr'><strong>per</strong></span> 
     </span>
    </p>
   </div>
   <div class='ocr_carea' id='block_1_67' title="bbox 1933 1078 3513 1150">
    <p class='ocr_par' dir='ltr' id='par_1_67' title="bbox 1933 1078 3513 1150">
     <span class='ocr_line' id='line_1_67' title="bbox 1933 1078 3513 1150; baseline 0.003 -17"><span class='ocrx_word' id='word_1_459' title='bbox 1933 1092 2130 1133; x_wconf 91' lang='lat' dir='ltr'><strong>nomen</strong></span> <span class='ocrx_word' id='word_1_460' title='bbox 2161 1078 2435 1134; x_wconf 80' lang='lat' dir='ltr'><strong>Bethleem</strong></span> <span class='ocrx_word' id='word_1_461' title='bbox 2470 1080 2900 1150; x_wconf 64' lang='lat' dir='ltr'><strong>praenuntiatus;</strong></span> <span class='ocrx_word' id='word_1_462' title='bbox 2937 1098 3060 1137; x_wconf 90' lang='lat' dir='ltr'><strong>nam</strong></span> <span class='ocrx_word' id='word_1_463' title='bbox 3104 1084 3383 1140; x_wconf 82' lang='lat' dir='ltr'><strong>Bethleem</strong></span> <span class='ocrx_word' id='word_1_464' title='bbox 3416 1100 3513 1139; x_wconf 84' lang='lat' dir='ltr'><strong>ex-</strong></span> 
     </span>
    </p>
   </div>
   <div class='ocr_carea' id='block_1_68' title="bbox 1932 1171 3513 1246">
    <p class='ocr_par' dir='ltr' id='par_1_68' title="bbox 1932 1171 3513 1246">
     <span class='ocr_line' id='line_1_68' title="bbox 1932 1171 3513 1246; baseline 0.004 -21"><span class='ocrx_word' id='word_1_465' title='bbox 1932 1171 2166 1241; x_wconf 90' lang='lat' dir='ltr'><strong>plicatur</strong></span> <span class='ocrx_word' id='word_1_466' title='bbox 2206 1172 2413 1227; x_wconf 89' lang='lat' dir='ltr'><strong>Domus</strong></span> <span class='ocrx_word' id='word_1_467' title='bbox 2463 1172 2657 1241; x_wconf 87' lang='lat' dir='ltr'><strong>panis;</strong></span> <span class='ocrx_word' id='word_1_468' title='bbox 2685 1172 3083 1229; x_wconf 90' lang='lat' dir='ltr'><strong>subcinericius</strong></span> <span class='ocrx_word' id='word_1_469' title='bbox 3122 1185 3207 1231; x_wconf 87' lang='lat' dir='ltr'><strong>est</strong></span> <span class='ocrx_word' id='word_1_470' title='bbox 3250 1178 3404 1246; x_wconf 87' lang='lat' dir='ltr'><strong>panis</strong></span> <span class='ocrx_word' id='word_1_471' title='bbox 3458 1177 3513 1232; x_wconf 89' lang='lat' dir='ltr'><strong>in</strong></span> 
     </span>
    </p>
   </div>
   <div class='ocr_carea' id='block_1_69' title="bbox 1935 1262 3514 1342">
    <p class='ocr_par' dir='ltr' id='par_1_69' title="bbox 1935 1262 3514 1342">
     <span class='ocr_line' id='line_1_69' title="bbox 1935 1262 3514 1342; baseline 0.003 -26"><span class='ocrx_word' id='word_1_472' title='bbox 1935 1264 2287 1319; x_wconf 89' lang='lat' dir='ltr'><strong>tabernaculo</strong></span> <span class='ocrx_word' id='word_1_473' title='bbox 2338 1262 2572 1319; x_wconf 62' lang='lat' dir='ltr'><strong>Abrahae</strong></span> <span class='ocrx_word' id='word_1_474' title='bbox 2629 1274 2945 1334; x_wconf 85' lang='lat' dir='ltr'><strong>apparatus,</strong></span> <span class='ocrx_word' id='word_1_475' title='bbox 2996 1266 3100 1322; x_wconf 91' lang='lat' dir='ltr'><strong>hoc</strong></span> <span class='ocrx_word' id='word_1_476' title='bbox 3144 1276 3248 1333; x_wconf 89' lang='lat' dir='ltr'><strong>est,</strong></span> <span class='ocrx_word' id='word_1_477' title='bbox 3296 1268 3350 1323; x_wconf 90' lang='lat' dir='ltr'><strong>in</strong></span> <span class='ocrx_word' id='word_1_478' title='bbox 3398 1285 3514 1342; x_wconf 81' lang='lat' dir='ltr'><strong>my-</strong></span> 
     </span>
    </p>
   </div>
   <div class='ocr_carea' id='block_1_70' title="bbox 1931 1352 3513 1420">
    <p class='ocr_par' dir='ltr' id='par_1_70' title="bbox 1931 1352 3513 1420">
     <span class='ocr_line' id='line_1_70' title="bbox 1931 1352 3513 1420; baseline -0.001 -8"><span class='ocrx_word' id='word_1_479' title='bbox 1931 1358 2101 1412; x_wconf 89' lang='lat' dir='ltr'><strong>sterio</strong></span> <span class='ocrx_word' id='word_1_480' title='bbox 2130 1355 2507 1420; x_wconf 77' lang='lat' dir='ltr'><strong>fermentatus,</strong></span> <span class='ocrx_word' id='word_1_481' title='bbox 2531 1370 2660 1410; x_wconf 91' lang='lat' dir='ltr'><strong>caro</strong></span> <span class='ocrx_word' id='word_1_482' title='bbox 2690 1355 2938 1411; x_wconf 79' lang='lat' dir='ltr'><strong>videlicet</strong></span> <span class='ocrx_word' id='word_1_483' title='bbox 2963 1352 3264 1414; x_wconf 78' lang='lat' dir='ltr'><strong>Salvato&#39;ris</strong></span> <span class='ocrx_word' id='word_1_484' title='bbox 3291 1373 3360 1413; x_wconf 85' lang='lat' dir='ltr'><strong>ex</strong></span> <span class='ocrx_word' id='word_1_485' title='bbox 3391 1358 3513 1412; x_wconf 78' lang='lat' dir='ltr'><strong>Vir-</strong></span> 
     </span>
    </p>
   </div>
   <div class='ocr_carea' id='block_1_71' title="bbox 1934 1446 3013 1521">
    <p class='ocr_par' dir='ltr' id='par_1_71' title="bbox 1934 1446 3013 1521">
     <span class='ocr_line' id='line_1_71' title="bbox 1934 1446 3013 1521; baseline 0 -18"><span class='ocrx_word' id='word_1_486' title='bbox 1934 1450 2059 1521; x_wconf 88' lang='lat' dir='ltr'><strong>gine</strong></span> <span class='ocrx_word' id='word_1_487' title='bbox 2084 1457 2138 1503; x_wconf 91' lang='lat' dir='ltr'><strong>et</strong></span> <span class='ocrx_word' id='word_1_488' title='bbox 2180 1447 2269 1502; x_wconf 88' lang='lat' dir='ltr'><strong>Dei</strong></span> <span class='ocrx_word' id='word_1_489' title='bbox 2307 1446 2476 1505; x_wconf 72' lang='lat' dir='ltr'><strong>Matre</strong></span> <span class='ocrx_word' id='word_1_490' title='bbox 2508 1446 2675 1503; x_wconf 70' lang='lat' dir='ltr'><strong>Maria</strong></span> <span class='ocrx_word' id='word_1_491' title='bbox 2706 1448 3013 1519; x_wconf 86' lang='lat' dir='ltr'><strong>progenita.</strong></span> 
     </span>
    </p>
   </div>
   <div class='ocr_carea' id='block_1_72' title="bbox 2007 1539 3503 1609">
    <p class='ocr_par' dir='ltr' id='par_1_72' title="bbox 2007 1539 3503 1609">
     <span class='ocr_line' id='line_1_72' title="bbox 2007 1539 3503 1609; baseline 0.001 -16"><span class='ocrx_word' id='word_1_492' title='bbox 2007 1540 2093 1594; x_wconf 81' lang='grc' dir='ltr'><strong>νι.</strong></span> <span class='ocrx_word' id='word_1_493' title='bbox 2130 1539 2238 1596; x_wconf 82' lang='lat' dir='ltr'><strong>llas</strong></span> <span class='ocrx_word' id='word_1_494' title='bbox 2286 1540 2451 1609; x_wconf 90' lang='lat' dir='ltr'><strong>igitur</strong></span> <span class='ocrx_word' id='word_1_495' title='bbox 2491 1540 2563 1595; x_wconf 89' lang='lat' dir='ltr'><strong>ob</strong></span> <span class='ocrx_word' id='word_1_496' title='bbox 2593 1555 2789 1597; x_wconf 80' lang='lat' dir='ltr'><strong>causas</strong></span> <span class='ocrx_word' id='word_1_497' title='bbox 2822 1550 3253 1597; x_wconf 87' lang='lat' dir='ltr'><strong>consentaneum</strong></span> <span class='ocrx_word' id='word_1_498' title='bbox 3298 1552 3383 1597; x_wconf 88' lang='lat' dir='ltr'><strong>est</strong></span> <span class='ocrx_word' id='word_1_499' title='bbox 3410 1558 3503 1595; x_wconf 84' lang='lat' dir='ltr'><strong>ex-</strong></span> 
     </span>
    </p>
   </div>
   <div class='ocr_carea' id='block_1_73' title="bbox 1935 1630 3505 1699">
    <p class='ocr_par' dir='ltr' id='par_1_73' title="bbox 1935 1630 3505 1699">
     <span class='ocr_line' id='line_1_73' title="bbox 1935 1630 3505 1699; baseline -0.001 -12"><span class='ocrx_word' id='word_1_500' title='bbox 1935 1633 2210 1687; x_wconf 82' lang='lat' dir='ltr'><strong>clamare:</strong></span> <span class='ocrx_word' id='word_1_501' title='bbox 2242 1630 2523 1686; x_wconf 86' lang='lat' dir='ltr'><strong>Bcnedixit</strong></span> <span class='ocrx_word' id='word_1_502' title='bbox 2552 1630 2816 1685; x_wconf 83' lang='lat' dir='ltr'><strong>Dominus</strong></span> <span class='ocrx_word' id='word_1_503' title='bbox 2867 1631 3053 1686; x_wconf 87' lang='lat' dir='ltr'><strong>domui</strong></span> <span class='ocrx_word' id='word_1_504' title='bbox 3088 1630 3308 1686; x_wconf 88' lang='lat' dir='ltr'><strong>Davidis</strong></span> <span class='ocrx_word' id='word_1_505' title='bbox 3360 1632 3505 1699; x_wconf 83' lang='lat' dir='ltr'><strong>regis</strong></span> 
     </span>
    </p>
   </div>
   <div class='ocr_carea' id='block_1_74' title="bbox 1936 1720 3509 1794">
    <p class='ocr_par' dir='ltr' id='par_1_74' title="bbox 1936 1720 3509 1794">
     <span class='ocr_line' id='line_1_74' title="bbox 1936 1720 3509 1794; baseline -0.001 -16"><span class='ocrx_word' id='word_1_506' title='bbox 1936 1733 2157 1794; x_wconf 89' lang='lat' dir='ltr'><strong>propter</strong></span> <span class='ocrx_word' id='word_1_507' title='bbox 2214 1720 2439 1776; x_wconf 76' lang='lat' dir='ltr'><strong>Mariam</strong></span> <span class='ocrx_word' id='word_1_508' title='bbox 2494 1721 2736 1792; x_wconf 86' lang='lat' dir='ltr'><strong>ejusdem</strong></span> <span class='ocrx_word' id='word_1_509' title='bbox 2786 1732 3128 1791; x_wconf 89' lang='lat' dir='ltr'><strong>proneptem,</strong></span> <span class='ocrx_word' id='word_1_510' title='bbox 3159 1738 3223 1777; x_wconf 90' lang='lat' dir='ltr'><strong>ac</strong></span> <span class='ocrx_word' id='word_1_511' title='bbox 3279 1732 3509 1777; x_wconf 86' lang='lat' dir='ltr'><strong>matrem</strong></span> 
     </span>
    </p>
   </div>
   <div class='ocr_carea' id='block_1_75' title="bbox 1938 1811 3518 1882">
    <p class='ocr_par' dir='ltr' id='par_1_75' title="bbox 1938 1811 3518 1882">
     <span class='ocr_line' id='line_1_75' title="bbox 1938 1811 3518 1882; baseline 0.001 -15"><span class='ocrx_word' id='word_1_512' title='bbox 1938 1815 2082 1869; x_wconf 63' lang='lat' dir='ltr'><strong>vitae.</strong></span> <span class='ocrx_word' id='word_1_513' title='bbox 2113 1812 2396 1869; x_wconf 88' lang='lat' dir='ltr'><strong>Benedixit</strong></span> <span class='ocrx_word' id='word_1_514' title='bbox 2423 1812 2610 1867; x_wconf 89' lang='lat' dir='ltr'><strong>domui</strong></span> <span class='ocrx_word' id='word_1_515' title='bbox 2651 1812 2927 1882; x_wconf 85' lang='lat' dir='ltr'><strong>justurum</strong></span> <span class='ocrx_word' id='word_1_516' title='bbox 2957 1811 3226 1867; x_wconf 80' lang='lat' dir='ltr'><strong>Joachimi</strong></span> <span class='ocrx_word' id='word_1_517' title='bbox 3263 1821 3318 1868; x_wconf 91' lang='lat' dir='ltr'><strong>et</strong></span> <span class='ocrx_word' id='word_1_518' title='bbox 3347 1813 3518 1869; x_wconf 63' lang='lat' dir='ltr'><strong>Anna</strong></span> 
     </span>
    </p>
   </div>
   <div class='ocr_carea' id='block_1_76' title="bbox 1940 1894 3516 1975">
    <p class='ocr_par' dir='ltr' id='par_1_76' title="bbox 1940 1894 3516 1975">
     <span class='ocr_line' id='line_1_76' title="bbox 1940 1894 3516 1975; baseline -0.002 -17"><span class='ocrx_word' id='word_1_519' title='bbox 1940 1912 2161 1975; x_wconf 86' lang='lat' dir='ltr'><strong>propter</strong></span> <span class='ocrx_word' id='word_1_520' title='bbox 2185 1901 2578 1957; x_wconf 82' lang='lat' dir='ltr'><strong>sanetilicatam</strong></span> <span class='ocrx_word' id='word_1_521' title='bbox 2598 1917 2789 1956; x_wconf 91' lang='lat' dir='ltr'><strong>eorum</strong></span> <span class='ocrx_word' id='word_1_522' title='bbox 2814 1902 3001 1956; x_wconf 82' lang='lat' dir='ltr'><strong>tiliam.</strong></span> <span class='ocrx_word' id='word_1_523' title='bbox 3026 1902 3307 1956; x_wconf 89' lang='lat' dir='ltr'><strong>Benedixit</strong></span> <span class='ocrx_word' id='word_1_524' title='bbox 3328 1894 3516 1956; x_wconf 82' lang='lat' dir='ltr'><strong>domui</strong></span> 
     </span>
    </p>
   </div>
   <div class='ocr_carea' id='block_1_77' title="bbox 1938 1993 3519 2065">
    <p class='ocr_par' dir='ltr' id='par_1_77' title="bbox 1938 1993 3519 2065">
     <span class='ocr_line' id='line_1_77' title="bbox 1938 1993 3519 2065; baseline -0.003 -14"><span class='ocrx_word' id='word_1_525' title='bbox 1938 1995 2162 2065; x_wconf 71' lang='lat' dir='ltr'><strong>Iosephi</strong></span> <span class='ocrx_word' id='word_1_526' title='bbox 2202 2002 2426 2065; x_wconf 89' lang='lat' dir='ltr'><strong>propter</strong></span> <span class='ocrx_word' id='word_1_527' title='bbox 2469 1993 2728 2048; x_wconf 89' lang='lat' dir='ltr'><strong>traditam</strong></span> <span class='ocrx_word' id='word_1_528' title='bbox 2761 1995 2814 2047; x_wconf 82' lang='lat' dir='ltr'><strong>in</strong></span> <span class='ocrx_word' id='word_1_529' title='bbox 2841 2001 3162 2063; x_wconf 85' lang='lat' dir='ltr'><strong>potestatem</strong></span> <span class='ocrx_word' id='word_1_530' title='bbox 3195 1993 3363 2057; x_wconf 90' lang='lat' dir='ltr'><strong>illius,</strong></span> <span class='ocrx_word' id='word_1_531' title='bbox 3395 1993 3519 2063; x_wconf 86' lang='lat' dir='ltr'><strong>jure</strong></span> 
     </span>
    </p>
   </div>
   <div class='ocr_carea' id='block_1_78' title="bbox 1930 2074 3520 2156">
    <p class='ocr_par' dir='ltr' id='par_1_78' title="bbox 1930 2074 3520 2156">
     <span class='ocr_line' id='line_1_78' title="bbox 1930 2074 3520 2156; baseline -0.003 -15"><span class='ocrx_word' id='word_1_532' title='bbox 1930 2074 2065 2143; x_wconf 88' lang='lat' dir='ltr'><strong>licet</strong></span> <span class='ocrx_word' id='word_1_533' title='bbox 2117 2082 2405 2141; x_wconf 76' lang='lat' dir='ltr'><strong>dumtaxat</strong></span> <span class='ocrx_word' id='word_1_534' title='bbox 2464 2084 2724 2155; x_wconf 87' lang='lat' dir='ltr'><strong>sponsali,</strong></span> <span class='ocrx_word' id='word_1_535' title='bbox 2759 2085 2917 2156; x_wconf 87' lang='lat' dir='ltr'><strong>plane</strong></span> <span class='ocrx_word' id='word_1_536' title='bbox 2969 2099 3161 2155; x_wconf 86' lang='lat' dir='ltr'><strong>puram</strong></span> <span class='ocrx_word' id='word_1_537' title='bbox 3214 2098 3277 2139; x_wconf 89' lang='lat' dir='ltr'><strong>ac</strong></span> <span class='ocrx_word' id='word_1_538' title='bbox 3306 2098 3520 2152; x_wconf 83' lang='lat' dir='ltr'><strong>semper</strong></span> 
     </span>
    </p>
   </div>
   <div class='ocr_carea' id='block_1_79' title="bbox 1939 2174 3573 2255">
    <p class='ocr_par' dir='ltr' id='par_1_79' title="bbox 1939 2174 3573 2255">
     <span class='ocr_line' id='line_1_79' title="bbox 1939 2174 3573 2255; baseline -0.004 -22"><span class='ocrx_word' id='word_1_539' title='bbox 1939 2180 2204 2249; x_wconf 79' lang='lat' dir='ltr'><strong>virginem</strong></span> <span class='ocrx_word' id='word_1_540' title='bbox 2232 2178 2437 2234; x_wconf 86' lang='lat' dir='ltr'><strong>Christi</strong></span> <span class='ocrx_word' id='word_1_541' title='bbox 2464 2178 2689 2232; x_wconf 76' lang='lat' dir='ltr'><strong>Matrem</strong></span> <span class='ocrx_word' id='word_1_542' title='bbox 2731 2187 2788 2232; x_wconf 92' lang='lat' dir='ltr'><strong>et</strong></span> <span class='ocrx_word' id='word_1_543' title='bbox 2816 2176 3104 2246; x_wconf 88' lang='lat' dir='ltr'><strong>Deiparam</strong></span> <span class='ocrx_word' id='word_1_544' title='bbox 3143 2174 3391 2229; x_wconf 77' lang='lat' dir='ltr'><strong>Mariam.</strong></span> <span class='ocrx_word' id='word_1_545' title='bbox 3568 2250 3573 2255; x_wconf 11' lang='grc' dir='ltr'><strong>ἡ</strong></span> 
     </span>
    </p>
   </div>
   <div class='ocr_carea' id='block_1_80' title="bbox 2011 2268 3523 2343">
    <p class='ocr_par' dir='ltr' id='par_1_80' title="bbox 2011 2268 3523 2343">
     <span class='ocr_line' id='line_1_80' title="bbox 2011 2268 3523 2343; baseline -0.005 -14"><span class='ocrx_word' id='word_1_546' title='bbox 2011 2273 2318 2330; x_wconf 82' lang='lat' dir='ltr'><strong>Beatissimi</strong></span> <span class='ocrx_word' id='word_1_547' title='bbox 2337 2272 2561 2343; x_wconf 89' lang='lat' dir='ltr'><strong>proinde</strong></span> <span class='ocrx_word' id='word_1_548' title='bbox 2584 2272 2686 2327; x_wconf 89' lang='lat' dir='ltr'><strong>bac</strong></span> <span class='ocrx_word' id='word_1_549' title='bbox 2714 2272 2781 2327; x_wconf 88' lang='lat' dir='ltr'><strong>de</strong></span> <span class='ocrx_word' id='word_1_550' title='bbox 2806 2286 2971 2327; x_wconf 89' lang='lat' dir='ltr'><strong>causa</strong></span> <span class='ocrx_word' id='word_1_551' title='bbox 2994 2270 3087 2324; x_wconf 91' lang='lat' dir='ltr'><strong>Dei</strong></span> <span class='ocrx_word' id='word_1_552' title='bbox 3108 2268 3293 2324; x_wconf 77' lang='lat' dir='ltr'><strong>Matris</strong></span> <span class='ocrx_word' id='word_1_553' title='bbox 3320 2284 3523 2339; x_wconf 83' lang='lat' dir='ltr'><strong>paren-</strong></span> 
     </span>
    </p>
   </div>
   <div class='ocr_carea' id='block_1_81' title="bbox 1939 2361 3524 2438">
    <p class='ocr_par' dir='ltr' id='par_1_81' title="bbox 1939 2361 3524 2438">
     <span class='ocr_line' id='line_1_81' title="bbox 1939 2361 3524 2438; baseline -0.006 -15"><span class='ocrx_word' id='word_1_554' title='bbox 1939 2378 2043 2433; x_wconf 90' lang='lat' dir='ltr'><strong>tes,</strong></span> <span class='ocrx_word' id='word_1_555' title='bbox 2072 2366 2271 2438; x_wconf 85' lang='lat' dir='ltr'><strong>quibus</strong></span> <span class='ocrx_word' id='word_1_556' title='bbox 2299 2366 2586 2421; x_wconf 88' lang='lat' dir='ltr'><strong>universus</strong></span> <span class='ocrx_word' id='word_1_557' title='bbox 2609 2380 2667 2420; x_wconf 88' lang='lat' dir='ltr'><strong>se</strong></span> <span class='ocrx_word' id='word_1_558' title='bbox 2693 2364 2933 2419; x_wconf 89' lang='lat' dir='ltr'><strong>mundus</strong></span> <span class='ocrx_word' id='word_1_559' title='bbox 2946 2361 3270 2417; x_wconf 84' lang='lat' dir='ltr'><strong>obstrictum</strong></span> <span class='ocrx_word' id='word_1_560' title='bbox 3307 2361 3524 2430; x_wconf 75' lang='lat' dir='ltr'><strong>proﬁte-</strong></span> 
     </span>
    </p>
   </div>
   <div class='ocr_carea' id='block_1_82' title="bbox 1942 2453 3522 2530">
    <p class='ocr_par' dir='ltr' id='par_1_82' title="bbox 1942 2453 3522 2530">
     <span class='ocr_line' id='line_1_82' title="bbox 1942 2453 3522 2530; baseline -0.007 -13"><span class='ocrx_word' id='word_1_561' title='bbox 1942 2470 2059 2527; x_wconf 90' lang='lat' dir='ltr'><strong>tur;</strong></span> <span class='ocrx_word' id='word_1_562' title='bbox 2075 2472 2127 2514; x_wconf 87' lang='lat' dir='ltr'><strong>et</strong></span> <span class='ocrx_word' id='word_1_563' title='bbox 2146 2459 2424 2530; x_wconf 65' lang='lat' dir='ltr'><strong>prophetae</strong></span> <span class='ocrx_word' id='word_1_564' title='bbox 2450 2457 2670 2527; x_wconf 88' lang='lat' dir='ltr'><strong>quidem</strong></span> <span class='ocrx_word' id='word_1_565' title='bbox 2705 2466 2989 2526; x_wconf 86' lang='lat' dir='ltr'><strong>propterea</strong></span> <span class='ocrx_word' id='word_1_566' title='bbox 3009 2457 3152 2523; x_wconf 84' lang='lat' dir='ltr'><strong>quod</strong></span> <span class='ocrx_word' id='word_1_567' title='bbox 3174 2453 3522 2508; x_wconf 88' lang='lat' dir='ltr'><strong>veracissima</strong></span> 
     </span>
    </p>
   </div>
   <div class='ocr_carea' id='block_1_83' title="bbox 1940 2547 3519 2616">
    <p class='ocr_par' dir='ltr' id='par_1_83' title="bbox 1940 2547 3519 2616">
     <span class='ocr_line' id='line_1_83' title="bbox 1940 2547 3519 2616; baseline -0.006 -7"><span class='ocrx_word' id='word_1_568' title='bbox 1940 2569 2035 2609; x_wconf 89' lang='lat' dir='ltr'><strong>eos</strong></span> <span class='ocrx_word' id='word_1_569' title='bbox 2067 2554 2135 2609; x_wconf 89' lang='lat' dir='ltr'><strong>de</strong></span> <span class='ocrx_word' id='word_1_570' title='bbox 2192 2552 2565 2608; x_wconf 79' lang='lat' dir='ltr'><strong>incarnatione</strong></span> <span class='ocrx_word' id='word_1_571' title='bbox 2618 2550 2823 2605; x_wconf 88' lang='lat' dir='ltr'><strong>Christi</strong></span> <span class='ocrx_word' id='word_1_572' title='bbox 2882 2548 3104 2603; x_wconf 89' lang='lat' dir='ltr'><strong>oracula</strong></span> <span class='ocrx_word' id='word_1_573' title='bbox 3132 2547 3385 2609; x_wconf 84' lang='lat' dir='ltr'><strong>edidisse,</strong></span> <span class='ocrx_word' id='word_1_574' title='bbox 3422 2562 3519 2616; x_wconf 87' lang='lat' dir='ltr'><strong>per</strong></span> 
     </span>
    </p>
   </div>
   <div class='ocr_carea' id='block_1_84' title="bbox 1944 2636 3522 2717">
    <p class='ocr_par' dir='ltr' id='par_1_84' title="bbox 1944 2636 3522 2717">
     <span class='ocr_line' id='line_1_84' title="bbox 1944 2636 3522 2717; baseline -0.009 -15"><span class='ocrx_word' id='word_1_575' title='bbox 1944 2648 2093 2717; x_wconf 87' lang='lat' dir='ltr'><strong>ipsos</strong></span> <span class='ocrx_word' id='word_1_576' title='bbox 2143 2643 2395 2715; x_wconf 89' lang='lat' dir='ltr'><strong>apparuit</strong></span> <span class='ocrx_word' id='word_1_577' title='bbox 2427 2661 2443 2709; x_wconf 87' lang='lat'><strong>;</strong></span> <span class='ocrx_word' id='word_1_578' title='bbox 2473 2641 2729 2711; x_wconf 89' lang='lat' dir='ltr'><strong>apostoli,</strong></span> <span class='ocrx_word' id='word_1_579' title='bbox 2756 2642 2884 2709; x_wconf 89' lang='lat' dir='ltr'><strong>quia</strong></span> <span class='ocrx_word' id='word_1_580' title='bbox 2939 2655 3036 2709; x_wconf 89' lang='lat' dir='ltr'><strong>per</strong></span> <span class='ocrx_word' id='word_1_581' title='bbox 3096 2653 3285 2693; x_wconf 89' lang='lat' dir='ltr'><strong>eorum</strong></span> <span class='ocrx_word' id='word_1_582' title='bbox 3331 2636 3522 2691; x_wconf 84' lang='lat' dir='ltr'><strong>Filiam</strong></span> 
     </span>
    </p>
   </div>
   <div class='ocr_carea' id='block_1_85' title="bbox 1944 2728 3526 2806">
    <p class='ocr_par' dir='ltr' id='par_1_85' title="bbox 1944 2728 3526 2806">
     <span class='ocr_line' id='line_1_85' title="bbox 1944 2728 3526 2806; baseline -0.007 -14"><span class='ocrx_word' id='word_1_583' title='bbox 1944 2754 2081 2792; x_wconf 89' lang='lat' dir='ltr'><strong>nova</strong></span> <span class='ocrx_word' id='word_1_584' title='bbox 2113 2735 2460 2806; x_wconf 83' lang='lat' dir='ltr'><strong>generatione</strong></span> <span class='ocrx_word' id='word_1_585' title='bbox 2494 2732 2625 2787; x_wconf 74' lang='lat' dir='ltr'><strong>facti</strong></span> <span class='ocrx_word' id='word_1_586' title='bbox 2654 2740 2782 2786; x_wconf 89' lang='lat' dir='ltr'><strong>sunt</strong></span> <span class='ocrx_word' id='word_1_587' title='bbox 2814 2732 2909 2786; x_wconf 86' lang='lat' dir='ltr'><strong>lilii</strong></span> <span class='ocrx_word' id='word_1_588' title='bbox 2961 2731 3136 2795; x_wconf 88' lang='lat' dir='ltr'><strong>lucis;</strong></span> <span class='ocrx_word' id='word_1_589' title='bbox 3172 2728 3345 2784; x_wconf 86' lang='lat' dir='ltr'><strong>sancti</strong></span> <span class='ocrx_word' id='word_1_590' title='bbox 3378 2742 3526 2781; x_wconf 81' lang='lat' dir='ltr'><strong>mar-</strong></span> 
     </span>
    </p>
   </div>
   <div class='ocr_carea' id='block_1_86' title="bbox 1950 2822 3525 2900">
    <p class='ocr_par' dir='ltr' id='par_1_86' title="bbox 1950 2822 3525 2900">
     <span class='ocr_line' id='line_1_86' title="bbox 1950 2822 3525 2900; baseline -0.006 -18"><span class='ocrx_word' id='word_1_591' title='bbox 1950 2838 2117 2900; x_wconf 86' lang='lat' dir='ltr'><strong>tyres,</strong></span> <span class='ocrx_word' id='word_1_592' title='bbox 2147 2828 2278 2898; x_wconf 89' lang='lat' dir='ltr'><strong>quia</strong></span> <span class='ocrx_word' id='word_1_593' title='bbox 2324 2826 2571 2881; x_wconf 87' lang='lat' dir='ltr'><strong>coronati</strong></span> <span class='ocrx_word' id='word_1_594' title='bbox 2624 2823 2885 2893; x_wconf 90' lang='lat' dir='ltr'><strong>sunt;pii</strong></span> <span class='ocrx_word' id='word_1_595' title='bbox 2938 2837 3003 2877; x_wconf 89' lang='lat' dir='ltr'><strong>ac</strong></span> <span class='ocrx_word' id='word_1_596' title='bbox 3048 2822 3217 2891; x_wconf 75' lang='lat' dir='ltr'><strong>justi,</strong></span> <span class='ocrx_word' id='word_1_597' title='bbox 3263 2829 3525 2889; x_wconf 87' lang='lat' dir='ltr'><strong>tanquam</strong></span> 
     </span>
    </p>
   </div>
   <div class='ocr_carea' id='block_1_87' title="bbox 1945 2917 3527 2984">
    <p class='ocr_par' dir='ltr' id='par_1_87' title="bbox 1945 2917 3527 2984">
     <span class='ocr_line' id='line_1_87' title="bbox 1945 2917 3527 2984; baseline -0.008 -8"><span class='ocrx_word' id='word_1_598' title='bbox 1945 2921 2250 2976; x_wconf 75' lang='lat' dir='ltr'><strong>futurorum</strong></span> <span class='ocrx_word' id='word_1_599' title='bbox 2312 2918 2556 2974; x_wconf 63' lang='lat' dir='ltr'><strong>haeredes</strong></span> <span class='ocrx_word' id='word_1_600' title='bbox 2586 2917 2898 2981; x_wconf 88' lang='lat' dir='ltr'><strong>bonorum;</strong></span> <span class='ocrx_word' id='word_1_601' title='bbox 2941 2923 3280 2984; x_wconf 85' lang='lat' dir='ltr'><strong>peccatores,</strong></span> <span class='ocrx_word' id='word_1_602' title='bbox 3335 2919 3527 2980; x_wconf 83' lang='lat' dir='ltr'><strong>utpote</strong></span> 
     </span>
    </p>
   </div>
   <div class='ocr_carea' id='block_1_88' title="bbox 1946 3008 3524 3085">
    <p class='ocr_par' dir='ltr' id='par_1_88' title="bbox 1946 3008 3524 3085">
     <span class='ocr_line' id='line_1_88' title="bbox 1946 3008 3524 3085; baseline -0.008 -18"><span class='ocrx_word' id='word_1_603' title='bbox 1946 3029 2044 3085; x_wconf 90' lang='lat' dir='ltr'><strong>per</strong></span> <span class='ocrx_word' id='word_1_604' title='bbox 2094 3014 2337 3082; x_wconf 64' lang='lat' dir='ltr'><strong>Deipara</strong></span> <span class='ocrx_word' id='word_1_605' title='bbox 2382 3025 2572 3082; x_wconf 84' lang='lat' dir='ltr'><strong>preces</strong></span> <span class='ocrx_word' id='word_1_606' title='bbox 2618 3008 3053 3064; x_wconf 86' lang='lat' dir='ltr'><strong>misericordiam</strong></span> <span class='ocrx_word' id='word_1_607' title='bbox 3106 3011 3524 3072; x_wconf 81' lang='lat' dir='ltr'><strong>consequentes.</strong></span> 
     </span>
    </p>
   </div>
   <div class='ocr_carea' id='block_1_89' title="bbox 2019 3091 3531 3166">
    <p class='ocr_par' dir='ltr' id='par_1_89' title="bbox 2019 3091 3531 3166">
     <span class='ocr_line' id='line_1_89' title="bbox 2019 3091 3531 3166; baseline -0.005 -16"><span class='ocrx_word' id='word_1_608' title='bbox 2019 3095 2131 3153; x_wconf 85' lang='lat' dir='ltr'><strong>VII.</strong></span> <span class='ocrx_word' id='word_1_609' title='bbox 2164 3096 2228 3151; x_wconf 85' lang='lat' dir='ltr'><strong>Et</strong></span> <span class='ocrx_word' id='word_1_610' title='bbox 2258 3111 2358 3151; x_wconf 87' lang='lat' dir='ltr'><strong>nos</strong></span> <span class='ocrx_word' id='word_1_611' title='bbox 2392 3097 2577 3164; x_wconf 91' lang='lat' dir='ltr'><strong>itaque</strong></span> <span class='ocrx_word' id='word_1_612' title='bbox 2603 3104 2759 3166; x_wconf 87' lang='lat' dir='ltr'><strong>grato</strong></span> <span class='ocrx_word' id='word_1_613' title='bbox 2800 3096 2986 3148; x_wconf 88' lang='lat' dir='ltr'><strong>animo</strong></span> <span class='ocrx_word' id='word_1_614' title='bbox 3024 3092 3218 3148; x_wconf 86' lang='lat' dir='ltr'><strong>iisdem</strong></span> <span class='ocrx_word' id='word_1_615' title='bbox 3259 3091 3531 3146; x_wconf 84' lang='lat' dir='ltr'><strong>acclame-</strong></span> 
     </span>
    </p>
   </div>
   <div class='ocr_carea' id='block_1_90' title="bbox 1948 3183 3525 3254">
    <p class='ocr_par' dir='ltr' id='par_1_90' title="bbox 1948 3183 3525 3254">
     <span class='ocr_line' id='line_1_90' title="bbox 1948 3183 3525 3254; baseline -0.003 -11"><span class='ocrx_word' id='word_1_616' title='bbox 1948 3205 2109 3245; x_wconf 88' lang='lat' dir='ltr'><strong>mus:</strong></span> <span class='ocrx_word' id='word_1_617' title='bbox 2144 3188 2323 3252; x_wconf 89' lang='lat' dir='ltr'><strong>Salve,</strong></span> <span class='ocrx_word' id='word_1_618' title='bbox 2372 3185 2647 3251; x_wconf 79' lang='lat' dir='ltr'><strong>Joachim,</strong></span> <span class='ocrx_word' id='word_1_619' title='bbox 2701 3184 3091 3254; x_wconf 86' lang='lat' dir='ltr'><strong>augustissime</strong></span> <span class='ocrx_word' id='word_1_620' title='bbox 3145 3183 3295 3237; x_wconf 87' lang='lat' dir='ltr'><strong>illius</strong></span> <span class='ocrx_word' id='word_1_621' title='bbox 3348 3188 3525 3251; x_wconf 86' lang='lat' dir='ltr'><strong>pater.</strong></span> 
     </span>
    </p>
   </div>
   <div class='ocr_carea' id='block_1_91' title="bbox 1945 3271 3531 3351">
    <p class='ocr_par' dir='ltr' id='par_1_91' title="bbox 1945 3271 3531 3351">
     <span class='ocr_line' id='line_1_91' title="bbox 1945 3271 3531 3351; baseline -0.006 -16"><span class='ocrx_word' id='word_1_622' title='bbox 1945 3296 2067 3351; x_wconf 69' lang='lat' dir='ltr'><strong>qua:</strong></span> <span class='ocrx_word' id='word_1_623' title='bbox 2100 3295 2223 3350; x_wconf 87' lang='lat' dir='ltr'><strong>spes</strong></span> <span class='ocrx_word' id='word_1_624' title='bbox 2256 3288 2339 3333; x_wconf 90' lang='lat' dir='ltr'><strong>est</strong></span> <span class='ocrx_word' id='word_1_625' title='bbox 2389 3287 2572 3331; x_wconf 86' lang='lat' dir='ltr'><strong>nostra</strong></span> <span class='ocrx_word' id='word_1_626' title='bbox 2610 3285 2735 3347; x_wconf 91' lang='lat' dir='ltr'><strong>post</strong></span> <span class='ocrx_word' id='word_1_627' title='bbox 2782 3275 2987 3341; x_wconf 87' lang='lat' dir='ltr'><strong>Deum;</strong></span> <span class='ocrx_word' id='word_1_628' title='bbox 3023 3272 3225 3329; x_wconf 88' lang='lat' dir='ltr'><strong>lumbis</strong></span> <span class='ocrx_word' id='word_1_629' title='bbox 3259 3271 3369 3327; x_wconf 90' lang='lat' dir='ltr'><strong>tuis</strong></span> <span class='ocrx_word' id='word_1_630' title='bbox 3415 3271 3531 3325; x_wconf 90' lang='lat' dir='ltr'><strong>sint</strong></span> 
     </span>
    </p>
   </div>
   <div class='ocr_carea' id='block_1_92' title="bbox 1945 3364 3531 3440">
    <p class='ocr_par' dir='ltr' id='par_1_92' title="bbox 1945 3364 3531 3440">
     <span class='ocr_line' id='line_1_92' title="bbox 1945 3364 3531 3440; baseline -0.006 -17"><span class='ocrx_word' id='word_1_631' title='bbox 1945 3370 2151 3440; x_wconf 74' lang='lat' dir='ltr'><strong>gratiae.</strong></span> <span class='ocrx_word' id='word_1_632' title='bbox 2185 3368 2365 3431; x_wconf 87' lang='lat' dir='ltr'><strong>Salve,</strong></span> <span class='ocrx_word' id='word_1_633' title='bbox 2394 3367 2573 3429; x_wconf 78' lang='lat' dir='ltr'><strong>Anna,</strong></span> <span class='ocrx_word' id='word_1_634' title='bbox 2606 3382 2817 3421; x_wconf 90' lang='lat' dir='ltr'><strong>summe</strong></span> <span class='ocrx_word' id='word_1_635' title='bbox 2851 3365 3170 3421; x_wconf 88' lang='lat' dir='ltr'><strong>honoranda</strong></span> <span class='ocrx_word' id='word_1_636' title='bbox 3206 3364 3354 3419; x_wconf 91' lang='lat' dir='ltr'><strong>illius</strong></span> <span class='ocrx_word' id='word_1_637' title='bbox 3410 3379 3531 3416; x_wconf 79' lang='lat' dir='ltr'><strong>ma-</strong></span> 
     </span>
    </p>
   </div>
   <div class='ocr_carea' id='block_1_93' title="bbox 1947 3456 3530 3533">
    <p class='ocr_par' dir='ltr' id='par_1_93' title="bbox 1947 3456 3530 3533">
     <span class='ocr_line' id='line_1_93' title="bbox 1947 3456 3530 3533; baseline -0.006 -16"><span class='ocrx_word' id='word_1_638' title='bbox 1947 3473 2048 3528; x_wconf 89' lang='lat' dir='ltr'><strong>ter,</strong></span> <span class='ocrx_word' id='word_1_639' title='bbox 2071 3479 2193 3533; x_wconf 73' lang='lat' dir='ltr'><strong>quze</strong></span> <span class='ocrx_word' id='word_1_640' title='bbox 2220 3470 2391 3516; x_wconf 91' lang='lat' dir='ltr'><strong>mater</strong></span> <span class='ocrx_word' id='word_1_641' title='bbox 2416 3468 2502 3514; x_wconf 90' lang='lat' dir='ltr'><strong>est</strong></span> <span class='ocrx_word' id='word_1_642' title='bbox 2524 3459 2648 3514; x_wconf 67' lang='lat' dir='ltr'><strong>vitae</strong></span> <span class='ocrx_word' id='word_1_643' title='bbox 2671 3468 2905 3524; x_wconf 73' lang='lat' dir='ltr'><strong>nostrae;</strong></span> <span class='ocrx_word' id='word_1_644' title='bbox 2939 3466 3094 3513; x_wconf 91' lang='lat' dir='ltr'><strong>utero</strong></span> <span class='ocrx_word' id='word_1_645' title='bbox 3119 3466 3214 3513; x_wconf 89' lang='lat' dir='ltr'><strong>tuo</strong></span> <span class='ocrx_word' id='word_1_646' title='bbox 3241 3456 3312 3513; x_wconf 87' lang='lat' dir='ltr'><strong>sit</strong></span> <span class='ocrx_word' id='word_1_647' title='bbox 3336 3456 3530 3525; x_wconf 82' lang='lat' dir='ltr'><strong>gloria.</strong></span> 
     </span>
    </p>
   </div>
   <div class='ocr_carea' id='block_1_94' title="bbox 1949 3542 3527 3621">
    <p class='ocr_par' dir='ltr' id='par_1_94' title="bbox 1949 3542 3527 3621">
     <span class='ocr_line' id='line_1_94' title="bbox 1949 3542 3527 3621; baseline -0.009 -16"><span class='ocrx_word' id='word_1_648' title='bbox 1949 3552 2128 3616; x_wconf 83' lang='lat' dir='ltr'><strong>Salve,</strong></span> <span class='ocrx_word' id='word_1_649' title='bbox 2161 3559 2331 3621; x_wconf 88' lang='lat' dir='ltr'><strong>pater,</strong></span> <span class='ocrx_word' id='word_1_650' title='bbox 2372 3548 2567 3619; x_wconf 88' lang='lat' dir='ltr'><strong>optimi</strong></span> <span class='ocrx_word' id='word_1_651' title='bbox 2631 3556 2799 3612; x_wconf 88' lang='lat' dir='ltr'><strong>sator,</strong></span> <span class='ocrx_word' id='word_1_652' title='bbox 2834 3547 3125 3616; x_wconf 88' lang='lat' dir='ltr'><strong>cultorque</strong></span> <span class='ocrx_word' id='word_1_653' title='bbox 3185 3542 3527 3599; x_wconf 86' lang='lat' dir='ltr'><strong>uberrimam</strong></span> 
     </span>
    </p>
   </div>
   <div class='ocr_carea' id='block_1_95' title="bbox 1948 3634 3533 3715">
    <p class='ocr_par' dir='ltr' id='par_1_95' title="bbox 1948 3634 3533 3715">
     <span class='ocr_line' id='line_1_95' title="bbox 1948 3634 3533 3715; baseline -0.008 -16"><span class='ocrx_word' id='word_1_654' title='bbox 1948 3659 2203 3715; x_wconf 86' lang='lat' dir='ltr'><strong>promens</strong></span> <span class='ocrx_word' id='word_1_655' title='bbox 2266 3650 2524 3710; x_wconf 84' lang='lat' dir='ltr'><strong>segetem.</strong></span> <span class='ocrx_word' id='word_1_656' title='bbox 2556 3640 2740 3704; x_wconf 88' lang='lat' dir='ltr'><strong>Salve,</strong></span> <span class='ocrx_word' id='word_1_657' title='bbox 2789 3647 2981 3702; x_wconf 87' lang='lat' dir='ltr'><strong>mater,</strong></span> <span class='ocrx_word' id='word_1_658' title='bbox 3014 3639 3289 3692; x_wconf 89' lang='lat' dir='ltr'><strong>immenso</strong></span> <span class='ocrx_word' id='word_1_659' title='bbox 3346 3634 3533 3689; x_wconf 84' lang='lat' dir='ltr'><strong>Iructu</strong></span> 
     </span>
    </p>
   </div>
   <div class='ocr_carea' id='block_1_96' title="bbox 1948 3725 3535 3800">
    <p class='ocr_par' dir='ltr' id='par_1_96' title="bbox 1948 3725 3535 3800">
     <span class='ocr_line' id='line_1_96' title="bbox 1948 3725 3535 3800; baseline -0.008 -9"><span class='ocrx_word' id='word_1_660' title='bbox 1948 3737 2069 3791; x_wconf 66' lang='lat' dir='ltr'><strong>laeta</strong></span> <span class='ocrx_word' id='word_1_661' title='bbox 2100 3734 2257 3790; x_wconf 91' lang='lat' dir='ltr'><strong>radix</strong></span> <span class='ocrx_word' id='word_1_662' title='bbox 2288 3732 2458 3795; x_wconf 88' lang='lat' dir='ltr'><strong>illius,</strong></span> <span class='ocrx_word' id='word_1_663' title='bbox 2501 3745 2624 3800; x_wconf 76' lang='lat' dir='ltr'><strong>qua:</strong></span> <span class='ocrx_word' id='word_1_664' title='bbox 2674 3730 2826 3785; x_wconf 86' lang='lat' dir='ltr'><strong>salus</strong></span> <span class='ocrx_word' id='word_1_665' title='bbox 2867 3737 3056 3783; x_wconf 88' lang='lat' dir='ltr'><strong>nostra</strong></span> <span class='ocrx_word' id='word_1_666' title='bbox 3106 3729 3302 3782; x_wconf 81' lang='lat' dir='ltr'><strong>evasit.</strong></span> <span class='ocrx_word' id='word_1_667' title='bbox 3351 3725 3535 3788; x_wconf 88' lang='lat' dir='ltr'><strong>Salve,</strong></span> 
     </span>
    </p>
   </div>
   <div class='ocr_carea' id='block_1_97' title="bbox 1947 3818 3537 3900">
    <p class='ocr_par' dir='ltr' id='par_1_97' title="bbox 1947 3818 3537 3900">
     <span class='ocr_line' id='line_1_97' title="bbox 1947 3818 3537 3900; baseline -0.009 -18"><span class='ocrx_word' id='word_1_668' title='bbox 1947 3838 2123 3900; x_wconf 87' lang='lat' dir='ltr'><strong>pater,</strong></span> <span class='ocrx_word' id='word_1_669' title='bbox 2158 3840 2222 3880; x_wconf 88' lang='lat' dir='ltr'><strong>ex</strong></span> <span class='ocrx_word' id='word_1_670' title='bbox 2256 3824 2401 3881; x_wconf 85' lang='lat' dir='ltr'><strong>culta</strong></span> <span class='ocrx_word' id='word_1_671' title='bbox 2440 3838 2470 3877; x_wconf 93' lang='lat' dir='ltr'><strong>a</strong></span> <span class='ocrx_word' id='word_1_672' title='bbox 2507 3830 2559 3877; x_wconf 88' lang='lat' dir='ltr'><strong>te</strong></span> <span class='ocrx_word' id='word_1_673' title='bbox 2585 3824 2739 3876; x_wconf 87' lang='lat' dir='ltr'><strong>vinea</strong></span> <span class='ocrx_word' id='word_1_674' title='bbox 2775 3822 3017 3890; x_wconf 90' lang='lat' dir='ltr'><strong>opimum</strong></span> <span class='ocrx_word' id='word_1_675' title='bbox 3074 3818 3326 3890; x_wconf 65' lang='lat' dir='ltr'><strong>praebens</strong></span> <span class='ocrx_word' id='word_1_676' title='bbox 3383 3830 3537 3871; x_wconf 83' lang='lat' dir='ltr'><strong>race-</strong></span> 
     </span>
    </p>
   </div>
   <div class='ocr_carea' id='block_1_98' title="bbox 1949 3908 3542 3979">
    <p class='ocr_par' dir='ltr' id='par_1_98' title="bbox 1949 3908 3542 3979">
     <span class='ocr_line' id='line_1_98' title="bbox 1949 3908 3542 3979; baseline -0.01 -5"><span class='ocrx_word' id='word_1_677' title='bbox 1949 3934 2122 3975; x_wconf 88' lang='lat' dir='ltr'><strong>mum.</strong></span> <span class='ocrx_word' id='word_1_678' title='bbox 2165 3916 2347 3979; x_wconf 88' lang='lat' dir='ltr'><strong>Salve.</strong></span> <span class='ocrx_word' id='word_1_679' title='bbox 2393 3922 2771 3974; x_wconf 76' lang='lat' dir='ltr'><strong>mater,terrte</strong></span> <span class='ocrx_word' id='word_1_680' title='bbox 2820 3911 2979 3965; x_wconf 65' lang='lat' dir='ltr'><strong>bona:</strong></span> <span class='ocrx_word' id='word_1_681' title='bbox 3028 3908 3427 3965; x_wconf 80' lang='lat' dir='ltr'><strong>iertilissimum</strong></span> <span class='ocrx_word' id='word_1_682' title='bbox 3459 3920 3542 3959; x_wconf 56' lang='lat' dir='ltr'><strong>at»</strong></span> 
     </span>
    </p>
   </div>
   <div class='ocr_carea' id='block_1_99' title="bbox 1951 4000 3538 4080">
    <p class='ocr_par' dir='ltr' id='par_1_99' title="bbox 1951 4000 3538 4080">
     <span class='ocr_line' id='line_1_99' title="bbox 1951 4000 3538 4080; baseline -0.009 -13"><span class='ocrx_word' id='word_1_683' title='bbox 1951 4028 2102 4067; x_wconf 89' lang='lat' dir='ltr'><strong>vum.</strong></span> <span class='ocrx_word' id='word_1_684' title='bbox 2129 4008 2311 4072; x_wconf 87' lang='lat' dir='ltr'><strong>Salve,</strong></span> <span class='ocrx_word' id='word_1_685' title='bbox 2328 4017 2503 4080; x_wconf 86' lang='lat' dir='ltr'><strong>pater,</strong></span> <span class='ocrx_word' id='word_1_686' title='bbox 2529 4006 2753 4062; x_wconf 86' lang='lat' dir='ltr'><strong>animati</strong></span> <span class='ocrx_word' id='word_1_687' title='bbox 2778 4004 3013 4076; x_wconf 88' lang='lat' dir='ltr'><strong>paradisi</strong></span> <span class='ocrx_word' id='word_1_688' title='bbox 3041 4002 3333 4073; x_wconf 86' lang='lat' dir='ltr'><strong>plantator.</strong></span> <span class='ocrx_word' id='word_1_689' title='bbox 3358 4000 3538 4060; x_wconf 88' lang='lat' dir='ltr'><strong>Salve.</strong></span> 
     </span>
    </p>
   </div>
   <div class='ocr_carea' id='block_1_100' title="bbox 1950 4090 3540 4166">
    <p class='ocr_par' dir='ltr' id='par_1_100' title="bbox 1950 4090 3540 4166">
     <span class='ocr_line' id='line_1_100' title="bbox 1950 4090 3540 4166; baseline -0.009 -9"><span class='ocrx_word' id='word_1_690' title='bbox 1950 4112 2143 4165; x_wconf 89' lang='lat' dir='ltr'><strong>mater,</strong></span> <span class='ocrx_word' id='word_1_691' title='bbox 2164 4101 2326 4154; x_wconf 89' lang='lat' dir='ltr'><strong>arbor</strong></span> <span class='ocrx_word' id='word_1_692' title='bbox 2347 4114 2560 4152; x_wconf 91' lang='lat' dir='ltr'><strong>ramum</strong></span> <span class='ocrx_word' id='word_1_693' title='bbox 2586 4098 2702 4152; x_wconf 91' lang='lat' dir='ltr'><strong>vitii</strong></span> <span class='ocrx_word' id='word_1_694' title='bbox 2722 4106 2998 4166; x_wconf 78' lang='lat' dir='ltr'><strong>expertem</strong></span> <span class='ocrx_word' id='word_1_695' title='bbox 3022 4094 3228 4150; x_wconf 89' lang='lat' dir='ltr'><strong>habens</strong></span> <span class='ocrx_word' id='word_1_696' title='bbox 3248 4090 3540 4163; x_wconf 72' lang='lat' dir='ltr'><strong>(2).Salvc,</strong></span> 
     </span>
    </p>
   </div>
   <div class='ocr_carea' id='block_1_101' title="bbox 1953 4182 3545 4264">
    <p class='ocr_par' dir='ltr' id='par_1_101' title="bbox 1953 4182 3545 4264">
     <span class='ocr_line' id='line_1_101' title="bbox 1953 4182 3545 4264; baseline -0.009 -16"><span class='ocrx_word' id='word_1_697' title='bbox 1953 4203 2138 4264; x_wconf 87' lang='lat' dir='ltr'><strong>pater,</strong></span> <span class='ocrx_word' id='word_1_698' title='bbox 2167 4190 2531 4244; x_wconf 68' lang='lat' dir='ltr'><strong>immaculata:</strong></span> <span class='ocrx_word' id='word_1_699' title='bbox 2586 4189 2895 4257; x_wconf 77' lang='lat' dir='ltr'><strong>margarita:</strong></span> <span class='ocrx_word' id='word_1_700' title='bbox 2944 4186 3173 4241; x_wconf 84' lang='lat' dir='ltr'><strong>concha.</strong></span> <span class='ocrx_word' id='word_1_701' title='bbox 3212 4182 3390 4245; x_wconf 87' lang='lat' dir='ltr'><strong>Salve,</strong></span> <span class='ocrx_word' id='word_1_702' title='bbox 3424 4196 3545 4235; x_wconf 74' lang='lat' dir='ltr'><strong>ma-</strong></span> 
     </span>
    </p>
   </div>
   <div class='ocr_carea' id='block_1_102' title="bbox 1951 4272 3540 4350">
    <p class='ocr_par' dir='ltr' id='par_1_102' title="bbox 1951 4272 3540 4350">
     <span class='ocr_line' id='line_1_102' title="bbox 1951 4272 3540 4350; baseline -0.01 -11"><span class='ocrx_word' id='word_1_703' title='bbox 1951 4295 2056 4348; x_wconf 87' lang='lat' dir='ltr'><strong>ter,</strong></span> <span class='ocrx_word' id='word_1_704' title='bbox 2092 4281 2286 4350; x_wconf 83' lang='lat' dir='ltr'><strong>integri</strong></span> <span class='ocrx_word' id='word_1_705' title='bbox 2338 4294 2368 4334; x_wconf 86' lang='lat' dir='ltr'><strong>a</strong></span> <span class='ocrx_word' id='word_1_706' title='bbox 2410 4294 2564 4333; x_wconf 74' lang='lat' dir='ltr'><strong>naevo</strong></span> <span class='ocrx_word' id='word_1_707' title='bbox 2627 4277 2899 4348; x_wconf 78' lang='lat' dir='ltr'><strong>smaragdi</strong></span> <span class='ocrx_word' id='word_1_708' title='bbox 2932 4286 3109 4346; x_wconf 89' lang='lat' dir='ltr'><strong>petra.</strong></span> <span class='ocrx_word' id='word_1_709' title='bbox 3143 4272 3337 4334; x_wconf 87' lang='lat' dir='ltr'><strong>Salve,</strong></span> <span class='ocrx_word' id='word_1_710' title='bbox 3366 4280 3540 4342; x_wconf 83' lang='lat' dir='ltr'><strong>pater,</strong></span> 
     </span>
    </p>
   </div>
   <div class='ocr_carea' id='block_1_103' title="bbox 1951 4358 3541 4431">
    <p class='ocr_par' dir='ltr' id='par_1_103' title="bbox 1951 4358 3541 4431">
     <span class='ocr_line' id='line_1_103' title="bbox 1951 4358 3541 4431; baseline -0.008 -7"><span class='ocrx_word' id='word_1_711' title='bbox 1951 4384 2089 4424; x_wconf 88' lang='lat' dir='ltr'><strong>vena</strong></span> <span class='ocrx_word' id='word_1_712' title='bbox 2138 4367 2304 4423; x_wconf 78' lang='lat' dir='ltr'><strong>fontis</strong></span> <span class='ocrx_word' id='word_1_713' title='bbox 2367 4366 2639 4421; x_wconf 87' lang='lat' dir='ltr'><strong>manantis</strong></span> <span class='ocrx_word' id='word_1_714' title='bbox 2674 4367 2861 4420; x_wconf 87' lang='lat' dir='ltr'><strong>vitam.</strong></span> <span class='ocrx_word' id='word_1_715' title='bbox 2915 4365 3095 4430; x_wconf 84' lang='lat' dir='ltr'><strong>Salve,</strong></span> <span class='ocrx_word' id='word_1_716' title='bbox 3126 4372 3317 4425; x_wconf 89' lang='lat' dir='ltr'><strong>mater,</strong></span> <span class='ocrx_word' id='word_1_717' title='bbox 3352 4358 3541 4431; x_wconf 85' lang='lat' dir='ltr'><strong>hydria</strong></span> 
     </span>
    </p>
   </div>
   <div class='ocr_carea' id='block_1_104' title="bbox 1955 4457 3101 4530">
    <p class='ocr_par' dir='ltr' id='par_1_104' title="bbox 1955 4457 3101 4530">
     <span class='ocr_line' id='line_1_104' title="bbox 1955 4457 3101 4530; baseline -0.008 -13"><span class='ocrx_word' id='word_1_718' title='bbox 1955 4462 2097 4517; x_wconf 89' lang='lat' dir='ltr'><strong>sitim</strong></span> <span class='ocrx_word' id='word_1_719' title='bbox 2138 4458 2493 4530; x_wconf 61' lang='lat' dir='ltr'><strong>suscipienda</strong></span> <span class='ocrx_word' id='word_1_720' title='bbox 2522 4459 2691 4527; x_wconf 85' lang='lat' dir='ltr'><strong>prolis</strong></span> <span class='ocrx_word' id='word_1_721' title='bbox 2732 4457 3101 4528; x_wconf 78' lang='lat' dir='ltr'><strong>exstinguens.</strong></span> 
     </span>
    </p>
   </div>
   <div class='ocr_carea' id='block_1_105' title="bbox 1889 4542 3543 4622">
    <p class='ocr_par' dir='ltr' id='par_1_105' title="bbox 1889 4542 3543 4622">
     <span class='ocr_line' id='line_1_105' title="bbox 1889 4542 3543 4622; baseline -0.007 -18"><span class='ocrx_word' id='word_1_722' title='bbox 1889 4567 1931 4622; x_wconf 79' lang='grc' dir='ltr'>ο</span> <span class='ocrx_word' id='word_1_723' title='bbox 2033 4550 2294 4621; x_wconf 88' lang='lat' dir='ltr'><strong>Impletur</strong></span> <span class='ocrx_word' id='word_1_724' title='bbox 2322 4565 2385 4604; x_wconf 90' lang='lat' dir='ltr'><strong>os</strong></span> <span class='ocrx_word' id='word_1_725' title='bbox 2420 4560 2666 4602; x_wconf 88' lang='lat' dir='ltr'><strong>nostrum</strong></span> <span class='ocrx_word' id='word_1_726' title='bbox 2704 4546 2957 4601; x_wconf 81' lang='lat' dir='ltr'><strong>laudibus</strong></span> <span class='ocrx_word' id='word_1_727' title='bbox 2989 4546 3207 4601; x_wconf 75' lang='lat' dir='ltr'><strong>eximiae</strong></span> <span class='ocrx_word' id='word_1_728' title='bbox 3237 4542 3543 4600; x_wconf 72' lang='lat' dir='ltr'><strong>sanctitatis</strong></span> 
     </span>
    </p>
   </div>
   <div class='ocr_carea' id='block_1_106' title="bbox 1958 4636 3544 4709">
    <p class='ocr_par' dir='ltr' id='par_1_106' title="bbox 1958 4636 3544 4709">
     <span class='ocr_line' id='line_1_106' title="bbox 1958 4636 3544 4709; baseline -0.004 -12"><span class='ocrx_word' id='word_1_729' title='bbox 1958 4655 2183 4706; x_wconf 58' lang='lat' dir='ltr'><strong>vestra);</strong></span> <span class='ocrx_word' id='word_1_730' title='bbox 2205 4651 2260 4695; x_wconf 88' lang='lat' dir='ltr'><strong>at</strong></span> <span class='ocrx_word' id='word_1_731' title='bbox 2282 4651 2522 4696; x_wconf 91' lang='lat' dir='ltr'><strong>vestrum</strong></span> <span class='ocrx_word' id='word_1_732' title='bbox 2547 4639 2658 4695; x_wconf 92' lang='lat' dir='ltr'><strong>Dco</strong></span> <span class='ocrx_word' id='word_1_733' title='bbox 2673 4639 2897 4709; x_wconf 87' lang='lat' dir='ltr'><strong>auspice</strong></span> <span class='ocrx_word' id='word_1_734' title='bbox 2917 4639 3109 4695; x_wconf 91' lang='lat' dir='ltr'><strong>initum</strong></span> <span class='ocrx_word' id='word_1_735' title='bbox 3129 4638 3444 4706; x_wconf 89' lang='lat' dir='ltr'><strong>conjugium</strong></span> <span class='ocrx_word' id='word_1_736' title='bbox 3465 4636 3544 4691; x_wconf 67' lang='lat' dir='ltr'><strong>(Si</strong></span> 
     </span>
    </p>
   </div>
   <div class='ocr_carea' id='block_1_107' title="bbox 1959 4730 3543 4805">
    <p class='ocr_par' dir='ltr' id='par_1_107' title="bbox 1959 4730 3543 4805">
     <span class='ocr_line' id='line_1_107' title="bbox 1959 4730 3543 4805; baseline -0.006 -14"><span class='ocrx_word' id='word_1_737' title='bbox 1959 4736 2237 4791; x_wconf 88' lang='lat' dir='ltr'><strong>celebrare</strong></span> <span class='ocrx_word' id='word_1_738' title='bbox 2274 4749 2616 4805; x_wconf 84' lang='lat' dir='ltr'><strong>nequaquam</strong></span> <span class='ocrx_word' id='word_1_739' title='bbox 2647 4748 2810 4803; x_wconf 90' lang='lat' dir='ltr'><strong>pares</strong></span> <span class='ocrx_word' id='word_1_740' title='bbox 2835 4746 3053 4791; x_wconf 88' lang='lat' dir='ltr'><strong>sumus.</strong></span> <span class='ocrx_word' id='word_1_741' title='bbox 3085 4731 3187 4785; x_wconf 81' lang='lat' dir='ltr'><strong>nisi</strong></span> <span class='ocrx_word' id='word_1_742' title='bbox 3228 4730 3543 4796; x_wconf 80' lang='lat' dir='ltr'><strong>usurpando</strong></span> 
     </span>
    </p>
   </div>
   <div class='ocr_carea' id='block_1_108' title="bbox 1958 4820 3539 4890">
    <p class='ocr_par' dir='ltr' id='par_1_108' title="bbox 1958 4820 3539 4890">
     <span class='ocr_line' id='line_1_108' title="bbox 1958 4820 3539 4890; baseline -0.004 -10"><span class='ocrx_word' id='word_1_743' title='bbox 1958 4842 2117 4882; x_wconf 89' lang='lat' dir='ltr'><strong>voces</strong></span> <span class='ocrx_word' id='word_1_744' title='bbox 2169 4825 2398 4890; x_wconf 88' lang='lat' dir='ltr'><strong>Christi,</strong></span> <span class='ocrx_word' id='word_1_745' title='bbox 2447 4824 2613 4879; x_wconf 91' lang='lat' dir='ltr'><strong>vestri</strong></span> <span class='ocrx_word' id='word_1_746' title='bbox 2664 4824 2968 4878; x_wconf 90' lang='lat' dir='ltr'><strong>secundum</strong></span> <span class='ocrx_word' id='word_1_747' title='bbox 3025 4835 3247 4877; x_wconf 89' lang='lat' dir='ltr'><strong>carnem</strong></span> <span class='ocrx_word' id='word_1_748' title='bbox 3304 4820 3539 4890; x_wconf 88' lang='lat' dir='ltr'><strong>nepotis,</strong></span> 
     </span>
    </p>
   </div>
   <div class='ocr_carea' id='block_1_109' title="bbox 1958 4912 3547 4997">
    <p class='ocr_par' dir='ltr' id='par_1_109' title="bbox 1958 4912 3547 4997">
     <span class='ocr_line' id='line_1_109' title="bbox 1958 4912 3547 4997; baseline -0.006 -21"><span class='ocrx_word' id='word_1_749' title='bbox 1958 4921 2145 4997; x_wconf 64' lang='lat' dir='ltr'><strong>beatos</strong></span> <span class='ocrx_word' id='word_1_750' title='bbox 2166 4933 2263 4975; x_wconf 87' lang='lat' dir='ltr'><strong>vos</strong></span> <span class='ocrx_word' id='word_1_751' title='bbox 2293 4917 2458 4974; x_wconf 87' lang='lat' dir='ltr'><strong>ambo</strong></span> <span class='ocrx_word' id='word_1_752' title='bbox 2484 4916 2846 4989; x_wconf 70' lang='lat' dir='ltr'><strong>przedicemus</strong></span> <span class='ocrx_word' id='word_1_753' title='bbox 2870 4931 2935 4973; x_wconf 90' lang='lat' dir='ltr'><strong>ac</strong></span> <span class='ocrx_word' id='word_1_754' title='bbox 2964 4912 3214 4975; x_wconf 83' lang='lat' dir='ltr'><strong>dicamus</strong></span> <span class='ocrx_word' id='word_1_755' title='bbox 3240 4934 3253 4971; x_wconf 88' lang='lat'><strong>:</strong></span> <span class='ocrx_word' id='word_1_756' title='bbox 3281 4915 3547 4977; x_wconf 75' lang='lat' dir='ltr'><strong>Gaudete,</strong></span> 
     </span>
    </p>
   </div>
   <div class='ocr_carea' id='block_1_110' title="bbox 1959 5234 3536 5305">
    <p class='ocr_par' dir='ltr' id='par_1_110' title="bbox 1959 5234 3536 5305">
     <span class='ocr_line' id='line_1_110' title="bbox 1959 5234 3536 5305; baseline -0.001 -17"><span class='ocrx_word' id='word_1_757' title='bbox 1959 5236 2103 5291; x_wconf 83' lang='lat' dir='ltr'><strong>Nihil</strong></span> <span class='ocrx_word' id='word_1_758' title='bbox 2142 5252 2304 5305; x_wconf 90' lang='lat' dir='ltr'><strong>porro</strong></span> <span class='ocrx_word' id='word_1_759' title='bbox 2336 5236 2602 5291; x_wconf 87' lang='lat' dir='ltr'><strong>illustrius</strong></span> <span class='ocrx_word' id='word_1_760' title='bbox 2630 5235 2784 5305; x_wconf 74' lang='lat' dir='ltr'><strong>juxta</strong></span> <span class='ocrx_word' id='word_1_761' title='bbox 2816 5243 2870 5291; x_wconf 87' lang='lat' dir='ltr'><strong>et</strong></span> <span class='ocrx_word' id='word_1_762' title='bbox 2893 5235 3073 5305; x_wconf 86' lang='lat' dir='ltr'><strong>aptius</strong></span> <span class='ocrx_word' id='word_1_763' title='bbox 3108 5235 3174 5289; x_wconf 84' lang='lat' dir='ltr'><strong>ad</strong></span> <span class='ocrx_word' id='word_1_764' title='bbox 3205 5234 3536 5290; x_wconf 86' lang='lat' dir='ltr'><strong>laudandam</strong></span> 
     </span>
    </p>
   </div>
   <div class='ocr_carea' id='block_1_111' title="bbox 1884 5306 3542 5375">
    <p class='ocr_par' dir='ltr' id='par_1_111' title="bbox 1884 5306 3542 5375">
     <span class='ocr_line' id='line_1_111' title="bbox 1884 5306 3542 5375; baseline -0.001 -16"><span class='ocrx_word' id='word_1_765' title='bbox 1884 5348 1897 5355; x_wconf 56' lang='grc' dir='ltr'>ν</span> <span class='ocrx_word' id='word_1_766' title='bbox 1963 5306 2055 5362; x_wconf 83' lang='lat' dir='ltr'><strong>Dei</strong></span> <span class='ocrx_word' id='word_1_767' title='bbox 2090 5307 2382 5362; x_wconf 85' lang='lat' dir='ltr'><strong>Genitricis</strong></span> <span class='ocrx_word' id='word_1_768' title='bbox 2414 5308 2829 5375; x_wconf 82' lang='lat' dir='ltr'><strong>conceptionem</strong></span> <span class='ocrx_word' id='word_1_769' title='bbox 2870 5306 2977 5360; x_wconf 91' lang='lat' dir='ltr'><strong>dici</strong></span> <span class='ocrx_word' id='word_1_770' title='bbox 3015 5307 3208 5374; x_wconf 89' lang='lat' dir='ltr'><strong>potuit,</strong></span> <span class='ocrx_word' id='word_1_771' title='bbox 3238 5321 3401 5375; x_wconf 89' lang='lat' dir='ltr'><strong>quam</strong></span> <span class='ocrx_word' id='word_1_772' title='bbox 3448 5321 3542 5375; x_wconf 60' lang='lat' dir='ltr'><strong>ge-</strong></span> 
     </span>
    </p>
   </div>
   <div class='ocr_carea' id='block_1_112' title="bbox 1960 5375 3538 5446">
    <p class='ocr_par' dir='ltr' id='par_1_112' title="bbox 1960 5375 3538 5446">
     <span class='ocr_line' id='line_1_112' title="bbox 1960 5375 3538 5446; baseline -0.002 -15"><span class='ocrx_word' id='word_1_773' title='bbox 1960 5378 2260 5433; x_wconf 81' lang='lat' dir='ltr'><strong>nerationis</strong></span> <span class='ocrx_word' id='word_1_774' title='bbox 2288 5392 2426 5442; x_wconf 88' lang='lat' dir='ltr'><strong>opus</strong></span> <span class='ocrx_word' id='word_1_775' title='bbox 2462 5376 2569 5431; x_wconf 91' lang='lat' dir='ltr'><strong>Deo</strong></span> <span class='ocrx_word' id='word_1_776' title='bbox 2592 5376 2813 5446; x_wconf 88' lang='lat' dir='ltr'><strong>auspice</strong></span> <span class='ocrx_word' id='word_1_777' title='bbox 2837 5375 3361 5446; x_wconf 71' lang='lat' dir='ltr'><strong>fuissesusceptum.</strong></span> <span class='ocrx_word' id='word_1_778' title='bbox 3382 5375 3538 5446; x_wconf 72' lang='lat' dir='ltr'><strong>Quod</strong></span> 
     </span>
    </p>
   </div>
   <div class='ocr_carea' id='block_1_113' title="bbox 1961 5444 3540 5517">
    <p class='ocr_par' dir='ltr' id='par_1_113' title="bbox 1961 5444 3540 5517">
     <span class='ocr_line' id='line_1_113' title="bbox 1961 5444 3540 5517; baseline -0.003 -16"><span class='ocrx_word' id='word_1_779' title='bbox 1961 5463 2093 5503; x_wconf 89' lang='lat' dir='ltr'><strong>sane</strong></span> <span class='ocrx_word' id='word_1_780' title='bbox 2122 5448 2373 5517; x_wconf 74' lang='lat' dir='ltr'><strong>congruit</strong></span> <span class='ocrx_word' id='word_1_781' title='bbox 2409 5462 2535 5501; x_wconf 90' lang='lat' dir='ltr'><strong>cum</strong></span> <span class='ocrx_word' id='word_1_782' title='bbox 2564 5447 2651 5509; x_wconf 78' lang='lat' dir='ltr'><strong>iis,</strong></span> <span class='ocrx_word' id='word_1_783' title='bbox 2683 5444 2974 5517; x_wconf 72' lang='lat' dir='ltr'><strong>qu:e_apud</strong></span> <span class='ocrx_word' id='word_1_784' title='bbox 3008 5444 3276 5499; x_wconf 82' lang='lat' dir='ltr'><strong>lsidorum</strong></span> <span class='ocrx_word' id='word_1_785' title='bbox 3308 5445 3540 5511; x_wconf 83' lang='lat' dir='ltr'><strong>legimus</strong></span> 
     </span>
    </p>
   </div>
   <div class='ocr_carea' id='block_1_114' title="bbox 1963 5514 3535 5587">
    <p class='ocr_par' dir='ltr' id='par_1_114' title="bbox 1963 5514 3535 5587">
     <span class='ocr_line' id='line_1_114' title="bbox 1963 5514 3535 5587; baseline -0.003 -16"><span class='ocrx_word' id='word_1_786' title='bbox 1963 5518 2139 5587; x_wconf 84' lang='lat' dir='ltr'><strong>(llam.</strong></span> <span class='ocrx_word' id='word_1_787' title='bbox 2166 5514 2523 5571; x_wconf 43' lang='lat' dir='ltr'><strong>iit-Prtesent.</strong></span> <span class='ocrx_word' id='word_1_788' title='bbox 2556 5517 2696 5583; x_wconf 72' lang='lat' dir='ltr'><strong>lleip.</strong></span> <span class='ocrx_word' id='word_1_789' title='bbox 2731 5516 2757 5583; x_wconf 68' lang='grc' dir='ltr'><strong>ξ</strong></span> <span class='ocrx_word' id='word_1_790' title='bbox 2793 5514 2930 5580; x_wconf 79' lang='lat' dir='ltr'><strong>XIII,</strong></span> <span class='ocrx_word' id='word_1_791' title='bbox 2957 5517 3251 5580; x_wconf 71' lang='lat' dir='ltr'><strong>oportuisse</strong></span> <span class='ocrx_word' id='word_1_792' title='bbox 3305 5517 3535 5577; x_wconf 81' lang='lat' dir='ltr'><strong>scilicet,</strong></span> 
     </span>
    </p>
   </div>
   <div class='ocr_carea' id='block_1_115' title="bbox 1963 5587 3533 5659">
    <p class='ocr_par' dir='ltr' id='par_1_115' title="bbox 1963 5587 3533 5659">
     <span class='ocr_line' id='line_1_115' title="bbox 1963 5587 3533 5659; baseline -0.002 -19"><span class='ocrx_word' id='word_1_793' title='bbox 1963 5598 2018 5640; x_wconf 85' lang='lat' dir='ltr'><strong>ut</strong></span> <span class='ocrx_word' id='word_1_794' title='bbox 2053 5592 2121 5659; x_wconf 76' lang='lat' dir='ltr'><strong>ad</strong></span> <span class='ocrx_word' id='word_1_795' title='bbox 2154 5588 2669 5659; x_wconf 83' lang='lat' dir='ltr'><strong>congressunt,uude</strong></span> <span class='ocrx_word' id='word_1_796' title='bbox 2712 5588 2949 5659; x_wconf 71' lang='lat' dir='ltr'><strong>Virginis</strong></span> <span class='ocrx_word' id='word_1_797' title='bbox 2969 5587 3230 5659; x_wconf 68' lang='lat' dir='ltr'><strong>processit</strong></span> <span class='ocrx_word' id='word_1_798' title='bbox 3246 5588 3533 5653; x_wconf 82' lang='lat' dir='ltr'><strong>conceptio,</strong></span> 
     </span>
    </p>
   </div>
   <div class='ocr_carea' id='block_1_116' title="bbox 1961 5656 3537 5781">
    <p class='ocr_par' dir='ltr' id='par_1_116' title="bbox 1961 5656 3537 5781">
     <span class='ocr_line' id='line_1_116' title="bbox 1961 5656 3537 5781; baseline -0.001 -70"><span class='ocrx_word' id='word_1_799' title='bbox 1961 5658 2209 5781; x_wconf 44' lang='lat' dir='ltr'><strong>utilllnliud</strong></span> <span class='ocrx_word' id='word_1_800' title='bbox 2237 5656 2397 5727; x_wconf 72' lang='lat' dir='ltr'><strong>quam</strong></span> <span class='ocrx_word' id='word_1_801' title='bbox 2428 5674 2738 5729; x_wconf 78' lang='lat' dir='ltr'><strong>congressus</strong></span> <span class='ocrx_word' id='word_1_802' title='bbox 2785 5674 2897 5711; x_wconf 78' lang='grc' dir='ltr'><strong>ιιιιι·</strong></span> <span class='ocrx_word' id='word_1_803' title='bbox 2922 5657 3029 5711; x_wconf 76' lang='lat' dir='ltr'><strong>Deo</strong></span> <span class='ocrx_word' id='word_1_804' title='bbox 3055 5656 3339 5723; x_wconf 57' lang='lat' dir='ltr'><strong>impelleret</strong></span> <span class='ocrx_word' id='word_1_805' title='bbox 3380 5665 3537 5725; x_wconf 75' lang='lat' dir='ltr'><strong>atque</strong></span> 
     </span>
     <span class='ocr_line' id='line_1_117' title="bbox 1961 5741 2256 5781; baseline 0 0"><span class='ocrx_word' id='word_1_806' title='bbox 1961 5747 1986 5781; x_wconf 82' lang='grc' dir='ltr'><strong>α</strong></span> <span class='ocrx_word' id='word_1_807' title='bbox 2032 5741 2256 5781; x_wconf 66' lang='lat' dir='ltr'><strong>(uouet.</strong></span> 
     </span>
    </p>
   </div>
   <div class='ocr_carea' id='block_1_117' title="bbox 1958 5731 2256 5783">
    <p class='ocr_par' dir='ltr' id='par_1_117' title="bbox 1958 5731 2256 5783">
     <span class='ocr_line' id='line_1_118' title="bbox 1958 5731 2256 5783; baseline 0.003 -2"><span class='ocrx_word' id='word_1_808' title='bbox 1958 5731 2256 5783; x_wconf 60' lang='lat' dir='ltr'><strong>adduceret.</strong></span> 
     </span>
    </p>
   </div>
  </div>
