  <div class='ocr_page' id='page_1' title='image "/cluster/home/n/w/nwhite01/storage/ocr_20150623/106/nnc1.0046979980/535.png"; bbox 0 0 4232 6434; ppageno 0'>
   <div class='ocr_carea' id='block_1_1' title="bbox 743 396 874 462">
    <p class='ocr_par' dir='ltr' id='par_1_1' title="bbox 743 396 874 462">
     <span class='ocr_line' id='line_1_1' title="bbox 743 396 874 462; baseline -0.023 0"><span class='ocrx_word' id='word_1_1' title='bbox 743 396 874 462; x_wconf 66' lang='grc'><strong>1911</strong></span> 
     </span>
    </p>
   </div>
   <div class='ocr_carea' id='block_1_2' title="bbox 1303 393 3413 459">
    <p class='ocr_par' dir='ltr' id='par_1_2' title="bbox 1303 393 3413 459">
     <span class='ocr_line' id='line_1_2' title="bbox 1303 393 3413 459; baseline -0.002 0"><span class='ocrx_word' id='word_1_2' title='bbox 1303 398 1563 459; x_wconf 74' lang='lat' dir='ltr'><strong>C()S.\I:E</strong></span> <span class='ocrx_word' id='word_1_3' title='bbox 1594 396 2040 457; x_wconf 79' lang='lat' dir='ltr'><strong>VESTITORIS</strong></span> <span class='ocrx_word' id='word_1_4' title='bbox 2067 395 2322 457; x_wconf 84' lang='lat' dir='ltr'><strong>SERMO</strong></span> <span class='ocrx_word' id='word_1_5' title='bbox 2364 396 2442 455; x_wconf 82' lang='grc' dir='ltr'><strong>ΙΝ</strong></span> <span class='ocrx_word' id='word_1_6' title='bbox 2486 395 2587 455; x_wconf 87' lang='lat' dir='ltr'><strong>SS.</strong></span> <span class='ocrx_word' id='word_1_7' title='bbox 2627 393 2952 456; x_wconf 83' lang='lat' dir='ltr'><strong>JOACHIM</strong></span> <span class='ocrx_word' id='word_1_8' title='bbox 2997 396 3095 457; x_wconf 86' lang='lat' dir='ltr'><strong>ET</strong></span> <span class='ocrx_word' id='word_1_9' title='bbox 3131 395 3413 455; x_wconf 73' lang='lat' dir='ltr'><strong>ANNAM.</strong></span> 
     </span>
    </p>
   </div>
   <div class='ocr_carea' id='block_1_3' title="bbox 3848 390 3984 455">
    <p class='ocr_par' dir='ltr' id='par_1_3' title="bbox 3848 390 3984 455">
     <span class='ocr_line' id='line_1_3' title="bbox 3848 390 3984 455; baseline 0.007 -2"><span class='ocrx_word' id='word_1_10' title='bbox 3848 390 3984 455; x_wconf 74' lang='lat'><strong>1012</strong></span> 
     </span>
    </p>
   </div>
   <div class='ocr_carea' id='block_1_4' title="bbox 737 504 2408 578">
    <p class='ocr_par' dir='ltr' id='par_1_4' title="bbox 737 505 2374 578">
     <span class='ocr_line' id='line_1_4' title="bbox 737 505 2374 578; baseline -0.004 -15"><span class='ocrx_word' id='word_1_11' title='bbox 737 521 786 563; x_wconf 79' lang='lat' dir='ltr'><strong>et</strong></span> <span class='ocrx_word' id='word_1_12' title='bbox 834 510 1113 572; x_wconf 68' lang='lat' dir='ltr'><strong>tenuitate,</strong></span> <span class='ocrx_word' id='word_1_13' title='bbox 1148 511 1393 578; x_wconf 84' lang='lat' dir='ltr'><strong>quoniam</strong></span> <span class='ocrx_word' id='word_1_14' title='bbox 1435 524 1647 571; x_wconf 76' lang='lat' dir='ltr'><strong>merces,</strong></span> <span class='ocrx_word' id='word_1_15' title='bbox 1683 506 1893 561; x_wconf 85' lang='lat' dir='ltr'><strong>fructus</strong></span> <span class='ocrx_word' id='word_1_16' title='bbox 1943 506 2080 560; x_wconf 90' lang='lat' dir='ltr'><strong>uteri</strong></span> <span class='ocrx_word' id='word_1_17' title='bbox 2115 505 2302 566; x_wconf 80' lang='lat' dir='ltr'><strong>vestri,</strong></span> <span class='ocrx_word' id='word_1_18' title='bbox 2336 513 2374 568; x_wconf 80' lang='grc' dir='ltr'><strong>Α</strong></span> 
     </span>
    </p>
   </div>
   <div class='ocr_carea' id='block_1_5' title="bbox 2312 504 3983 578">
    <p class='ocr_par' dir='ltr' id='par_1_5' title="bbox 2336 504 3983 576">
     <span class='ocr_line' id='line_1_5' title="bbox 2336 504 3983 576; baseline -0.002 -17"><span class='ocrx_word' id='word_1_19' title='bbox 2336 513 2374 568; x_wconf 82' lang='grc' dir='ltr'><strong>Α</strong></span> <span class='ocrx_word' id='word_1_20' title='bbox 2411 504 2800 572; x_wconf 71' lang='grc' dir='ltr'>ἀγαλλιᾶσθε,</span> <span class='ocrx_word' id='word_1_21' title='bbox 2831 505 2917 558; x_wconf 77' lang='grc' dir='ltr'>ὅτι</span> <span class='ocrx_word' id='word_1_22' title='bbox 2946 509 2979 559; x_wconf 86' lang='grc' dir='ltr'><em>ὀ</em></span> <span class='ocrx_word' id='word_1_23' title='bbox 3003 507 3222 574; x_wconf 75' lang='grc' dir='ltr'>μισθὸς</span> <span class='ocrx_word' id='word_1_24' title='bbox 3247 506 3339 558; x_wconf 89' lang='grc' dir='ltr'><strong>τοῦ</strong></span> <span class='ocrx_word' id='word_1_25' title='bbox 3375 505 3588 576; x_wconf 79' lang='grc' dir='ltr'>καρποῦ</span> <span class='ocrx_word' id='word_1_26' title='bbox 3619 508 3718 571; x_wconf 81' lang='grc' dir='ltr'>τῆς</span> <span class='ocrx_word' id='word_1_27' title='bbox 3746 506 3983 574; x_wconf 65' lang='grc' dir='ltr'>γαστρὸς</span> 
     </span>
    </p>
   </div>
   <div class='ocr_carea' id='block_1_6' title="bbox 738 597 2300 666">
    <p class='ocr_par' dir='ltr' id='par_1_6' title="bbox 738 597 2300 666">
     <span class='ocr_line' id='line_1_6' title="bbox 738 597 2300 666; baseline -0.003 -14"><span class='ocrx_word' id='word_1_28' title='bbox 738 601 791 652; x_wconf 82' lang='lat' dir='ltr'><strong>in</strong></span> <span class='ocrx_word' id='word_1_29' title='bbox 817 601 958 653; x_wconf 69' lang='lat' dir='ltr'><strong>caelis</strong></span> <span class='ocrx_word' id='word_1_30' title='bbox 984 610 1058 654; x_wconf 83' lang='lat' dir='ltr'><strong>est</strong></span> <span class='ocrx_word' id='word_1_31' title='bbox 1083 602 1124 652; x_wconf 85' lang='grc'><strong>⁵.</strong></span> <span class='ocrx_word' id='word_1_32' title='bbox 1168 599 1276 652; x_wconf 79' lang='lat' dir='ltr'><strong>Vos</strong></span> <span class='ocrx_word' id='word_1_33' title='bbox 1310 599 1454 651; x_wconf 90' lang='lat' dir='ltr'><strong>enim</strong></span> <span class='ocrx_word' id='word_1_34' title='bbox 1489 599 1642 661; x_wconf 91' lang='lat' dir='ltr'><strong>estis,</strong></span> <span class='ocrx_word' id='word_1_35' title='bbox 1669 599 1758 666; x_wconf 87' lang='lat' dir='ltr'><strong>qui</strong></span> <span class='ocrx_word' id='word_1_36' title='bbox 1787 612 1907 650; x_wconf 88' lang='lat' dir='ltr'><strong>cum</strong></span> <span class='ocrx_word' id='word_1_37' title='bbox 1927 597 2060 666; x_wconf 93' lang='lat' dir='ltr'><strong>justi</strong></span> <span class='ocrx_word' id='word_1_38' title='bbox 2086 598 2300 662; x_wconf 87' lang='lat' dir='ltr'><strong>essetis,</strong></span> 
     </span>
    </p>
   </div>
   <div class='ocr_carea' id='block_1_7' title="bbox 739 688 2304 761">
    <p class='ocr_par' dir='ltr' id='par_1_7' title="bbox 739 688 2304 761">
     <span class='ocr_line' id='line_1_7' title="bbox 739 688 2304 761; baseline 0.002 -20"><span class='ocrx_word' id='word_1_39' title='bbox 739 703 959 761; x_wconf 77' lang='lat' dir='ltr'><strong>propter</strong></span> <span class='ocrx_word' id='word_1_40' title='bbox 991 691 1332 745; x_wconf 75' lang='lat' dir='ltr'><strong>sterilitatem</strong></span> <span class='ocrx_word' id='word_1_41' title='bbox 1385 690 1691 759; x_wconf 84' lang='lat' dir='ltr'><strong>opprobriis</strong></span> <span class='ocrx_word' id='word_1_42' title='bbox 1737 688 1918 742; x_wconf 84' lang='lat' dir='ltr'><strong>fuistis</strong></span> <span class='ocrx_word' id='word_1_43' title='bbox 1972 689 2217 758; x_wconf 84' lang='lat' dir='ltr'><strong>impetiti,</strong></span> <span class='ocrx_word' id='word_1_44' title='bbox 2250 702 2304 744; x_wconf 89' lang='lat' dir='ltr'><strong>et</strong></span> 
     </span>
    </p>
   </div>
   <div class='ocr_carea' id='block_1_8' title="bbox 740 779 2305 851">
    <p class='ocr_par' dir='ltr' id='par_1_8' title="bbox 740 779 2305 851">
     <span class='ocr_line' id='line_1_8' title="bbox 740 779 2305 851; baseline -0.001 -15"><span class='ocrx_word' id='word_1_45' title='bbox 740 784 923 851; x_wconf 89' lang='lat' dir='ltr'><strong>iniqua</strong></span> <span class='ocrx_word' id='word_1_46' title='bbox 949 782 1231 835; x_wconf 84' lang='lat' dir='ltr'><strong>adversum</strong></span> <span class='ocrx_word' id='word_1_47' title='bbox 1258 795 1353 835; x_wconf 79' lang='lat' dir='ltr'><strong>vos</strong></span> <span class='ocrx_word' id='word_1_48' title='bbox 1379 781 1539 834; x_wconf 88' lang='lat' dir='ltr'><strong>verba</strong></span> <span class='ocrx_word' id='word_1_49' title='bbox 1570 779 1870 834; x_wconf 83' lang='lat' dir='ltr'><strong>audivistis.</strong></span> <span class='ocrx_word' id='word_1_50' title='bbox 1900 782 1967 834; x_wconf 81' lang='lat' dir='ltr'><strong>At</strong></span> <span class='ocrx_word' id='word_1_51' title='bbox 1996 779 2156 848; x_wconf 90' lang='lat' dir='ltr'><strong>paulo</strong></span> <span class='ocrx_word' id='word_1_52' title='bbox 2182 791 2305 849; x_wconf 86' lang='lat' dir='ltr'><strong>post</strong></span> 
     </span>
    </p>
   </div>
   <div class='ocr_carea' id='block_1_9' title="bbox 738 871 2304 941">
    <p class='ocr_par' dir='ltr' id='par_1_9' title="bbox 738 871 2304 941">
     <span class='ocr_line' id='line_1_9' title="bbox 738 871 2304 941; baseline -0.001 -14"><span class='ocrx_word' id='word_1_53' title='bbox 738 873 1012 927; x_wconf 78' lang='lat' dir='ltr'><strong>Lctissime</strong></span> <span class='ocrx_word' id='word_1_54' title='bbox 1061 873 1126 926; x_wconf 91' lang='lat' dir='ltr'><strong>de</strong></span> <span class='ocrx_word' id='word_1_55' title='bbox 1179 882 1428 940; x_wconf 70' lang='lat' dir='ltr'><strong>suscepta</strong></span> <span class='ocrx_word' id='word_1_56' title='bbox 1465 871 1613 940; x_wconf 89' lang='lat' dir='ltr'><strong>prole</strong></span> <span class='ocrx_word' id='word_1_57' title='bbox 1671 872 1839 941; x_wconf 79' lang='lat' dir='ltr'><strong>gavisi</strong></span> <span class='ocrx_word' id='word_1_58' title='bbox 1905 871 2056 933; x_wconf 87' lang='lat' dir='ltr'><strong>estis,</strong></span> <span class='ocrx_word' id='word_1_59' title='bbox 2083 881 2136 924; x_wconf 94' lang='lat' dir='ltr'><strong>et</strong></span> <span class='ocrx_word' id='word_1_60' title='bbox 2171 871 2304 926; x_wconf 82' lang='lat' dir='ltr'><strong>satis</strong></span> 
     </span>
    </p>
   </div>
   <div class='ocr_carea' id='block_1_10' title="bbox 735 960 2300 1030">
    <p class='ocr_par' dir='ltr' id='par_1_10' title="bbox 735 960 2300 1030">
     <span class='ocr_line' id='line_1_10' title="bbox 735 960 2300 1030; baseline -0.002 -14"><span class='ocrx_word' id='word_1_61' title='bbox 735 974 816 1016; x_wconf 85' lang='lat' dir='ltr'><strong>est</strong></span> <span class='ocrx_word' id='word_1_62' title='bbox 869 963 1023 1017; x_wconf 81' lang='lat' dir='ltr'><strong>vobis</strong></span> <span class='ocrx_word' id='word_1_63' title='bbox 1056 963 1121 1016; x_wconf 91' lang='lat' dir='ltr'><strong>ad</strong></span> <span class='ocrx_word' id='word_1_64' title='bbox 1157 962 1390 1027; x_wconf 89' lang='lat' dir='ltr'><strong>laudem,</strong></span> <span class='ocrx_word' id='word_1_65' title='bbox 1427 961 1569 1030; x_wconf 88' lang='lat' dir='ltr'><strong>quod</strong></span> <span class='ocrx_word' id='word_1_66' title='bbox 1600 960 1822 1015; x_wconf 81' lang='lat' dir='ltr'><strong>Matrem</strong></span> <span class='ocrx_word' id='word_1_67' title='bbox 1864 961 1952 1013; x_wconf 91' lang='lat' dir='ltr'><strong>Dei</strong></span> <span class='ocrx_word' id='word_1_68' title='bbox 1983 961 2300 1030; x_wconf 76' lang='lat' dir='ltr'><strong>genueritis.</strong></span> 
     </span>
    </p>
   </div>
   <div class='ocr_carea' id='block_1_11' title="bbox 804 1049 2300 1119">
    <p class='ocr_par' dir='ltr' id='par_1_11' title="bbox 804 1049 2300 1119">
     <span class='ocr_line' id='line_1_11' title="bbox 804 1049 2300 1119; baseline -0.001 -16"><span class='ocrx_word' id='word_1_69' title='bbox 804 1050 1037 1106; x_wconf 83' lang='lat' dir='ltr'><strong>Prorsus</strong></span> <span class='ocrx_word' id='word_1_70' title='bbox 1064 1053 1208 1104; x_wconf 87' lang='lat' dir='ltr'><strong>enim</strong></span> <span class='ocrx_word' id='word_1_71' title='bbox 1238 1051 1420 1104; x_wconf 77' lang='lat' dir='ltr'><strong>divino</strong></span> <span class='ocrx_word' id='word_1_72' title='bbox 1447 1051 1837 1119; x_wconf 66' lang='lat' dir='ltr'><strong>praadefinitum</strong></span> <span class='ocrx_word' id='word_1_73' title='bbox 1864 1049 2041 1104; x_wconf 82' lang='lat' dir='ltr'><strong>fuerat</strong></span> <span class='ocrx_word' id='word_1_74' title='bbox 2059 1051 2300 1111; x_wconf 88' lang='lat' dir='ltr'><strong>decreto,</strong></span> 
     </span>
    </p>
   </div>
   <div class='ocr_carea' id='block_1_12' title="bbox 737 1140 2304 1210">
    <p class='ocr_par' dir='ltr' id='par_1_12' title="bbox 737 1140 2304 1210">
     <span class='ocr_line' id='line_1_12' title="bbox 737 1140 2304 1210; baseline 0.001 -18"><span class='ocrx_word' id='word_1_75' title='bbox 737 1151 793 1192; x_wconf 92' lang='lat' dir='ltr'><strong>ut</strong></span> <span class='ocrx_word' id='word_1_76' title='bbox 813 1140 942 1207; x_wconf 87' lang='lat' dir='ltr'><strong>justi</strong></span> <span class='ocrx_word' id='word_1_77' title='bbox 970 1141 1045 1193; x_wconf 89' lang='lat' dir='ltr'><strong>illi</strong></span> <span class='ocrx_word' id='word_1_78' title='bbox 1070 1140 1305 1208; x_wconf 69' lang='lat' dir='ltr'><strong>Deiparae</strong></span> <span class='ocrx_word' id='word_1_79' title='bbox 1324 1141 1596 1208; x_wconf 86' lang='lat' dir='ltr'><strong>genitores</strong></span> <span class='ocrx_word' id='word_1_80' title='bbox 1617 1141 1937 1210; x_wconf 78' lang='lat' dir='ltr'><strong>cognatione</strong></span> <span class='ocrx_word' id='word_1_81' title='bbox 1955 1155 2074 1194; x_wconf 89' lang='lat' dir='ltr'><strong>cum</strong></span> <span class='ocrx_word' id='word_1_82' title='bbox 2086 1140 2304 1195; x_wconf 88' lang='lat' dir='ltr'><strong>Christo</strong></span> 
     </span>
    </p>
   </div>
   <div class='ocr_carea' id='block_1_13' title="bbox 736 1233 2302 1304">
    <p class='ocr_par' dir='ltr' id='par_1_13' title="bbox 736 1233 2302 1304">
     <span class='ocr_line' id='line_1_13' title="bbox 736 1233 2302 1304; baseline -0.002 -15"><span class='ocrx_word' id='word_1_83' title='bbox 736 1237 1033 1290; x_wconf 63' lang='lat' dir='ltr'><strong>secundum</strong></span> <span class='ocrx_word' id='word_1_84' title='bbox 1069 1250 1286 1288; x_wconf 90' lang='lat' dir='ltr'><strong>carnem</strong></span> <span class='ocrx_word' id='word_1_85' title='bbox 1316 1234 1722 1288; x_wconf 83' lang='lat' dir='ltr'><strong>devincirentur</strong></span> <span class='ocrx_word' id='word_1_86' title='bbox 1767 1243 2023 1301; x_wconf 81' lang='lat' dir='ltr'><strong>tanquam</strong></span> <span class='ocrx_word' id='word_1_87' title='bbox 2055 1233 2222 1304; x_wconf 85' lang='lat' dir='ltr'><strong>digni,</strong></span> <span class='ocrx_word' id='word_1_88' title='bbox 2249 1241 2302 1286; x_wconf 89' lang='lat' dir='ltr'><strong>et</strong></span> 
     </span>
    </p>
   </div>
   <div class='ocr_carea' id='block_1_14' title="bbox 737 1326 2304 1395">
    <p class='ocr_par' dir='ltr' id='par_1_14' title="bbox 737 1326 2304 1395">
     <span class='ocr_line' id='line_1_14' title="bbox 737 1326 2304 1395; baseline -0.001 -16"><span class='ocrx_word' id='word_1_89' title='bbox 737 1327 1038 1379; x_wconf 84' lang='lat' dir='ltr'><strong>honerihus</strong></span> <span class='ocrx_word' id='word_1_90' title='bbox 1078 1326 1568 1381; x_wconf 89' lang='lat' dir='ltr'><strong>cohonestarentur</strong></span> <span class='ocrx_word' id='word_1_91' title='bbox 1603 1338 1858 1393; x_wconf 89' lang='lat' dir='ltr'><strong>tanquam</strong></span> <span class='ocrx_word' id='word_1_92' title='bbox 1893 1326 2174 1379; x_wconf 73' lang='lat' dir='ltr'><strong>nobilitate</strong></span> <span class='ocrx_word' id='word_1_93' title='bbox 2217 1340 2304 1395; x_wconf 91' lang='lat' dir='ltr'><strong>ge-</strong></span> 
     </span>
    </p>
   </div>
   <div class='ocr_carea' id='block_1_15' title="bbox 737 1413 2298 1484">
    <p class='ocr_par' dir='ltr' id='par_1_15' title="bbox 737 1413 2298 1484">
     <span class='ocr_line' id='line_1_15' title="bbox 737 1413 2298 1484; baseline 0 -16"><span class='ocrx_word' id='word_1_94' title='bbox 737 1416 907 1477; x_wconf 88' lang='lat' dir='ltr'><strong>neris,</strong></span> <span class='ocrx_word' id='word_1_95' title='bbox 927 1415 1055 1484; x_wconf 78' lang='lat' dir='ltr'><strong>regii</strong></span> <span class='ocrx_word' id='word_1_96' title='bbox 1077 1429 1270 1483; x_wconf 83' lang='lat' dir='ltr'><strong>nempe</strong></span> <span class='ocrx_word' id='word_1_97' title='bbox 1291 1426 1341 1468; x_wconf 88' lang='lat' dir='ltr'><strong>et</strong></span> <span class='ocrx_word' id='word_1_98' title='bbox 1377 1414 1747 1476; x_wconf 89' lang='lat' dir='ltr'><strong>sacerdotalis,</strong></span> <span class='ocrx_word' id='word_1_99' title='bbox 1769 1414 2030 1482; x_wconf 78' lang='lat' dir='ltr'><strong>insignes.</strong></span> <span class='ocrx_word' id='word_1_100' title='bbox 2054 1413 2127 1467; x_wconf 77' lang='lat' dir='ltr'><strong>Ex</strong></span> <span class='ocrx_word' id='word_1_101' title='bbox 2150 1426 2298 1468; x_wconf 89' lang='lat' dir='ltr'><strong>utra-</strong></span> 
     </span>
    </p>
   </div>
   <div class='ocr_carea' id='block_1_16' title="bbox 737 1505 2303 1574">
    <p class='ocr_par' dir='ltr' id='par_1_16' title="bbox 737 1505 2303 1574">
     <span class='ocr_line' id='line_1_16' title="bbox 737 1505 2303 1574; baseline 0.002 -17"><span class='ocrx_word' id='word_1_102' title='bbox 737 1522 842 1572; x_wconf 87' lang='lat' dir='ltr'><strong>que</strong></span> <span class='ocrx_word' id='word_1_103' title='bbox 881 1506 1025 1558; x_wconf 88' lang='lat' dir='ltr'><strong>enim</strong></span> <span class='ocrx_word' id='word_1_104' title='bbox 1059 1505 1288 1558; x_wconf 88' lang='lat' dir='ltr'><strong>duarum</strong></span> <span class='ocrx_word' id='word_1_105' title='bbox 1320 1505 1532 1556; x_wconf 86' lang='lat' dir='ltr'><strong>illarum</strong></span> <span class='ocrx_word' id='word_1_106' title='bbox 1568 1505 1831 1564; x_wconf 81' lang='lat' dir='ltr'><strong>tribuum,</strong></span> <span class='ocrx_word' id='word_1_107' title='bbox 1867 1519 1987 1572; x_wconf 67' lang='lat' dir='ltr'><strong>quae</strong></span> <span class='ocrx_word' id='word_1_108' title='bbox 2017 1505 2126 1574; x_wconf 85' lang='lat' dir='ltr'><strong>jam</strong></span> <span class='ocrx_word' id='word_1_109' title='bbox 2179 1506 2303 1561; x_wconf 88' lang='lat' dir='ltr'><strong>inde</strong></span> 
     </span>
    </p>
   </div>
   <div class='ocr_carea' id='block_1_17' title="bbox 737 1593 2304 1667">
    <p class='ocr_par' dir='ltr' id='par_1_17' title="bbox 737 1593 2304 1667">
     <span class='ocr_line' id='line_1_17' title="bbox 737 1593 2304 1667; baseline 0.001 -18"><span class='ocrx_word' id='word_1_110' title='bbox 737 1597 805 1649; x_wconf 86' lang='lat' dir='ltr'><strong>ab</strong></span> <span class='ocrx_word' id='word_1_111' title='bbox 843 1596 994 1648; x_wconf 89' lang='lat' dir='ltr'><strong>initio</strong></span> <span class='ocrx_word' id='word_1_112' title='bbox 1048 1595 1276 1649; x_wconf 79' lang='lat' dir='ltr'><strong>diversis</strong></span> <span class='ocrx_word' id='word_1_113' title='bbox 1324 1595 1500 1648; x_wconf 85' lang='lat' dir='ltr'><strong>modis</strong></span> <span class='ocrx_word' id='word_1_114' title='bbox 1552 1595 1822 1664; x_wconf 69' lang='lat' dir='ltr'><strong>permistre</strong></span> <span class='ocrx_word' id='word_1_115' title='bbox 1860 1593 2097 1662; x_wconf 79' lang='lat' dir='ltr'><strong>fuerant,</strong></span> <span class='ocrx_word' id='word_1_116' title='bbox 2132 1612 2304 1667; x_wconf 88' lang='lat' dir='ltr'><strong>genus</strong></span> 
     </span>
    </p>
   </div>
   <div class='ocr_carea' id='block_1_18' title="bbox 738 1683 1355 1752">
    <p class='ocr_par' dir='ltr' id='par_1_18' title="bbox 738 1683 1355 1752">
     <span class='ocr_line' id='line_1_18' title="bbox 738 1683 1355 1752; baseline -0.003 -16"><span class='ocrx_word' id='word_1_117' title='bbox 738 1699 895 1736; x_wconf 90' lang='lat' dir='ltr'><strong>suum</strong></span> <span class='ocrx_word' id='word_1_118' title='bbox 933 1683 1157 1752; x_wconf 86' lang='lat' dir='ltr'><strong>Deipara</strong></span> <span class='ocrx_word' id='word_1_119' title='bbox 1188 1683 1355 1736; x_wconf 91' lang='lat' dir='ltr'><strong>ducit.</strong></span> 
     </span>
    </p>
   </div>
   <div class='ocr_carea' id='block_1_19' title="bbox 815 1773 2302 1843">
    <p class='ocr_par' dir='ltr' id='par_1_19' title="bbox 815 1773 2302 1843">
     <span class='ocr_line' id='line_1_19' title="bbox 815 1773 2302 1843; baseline 0.004 -17"><span class='ocrx_word' id='word_1_120' title='bbox 815 1774 948 1826; x_wconf 69' lang='lat' dir='ltr'><strong>Vlll.</strong></span> <span class='ocrx_word' id='word_1_121' title='bbox 979 1773 1228 1828; x_wconf 86' lang='lat' dir='ltr'><strong>Ceterum</strong></span> <span class='ocrx_word' id='word_1_122' title='bbox 1289 1774 1355 1827; x_wconf 89' lang='lat' dir='ltr'><strong>de</strong></span> <span class='ocrx_word' id='word_1_123' title='bbox 1415 1773 1747 1842; x_wconf 81' lang='lat' dir='ltr'><strong>genttoriims</strong></span> <span class='ocrx_word' id='word_1_124' title='bbox 1806 1774 2049 1843; x_wconf 73' lang='lat' dir='ltr'><strong>Deiparae</strong></span> <span class='ocrx_word' id='word_1_125' title='bbox 2097 1787 2150 1830; x_wconf 92' lang='lat' dir='ltr'><strong>et</strong></span> <span class='ocrx_word' id='word_1_126' title='bbox 2199 1778 2302 1832; x_wconf 87' lang='lat' dir='ltr'><strong>ista</strong></span> 
     </span>
    </p>
   </div>
   <div class='ocr_carea' id='block_1_20' title="bbox 2412 595 3983 666">
    <p class='ocr_par' dir='ltr' id='par_1_20' title="bbox 2412 595 3983 666">
     <span class='ocr_line' id='line_1_20' title="bbox 2412 595 3983 666; baseline -0.001 -18"><span class='ocrx_word' id='word_1_127' title='bbox 2412 597 2564 664; x_wconf 83' lang='grc' dir='ltr'>ὑμῶν</span> <span class='ocrx_word' id='word_1_128' title='bbox 2597 597 2666 647; x_wconf 86' lang='grc' dir='ltr'><strong>ἐν</strong></span> <span class='ocrx_word' id='word_1_129' title='bbox 2692 598 2816 661; x_wconf 73' lang='grc' dir='ltr'>τοῖς</span> <span class='ocrx_word' id='word_1_130' title='bbox 2844 596 3145 664; x_wconf 78' lang='grc' dir='ltr'>οὐρανοῖς.</span> <span class='ocrx_word' id='word_1_131' title='bbox 3190 597 3382 666; x_wconf 86' lang='grc' dir='ltr'>Ὑμεῖς</span> <span class='ocrx_word' id='word_1_132' title='bbox 3403 596 3510 666; x_wconf 80' lang='grc' dir='ltr'><strong>γάρ</strong></span> <span class='ocrx_word' id='word_1_133' title='bbox 3539 597 3660 648; x_wconf 65' lang='grc' dir='ltr'>ἕστε</span> <span class='ocrx_word' id='word_1_134' title='bbox 3693 598 3741 648; x_wconf 84' lang='grc' dir='ltr'>οἱ</span> <span class='ocrx_word' id='word_1_135' title='bbox 3771 596 3859 648; x_wconf 73' lang='grc' dir='ltr'><strong>διὰ</strong></span> <span class='ocrx_word' id='word_1_136' title='bbox 3884 595 3983 664; x_wconf 78' lang='grc' dir='ltr'><strong>τὴν</strong></span> 
     </span>
    </p>
   </div>
   <div class='ocr_carea' id='block_1_21' title="bbox 2410 688 3982 760">
    <p class='ocr_par' dir='ltr' id='par_1_21' title="bbox 2410 688 3982 760">
     <span class='ocr_line' id='line_1_21' title="bbox 2410 688 3982 760; baseline -0.002 -19"><span class='ocrx_word' id='word_1_137' title='bbox 2410 688 2663 741; x_wconf 83' lang='grc' dir='ltr'>ἀτεκνίαν</span> <span class='ocrx_word' id='word_1_138' title='bbox 2693 688 3079 751; x_wconf 80' lang='grc' dir='ltr'>ὀνειδισθέντες</span> <span class='ocrx_word' id='word_1_139' title='bbox 3111 689 3277 756; x_wconf 74' lang='grc' dir='ltr'>ἅγιοι,</span> <span class='ocrx_word' id='word_1_140' title='bbox 3304 690 3399 743; x_wconf 80' lang='grc' dir='ltr'><strong>καὶ</strong></span> <span class='ocrx_word' id='word_1_141' title='bbox 3422 689 3684 760; x_wconf 72' lang='grc' dir='ltr'>ῥημάτων</span> <span class='ocrx_word' id='word_1_142' title='bbox 3711 689 3982 742; x_wconf 72' lang='grc' dir='ltr'>ἀκούσαν-</span> 
     </span>
    </p>
   </div>
   <div class='ocr_carea' id='block_1_22' title="bbox 2409 777 3982 850">
    <p class='ocr_par' dir='ltr' id='par_1_22' title="bbox 2409 777 3982 850">
     <span class='ocr_line' id='line_1_22' title="bbox 2409 777 3982 850; baseline 0.001 -23"><span class='ocrx_word' id='word_1_143' title='bbox 2409 793 2501 838; x_wconf 82' lang='grc' dir='ltr'><strong>τες</strong></span> <span class='ocrx_word' id='word_1_144' title='bbox 2531 777 2806 846; x_wconf 76' lang='grc' dir='ltr'>πονηρῶν.</span> <span class='ocrx_word' id='word_1_145' title='bbox 2861 778 3003 831; x_wconf 81' lang='grc' dir='ltr'><strong>Ἀλλ’</strong></span> <span class='ocrx_word' id='word_1_146' title='bbox 3039 779 3436 849; x_wconf 60' lang='grc' dir='ltr'>εὐφρανθέντες</span> <span class='ocrx_word' id='word_1_147' title='bbox 3484 781 3602 850; x_wconf 86' lang='grc' dir='ltr'>μετ’</span> <span class='ocrx_word' id='word_1_148' title='bbox 3653 781 3835 845; x_wconf 83' lang='grc' dir='ltr'><strong>ὀλίγον</strong></span> <span class='ocrx_word' id='word_1_149' title='bbox 3886 779 3982 831; x_wconf 76' lang='grc' dir='ltr'><strong>ἐπὶ</strong></span> 
     </span>
    </p>
   </div>
   <div class='ocr_carea' id='block_1_23' title="bbox 2407 868 3980 939">
    <p class='ocr_par' dir='ltr' id='par_1_23' title="bbox 2407 868 3980 939">
     <span class='ocr_line' id='line_1_23' title="bbox 2407 868 3980 939; baseline 0.001 -21"><span class='ocrx_word' id='word_1_150' title='bbox 2407 869 2770 932; x_wconf 84' lang='grc' dir='ltr'>τεκνογονίαν,</span> <span class='ocrx_word' id='word_1_151' title='bbox 2790 869 2883 921; x_wconf 75' lang='grc' dir='ltr'><strong>καὶ</strong></span> <span class='ocrx_word' id='word_1_152' title='bbox 2909 869 3069 939; x_wconf 82' lang='grc' dir='ltr'>ἀρκεῖ</span> <span class='ocrx_word' id='word_1_153' title='bbox 3098 870 3226 938; x_wconf 82' lang='grc' dir='ltr'>ὑμῖν</span> <span class='ocrx_word' id='word_1_154' title='bbox 3256 869 3391 939; x_wconf 80' lang='grc' dir='ltr'>πρὸς</span> <span class='ocrx_word' id='word_1_155' title='bbox 3422 868 3642 923; x_wconf 80' lang='grc' dir='ltr'>ἔπαινον</span> <span class='ocrx_word' id='word_1_156' title='bbox 3667 871 3730 922; x_wconf 84' lang='grc' dir='ltr'><strong>τὸ</strong></span> <span class='ocrx_word' id='word_1_157' title='bbox 3762 870 3980 939; x_wconf 82' lang='grc' dir='ltr'>μητέρα</span> 
     </span>
    </p>
   </div>
   <div class='ocr_carea' id='block_1_24' title="bbox 2409 957 2982 1025">
    <p class='ocr_par' dir='ltr' id='par_1_24' title="bbox 2409 957 2982 1025">
     <span class='ocr_line' id='line_1_24' title="bbox 2409 957 2982 1025; baseline 0.005 -15"><span class='ocrx_word' id='word_1_158' title='bbox 2409 957 2544 1011; x_wconf 78' lang='grc' dir='ltr'>Θεοῦ</span> <span class='ocrx_word' id='word_1_159' title='bbox 2573 960 2982 1025; x_wconf 80' lang='grc' dir='ltr'><strong>γεγεννηκέναι.</strong></span> 
     </span>
    </p>
   </div>
   <div class='ocr_carea' id='block_1_25' title="bbox 2491 1045 3978 1116">
    <p class='ocr_par' dir='ltr' id='par_1_25' title="bbox 2491 1045 3978 1116">
     <span class='ocr_line' id='line_1_25' title="bbox 2491 1045 3978 1116; baseline -0.001 -18"><span class='ocrx_word' id='word_1_160' title='bbox 2491 1045 2727 1112; x_wconf 80' lang='grc' dir='ltr'>Ἀληθῶς</span> <span class='ocrx_word' id='word_1_161' title='bbox 2763 1046 2892 1114; x_wconf 83' lang='grc' dir='ltr'>γὰρ,</span> <span class='ocrx_word' id='word_1_162' title='bbox 2920 1047 2995 1108; x_wconf 80' lang='grc' dir='ltr'>ὼς</span> <span class='ocrx_word' id='word_1_163' title='bbox 3037 1046 3201 1110; x_wconf 81' lang='grc' dir='ltr'>ἄξιοι,</span> <span class='ocrx_word' id='word_1_164' title='bbox 3247 1045 3670 1116; x_wconf 82' lang='grc' dir='ltr'>προωρίσθησαν</span> <span class='ocrx_word' id='word_1_165' title='bbox 3700 1047 3748 1098; x_wconf 89' lang='grc' dir='ltr'><strong>οί</strong></span> <span class='ocrx_word' id='word_1_166' title='bbox 3779 1046 3978 1098; x_wconf 83' lang='grc' dir='ltr'>δίκαιοι</span> 
     </span>
    </p>
   </div>
   <div class='ocr_carea' id='block_1_26' title="bbox 2407 1136 3978 1208">
    <p class='ocr_par' dir='ltr' id='par_1_26' title="bbox 2407 1136 3978 1208">
     <span class='ocr_line' id='line_1_26' title="bbox 2407 1136 3978 1208; baseline 0.001 -20"><span class='ocrx_word' id='word_1_167' title='bbox 2407 1136 2507 1206; x_wconf 83' lang='grc' dir='ltr'><strong>τῆς</strong></span> <span class='ocrx_word' id='word_1_168' title='bbox 2539 1139 2798 1190; x_wconf 81' lang='grc' dir='ltr'>Θεοτόκου</span> <span class='ocrx_word' id='word_1_169' title='bbox 2826 1139 3170 1208; x_wconf 79' lang='grc' dir='ltr'>γεννήτορες,</span> <span class='ocrx_word' id='word_1_170' title='bbox 3199 1140 3553 1206; x_wconf 78' lang='grc' dir='ltr'>συγγενιᾶσαι</span> <span class='ocrx_word' id='word_1_171' title='bbox 3588 1138 3806 1207; x_wconf 77' lang='grc' dir='ltr'><strong>Χριστῷ</strong></span> <span class='ocrx_word' id='word_1_172' title='bbox 3836 1138 3978 1190; x_wconf 78' lang='grc' dir='ltr'><strong>κατὰ</strong></span> 
     </span>
    </p>
   </div>
   <div class='ocr_carea' id='block_1_27' title="bbox 2411 1227 3980 1298">
    <p class='ocr_par' dir='ltr' id='par_1_27' title="bbox 2411 1227 3980 1298">
     <span class='ocr_line' id='line_1_27' title="bbox 2411 1227 3980 1298; baseline -0.001 -18"><span class='ocrx_word' id='word_1_173' title='bbox 2411 1229 2609 1297; x_wconf 72' lang='grc' dir='ltr'>σάρκα,</span> <span class='ocrx_word' id='word_1_174' title='bbox 2647 1230 2742 1280; x_wconf 77' lang='grc' dir='ltr'>καὶ</span> <span class='ocrx_word' id='word_1_175' title='bbox 2775 1230 2852 1290; x_wconf 87' lang='grc' dir='ltr'><strong>ὡς</strong></span> <span class='ocrx_word' id='word_1_176' title='bbox 2876 1231 2941 1282; x_wconf 83' lang='grc' dir='ltr'>ὲκ</span> <span class='ocrx_word' id='word_1_177' title='bbox 2968 1230 3160 1297; x_wconf 82' lang='grc' dir='ltr'><strong>γένους</strong></span> <span class='ocrx_word' id='word_1_178' title='bbox 3193 1229 3492 1298; x_wconf 74' lang='grc' dir='ltr'>ἐπισήμου,</span> <span class='ocrx_word' id='word_1_179' title='bbox 3525 1227 3807 1298; x_wconf 73' lang='grc' dir='ltr'><strong>βασιλικοῦ</strong></span> <span class='ocrx_word' id='word_1_180' title='bbox 3835 1228 3980 1292; x_wconf 79' lang='grc' dir='ltr'>).ἐγω</span> 
     </span>
    </p>
   </div>
   <div class='ocr_carea' id='block_1_28' title="bbox 2409 1319 3979 1390">
    <p class='ocr_par' dir='ltr' id='par_1_28' title="bbox 2409 1319 3979 1390">
     <span class='ocr_line' id='line_1_28' title="bbox 2409 1319 3979 1390; baseline -0.003 -18"><span class='ocrx_word' id='word_1_181' title='bbox 2409 1322 2502 1374; x_wconf 79' lang='grc' dir='ltr'><strong>καὶ</strong></span> <span class='ocrx_word' id='word_1_182' title='bbox 2533 1319 2827 1390; x_wconf 75' lang='grc' dir='ltr'><strong>ἱερατικοῦ,</strong></span> <span class='ocrx_word' id='word_1_183' title='bbox 2857 1321 3175 1390; x_wconf 81' lang='grc' dir='ltr'>τιμηθῆναι.</span> <span class='ocrx_word' id='word_1_184' title='bbox 3213 1319 3303 1383; x_wconf 78' lang='grc' dir='ltr'>Ἐξ</span> <span class='ocrx_word' id='word_1_185' title='bbox 3320 1320 3488 1388; x_wconf 60' lang='grc' dir='ltr'>ἄμφω</span> <span class='ocrx_word' id='word_1_186' title='bbox 3516 1320 3624 1389; x_wconf 73' lang='grc' dir='ltr'><strong>γὰρ</strong></span> <span class='ocrx_word' id='word_1_187' title='bbox 3652 1321 3684 1388; x_wconf 74' lang='grc' dir='ltr'><strong>ἡ</strong></span> <span class='ocrx_word' id='word_1_188' title='bbox 3715 1319 3979 1379; x_wconf 80' lang='grc' dir='ltr'>Θεοτόκος</span> 
     </span>
    </p>
   </div>
   <div class='ocr_carea' id='block_1_29' title="bbox 2410 1401 3977 1480">
    <p class='ocr_par' dir='ltr' id='par_1_29' title="bbox 2410 1401 3977 1480">
     <span class='ocr_line' id='line_1_29' title="bbox 2410 1401 3977 1480; baseline 0 -18"><span class='ocrx_word' id='word_1_189' title='bbox 2410 1413 2808 1480; x_wconf 80' lang='grc' dir='ltr'>γενεαλογεῖται</span> <span class='ocrx_word' id='word_1_190' title='bbox 2847 1401 3155 1480; x_wconf 69' lang='grc' dir='ltr'>ἓπιμίκτων</span> <span class='ocrx_word' id='word_1_191' title='bbox 3187 1411 3294 1462; x_wconf 91' lang='grc' dir='ltr'><strong>τῶν</strong></span> <span class='ocrx_word' id='word_1_192' title='bbox 3333 1412 3424 1462; x_wconf 81' lang='grc' dir='ltr'><strong>δύο</strong></span> <span class='ocrx_word' id='word_1_193' title='bbox 3458 1411 3639 1478; x_wconf 78' lang='grc' dir='ltr'>φυλῶν</span> <span class='ocrx_word' id='word_1_194' title='bbox 3673 1410 3767 1463; x_wconf 83' lang='grc' dir='ltr'><strong>ἀπ’</strong></span> <span class='ocrx_word' id='word_1_195' title='bbox 3804 1409 3977 1479; x_wconf 70' lang='grc' dir='ltr'>ἀρχῆς</span> 
     </span>
    </p>
   </div>
   <div class='ocr_carea' id='block_1_30' title="bbox 2409 1500 3522 1580">
    <p class='ocr_par' dir='ltr' id='par_1_30' title="bbox 2409 1500 3522 1580">
     <span class='ocr_line' id='line_1_30' title="bbox 2409 1500 3522 1580; baseline -0.002 -26"><span class='ocrx_word' id='word_1_196' title='bbox 2409 1503 2550 1554; x_wconf 75' lang='grc' dir='ltr'>κατὰ</span> <span class='ocrx_word' id='word_1_197' title='bbox 2580 1502 2874 1572; x_wconf 76' lang='grc' dir='ltr'><strong>διαφόρους</strong></span> <span class='ocrx_word' id='word_1_198' title='bbox 2911 1502 3148 1571; x_wconf 78' lang='grc' dir='ltr'><strong>τρόπους</strong></span> <span class='ocrx_word' id='word_1_199' title='bbox 3187 1500 3522 1580; x_wconf 32' lang='grc' dir='ltr'>γενομένων..</span> 
     </span>
    </p>
   </div>
   <div class='ocr_carea' id='block_1_31' title="bbox 2484 1774 3984 1844">
    <p class='ocr_par' dir='ltr' id='par_1_31' title="bbox 2484 1774 3984 1844">
     <span class='ocr_line' id='line_1_31' title="bbox 2484 1774 3984 1844; baseline -0.007 -10"><span class='ocrx_word' id='word_1_200' title='bbox 2484 1779 2567 1835; x_wconf 83' lang='lat' dir='ltr'><strong>H&#39;.</strong></span> <span class='ocrx_word' id='word_1_201' title='bbox 2603 1779 2769 1833; x_wconf 82' lang='grc' dir='ltr'>Ἔνθα</span> <span class='ocrx_word' id='word_1_202' title='bbox 2806 1777 2990 1831; x_wconf 75' lang='grc' dir='ltr'>λοιπὸν</span> <span class='ocrx_word' id='word_1_203' title='bbox 3026 1777 3123 1830; x_wconf 75' lang='grc' dir='ltr'><strong>καὶ</strong></span> <span class='ocrx_word' id='word_1_204' title='bbox 3170 1777 3266 1831; x_wconf 75' lang='grc' dir='ltr'><strong>ἐπὶ</strong></span> <span class='ocrx_word' id='word_1_205' title='bbox 3311 1776 3421 1828; x_wconf 86' lang='grc' dir='ltr'><strong>τῶν</strong></span> <span class='ocrx_word' id='word_1_206' title='bbox 3468 1775 3566 1844; x_wconf 82' lang='grc' dir='ltr'>τῆς</span> <span class='ocrx_word' id='word_1_207' title='bbox 3596 1774 3860 1828; x_wconf 81' lang='grc' dir='ltr'>Θεοτόκου</span> <span class='ocrx_word' id='word_1_208' title='bbox 3895 1790 3984 1838; x_wconf 80' lang='grc' dir='ltr'>γο-</span> 
     </span>
    </p>
   </div>
   <div class='ocr_carea' id='block_1_32' title="bbox 736 1859 2407 1940">
    <p class='ocr_par' dir='ltr' id='par_1_32' title="bbox 736 1859 2381 1939">
     <span class='ocr_line' id='line_1_32' title="bbox 736 1859 2381 1939; baseline 0.007 -22"><span class='ocrx_word' id='word_1_209' title='bbox 736 1865 824 1919; x_wconf 77' lang='grc' dir='ltr'><strong>1ιίο</strong></span> <span class='ocrx_word' id='word_1_210' title='bbox 883 1865 1043 1933; x_wconf 79' lang='lat' dir='ltr'><strong>adjici</strong></span> <span class='ocrx_word' id='word_1_211' title='bbox 1112 1877 1339 1935; x_wconf 91' lang='lat' dir='ltr'><strong>possunt</strong></span> <span class='ocrx_word' id='word_1_212' title='bbox 1365 1865 1406 1920; x_wconf 76' lang='grc'><strong>⁸.</strong></span> <span class='ocrx_word' id='word_1_213' title='bbox 1443 1863 1756 1925; x_wconf 85' lang='lat' dir='ltr'><strong>Zacharias.</strong></span> <span class='ocrx_word' id='word_1_214' title='bbox 1786 1865 2012 1923; x_wconf 82' lang='lat' dir='ltr'><strong>Joannis</strong></span> <span class='ocrx_word' id='word_1_215' title='bbox 2053 1871 2307 1939; x_wconf 70' lang='lat' dir='ltr'><strong>Baptista:</strong></span> <span class='ocrx_word' id='word_1_216' title='bbox 2335 1859 2381 1918; x_wconf 80' lang='grc' dir='ltr'><strong>Β</strong></span> 
     </span>
    </p>
   </div>
   <div class='ocr_carea' id='block_1_33' title="bbox 2312 1859 3983 1940">
    <p class='ocr_par' dir='ltr' id='par_1_33' title="bbox 2335 1859 3983 1940">
     <span class='ocr_line' id='line_1_33' title="bbox 2335 1859 3983 1940; baseline -0.007 -14"><span class='ocrx_word' id='word_1_217' title='bbox 2335 1859 2381 1918; x_wconf 79' lang='grc' dir='ltr'><strong>Β</strong></span> <span class='ocrx_word' id='word_1_218' title='bbox 2410 1874 2545 1926; x_wconf 78' lang='grc' dir='ltr'>νέων</span> <span class='ocrx_word' id='word_1_219' title='bbox 2583 1871 2774 1933; x_wconf 81' lang='grc' dir='ltr'>οὕτως.</span> <span class='ocrx_word' id='word_1_220' title='bbox 2809 1870 3152 1940; x_wconf 82' lang='grc' dir='ltr'>Ζαχαρίας,ὀ</span> <span class='ocrx_word' id='word_1_221' title='bbox 3178 1868 3357 1938; x_wconf 80' lang='grc' dir='ltr'>πατὴρ</span> <span class='ocrx_word' id='word_1_222' title='bbox 3392 1867 3640 1920; x_wconf 80' lang='grc' dir='ltr'>Ἰωάννου</span> <span class='ocrx_word' id='word_1_223' title='bbox 3658 1865 3749 1918; x_wconf 90' lang='grc' dir='ltr'><strong>τοῦ</strong></span> <span class='ocrx_word' id='word_1_224' title='bbox 3779 1865 3983 1917; x_wconf 70' lang='lat' dir='ltr'><strong>Barm-</strong></span> 
     </span>
    </p>
   </div>
   <div class='ocr_carea' id='block_1_34' title="bbox 738 1956 2306 2026">
    <p class='ocr_par' dir='ltr' id='par_1_34' title="bbox 738 1956 2306 2026">
     <span class='ocr_line' id='line_1_34' title="bbox 738 1956 2306 2026; baseline 0.006 -22"><span class='ocrx_word' id='word_1_225' title='bbox 738 1963 911 2024; x_wconf 75' lang='lat' dir='ltr'><strong>pater,</strong></span> <span class='ocrx_word' id='word_1_226' title='bbox 940 1956 1156 2009; x_wconf 88' lang='lat' dir='ltr'><strong>fratrem</strong></span> <span class='ocrx_word' id='word_1_227' title='bbox 1180 1956 1624 2010; x_wconf 88' lang='lat' dir='ltr'><strong>consacerdotem</strong></span> <span class='ocrx_word' id='word_1_228' title='bbox 1655 1956 1864 2020; x_wconf 90' lang='lat' dir='ltr'><strong>habuit,</strong></span> <span class='ocrx_word' id='word_1_229' title='bbox 1889 1958 2068 2026; x_wconf 68' lang='lat' dir='ltr'><strong>Aggmi</strong></span> <span class='ocrx_word' id='word_1_230' title='bbox 2093 1961 2306 2014; x_wconf 87' lang='lat' dir='ltr'><strong>nomine</strong></span> 
     </span>
    </p>
   </div>
   <div class='ocr_carea' id='block_1_35' title="bbox 737 2049 2305 2122">
    <p class='ocr_par' dir='ltr' id='par_1_35' title="bbox 737 2049 2305 2122">
     <span class='ocr_line' id='line_1_35' title="bbox 737 2049 2305 2122; baseline 0.005 -24"><span class='ocrx_word' id='word_1_231' title='bbox 737 2049 1090 2115; x_wconf 78' lang='lat' dir='ltr'><strong>appellatum,</strong></span> <span class='ocrx_word' id='word_1_232' title='bbox 1111 2049 1200 2116; x_wconf 88' lang='lat' dir='ltr'><strong>qui</strong></span> <span class='ocrx_word' id='word_1_233' title='bbox 1229 2057 1281 2101; x_wconf 89' lang='lat' dir='ltr'><strong>et</strong></span> <span class='ocrx_word' id='word_1_234' title='bbox 1307 2049 1407 2116; x_wconf 90' lang='lat' dir='ltr'><strong>ipsi</strong></span> <span class='ocrx_word' id='word_1_235' title='bbox 1434 2063 1651 2117; x_wconf 71' lang='lat' dir='ltr'><strong>praemot</strong></span> <span class='ocrx_word' id='word_1_236' title='bbox 1667 2059 1792 2104; x_wconf 90' lang='lat' dir='ltr'><strong>tuus</strong></span> <span class='ocrx_word' id='word_1_237' title='bbox 1813 2059 1913 2104; x_wconf 87' lang='lat' dir='ltr'><strong>est.</strong></span> <span class='ocrx_word' id='word_1_238' title='bbox 1937 2051 2108 2120; x_wconf 81' lang='lat' dir='ltr'><strong>Hujus</strong></span> <span class='ocrx_word' id='word_1_239' title='bbox 2129 2053 2305 2122; x_wconf 66' lang='grc' dir='ltr'><strong>Αεμωί</strong></span> 
     </span>
    </p>
   </div>
   <div class='ocr_carea' id='block_1_36' title="bbox 739 2136 2307 2212">
    <p class='ocr_par' dir='ltr' id='par_1_36' title="bbox 739 2136 2307 2212">
     <span class='ocr_line' id='line_1_36' title="bbox 739 2136 2307 2212; baseline 0.008 -26"><span class='ocrx_word' id='word_1_240' title='bbox 739 2137 899 2188; x_wconf 83' lang='lat' dir='ltr'><strong>ﬁliam</strong></span> <span class='ocrx_word' id='word_1_241' title='bbox 950 2137 1002 2188; x_wconf 91' lang='lat' dir='ltr'><strong>in</strong></span> <span class='ocrx_word' id='word_1_242' title='bbox 1049 2137 1438 2190; x_wconf 88' lang='lat' dir='ltr'><strong>matrimonum</strong></span> <span class='ocrx_word' id='word_1_243' title='bbox 1473 2136 1625 2191; x_wconf 81' lang='lat' dir='ltr'><strong>duxit</strong></span> <span class='ocrx_word' id='word_1_244' title='bbox 1657 2136 1858 2207; x_wconf 86' lang='lat' dir='ltr'><strong>Joseph</strong></span> <span class='ocrx_word' id='word_1_245' title='bbox 1903 2138 2092 2204; x_wconf 85' lang='lat' dir='ltr'><strong>faber;</strong></span> <span class='ocrx_word' id='word_1_246' title='bbox 2132 2158 2162 2196; x_wconf 91' lang='lat' dir='ltr'><strong>e</strong></span> <span class='ocrx_word' id='word_1_247' title='bbox 2198 2159 2307 2212; x_wconf 91' lang='lat' dir='ltr'><strong>qua</strong></span> 
     </span>
    </p>
   </div>
   <div class='ocr_carea' id='block_1_37' title="bbox 744 2230 2309 2301">
    <p class='ocr_par' dir='ltr' id='par_1_37' title="bbox 744 2230 2309 2301">
     <span class='ocr_line' id='line_1_37' title="bbox 744 2230 2309 2301; baseline 0.006 -22"><span class='ocrx_word' id='word_1_248' title='bbox 744 2239 979 2296; x_wconf 81' lang='lat' dir='ltr'><strong>quatuor</strong></span> <span class='ocrx_word' id='word_1_249' title='bbox 1007 2230 1242 2299; x_wconf 88' lang='lat' dir='ltr'><strong>suscepit</strong></span> <span class='ocrx_word' id='word_1_250' title='bbox 1277 2231 1436 2291; x_wconf 85' lang='lat' dir='ltr'><strong>filios.</strong></span> <span class='ocrx_word' id='word_1_251' title='bbox 1469 2246 1534 2285; x_wconf 84' lang='lat' dir='ltr'><strong>ac</strong></span> <span class='ocrx_word' id='word_1_252' title='bbox 1550 2231 1685 2285; x_wconf 88' lang='lat' dir='ltr'><strong>duas</strong></span> <span class='ocrx_word' id='word_1_253' title='bbox 1719 2231 1879 2294; x_wconf 85' lang='lat' dir='ltr'><strong>filias,</strong></span> <span class='ocrx_word' id='word_1_254' title='bbox 1907 2247 2137 2301; x_wconf 89' lang='lat' dir='ltr'><strong>quorum</strong></span> <span class='ocrx_word' id='word_1_255' title='bbox 2169 2251 2309 2290; x_wconf 92' lang='lat' dir='ltr'><strong>unus</strong></span> 
     </span>
    </p>
   </div>
   <div class='ocr_carea' id='block_1_38' title="bbox 740 2319 2309 2393">
    <p class='ocr_par' dir='ltr' id='par_1_38' title="bbox 740 2319 2309 2393">
     <span class='ocr_line' id='line_1_38' title="bbox 740 2319 2309 2393; baseline 0.004 -20"><span class='ocrx_word' id='word_1_256' title='bbox 740 2319 840 2373; x_wconf 90' lang='lat' dir='ltr'><strong>fuit</strong></span> <span class='ocrx_word' id='word_1_257' title='bbox 874 2321 1131 2386; x_wconf 80' lang='lat' dir='ltr'><strong>Jacobus,</strong></span> <span class='ocrx_word' id='word_1_258' title='bbox 1169 2322 1587 2390; x_wconf 82' lang='lat' dir='ltr'><strong>cegnominatus</strong></span> <span class='ocrx_word' id='word_1_259' title='bbox 1625 2320 1792 2376; x_wconf 88' lang='lat' dir='ltr'><strong>frater</strong></span> <span class='ocrx_word' id='word_1_260' title='bbox 1853 2323 2079 2389; x_wconf 88' lang='lat' dir='ltr'><strong>Christi,</strong></span> <span class='ocrx_word' id='word_1_261' title='bbox 2106 2327 2198 2393; x_wconf 93' lang='lat' dir='ltr'><strong>qui</strong></span> <span class='ocrx_word' id='word_1_262' title='bbox 2255 2336 2309 2380; x_wconf 83' lang='lat' dir='ltr'><strong>et</strong></span> 
     </span>
    </p>
   </div>
   <div class='ocr_carea' id='block_1_39' title="bbox 739 2409 2306 2484">
    <p class='ocr_par' dir='ltr' id='par_1_39' title="bbox 739 2409 2306 2484">
     <span class='ocr_line' id='line_1_39' title="bbox 739 2409 2306 2484; baseline 0.008 -26"><span class='ocrx_word' id='word_1_263' title='bbox 739 2413 947 2477; x_wconf 79' lang='lat' dir='ltr'><strong>primus</strong></span> <span class='ocrx_word' id='word_1_264' title='bbox 972 2412 1178 2464; x_wconf 80' lang='lat' dir='ltr'><strong>exstitit</strong></span> <span class='ocrx_word' id='word_1_265' title='bbox 1208 2409 1713 2481; x_wconf 78' lang='lat' dir='ltr'><strong>Hierosolymorum</strong></span> <span class='ocrx_word' id='word_1_266' title='bbox 1755 2413 2075 2484; x_wconf 86' lang='lat' dir='ltr'><strong>episcopus;</strong></span> <span class='ocrx_word' id='word_1_267' title='bbox 2109 2431 2306 2471; x_wconf 90' lang='lat' dir='ltr'><strong>nomen</strong></span> 
     </span>
    </p>
   </div>
   <div class='ocr_carea' id='block_1_40' title="bbox 738 2501 2308 2574">
    <p class='ocr_par' dir='ltr' id='par_1_40' title="bbox 738 2501 2308 2574">
     <span class='ocr_line' id='line_1_40' title="bbox 738 2501 2308 2574; baseline 0.008 -23"><span class='ocrx_word' id='word_1_268' title='bbox 738 2512 916 2552; x_wconf 87' lang='lat' dir='ltr'><strong>autem</strong></span> <span class='ocrx_word' id='word_1_269' title='bbox 957 2501 1144 2555; x_wconf 81' lang='lat' dir='ltr'><strong>uxoris</strong></span> <span class='ocrx_word' id='word_1_270' title='bbox 1177 2502 1348 2570; x_wconf 86' lang='lat' dir='ltr'><strong>ipsius</strong></span> <span class='ocrx_word' id='word_1_271' title='bbox 1373 2512 1487 2556; x_wconf 88' lang='lat' dir='ltr'><strong>erat</strong></span> <span class='ocrx_word' id='word_1_272' title='bbox 1528 2502 1769 2568; x_wconf 86' lang='lat' dir='ltr'><strong>Salome,</strong></span> <span class='ocrx_word' id='word_1_273' title='bbox 1798 2520 1902 2558; x_wconf 90' lang='lat' dir='ltr'><strong>non</strong></span> <span class='ocrx_word' id='word_1_274' title='bbox 1952 2507 2171 2574; x_wconf 89' lang='lat' dir='ltr'><strong>quidem</strong></span> <span class='ocrx_word' id='word_1_275' title='bbox 2204 2509 2308 2563; x_wconf 87' lang='lat' dir='ltr'><strong>0b-</strong></span> 
     </span>
    </p>
   </div>
   <div class='ocr_carea' id='block_1_41' title="bbox 739 2593 2306 2669">
    <p class='ocr_par' dir='ltr' id='par_1_41' title="bbox 739 2593 2306 2669">
     <span class='ocr_line' id='line_1_41' title="bbox 739 2593 2306 2669; baseline 0.006 -25"><span class='ocrx_word' id='word_1_276' title='bbox 739 2594 952 2654; x_wconf 79' lang='lat' dir='ltr'><strong>su-trix,</strong></span> <span class='ocrx_word' id='word_1_277' title='bbox 990 2593 1081 2646; x_wconf 85' lang='lat' dir='ltr'><strong>sed</strong></span> <span class='ocrx_word' id='word_1_278' title='bbox 1115 2595 1252 2648; x_wconf 87' lang='lat' dir='ltr'><strong>alia.</strong></span> <span class='ocrx_word' id='word_1_279' title='bbox 1296 2594 1466 2648; x_wconf 83' lang='lat' dir='ltr'><strong>Porro</strong></span> <span class='ocrx_word' id='word_1_280' title='bbox 1498 2605 1617 2664; x_wconf 90' lang='lat' dir='ltr'><strong>post</strong></span> <span class='ocrx_word' id='word_1_281' title='bbox 1658 2595 1815 2664; x_wconf 88' lang='lat' dir='ltr'><strong>hujus</strong></span> <span class='ocrx_word' id='word_1_282' title='bbox 1855 2611 2082 2652; x_wconf 90' lang='lat' dir='ltr'><strong>mortem</strong></span> <span class='ocrx_word' id='word_1_283' title='bbox 2107 2598 2306 2669; x_wconf 83' lang='lat' dir='ltr'><strong>Joseph</strong></span> 
     </span>
    </p>
   </div>
   <div class='ocr_carea' id='block_1_42' title="bbox 738 2683 2308 2759">
    <p class='ocr_par' dir='ltr' id='par_1_42' title="bbox 738 2683 2308 2759">
     <span class='ocr_line' id='line_1_42' title="bbox 738 2683 2308 2759; baseline 0.007 -26"><span class='ocrx_word' id='word_1_284' title='bbox 738 2695 995 2748; x_wconf 80' lang='lat' dir='ltr'><strong>sponsam</strong></span> <span class='ocrx_word' id='word_1_285' title='bbox 1037 2683 1246 2752; x_wconf 89' lang='lat' dir='ltr'><strong>accepit</strong></span> <span class='ocrx_word' id='word_1_286' title='bbox 1307 2683 1532 2738; x_wconf 84' lang='lat' dir='ltr'><strong>Mariam</strong></span> <span class='ocrx_word' id='word_1_287' title='bbox 1601 2685 1906 2755; x_wconf 88' lang='lat' dir='ltr'><strong>Deiparam,</strong></span> <span class='ocrx_word' id='word_1_288' title='bbox 1941 2704 2060 2756; x_wconf 66' lang='lat' dir='ltr'><strong>quae</strong></span> <span class='ocrx_word' id='word_1_289' title='bbox 2114 2705 2308 2759; x_wconf 88' lang='lat' dir='ltr'><strong>genere</strong></span> 
     </span>
    </p>
   </div>
   <div class='ocr_carea' id='block_1_43' title="bbox 735 2774 2306 2846">
    <p class='ocr_par' dir='ltr' id='par_1_43' title="bbox 735 2774 2306 2846">
     <span class='ocr_line' id='line_1_43' title="bbox 735 2774 2306 2846; baseline 0.008 -23"><span class='ocrx_word' id='word_1_290' title='bbox 735 2780 985 2825; x_wconf 88' lang='lat' dir='ltr'><strong>materno</strong></span> <span class='ocrx_word' id='word_1_291' title='bbox 1038 2774 1303 2841; x_wconf 84' lang='lat' dir='ltr'><strong>originem</strong></span> <span class='ocrx_word' id='word_1_292' title='bbox 1363 2774 1619 2828; x_wconf 88' lang='lat' dir='ltr'><strong>trahebat</strong></span> <span class='ocrx_word' id='word_1_293' title='bbox 1657 2791 1685 2829; x_wconf 89' lang='lat' dir='ltr'><strong>e</strong></span> <span class='ocrx_word' id='word_1_294' title='bbox 1727 2776 1943 2830; x_wconf 72' lang='lat' dir='ltr'><strong>Mathan</strong></span> <span class='ocrx_word' id='word_1_295' title='bbox 2001 2781 2306 2846; x_wconf 85' lang='lat' dir='ltr'><strong>sacerdote,</strong></span> 
     </span>
    </p>
   </div>
   <div class='ocr_carea' id='block_1_44' title="bbox 737 2860 2309 2934">
    <p class='ocr_par' dir='ltr' id='par_1_44' title="bbox 737 2860 2309 2934">
     <span class='ocr_line' id='line_1_44' title="bbox 737 2860 2309 2934; baseline 0.008 -22"><span class='ocrx_word' id='word_1_296' title='bbox 737 2860 830 2927; x_wconf 89' lang='lat' dir='ltr'><strong>qui</strong></span> <span class='ocrx_word' id='word_1_297' title='bbox 865 2871 918 2915; x_wconf 91' lang='lat' dir='ltr'><strong>et</strong></span> <span class='ocrx_word' id='word_1_298' title='bbox 955 2862 1067 2928; x_wconf 89' lang='lat' dir='ltr'><strong>ipse</strong></span> <span class='ocrx_word' id='word_1_299' title='bbox 1099 2874 1214 2917; x_wconf 91' lang='lat' dir='ltr'><strong>erat</strong></span> <span class='ocrx_word' id='word_1_300' title='bbox 1247 2879 1311 2917; x_wconf 81' lang='lat' dir='ltr'><strong>ex</strong></span> <span class='ocrx_word' id='word_1_301' title='bbox 1339 2865 1509 2934; x_wconf 82' lang='lat' dir='ltr'><strong>stirpe</strong></span> <span class='ocrx_word' id='word_1_302' title='bbox 1539 2864 1871 2932; x_wconf 83' lang='lat' dir='ltr'><strong>Salomonis,</strong></span> <span class='ocrx_word' id='word_1_303' title='bbox 1906 2867 1998 2920; x_wconf 84' lang='lat' dir='ltr'><strong>filii</strong></span> <span class='ocrx_word' id='word_1_304' title='bbox 2034 2869 2222 2933; x_wconf 83' lang='lat' dir='ltr'><strong>David,</strong></span> <span class='ocrx_word' id='word_1_305' title='bbox 2253 2880 2309 2925; x_wconf 93' lang='lat' dir='ltr'><strong>ut</strong></span> 
     </span>
    </p>
   </div>
   <div class='ocr_carea' id='block_1_45' title="bbox 738 2950 2305 3027">
    <p class='ocr_par' dir='ltr' id='par_1_45' title="bbox 738 2950 2305 3027">
     <span class='ocr_line' id='line_1_45' title="bbox 738 2950 2305 3027; baseline 0.009 -24"><span class='ocrx_word' id='word_1_306' title='bbox 738 2951 897 3004; x_wconf 90' lang='lat' dir='ltr'><strong>habet</strong></span> <span class='ocrx_word' id='word_1_307' title='bbox 918 2950 1268 3021; x_wconf 81' lang='lat' dir='ltr'><strong>Evangelium</strong></span> <span class='ocrx_word' id='word_1_308' title='bbox 1294 2952 1574 3017; x_wconf 73' lang='lat' dir='ltr'><strong>Lucze,ubi</strong></span> <span class='ocrx_word' id='word_1_309' title='bbox 1601 2958 1965 3027; x_wconf 81' lang='lat' dir='ltr'><strong>genealogiam</strong></span> <span class='ocrx_word' id='word_1_310' title='bbox 1980 2960 2305 3016; x_wconf 89' lang='lat' dir='ltr'><strong>dominicam</strong></span> 
     </span>
    </p>
   </div>
   <div class='ocr_carea' id='block_1_46' title="bbox 736 3044 2307 3110">
    <p class='ocr_par' dir='ltr' id='par_1_46' title="bbox 736 3044 2307 3110">
     <span class='ocr_line' id='line_1_46' title="bbox 736 3044 2307 3110; baseline 0.008 -14"><span class='ocrx_word' id='word_1_311' title='bbox 736 3044 1014 3098; x_wconf 72' lang='lat' dir='ltr'><strong>describit.</strong></span> <span class='ocrx_word' id='word_1_312' title='bbox 1042 3047 1146 3098; x_wconf 86' lang='lat' dir='ltr'><strong>iste</strong></span> <span class='ocrx_word' id='word_1_313' title='bbox 1171 3047 1314 3099; x_wconf 89' lang='lat' dir='ltr'><strong>enim</strong></span> <span class='ocrx_word' id='word_1_314' title='bbox 1344 3046 1558 3101; x_wconf 84' lang='lat' dir='ltr'><strong>Mathan</strong></span> <span class='ocrx_word' id='word_1_315' title='bbox 1589 3064 1649 3102; x_wconf 80' lang='lat' dir='ltr'><strong>ex</strong></span> <span class='ocrx_word' id='word_1_316' title='bbox 1681 3049 1846 3104; x_wconf 77' lang='lat' dir='ltr'><strong>Maria</strong></span> <span class='ocrx_word' id='word_1_317' title='bbox 1879 3066 2045 3105; x_wconf 81' lang='lat' dir='ltr'><strong>uxore</strong></span> <span class='ocrx_word' id='word_1_318' title='bbox 2070 3069 2166 3107; x_wconf 89' lang='lat' dir='ltr'><strong>sua</strong></span> <span class='ocrx_word' id='word_1_319' title='bbox 2198 3063 2307 3110; x_wconf 88' lang='lat' dir='ltr'><strong>tres</strong></span> 
     </span>
    </p>
   </div>
   <div class='ocr_carea' id='block_1_47' title="bbox 739 3136 2303 3208">
    <p class='ocr_par' dir='ltr' id='par_1_47' title="bbox 739 3136 2303 3208">
     <span class='ocr_line' id='line_1_47' title="bbox 739 3136 2303 3208; baseline 0.007 -22"><span class='ocrx_word' id='word_1_320' title='bbox 739 3136 926 3189; x_wconf 87' lang='lat' dir='ltr'><strong>habuit</strong></span> <span class='ocrx_word' id='word_1_321' title='bbox 974 3137 1132 3201; x_wconf 87' lang='lat' dir='ltr'><strong>tilias,</strong></span> <span class='ocrx_word' id='word_1_322' title='bbox 1170 3153 1400 3205; x_wconf 89' lang='lat' dir='ltr'><strong>quarum</strong></span> <span class='ocrx_word' id='word_1_323' title='bbox 1457 3142 1674 3193; x_wconf 89' lang='lat' dir='ltr'><strong>nomina</strong></span> <span class='ocrx_word' id='word_1_324' title='bbox 1726 3151 1854 3194; x_wconf 86' lang='lat' dir='ltr'><strong>sunt</strong></span> <span class='ocrx_word' id='word_1_325' title='bbox 1883 3142 2072 3207; x_wconf 79' lang='lat' dir='ltr'><strong>Maria,</strong></span> <span class='ocrx_word' id='word_1_326' title='bbox 2104 3142 2303 3208; x_wconf 86' lang='lat' dir='ltr'><strong>Sobbe,</strong></span> 
     </span>
    </p>
   </div>
   <div class='ocr_carea' id='block_1_48' title="bbox 736 3225 2301 3302">
    <p class='ocr_par' dir='ltr' id='par_1_48' title="bbox 736 3225 2301 3302">
     <span class='ocr_line' id='line_1_48' title="bbox 736 3225 2301 3302; baseline 0.007 -25"><span class='ocrx_word' id='word_1_327' title='bbox 736 3228 911 3278; x_wconf 76' lang='lat' dir='ltr'><strong>Anna.</strong></span> <span class='ocrx_word' id='word_1_328' title='bbox 952 3225 1117 3280; x_wconf 84' lang='lat' dir='ltr'><strong>Maria</strong></span> <span class='ocrx_word' id='word_1_329' title='bbox 1168 3228 1351 3295; x_wconf 85' lang='lat' dir='ltr'><strong>itaque</strong></span> <span class='ocrx_word' id='word_1_330' title='bbox 1386 3228 1640 3283; x_wconf 87' lang='lat' dir='ltr'><strong>Salomen</strong></span> <span class='ocrx_word' id='word_1_331' title='bbox 1681 3229 2038 3286; x_wconf 87' lang='lat' dir='ltr'><strong>Obstetricem</strong></span> <span class='ocrx_word' id='word_1_332' title='bbox 2085 3235 2301 3302; x_wconf 85' lang='lat' dir='ltr'><strong>genuit;</strong></span> 
     </span>
    </p>
   </div>
   <div class='ocr_carea' id='block_1_49' title="bbox 738 3312 2302 3389">
    <p class='ocr_par' dir='ltr' id='par_1_49' title="bbox 738 3312 2302 3389">
     <span class='ocr_line' id='line_1_49' title="bbox 738 3312 2302 3389; baseline 0.008 -26"><span class='ocrx_word' id='word_1_333' title='bbox 738 3312 914 3365; x_wconf 79' lang='lat' dir='ltr'><strong>Sobhe</strong></span> <span class='ocrx_word' id='word_1_334' title='bbox 971 3314 1155 3380; x_wconf 82' lang='lat' dir='ltr'><strong>genuit</strong></span> <span class='ocrx_word' id='word_1_335' title='bbox 1206 3313 1461 3379; x_wconf 85' lang='lat' dir='ltr'><strong>Elisabet,</strong></span> <span class='ocrx_word' id='word_1_336' title='bbox 1494 3315 1720 3372; x_wconf 78' lang='lat' dir='ltr'><strong>Joannis</strong></span> <span class='ocrx_word' id='word_1_337' title='bbox 1764 3319 2014 3388; x_wconf 73' lang='lat' dir='ltr'><strong>Baptista:</strong></span> <span class='ocrx_word' id='word_1_338' title='bbox 2041 3333 2302 3389; x_wconf 85' lang='lat' dir='ltr'><strong>matrem;</strong></span> 
     </span>
    </p>
   </div>
   <div class='ocr_carea' id='block_1_50' title="bbox 736 3404 2304 3481">
    <p class='ocr_par' dir='ltr' id='par_1_50' title="bbox 736 3404 2304 3481">
     <span class='ocr_line' id='line_1_50' title="bbox 736 3404 2304 3481; baseline 0.009 -29"><span class='ocrx_word' id='word_1_339' title='bbox 736 3405 890 3455; x_wconf 83' lang='lat' dir='ltr'><strong>Anna</strong></span> <span class='ocrx_word' id='word_1_340' title='bbox 926 3419 1059 3457; x_wconf 87' lang='lat' dir='ltr'><strong>vero</strong></span> <span class='ocrx_word' id='word_1_341' title='bbox 1093 3405 1145 3459; x_wconf 92' lang='lat' dir='ltr'><strong>in</strong></span> <span class='ocrx_word' id='word_1_342' title='bbox 1179 3404 1454 3461; x_wconf 85' lang='lat' dir='ltr'><strong>Bethleem</strong></span> <span class='ocrx_word' id='word_1_343' title='bbox 1506 3411 1686 3478; x_wconf 89' lang='lat' dir='ltr'><strong>genuit</strong></span> <span class='ocrx_word' id='word_1_344' title='bbox 1743 3409 2025 3480; x_wconf 85' lang='lat' dir='ltr'><strong>Deiparam</strong></span> <span class='ocrx_word' id='word_1_345' title='bbox 2059 3414 2304 3481; x_wconf 84' lang='lat' dir='ltr'><strong>Mariam,</strong></span> 
     </span>
    </p>
   </div>
   <div class='ocr_carea' id='block_1_51' title="bbox 734 3497 2307 3575">
    <p class='ocr_par' dir='ltr' id='par_1_51' title="bbox 734 3497 2307 3575">
     <span class='ocr_line' id='line_1_51' title="bbox 734 3497 2307 3575; baseline 0.011 -32"><span class='ocrx_word' id='word_1_346' title='bbox 734 3509 855 3559; x_wconf 74' lang='lat' dir='ltr'><strong>qute</strong></span> <span class='ocrx_word' id='word_1_347' title='bbox 889 3511 951 3547; x_wconf 80' lang='lat' dir='ltr'><strong>ex</strong></span> <span class='ocrx_word' id='word_1_348' title='bbox 986 3497 1203 3550; x_wconf 87' lang='lat' dir='ltr'><strong>nomine</strong></span> <span class='ocrx_word' id='word_1_349' title='bbox 1236 3499 1371 3553; x_wconf 67' lang='lat' dir='ltr'><strong>aviae</strong></span> <span class='ocrx_word' id='word_1_350' title='bbox 1401 3509 1458 3554; x_wconf 91' lang='lat' dir='ltr'><strong>et</strong></span> <span class='ocrx_word' id='word_1_351' title='bbox 1506 3512 1808 3556; x_wconf 69' lang='lat' dir='ltr'><strong>matertera:</strong></span> <span class='ocrx_word' id='word_1_352' title='bbox 1845 3502 2010 3558; x_wconf 85' lang='lat' dir='ltr'><strong>Maria</strong></span> <span class='ocrx_word' id='word_1_353' title='bbox 2041 3508 2307 3575; x_wconf 88' lang='lat' dir='ltr'><strong>appellata</strong></span> 
     </span>
    </p>
   </div>
   <div class='ocr_carea' id='block_1_52' title="bbox 734 3589 2308 3662">
    <p class='ocr_par' dir='ltr' id='par_1_52' title="bbox 734 3589 2308 3662">
     <span class='ocr_line' id='line_1_52' title="bbox 734 3589 2308 3662; baseline 0.011 -27"><span class='ocrx_word' id='word_1_354' title='bbox 734 3597 853 3650; x_wconf 83' lang='lat' dir='ltr'><strong>est;</strong></span> <span class='ocrx_word' id='word_1_355' title='bbox 885 3589 1020 3641; x_wconf 83' lang='lat' dir='ltr'><strong>adeo</strong></span> <span class='ocrx_word' id='word_1_356' title='bbox 1050 3600 1104 3642; x_wconf 90' lang='lat' dir='ltr'><strong>ut</strong></span> <span class='ocrx_word' id='word_1_357' title='bbox 1130 3589 1386 3655; x_wconf 84' lang='lat' dir='ltr'><strong>Elisabet,</strong></span> <span class='ocrx_word' id='word_1_358' title='bbox 1435 3592 1604 3645; x_wconf 71' lang='lat' dir='ltr'><strong>Anna)</strong></span> <span class='ocrx_word' id='word_1_359' title='bbox 1631 3594 1850 3662; x_wconf 87' lang='lat' dir='ltr'><strong>quidem</strong></span> <span class='ocrx_word' id='word_1_360' title='bbox 1882 3611 1943 3650; x_wconf 79' lang='lat' dir='ltr'><strong>ex</strong></span> <span class='ocrx_word' id='word_1_361' title='bbox 1979 3612 2168 3650; x_wconf 86' lang='lat' dir='ltr'><strong>sorore</strong></span> <span class='ocrx_word' id='word_1_362' title='bbox 2214 3615 2308 3651; x_wconf 87' lang='lat' dir='ltr'><strong>ne-</strong></span> 
     </span>
    </p>
   </div>
   <div class='ocr_carea' id='block_1_53' title="bbox 735 3677 2305 3758">
    <p class='ocr_par' dir='ltr' id='par_1_53' title="bbox 735 3677 2305 3758">
     <span class='ocr_line' id='line_1_53' title="bbox 735 3677 2305 3758; baseline 0.01 -30"><span class='ocrx_word' id='word_1_363' title='bbox 735 3679 862 3745; x_wconf 85' lang='lat' dir='ltr'><strong>ptis,</strong></span> <span class='ocrx_word' id='word_1_364' title='bbox 889 3677 1129 3747; x_wconf 75' lang='lat' dir='ltr'><strong>Deiparze</strong></span> <span class='ocrx_word' id='word_1_365' title='bbox 1178 3698 1304 3736; x_wconf 83' lang='lat' dir='ltr'><strong>vero</strong></span> <span class='ocrx_word' id='word_1_366' title='bbox 1325 3684 1650 3738; x_wconf 85' lang='lat' dir='ltr'><strong>consobrina</strong></span> <span class='ocrx_word' id='word_1_367' title='bbox 1686 3685 1868 3740; x_wconf 87' lang='lat' dir='ltr'><strong>fuerit.</strong></span> <span class='ocrx_word' id='word_1_368' title='bbox 1907 3686 2059 3750; x_wconf 87' lang='lat' dir='ltr'><strong>Quod</strong></span> <span class='ocrx_word' id='word_1_369' title='bbox 2087 3690 2305 3758; x_wconf 89' lang='lat' dir='ltr'><strong>quidem</strong></span> 
     </span>
    </p>
   </div>
   <div class='ocr_carea' id='block_1_54' title="bbox 736 3773 2307 3843">
    <p class='ocr_par' dir='ltr' id='par_1_54' title="bbox 736 3773 2307 3843">
     <span class='ocr_line' id='line_1_54' title="bbox 736 3773 2307 3843; baseline 0.009 -24"><span class='ocrx_word' id='word_1_370' title='bbox 736 3779 1028 3838; x_wconf 90' lang='lat' dir='ltr'><strong>utrumque</strong></span> <span class='ocrx_word' id='word_1_371' title='bbox 1069 3773 1356 3827; x_wconf 82' lang='lat' dir='ltr'><strong>confirmat</strong></span> <span class='ocrx_word' id='word_1_372' title='bbox 1393 3775 1772 3843; x_wconf 80' lang='lat' dir='ltr'><strong>Evangelium,</strong></span> <span class='ocrx_word' id='word_1_373' title='bbox 1814 3777 1902 3829; x_wconf 88' lang='lat' dir='ltr'><strong>ubi</strong></span> <span class='ocrx_word' id='word_1_374' title='bbox 1937 3778 2002 3830; x_wconf 86' lang='lat' dir='ltr'><strong>ad</strong></span> <span class='ocrx_word' id='word_1_375' title='bbox 2059 3780 2307 3833; x_wconf 87' lang='lat' dir='ltr'><strong>indican-</strong></span> 
     </span>
    </p>
   </div>
   <div class='ocr_carea' id='block_1_55' title="bbox 733 3860 2303 3939">
    <p class='ocr_par' dir='ltr' id='par_1_55' title="bbox 733 3860 2303 3939">
     <span class='ocr_line' id='line_1_55' title="bbox 733 3860 2303 3939; baseline 0.009 -30"><span class='ocrx_word' id='word_1_376' title='bbox 733 3860 860 3912; x_wconf 86' lang='lat' dir='ltr'><strong>dum</strong></span> <span class='ocrx_word' id='word_1_377' title='bbox 894 3860 1098 3916; x_wconf 82' lang='lat' dir='ltr'><strong>Christi</strong></span> <span class='ocrx_word' id='word_1_378' title='bbox 1158 3865 1459 3918; x_wconf 90' lang='lat' dir='ltr'><strong>secundum</strong></span> <span class='ocrx_word' id='word_1_379' title='bbox 1509 3879 1728 3919; x_wconf 89' lang='lat' dir='ltr'><strong>carnem</strong></span> <span class='ocrx_word' id='word_1_380' title='bbox 1772 3877 2058 3934; x_wconf 88' lang='lat' dir='ltr'><strong>paternum</strong></span> <span class='ocrx_word' id='word_1_381' title='bbox 2113 3885 2303 3939; x_wconf 78' lang='lat' dir='ltr'><strong>genus,</strong></span> 
     </span>
    </p>
   </div>
   <div class='ocr_carea' id='block_1_56' title="bbox 736 3950 2306 4025">
    <p class='ocr_par' dir='ltr' id='par_1_56' title="bbox 736 3950 2306 4025">
     <span class='ocr_line' id='line_1_56' title="bbox 736 3950 2306 4025; baseline 0.01 -24"><span class='ocrx_word' id='word_1_382' title='bbox 736 3950 896 4012; x_wconf 83' lang='lat' dir='ltr'><strong>Erat,</strong></span> <span class='ocrx_word' id='word_1_383' title='bbox 936 3952 1130 4021; x_wconf 88' lang='lat' dir='ltr'><strong>inquit,</strong></span> <span class='ocrx_word' id='word_1_384' title='bbox 1167 3953 1322 4009; x_wconf 77' lang='lat' dir='ltr'><strong>Jews</strong></span> <span class='ocrx_word' id='word_1_385' title='bbox 1382 3958 1630 4023; x_wconf 80' lang='lat' dir='ltr'><strong>incipiens</strong></span> <span class='ocrx_word' id='word_1_386' title='bbox 1685 3961 1835 4025; x_wconf 81' lang='lat' dir='ltr'><strong>quasi</strong></span> <span class='ocrx_word' id='word_1_387' title='bbox 1891 3977 2154 4014; x_wconf 82' lang='lat' dir='ltr'><strong>annorum</strong></span> <span class='ocrx_word' id='word_1_388' title='bbox 2207 3966 2306 4016; x_wconf 82' lang='lat' dir='ltr'><strong>tri-</strong></span> 
     </span>
    </p>
   </div>
   <div class='ocr_carea' id='block_1_57' title="bbox 732 4044 2307 4124">
    <p class='ocr_par' dir='ltr' id='par_1_57' title="bbox 732 4044 2307 4124">
     <span class='ocr_line' id='line_1_57' title="bbox 732 4044 2307 4124; baseline 0.01 -29"><span class='ocrx_word' id='word_1_389' title='bbox 732 4044 899 4112; x_wconf 79' lang='lat' dir='ltr'><strong>ginta,</strong></span> <span class='ocrx_word' id='word_1_390' title='bbox 938 4055 992 4097; x_wconf 88' lang='lat' dir='ltr'><strong>ut</strong></span> <span class='ocrx_word' id='word_1_391' title='bbox 1017 4047 1327 4112; x_wconf 81' lang='lat' dir='ltr'><strong>putabatur,</strong></span> <span class='ocrx_word' id='word_1_392' title='bbox 1369 4049 1513 4115; x_wconf 81' lang='lat' dir='ltr'><strong>ﬁlius</strong></span> <span class='ocrx_word' id='word_1_393' title='bbox 1537 4047 1756 4116; x_wconf 74' lang='lat' dir='ltr'><strong>Ioseph,</strong></span> <span class='ocrx_word' id='word_1_394' title='bbox 1787 4052 1875 4120; x_wconf 83' lang='lat' dir='ltr'><strong>qui</strong></span> <span class='ocrx_word' id='word_1_395' title='bbox 1904 4052 2005 4119; x_wconf 76' lang='lat' dir='ltr'><strong>fuit</strong></span> <span class='ocrx_word' id='word_1_396' title='bbox 2048 4053 2187 4118; x_wconf 82' lang='lat' dir='ltr'><strong>Heli,</strong></span> <span class='ocrx_word' id='word_1_397' title='bbox 2217 4058 2307 4124; x_wconf 78' lang='lat' dir='ltr'><strong>qui</strong></span> 
     </span>
    </p>
   </div>
   <div class='ocr_carea' id='block_1_58' title="bbox 734 4135 2306 4211">
    <p class='ocr_par' dir='ltr' id='par_1_58' title="bbox 734 4135 2306 4211">
     <span class='ocr_line' id='line_1_58' title="bbox 734 4135 2306 4211; baseline 0.009 -26"><span class='ocrx_word' id='word_1_398' title='bbox 734 4135 833 4202; x_wconf 80' lang='lat' dir='ltr'><strong>fuit</strong></span> <span class='ocrx_word' id='word_1_399' title='bbox 867 4135 1085 4189; x_wconf 82' lang='lat' dir='ltr'><strong>Mat/tun</strong></span> <span class='ocrx_word' id='word_1_400' title='bbox 1115 4139 1156 4201; x_wconf 78' lang='lat'><strong>6;</strong></span> <span class='ocrx_word' id='word_1_401' title='bbox 1186 4137 1251 4192; x_wconf 91' lang='lat' dir='ltr'><strong>de</strong></span> <span class='ocrx_word' id='word_1_402' title='bbox 1288 4149 1536 4193; x_wconf 87' lang='lat' dir='ltr'><strong>materno</strong></span> <span class='ocrx_word' id='word_1_403' title='bbox 1561 4150 1740 4194; x_wconf 88' lang='lat' dir='ltr'><strong>autem</strong></span> <span class='ocrx_word' id='word_1_404' title='bbox 1794 4156 2011 4211; x_wconf 88' lang='lat' dir='ltr'><strong>genere,</strong></span> <span class='ocrx_word' id='word_1_405' title='bbox 2043 4141 2195 4209; x_wconf 77' lang='lat' dir='ltr'><strong>Ecce,</strong></span> <span class='ocrx_word' id='word_1_406' title='bbox 2225 4145 2306 4198; x_wconf 84' lang='lat' dir='ltr'><strong>in-</strong></span> 
     </span>
    </p>
   </div>
   <div class='ocr_carea' id='block_1_59' title="bbox 731 4227 2309 4303">
    <p class='ocr_par' dir='ltr' id='par_1_59' title="bbox 731 4227 2309 4303">
     <span class='ocr_line' id='line_1_59' title="bbox 731 4227 2309 4303; baseline 0.007 -26"><span class='ocrx_word' id='word_1_407' title='bbox 731 4227 869 4294; x_wconf 88' lang='lat' dir='ltr'><strong>quit,</strong></span> <span class='ocrx_word' id='word_1_408' title='bbox 890 4237 935 4278; x_wconf 71' lang='lat' dir='ltr'><strong>et</strong></span> <span class='ocrx_word' id='word_1_409' title='bbox 971 4227 1206 4282; x_wconf 78' lang='lat' dir='ltr'><strong>Elisubet</strong></span> <span class='ocrx_word' id='word_1_410' title='bbox 1244 4241 1468 4298; x_wconf 73' lang='lat' dir='ltr'><strong>cogitata</strong></span> <span class='ocrx_word' id='word_1_411' title='bbox 1501 4234 1661 4300; x_wconf 44' lang='lat' dir='ltr'><strong>tua].</strong></span> <span class='ocrx_word' id='word_1_412' title='bbox 1698 4232 1944 4296; x_wconf 81' lang='lat' dir='ltr'><strong>Quorum</strong></span> <span class='ocrx_word' id='word_1_413' title='bbox 1973 4235 2168 4302; x_wconf 85' lang='lat' dir='ltr'><strong>gratia,</strong></span> <span class='ocrx_word' id='word_1_414' title='bbox 2197 4236 2309 4303; x_wconf 89' lang='lat' dir='ltr'><strong>glo-</strong></span> 
     </span>
    </p>
   </div>
   <div class='ocr_carea' id='block_1_60' title="bbox 734 4319 2307 4397">
    <p class='ocr_par' dir='ltr' id='par_1_60' title="bbox 734 4319 2307 4397">
     <span class='ocr_line' id='line_1_60' title="bbox 734 4319 2307 4397; baseline 0.008 -27"><span class='ocrx_word' id='word_1_415' title='bbox 734 4319 812 4372; x_wconf 89' lang='lat' dir='ltr'><strong>ria</strong></span> <span class='ocrx_word' id='word_1_416' title='bbox 847 4321 917 4374; x_wconf 90' lang='lat' dir='ltr'><strong>sit</strong></span> <span class='ocrx_word' id='word_1_417' title='bbox 951 4321 1361 4391; x_wconf 76' lang='lat' dir='ltr'><strong>benignissimae</strong></span> <span class='ocrx_word' id='word_1_418' title='bbox 1402 4323 1492 4378; x_wconf 92' lang='lat' dir='ltr'><strong>Dei</strong></span> <span class='ocrx_word' id='word_1_419' title='bbox 1536 4327 1789 4379; x_wconf 87' lang='lat' dir='ltr'><strong>charitati</strong></span> <span class='ocrx_word' id='word_1_420' title='bbox 1836 4341 1978 4380; x_wconf 91' lang='lat' dir='ltr'><strong>nunc</strong></span> <span class='ocrx_word' id='word_1_421' title='bbox 2003 4337 2056 4380; x_wconf 91' lang='lat' dir='ltr'><strong>et</strong></span> <span class='ocrx_word' id='word_1_422' title='bbox 2090 4342 2307 4397; x_wconf 81' lang='lat' dir='ltr'><strong>semper</strong></span> 
     </span>
    </p>
   </div>
   <div class='ocr_carea' id='block_1_61' title="bbox 733 4413 1719 4471">
    <p class='ocr_par' dir='ltr' id='par_1_61' title="bbox 733 4413 1719 4471">
     <span class='ocr_line' id='line_1_61' title="bbox 733 4413 1719 4471; baseline 0.007 -7"><span class='ocrx_word' id='word_1_423' title='bbox 733 4421 786 4465; x_wconf 89' lang='lat' dir='ltr'><strong>et</strong></span> <span class='ocrx_word' id='word_1_424' title='bbox 828 4413 879 4466; x_wconf 92' lang='lat' dir='ltr'><strong>in</strong></span> <span class='ocrx_word' id='word_1_425' title='bbox 906 4417 1104 4468; x_wconf 64' lang='lat' dir='ltr'><strong>saecula</strong></span> <span class='ocrx_word' id='word_1_426' title='bbox 1143 4417 1487 4470; x_wconf 68' lang='lat' dir='ltr'><strong>saeculorum.</strong></span> <span class='ocrx_word' id='word_1_427' title='bbox 1525 4420 1719 4471; x_wconf 84' lang='lat' dir='ltr'><strong>Amen.</strong></span> 
     </span>
    </p>
   </div>
   <div class='ocr_carea' id='block_1_62' title="bbox 812 4593 2156 4664">
    <p class='ocr_par' dir='ltr' id='par_1_62' title="bbox 812 4593 2156 4664">
     <span class='ocr_line' id='line_1_62' title="bbox 812 4593 2156 4664; baseline 0.004 -19"><span class='ocrx_word' id='word_1_428' title='bbox 812 4594 831 4622; x_wconf 84' lang='grc'><strong><em>⁵</em></strong></span> <span class='ocrx_word' id='word_1_429' title='bbox 854 4593 1044 4646; x_wconf 77' lang='lat' dir='ltr'><strong>Matth.</strong></span> <span class='ocrx_word' id='word_1_430' title='bbox 1083 4594 1229 4659; x_wconf 72' lang='lat' dir='ltr'><strong>v,12.</strong></span> <span class='ocrx_word' id='word_1_431' title='bbox 1306 4597 1325 4625; x_wconf 81' lang='grc'><strong>⁸</strong></span> <span class='ocrx_word' id='word_1_432' title='bbox 1349 4594 1482 4650; x_wconf 89' lang='lat' dir='ltr'><strong>Luc.</strong></span> <span class='ocrx_word' id='word_1_433' title='bbox 1527 4612 1602 4660; x_wconf 85' lang='grc' dir='ltr'>ιιι,</span> <span class='ocrx_word' id='word_1_434' title='bbox 1634 4595 1721 4649; x_wconf 71' lang='lat'><strong>‘25.</strong></span> <span class='ocrx_word' id='word_1_435' title='bbox 1789 4597 1808 4628; x_wconf 83' lang='grc'>⁷</span> <span class='ocrx_word' id='word_1_436' title='bbox 1835 4595 1964 4651; x_wconf 81' lang='lat' dir='ltr'><strong>Luc.</strong></span> <span class='ocrx_word' id='word_1_437' title='bbox 2000 4614 2037 4664; x_wconf 86' lang='grc' dir='ltr'><strong>ι,</strong></span> <span class='ocrx_word' id='word_1_438' title='bbox 2070 4597 2156 4651; x_wconf 80' lang='grc'><strong>56.</strong></span> 
     </span>
    </p>
   </div>
   <div class='ocr_carea' id='block_1_63' title="bbox 2413 1955 3982 2031">
    <p class='ocr_par' dir='ltr' id='par_1_63' title="bbox 2413 1955 3982 2031">
     <span class='ocr_line' id='line_1_63' title="bbox 2413 1955 3982 2031; baseline -0.008 -15"><span class='ocrx_word' id='word_1_439' title='bbox 2413 1963 2564 2029; x_wconf 88' lang='grc' dir='ltr'>στοῦ,</span> <span class='ocrx_word' id='word_1_440' title='bbox 2588 1962 2814 2029; x_wconf 78' lang='grc' dir='ltr'><strong>ἀδελφὸν</strong></span> <span class='ocrx_word' id='word_1_441' title='bbox 2848 1963 3006 2031; x_wconf 80' lang='grc' dir='ltr'>ἔσχεν</span> <span class='ocrx_word' id='word_1_442' title='bbox 3035 1959 3306 2030; x_wconf 79' lang='grc' dir='ltr'>συνιερέα,</span> <span class='ocrx_word' id='word_1_443' title='bbox 3341 1955 3671 2026; x_wconf 79' lang='grc' dir='ltr'>καλούμενον</span> <span class='ocrx_word' id='word_1_444' title='bbox 3704 1955 3982 2022; x_wconf 84' lang='grc' dir='ltr'>Ἀγγαῖον,</span> 
     </span>
    </p>
   </div>
   <div class='ocr_carea' id='block_1_64' title="bbox 2409 2047 3983 2126">
    <p class='ocr_par' dir='ltr' id='par_1_64' title="bbox 2409 2047 3983 2126">
     <span class='ocr_line' id='line_1_64' title="bbox 2409 2047 3983 2126; baseline -0.008 -18"><span class='ocrx_word' id='word_1_445' title='bbox 2409 2056 2516 2126; x_wconf 80' lang='grc' dir='ltr'>πρὸ</span> <span class='ocrx_word' id='word_1_446' title='bbox 2561 2054 2725 2107; x_wconf 80' lang='grc' dir='ltr'>αὐτοῦ</span> <span class='ocrx_word' id='word_1_447' title='bbox 2775 2053 3230 2121; x_wconf 80' lang='grc' dir='ltr'>τετελευτηκότα.</span> <span class='ocrx_word' id='word_1_448' title='bbox 3297 2049 3503 2102; x_wconf 80' lang='grc' dir='ltr'>Τούτου</span> <span class='ocrx_word' id='word_1_449' title='bbox 3561 2047 3656 2100; x_wconf 86' lang='grc' dir='ltr'><strong>τοῦ</strong></span> <span class='ocrx_word' id='word_1_450' title='bbox 3725 2047 3983 2113; x_wconf 66' lang='grc' dir='ltr'>Ἀγγαίου</span> 
     </span>
    </p>
   </div>
   <div class='ocr_carea' id='block_1_65' title="bbox 2410 2135 3987 2219">
    <p class='ocr_par' dir='ltr' id='par_1_65' title="bbox 2410 2135 3987 2219">
     <span class='ocr_line' id='line_1_65' title="bbox 2410 2135 3987 2219; baseline -0.008 -18"><span class='ocrx_word' id='word_1_451' title='bbox 2410 2148 2685 2218; x_wconf 80' lang='grc' dir='ltr'>θυγατέρα</span> <span class='ocrx_word' id='word_1_452' title='bbox 2710 2147 2845 2219; x_wconf 74' lang='grc' dir='ltr'>πρὸς</span> <span class='ocrx_word' id='word_1_453' title='bbox 2876 2146 3054 2214; x_wconf 81' lang='grc' dir='ltr'>γάμον</span> <span class='ocrx_word' id='word_1_454' title='bbox 3085 2145 3292 2214; x_wconf 70' lang='grc' dir='ltr'>ἢγαγεν</span> <span class='ocrx_word' id='word_1_455' title='bbox 3333 2140 3531 2208; x_wconf 80' lang='grc' dir='ltr'>Ἰωσὴφ</span> <span class='ocrx_word' id='word_1_456' title='bbox 3578 2141 3607 2191; x_wconf 94' lang='lat'><strong>6</strong></span> <span class='ocrx_word' id='word_1_457' title='bbox 3643 2139 3853 2192; x_wconf 76' lang='grc' dir='ltr'>τέκτων</span> <span class='ocrx_word' id='word_1_458' title='bbox 3873 2152 3886 2165; x_wconf 91' lang='grc'><strong>·</strong></span> <span class='ocrx_word' id='word_1_459' title='bbox 3925 2135 3987 2199; x_wconf 77' lang='grc' dir='ltr'>ἐξ</span> 
     </span>
    </p>
   </div>
   <div class='ocr_carea' id='block_1_66' title="bbox 2409 2220 3985 2312">
    <p class='ocr_par' dir='ltr' id='par_1_66' title="bbox 2409 2220 3985 2312">
     <span class='ocr_line' id='line_1_66' title="bbox 2409 2220 3985 2312; baseline -0.01 -20"><span class='ocrx_word' id='word_1_460' title='bbox 2409 2235 2476 2312; x_wconf 78' lang='grc' dir='ltr'>ἧς</span> <span class='ocrx_word' id='word_1_461' title='bbox 2508 2240 2795 2310; x_wconf 79' lang='grc' dir='ltr'>ἐγέννησεν</span> <span class='ocrx_word' id='word_1_462' title='bbox 2818 2239 3092 2307; x_wconf 82' lang='grc' dir='ltr'>τέσσαρας</span> <span class='ocrx_word' id='word_1_463' title='bbox 3125 2235 3271 2295; x_wconf 76' lang='grc' dir='ltr'>υἱοὺς</span> <span class='ocrx_word' id='word_1_464' title='bbox 3303 2233 3394 2285; x_wconf 73' lang='grc' dir='ltr'><strong>καὶ</strong></span> <span class='ocrx_word' id='word_1_465' title='bbox 3420 2231 3514 2284; x_wconf 76' lang='grc' dir='ltr'><strong>δύο</strong></span> <span class='ocrx_word' id='word_1_466' title='bbox 3543 2229 3851 2297; x_wconf 85' lang='grc' dir='ltr'>θυγατέρας</span> <span class='ocrx_word' id='word_1_467' title='bbox 3871 2243 3887 2258; x_wconf 86' lang='grc'><strong>·</strong></span> <span class='ocrx_word' id='word_1_468' title='bbox 3909 2220 3985 2278; x_wconf 83' lang='grc' dir='ltr'>ὧν</span> 
     </span>
    </p>
   </div>
   <div class='ocr_carea' id='block_1_67' title="bbox 2415 2316 3983 2401">
    <p class='ocr_par' dir='ltr' id='par_1_67' title="bbox 2415 2316 3983 2401">
     <span class='ocr_line' id='line_1_67' title="bbox 2415 2316 3983 2401; baseline -0.013 -13"><span class='ocrx_word' id='word_1_469' title='bbox 2415 2329 2492 2397; x_wconf 75' lang='grc' dir='ltr'><strong>εἷς</strong></span> <span class='ocrx_word' id='word_1_470' title='bbox 2526 2327 2594 2401; x_wconf 82' lang='grc' dir='ltr'>ἦν</span> <span class='ocrx_word' id='word_1_471' title='bbox 2635 2331 2911 2392; x_wconf 77' lang='grc' dir='ltr'>Ἰάκωϐος,</span> <span class='ocrx_word' id='word_1_472' title='bbox 2946 2330 2972 2379; x_wconf 98' lang='lat'><strong>6</strong></span> <span class='ocrx_word' id='word_1_473' title='bbox 2995 2324 3311 2394; x_wconf 69' lang='grc' dir='ltr'>ἐπικληθεὶς</span> <span class='ocrx_word' id='word_1_474' title='bbox 3351 2321 3574 2389; x_wconf 70' lang='grc' dir='ltr'><strong>ἁδελφὸς</strong></span> <span class='ocrx_word' id='word_1_475' title='bbox 3601 2319 3695 2372; x_wconf 79' lang='grc' dir='ltr'><strong>τοῦ</strong></span> <span class='ocrx_word' id='word_1_476' title='bbox 3719 2316 3983 2387; x_wconf 80' lang='grc' dir='ltr'>Χριστοῦ,</span> 
     </span>
    </p>
   </div>
   <div class='ocr_carea' id='block_1_68' title="bbox 2409 2410 3984 2494">
    <p class='ocr_par' dir='ltr' id='par_1_68' title="bbox 2409 2410 3984 2494">
     <span class='ocr_line' id='line_1_68' title="bbox 2409 2410 3984 2494; baseline -0.013 -15"><span class='ocrx_word' id='word_1_477' title='bbox 2409 2427 2438 2479; x_wconf 92' lang='lat'><strong>6</strong></span> <span class='ocrx_word' id='word_1_478' title='bbox 2467 2426 2559 2478; x_wconf 72' lang='grc' dir='ltr'><strong>καὶ</strong></span> <span class='ocrx_word' id='word_1_479' title='bbox 2582 2422 2794 2494; x_wconf 83' lang='grc' dir='ltr'>πρῶτος</span> <span class='ocrx_word' id='word_1_480' title='bbox 2818 2421 3114 2479; x_wconf 74' lang='grc' dir='ltr'>ἐπίσκοπος</span> <span class='ocrx_word' id='word_1_481' title='bbox 3153 2413 3573 2484; x_wconf 57' lang='grc' dir='ltr'>Ἰεροσολύμων</span> <span class='ocrx_word' id='word_1_482' title='bbox 3609 2412 3706 2464; x_wconf 78' lang='grc' dir='ltr'><strong>καὶ</strong></span> <span class='ocrx_word' id='word_1_483' title='bbox 3733 2411 3794 2462; x_wconf 85' lang='grc' dir='ltr'>τὺ</span> <span class='ocrx_word' id='word_1_484' title='bbox 3814 2410 3984 2477; x_wconf 71' lang='grc' dir='ltr'>ὄνομα</span> 
     </span>
    </p>
   </div>
   <div class='ocr_carea' id='block_1_69' title="bbox 2408 2501 3978 2586">
    <p class='ocr_par' dir='ltr' id='par_1_69' title="bbox 2408 2501 3978 2586">
     <span class='ocr_line' id='line_1_69' title="bbox 2408 2501 3978 2586; baseline -0.013 -16"><span class='ocrx_word' id='word_1_485' title='bbox 2408 2517 2509 2586; x_wconf 79' lang='grc' dir='ltr'>τῆς</span> <span class='ocrx_word' id='word_1_486' title='bbox 2534 2515 2789 2584; x_wconf 79' lang='grc' dir='ltr'>γυναικὸς</span> <span class='ocrx_word' id='word_1_487' title='bbox 2814 2512 2980 2567; x_wconf 79' lang='grc' dir='ltr'>αὑτοῦ</span> <span class='ocrx_word' id='word_1_488' title='bbox 3002 2509 3258 2578; x_wconf 67' lang='grc' dir='ltr'>Σαλώμη,</span> <span class='ocrx_word' id='word_1_489' title='bbox 3286 2508 3383 2576; x_wconf 77' lang='grc' dir='ltr'><strong>οὐχ</strong></span> <span class='ocrx_word' id='word_1_490' title='bbox 3413 2508 3445 2577; x_wconf 74' lang='grc' dir='ltr'><strong>ἠ</strong></span> <span class='ocrx_word' id='word_1_491' title='bbox 3468 2507 3636 2565; x_wconf 85' lang='grc' dir='ltr'>Μαῖα,</span> <span class='ocrx_word' id='word_1_492' title='bbox 3654 2503 3768 2556; x_wconf 79' lang='grc' dir='ltr'><strong>ἀλλ’</strong></span> <span class='ocrx_word' id='word_1_493' title='bbox 3795 2501 3978 2569; x_wconf 76' lang='grc' dir='ltr'>ἑτέρα.</span> 
     </span>
    </p>
   </div>
   <div class='ocr_carea' id='block_1_70' title="bbox 2409 2588 3984 2669">
    <p class='ocr_par' dir='ltr' id='par_1_70' title="bbox 2409 2588 3984 2669">
     <span class='ocr_line' id='line_1_70' title="bbox 2409 2588 3984 2669; baseline -0.015 -9"><span class='ocrx_word' id='word_1_494' title='bbox 2409 2607 2563 2661; x_wconf 69' lang='grc' dir='ltr'>Μετὰ</span> <span class='ocrx_word' id='word_1_495' title='bbox 2604 2605 2832 2657; x_wconf 79' lang='grc' dir='ltr'>θάνατον</span> <span class='ocrx_word' id='word_1_496' title='bbox 2874 2602 2932 2656; x_wconf 82' lang='grc' dir='ltr'>δὲ</span> <span class='ocrx_word' id='word_1_497' title='bbox 2963 2601 3133 2669; x_wconf 80' lang='grc' dir='ltr'>αὐτῆς</span> <span class='ocrx_word' id='word_1_498' title='bbox 3176 2596 3537 2667; x_wconf 72' lang='grc' dir='ltr'>μνηστεύεται</span> <span class='ocrx_word' id='word_1_499' title='bbox 3567 2595 3594 2645; x_wconf 90' lang='lat'><strong>6</strong></span> <span class='ocrx_word' id='word_1_500' title='bbox 3640 2591 3842 2659; x_wconf 78' lang='grc' dir='ltr'>Ἰωσὴφ</span> <span class='ocrx_word' id='word_1_501' title='bbox 3884 2588 3984 2654; x_wconf 80' lang='grc' dir='ltr'><strong>τὴν</strong></span> 
     </span>
    </p>
   </div>
   <div class='ocr_carea' id='block_1_71' title="bbox 2411 2682 3982 2761">
    <p class='ocr_par' dir='ltr' id='par_1_71' title="bbox 2411 2682 3982 2761">
     <span class='ocr_line' id='line_1_71' title="bbox 2411 2682 3982 2761; baseline -0.015 -10"><span class='ocrx_word' id='word_1_502' title='bbox 2411 2698 2674 2751; x_wconf 84' lang='grc' dir='ltr'>Θεοτόκον</span> <span class='ocrx_word' id='word_1_503' title='bbox 2707 2694 2922 2759; x_wconf 79' lang='grc' dir='ltr'>Μαρίαν</span> <span class='ocrx_word' id='word_1_504' title='bbox 2951 2693 3050 2761; x_wconf 83' lang='grc' dir='ltr'><strong>τὴν</strong></span> <span class='ocrx_word' id='word_1_505' title='bbox 3083 2689 3224 2742; x_wconf 81' lang='grc' dir='ltr'>κατὰ</span> <span class='ocrx_word' id='word_1_506' title='bbox 3253 2689 3316 2740; x_wconf 74' lang='grc' dir='ltr'>τὸ</span> <span class='ocrx_word' id='word_1_507' title='bbox 3345 2685 3607 2755; x_wconf 74' lang='grc' dir='ltr'>μητρικον</span> <span class='ocrx_word' id='word_1_508' title='bbox 3656 2682 3812 2749; x_wconf 84' lang='grc' dir='ltr'>γένος</span> <span class='ocrx_word' id='word_1_509' title='bbox 3849 2695 3982 2731; x_wconf 82' lang='grc' dir='ltr'>κατ-</span> 
     </span>
    </p>
   </div>
   <div class='ocr_carea' id='block_1_72' title="bbox 2411 2769 3983 2859">
    <p class='ocr_par' dir='ltr' id='par_1_72' title="bbox 2411 2769 3983 2859">
     <span class='ocr_line' id='line_1_72' title="bbox 2411 2769 3983 2859; baseline -0.015 -15"><span class='ocrx_word' id='word_1_510' title='bbox 2411 2791 2686 2859; x_wconf 76' lang='grc' dir='ltr'>αγομένην</span> <span class='ocrx_word' id='word_1_511' title='bbox 2717 2786 2824 2840; x_wconf 81' lang='grc' dir='ltr'>ἀπὸ</span> <span class='ocrx_word' id='word_1_512' title='bbox 2858 2784 3090 2839; x_wconf 78' lang='grc' dir='ltr'>Ματθαν</span> <span class='ocrx_word' id='word_1_513' title='bbox 3131 2782 3225 2834; x_wconf 84' lang='grc' dir='ltr'><strong>τοῦ</strong></span> <span class='ocrx_word' id='word_1_514' title='bbox 3256 2781 3480 2849; x_wconf 78' lang='grc' dir='ltr'>ἱερέως,</span> <span class='ocrx_word' id='word_1_515' title='bbox 3522 2779 3616 2829; x_wconf 73' lang='grc' dir='ltr'>καὶ</span> <span class='ocrx_word' id='word_1_516' title='bbox 3659 2772 3824 2826; x_wconf 74' lang='grc' dir='ltr'>αὑτοῦ</span> <span class='ocrx_word' id='word_1_517' title='bbox 3874 2769 3983 2823; x_wconf 67' lang='grc' dir='ltr'><strong>ἀπὸ</strong></span> 
     </span>
    </p>
   </div>
   <div class='ocr_carea' id='block_1_73' title="bbox 2412 2862 3983 2943">
    <p class='ocr_par' dir='ltr' id='par_1_73' title="bbox 2412 2862 3983 2943">
     <span class='ocr_line' id='line_1_73' title="bbox 2412 2862 3983 2943; baseline -0.011 -16"><span class='ocrx_word' id='word_1_518' title='bbox 2412 2874 2774 2943; x_wconf 78' lang='grc' dir='ltr'>Σολομῶντος,</span> <span class='ocrx_word' id='word_1_519' title='bbox 2809 2870 2902 2924; x_wconf 87' lang='grc' dir='ltr'><strong>τοῦ</strong></span> <span class='ocrx_word' id='word_1_520' title='bbox 2932 2870 3048 2922; x_wconf 88' lang='grc' dir='ltr'>υίοῦ</span> <span class='ocrx_word' id='word_1_521' title='bbox 3084 2868 3269 2925; x_wconf 66' lang='grc' dir='ltr'>Δαυῖδ,</span> <span class='ocrx_word' id='word_1_522' title='bbox 3291 2866 3364 2929; x_wconf 84' lang='grc' dir='ltr'><strong>ῶς</strong></span> <span class='ocrx_word' id='word_1_523' title='bbox 3396 2882 3560 2935; x_wconf 82' lang='grc' dir='ltr'>φησιν</span> <span class='ocrx_word' id='word_1_524' title='bbox 3590 2864 3651 2915; x_wconf 69' lang='grc' dir='ltr'>τὸ</span> <span class='ocrx_word' id='word_1_525' title='bbox 3677 2862 3820 2914; x_wconf 83' lang='grc' dir='ltr'>κατᾶ</span> <span class='ocrx_word' id='word_1_526' title='bbox 3847 2863 3983 2911; x_wconf 76' lang='grc' dir='ltr'>Λου-</span> 
     </span>
    </p>
   </div>
   <div class='ocr_carea' id='block_1_74' title="bbox 2411 2950 3983 3032">
    <p class='ocr_par' dir='ltr' id='par_1_74' title="bbox 2411 2950 3983 3032">
     <span class='ocr_line' id='line_1_74' title="bbox 2411 2950 3983 3032; baseline -0.011 -14"><span class='ocrx_word' id='word_1_527' title='bbox 2411 2968 2513 3019; x_wconf 71' lang='grc' dir='ltr'>κᾶν</span> <span class='ocrx_word' id='word_1_528' title='bbox 2576 2963 2904 3032; x_wconf 72' lang='grc' dir='ltr'>Εὐαγγέλιον</span> <span class='ocrx_word' id='word_1_529' title='bbox 2983 2959 3491 3028; x_wconf 66' lang='grc' dir='ltr'>γενεαλογούμενον.</span> <span class='ocrx_word' id='word_1_530' title='bbox 3574 2950 3743 3016; x_wconf 71' lang='grc' dir='ltr'>Οὗτος</span> <span class='ocrx_word' id='word_1_531' title='bbox 3803 2953 3912 3020; x_wconf 73' lang='grc' dir='ltr'>γὰρ</span> <span class='ocrx_word' id='word_1_532' title='bbox 3953 2952 3983 3002; x_wconf 87' lang='lat'><strong>6</strong></span> 
     </span>
    </p>
   </div>
   <div class='ocr_carea' id='block_1_75' title="bbox 2408 3043 3984 3124">
    <p class='ocr_par' dir='ltr' id='par_1_75' title="bbox 2408 3043 3984 3124">
     <span class='ocr_line' id='line_1_75' title="bbox 2408 3043 3984 3124; baseline -0.013 -13"><span class='ocrx_word' id='word_1_533' title='bbox 2408 3057 2636 3112; x_wconf 72' lang='grc' dir='ltr'>Ματθὰν</span> <span class='ocrx_word' id='word_1_534' title='bbox 2669 3057 2817 3124; x_wconf 85' lang='grc' dir='ltr'>τρεῖς</span> <span class='ocrx_word' id='word_1_535' title='bbox 2857 3054 3013 3123; x_wconf 80' lang='grc' dir='ltr'>ἔσχεν</span> <span class='ocrx_word' id='word_1_536' title='bbox 3058 3051 3384 3117; x_wconf 80' lang='grc' dir='ltr'>θυγατέρας,</span> <span class='ocrx_word' id='word_1_537' title='bbox 3424 3050 3487 3100; x_wconf 77' lang='grc' dir='ltr'><strong>ἐκ</strong></span> <span class='ocrx_word' id='word_1_538' title='bbox 3514 3045 3728 3119; x_wconf 76' lang='grc' dir='ltr'>Μαρίας</span> <span class='ocrx_word' id='word_1_539' title='bbox 3763 3043 3861 3109; x_wconf 71' lang='grc' dir='ltr'>τῆς</span> <span class='ocrx_word' id='word_1_540' title='bbox 3886 3058 3984 3106; x_wconf 79' lang='grc' dir='ltr'>γυο</span> 
     </span>
    </p>
   </div>
   <div class='ocr_carea' id='block_1_76' title="bbox 2411 3131 3985 3211">
    <p class='ocr_par' dir='ltr' id='par_1_76' title="bbox 2411 3131 3985 3211">
     <span class='ocr_line' id='line_1_76' title="bbox 2411 3131 3985 3211; baseline -0.013 -10"><span class='ocrx_word' id='word_1_541' title='bbox 2411 3149 2593 3210; x_wconf 70' lang='grc' dir='ltr'>ναικὸς</span> <span class='ocrx_word' id='word_1_542' title='bbox 2623 3145 2787 3200; x_wconf 73' lang='grc' dir='ltr'>αὑτοῦ</span> <span class='ocrx_word' id='word_1_543' title='bbox 2809 3161 2821 3175; x_wconf 68' lang='grc'><em>⁸</em></span> <span class='ocrx_word' id='word_1_544' title='bbox 2860 3138 2936 3197; x_wconf 78' lang='grc' dir='ltr'>ὧν</span> <span class='ocrx_word' id='word_1_545' title='bbox 2958 3144 3198 3211; x_wconf 85' lang='grc' dir='ltr'>ὀνόματα</span> <span class='ocrx_word' id='word_1_546' title='bbox 3227 3139 3432 3209; x_wconf 85' lang='grc' dir='ltr'>Μαρία,</span> <span class='ocrx_word' id='word_1_547' title='bbox 3459 3136 3652 3204; x_wconf 73' lang='grc' dir='ltr'><strong>Σοδϐὴ.</strong></span> <span class='ocrx_word' id='word_1_548' title='bbox 3691 3137 3881 3186; x_wconf 73' lang='grc' dir='ltr'>Ἅννα.</span> <span class='ocrx_word' id='word_1_549' title='bbox 3921 3131 3985 3182; x_wconf 80' lang='grc' dir='ltr'><strong>Ἦ</strong></span> 
     </span>
    </p>
   </div>
   <div class='ocr_carea' id='block_1_77' title="bbox 2408 3223 3984 3308">
    <p class='ocr_par' dir='ltr' id='par_1_77' title="bbox 2408 3223 3984 3308">
     <span class='ocr_line' id='line_1_77' title="bbox 2408 3223 3984 3308; baseline -0.013 -15"><span class='ocrx_word' id='word_1_550' title='bbox 2408 3235 2501 3293; x_wconf 76' lang='grc' dir='ltr'>οὖν</span> <span class='ocrx_word' id='word_1_551' title='bbox 2546 3239 2734 3308; x_wconf 83' lang='grc' dir='ltr'>Μαρία</span> <span class='ocrx_word' id='word_1_552' title='bbox 2789 3238 2953 3306; x_wconf 83' lang='grc' dir='ltr'>γεννᾷ</span> <span class='ocrx_word' id='word_1_553' title='bbox 3010 3233 3278 3302; x_wconf 79' lang='grc' dir='ltr'>Σαλώμην</span> <span class='ocrx_word' id='word_1_554' title='bbox 3332 3231 3432 3301; x_wconf 78' lang='grc' dir='ltr'><strong>τὴν</strong></span> <span class='ocrx_word' id='word_1_555' title='bbox 3479 3230 3692 3282; x_wconf 83' lang='grc' dir='ltr'>Μαῖαν·</span> <span class='ocrx_word' id='word_1_556' title='bbox 3731 3227 3766 3296; x_wconf 81' lang='grc' dir='ltr'>ἡ</span> <span class='ocrx_word' id='word_1_557' title='bbox 3807 3223 3984 3290; x_wconf 75' lang='grc' dir='ltr'><strong>Σοὸϐἡ</strong></span> 
     </span>
    </p>
   </div>
   <div class='ocr_carea' id='block_1_78' title="bbox 2407 3312 3984 3398">
    <p class='ocr_par' dir='ltr' id='par_1_78' title="bbox 2407 3312 3984 3398">
     <span class='ocr_line' id='line_1_78' title="bbox 2407 3312 3984 3398; baseline -0.01 -17"><span class='ocrx_word' id='word_1_558' title='bbox 2407 3331 2571 3398; x_wconf 75' lang='grc' dir='ltr'>γεννᾷ</span> <span class='ocrx_word' id='word_1_559' title='bbox 2621 3328 2720 3398; x_wconf 81' lang='grc' dir='ltr'>τὴν</span> <span class='ocrx_word' id='word_1_560' title='bbox 2778 3326 3098 3389; x_wconf 72' lang='grc' dir='ltr'>Ἐλισὰϐετ,</span> <span class='ocrx_word' id='word_1_561' title='bbox 3143 3323 3243 3392; x_wconf 81' lang='grc' dir='ltr'>τὴν</span> <span class='ocrx_word' id='word_1_562' title='bbox 3309 3322 3521 3391; x_wconf 80' lang='grc' dir='ltr'>μητέρα</span> <span class='ocrx_word' id='word_1_563' title='bbox 3581 3318 3828 3371; x_wconf 79' lang='grc' dir='ltr'>Ἰωάννου</span> <span class='ocrx_word' id='word_1_564' title='bbox 3891 3312 3984 3366; x_wconf 81' lang='grc' dir='ltr'><strong>τοῦ</strong></span> 
     </span>
    </p>
   </div>
   <div class='ocr_carea' id='block_1_79' title="bbox 2408 3407 3986 3487">
    <p class='ocr_par' dir='ltr' id='par_1_79' title="bbox 2408 3407 3986 3487">
     <span class='ocr_line' id='line_1_79' title="bbox 2408 3407 3986 3487; baseline -0.011 -15"><span class='ocrx_word' id='word_1_565' title='bbox 2408 3418 2712 3474; x_wconf 83' lang='grc' dir='ltr'>Βαπτιστοῦ</span> <span class='ocrx_word' id='word_1_566' title='bbox 2734 3434 2747 3446; x_wconf 81' lang='grc'><strong>’</strong></span> <span class='ocrx_word' id='word_1_567' title='bbox 2785 3420 2818 3487; x_wconf 80' lang='grc' dir='ltr'>ἡ</span> <span class='ocrx_word' id='word_1_568' title='bbox 2852 3418 2910 3470; x_wconf 83' lang='grc' dir='ltr'><strong>δὲ</strong></span> <span class='ocrx_word' id='word_1_569' title='bbox 2942 3419 3110 3469; x_wconf 80' lang='grc' dir='ltr'>Ἀννα</span> <span class='ocrx_word' id='word_1_570' title='bbox 3141 3415 3306 3484; x_wconf 73' lang='grc' dir='ltr'>γεννᾷ</span> <span class='ocrx_word' id='word_1_571' title='bbox 3337 3413 3432 3482; x_wconf 81' lang='grc' dir='ltr'>τὴν</span> <span class='ocrx_word' id='word_1_572' title='bbox 3468 3411 3733 3463; x_wconf 84' lang='grc' dir='ltr'>Θεοτόκον</span> <span class='ocrx_word' id='word_1_573' title='bbox 3764 3407 3986 3473; x_wconf 80' lang='grc' dir='ltr'>Μαρίαν</span> 
     </span>
    </p>
   </div>
   <div class='ocr_carea' id='block_1_80' title="bbox 2409 3491 3986 3577">
    <p class='ocr_par' dir='ltr' id='par_1_80' title="bbox 2409 3491 3986 3577">
     <span class='ocr_line' id='line_1_80' title="bbox 2409 3491 3986 3577; baseline -0.013 -13"><span class='ocrx_word' id='word_1_574' title='bbox 2409 3512 2465 3564; x_wconf 84' lang='grc' dir='ltr'>ὲν</span> <span class='ocrx_word' id='word_1_575' title='bbox 2515 3509 2782 3577; x_wconf 84' lang='grc' dir='ltr'>Βηθλεὲμ,</span> <span class='ocrx_word' id='word_1_576' title='bbox 2825 3509 2924 3577; x_wconf 85' lang='grc' dir='ltr'><strong>τὴν</strong></span> <span class='ocrx_word' id='word_1_577' title='bbox 2969 3505 3112 3558; x_wconf 80' lang='grc' dir='ltr'>κατὰ</span> <span class='ocrx_word' id='word_1_578' title='bbox 3159 3504 3218 3557; x_wconf 83' lang='grc' dir='ltr'><strong>τὸ</strong></span> <span class='ocrx_word' id='word_1_579' title='bbox 3241 3504 3413 3571; x_wconf 76' lang='grc' dir='ltr'>ὄνομα</span> <span class='ocrx_word' id='word_1_580' title='bbox 3460 3502 3560 3569; x_wconf 81' lang='grc' dir='ltr'>τῆς</span> <span class='ocrx_word' id='word_1_581' title='bbox 3608 3491 3986 3568; x_wconf 50' lang='grc' dir='ltr'>μάμμηζκαὶ</span> 
     </span>
    </p>
   </div>
   <div class='ocr_carea' id='block_1_81' title="bbox 2409 3587 3984 3670">
    <p class='ocr_par' dir='ltr' id='par_1_81' title="bbox 2409 3587 3984 3670">
     <span class='ocr_line' id='line_1_81' title="bbox 2409 3587 3984 3670; baseline -0.011 -17"><span class='ocrx_word' id='word_1_582' title='bbox 2409 3601 2557 3661; x_wconf 82' lang='grc' dir='ltr'>θείας</span> <span class='ocrx_word' id='word_1_583' title='bbox 2591 3599 2978 3670; x_wconf 83' lang='grc' dir='ltr'>ἐπικληθεῖσαν</span> <span class='ocrx_word' id='word_1_584' title='bbox 3011 3596 3264 3666; x_wconf 82' lang='grc' dir='ltr'>Μαρίαν’</span> <span class='ocrx_word' id='word_1_585' title='bbox 3289 3594 3365 3656; x_wconf 85' lang='grc' dir='ltr'>ὼς</span> <span class='ocrx_word' id='word_1_586' title='bbox 3391 3589 3527 3646; x_wconf 73' lang='grc' dir='ltr'>εἶναι</span> <span class='ocrx_word' id='word_1_587' title='bbox 3563 3590 3661 3660; x_wconf 76' lang='grc' dir='ltr'>τὴν</span> <span class='ocrx_word' id='word_1_588' title='bbox 3703 3587 3984 3640; x_wconf 72' lang='grc' dir='ltr'>Ἐλισαόετ</span> 
     </span>
    </p>
   </div>
   <div class='ocr_carea' id='block_1_82' title="bbox 2407 3682 3980 3761">
    <p class='ocr_par' dir='ltr' id='par_1_82' title="bbox 2407 3682 3980 3761">
     <span class='ocr_line' id='line_1_82' title="bbox 2407 3682 3980 3761; baseline -0.009 -16"><span class='ocrx_word' id='word_1_589' title='bbox 2407 3692 2632 3757; x_wconf 72' lang='grc' dir='ltr'>ἀνεψιὰν</span> <span class='ocrx_word' id='word_1_590' title='bbox 2666 3692 2764 3761; x_wconf 81' lang='grc' dir='ltr'>μὲν</span> <span class='ocrx_word' id='word_1_591' title='bbox 2791 3691 2889 3759; x_wconf 84' lang='grc' dir='ltr'>τῆς</span> <span class='ocrx_word' id='word_1_592' title='bbox 2918 3691 3135 3758; x_wconf 81' lang='grc' dir='ltr'>Ἀννης,</span> <span class='ocrx_word' id='word_1_593' title='bbox 3165 3687 3459 3754; x_wconf 76' lang='grc' dir='ltr'>ὲξαδέ).φην</span> <span class='ocrx_word' id='word_1_594' title='bbox 3482 3684 3535 3736; x_wconf 83' lang='grc' dir='ltr'>δὲ</span> <span class='ocrx_word' id='word_1_595' title='bbox 3558 3682 3658 3752; x_wconf 84' lang='grc' dir='ltr'>τῆς</span> <span class='ocrx_word' id='word_1_596' title='bbox 3690 3683 3980 3733; x_wconf 68' lang='grc' dir='ltr'>Θεοτὸκευ.</span> 
     </span>
    </p>
   </div>
   <div class='ocr_carea' id='block_1_83' title="bbox 2409 3772 3985 3854">
    <p class='ocr_par' dir='ltr' id='par_1_83' title="bbox 2409 3772 3985 3854">
     <span class='ocr_line' id='line_1_83' title="bbox 2409 3772 3985 3854; baseline -0.009 -18"><span class='ocrx_word' id='word_1_597' title='bbox 2409 3782 2716 3854; x_wconf 77' lang='grc' dir='ltr'>Κυροῦντος</span> <span class='ocrx_word' id='word_1_598' title='bbox 2763 3782 2831 3835; x_wconf 83' lang='grc' dir='ltr'>τὰ</span> <span class='ocrx_word' id='word_1_599' title='bbox 2863 3784 3100 3851; x_wconf 75' lang='grc' dir='ltr'>ἑκάτερα</span> <span class='ocrx_word' id='word_1_600' title='bbox 3144 3779 3238 3832; x_wconf 87' lang='grc' dir='ltr'><strong>τοῦ</strong></span> <span class='ocrx_word' id='word_1_601' title='bbox 3267 3775 3623 3843; x_wconf 75' lang='grc' dir='ltr'>Εὑαγγελίου,</span> <span class='ocrx_word' id='word_1_602' title='bbox 3675 3773 3763 3825; x_wconf 74' lang='grc' dir='ltr'><strong>διὰ</strong></span> <span class='ocrx_word' id='word_1_603' title='bbox 3790 3773 3852 3824; x_wconf 80' lang='grc' dir='ltr'>τὸ</span> <span class='ocrx_word' id='word_1_604' title='bbox 3887 3772 3985 3840; x_wconf 83' lang='grc' dir='ltr'>μὲν</span> 
     </span>
    </p>
   </div>
   <div class='ocr_carea' id='block_1_84' title="bbox 2409 3860 3983 3942">
    <p class='ocr_par' dir='ltr' id='par_1_84' title="bbox 2409 3860 3983 3942">
     <span class='ocr_line' id='line_1_84' title="bbox 2409 3860 3983 3942; baseline -0.006 -16"><span class='ocrx_word' id='word_1_605' title='bbox 2409 3873 2662 3942; x_wconf 81' lang='grc' dir='ltr'>πατρῷον</span> <span class='ocrx_word' id='word_1_606' title='bbox 2694 3874 2848 3941; x_wconf 83' lang='grc' dir='ltr'>γένος</span> <span class='ocrx_word' id='word_1_607' title='bbox 2871 3872 2964 3926; x_wconf 76' lang='grc' dir='ltr'><strong>καὶ</strong></span> <span class='ocrx_word' id='word_1_608' title='bbox 2997 3870 3256 3941; x_wconf 79' lang='grc' dir='ltr'>σαρκικὸν</span> <span class='ocrx_word' id='word_1_609' title='bbox 3285 3867 3380 3921; x_wconf 88' lang='grc' dir='ltr'><strong>τοῦ</strong></span> <span class='ocrx_word' id='word_1_610' title='bbox 3412 3865 3648 3936; x_wconf 80' lang='grc' dir='ltr'>Χριστοῦ</span> <span class='ocrx_word' id='word_1_611' title='bbox 3669 3882 3682 3894; x_wconf 89' lang='grc'><strong>·</strong></span> <span class='ocrx_word' id='word_1_612' title='bbox 3717 3860 3851 3924; x_wconf 81' lang='grc' dir='ltr'>Ἦν,</span> <span class='ocrx_word' id='word_1_613' title='bbox 3877 3879 3983 3931; x_wconf 68' lang='grc' dir='ltr'>(ξη-</span> 
     </span>
    </p>
   </div>
   <div class='ocr_carea' id='block_1_85' title="bbox 2411 3955 3981 4032">
    <p class='ocr_par' dir='ltr' id='par_1_85' title="bbox 2411 3955 3981 4032">
     <span class='ocr_line' id='line_1_85' title="bbox 2411 3955 3981 4032; baseline -0.007 -15"><span class='ocrx_word' id='word_1_614' title='bbox 2411 3966 2513 4030; x_wconf 77' lang='grc' dir='ltr'>σὶν,</span> <span class='ocrx_word' id='word_1_615' title='bbox 2551 3969 2583 4019; x_wconf 83' lang='grc' dir='ltr'><em>ὁ</em></span> <span class='ocrx_word' id='word_1_616' title='bbox 2627 3964 2860 4031; x_wconf 84' lang='grc' dir='ltr'>Ἰησοῦς</span> <span class='ocrx_word' id='word_1_617' title='bbox 2920 3964 3252 4032; x_wconf 79' lang='grc' dir='ltr'>ἀρχόμενος</span> <span class='ocrx_word' id='word_1_618' title='bbox 3299 3962 3380 4026; x_wconf 82' lang='grc' dir='ltr'>ὡς</span> <span class='ocrx_word' id='word_1_619' title='bbox 3429 3958 3580 4012; x_wconf 77' lang='grc' dir='ltr'>ἐτῶν</span> <span class='ocrx_word' id='word_1_620' title='bbox 3636 3955 3981 4024; x_wconf 78' lang='grc' dir='ltr'>τριάκοντα,</span> 
     </span>
    </p>
   </div>
   <div class='ocr_carea' id='block_1_86' title="bbox 2407 4045 3984 4123">
    <p class='ocr_par' dir='ltr' id='par_1_86' title="bbox 2407 4045 3984 4123">
     <span class='ocr_line' id='line_1_86' title="bbox 2407 4045 3984 4123; baseline -0.007 -15"><span class='ocrx_word' id='word_1_621' title='bbox 2407 4056 2537 4120; x_wconf 84' lang='grc' dir='ltr'>υίὸς</span> <span class='ocrx_word' id='word_1_622' title='bbox 2571 4056 2650 4120; x_wconf 84' lang='grc' dir='ltr'>ὡς</span> <span class='ocrx_word' id='word_1_623' title='bbox 2707 4053 3001 4123; x_wconf 78' lang='grc' dir='ltr'>ἐνομίζετο</span> <span class='ocrx_word' id='word_1_624' title='bbox 3039 4053 3144 4107; x_wconf 88' lang='grc' dir='ltr'><strong>τοῦ</strong></span> <span class='ocrx_word' id='word_1_625' title='bbox 3230 4049 3474 4120; x_wconf 63' lang='grc' dir='ltr'><strong>Ἰωσὴφ,</strong></span> <span class='ocrx_word' id='word_1_626' title='bbox 3497 4049 3602 4103; x_wconf 82' lang='grc' dir='ltr'><strong>τοῦ</strong></span> <span class='ocrx_word' id='word_1_627' title='bbox 3669 4047 3799 4102; x_wconf 70' lang='grc' dir='ltr'><strong>Ἠλῖ</strong></span> <span class='ocrx_word' id='word_1_628' title='bbox 3829 4086 3845 4110; x_wconf 93' lang='grc'><strong>,</strong></span> <span class='ocrx_word' id='word_1_629' title='bbox 3878 4045 3984 4099; x_wconf 82' lang='grc' dir='ltr'><strong>τοῦ</strong></span> 
     </span>
    </p>
   </div>
   <div class='ocr_carea' id='block_1_87' title="bbox 2408 4136 3981 4214">
    <p class='ocr_par' dir='ltr' id='par_1_87' title="bbox 2408 4136 3981 4214">
     <span class='ocr_line' id='line_1_87' title="bbox 2408 4136 3981 4214; baseline -0.006 -17"><span class='ocrx_word' id='word_1_630' title='bbox 2408 4144 2656 4198; x_wconf 81' lang='grc' dir='ltr'>Ματθάν</span> <span class='ocrx_word' id='word_1_631' title='bbox 2692 4161 2705 4174; x_wconf 84' lang='lat'><strong><em>°</em></strong></span> <span class='ocrx_word' id='word_1_632' title='bbox 2750 4144 2838 4197; x_wconf 78' lang='grc' dir='ltr'><strong>διὰ</strong></span> <span class='ocrx_word' id='word_1_633' title='bbox 2886 4145 2942 4198; x_wconf 81' lang='grc' dir='ltr'><strong>δὲ</strong></span> <span class='ocrx_word' id='word_1_634' title='bbox 2973 4145 3033 4198; x_wconf 72' lang='grc' dir='ltr'>τὸ</span> <span class='ocrx_word' id='word_1_635' title='bbox 3084 4145 3350 4214; x_wconf 80' lang='grc' dir='ltr'>μητρικόν</span> <span class='ocrx_word' id='word_1_636' title='bbox 3381 4158 3394 4173; x_wconf 75' lang='grc' dir='ltr'><strong>ο</strong></span> <span class='ocrx_word' id='word_1_637' title='bbox 3437 4141 3614 4202; x_wconf 83' lang='grc' dir='ltr'>Ἰδοὺ,</span> <span class='ocrx_word' id='word_1_638' title='bbox 3648 4139 3838 4208; x_wconf 67' lang='grc' dir='ltr'>φησιν,</span> <span class='ocrx_word' id='word_1_639' title='bbox 3881 4136 3981 4188; x_wconf 76' lang='grc' dir='ltr'><strong>καί</strong></span> 
     </span>
    </p>
   </div>
   <div class='ocr_carea' id='block_1_88' title="bbox 2425 4229 3983 4305">
    <p class='ocr_par' dir='ltr' id='par_1_88' title="bbox 2425 4229 3983 4305">
     <span class='ocr_line' id='line_1_88' title="bbox 2425 4229 3983 4305; baseline -0.005 -15"><span class='ocrx_word' id='word_1_640' title='bbox 2425 4237 2730 4290; x_wconf 74' lang='grc' dir='ltr'>Ἐλισὰὅετ</span> <span class='ocrx_word' id='word_1_641' title='bbox 2763 4238 2800 4305; x_wconf 75' lang='grc' dir='ltr'><strong><em>ἠ</em></strong></span> <span class='ocrx_word' id='word_1_642' title='bbox 2834 4235 3138 4305; x_wconf 79' lang='grc' dir='ltr'>συγγενής</span> <span class='ocrx_word' id='word_1_643' title='bbox 3169 4251 3310 4289; x_wconf 84' lang='grc' dir='ltr'>σου.</span> <span class='ocrx_word' id='word_1_644' title='bbox 3360 4230 3462 4286; x_wconf 82' lang='grc' dir='ltr'>Ὧν</span> <span class='ocrx_word' id='word_1_645' title='bbox 3517 4233 3704 4284; x_wconf 69' lang='grc' dir='ltr'>ἓνεκεν</span> <span class='ocrx_word' id='word_1_646' title='bbox 3742 4229 3870 4294; x_wconf 76' lang='grc' dir='ltr'>δόξα</span> <span class='ocrx_word' id='word_1_647' title='bbox 3914 4229 3983 4296; x_wconf 74' lang='grc' dir='ltr'>τῇ</span> 
     </span>
    </p>
   </div>
   <div class='ocr_carea' id='block_1_89' title="bbox 2413 4319 3984 4394">
    <p class='ocr_par' dir='ltr' id='par_1_89' title="bbox 2413 4319 3984 4394">
     <span class='ocr_line' id='line_1_89' title="bbox 2413 4319 3984 4394; baseline -0.005 -16"><span class='ocrx_word' id='word_1_648' title='bbox 2413 4327 2815 4394; x_wconf 82' lang='grc' dir='ltr'>συγκαταδάσει</span> <span class='ocrx_word' id='word_1_649' title='bbox 2853 4326 2948 4379; x_wconf 89' lang='grc' dir='ltr'><strong>τοῦ</strong></span> <span class='ocrx_word' id='word_1_650' title='bbox 2997 4325 3131 4379; x_wconf 84' lang='grc' dir='ltr'>Θεοῦ</span> <span class='ocrx_word' id='word_1_651' title='bbox 3185 4325 3280 4378; x_wconf 90' lang='grc' dir='ltr'><strong>νῦν</strong></span> <span class='ocrx_word' id='word_1_652' title='bbox 3314 4326 3410 4378; x_wconf 73' lang='grc' dir='ltr'>καὶ</span> <span class='ocrx_word' id='word_1_653' title='bbox 3458 4323 3568 4388; x_wconf 72' lang='grc' dir='ltr'>ἀεὶ,</span> <span class='ocrx_word' id='word_1_654' title='bbox 3621 4322 3714 4375; x_wconf 80' lang='grc' dir='ltr'><strong>καὶ</strong></span> <span class='ocrx_word' id='word_1_655' title='bbox 3743 4322 3822 4382; x_wconf 84' lang='grc' dir='ltr'><strong>είς</strong></span> <span class='ocrx_word' id='word_1_656' title='bbox 3857 4319 3984 4380; x_wconf 78' lang='grc' dir='ltr'>τοὺς</span> 
     </span>
    </p>
   </div>
   <div class='ocr_carea' id='block_1_90' title="bbox 2413 4417 3345 4495">
    <p class='ocr_par' dir='ltr' id='par_1_90' title="bbox 2413 4417 3345 4495">
     <span class='ocr_line' id='line_1_90' title="bbox 2413 4417 3345 4495; baseline -0.002 -25"><span class='ocrx_word' id='word_1_657' title='bbox 2413 4418 2610 4480; x_wconf 81' lang='grc' dir='ltr'>αἰῶνας</span> <span class='ocrx_word' id='word_1_658' title='bbox 2632 4419 2742 4470; x_wconf 84' lang='grc' dir='ltr'><strong>τῶν</strong></span> <span class='ocrx_word' id='word_1_659' title='bbox 2781 4417 3011 4471; x_wconf 86' lang='grc' dir='ltr'>αίώνων.</span> <span class='ocrx_word' id='word_1_660' title='bbox 3064 4417 3258 4486; x_wconf 79' lang='grc' dir='ltr'>Ἀμήν.</span> <span class='ocrx_word' id='word_1_661' title='bbox 3339 4484 3345 4495; x_wconf 29' lang='grc' dir='ltr'><em>τ</em></span> 
     </span>
    </p>
   </div>
   <div class='ocr_carea' id='block_1_91' title="bbox 801 4745 3983 4826">
    <p class='ocr_par' dir='ltr' id='par_1_91' title="bbox 801 4745 3983 4826">
     <span class='ocr_line' id='line_1_91' title="bbox 801 4745 3983 4826; baseline -0.004 -16"><span class='ocrx_word' id='word_1_662' title='bbox 801 4759 851 4810; x_wconf 68' lang='grc'><strong>4.</strong></span> <span class='ocrx_word' id='word_1_663' title='bbox 897 4752 1106 4809; x_wconf 87' lang='lat' dir='ltr'><strong>Nullius</strong></span> <span class='ocrx_word' id='word_1_664' title='bbox 1132 4769 1262 4826; x_wconf 87' lang='lat' dir='ltr'><strong>sane</strong></span> <span class='ocrx_word' id='word_1_665' title='bbox 1301 4754 1468 4826; x_wconf 79' lang='lat' dir='ltr'><strong>frugis</strong></span> <span class='ocrx_word' id='word_1_666' title='bbox 1492 4756 1786 4818; x_wconf 85' lang='lat' dir='ltr'><strong>videbitur,</strong></span> <span class='ocrx_word' id='word_1_667' title='bbox 1809 4773 1893 4822; x_wconf 89' lang='lat' dir='ltr'><strong>ea,</strong></span> <span class='ocrx_word' id='word_1_668' title='bbox 1919 4773 2039 4826; x_wconf 69' lang='lat' dir='ltr'><strong>quae</strong></span> <span class='ocrx_word' id='word_1_669' title='bbox 2065 4769 2298 4826; x_wconf 87' lang='lat' dir='ltr'><strong>sequun-</strong></span> <span class='ocrx_word' id='word_1_670' title='bbox 2332 4757 2375 4811; x_wconf 80' lang='grc' dir='ltr'>υ</span> <span class='ocrx_word' id='word_1_671' title='bbox 2409 4751 2614 4804; x_wconf 83' lang='lat' dir='ltr'><strong>Ilelvid.</strong></span> <span class='ocrx_word' id='word_1_672' title='bbox 2673 4765 2733 4826; x_wconf 89' lang='lat' dir='ltr'><strong>_n.</strong></span> <span class='ocrx_word' id='word_1_673' title='bbox 2782 4749 2867 4826; x_wconf 62' lang='grc' dir='ltr'>ιιι)</span> <span class='ocrx_word' id='word_1_674' title='bbox 2925 4748 3378 4826; x_wconf 78' lang='lat' dir='ltr'><strong>re_futaverat._At</strong></span> <span class='ocrx_word' id='word_1_675' title='bbox 3406 4762 3530 4801; x_wconf 92' lang='lat' dir='ltr'><strong>cum</strong></span> <span class='ocrx_word' id='word_1_676' title='bbox 3558 4746 3806 4826; x_wconf 74' lang='lat' dir='ltr'><strong>eamdem</strong></span> <span class='ocrx_word' id='word_1_677' title='bbox 3824 4745 3983 4826; x_wconf 44' lang='lat' dir='ltr'><strong>“hanc</strong></span> 
     </span>
    </p>
   </div>
   <div class='ocr_carea' id='block_1_92' title="bbox 731 4825 2293 4896">
    <p class='ocr_par' dir='ltr' id='par_1_92' title="bbox 731 4825 2293 4896">
     <span class='ocr_line' id='line_1_92' title="bbox 731 4825 2293 4896; baseline -0.001 -19"><span class='ocrx_word' id='word_1_678' title='bbox 731 4836 838 4889; x_wconf 91' lang='lat' dir='ltr'><strong>tur,</strong></span> <span class='ocrx_word' id='word_1_679' title='bbox 901 4827 1074 4880; x_wconf 89' lang='lat' dir='ltr'><strong>oculis</strong></span> <span class='ocrx_word' id='word_1_680' title='bbox 1106 4825 1428 4893; x_wconf 83' lang='lat' dir='ltr'><strong>subjecisse,</strong></span> <span class='ocrx_word' id='word_1_681' title='bbox 1460 4830 1757 4894; x_wconf 68' lang='lat' dir='ltr'><strong>prmsertim</strong></span> <span class='ocrx_word' id='word_1_682' title='bbox 1789 4825 1943 4896; x_wconf 84' lang='lat' dir='ltr'><strong>quod</strong></span> <span class='ocrx_word' id='word_1_683' title='bbox 1980 4827 2032 4880; x_wconf 91' lang='lat' dir='ltr'><strong>in</strong></span> <span class='ocrx_word' id='word_1_684' title='bbox 2070 4825 2293 4879; x_wconf 85' lang='lat' dir='ltr'><strong>historia</strong></span> 
     </span>
    </p>
   </div>
   <div class='ocr_carea' id='block_1_93' title="bbox 731 4895 2296 4964">
    <p class='ocr_par' dir='ltr' id='par_1_93' title="bbox 731 4895 2296 4964">
     <span class='ocr_line' id='line_1_93' title="bbox 731 4895 2296 4964; baseline -0.001 -17"><span class='ocrx_word' id='word_1_685' title='bbox 731 4897 830 4947; x_wconf 90' lang='lat' dir='ltr'><strong>hac</strong></span> <span class='ocrx_word' id='word_1_686' title='bbox 892 4896 1236 4964; x_wconf 81' lang='lat' dir='ltr'><strong>genealogica</strong></span> <span class='ocrx_word' id='word_1_687' title='bbox 1284 4899 1510 4951; x_wconf 80' lang='lat' dir='ltr'><strong>texenda</strong></span> <span class='ocrx_word' id='word_1_688' title='bbox 1564 4900 1630 4950; x_wconf 85' lang='lat' dir='ltr'><strong>de</strong></span> <span class='ocrx_word' id='word_1_689' title='bbox 1687 4899 1994 4951; x_wconf 81' lang='lat' dir='ltr'><strong>castissime</strong></span> <span class='ocrx_word' id='word_1_690' title='bbox 2056 4895 2296 4963; x_wconf 76' lang='lat' dir='ltr'><strong>Deipara:</strong></span> 
     </span>
    </p>
   </div>
   <div class='ocr_carea' id='block_1_94' title="bbox 726 4965 2292 5034">
    <p class='ocr_par' dir='ltr' id='par_1_94' title="bbox 726 4965 2292 5034">
     <span class='ocr_line' id='line_1_94' title="bbox 726 4965 2292 5034; baseline -0.001 -16"><span class='ocrx_word' id='word_1_691' title='bbox 726 4980 931 5032; x_wconf 88' lang='lat' dir='ltr'><strong>sponso</strong></span> <span class='ocrx_word' id='word_1_692' title='bbox 983 4981 1042 5018; x_wconf 90' lang='lat' dir='ltr'><strong>ea</strong></span> <span class='ocrx_word' id='word_1_693' title='bbox 1081 4979 1266 5019; x_wconf 86' lang='lat' dir='ltr'><strong>auctor</strong></span> <span class='ocrx_word' id='word_1_694' title='bbox 1302 4980 1710 5031; x_wconf 84' lang='lat' dir='ltr'><strong>commemoret,</strong></span> <span class='ocrx_word' id='word_1_695' title='bbox 1746 4983 1864 5034; x_wconf 82' lang='lat' dir='ltr'><strong>qtue</strong></span> <span class='ocrx_word' id='word_1_696' title='bbox 1913 4967 2186 5020; x_wconf 83' lang='lat' dir='ltr'><strong>communi</strong></span> <span class='ocrx_word' id='word_1_697' title='bbox 2230 4965 2292 5016; x_wconf 87' lang='lat' dir='ltr'><strong>li-</strong></span> 
     </span>
    </p>
   </div>
   <div class='ocr_carea' id='block_1_95' title="bbox 727 5035 2290 5103">
    <p class='ocr_par' dir='ltr' id='par_1_95' title="bbox 727 5035 2290 5103">
     <span class='ocr_line' id='line_1_95' title="bbox 727 5035 2290 5103; baseline 0 -17"><span class='ocrx_word' id='word_1_698' title='bbox 727 5035 926 5088; x_wconf 83' lang='lat' dir='ltr'><strong>deliutn</strong></span> <span class='ocrx_word' id='word_1_699' title='bbox 962 5039 1242 5089; x_wconf 66' lang='lat' dir='ltr'><strong>sententia!</strong></span> <span class='ocrx_word' id='word_1_700' title='bbox 1294 5039 1672 5091; x_wconf 86' lang='lat' dir='ltr'><strong>adversantur.</strong></span> <span class='ocrx_word' id='word_1_701' title='bbox 1707 5052 1933 5103; x_wconf 66' lang='lat' dir='ltr'><strong>qumque</strong></span> <span class='ocrx_word' id='word_1_702' title='bbox 1962 5036 2070 5103; x_wconf 86' lang='lat' dir='ltr'><strong>jam</strong></span> <span class='ocrx_word' id='word_1_703' title='bbox 2109 5035 2230 5086; x_wconf 86' lang='lat' dir='ltr'><strong>inde</strong></span> <span class='ocrx_word' id='word_1_704' title='bbox 2262 5050 2290 5086; x_wconf 90' lang='lat' dir='ltr'><strong>a</strong></span> 
     </span>
    </p>
   </div>
   <div class='ocr_carea' id='block_1_96' title="bbox 728 5105 2285 5177">
    <p class='ocr_par' dir='ltr' id='par_1_96' title="bbox 728 5105 2285 5177">
     <span class='ocr_line' id='line_1_96' title="bbox 728 5105 2285 5177; baseline 0.001 -22"><span class='ocrx_word' id='word_1_705' title='bbox 728 5117 924 5173; x_wconf 74' lang='lat' dir='ltr'><strong>quarto</strong></span> <span class='ocrx_word' id='word_1_706' title='bbox 972 5106 1224 5161; x_wconf 69' lang='lat' dir='ltr'><strong>Ecclesia:</strong></span> <span class='ocrx_word' id='word_1_707' title='bbox 1282 5109 1479 5164; x_wconf 70' lang='lat' dir='ltr'><strong>sazculo</strong></span> <span class='ocrx_word' id='word_1_708' title='bbox 1540 5105 1598 5162; x_wconf 89' lang='lat' dir='ltr'><strong>S.</strong></span> <span class='ocrx_word' id='word_1_709' title='bbox 1634 5106 1993 5177; x_wconf 80' lang='lat' dir='ltr'><strong>Hieronymus</strong></span> <span class='ocrx_word' id='word_1_710' title='bbox 2049 5105 2285 5174; x_wconf 75' lang='lat' dir='ltr'><strong>(Advers.</strong></span> 
     </span>
    </p>
   </div>
   <div class='ocr_carea' id='block_1_97' title="bbox 2403 4815 3984 4891">
    <p class='ocr_par' dir='ltr' id='par_1_97' title="bbox 2403 4815 3984 4891">
     <span class='ocr_line' id='line_1_97' title="bbox 2403 4815 3984 4891; baseline -0.002 -20"><span class='ocrx_word' id='word_1_711' title='bbox 2403 4821 2798 4891; x_wconf 61' lang='lat' dir='ltr'><strong>paragraphttm</strong></span> <span class='ocrx_word' id='word_1_712' title='bbox 2831 4815 2941 4886; x_wconf 86' lang='lat' dir='ltr'><strong>jam</strong></span> <span class='ocrx_word' id='word_1_713' title='bbox 2977 4821 3027 4870; x_wconf 93' lang='lat' dir='ltr'><strong>in</strong></span> <span class='ocrx_word' id='word_1_714' title='bbox 3079 4821 3239 4891; x_wconf 75' lang='lat' dir='ltr'><strong>editis</strong></span> <span class='ocrx_word' id='word_1_715' title='bbox 3295 4815 3791 4891; x_wconf 21' lang='lat' dir='ltr'><strong>liabere‘tut‘tsapud</strong></span> <span class='ocrx_word' id='word_1_716' title='bbox 3820 4815 3984 4891; x_wconf 49' lang='lat' dir='ltr'><strong>Cotef</strong></span> 
     </span>
    </p>
   </div>
   <div class='ocr_carea' id='block_1_98' title="bbox 2402 4885 3984 4956">
    <p class='ocr_par' dir='ltr' id='par_1_98' title="bbox 2402 4885 3984 4956">
     <span class='ocr_line' id='line_1_98' title="bbox 2402 4885 3984 4956; baseline -0.007 -10"><span class='ocrx_word' id='word_1_717' title='bbox 2402 4885 2596 4946; x_wconf 61' lang='lat' dir='ltr'><strong>ieriuin</strong></span> <span class='ocrx_word' id='word_1_718' title='bbox 2636 4885 2780 4952; x_wconf 41' lang='lat' dir='ltr'><strong>_(PP.</strong></span> <span class='ocrx_word' id='word_1_719' title='bbox 2814 4891 2996 4954; x_wconf 82' lang='lat' dir='ltr'><strong>Apost.</strong></span> <span class='ocrx_word' id='word_1_720' title='bbox 3043 4899 3173 4942; x_wconf 89' lang='lat' dir='ltr'><strong>tum.</strong></span> <span class='ocrx_word' id='word_1_721' title='bbox 3213 4889 3264 4950; x_wconf 92' lang='lat' dir='ltr'><strong>I,</strong></span> <span class='ocrx_word' id='word_1_722' title='bbox 3300 4902 3418 4956; x_wconf 83' lang='lat' dir='ltr'><strong>pag.</strong></span> <span class='ocrx_word' id='word_1_723' title='bbox 3475 4885 3583 4938; x_wconf 69' lang='lat'><strong>279</strong></span> <span class='ocrx_word' id='word_1_724' title='bbox 3626 4887 3679 4937; x_wconf 74' lang='lat' dir='ltr'><strong>in</strong></span> <span class='ocrx_word' id='word_1_725' title='bbox 3741 4895 3852 4937; x_wconf 80' lang='lat' dir='ltr'><strong>not.</strong></span> <span class='ocrx_word' id='word_1_726' title='bbox 3917 4889 3984 4935; x_wconf 82' lang='lat' dir='ltr'><strong>ad</strong></span> 
     </span>
    </p>
   </div>
   <div class='ocr_carea' id='block_1_99' title="bbox 2402 4956 3984 5026">
    <p class='ocr_par' dir='ltr' id='par_1_99' title="bbox 2402 4956 3984 5026">
     <span class='ocr_line' id='line_1_99' title="bbox 2402 4956 3984 5026; baseline -0.004 -12"><span class='ocrx_word' id='word_1_727' title='bbox 2402 4963 2490 5014; x_wconf 81' lang='lat' dir='ltr'><strong>lib.</strong></span> <span class='ocrx_word' id='word_1_728' title='bbox 2550 4976 2606 5014; x_wconf 87' lang='grc' dir='ltr'><strong>ιιι</strong></span> <span class='ocrx_word' id='word_1_729' title='bbox 2640 4975 2756 5021; x_wconf 85' lang='lat' dir='ltr'><strong>cap.</strong></span> <span class='ocrx_word' id='word_1_730' title='bbox 2783 4958 2814 5012; x_wconf 84' lang='lat'><strong>6</strong></span> <span class='ocrx_word' id='word_1_731' title='bbox 2847 4958 3072 5012; x_wconf 75' lang='lat' dir='ltr'><strong>Constit.</strong></span> <span class='ocrx_word' id='word_1_732' title='bbox 3112 4959 3342 5026; x_wconf 56' lang='lat' dir='ltr'><strong>Apost).</strong></span> <span class='ocrx_word' id='word_1_733' title='bbox 3382 4957 3530 5010; x_wconf 87' lang='lat' dir='ltr'><strong>nulla</strong></span> <span class='ocrx_word' id='word_1_734' title='bbox 3580 4957 3770 5009; x_wconf 85' lang='lat' dir='ltr'><strong>aderat</strong></span> <span class='ocrx_word' id='word_1_735' title='bbox 3822 4956 3984 5017; x_wconf 83' lang='lat' dir='ltr'><strong>ratio,</strong></span> 
     </span>
    </p>
   </div>
   <div class='ocr_carea' id='block_1_100' title="bbox 2400 5028 3613 5097">
    <p class='ocr_par' dir='ltr' id='par_1_100' title="bbox 2400 5028 3613 5097">
     <span class='ocr_line' id='line_1_100' title="bbox 2400 5028 3613 5097; baseline -0.006 -11"><span class='ocrx_word' id='word_1_736' title='bbox 2400 5048 2498 5086; x_wconf 90' lang='lat' dir='ltr'><strong>cur</strong></span> <span class='ocrx_word' id='word_1_737' title='bbox 2529 5045 2647 5086; x_wconf 90' lang='lat' dir='ltr'><strong>eam</strong></span> <span class='ocrx_word' id='word_1_738' title='bbox 2697 5044 2819 5083; x_wconf 91' lang='lat' dir='ltr'><strong>cum</strong></span> <span class='ocrx_word' id='word_1_739' title='bbox 2857 5028 3074 5084; x_wconf 84' lang='lat' dir='ltr'><strong>humilia</strong></span> <span class='ocrx_word' id='word_1_740' title='bbox 3107 5044 3215 5084; x_wconf 87' lang='lat' dir='ltr'><strong>non</strong></span> <span class='ocrx_word' id='word_1_741' title='bbox 3247 5029 3613 5097; x_wconf 83' lang='lat' dir='ltr'><strong>vulgaretnus.</strong></span> 
     </span>
    </p>
   </div>
  </div>
