4232 6434
777 385 913 450 1019

781 547 1138 558 .—_—-—.——

1870 382 2013 442 LEO
2048 381 2457 446 PATRICIUS
2497 383 2579 446 1N
2613 382 2880 443 GENES.

3874 376 4022 438 1020

3643 536 3994 555 .—

1541 690 2276 814 ΑΕΟΝΤΟΣ
2353 693 3196 812 ΠΑΤΡΙΚΙΟΥ

2278 927 2336 963 ΠΙ
2343 926 2497 964 ΠΟΜΠ

1326 1061 1766 1117 ΕΡΜΙΙΝΕΙΑΣ
1791 1060 1909 1114 ΕΙΣ
1953 1059 2094 1113 ΤΗΝ
2130 1059 2464 1114 ιἘΛἘΣΙΝ
2499 1060 2647 1114 ΔΠΟ
2681 1058 3042 1113 ΔΙΔΦΟΡΩΝ
3075 1059 3440 1116 ΠΔΤΕΡΩΝ.
3499 1055 3502 1058 ’

1852 1385 2285 1479 LEONIS
2380 1389 2912 1482 PATBICII

1063 1581 1423 1645 ΕΙῚΤΟΜΕ
1466 1576 2246 1641 INTERPRETATIONIS
2298 1577 2378 1638 IN
2414 1577 2754 1641 GENESIN
2814 1579 2924 1640 EX
2969 1579 3238 1642 VARUS
3281 1580 3690 1644 PATRIBUS.

832 1900 1039 1969 Moyses
1061 1896 1386 1967 theologiam
1415 1907 1523 1948 non
1549 1892 1783 1948 instituit
1807 1902 2025 1963 propter
2065 1894 2324 1964 spiritua-
2354 1895 2403 1956 Α
2497 1905 2503 1941 ‹

2354 1895 2403 1956 Α
2497 1895 2571 1950 Οὑ
2595 1895 2892 1968 προτέταχε
2915 1895 3192 1964 θεολογίαν
3207 1897 3235 1950 6
3251 1896 3454 1968 Μωσῆς
3469 1896 3560 1950 διὰ
3575 1896 3675 1968 τὴν
3695 1898 4005 1970 νηπιότητα

762 1995 862 2047 lein
893 2007 1080 2047 eorum
1106 1988 1411 2052 infantiam,
1444 1986 1537 2043 sed
1564 1986 1892 2042 creationem
1928 1985 2003 2040 ait
2037 1985 2232 2042 factam
2256 2002 2324 2042 ne

759 2103 880 2142 eam
916 2103 1014 2156 pro
1046 2083 1152 2138 Deo
1188 2083 1448 2137 haberent
1502 2079 1773 2135 homines.
1837 2077 1961 2134 Ideo
1993 2079 2060 2135 de
2110 2080 2325 2152 angelo-

760 2196 878 2234 rum
912 2177 1186 2234 creatione
1211 2174 1333 2230 silet
1364 2187 1431 2226 ne
1462 2172 1874 2237 deiﬁcarentur;
1905 2185 2004 2226 nec
2025 2186 2202 2243 usque
2255 2171 2323 2227 ad

760 2270 1030 2325 Abraham
1067 2268 1210 2337 leges
1241 2262 1489 2332 angelum
1517 2261 1716 2316 alicubi
1745 2260 1999 2316 missum.

826 2453 978 2521 Quod
1007 2451 1227 2522 quidam
1257 2449 1476 2517 angelos
1503 2446 1656 2501 aiunt
1683 2446 1822 2500 caelo
1853 2453 1906 2501 et
1937 2452 2096 2500 terra:
2121 2457 2326 2514 praes-

759 2549 982 2634 stjtisse,
1019 2543 1110 2597 alii
1140 2559 1260 2596 eum
1281 2539 1420 2595 cmlo
1450 2548 1681 2604 creatos,
1714 2552 1837 2593 eum
1870 2538 1924 2591 in
1973 2537 2096 2592 loco
2148 2536 2326 2590 sintet

758 2627 874 2694 sine
911 2639 1028 2690 loco
1081 2649 1200 2688 esse
1251 2630 1610 2686 demonstrari
1663 2645 1768 2684 non
1837 2627 2030 2699 possit,
2087 2627 2324 2683 circum-

759 2730 943 2799 scripti
973 2727 1117 2782 enim
1147 2733 1292 2780 sunt.

829 2818 983 2885 Quod
1009 2833 1112 2870 non
1131 2816 1288 2870 docet
1316 2813 1485 2868 Deum
1518 2826 1689 2881 aquas
1716 2817 1846 2865 tunc
1882 2808 2106 2875 fecisse;
2152 2808 2246 2863 sed
2269 2808 2323 2862 in

759 2909 1017 2968 Sabbato,
1043 2903 1238 2973 inquit,
1268 2901 1394 2971 quia
1427 2901 1480 2956 in
1516 2914 1612 2955 sex
1650 2899 1840 2954 diebus
1875 2898 2137 2952 Dominus
2181 2896 2323 2952 Deus

761 2999 886 3053 fecit
911 2995 1108 3050 cwlum
1144 3002 1198 3047 et
1226 3001 1430 3047 terram
1461 3002 1513 3045 et
1541 3003 1690 3044 mare
1720 2998 1773 3044 et
1798 2989 1979 3043 omnia
2011 3002 2132 3059 qua:
2161 2987 2214 3041 in
2243 2987 2322 3043 eis

757 3099 903 3145 sunt.

827 3177 981 3246 Quod
1015 3176 1060 3233 si
1090 3175 1234 3229 Deus
1264 3171 1440 3227 lucem
1476 3166 1704 3234 ereavit,
1739 3182 1847 3224 non
1874 3167 1999 3222 item
2034 3166 2319 3222 tenebras:

2425 1987 2623 2053 αὑτῶν,
2652 1988 2786 2042 ἀλλὰ
2805 1989 2906 2057 τὴν
2938 1988 3113 2041 κτίσιν
3145 1987 3291 2057 λέγει
3316 1991 3572 2062 γενητὴν,
3632 1990 3719 2044 διά
3761 1992 3824 2044 τὸ
3866 1992 4005 2045 Θεὸν

2425 2079 2592 2150 αὑτὴν
2619 2078 2695 2150 μὴ
2719 2078 2861 2148 ἔχειν
2875 2078 3001 2141 τοὺς
3020 2077 3360 2149 ἀνθρώπουςο
3383 2079 3470 2133 διὰ
3493 2079 3648 2136 τοῦτο
3676 2082 3804 2154 περὶ
3829 2083 4002 2150 ἀγγέο

2423 2172 2530 2226 λων
2550 2172 2650 2226 οὑκ
2675 2167 2794 2225 εἷπε
2827 2171 3076 2236 κτίσεως,
3101 2171 3185 2226 ἵνα
3213 2171 3288 2242 μὴ
3315 2173 3706 2243 θεοποιηθῶσιν
3751 2176 3948 2239 αὐτούς
3983 2191 4000 2207 ⁸

2422 2264 2544 2318 οὐδὲ
2579 2265 2741 2335 μέχρι
2760 2263 2856 2318 τοῦ
2876 2262 3128 2335 Ἀϐραὰμ
3150 2265 3403 2336 εὑρήσεις
3422 2264 3652 2334 ἄγγελον
3678 2268 4003 2336 πεμφθέντα

2424 2371 2553 2411 που.

2495 2447 2617 2500 Ὅτι
2643 2445 2692 2499 οι
2727 2445 2827 2516 μὲν
2857 2445 3232 2516 προϋπάρχειν
3257 2445 3506 2513 λέγουσιν
3551 2445 3820 2514 ἀγγέλους
3840 2445 4000 2515 οὑρα-

2423 2534 2515 2588 νοῦ
2539 2536 2632 2588 καὶ
2664 2535 2768 2606 γῆς
2789 2550 2803 2565 °
2827 2535 2877 2587 οἱ
2901 2535 2958 2589 δὲ
2987 2537 3082 2588 σὺν
3111 2533 3259 2605 αὑτῷ
3285 2534 3630 2604 γεγενῆσθαι,
3659 2535 3781 2587 ἐπεὶ
3813 2535 3906 2586 καὶ
3939 2533 4000 2584 έν

2423 2628 2572 2698 τόπῳ
2594 2627 2699 2681 εἰσι
2723 2642 2740 2658 ο
2763 2627 2854 2680 καὶ
2881 2627 3010 2680 ἄνευ
3042 2629 3208 2680 τόπου
3253 2622 3391 2679 εἶναι
3420 2626 3640 2688 τούτους
3675 2625 3776 2678 οὑκ
3801 2625 3868 2678 ἂν
3911 2627 4000 2677 ὲν-

2423 2717 2631 2786 δέχοιτο
2654 2732 2671 2749 ο
2694 2717 3062 2788 περιγραπτοὶ
3096 2717 3206 2786 γάρ
3231 2719 3391 2771 εἰσιν.

2493 2807 2616 2860 ὀτι
2645 2807 2706 2860 οὑ
2738 2807 2980 2860 διδάσκει
3007 2807 3088 2860 ὅτι
3119 2807 3213 2860 καὶ
3234 2808 3302 2861 τά
3325 2807 3488 2860 ῦδατα
3507 2807 3769 2876 ἐποίησεν
3805 2809 3834 2859 6
3862 2805 3997 2868 Θεὸς

2425 2895 2656 2951 ἐνταῦθα
2683 2911 2699 2926 ⁸
2729 2897 2787 2948 ὲν
2812 2895 2970 2964 δὲτῷ
3002 2896 3291 2966 Σαϐϐάτῳ,
3332 2899 3517 2968 φησὶν,
3547 2897 3630 2950 ὅτι
3655 2900 3714 2950 έν
3753 2896 3811 2962 ἕξ
3856 2897 3996 2965 ἠμέ-

2427 3006 2545 3058 ραις
2562 2988 2782 3058 ἐποίησε
2802 2989 3006 3059 Κὺριος
3025 2991 3053 3042 6
3068 2988 3204 3053 Θεὸς
3226 2988 3316 3041 τὸν
3346 2989 3596 3060 οὐρανὸν,
3614 2987 3710 3041 καὶ
3737 2989 3838 3059 τὴν
3866 2988 3994 3058 γῆν,

2423 3084 2519 3134 καὶ
2544 3081 2644 3150 τὴν
2677 3081 2974 3148 θάλασσαν,
2993 3081 3088 3134 καὶ
3121 3081 3298 3134 πάντα
3326 3081 3392 3134 τὰ
3414 3082 3474 3135 ὲν
3503 3083 3709 3144 αὐτοῖς.

2495 3171 2617 3225 Ὀτι
2640 3172 2688 3224 εἰ
2708 3171 2767 3224 τὸ
2794 3171 2908 3239 φῶς
2937 3171 2966 3223 6
3000 3171 3135 3236 Θεὸς
3188 3170 3645 3242 ἐδημιούργησεν,
3705 3171 3806 3224 οὑκ
3831 3171 3994 3233 αὑτδς

758 3268 1032 3323 coutraria
1079 3265 1222 3320 enim
1264 3269 1424 3326 sunt;
1457 3259 1730 3314 contraria
1775 3266 1956 3310 autem
2012 3272 2120 3310 non
2169 3263 2319 3319 sunt,
2355 3233 2429 3296 Βι

2355 3233 2396 3288 Β
2424 3263 2485 3316 τὸ
2501 3263 2688 3326 σκότος
2718 3278 2732 3293 ο
2776 3233 2995 3317 ἐναντία
3011 3233 3157 3332 γάρ·
3178 3233 3300 3314 οὑκ,
3332 3233 3535 3315 ἐστινδέ
3575 3233 3816 3326 nam...
3855 3261 3993 3314 ἀλλὰ

756 3361 848 3414 sed
891 3359 981 3412 lux
1046 3355 1264 3426 quidem
1319 3349 1663 3412 substantia,
1726 3347 1961 3402 tenebrae
2022 3347 2319 3401 ascititium
2423 3375 2427 3390 ι

2423 3352 2484 3406 τὸ
2531 3351 2630 3424 μὲν
2683 3351 2862 3416 οὑσία,
2894 3352 2953 3406 τδ
2986 3351 3044 3405 δὲ
3109 3351 3456 3422 συμϐεϐηκός
3499 3354 3646 3404 ἐστιν
3677 3365 3694 3382 ⁸
3755 3350 3991 3420 οὐρανοῦ

756 3453 927 3520 quid;
959 3447 1081 3504 coeli
1113 3446 1328 3501 enimet
1362 3454 1520 3499 terrm
1553 3440 1904 3496 obumbratio
1929 3448 2090 3507 sunt;
2121 3452 2320 3495 secun-
2423 3463 2427 3474 ·

2423 3444 2532 3515 γάρ
2563 3444 2657 3498 καὶ⁸
2688 3443 2790 3514 γῆς
2824 3445 2970 3496 ἐστιν
3001 3443 3357 3513 ἀποσκίασμα
3382 3458 3396 3474 ⁸
3442 3443 3516 3507 ὡς
3536 3442 3594 3496 δὲ
3623 3443 3673 3495 ol
3705 3441 3831 3510 ἔξω,
3861 3443 3991 3496 σκιὰ

754 3545 882 3597 dum
920 3539 1166 3611 gentiles,
1201 3535 1390 3589 umbra
1411 3544 1588 3589 terrae.
2422 3537 2544 3605 γῆς.

825 3633 981 3699 Quod
1012 3629 1244 3700 Spiritus
1270 3627 1360 3697 qui
1391 3624 1668 3679 ferebatur
1695 3637 1788 3676 aer
1811 3631 1893 3676 est
1924 3619 2182 3690 physicus
2224 3632 2319 3671 su-
2492 3628 2496 3636 ‘

2492 3624 2614 3676 Ὀτι
2639 3623 2698 3676 τὺ
2717 3622 2938 3693 Πνεῦμα
2965 3622 2994 3675 6
3024 3623 3341 3692 ἐπεφέρετο,
3369 3624 3476 3693 ἀήρ
3500 3625 3648 3678 ἐστιν
3691 3628 3720 3680 6
3760 3625 3991 3694 φυσικὸς

753 3741 849 3794 pra
889 3739 1060 3794 aquas
1119 3720 1407 3782 exsistens,
1444 3714 1604 3784 cujus
1650 3725 1898 3768 naturam
1960 3709 2211 3765 mobilem
2265 3718 2321 3764 et
2419 3718 2424 3764 ἐ

2316 3726 2321 3761 ‘.
2419 3713 2603 3766 ἐπάνω
2628 3711 2833 3766 ὑδάτων
2855 3711 2949 3766 ὤν’
2978 3712 3201 3776 δικαίως
3225 3713 3280 3766 δὲ
3315 3715 3483 3766 καὶτὸ
3511 3713 3834 3783 ἐπεφέρετο
3855 3716 3913 3768 τό
3928 3733 3987 3767 τε

755 3818 948 3867 llusam
989 3813 1124 3866 bene
1151 3811 1524 3864 demonstrant
1560 3806 1722 3860 verba
1750 3802 2015 3873 ferebatur
2044 3810 2097 3855 et
2135 3815 2316 3866 supra.
2417 3826 2426 3857 ε

2417 3803 2618 3858 ἐπάνω
2638 3804 2785 3875 δηλοῖ
2819 3806 2913 3858 καὶ
2950 3806 3226 3874 κινητικὸν
3258 3804 3422 3858 αὑτοῦ
3445 3805 3539 3858 καὶ
3602 3805 3832 3860 ἄστατον
3859 3823 3872 3836 ο
3905 3807 3988 3858 ὅτι

753 3906 907 3972 Quod
937 3914 1114 3958 autem
1139 3900 1400 3972 Spiritum
1457 3897 1552 3951 Dei
1587 3895 1736 3961 dicit,
1768 3896 1893 3949 audi
1925 3891 2090 3947 David
2124 3905 2138 3942 :
2182 3889 2316 3943 Flac
2421 3922 2424 3941 ι

2421 3897 2477 3951 δὲ
2496 3895 2630 3949 Θεοῦ
2659 3896 2791 3950 αὑτὸ
2822 3895 2991 3963 λέγει,
3026 3897 3189 3950 ἄκουε
3221 3896 3313 3950 τοῦ
3343 3897 3505 3951 Δασίδ
3538 3913 3552 3927 ·
3608 3898 3864 3951 "reticet
3917 3897 3986 3950 τὸ

753 3999 825 4052 bit
850 3995 1080 4064 Spiritus
1108 3995 1242 4062 ejus,
1263 3992 1313 4044 id
1343 3998 1427 4045 est
1453 3988 1690 4058 Spiritus
1707 3987 1820 4049 Dei,
1839 3996 1888 4039 et
1910 3985 2073 4053 ﬂuent
2095 3983 2313 4051 aquw‘;
2418 4020 2424 4038 ι

2418 3986 2658 4054 Πνεῦμα
2698 3985 2903 4047 αὐτοῦ.
2940 3986 3108 4056 ἧγουν
3165 3986 3227 4039 τὸ
3280 3987 3502 4054 Πνεῦμα
3545 3986 3640 4042 τοῦ
3682 3986 3838 4052 Θεοῦ,
3886 3988 3986 4040 καὶ

750 4096 825 4150 et.
873 4085 1080 4140 Domini
1127 4091 1204 4138 est
1245 4091 1384 4136 terra
1410 4091 1456 4135 et
1493 4078 1763 4148 plenitudo
1787 4076 1972 4144 ejus’;
2004 4083 2079 4135 et,
2113 4071 2316 4127 Cretum
2411 4107 2421 4148 γ

2411 4077 2703 4148 ρυήσεται
2727 4077 2935 4132 ὕδατα.
2977 4078 3119 4131 Καί·
3169 4078 3277 4133 Τοῦ
3315 4080 3540 4147 Κυρίου
3578 4081 3616 4148 ἡ
3646 4079 3722 4149 γῆ
3760 4080 3858 4134 καὶ
3919 4080 3987 4133 τὸ

750 4179 866 4233 ειειὲ
899 4177 1120 4231 Domino
1149 4176 1190 4228 ³.
1217 4173 1448 4239 Quidam
1469 4183 1650 4225 autem
1693 4172 1794 4223 hoc
1825 4169 1891 4220 de
1942 4165 2148 4236 Spiritu
2190 4178 2317 4218 san-
2416 4208 2421 4221 ,

2313 4191 2317 4201 ’
2416 4169 2728 4238 πλήρωμα.
2759 4167 2902 4222 Καιο
2943 4168 3008 4222 '0
3028 4169 3287 4237 οὐρανὸς
3308 4170 3416 4224 τοῦ
3448 4170 3709 4236 οὐρανοῦ
3758 4168 3837 4232 τῷ
3870 4174 3984 4224 Κυ-

751 4283 838 4324 cto
862 4269 1203 4336 intelligunt;
1228 4280 1326 4318 vox
1352 4272 1531 4318 autem
1559 4260 1843 4329 ferebatur,
1874 4258 1924 4313 itl
1951 4255 2204 4327 estquasi
2227 4254 2315 4308 in-
2408 4282 2422 4328 Α

2314 4286 2315 4292 η
2408 4261 2542 4328 ριφ.
2604 4260 2667 4316 οι
2711 4259 2790 4319 δὲ.
2831 4260 2960 4327 περὶ
3009 4259 3105 4313 τοῦ
3167 4260 3433 4327 παναγίου
3467 4260 3782 4329 Πνεὺματος
3827 4263 3985 4313 τοῦτο

748 4361 983 4415 cubabat
1008 4357 1164 4430 aquis
1199 4366 1252 4412 et
1269 4370 1364 4412 eas
1390 4351 1716 4408 viviﬁcabat.
2414 4371 2419 4384 ‹

2414 4350 2595 4405 νοοῦσι
2624 4367 2638 4382 ο
2667 4351 2728 4404 τὸ
2743 4351 2801 4403 δὲ
2838 4350 3184 4419 ἐπεφέρετο,
3215 4353 3337 4406 ἀντὶ
3373 4352 3488 4418 τοῦ,
3511 4351 3702 4422 ὥσπερ
3735 4355 3985 4416 ἑπωάξον

819 4541 972 4608 Quod
1003 4548 1221 4612 propter
1255 4537 1357 4590 hoc
1385 4535 1583 4590 dicitur
1616 4550 1629 4587 :
1657 4530 1804 4586 Vidit
1837 4530 1981 4584 Deus
2003 4528 2129 4599 quia
2159 4536 2314 4582 erant

747 4641 911 4698 bona,
938 4651 1003 4690 ne
1026 4632 1149 4702 quis
1165 4630 1471 4698 vituperare
1488 4626 1710 4680 auderet
1729 4637 1848 4693 qua:
1871 4622 2053 4678 divina
2087 4629 2308 4675 senten-

746 4729 818 4783 tia
858 4727 1006 4780 'buna
1032 4723 1261 4776 dixerat.

816 4817 970 4879 Quod
996 4816 1103 4868 duo
1139 4809 1261 4866 crrli
1288 4815 1450 4863 sunt:
1486 4818 1654 4859 unum
1684 4803 1735 4856 in
1759 4799 2030 4871 principio
2080 4797 2307 4860 factum,

747 4910 974 4963 alterum
1015 4922 1077 4960 ex
1111 4903 1270 4972 aquis
1308 4899 1626 4961 formatum;
1659 4895 1711 4949 id
1760 4902 1845 4948 est
1893 4907 2060 4947 unum
2089 4905 2157 4945 ex
2201 4902 2308 4943 non

743 4998 984 5063 entibus,
1015 4995 1242 5050 alterum
1265 5005 1328 5044 ex
1344 4989 1457 5057 jam
1489 4983 1898 5040 exsisteutibns.

812 5086 967 5153 Quod
1002 5085 1152 5147 illud,
1173 5080 1432 5141 Laudate,
1457 5075 1570 5130 caeli
1599 5075 1869 5136 cwlorum,
1920 5080 1974 5126 et
2010 5086 2146 5139 aqua
2195 5083 2311 5138 qua:

743 5182 873 5236 uelo
914 5185 1197 5246 superstat,
1248 5174 1432 5242 plures
1462 5168 1630 5224 caelos
1646 5181 1752 5220 non
1790 5163 2030 5227 inducit;
2079 5161 2174 5215 sed
2208 5159 2311 5214 Ile-

744 5276 1012 5328 braeorum
1048 5268 1312 5323 dialectus
1337 5277 1445 5317 non
1481 5261 1618 5316 solet
1646 5273 1808 5312 voces
1829 5257 2017 5310 cretum
2039 5263 2093 5310 et
2118 5269 2310 5325 aquam

740 5337 1093 5432 singulariter
1155 5356 1461 5426 exprimere
1503 5360 1605 5418 ;ut
1640 5363 1738 5404 nec
1788 5347 1959 5402 Graeci
2004 5345 2220 5399 Athena:
2256 5353 2310 5398 et

745 5454 968 5521 fl'ltebre;
998 5461 1050 5507 et
1065 5463 1226 5505 nemo
1251 5447 1422 5500 urbem
1445 5442 1698 5511 Delphum
1731 5440 1880 5503 dicit,
1917 5437 2010 5494 sed
2043 5437 2307 5505 Delphos;

748 5557 799 5602 et
831 5545 884 5600 in
923 5543 1029 5598 alio
1061 5541 1244 5598 cretum
1275 5538 1390 5594 creti
1409 5537 1685 5592 veritatem
1726 5542 1896 5590 ratam
1922 5530 2072 5587 facit.

846 5757 984 5814 Psal.
1007 5775 1210 5825 ωιτη,
1247 5758 1328 5814 18.
1357 5762 1374 5792 ²
1403 5756 1543 5813 l'sal.
1566 5771 1723 5820 unt,
1756 5757 1795 5810 ‘.
1827 5754 1845 5786 ³
1870 5751 2012 5809 Psai.
2044 5767 2196 5814 cxtu.
2231 5755 2312 5808 l6.

2415 4441 2745 4512 περιέθαλπε
2770 4442 2864 4496 καὶ
2893 4442 3184 4509 ιζωογόνει
3203 4443 3272 4496 τὰ
3301 4442 3492 4496 ὕδατα.

2488 4534 2608 4586 Ὀτι
2635 4532 2722 4585 διὰ
2746 4531 2906 4586 τοῦτο
2938 4532 3279 4603 πρόσκειται,
3343 4534 3424 4586 ὃτι
3476 4528 3667 4586 εἷδενό
3716 4534 3850 4596 Θεὸς
3904 4535 3986 4587 ὅτι

2417 4625 2579 4692 καλὰ,
2613 4625 2699 4678 ἵνα
2731 4623 2920 4697 μηδεὶς
2948 4625 3169 4694 δύνηται
3196 4625 3356 4695 ψέξαι
3387 4626 3423 4680 ἃ
3443 4627 3475 4697 ἡ
3497 4626 3619 4680 θεία
3645 4626 3824 4696 ψῆφος
3862 4623 3984 4682 εἷπε

2417 4715 2576 4771 καλά.

2491 4803 2721 4856 ’οτιδὺο
2740 4803 2960 4873 οὐρανοί
2979 4804 3140 4867 εἰσιν,
3160 4797 3240 4867 εἷς
3264 4806 3293 4858 6
3323 4805 3383 4856 ἐν
3410 4806 3552 4876 ἀρχῇ
3586 4807 3849 4876 γεγονὼς,
3889 4812 3984 4862 καὶ

2416 4895 2598 4961 ἕτερος
2632 4897 2659 4946 6
2680 4895 2739 4961 ἐξ
2770 4895 2977 4950 ὑδάτων
2997 4896 3266 4959 συνεστώς
3299 4911 3314 4925 ’
3337 4896 3476 4951 ὥστε
3495 4899 3524 4950 6
3560 4899 3662 4968 μὲν
3685 4901 3747 4964 ἐξ
3775 4903 3876 4955 οὑκ
3896 4903 3984 4956 ὃν.

2413 5002 2541 5050 των,
2573 4987 2602 5040 6
2624 4985 2680 5040 δὲ
2711 4985 2772 5052 ἐξ
2805 4987 2994 5041 ὄντων.

2484 5077 2700 5142 Ὀτιτδ,
2719 5078 3058 5148 Εὐλογεῖτε,
3085 5081 3140 5131 οι
3164 5081 3407 5146 οὐραγοὶ
3429 5081 3546 5135 τῶν⁹
3567 5084 3860 5153 οίφανῶν,
3887 5088 3980 5139 καὶ

2411 5170 2470 5222 τὸ
2489 5169 2632 5241 ὕδωρ
2647 5171 2708 5224 τὸ
2724 5171 2981 5241 ὑπεράνω
2995 5171 3101 5224 τῶν
3117 5171 3383 5240 οὐρανῶν,
3397 5174 3457 5226 οὑ
3477 5175 3700 5238 πολλοὺς
3718 5177 3980 5245 οὐρανοὺς

2410 5261 2577 5331 λέγει,
2596 5262 2730 5317 ἀλλὰ
2754 5264 2787 5333 ἡ
2828 5261 3094 5334 Ἐὃραιων
3123 5264 3308 5335 γραφὴ
3324 5265 3416 5318 τόν
3438 5282 3496 5320 τε
3522 5267 3786 5334 οὐρανὸν
3801 5270 3897 5322 καὶ
3921 5271 3980 5323 τὸ

2409 5352 2569 5422 ὕδωρ
2585 5353 2685 5406 οὑκ
2698 5348 2835 5407 οῐδεν
2850 5353 3044 5417 ἑνικῶς
3063 5353 3368 5425 ὀνομάζειν·
3383 5356 3569 5428 ὥσπερ
3586 5358 3704 5412 οὐδὲ
3717 5361 3768 5412 οι
3784 5361 3977 5428 Ἕλλη-

2409 5458 2498 5505 ver;
2511 5441 2572 5496 τὸ
2587 5441 2842 5510 Ἀθῆναι,
2855 5443 2950 5498 καὶ
2969 5443 3031 5496 τὸ
3053 5443 3259 5512 Θῆϐαι·
3286 5447 3382 5501 καὶ
3398 5447 3509 5515 τὴν
3537 5449 3774 5518 Δελφὸν
3801 5452 3978 5504 πόλιν

2408 5530 2584 5595 οὐδεὶς
2610 5531 2779 5600 λέγει,
2807 5533 2943 5588 ἀλλὰ
2971 5535 3241 5605 Δελφοὺς
3271 5535 3423 5606 λέγει
3455 5552 3470 5569 ⁸
3501 5539 3625 5591 ἐπεὶ
3673 5541 3975 5612 όούραγός

2410 5624 2515 5680 τοῦ
2551 5625 2809 5696 οὐρανοῦ
2831 5627 2890 5684 ἐν
2921 5628 3064 5701 ἄλλῳ
3102 5631 3257 5704 κυροῖ
3273 5629 3373 5704 τὴν
3395 5629 3672 5702 ἀλήθειαν.
