4232 6434
298 407 421 474 1021

292 621 364 673 Τὸ
395 620 512 688 μὲν.
543 619 624 671 ὅτι
657 617 914 683 ῆνωνται
941 628 954 642 ⁸
982 611 1039 665 τὸ
1065 610 1143 675 δὲ,
1178 611 1260 662 ὃτι
1288 609 1482 663 κοῖται
1517 613 1610 663 καὶ
1637 611 1852 682 πελάγη

294 709 670 780 κεχωρισμένα
711 707 868 760 εἰσιν.

364 781 724 864 Ὀτιῗτὰςόὺκ
752 799 1042 869 ἐδωδίμους
1087 799 1315 867 βοτάνας
1342 797 1644 868 βλαστῆσαι
1689 813 1857 866 προσ-

293 893 480 957 έταξεν
502 893 530 944 δ
557 891 712 955 Θεὸς,
743 891 837 944 καὶ
860 891 927 942 τὰ
949 890 1126 944 εοσόλα
1148 889 1237 942 διά
1256 906 1310 941 τε
1338 890 1438 952 τὰς
1463 887 1761 954 μελλούσας
1792 889 1857 940 ὲκ

292 985 389 1052 τῆς
430 983 700 1052 ἁμαρτίας
715 982 1023 1052 ἀρρωστίας
1053 981 1386 1048 ἐγγίνεσθαι,
1417 980 1510 1032 καὶ
1531 979 1617 1033 διὰ
1648 979 1706 1031 τὸ
1731 982 1856 1032 ὲπι-

294 1075 487 1142 φόϐους
521 1075 666 1142 ἡμᾶς
700 1067 837 1125 εἶναι
889 1073 947 1124 ἐν
985 1073 1147 1123 παντὶ
1195 1073 1287 1124 καὶ
1325 1071 1475 1139 τόπῳ
1499 1072 1595 1123 καὶ
1648 1071 1848 1140 χρόνῳ,

294 1165 386 1216 καὶ
445 1162 841 1226 συστέλλεσθαι,
861 1163 953 1214 καὶ
981 1162 1071 1214 τὸν
1093 1160 1225 1213 Θεὸν
1260 1161 1444 1229 ζητεῖν
1468 1161 1529 1213 ὲκ
1557 1161 1772 1215 τούτου.

363 1256 484 1308 Ὅτι
511 1255 573 1307 ἐκ
593 1253 684 1307 τοῦ
717 1254 934 1324 πρώτου
965 1255 1139 1322 φωτὸς
1164 1255 1355 1322 ὀῆλιος
1379 1253 1559 1316 ἔλαϐε,
1595 1253 1685 1305 καὶ
1716 1255 1746 1322 ἡ
1769 1270 1853 1305 σε-

1325 403 1803 464 ATHANASIUS
1843 405 2202 465 CORINTH.
2244 405 2472 470 EPISC.

362 531 478 582 Ὀτι
512 526 623 588 πῶς
656 525 748 578 καὶ
777 524 919 593 μίαὴ
949 521 1155 575 ὑδάτων
1179 521 1466 596 συναγωγὴ
1497 521 1586 572 καὶ
1628 520 1854 586 πολλαί;
1883 533 1930 590 Α

3397 411 3527 475 103-2

2030 524 2318 588 Quoniouo
2349 524 2642 593 singularis
2665 539 2934 594 aquarum
2965 525 3218 579 collectio
3238 537 3286 578 ct
3311 529 3490 594 plures
3507 534 3529 582 ’ἲ

1955 612 2115 667 Juxta
2135 614 2286 676 illud,
2312 614 2720 685 Congregentur,
2751 625 2825 681 et,
2848 615 3095 669 Flumina
3121 632 3148 669 a
3186 618 3426 673 maribus
3449 623 3523 673 di-

1957 706 2227 762 vidantur.

2024 797 2178 863 Quod
2209 797 2421 866 plantas
2442 811 2548 850 non
2585 797 2806 852 esibiles
2835 796 3144 866 germinare
3167 797 3332 867 jussit
3359 798 3519 859 Deus,

1954 898 2331 944 etvenenosas
2358 888 2531 950 nasci,
2565 887 2665 941 hoc
2689 899 2908 958 prepter
2941 889 3160 944 morbos
3200 905 3265 944 ex
3315 907 3521 959 praet-a-

1958 980 2216 1033 ricatione
2232 989 2694 1049 superventuros,
2727 989 2782 1032 et
2821 994 2916 1046 per
2949 979 3052 1034 hoc
3082 982 3226 1050 quod
3277 982 3328 1035 in
3373 983 3521 1034 omni

1955 1070 2074 1123 loco
2096 1072 2483 1138 ettemporein
2521 1071 2716 1124 timore
2757 1081 2811 1124 et
2852 1072 3052 1138 gemitu
3085 1071 3341 1138 vivimus,
3397 1073 3522 1127 hinc

1955 1160 2121 1214 Deum
2147 1162 2419 1228 quaerendi
2454 1161 2607 1216 locus
2633 1170 2796 1216 esset.

2024 1252 2176 1316 Quod
2203 1266 2267 1304 ex
2290 1251 2407 1305 luce
2436 1252 2755 1321 primigenia
2793 1253 2896 1316 sol,
2927 1253 3296 1317 luna,astraet
3317 1253 3455 1324 ignis
3474 1255 3517 1306 si

292 1347 446 1416 λήνη,
467 1346 561 1399 καὶ
580 1347 626 1398 οἱ
645 1346 890 1416 ἀστέρες,
907 1347 999 1399 καὶ
1017 1346 1068 1398 εἴ
1087 1345 1188 1398 πού
1220 1346 1337 1397 ἐστι
1360 1345 1467 1415 πῦρ
1490 1345 1636 1398 ἄλλο·
1667 1345 1854 1415 ὥσπερ
1951 1359 1963 1395 t

1845 1363 1854 1395 ι
1951 1342 2077 1411 quis
2098 1342 2256 1405 alius,
2294 1342 2469 1410 lucem
2520 1355 2879 1412 acceperunt;
2920 1356 2976 1401 ut
3025 1362 3163 1414 aqua
3194 1350 3257 1400 ad
3305 1347 3516 1407 ﬂuvios,

293 1437 457 1491 καὶτὸ
486 1437 630 1507 ὓδωρ
657 1437 736 1500 εἷς
759 1454 817 1489 τε
849 1439 975 1499 τοὺς
1014 1439 1312 1506 ποταμοὺς,
1345 1437 1441 1489 καὶ
1500 1435 1598 1496 τὰς
1645 1436 1848 1505 πηγὰς,

1953 1433 2148 1501 fontes,
2199 1434 2423 1504 paludes
2445 1443 2498 1490 et
2531 1437 2700 1490 maria
2733 1437 2784 1492 in
2841 1438 3220 1507 superioribus
3287 1439 3512 1492 secundi

291 1528 494 1591 καὶτὰς
522 1527 735 1596 λίμνας,
759 1527 854 1580 καὶ
880 1528 977 1590 τὰς
999 1526 1272 1591 θαλάσσας
1303 1530 1381 1590 εἰς
1414 1528 1482 1579 τὰ
1503 1527 1728 1597 ὑπερῷα
1758 1528 1850 1580 τοῦ
1950 1542 1962 1580 t

802 1527 854 1580 αἱ
880 1528 977 1590 τὰς
999 1526 1272 1591 θαλάσσας
1303 1530 1381 1590 εἰς
1414 1528 1482 1579 τὰ
1503 1527 1728 1597 ὑπερῷα
1758 1528 1850 1580 τοῦ
1950 1527 2072 1582 eteli
2105 1528 2473 1596 permanebat.

289 1617 538 1688 δευτέρου
565 1617 795 1688 οὐρανοῦ
822 1619 1135 1689 διενεμήθη.

359 1711 479 1761 Ὅτι
511 1710 578 1761 τὰ
613 1709 752 1776 φυτὰ
798 1709 902 1779 πρὸ
930 1709 1040 1761 τῶν
1085 1710 1388 1780 φωστήρων
1442 1708 1684 1779 ἐποίησε,
1737 1709 1847 1761 δει-

288 1798 466 1852 κνύων
490 1799 570 1852 ὅτι
599 1799 698 1868 τὴν
736 1798 1000 1868 ζωογόνον
1029 1799 1260 1869 δύναμιν
1300 1800 1404 1870 πρὸ
1436 1799 1585 1870 ἡλίου
1611 1800 1846 1870 ἔχουσιν.

2021 1708 2174 1774 Quod
2206 1709 2416 1778 plantas
2445 1718 2569 1762 ante
2595 1709 2883 1763 luminaria
2925 1709 3073 1775 fecit,
3131 1711 3234 1764 hoc
3289 1711 3515 1765 demon-

1951 1813 2101 1866 strat,
2131 1817 2193 1856 ea
2240 1802 2488 1854 virtutem
2523 1801 2792 1855 viviticam
2832 1813 2956 1856 ante
3007 1802 3174 1856 solem
3242 1803 3514 1858 habuisse.

361 1891 477 1945 ’Ὁτι
501 1893 567 1945 τὰ
587 1891 748 1962 θηρία
778 1893 999 1961 ἔσχατον
1015 1889 1104 1944 τοῦ
1127 1892 1303 1960 φωτὸς
1331 1891 1582 1960 ὲποέησεν
1609 1909 1620 1921 ·
1649 1892 1710 1944 οὐ
1747 1891 1854 1959 γὰρ
1889 1884 1928 1938 Β
2026 1902 2032 1939 4

1844 1906 1854 1939 ›
1889 1884 1928 1938 Β
2026 1893 2178 1959 Quod
2202 1892 2498 1946 animantia
2532 1901 2653 1961 post
2691 1892 2862 1946 lucem
2923 1894 3167 1948 creavit:
3204 1910 3311 1949 non
3372 1895 3515 1949 enim

289 1984 606 2054 ἀνήνεγκεν
641 1983 855 2051 ἀθρόως
887 1984 980 2036 τοῦ
1003 1983 1177 2052 φωτὸς
1204 1984 1302 2054 τὴν
1331 1983 1618 2053 ελλαμψιν.

359 2071 570 2124 Ὀτιτά
603 2071 700 2139 μὲν
746 2072 890 2140 φυτὰ
924 2074 1023 2125 οὐκ
1082 2072 1401 2142 εὐλόγησεν,
1448 2074 1630 2141 ἐπειδὴ
1690 2073 1850 2137 εὐθὺς

287 2159 385 2228 τὴν
409 2160 514 2229 γῆν
538 2160 741 2214 τούτων
764 2162 1051 2232 ἐπλήρωσε
1105 2163 1324 2215 πάντων
1368 2163 1724 2232 κατακύρως·
1784 2165 1851 2214 τὰ

285 2255 340 2306 δὲ
376 2253 539 2325 θηρία
561 2257 653 2308 καὶ
677 2256 746 2308 τὰ
776 2257 947 2328 κτήνη
963 2257 1065 2311 ἀνὰ
1094 2257 1188 2312 δύο
1211 2259 1535 2330 παρήγαγεν
1567 2274 1581 2290 ·
1627 2259 1850 2324 εἰκότως

285 2341 377 2399 οὖν
394 2348 451 2399 τὸ
477 2348 824 2411 Αῠεάνεσθε
861 2344 1030 2404 εἶπεν.

356 2438 475 2490 Ὅτι
503 2438 580 2502 τὸ,
610 2438 956 2507 Ποιήσωμεν
973 2440 1285 2508 ἄνθρωπον
1308 2443 1432 2494 κατ’
1461 2444 1663 2497 εἰκόνα
1717 2445 1848 2512 ἡμε-

282 2525 480 2594 τέραν.
504 2527 661 2598 ἡμεῖς
688 2530 786 2599 μὲν
815 2530 906 2583 τὸν
939 2532 1087 2598 Υῐὸν,
1143 2533 1192 2584 οἱ
1221 2532 1276 2584 δὲ
1343 2531 1580 2587 Ἰουδαῖοι
1627 2537 1676 2587 οἱ
1729 2537 1846 2605 μὲν,

281 2619 406 2682 τοὺς
447 2620 711 2689 ἀγγέλους
739 2662 755 2689 ,
789 2625 837 2676 ol
872 2624 949 2689 δὲ,
983 2625 1121 2692 πρὸς
1149 2626 1340 2678 ἑαυτόν
1367 2642 1379 2656 ·
1418 2627 1564 2680 ἄλλοι
1605 2629 1659 2681 δέ
1708 2645 1850 2689 τινες

281 2710 388 2761 τῶν
405 2712 802 2780 αἱρετιξόντων,
843 2715 1095 2785 Ἀττικὴν
1117 2715 1266 2770 εἷπον
1298 2719 1395 2790 τὴν
1428 2720 1678 2782 σύνταξιν
1706 2739 1718 2751 ·
1757 2723 1847 2774 καὶ

283 2797 390 2867 γὰρ
412 2799 460 2849 οι
491 2800 588 2862 τὰς
635 2801 896 2869 μεγίστας
937 2806 1356 2876 πεπιστευμένοι
1409 2809 1604 2878 ἀρχὰς,
1636 2809 1847 2880 Γράψο-

284 2905 403 2956 μεν,
462 2890 694 2956 λέγουσι,
737 2892 850 2957 καὶ,
887 2894 1327 2966 Προστάττομεν’
1361 2899 1409 2950 οξ
1450 2899 1505 2951 δὲ
1555 2901 1819 2968 ἀπολογοῦ

282 2995 432 3048 μενοι
477 2980 746 3047 λέγουσιν,
803 2984 882 3037 ὅτι
940 2987 1006 3038 τὰ
1051 2987 1279 3042 πλεῖστα
1311 2989 1339 3041 ὀ
1385 2990 1516 3051 Θεὸς
1554 3009 1850 3062 μονοπροσι

279 3069 443 3134 ώπως
478 3072 624 3138 λέγει
661 3075 717 3126 ἐν
765 3075 913 3146 πάσῃ
951 3079 1017 3147 τῇ
1052 3078 1240 3149 Γραφῇ
1278 3096 1290 3110 ·
1340 3074 1439 3134 ὦδε
1485 3081 1563 3145 δὲ,
1622 3085 1713 3135 καὶ
1768 3086 1846 3146 εἰς

1955 1986 2092 2040 lucis
2124 1983 2388 2052 fulgorem
2419 1984 2761 2052 repentinum
2800 1984 3073 2038 tulissent.

2021 2076 2173 2144 Quod
2206 2077 2414 2145 plantas
2461 2074 2680 2144 quidem
2718 2089 2824 2128 non
2866 2075 3125 2141 laudavit,
3155 2077 3281 2146 quia
3337 2077 3516 2132 statim

1952 2183 2044 2224 eas
2070 2183 2164 2236 per
2186 2176 2354 2221 totam
2375 2177 2574 2221 terram
2598 2164 2904 2234 germinare
2932 2163 3090 2230 fecit;
3112 2165 3310 2221 bestias
3337 2177 3514 2221 autem

1951 2270 2002 2314 et
2033 2275 2227 2329 pecora
2263 2257 2581 2329 conjunxit:
2627 2256 3017 2311 convenienter
3065 2267 3244 2312 autem
3289 2257 3520 2313 Crescite

1951 2352 2107 2406 dixit.

2022 2442 2173 2508 Quod
2192 2456 2284 2512 per
2320 2442 2443 2505 hoc,
2480 2439 2765 2496 Faciamus
2815 2443 3072 2499 hominem
3107 2442 3176 2495 ad
3235 2440 3516 2510 imaginem

1953 2543 2318 2595 nostram,nos
2343 2533 2538 2587 l-‘ilium
2564 2534 2780 2602 quidem
2807 2551 2823 2594 ς
2849 2549 2914 2588 ex
2942 2533 3145 2589 ludatis
3177 2541 3355 2586 autem
3392 2533 3514 2600 qui-

1952 2627 2075 2680 dam
2108 2625 2237 2680 illud
2272 2625 2337 2678 ad
2373 2624 2614 2693 angelos.
2666 2625 2756 2679 alii
2800 2625 2866 2679 ad
2902 2624 3069 2679 Deum
3121 2623 3381 2678 referunt.
3442 2621 3515 2674 Ex

1952 2715 2220 2771 haereticis
2258 2715 2477 2781 quidam
2503 2717 2746 2769 Atticum
2770 2715 2956 2770 dicunt
2987 2715 3239 2783 loquendi
3263 2714 3514 2778 modum;

1952 2806 2145 2859 iienim
2177 2820 2343 2873 penes
2365 2818 2502 2873 quos
2529 2813 2610 2858 est
2644 2821 2859 2860 summa
2896 2814 3157 2875 potestas,
3193 2804 3514 2864 Scribimus,

1952 2896 2124 2960 aiunt,
2148 2905 2201 2947 et
2228 2893 2583 2959 mandamus;
2618 2895 2710 2964 qni
2742 2894 2955 2948 veritati
2982 2895 3281 2956 adhzerent,
3305 2894 3514 2957 dicunt,

1952 2988 2269 3056 plerumque
2299 2987 2350 3039 in
2371 2985 2649 3056 Scriptura
2677 2987 2845 3040 Deum
2882 2987 2932 3040 in
2982 3001 3210 3056 persona
3255 2985 3514 3053 singulari

1952 3076 2096 3145 loqui
2127 3093 2140 3140 ;
2196 3075 2296 3130 hoc
2321 3083 2499 3130 autem
2533 3076 2670 3139 loco,
2698 3084 2751 3129 et
2775 3076 2826 3128 in
2856 3075 2987 3129 ilio:
3061 3075 3255 3139 Venite,
3304 3076 3518 3128 descen-

278 3162 378 3226 τὸ,
438 3163 632 3229 Δεῦτε,
662 3166 1021 3232 καταϐάντες
1064 3171 1415 3240 συγχέωμεν
1479 3172 1676 3227 αὐτῶν
1741 3177 1846 3242 τὰς
1873 3204 1919 3264 c

1873 3204 1919 3264 α
1949 3167 2126 3219 dentes
2149 3165 2537 3231 confundamus
2569 3166 2774 3235 linguas
2804 3181 3003 3230 eorum,
3030 3165 3297 3234 duplicem
3325 3180 3517 3234 perso-

281 3255 584 3324 γλώσσας,
635 3258 727 3311 6-7-0
791 3261 1097 3329 προσώπων
1144 3265 1487 3318 παοάστασιν
1564 3269 1841 3322 ποιεῖται·

279 3345 420 3399 ὥστε
444 3348 533 3400 τὸν
558 3348 682 3402 Υὶὸν
710 3352 801 3402 καὶ
831 3352 890 3403 τὸ
911 3352 1132 3422 Πνεῦμα
1153 3355 1234 3406 δεῖ
1264 3357 1487 3410 ἐννοεῖν.
1519 3357 1584 3409 Τί
1618 3361 1732 3411 ἐστι
1785 3359 1844 3412 τὸ

279 3440 406 3493 κατ’
429 3443 631 3494 εἰκόνα
649 3460 668 3505 ;
687 3444 733 3494 ol
767 3443 865 3512 μὲν
907 3444 966 3496 τὸ
993 3445 1220 3514 ἀόρατον
1242 3448 1340 3516 τῆς
1368 3447 1570 3517 ψυχῆς’
1597 3450 1646 3501 οἱ
1668 3449 1723 3502 δὲ
1754 3450 1844 3503 τὸν

278 3527 422 3592 νοῦν,
471 3531 558 3584 διὰ
585 3531 645 3583 τὸ
674 3533 946 3602 πανταχοῦ
973 3534 1179 3604 διήκειν
1211 3552 1226 3568 ο
1259 3539 1305 3590 οἱ
1336 3538 1389 3590 δὲ
1434 3539 1493 3591 τὸ
1520 3540 1704 3608 ἄρχειν
1734 3541 1842 3593 τῶν

279 3619 654 3692 κάτω,ὦσπερ
675 3623 823 3687 Θεὸς,
852 3626 945 3678 καὶ
975 3627 1080 3679 τῶν
1116 3628 1226 3683 ἄνω
1249 3643 1263 3657 ⁶
1293 3632 1341 3682 οἱ
1385 3631 1439 3683 δὲ
1471 3631 1556 3684 διὰ
1585 3631 1645 3684 τὸ
1676 3634 1843 3701 ἐργά-

279 3706 467 3770 ζεσθαι
492 3709 669 3774 αὑτὸν,
701 3712 793 3764 καὶ
825 3706 911 3765 οἶα
962 3714 1096 3765 Θεὸν
1146 3714 1524 3784 δημιουργεῖν·
1565 3717 1613 3768 οε
1673 3717 1726 3768 δὲ
1757 3717 1845 3769 διὰ

279 3800 340 3852 τὸ
368 3799 490 3852 νοῦν
513 3801 666 3868 λόγον
697 3804 788 3857 καὶ
809 3804 1023 3874 πνεῦμα
1041 3805 1213 3875 ¹ἔχειν,
1245 3801 1331 3858 οἷα
1360 3807 1388 3859 ὁ
1434 3806 1844 3878 δημιουργήσας

278 3889 468 3944 τοῦτον
497 3894 647 3956 Θεός.

1951 3272 2075 3310 nam
2119 3255 2347 3319 inducit,
2379 3256 2454 3310 ita
2519 3265 2578 3310 ut
2608 3256 2800 3310 Filium
2827 3265 2880 3312 et
2946 3256 3212 3325 Spiritum
3268 3264 3516 3311 sanctum

1950 3357 2194 3416 oporteat
2224 3349 2538 3419 intelligere.
2582 3349 2721 3415 Quid
2757 3359 2861 3414 est,
2889 3351 3172 3403 secundum
3201 3350 3518 3418 imaginem?

1950 3441 2052 3495 Alii
2081 3442 2298 3510 quidem
2333 3443 2646 3496 interiorem
2674 3443 2911 3496 animam
2940 3461 2953 3508 ;
3011 3442 3100 3496 alii
3133 3451 3368 3497 mentem
3436 3440 3519 3494 in-

1953 3531 2203 3601 telligunt
2242 3518 2462 3602 propter
2495 3534 2613 3602 ejus
2640 3549 2968 3603 quocunque
2998 3533 3322 3603 pervadendi
3351 3531 3520 3585 virtu-

1955 3634 2103 3690 tem;
2131 3626 2183 3678 hi
2216 3641 2380 3694 super
2408 3635 2621 3680 terrena
2651 3637 2703 3680 et
2740 3625 2982 3679 caelestia
3030 3633 3352 3694 potestatem
3398 3639 3520 3692 quae

1952 3717 2046 3771 Dei
2075 3729 2192 3782 est;
2224 3717 2314 3770 alii
2343 3717 2462 3785 ejus
2503 3717 2874 3786 operationem
2928 3725 2980 3770 et
3033 3716 3385 3779 creationem,
3429 3716 3515 3766 alii

1953 3815 2187 3860 mentem
2215 3821 2334 3875 quae
2359 3807 2678 3861 rationalem
2717 3807 2966 3874 spiritum
2997 3805 3155 3859 habet
3177 3815 3235 3859 ut
3260 3803 3403 3859 Deus
3426 3806 3517 3873 qui

1953 3899 2156 3953 creavit
2184 3914 2323 3953 eam.

3313 4074 3518 4085 ...ια-..-

1463 4211 1636 4258 ΑΝΝΟ
1679 4211 1907 4258 SECULI
1954 4210 2000 4254 Χ
2042 4210 2336 4256 INCERTO.

1216 4384 2600 4569 ATHANASIUS

916 4706 2028 4823 CORINTHIORUM
2111 4705 2879 4821 EPISCOPUS

1635 5034 2177 5128 NOTITIA.

1229 5232 1476 5293 (Lrounzu,
1503 5227 1672 5278 Oriens
1698 5224 2016 5287 Christianus,
2039 5234 2157 5277 tom.
2191 5225 2255 5286 ll,
2282 5238 2392 5287 pag.
2423 5224 2552 5286 163.)

357 5481 414 5536 In
452 5478 755 5549 Synarario
776 5476 920 5545 quod
951 5475 1131 5529 Basilii
1170 5474 1512 5542 imperatoris
1551 5488 1746 5526 nomen
1769 5472 1985 5541 prmfen
2023 5483 2075 5529 et
2097 5490 2126 5529 a
2159 5472 2533 5541 Papebrochio
2563 5471 2766 5524 editum
2802 5477 2903 5526 est.
2938 5467 3026 5520 die
3057 5466 3088 5519 5
3125 5465 3246 5520 Maii
3275 5467 3471 5534 legitur
3501 5486 3513 5520 :

287 5567 727 5623 Commemoratio
760 5563 814 5618 S.
845 5561 910 5618 P.
943 5562 1015 5617 Ν.
1040 5564 1341 5621 Athanasii,
1365 5562 1593 5628 episcopi
1616 5559 2033 5625 Corinthiorum,
2057 5563 2146 5630 qui
2173 5561 2486 5614 obdormivit
2516 5561 2598 5626 pie
2628 5567 2675 5609 et
2708 5565 2884 5607 sancte
2913 5555 3094 5607 diebus
3123 5554 3326 5619 imperii
3362 5552 3515 5605 Basi-

293 5659 354 5709 lii
384 5667 433 5709 et
455 5654 810 5709 Constantini.
837 5651 981 5705 Inter
1008 5650 1219 5704 codices
1247 5648 1589 5702 bibliotheca:
1608 5646 2208 5715 Augustanrc,quorum
2244 5643 2403 5697 index
2437 5643 2504 5694 ab
2534 5639 2766 5692 Antonio
2797 5638 3034 5690 Bainero
3063 5651 3208 5688 anno
3241 5637 3376 5689 I675
3404 5636 3517 5688 edi-

296 5756 384 5799 tns
415 5752 516 5803 est,
549 5759 670 5812 pag.
711 5740 780 5794 50
811 5747 1143 5792 memoratur
1170 5735 1445 5788 Athanasii
1473 5733 1750 5801 cujusdam
1777 5731 2153 5794 archiepiscopi
2175 5729 2564 5785 Corinthiorum
2591 5725 2831 5792 tha—‘slio.
2852 5723 2958 5778 Cur
2994 5721 3238 5777 Christus
3265 5723 3314 5774 in
3352 5736 3523 5781 cruce,

294 5845 383 5886 ηδε
423 5831 529 5885 alio
563 5845 746 5901 genere
787 5826 1031 5896 supplicii
1058 5834 1293 5878 mortuus
1323 5821 1638 5889 sit,einsque
1686 5821 1876 5874 solutio
