4232 6434
745 368 874 434 1031

1447 368 1840 429 OPUSCULA
1883 367 2513 430 SCRIP'I'URISTICA
2549 368 2899 436 INCERTA!
2936 372 3246 436 ETATIS.

3860 372 3996 435 1032

820 481 936 536 102.
981 479 1056 535 De
1107 479 1436 536 revelatione
1479 479 1546 534 ad
1583 479 1768 535 Laban
1823 480 1889 536 de
1938 477 2107 535 Iacob
2146 489 2204 538 et
2244 479 2312 536 de
2339 484 2390 544 Α
2488 510 2491 549 ι

2339 484 2390 544 Α
2488 481 2589 550 ρβ’.
2624 483 2762 553 Περὶ
2789 482 2884 537 τοῦ
2917 483 3304 555 χρηματισμοῦ
3337 481 3432 537 τοῦ
3462 482 3597 554 πρὸς
3634 483 3823 539 Δάϐαν
3861 487 3993 558 περὶ

737 573 897 626 idolis

808 666 934 724 105.
970 665 1170 722 Foedus
1192 663 1363 720 Iacob
1389 675 1444 720 et
1472 664 1680 723 Laban.

811 757 932 812 104.
964 759 1037 812 De
1066 756 1321 810 columna
1346 765 1401 810 et
1434 755 1643 810 tumqu
1670 755 1992 810 testimonii.

810 849 934 904 105.
967 847 1042 904 De
1073 849 1282 918 angelis
1319 848 1413 919 qui
1446 847 1664 902 obviam
1696 847 1832 903 ﬁunt
1859 846 2048 903 Iacob.

811 1029 931 1084 106.
967 1029 1043 1086 De
1075 1029 1219 1085 Esat'l
1255 1030 1508 1086 veniente
1529 1031 1745 1086 obviam
1771 1029 1961 1085 Iacob.

809 1218 926 1272 107.
957 1218 1032 1272 De
1065 1216 1305 1273 luctante
1333 1232 1458 1273 cum
1481 1216 1672 1273 Iacob.

808 1307 932 1362 108.
961 1307 1034 1362 De
1064 1308 1378 1362 occurentia
1409 1306 1550 1362 Esau
1582 1316 1635 1362 et
1657 1305 1849 1361 Iacob.

811 1401 933 1454 109.
965 1399 1097 1466 Quae
1116 1400 1184 1455 ad
1221 1399 1415 1454 Dinam
1447 1399 1680 1454 attinent
1718 1399 1884 1452 ﬁliam
1911 1395 2080 1453 Iacob
2103 1406 2156 1454 et
2180 1397 2312 1460 Lize.

810 1583 932 1636 110.
958 1582 1137 1636 Tertia
1174 1581 1433 1636 revelatio
1466 1581 1533 1636 ad
1565 1580 1734 1636 Iacob
1769 1581 1823 1636 in
1866 1581 2084 1636 Sichem
2111 1583 2177 1637 de
2213 1582 2309 1636 Be.

740 1676 870 1741 thcl,
902 1685 955 1729 et
981 1674 1094 1729 Deo
1132 1676 1226 1746 qui
1279 1675 1357 1729 illi
1411 1677 1682 1747 apparuit,
1724 1677 1944 1748 quando
1993 1674 2122 1730 fodit
2182 1674 2315 1730 deos

738 1766 946 1819 alienos
975 1765 1078 1819 sub
1104 1765 1429 1820 terebintho.

2412 575 2510 628 τοῦ
2538 575 2754 636 Ἰακὼϐ.
2789 575 2884 629 καὶ⁵
2914 579 3043 646 περὶ
3070 579 3182 630 τῶν
3213 577 3468 632 εἰδώλων.

2487 673 2591 738 ργ¹.
2623 668 2866 739 Διαθήκη
2889 667 2982 722 τοῦ
3013 668 3206 722 Ἰακὼϐ
3231 672 3324 726 καὶ
3349 670 3444 723 τοῦ
3471 670 3678 728 Λάϐαν.

2485 757 2662 827 ρδ’.Πε
2672 761 2727 830 pi.
2747 762 2845 828 τῆς
2865 761 3087 831 στήλης,
3116 762 3211 816 καὶ
3233 761 3328 815 τοῦ
3355 762 3546 832 βουνοῦ
3565 763 3660 817 τοῦ
3684 765 3988 834 μάρτυρος.

2486 857 2584 922 ρε’.
2621 851 2759 923 Περὶ
2788 853 2886 923 τῆς
2912 854 3287 925 συναντήσεως
3311 853 3422 906 τῶν
3443 855 3692 922 ἀγγέλων
3724 855 3825 926 τῆς
3851 857 3992 926 πρὸς

2416 942 2635 999 Ἰακώϐ.

2490 1042 2602 1107 ρς·’.
2635 1035 2771 1108 Περὶ
2796 1035 2892 1090 τοῦ
2930 1035 3104 1091 Ἡσαῦ
3133 1037 3430 1108 ἐρχομένου
3458 1037 3539 1103 είς
3564 1041 3887 1115 συνάντησιν
3907 1039 3990 1109 τῷ

2416 1125 2634 1182 Ἰακώϐ.

2487 1216 2590 1290 ρξ’.
2625 1221 2761 1288 Περὶ
2796 1220 2891 1276 τοῦ
2927 1219 3292 1287 παλαίσαντος
3329 1223 3468 1294 μετά
3495 1222 3710 1277 Ἰακώϐ.

2489 1307 2593 1378 οη’.
2630 1310 2767 1380 Περὶ
2802 1311 2902 1380 τῆς
2925 1300 3302 1382 συναντῆσεως
3337 1313 3507 1367 Ἠσαῦ
3537 1316 3629 1366 καὶ
3657 1312 3876 1365 Ἰακώϐ.

2489 1399 2588 1469 ρυ’.
2622 1400 2707 1455 Td
2740 1402 2880 1457 κατὰ
2903 1404 3003 1472 τὴν
3030 1404 3190 1458 Δείνα
3220 1406 3320 1476 τὴν
3350 1405 3623 1477 θυγατέρα
3644 1404 3864 1470 Ἰακὼϐ,
3893 1405 3989 1458 καὶ

2416 1493 2598 1557 Λείας.

2487 1591 2575 1657 ρι’.
2601 1584 2795 1656 Τρίτος
2826 1589 3210 1657 χρηματισμὸς
3255 1589 3390 1658 πρὸς
3414 1588 3606 1641 Ἰακὼϐ
3637 1590 3694 1642 ὲν
3719 1588 3988 1656 Σικήμοις

2417 1676 2545 1749 περὶ
2575 1677 2675 1747 τῆς
2707 1676 2931 1748 Βαιθὴλ,
2978 1678 3072 1731 καὶ
3112 1677 3205 1732 τοῦ
3247 1678 3502 1747 ὀφθέντος
3534 1678 3682 1748 αὗτῷ
3708 1658 3867 1741 ὂέοῦ,
3894 1679 3984 1730 ὅτε

2417 1765 2728 1838 κατέκρυψε
2752 1768 2876 1829 τοὺς
2898 1767 3212 1838 ἀλλοτρίους
3233 1768 3388 1832 θεοὺς
3406 1769 3510 1822 ὑπὸ
3526 1769 3624 1840 τὴν
3647 1769 3985 1839 τερέϐινθον.

811 1859 934 1912 111.
963 1857 1168 1925 Quarta
1207 1858 1467 1914 revelatio
1499 1858 1554 1913 in
1589 1856 1931 1930 apparitione
1957 1856 2024 1913 ad
2055 1855 2246 1914 Iacob.
2342 1845 2389 1908 Β

2342 1845 2389 1908 Β
2487 1865 2618 1929 ριαθ.
2678 1859 2950 1932 Τέταρτος
3007 1861 3392 1932 χρηματισμὸς
3451 1862 3508 1915 ἐν
3560 1860 3796 1932 ὀπτασίᾳ
3849 1861 3985 1930 πρὸς

812 2047 836 2099 1
855 2045 930 2100 12.
969 2046 1145 2100 Deest.

813 2142 937 2195 115.
962 2141 1095 2206 Quae
1127 2139 1195 2196 ad
1229 2140 1417 2195 Ruben
1458 2148 1512 2195 et
1535 2139 1720 2194 Balam
1757 2147 2025 2209 spectant.

813 2235 938 2291 1N.
971 2232 1047 2290 De
1075 2232 1389 2302 genealogia
1418 2231 1588 2287 Iacob
1618 2239 1674 2286 et
1704 2241 1877 2286 morte
1907 2229 2078 2286 Isaac.

814 2418 936 2472 115.
990 2416 1065 2473 De
1111 2414 1424 2488 genealogia
1471 2414 1641 2483 Esaﬁ,
1669 2415 1892 2487 quando
1930 2414 2066 2470 abiit
2095 2428 2127 2470 e
2171 2421 2314 2470 terra

739 2511 1002 2566 Chanaan
1037 2517 1162 2564 ante
1195 2507 1386 2563 faciem
1411 2505 1602 2562 Iacob.

814 2602 940 2658 116.
977 2602 1053 2659 De
1084 2602 1170 2658 bis
1201 2602 1295 2672 qui
1326 2607 1690 2672 regnaverunt
1716 2600 1770 2654 in
1803 2597 1998 2654 Edom.

812 2697 938 2753 117.
970 2695 1101 2763 Quae
1137 2695 1205 2750 ad
1233 2693 1431 2764 Ioseph
1469 2703 1524 2748 et
1557 2692 1753 2748 fratres
1780 2691 1898 2762 ejus
1920 2691 2172 2747 attinent.

814 2787 937 2842 118.
967 2786 1042 2842 De
1069 2784 1300 2841 somniis
1337 2785 1558 2855 Ioseph.

816 2880 940 2934 119.
976 2877 1051 2933 De
1087 2876 1286 2948 Ioseph
1309 2875 1514 2932 emisso
1539 2874 1606 2931 ad
1630 2873 1829 2930 fratres
1861 2887 2012 2933 suos.

817 3061 938 3116 120.
969 3061 1100 3128 ουκ
1129 3059 1197 3114 ad
1234 3058 1430 3114 Iudam
1461 3065 1517 3114 et
1543 3070 1770 3113 uxorem
1797 3053 1920 3125 ejus
1959 3051 2156 3109 Savam
2187 3053 2316 3109 atti-

747 3161 896 3206 nent.

817 3247 937 3302 121.
973 3245 1105 3312 Quae
1123 3247 1189 3300 ad
1215 3245 1456 3300 Thamar
1479 3252 1726 3316 spectant
1762 3249 1816 3298 et
1846 3241 1986 3298 ﬁlios
2019 3238 2180 3296 Iuda.

818 3339 942 3392 122.
974 3336 1105 3402 Quae
1134 3337 1203 3391 ad
1233 3335 1440 3391 Phares
1470 3345 1525 3391 et
1548 3334 1746 3389 laram
1771 3333 2024 3388 attinent.

818 3428 939 3482 125.
975 3425 1109 3494 Quae
1146 3428 1215 3482 ad
1245 3425 1445 3496 Ioseph
1482 3435 1716 3483 attinent
1748 3422 2032 3482 venditum
2063 3421 2118 3478 in
2150 3419 2322 3493 Egy-

784 3530 914 3572 ιιιιιι.

806 3537 817 3570 Ι
900 3557 914 3570 ο

745 3535 801 3589 pl
820 3535 941 3664 1138.
975 3610 1052 3664 De
1077 3608 1280 3681 Ioseph
1310 3618 1367 3664 et.
1391 3607 1667 3681 Egyptia.

818 3701 939 3756 125.
968 3700 1043 3756 De
1065 3701 1321 3772 pincerna
1353 3710 1408 3756 et
1446 3701 1674 3770 pistore.

819 3792 943 3846 126.
976 3789 1052 3846 De
1079 3791 1365 3856 natalitiis,
1394 3797 1449 3845 et
1477 3789 1708 3846 somniis
1732 3801 1856 3858 qua:
1895 3786 2032 3843 vidit
2075 3785 2322 3852 Pharao;

747 3893 803 3937 et
830 3883 895 3937 de
929 3883 1016 3938 his
1045 3897 1168 3954 quae
1189 3882 1504 3938 recordatus
1535 3890 1618 3938 est
1649 3881 1930 3952 pincerna.

827 4070 947 4125 127.
977 4068 1109 4136 θυαε
1141 4068 1207 4123 ad
1231 4067 1570 4124 Pharaonem
1606 4076 1852 4138 spectant
1879 4077 1934 4124 et
1953 4065 2153 4139 Ioseph
2181 4067 2325 4123 circa

751 4164 960 4218 somnia
984 4159 1307 4215 Pharaonis.

855 4254 947 4308 28.
986 4251 1061 4306 De
1090 4249 1257 4321 spicis
1283 4258 1489 4317 septem
1524 4263 1796 4303 annorum
1821 4248 2189 4305 abundantiae.

825 4439 947 4494 129.
985 4437 1060 4492 De
1113 4435 1384 4498 Manasse,
1435 4443 1490 4489 et
1539 4432 1826 4504 Ephraim,
1873 4433 1970 4504 qui
2028 4431 2139 4488 nati
2196 4441 2326 4489 sunt

751 4531 950 4600 Ioseph
982 4539 1110 4585 ante
1135 4529 1398 4598 inopiam.

828 4623 949 4678 1'50.
981 4620 1057 4676 De
1088 4619 1477 4690 incipientibus
1507 4625 1714 4686 septem
1743 4618 1903 4671 annis
1930 4616 2146 4686 inopia.

827 4713 949 4766 151.
979 4711 1110 4777 Qua:
1135 4710 1203 4766 ad
1230 4709 1426 4766 fratres
1453 4708 1654 4781 Ioseph
1675 4709 1907 4765 attinent
1938 4707 2329 4765 descendentes

752 4804 806 4856 in
833 4799 1149 4872 Egyplum.

829 4894 954 4948 152.
990 4893 1064 4948 De
1092 4907 1344 4964 regressu
1375 4890 1609 4947 fratrum
1642 4889 1845 4961 Ioseph
1882 4899 2104 4962 propter
2131 4889 2327 4960 Benja-

826 5078 950 5134 155.
983 5075 1116 5143 Quae
1142 5073 1211 5130 ad
1241 5074 1439 5130 fratres
1466 5070 1667 5140 Ioseph
1721 5077 1967 5141 spectant
1991 5067 2327 5126 descenden-

754 5182 837 5226 tes
867 5171 920 5224 in
955 5169 1251 5239 Egyptum
1280 5182 1403 5222 cum
1436 5163 1740 5234 Benjamin.

828 5259 1103 5328 13I.Qnae
1152 5259 1218 5314 ad
1275 5259 1540 5330 scyphum
1591 5265 1910 5326 argenteum
1968 5263 2236 5326 spectant,
2275 5262 2330 5309 et

755 5353 1034 5423 quomodo
1061 5350 1266 5421 Ioseph
1291 5365 1351 5406 se
1383 5349 1478 5404 dat
1507 5346 1944 5420 agnoscendum.

830 5443 952 5499 135.
987 5442 1062 5497 De
1107 5442 1282 5499 reditu
1331 5440 1558 5496 fratrum
1608 5437 1810 5510 Ioseph
1850 5439 1918 5494 ad
1960 5439 2178 5495 illorum
2229 5455 2327 5511 pa-

756 5547 918 5592 trem.

831 5627 956 5682 156.
987 5625 1065 5682 De
1118 5625 1386 5681 descensu
1435 5624 1609 5681 Iacob
1665 5626 1719 5679 in
1769 5622 2099 5695 Egyptum;
2133 5622 2188 5678 in
2222 5636 2332 5693 quo

757 5720 949 5792 quinta
974 5719 1234 5774 revelatio
1257 5717 1398 5774 facta
1431 5729 1515 5777 est
1552 5718 1618 5775 ad
1647 5734 1772 5776 eum
1817 5720 1873 5774 in
1910 5717 2117 5774 visione
2155 5717 2330 5773 noctis

758 5813 1082 5895 adpuleum
1111 5809 1437 5868 Iuramenti.

2415 1949 2629 2006 Ἰακώϐ.

2486 2041 2616 2115 ριβ’.
2646 2044 2819 2100 Asta.

2488 2135 2612 2208 ριγ’.
2646 2137 2727 2190 Td
2751 2138 2892 2192 κατά
2933 2135 3158 2210 Ῥουϐὶμ
3183 2139 3277 2192 καὶ
3313 2137 3413 2210 τὴν
3441 2137 3670 2192 Βάλλαν.

2488 2232 2606 2302 ριδ¹.
2644 2232 2780 2304 Περὶ
2805 2231 2902 2303 τῆς
2930 2232 3280 2301 γενεαλογίας
3307 2228 3523 2294 Ἰακὼϐ,
3551 2231 3645 2283 καὶ
3681 2229 3782 2300 τῆς
3803 2228 3988 2281 τελευο

2412 2324 2511 2397 τῆς
2538 2325 2745 2380 Ἰσαάκ.

2487 2416 2605 2490 ριε’.
2641 2419 2775 2488 Περὶ
2819 2418 2923 2488 τῆς
2969 2416 3321 2488 γενεαλογίας
3352 2415 3552 2478 Ἥσαῦ,
3598 2415 3674 2478 ὡς
3714 2412 3989 2484 ἐπορεύθη

2415 2510 2479 2564 ὲκ
2511 2511 2614 2580 γῆς
2638 2509 2864 2565 Χαναὰν
2903 2510 3012 2565 ἀπὸ
3044 2508 3342 2581 προσώπου
3365 2507 3584 2562 Ἰακώϐ.

2490 2599 2621 2672 ρις’.
2651 2603 2786 2672 Περὶ
2820 2603 2930 2656 τῶν
2963 2601 3397 2672 βασιλευσάντων
3419 2603 3476 2654 ὲν
3503 2599 3706 2669 Ἐδώμ.

2490 2691 2615 2762 ριιῗ.
2646 2693 2727 2747 Td
2755 2693 2898 2747 κατά
2933 2693 3156 2764 Ἰωσὴφ,
3188 2693 3284 2748 καὶ
3308 2692 3435 2755 τοὺς
3455 2691 3715 2758 ἀδελφοὺς
3743 2689 3929 2744 αὐτοῦ.

2491 2791 2620 2856 ριη’.
2652 2786 2790 2856 Περὶ
2826 2786 2936 2840 τῶν
2960 2786 3230 2840 ἐνυπνίων
3268 2785 3490 2854 Ἰωσήφ.

2493 2876 2614 2948 ριθ’.
2645 2879 2782 2948 Περὶ
2809 2877 2903 2932 τοῦ
2933 2877 3133 2949 Ἰωσὴφ
3175 2876 3643 2947 ἀποστελλομένου
3686 2877 3821 2948 πρὸς
3865 2877 3994 2940 τοὺς

2417 2969 2681 3038 ἀδελφοὺς
2713 2968 2902 3024 αὐτοῦ.

2493 3059 2596 3133 ρκ’.
2627 3061 2711 3116 Td
2739 3061 2882 3116 κατά
2920 3059 3013 3114 τδν
3038 3059 3265 3125 Ἰούδαν,
3295 3058 3391 3114 καὶ
3418 3058 3518 3128 τὴν
3551 3059 3786 3129 γυναῖκα
3825 3057 3996 3110 αὐτοῦ

2346 3182 2390 3241 C
2422 3153 2624 3207 Σαυάν.

2498 3241 2636 3315 ρκα⁹.
2669 3242 2751 3297 Td
2774 3241 2918 3297 κατά
2944 3242 3043 3313 τὴν
3062 3242 3284 3314 Θάμαρ,
3316 3243 3414 3296 καὶ
3451 3243 3576 3305 τοὺς
3622 3240 3774 3303 υἱοὺς
3796 3238 3995 3292 Ἰούδα.

2497 3335 2636 3409 ρκβ’.
2669 3336 2750 3391 Τὰ
2781 3336 2925 3390 κατά
2950 3335 3044 3389 τὸν
3071 3336 3271 3404 Φαρὲς,
3295 3335 3389 3391 καὶ
3421 3334 3513 3388 τὸν
3539 3335 3710 3404 Ζαρά.

2495 3427 2635 3501 ρκγ’.
2661 3429 2743 3484 Td
2767 3428 2911 3484 κατά
2938 3428 3031 3482 τὸν
3053 3428 3252 3500 Ἰωσὴφ
3279 3426 3558 3498 πραθέντα
3586 3428 3667 3491 είς
3692 3426 3994 3494 Δίγυπτον.

2497 3613 2629 3687 ρκδ’.
2668 3612 2807 3682 Περὶ
2834 3611 2929 3667 τοῦ
2961 3610 3159 3681 Ἰωσὴφ
3184 3612 3279 3664 καὶ
3309 3610 3404 3680 τῆς
3431 3611 3753 3677 Αἰγυπτίας.

2497 3704 2632 3778 ρκε’.
2669 3705 2805 3774 Περὶ
2827 3703 2919 3757 τοῦ
2946 3701 3340 3774 ἀρχιοινοχόου,
3370 3701 3465 3754 καὶ
3500 3700 3594 3754 τοῦ
3623 3701 3922 3754 σιτοποιοῦ.

2497 3803 2648 3869 ρκς’.
2676 3797 2814 3867 Περὶ
2851 3794 2961 3847 τῶν
2997 3792 3305 3862 γενεθλίων,
3347 3792 3442 3846 καὶ
3471 3791 3578 3844 τῶν
3621 3793 3890 3846 ινυπνίων
3919 3785 3999 3844 ὧν

2426 3883 2534 3943 αἵδε
2563 3886 2762 3957 Φαραώ
2783 3903 2798 3917 ⁸
2839 3886 2934 3940 καὶ
2961 3885 3091 3956 περὶ
3128 3878 3204 3939 ὧν
3237 3883 3431 3942 ἔλαϐον
3471 3881 3638 3938 αὐτοῦ
3675 3885 3704 3937 ὁ
3727 3883 4003 3954 ἀρχιοινο-

2425 3981 2746 4154 Td
2797 4068 2937 4124 κατὰ
2987 4067 3207 4139 Φαραὼ,
3258 4067 3354 4121 καὶ
3414 4065 3506 4121 τὸν
3537 4066 3738 4137 Ἰωσὴφ
3796 4065 3884 4118 διὰ
3928 4067 4003 4119 τὰ

2426 4166 2658 4220 ἐνύπνια
2687 4163 2756 4237 τὰ
2778 4161 2997 4233 Φαραώ.

2503 4255 2646 4328 ρκη’.
2682 4255 2818 4326 Περὶ
2849 4255 2959 4311 τῶν
2998 4254 3329 4326 δραγμάτων
3369 4254 3477 4307 τῶν
3505 4252 3549 4318 ζ’
3593 4254 3732 4309 ἑτῶν
3770 4255 3871 4323 τῆς
3908 4255 4006 4306 εὑ-

2502 4350 2639 4405 νίας.

2502 4351 2550 4401 νί
2623 4389 2639 4405 .

2429 4351 2646 4510 θηρεῗῦ.
2688 4438 2822 4510 Περὶ
2855 4439 3124 4508 Μανασσῆ
3153 4440 3248 4491 καὶ
3275 4435 3540 4508 Ἐφραῒμ,
3569 4439 3619 4490 οἳ
3645 4437 3894 4507 ἐγένοντο
3921 4439 4007 4507 τῷ

2355 4518 2400 4573 Ῐ)
2429 4531 2631 4602 Ἰωσὴφ
2661 4531 2769 4601 πρὸ
2799 4530 2894 4584 τοῦ
2918 4529 3102 4599 λιμοῦ.

2507 4622 2604 4694 ρλ’.
2634 4620 2770 4690 Περὶ
2797 4621 2905 4674 τῶν
2932 4620 3256 4690 ἀρξαμένων
3283 4620 3330 4685 ζ’
3363 4621 3501 4674 ἑτῶν
3527 4620 3623 4674 τοῦ
3654 4621 3830 4690 λιμοῦ.

2505 4711 2640 4782 ρλα’.
2666 4712 2749 4764 Td
2778 4710 2920 4765 κατά
2963 4711 3090 4773 τοὺς
3125 4711 3386 4782 ἀδελφοὺς
3415 4712 3614 4783 Ἰωσὴφ
3657 4711 4009 4775 καταϐάντας

2431 4804 2514 4867 εἰς
2542 4803 2840 4871 Αιγυπτον.

2505 4892 2643 4962 ρλβ’.
2679 4893 2816 4962 Περὶ
2847 4893 2947 4964 τῆς
2982 4891 3244 4946 ἐπανόδου
3273 4893 3384 4948 τῶν
3415 4893 3662 4962 ἀδελφῶν
3691 4893 3887 4965 Ἰωσὴφ
3917 4897 4012 4950 διὰ

2430 4982 2524 5035 τὸν
2551 4982 2830 5051 Βενιαμίν.

2507 5072 2644 5142 ρλγ’.
2674 5073 2757 5126 Td
2787 5072 2928 5128 κατά
2955 5074 3084 5137 τοὺς
3121 5074 3386 5145 ἀδελφοὺς
3415 5075 3613 5148 Ἰωσὴφ
3661 5076 4013 5142 καταϐάντας

2430 5165 2511 5226 εἰς
2535 5163 2812 5232 Αίγυπτον
2840 5164 2980 5235 μετά
3016 5165 3113 5219 τοῦ
3146 5166 3431 5235 Βενιαμίν.

2505 5251 2635 5322 ρλδ¹.
2666 5254 2749 5307 Td
2803 5255 2941 5308 κατά
2985 5256 3047 5309 τὺ
3090 5257 3248 5310 κόνδυ
3296 5257 3358 5311 τδ
3410 5259 3708 5330 ἀργυροῦν,
3765 5261 3863 5314 καὶ
3917 5263 4014 5314 τδν

2433 5343 2853 5415 ἀναγνωρισμδν
2881 5344 2976 5400 τοῦ
3007 5347 3230 5418 Ἰωσήφ.

2509 5434 2635 5504 ρλε’.
2679 5436 2815 5505 Περὶ
2844 5436 2942 5506 τῆς
2980 5438 3246 5492 ἐπανόδου
3274 5440 3383 5492 τῶν
3405 5439 3652 5508 ἀδελφῶν
3681 5440 3778 5494 τοῦ
3803 5443 4010 5513 Ἰωσὴφ

2435 5527 2534 5596 τῆς
2570 5526 2658 5581 διὰ
2681 5528 2771 5581 τὸν
2800 5527 3014 5599 πατέρα
3043 5530 3248 5588 αὐτῶν.

2508 5618 2651 5688 ρλς¹.
2684 5619 2819 5690 Περὶ
2850 5620 2950 5690 τῆς
2983 5624 3062 5684 είς
3099 5622 3378 5691 Αἴγυπτον
3407 5623 3763 5687 καταϐάσεως
3787 5625 3886 5678 τοῦ
3914 5627 4011 5680 Ἰα-

2435 5709 2552 5762 κὼϐ
2576 5712 2634 5764 ἐν
2661 5705 2696 5783 ᾖ
2726 5712 2978 5780 πέμπτος
3022 5714 3405 5783 χρηματισμὸς
3434 5716 3649 5782 ἐγένετο
3675 5717 3812 5786 πρὸς
3854 5720 4010 5770 αὑτὸν

2420 5806 2494 5858 ,ὲν
2515 5804 2756 5876 ὁράματι
2776 5805 2876 5876 τῆς
2906 5808 3100 5871 νυκτὸς
3119 5808 3175 5861 ὲν
3197 5806 3276 5878 τῷ
3301 5808 3495 5878 φρέατι
3517 5808 3609 5861 τοῦ
3635 5809 3872 5878 Ὅρκον.
