4232 6434
292 421 428 483 1037

1281 418 1757 481 OCTATEUCHI
1802 414 2088 478 DIVISIO
2132 417 2212 476 IN
2252 416 2534 476 CAPITA.
3386 414 3523 480 1038

360 530 474 585 πα’.
508 530 641 599 Περὶ
670 530 765 598 τῆς
816 527 1160 595 κατασκευῆς
1207 528 1313 579 τῶν
1348 527 1559 580 σκευῶν
1600 527 1697 596 τῆς
1726 532 1929 595 τραοιΑ

1851 532 1929 588 ›.Α
2032 524 2119 579 8t.
2156 524 2230 578 De
2256 524 2615 580 fabricatione
2658 538 2909 579 vasorum
2936 538 3157 586 mensa‘,
3191 532 3243 579 et
3272 527 3522 579 candela-

289 622 483 691 πέζης,
519 622 610 673 καὶ
648 621 744 689 τῆς
772 620 1010 688 λυχνίας.

362 714 471 780 πβ’.
506 713 638 781 Περὶ
658 712 941 782 Βεσελεήλ.

362 801 472 866 σῖγ’.
508 804 731 855 Λείπει.

361 896 464 948 πᾶ.
494 894 629 964 Περὶ
661 894 759 963 τῆς
788 896 1031 958 στάσεως
1057 895 1152 965 τῆς
1178 895 1381 965 σκηνῆς
1406 893 1495 947 τοῦ
1533 894 1854 964 μαρτυρίου.

1960 617 2061 671 bri.

2035 709 2120 763 8:2.
2158 709 2229 765 De
2259 710 2514 763 BcSciccl.

2033 802 2121 855 83.
2158 802 2323 855 Deest.

2034 894 2122 946 84.
2162 895 2234 948 De
2256 895 2529 948 CI't'CIIOIIC
2570 894 2901 949 tabernaculi
2935 892 3249 950 testimonii.

1388 1036 1698 1098 Leviticus
1724 1037 1850 1097 haec
1888 1051 2174 1099 numerat
2207 1041 2417 1120 capita
2455 1061 2473 1099 :

363 1162 431 1217 α’.
467 1164 600 1233 Περὶ
630 1164 917 1234 προϐάτων
955 1164 1045 1217 καὶ
1070 1162 1269 1235 ἀρνῶν.

366 1255 433 1324 β’.
470 1256 604 1325 Περὶ
628 1256 912 1309 πετεινῶν.

364 1344 435 1413 γ’.
468 1348 604 1417 Περὶ
632 1346 982 1415 σεμιδάλεως.

364 1437 406 1490 δ’
413 1478 425 1491 .
460 1438 502 1489 II
510 1454 532 1489 ε
540 1438 595 1508 pi.
621 1439 943 1507 πεμμάτων.

365 1526 424 1580 ε’.
469 1528 601 1596 Περὶ
629 1527 874 1597 ἀζύμων.

369 1617 442 1679 ς’.
477 1617 611 1686 Περὶ
640 1618 831 1681 θυσίας
867 1618 977 1671 ἀπὸ
1013 1621 1269 1691 ἐσχάρας.

369 1706 433 1769 ζ’.
476 1708 607 1776 Περὶ
646 1707 836 1773 θυσίας
867 1712 1425 1782 πρωτογεννημάτων.

365 1805 436 1867 η’.
468 1800 602 1869 Περὶ
635 1799 825 1859 θυσίας
862 1802 1151 1872 σωτηρίου.

366 1890 433 1942 θ’.
469 1892 602 1961 Περὶ
636 1891 856 1945 θυσιῶν.

367 1988 418 2034 ι’.
455 1982 590 2052 Περὶ
619 1982 894 2051 ἁμαρτίας
928 1983 1119 2051 ἱερέως
1155 1984 1249 2036 καὶ
1275 1984 1369 2037 τοῦ
1400 1984 1550 2039 λαοῦ.

368 2070 457 2125 ια’.
496 2071 630 2141 Περὶ
661 2071 861 2124 θυσιῶν
897 2073 1241 2141 συναγωγῆς,
1273 2074 1368 2125 ἐὰν
1402 2074 1646 2145 ἁμάρτῃ.

364 2164 453 2234 ιβ’.
479 2166 611 2235 Περὶ
643 2165 843 2217 θυσιῶν
874 2165 1151 2234 ἁμαρτίας
1176 2165 1455 2234 ἄρχοντος.

368 2253 457 2322 ιγ’.
496 2257 630 2327 Περὶ
659 2255 836 2325 ψυχῆς
868 2257 998 2325 μιᾶς
1028 2258 1123 2310 ἐὰν
1152 2255 1394 2329 ἁμάρτῃ.

366 2348 447 2401 ιδ’.
475 2349 610 2416 Περὶ
642 2346 928 2416 ὁρκισμοῦ.

368 2434 449 2491 ιε’.
489 2438 623 2506 Περὶ
653 2439 817 2506 ὅρκου
849 2438 1195 2509 παραθήκης,
1229 2441 1324 2493 καὶ
1353 2439 1462 2493 τῶν
1488 2440 1705 2494 λοιπῶν.

368 2528 464 2592 ις’.
498 2529 632 2596 Περὶ
661 2530 823 2598 ὅρκου
847 2531 1199 2599 παραθήκης,
1226 2531 1448 2584 καὶτῶν
1480 2529 1701 2583 λοιπῶν.

367 2622 451 2685 ιζ’.
476 2622 655 2687 Νόμος
686 2621 811 2691 περὶ
839 2622 1279 2685 ὁλοκαυτώσεως.

365 2717 456 2779 ιη’.
494 2712 672 2779 Νόμος
706 2712 956 2781 περὶτῆς
983 2710 1173 2773 θυσίας
1213 2711 1321 2762 τῶν
1351 2711 1561 2781 ίερέων.

367 2799 452 2856 ιθ’.
486 2802 665 2869 Νόμος
702 2805 829 2873 περὶ
851 2802 1042 2862 θυσίας
1074 2802 1368 2872 ἁμαρτίας.

365 2889 434 2943 κ’.
467 2892 600 2959 Περὶ
627 2890 723 2944 τοῦ
760 2892 838 2962 μὴ
866 2892 1068 2945 ισθίειν
1093 2892 1259 2962 στέαρ
1284 2892 1316 2963 ἦ
1348 2886 1507 2961 αἷμα.

362 3074 467 3128 κα’.
501 3078 634 3145 Περὶ
668 3076 1042 3145 ἁφαιρέματος
1073 3076 1184 3129 τῶν
1215 3075 1436 3130 θυσιῶν.

362 3166 465 3234 κβ’.
507 3167 640 3232 Περὶ
666 3166 760 3217 τοῦ
788 3166 1175 3237 ἀρχιερατικοῦ
1202 3169 1526 3237 χρίσματος.

363 3256 467 3324 κγ’.
509 3259 641 3326 Περὶ
670 3258 764 3325 τῆς
790 3259 1019 3327 χρίσεως
1066 3258 1294 3328 Ἀαρών.

361 3350 459 3404 κδ’.
505 3350 715 3420 Ἀαρὼν
740 3351 978 3415 λούεται,
1025 3349 1259 3420 χρίεται,
1298 3350 1541 3403 ἐνδύεται
1572 3349 1676 3403 ὑπὸ
1702 3351 1862 3405 Μωῦ-

291 3440 429 3501 alio;
460 3439 599 3507 μετὰ
626 3439 734 3491 τῶν
761 3439 891 3491 υἱῶν
919 3439 1103 3492 αὐτοῦ.

360 3529 457 3583 κε’.
498 3530 755 3597 ’Λρχεται
793 3530 995 3597 Κύριος
1024 3531 1100 3599 τῷ
1129 3530 1337 3600 Ἀαρὼν
1370 3532 1534 3602 μόνῳ.

360 3627 473 3685 κςπ
514 3622 649 3691 Περὶ
681 3621 893 3690 κτηνῶν
921 3622 1197 3691 καθαρῶν,
1229 3625 1321 3676 καὶ
1350 3624 1425 3693 μὴ
1456 3625 1731 3696 καθαρῶν.

360 3712 462 3776 κζ’.
492 3714 625 3782 Περὶ
660 3712 1008 3783 καθαρισμοῦ
1040 3716 1365 3770 τικτουσῶν.

362 3812 465 3874 κη’.
500 3805 681 3873 Νόμος
708 3806 835 3875 περὶ
868 3806 1094 3875 λέπρας.

360 3898 463 3947 κίν.
500 3897 636 3966 Περὶ
666 3896 760 3948 τοῦ
796 3896 872 3966 μὴ
898 3896 1333 3965 καθαριζομένου
1361 3897 1582 3969 λεπροῦ.

360 3988 424 4041 λ’.
460 3988 595 4058 Περὶ
626 3988 973 4058 καθαρισμοῦ
995 3992 1091 4044 τοῦ
1117 3990 1341 4061 λεπροῦ.

362 4077 463 4131 λα’.
492 4079 629 4148 Περὶ
652 4079 859 4149 λέπρας
892 4081 1089 4147 οίκίας,
1124 4083 1215 4134 καὶ
1246 4081 1606 4151 καθαρισμοῦ.

358 4170 458 4240 λβ’.
488 4172 623 4241 Περὶ
647 4171 853 4241 ῥύσεως
888 4174 1067 4239 γόνου.

358 4264 458 4330 λγθ.
489 4264 622 4329 Περὶ
652 4264 749 4333 τῆς
775 4264 1003 4334 ῥεούσης
1029 4260 1169 4334 αἷμα
1198 4269 1482 4332 γυναικός.

356 4355 451 4412 λδ’.
485 4355 620 4426 Περὶ
642 4356 735 4408 τοῦ
767 4356 843 4427 μὴ
872 4357 1147 4429 διαφέρειν
1166 4359 1233 4411 ἐν
1262 4359 1339 4429 τῷ
1372 4362 1505 4429 οῖκῳ
1532 4362 1752 4430 Κυρίου.

354 4543 447 4600 λε’.
483 4545 702 4600 Λείπει.

357 4637 467 4703 λς’.
504 4637 641 4707 Περὶ
666 4635 759 4689 τοῦ
794 4635 871 4706 μὴ
899 4636 1010 4690 δεῖν
1038 4635 1187 4689 θύειν
1215 4636 1320 4701 ἔξω
1340 4638 1437 4707 τῆς
1462 4639 1686 4708 σκηνῆς.

357 4824 454 4891 λζ’.
491 4825 626 4896 Περὶ
652 4825 749 4877 τοῦ
780 4824 854 4895 μὴ
884 4826 995 4877 δεῖν
1016 4825 1217 4878 ἐσθίειν
1245 4820 1401 4895 αἷμα.

354 4919 458 4987 λη’.
498 4919 630 4987 Περὶ
656 4918 750 4970 τοῦ
777 4917 850 4988 μὴ
884 4917 997 4969 δεῖν
1026 4917 1228 4970 ἐσθίειν
1251 4918 1587 4987 θνησιμαῖον.

357 5012 457 5063 λθσ.
493 5010 627 5079 Περὶ
684 5008 778 5061 τοῦ
837 5008 913 5079 μὴ
958 5009 1072 5061 δεῖν
1116 5009 1389 5070 ἀτάκτους
1443 5010 1712 5063 ποιεῖσθαι
1759 5011 1855 5074 τὰς

290 5102 572 5169 συζυγίας.

361 5194 434 5262 μ’.
477 5195 597 5245 Ὀτι
628 5194 686 5245 έν
716 5193 792 5261 τῷ
820 5194 1008 5261 τηρεῖν
1029 5192 1127 5254 τὰς
1151 5192 1371 5254 ἐντολὰς
1399 5192 1545 5259 ἅγιοι
1591 5191 1850 5257 γίνονται.

363 5285 472 5346 μα’.
502 5278 633 5347 Περὶ
659 5278 995 5348 τεθνηκότων
1033 5280 1117 5348 ἐφ’
1139 5274 1218 5340 οἷς
1244 5280 1547 5347 μιαίνονται
1586 5282 1632 5330 οἱ
1668 5282 1849 5349 ίερεῖς.

364 5368 470 5438 ρλβ’.
504 5368 638 5437 Περὶ
662 5370 758 5437 τῆς
780 5370 1211 5439 ἐκπορνευούσης
1231 5369 1498 5439 θυγατρὸς
1518 5369 1610 5420 τοῦ
1643 5372 1850 5438 ἱερέως.

362 5459 475 5527 μγῖ
519 5462 650 5529 Περὶ
676 5460 770 5513 τοῦ
799 5461 874 5531 μὴ
905 5461 1016 5514 δεῖν
1048 5460 1235 5531 μῶμον
1259 5461 1401 5529 ἔχειν
1425 5462 1511 5512 τὸν
1542 5460 1708 5529 ίερέα.

362 5548 442 5619 μδ⁴
451 5592 461 5603 .
481 5553 700 5603 Λείπει.

362 5650 464 5711 με’.
495 5645 629 5713 Περὶ
653 5642 748 5695 τοῦ
795 5644 869 5713 μὴ
902 5644 1010 5696 δεῖν
1055 5643 1465 5713 μεμωμημένον
1502 5641 1849 5711 προσφέρειν.

368 5734 483 5802 pg’.
512 5737 643 5805 Περὶ
686 5737 793 5789 τῶν
837 5754 1132 5808 .προσφ.....
1175 5736 1333 5807 (forte
1398 5738 1853 5806 προσφερομένων

291 5826 488 5899 ζώων.)

2039 1167 2088 1218 1.
2123 1166 2194 1219 De
2229 1166 2420 1219 oribus
2446 1174 2501 1220 et
2532 1165 2706 1234 agnis.

2037 1258 2091 1311 2.
2126 1256 2199 1311 De
2228 1258 2558 1312 volucribus.

2037 1350 2090 1404 3.
2123 1347 2195 1403 De
2221 1348 2419 1404 simila.

2036 1442 2091 1496 4.
2118 1442 2190 1495 De.
2220 1443 2446 1511 lagonis.

2042 1532 2095 1586 5.
2131 1531 2204 1585 De
2227 1534 2451 1602 azymis.

2048 1623 2103 1676 6.
2140 1622 2212 1677 De
2250 1622 2522 1677 sacriﬁcio
2556 1637 2650 1692 per
2700 1623 3040 1677 craticulam.

2044 1714 2096 1765 7.
2127 1711 2201 1766 De
2234 1712 2508 1767 sacriﬁcio
2528 1712 3029 1782 primogenitorum.

2042 1804 2091 1858 8.
2128 1803 2200 1858 De
2227 1804 2497 1859 sacriﬁcio
2528 1803 2740 1858 salutis.

1898 1884 1939 1939 Β
2042 1895 2093 1949 9.
2138 1892 2210 1947 De.
2239 1894 2545 1948 sacriﬁciis.

2042 1984 2129 2040 10.
2159 1985 2233 2038 De
2263 1993 2484 2053 peccato
2520 1982 2819 2037 sacerdotis
2850 1992 2902 2036 et
2930 1984 3133 2051 populi.

2031 2079 2116 2131 11.
2158 2075 2231 2130 De
2263 2076 2545 2131 sacriﬁciis
2573 2076 3028 2145 congregationis.
3060 2078 3103 2129 si
3134 2077 3456 2146 peccaverit.

2045 2166 2130 2220 ιε.
2163 2166 2238 2221 De
2266 2166 2550 2221 sacriﬁciis
2582 2168 2788 2236 peccati
2820 2168 3099 2236 principis.

2037 2261 2121 2315 15.
2153 2259 2227 2314 De.
2260 2260 2439 2312 anima
2475 2273 2605 2321 una.
2640 2258 2685 2313 si
2719 2259 3038 2327 peccaverit.

2037 2351 2123 2402 H.
2164 2347 2237 2402 De
2254 2348 2582 2416 jurantcnto.

2039 2439 2126 2495 15.
2155 2437 2230 2493 De
2260 2439 2571 2506 iuramento
2601 2438 2832 2507 depositi
2870 2449 2923 2493 et
2952 2441 3196 2509 reliquis.

2051 2527 2137 2579 16.
2177 2527 2249 2580 De
2273 2526 2588 2594 juramcnto
2608 2528 2840 2596 depositi
2870 2537 2926 2583 et
2954 2531 3201 2601 reliquis.

2039 2622 2124 2676 t7.
2158 2620 2266 2676 Lex
2295 2623 2363 2678 de
2398 2622 2735 2680 holocausta.

2037 2713 2123 2766 18.
2162 2712 2270 2769 Lex
2292 2716 2358 2768 de
2387 2714 2658 2769 sacriﬁcio
2686 2716 3051 2773 sacerdotum.

2038 2804 2125 2856 19.
2157 2801 2264 2856 Lex
2299 2804 2365 2857 de
2404 2804 2675 2859 sacriﬁcio
2704 2807 2933 2874 peccati.

2035 2892 2125 2947 20.
2155 2892 2230 2949 De
2258 2894 2628 2965 prohibitione
2658 2898 2980 2952 comedendi
3015 2897 3229 2968 adipem
3277 2910 3371 2955 out
3399 2916 3530 2957 san-

1965 2985 2205 3055 guinem.

2036 3076 2123 3131 2|.
2158 3076 2232 3133 De
2264 3086 2416 3147 parte
2444 3078 2688 3147 deposita
2723 3078 3140 3140 sacriﬁciorum.

2036 3166 2127 3220 ἓξ.
2166 3166 2238 3221 De
2268 3168 2562 3237 pontiﬁcali
2600 3170 2875 3225 unctione.

2033 3256 2123 3311 2‘5.
2152 3257 2226 3311 De
2257 3260 2513 3313 unctione
2542 3260 2741 3313 Aaron.

2035 3350 2125 3403 24.
2158 3351 2341 3403 Aaron
2400 3350 2633 3413 lavatur,
2682 3352 2924 3421 ungitur,
2962 3351 3207 3408 induitur
3259 3370 3289 3409 ι
3350 3355 3531 3427 Moyse

1964 3458 2086 3497 enm
2120 3442 2241 3495 ﬁliis
2271 3442 2407 3496 suis.

2034 3534 2125 3587 25.
2154 3532 2427 3588 Primitias
2457 3536 2654 3605 accipit
2682 3534 2944 3592 Dominus
2971 3540 3040 3592 ab
3065 3540 3244 3595 Aaron
3274 3543 3417 3597 solo.

2032 3623 2123 3677 26.
2157 3622 2229 3676 De
2255 3624 2542 3692 pecoribus
2569 3627 2807 3691 mundis.
2837 3637 2892 3681 et
2922 3642 3029 3683 non
3062 3633 3299 3687 mundis.

2033 3715 2123 3768 27.
2160 3713 2233 3768 De
2260 3715 2637 3783 puriﬁcatione
2671 3718 3022 3786 parientium.

2031 3811 2121 3863 28.
2157 3806 2260 3859 Lex
2291 3813 2355 3862 dc
2386 3812 2553 3877 lepra.

2032 3901 2121 3955 ‘29.
2170 3901 2242 3954 De
2284 3903 2500 3971 lcproso
2536 3917 2646 3955 non
2682 3902 2966 3954 tnundato.

2032 3994 2120 4047 50.
2159 3994 2231 4047 De
2256 3996 2610 4048 inundatione
2635 3995 2854 4064 leprosi.

2033 4086 2120 4138 51.
2158 4084 2229 4137 De
2264 4085 2410 4153 lepra
2451 4085 2668 4147 domus.
2700 4095 2752 4138 et
2784 4086 3157 4140 inundatione.

2032 4172 2119 4226 59..
2164 4172 2236 4226 De
2260 4173 2406 4225 ﬂuxu
2441 4175 2690 4228 seminis.

2033 4268 2122 4321 55.
2159 4269 2229 4318 De
2262 4267 2484 4319 muliere
2514 4267 2802 4334 sanguinis
2832 4265 3035 4321 ﬂuxum
3072 4268 3328 4336 patiente.

2033 4358 2120 4411 51.
2157 4356 2229 4411 Dc
2278 4357 2641 4426 prohibitione
2698 4359 3107 4426 ingrediendiin
3152 4362 3371 4414 domum
3421 4362 3528 4414 Do-

1964 4448 2115 4502 mini.

1894 4549 1941 4607 ί)
2036 4541 2121 4594 55.
2158 4538 2329 4593 Deest.

2029 4631 2117 4681 56.
2151 4630 2224 4683 De
2272 4628 2639 4698 prohibitione
2690 4631 3031 4685 sacriﬁcandi
3074 4641 3226 4686 extra
3275 4634 3524 4687 taberna-

1958 4723 2163 4775 culum.

2030 4814 2119 4866 57.
2154 4812 2226 4864 De
2259 4812 2625 4881 prohibitione
2654 4814 2975 4868 comedendi
3005 4817 3346 4880 sanguinem.

2028 4906 2115 4957 58.
2155 4904 2227 4957 De
2258 4904 2625 4973 prohibitione.
2661 4906 2980 4958 comedendi
3011 4906 3379 4959 morticinum.

2027 4998 2114 5050 59.
2154 4999 2223 5050 De
2253 4998 2615 5065 prohibitione
2641 4998 2871 5050 faciendi
2902 5000 3171 5050 connubia
3209 4998 3418 5052 illicita.

2027 5182 2113 5233 ιο.
2148 5179 2301 5243 Quod
2328 5179 2597 5232 servando
2640 5180 2894 5233 mandata
2923 5181 3095 5233 sancti
3128 5179 3281 5232 ﬁunt.

2029 5275 2112 5327 41.
2150 5272 2220 5325 De
2254 5271 2482 5326 mortuis
2520 5272 2571 5324 in
2601 5275 2800 5341 quibus
2844 5273 3157 5341 polluuntur
3183 5272 3515 5328 sacerdotes.

2029 5366 2114 5418 49..
2147 5368 2216 5418 De
2248 5366 2353 5417 ﬁlia
2385 5364 2686 5418 sacerdotis
2717 5364 3118 5415 nv-retricantc.

2028 5457 2115 5509 45.
2146 5455 2300 5519 Quod
2331 5471 2436 5508 non
2476 5456 2666 5508 debeat
2696 5456 2951 5509 sacerdos
2993 5454 3191 5508 habere
3219 5455 3512 5508 maculam.

1927 5597 1948 5624 ν
2030 5548 2059 5598 4
2074 5548 2113 5599 i.
2149 5547 2320 5599 Deest.

2025 5642 2111 5693 45.
2147 5640 2302 5706 Quod
2336 5655 2443 5692 non
2468 5638 2660 5691 debeat
2691 5639 2993 5691 maculatus
3018 5636 3229 5691 offerre.

2028 5734 2113 5786 46.
2148 5731 2314 5786 De....
2348 5732 2509 5799 (forte
2543 5732 2740 5787 oblatis
2767 5731 3137 5801 animalibus).
