  <div class='ocr_page' id='page_1' title='image "/cluster/home/n/w/nwhite01/storage/ocr_20150623/106/nnc1.0046979980/550.png"; bbox 0 0 4232 6434; ppageno 0'>
   <div class='ocr_carea' id='block_1_1' title="bbox 294 377 1965 451">
    <p class='ocr_par' dir='ltr' id='par_1_1' title="bbox 294 377 1965 446">
     <span class='ocr_line' id='line_1_1' title="bbox 294 377 1965 446; baseline 0.001 -6"><span class='ocrx_word' id='word_1_1' title='bbox 294 377 421 441; x_wconf 74' lang='lat' dir='ltr'><strong>10H</strong></span> <span class='ocrx_word' id='word_1_2' title='bbox 1274 383 1749 445; x_wconf 83' lang='lat' dir='ltr'><strong>OCTATEUCHI</strong></span> <span class='ocrx_word' id='word_1_3' title='bbox 1790 385 1965 446; x_wconf 75' lang='lat' dir='ltr'><strong>DIVI!</strong></span> 
     </span>
    </p>
   </div>
   <div class='ocr_carea' id='block_1_2' title="bbox 1852 377 3523 451">
    <p class='ocr_par' dir='ltr' id='par_1_2' title="bbox 1852 383 3523 451">
     <span class='ocr_line' id='line_1_2' title="bbox 1852 383 3523 451; baseline 0.004 -9"><span class='ocrx_word' id='word_1_4' title='bbox 1852 383 2074 445; x_wconf 86' lang='lat' dir='ltr'><strong>[VISIO</strong></span> <span class='ocrx_word' id='word_1_5' title='bbox 2116 384 2194 443; x_wconf 82' lang='lat' dir='ltr'><strong>IN</strong></span> <span class='ocrx_word' id='word_1_6' title='bbox 2230 386 2520 447; x_wconf 75' lang='lat' dir='ltr'><strong>CAPITA.</strong></span> <span class='ocrx_word' id='word_1_7' title='bbox 3390 386 3523 451; x_wconf 68' lang='grc'><strong>1042</strong></span> 
     </span>
    </p>
   </div>
   <div class='ocr_carea' id='block_1_3' title="bbox 362 489 2033 563">
    <p class='ocr_par' dir='ltr' id='par_1_3' title="bbox 362 489 2033 563">
     <span class='ocr_line' id='line_1_3' title="bbox 362 489 2033 563; baseline 0.002 -21"><span class='ocrx_word' id='word_1_8' title='bbox 362 489 458 553; x_wconf 81' lang='grc' dir='ltr'>λζ’.</span> <span class='ocrx_word' id='word_1_9' title='bbox 492 491 626 560; x_wconf 74' lang='grc' dir='ltr'><strong>Περὶ</strong></span> <span class='ocrx_word' id='word_1_10' title='bbox 656 492 755 561; x_wconf 82' lang='grc' dir='ltr'>τῆς</span> <span class='ocrx_word' id='word_1_11' title='bbox 778 492 1162 555; x_wconf 76' lang='grc' dir='ltr'><strong>καταστάσεως</strong></span> <span class='ocrx_word' id='word_1_12' title='bbox 1192 493 1475 563; x_wconf 76' lang='grc' dir='ltr'><strong>Ἐλεάζαρ.</strong></span> <span class='ocrx_word' id='word_1_13' title='bbox 1884 504 1924 559; x_wconf 75' lang='grc' dir='ltr'>Α</span> <span class='ocrx_word' id='word_1_14' title='bbox 2026 498 2033 546; x_wconf 86' lang='grc'>;</span> 
     </span>
    </p>
   </div>
   <div class='ocr_carea' id='block_1_4' title="bbox 1278 489 2949 563">
    <p class='ocr_par' dir='ltr' id='par_1_4' title="bbox 1278 493 2949 563">
     <span class='ocr_line' id='line_1_4' title="bbox 1278 493 2949 563; baseline 0.003 -18"><span class='ocrx_word' id='word_1_15' title='bbox 1278 494 1475 563; x_wconf 75' lang='grc' dir='ltr'>εάζαρ.</span> <span class='ocrx_word' id='word_1_16' title='bbox 1884 504 1924 559; x_wconf 75' lang='grc' dir='ltr'>Α</span> <span class='ocrx_word' id='word_1_17' title='bbox 2026 496 2116 547; x_wconf 79' lang='grc'><strong>57.</strong></span> <span class='ocrx_word' id='word_1_18' title='bbox 2151 496 2225 548; x_wconf 88' lang='lat' dir='ltr'><strong>De</strong></span> <span class='ocrx_word' id='word_1_19' title='bbox 2254 496 2647 550; x_wconf 88' lang='lat' dir='ltr'><strong>constitutione</strong></span> <span class='ocrx_word' id='word_1_20' title='bbox 2684 493 2949 551; x_wconf 82' lang='lat' dir='ltr'><strong>Eleazari.</strong></span> 
     </span>
    </p>
   </div>
   <div class='ocr_carea' id='block_1_5' title="bbox 355 583 2026 658">
    <p class='ocr_par' dir='ltr' id='par_1_5' title="bbox 355 583 2026 653">
     <span class='ocr_line' id='line_1_5' title="bbox 355 583 2026 653; baseline 0.003 -20"><span class='ocrx_word' id='word_1_21' title='bbox 355 583 456 651; x_wconf 83' lang='grc' dir='ltr'><strong>λη’.</strong></span> <span class='ocrx_word' id='word_1_22' title='bbox 495 585 629 650; x_wconf 70' lang='grc' dir='ltr'>Περὶ</span> <span class='ocrx_word' id='word_1_23' title='bbox 662 583 759 651; x_wconf 84' lang='grc' dir='ltr'>τῆς</span> <span class='ocrx_word' id='word_1_24' title='bbox 789 583 1093 651; x_wconf 80' lang='grc' dir='ltr'><strong>ἀποστολῆς</strong></span> <span class='ocrx_word' id='word_1_25' title='bbox 1117 584 1226 635; x_wconf 92' lang='grc' dir='ltr'><strong>τῶν</strong></span> <span class='ocrx_word' id='word_1_26' title='bbox 1262 583 1459 653; x_wconf 80' lang='grc' dir='ltr'>δφεων.</span> <span class='ocrx_word' id='word_1_27' title='bbox 2022 591 2026 638; x_wconf 77' lang='grc'>1</span> 
     </span>
    </p>
   </div>
   <div class='ocr_carea' id='block_1_6' title="bbox 1301 583 2972 658">
    <p class='ocr_par' dir='ltr' id='par_1_6' title="bbox 1301 587 2972 658">
     <span class='ocr_line' id='line_1_6' title="bbox 1301 587 2972 658; baseline 0.005 -23"><span class='ocrx_word' id='word_1_28' title='bbox 1301 602 1459 653; x_wconf 78' lang='grc' dir='ltr'>φεων.</span> <span class='ocrx_word' id='word_1_29' title='bbox 2022 590 2110 641; x_wconf 72' lang='grc'><strong>58.</strong></span> <span class='ocrx_word' id='word_1_30' title='bbox 2146 587 2218 641; x_wconf 88' lang='lat' dir='ltr'><strong>De</strong></span> <span class='ocrx_word' id='word_1_31' title='bbox 2244 589 2583 643; x_wconf 84' lang='lat' dir='ltr'><strong>immissione</strong></span> <span class='ocrx_word' id='word_1_32' title='bbox 2612 590 2972 658; x_wconf 81' lang='lat' dir='ltr'><strong>serpentium.</strong></span> 
     </span>
    </p>
   </div>
   <div class='ocr_carea' id='block_1_7' title="bbox 353 674 2024 748">
    <p class='ocr_par' dir='ltr' id='par_1_7' title="bbox 353 674 2024 743">
     <span class='ocr_line' id='line_1_7' title="bbox 353 674 2024 743; baseline 0.001 -17"><span class='ocrx_word' id='word_1_33' title='bbox 353 674 453 726; x_wconf 88' lang='grc' dir='ltr'><strong>λθ’.</strong></span> <span class='ocrx_word' id='word_1_34' title='bbox 483 674 563 725; x_wconf 84' lang='grc' dir='ltr'>Τὰ</span> <span class='ocrx_word' id='word_1_35' title='bbox 588 675 719 743; x_wconf 73' lang='grc' dir='ltr'>περὶ</span> <span class='ocrx_word' id='word_1_36' title='bbox 753 676 854 741; x_wconf 82' lang='grc' dir='ltr'><strong>’⁸ογ</strong></span> <span class='ocrx_word' id='word_1_37' title='bbox 886 674 1108 743; x_wconf 84' lang='grc' dir='ltr'>βασιλέα</span> <span class='ocrx_word' id='word_1_38' title='bbox 1139 675 1339 728; x_wconf 80' lang='grc' dir='ltr'>Βασάν.</span> <span class='ocrx_word' id='word_1_39' title='bbox 2020 681 2024 728; x_wconf 73' lang='grc' dir='ltr'><strong>ξ</strong></span> 
     </span>
    </p>
   </div>
   <div class='ocr_carea' id='block_1_8' title="bbox 1502 674 3173 748">
    <p class='ocr_par' dir='ltr' id='par_1_8' title="bbox 2020 678 3173 748">
     <span class='ocr_line' id='line_1_8' title="bbox 2020 678 3173 748; baseline 0 -16"><span class='ocrx_word' id='word_1_40' title='bbox 2020 680 2107 732; x_wconf 81' lang='grc'><strong>59.</strong></span> <span class='ocrx_word' id='word_1_41' title='bbox 2138 678 2270 743; x_wconf 68' lang='lat' dir='ltr'><strong>Qua:</strong></span> <span class='ocrx_word' id='word_1_42' title='bbox 2294 679 2359 732; x_wconf 89' lang='lat' dir='ltr'><strong>ad</strong></span> <span class='ocrx_word' id='word_1_43' title='bbox 2383 678 2461 747; x_wconf 87' lang='lat' dir='ltr'><strong>0g</strong></span> <span class='ocrx_word' id='word_1_44' title='bbox 2485 694 2664 748; x_wconf 89' lang='lat' dir='ltr'><strong>regem</strong></span> <span class='ocrx_word' id='word_1_45' title='bbox 2697 679 2871 733; x_wconf 85' lang='lat' dir='ltr'><strong>Basan</strong></span> <span class='ocrx_word' id='word_1_46' title='bbox 2906 686 3173 747; x_wconf 75' lang='lat' dir='ltr'><strong>spectant.</strong></span> 
     </span>
    </p>
   </div>
   <div class='ocr_carea' id='block_1_9' title="bbox 359 748 2030 839">
    <p class='ocr_par' dir='ltr' id='par_1_9' title="bbox 359 748 2030 836">
     <span class='ocr_line' id='line_1_9' title="bbox 359 748 2030 836; baseline -0.004 -15"><span class='ocrx_word' id='word_1_47' title='bbox 359 773 434 836; x_wconf 88' lang='grc' dir='ltr'><strong>μ’.</strong></span> <span class='ocrx_word' id='word_1_48' title='bbox 463 748 815 835; x_wconf 52' lang='lat' dir='ltr'><strong>naptham</strong></span> <span class='ocrx_word' id='word_1_49' title='bbox 838 767 1101 836; x_wconf 83' lang='grc' dir='ltr'>βασιλέως</span> <span class='ocrx_word' id='word_1_50' title='bbox 1139 766 1336 821; x_wconf 84' lang='grc' dir='ltr'>Μωάδ.</span> <span class='ocrx_word' id='word_1_51' title='bbox 2022 799 2030 814; x_wconf 49' lang='grc' dir='ltr'>ι</span> 
     </span>
    </p>
   </div>
   <div class='ocr_carea' id='block_1_10' title="bbox 1094 748 2765 839">
    <p class='ocr_par' dir='ltr' id='par_1_10' title="bbox 1094 766 2765 839">
     <span class='ocr_line' id='line_1_10' title="bbox 1094 766 2765 839; baseline 0.002 -18"><span class='ocrx_word' id='word_1_52' title='bbox 1094 784 1101 829; x_wconf 83' lang='lat'><strong>;</strong></span> <span class='ocrx_word' id='word_1_53' title='bbox 1139 766 1336 821; x_wconf 80' lang='grc' dir='ltr'>Μωάδ.</span> <span class='ocrx_word' id='word_1_54' title='bbox 2022 771 2109 823; x_wconf 71' lang='grc'><strong>40.</strong></span> <span class='ocrx_word' id='word_1_55' title='bbox 2144 769 2217 824; x_wconf 91' lang='lat' dir='ltr'><strong>De</strong></span> <span class='ocrx_word' id='word_1_56' title='bbox 2247 769 2406 823; x_wconf 83' lang='lat' dir='ltr'><strong>Balac</strong></span> <span class='ocrx_word' id='word_1_57' title='bbox 2436 785 2559 839; x_wconf 80' lang='lat' dir='ltr'><strong>rege</strong></span> <span class='ocrx_word' id='word_1_58' title='bbox 2592 770 2765 825; x_wconf 84' lang='lat' dir='ltr'><strong>Moab.</strong></span> 
     </span>
    </p>
   </div>
   <div class='ocr_carea' id='block_1_11' title="bbox 354 861 2025 935">
    <p class='ocr_par' dir='ltr' id='par_1_11' title="bbox 354 861 2025 931">
     <span class='ocr_line' id='line_1_11' title="bbox 354 861 2025 931; baseline 0 -17"><span class='ocrx_word' id='word_1_59' title='bbox 354 869 465 930; x_wconf 88' lang='grc' dir='ltr'>μα’.</span> <span class='ocrx_word' id='word_1_60' title='bbox 503 861 584 915; x_wconf 82' lang='grc' dir='ltr'><strong>Τὰ</strong></span> <span class='ocrx_word' id='word_1_61' title='bbox 618 863 745 931; x_wconf 80' lang='grc' dir='ltr'>περὶ</span> <span class='ocrx_word' id='word_1_62' title='bbox 771 863 996 931; x_wconf 85' lang='grc' dir='ltr'><strong>Βαλαὰμ</strong></span> <span class='ocrx_word' id='word_1_63' title='bbox 1025 863 1117 916; x_wconf 83' lang='grc' dir='ltr'><strong>τὸν</strong></span> <span class='ocrx_word' id='word_1_64' title='bbox 1156 862 1371 931; x_wconf 79' lang='grc' dir='ltr'><strong>μάντιν.</strong></span> <span class='ocrx_word' id='word_1_65' title='bbox 2024 898 2025 905; x_wconf 60' lang='grc' dir='ltr'><strong>η</strong></span> 
     </span>
    </p>
   </div>
   <div class='ocr_carea' id='block_1_12' title="bbox 1507 861 3178 935">
    <p class='ocr_par' dir='ltr' id='par_1_12' title="bbox 2024 861 3178 935">
     <span class='ocr_line' id='line_1_12' title="bbox 2024 861 3178 935; baseline 0.003 -20"><span class='ocrx_word' id='word_1_66' title='bbox 2024 863 2110 916; x_wconf 67' lang='lat'><strong>4|.</strong></span> <span class='ocrx_word' id='word_1_67' title='bbox 2151 861 2282 927; x_wconf 58' lang='grc' dir='ltr'><strong>ουκ</strong></span> <span class='ocrx_word' id='word_1_68' title='bbox 2318 863 2384 916; x_wconf 89' lang='lat' dir='ltr'><strong>ad</strong></span> <span class='ocrx_word' id='word_1_69' title='bbox 2419 862 2631 916; x_wconf 69' lang='lat' dir='ltr'><strong>Balaam</strong></span> <span class='ocrx_word' id='word_1_70' title='bbox 2654 864 2884 917; x_wconf 88' lang='lat' dir='ltr'><strong>ariolum</strong></span> <span class='ocrx_word' id='word_1_71' title='bbox 2911 872 3178 935; x_wconf 80' lang='lat' dir='ltr'><strong>spectant.</strong></span> 
     </span>
    </p>
   </div>
   <div class='ocr_carea' id='block_1_13' title="bbox 357 949 2028 1024">
    <p class='ocr_par' dir='ltr' id='par_1_13' title="bbox 357 949 1851 1023">
     <span class='ocr_line' id='line_1_13' title="bbox 357 949 1851 1023; baseline -0.003 -18"><span class='ocrx_word' id='word_1_72' title='bbox 357 951 464 1020; x_wconf 84' lang='grc' dir='ltr'><strong>μβ¹.</strong></span> <span class='ocrx_word' id='word_1_73' title='bbox 497 952 634 1022; x_wconf 80' lang='grc' dir='ltr'>Περὶ</span> <span class='ocrx_word' id='word_1_74' title='bbox 658 952 769 1005; x_wconf 86' lang='grc' dir='ltr'><strong>τῶν</strong></span> <span class='ocrx_word' id='word_1_75' title='bbox 804 954 1219 1023; x_wconf 87' lang='grc' dir='ltr'>πορνευσάντων</span> <span class='ocrx_word' id='word_1_76' title='bbox 1247 949 1442 1014; x_wconf 77' lang='grc' dir='ltr'><strong>Μωὰῦ,</strong></span> <span class='ocrx_word' id='word_1_77' title='bbox 1470 951 1563 1004; x_wconf 75' lang='grc' dir='ltr'>καὶ</span> <span class='ocrx_word' id='word_1_78' title='bbox 1585 949 1851 1003; x_wconf 74' lang='grc' dir='ltr'><strong>τελεσθὲν·</strong></span> 
     </span>
    </p>
   </div>
   <div class='ocr_carea' id='block_1_14' title="bbox 1854 949 3525 1024">
    <p class='ocr_par' dir='ltr' id='par_1_14' title="bbox 2027 952 3525 1024">
     <span class='ocr_line' id='line_1_14' title="bbox 2027 952 3525 1024; baseline 0.002 -19"><span class='ocrx_word' id='word_1_79' title='bbox 2027 953 2115 1006; x_wconf 57' lang='grc'><strong>52.</strong></span> <span class='ocrx_word' id='word_1_80' title='bbox 2154 953 2228 1007; x_wconf 90' lang='lat' dir='ltr'><strong>De</strong></span> <span class='ocrx_word' id='word_1_81' title='bbox 2266 952 2662 1007; x_wconf 75' lang='lat' dir='ltr'><strong>fornicantibus</strong></span> <span class='ocrx_word' id='word_1_82' title='bbox 2691 952 2868 1019; x_wconf 75' lang='lat' dir='ltr'><strong>Moab,</strong></span> <span class='ocrx_word' id='word_1_83' title='bbox 2905 968 2958 1009; x_wconf 92' lang='lat' dir='ltr'><strong>et</strong></span> <span class='ocrx_word' id='word_1_84' title='bbox 3000 955 3227 1009; x_wconf 86' lang='lat' dir='ltr'><strong>initiatis</strong></span> <span class='ocrx_word' id='word_1_85' title='bbox 3266 953 3525 1024; x_wconf 71' lang='lat' dir='ltr'><strong>Beelphe-</strong></span> 
     </span>
    </p>
   </div>
   <div class='ocr_carea' id='block_1_15' title="bbox 289 1041 2075 1113">
    <p class='ocr_par' dir='ltr' id='par_1_15' title="bbox 289 1041 2075 1113">
     <span class='ocr_line' id='line_1_15' title="bbox 289 1041 2075 1113; baseline 0.002 -20"><span class='ocrx_word' id='word_1_86' title='bbox 289 1060 391 1093; x_wconf 84' lang='grc' dir='ltr'><strong>των</strong></span> <span class='ocrx_word' id='word_1_87' title='bbox 418 1042 497 1113; x_wconf 81' lang='grc' dir='ltr'>τῷ</span> <span class='ocrx_word' id='word_1_88' title='bbox 526 1041 869 1112; x_wconf 84' lang='grc' dir='ltr'>Βεελφεγὼρ.</span> <span class='ocrx_word' id='word_1_89' title='bbox 1957 1059 2075 1112; x_wconf 79' lang='lat' dir='ltr'><strong>gor.</strong></span> 
     </span>
    </p>
   </div>
   <div class='ocr_carea' id='block_1_16' title="bbox 357 1129 2028 1205">
    <p class='ocr_par' dir='ltr' id='par_1_16' title="bbox 357 1129 1433 1200">
     <span class='ocr_line' id='line_1_16' title="bbox 357 1129 1433 1200; baseline -0.001 -16"><span class='ocrx_word' id='word_1_90' title='bbox 357 1132 468 1199; x_wconf 85' lang='grc' dir='ltr'>μγ’.</span> <span class='ocrx_word' id='word_1_91' title='bbox 500 1132 579 1184; x_wconf 77' lang='grc' dir='ltr'>Τά</span> <span class='ocrx_word' id='word_1_92' title='bbox 613 1133 739 1200; x_wconf 80' lang='grc' dir='ltr'><strong>περὶ</strong></span> <span class='ocrx_word' id='word_1_93' title='bbox 765 1130 948 1194; x_wconf 75' lang='grc' dir='ltr'>Φινεὲς</span> <span class='ocrx_word' id='word_1_94' title='bbox 982 1129 1074 1184; x_wconf 76' lang='grc' dir='ltr'><strong>καὶ</strong></span> <span class='ocrx_word' id='word_1_95' title='bbox 1094 1130 1433 1184; x_wconf 81' lang='grc' dir='ltr'>Μαδιανῖτιν.</span> 
     </span>
    </p>
   </div>
   <div class='ocr_carea' id='block_1_17' title="bbox 1855 1129 3526 1205">
    <p class='ocr_par' dir='ltr' id='par_1_17' title="bbox 2029 1134 3526 1205">
     <span class='ocr_line' id='line_1_17' title="bbox 2029 1134 3526 1205; baseline 0.001 -17"><span class='ocrx_word' id='word_1_96' title='bbox 2029 1135 2118 1189; x_wconf 71' lang='lat'><strong>43.</strong></span> <span class='ocrx_word' id='word_1_97' title='bbox 2150 1134 2282 1200; x_wconf 71' lang='lat' dir='ltr'><strong>Quae</strong></span> <span class='ocrx_word' id='word_1_98' title='bbox 2308 1135 2373 1189; x_wconf 89' lang='lat' dir='ltr'><strong>ad</strong></span> <span class='ocrx_word' id='word_1_99' title='bbox 2406 1136 2636 1190; x_wconf 85' lang='lat' dir='ltr'><strong>Phinees</strong></span> <span class='ocrx_word' id='word_1_100' title='bbox 2694 1145 2747 1190; x_wconf 92' lang='lat' dir='ltr'><strong>et</strong></span> <span class='ocrx_word' id='word_1_101' title='bbox 2797 1135 3197 1192; x_wconf 69' lang='lat' dir='ltr'><strong>Madianititlem</strong></span> <span class='ocrx_word' id='word_1_102' title='bbox 3250 1144 3526 1205; x_wconf 83' lang='lat' dir='ltr'><strong>spectant.</strong></span> 
     </span>
    </p>
   </div>
   <div class='ocr_carea' id='block_1_18' title="bbox 357 1221 2028 1296">
    <p class='ocr_par' dir='ltr' id='par_1_18' title="bbox 357 1221 2028 1293">
     <span class='ocr_line' id='line_1_18' title="bbox 357 1221 2028 1293; baseline -0.003 -19"><span class='ocrx_word' id='word_1_103' title='bbox 357 1222 460 1291; x_wconf 86' lang='grc' dir='ltr'>μδ’.</span> <span class='ocrx_word' id='word_1_104' title='bbox 488 1223 622 1292; x_wconf 79' lang='grc' dir='ltr'><strong>Περὶ</strong></span> <span class='ocrx_word' id='word_1_105' title='bbox 647 1221 756 1275; x_wconf 87' lang='grc' dir='ltr'><strong>τῶν</strong></span> <span class='ocrx_word' id='word_1_106' title='bbox 783 1222 1101 1293; x_wconf 83' lang='grc' dir='ltr'><strong>θυγατέρων</strong></span> <span class='ocrx_word' id='word_1_107' title='bbox 1129 1221 1402 1275; x_wconf 86' lang='grc' dir='ltr'>Σαλπαάδ.</span> <span class='ocrx_word' id='word_1_108' title='bbox 2025 1262 2028 1269; x_wconf 90' lang='grc'><strong>.</strong></span> 
     </span>
    </p>
   </div>
   <div class='ocr_carea' id='block_1_19' title="bbox 1118 1221 2789 1296">
    <p class='ocr_par' dir='ltr' id='par_1_19' title="bbox 1129 1221 2789 1296">
     <span class='ocr_line' id='line_1_19' title="bbox 1129 1221 2789 1296; baseline 0.004 -21"><span class='ocrx_word' id='word_1_109' title='bbox 1129 1221 1402 1275; x_wconf 87' lang='grc' dir='ltr'>Σαλπαάδ.</span> <span class='ocrx_word' id='word_1_110' title='bbox 2025 1227 2114 1279; x_wconf 74' lang='grc' dir='ltr'>Μ.</span> <span class='ocrx_word' id='word_1_111' title='bbox 2149 1224 2223 1280; x_wconf 89' lang='lat' dir='ltr'><strong>De</strong></span> <span class='ocrx_word' id='word_1_112' title='bbox 2254 1226 2465 1281; x_wconf 83' lang='lat' dir='ltr'><strong>ﬁliabus</strong></span> <span class='ocrx_word' id='word_1_113' title='bbox 2498 1226 2789 1296; x_wconf 85' lang='lat' dir='ltr'><strong>Salphaad.</strong></span> 
     </span>
    </p>
   </div>
   <div class='ocr_carea' id='block_1_20' title="bbox 359 1310 2030 1385">
    <p class='ocr_par' dir='ltr' id='par_1_20' title="bbox 359 1310 2030 1385">
     <span class='ocr_line' id='line_1_20' title="bbox 359 1310 2030 1385; baseline -0.002 -19"><span class='ocrx_word' id='word_1_114' title='bbox 359 1320 461 1382; x_wconf 87' lang='grc' dir='ltr'>με’.</span> <span class='ocrx_word' id='word_1_115' title='bbox 493 1314 630 1385; x_wconf 79' lang='grc' dir='ltr'><strong>Περὶ</strong></span> <span class='ocrx_word' id='word_1_116' title='bbox 656 1314 757 1382; x_wconf 83' lang='grc' dir='ltr'>τῆς</span> <span class='ocrx_word' id='word_1_117' title='bbox 788 1314 1174 1377; x_wconf 78' lang='grc' dir='ltr'><strong>καταστάσεως</strong></span> <span class='ocrx_word' id='word_1_118' title='bbox 1204 1313 1380 1383; x_wconf 88' lang='grc' dir='ltr'><strong>Ἰησοῦ</strong></span> <span class='ocrx_word' id='word_1_119' title='bbox 1405 1310 1497 1365; x_wconf 86' lang='grc' dir='ltr'><strong>τοῦ</strong></span> <span class='ocrx_word' id='word_1_120' title='bbox 1521 1312 1697 1381; x_wconf 78' lang='grc' dir='ltr'>Ναυῆ.</span> <span class='ocrx_word' id='word_1_121' title='bbox 2027 1354 2030 1363; x_wconf 90' lang='grc'><strong>.</strong></span> 
     </span>
    </p>
   </div>
   <div class='ocr_carea' id='block_1_21' title="bbox 1519 1310 3190 1385">
    <p class='ocr_par' dir='ltr' id='par_1_21' title="bbox 1521 1312 3190 1381">
     <span class='ocr_line' id='line_1_21' title="bbox 1521 1312 3190 1381; baseline 0.004 -15"><span class='ocrx_word' id='word_1_122' title='bbox 1521 1312 1697 1381; x_wconf 80' lang='grc' dir='ltr'>Ναυῆ.</span> <span class='ocrx_word' id='word_1_123' title='bbox 2147 1317 2218 1372; x_wconf 88' lang='lat' dir='ltr'><strong>De</strong></span> <span class='ocrx_word' id='word_1_124' title='bbox 2250 1320 2640 1373; x_wconf 89' lang='lat' dir='ltr'><strong>constitutione</strong></span> <span class='ocrx_word' id='word_1_125' title='bbox 2677 1317 2859 1374; x_wconf 79' lang='lat' dir='ltr'><strong>.Iosuze</strong></span> <span class='ocrx_word' id='word_1_126' title='bbox 2892 1317 2984 1372; x_wconf 90' lang='lat' dir='ltr'><strong>ﬁlii</strong></span> <span class='ocrx_word' id='word_1_127' title='bbox 3028 1317 3190 1372; x_wconf 81' lang='lat' dir='ltr'><strong>Nave.</strong></span> 
     </span>
    </p>
   </div>
   <div class='ocr_carea' id='block_1_22' title="bbox 360 1405 2031 1478">
    <p class='ocr_par' dir='ltr' id='par_1_22' title="bbox 360 1405 2031 1476">
     <span class='ocr_line' id='line_1_22' title="bbox 360 1405 2031 1476; baseline -0.001 -16"><span class='ocrx_word' id='word_1_128' title='bbox 360 1408 479 1476; x_wconf 85' lang='grc' dir='ltr'>μς’.</span> <span class='ocrx_word' id='word_1_129' title='bbox 519 1409 655 1476; x_wconf 74' lang='grc' dir='ltr'><strong>Περὶ</strong></span> <span class='ocrx_word' id='word_1_130' title='bbox 685 1406 888 1459; x_wconf 90' lang='grc' dir='ltr'>θυσιῶν</span> <span class='ocrx_word' id='word_1_131' title='bbox 915 1405 1273 1474; x_wconf 78' lang='grc' dir='ltr'><strong>ὲνδελεχείας.</strong></span> <span class='ocrx_word' id='word_1_132' title='bbox 2028 1443 2031 1451; x_wconf 57' lang='grc' dir='ltr'><strong>ι</strong></span> 
     </span>
    </p>
   </div>
   <div class='ocr_carea' id='block_1_23' title="bbox 1200 1405 2871 1478">
    <p class='ocr_par' dir='ltr' id='par_1_23' title="bbox 1200 1408 2871 1478">
     <span class='ocr_line' id='line_1_23' title="bbox 1200 1408 2871 1478; baseline 0.004 -21"><span class='ocrx_word' id='word_1_133' title='bbox 1200 1422 1273 1467; x_wconf 79' lang='grc' dir='ltr'><strong>ις.</strong></span> <span class='ocrx_word' id='word_1_134' title='bbox 2028 1409 2115 1460; x_wconf 70' lang='grc'>46.</span> <span class='ocrx_word' id='word_1_135' title='bbox 2152 1408 2225 1462; x_wconf 89' lang='lat' dir='ltr'><strong>De</strong></span> <span class='ocrx_word' id='word_1_136' title='bbox 2258 1408 2543 1462; x_wconf 88' lang='lat' dir='ltr'><strong>sacriﬁciis</strong></span> <span class='ocrx_word' id='word_1_137' title='bbox 2577 1409 2871 1478; x_wconf 84' lang='lat' dir='ltr'><strong>perpetuis.</strong></span> 
     </span>
    </p>
   </div>
   <div class='ocr_carea' id='block_1_24' title="bbox 360 1495 2031 1568">
    <p class='ocr_par' dir='ltr' id='par_1_24' title="bbox 360 1495 2031 1568">
     <span class='ocr_line' id='line_1_24' title="bbox 360 1495 2031 1568; baseline -0.005 -18"><span class='ocrx_word' id='word_1_138' title='bbox 360 1496 465 1566; x_wconf 61' lang='grc' dir='ltr'>μετ’.</span> <span class='ocrx_word' id='word_1_139' title='bbox 496 1499 628 1568; x_wconf 76' lang='grc' dir='ltr'>Περὶ</span> <span class='ocrx_word' id='word_1_140' title='bbox 653 1498 854 1550; x_wconf 82' lang='grc' dir='ltr'><strong>θυσιῶν</strong></span> <span class='ocrx_word' id='word_1_141' title='bbox 881 1498 1022 1550; x_wconf 85' lang='grc' dir='ltr'>κατὰ</span> <span class='ocrx_word' id='word_1_142' title='bbox 1060 1495 1360 1549; x_wconf 77' lang='grc' dir='ltr'>Σάϐϐατον.</span> <span class='ocrx_word' id='word_1_143' title='bbox 2030 1536 2031 1541; x_wconf 47' lang='grc' dir='ltr'><strong>η</strong></span> 
     </span>
    </p>
   </div>
   <div class='ocr_carea' id='block_1_25' title="bbox 1219 1495 2890 1568">
    <p class='ocr_par' dir='ltr' id='par_1_25' title="bbox 1219 1497 2890 1554">
     <span class='ocr_line' id='line_1_25' title="bbox 1219 1497 2890 1554; baseline 0.004 -6"><span class='ocrx_word' id='word_1_144' title='bbox 1219 1513 1360 1548; x_wconf 74' lang='lat' dir='ltr'><strong>nov.</strong></span> <span class='ocrx_word' id='word_1_145' title='bbox 2030 1499 2118 1554; x_wconf 75' lang='grc'><strong>47.</strong></span> <span class='ocrx_word' id='word_1_146' title='bbox 2152 1497 2226 1552; x_wconf 87' lang='lat' dir='ltr'><strong>De</strong></span> <span class='ocrx_word' id='word_1_147' title='bbox 2248 1498 2531 1554; x_wconf 89' lang='lat' dir='ltr'><strong>sacriﬁciis</strong></span> <span class='ocrx_word' id='word_1_148' title='bbox 2554 1500 2606 1552; x_wconf 90' lang='lat' dir='ltr'><strong>in</strong></span> <span class='ocrx_word' id='word_1_149' title='bbox 2633 1498 2890 1554; x_wconf 87' lang='lat' dir='ltr'><strong>Sabbato.</strong></span> 
     </span>
    </p>
   </div>
   <div class='ocr_carea' id='block_1_26' title="bbox 361 1586 2032 1659">
    <p class='ocr_par' dir='ltr' id='par_1_26' title="bbox 361 1586 2032 1659">
     <span class='ocr_line' id='line_1_26' title="bbox 361 1586 2032 1659; baseline -0.002 -18"><span class='ocrx_word' id='word_1_150' title='bbox 361 1595 472 1656; x_wconf 84' lang='grc' dir='ltr'><strong>μη¹.</strong></span> <span class='ocrx_word' id='word_1_151' title='bbox 507 1588 642 1659; x_wconf 63' lang='grc' dir='ltr'><strong>Περὶ</strong></span> <span class='ocrx_word' id='word_1_152' title='bbox 676 1588 815 1642; x_wconf 82' lang='grc' dir='ltr'>κατὰ</span> <span class='ocrx_word' id='word_1_153' title='bbox 847 1586 1146 1658; x_wconf 81' lang='grc' dir='ltr'>νουμηνίαν</span> <span class='ocrx_word' id='word_1_154' title='bbox 1173 1586 1397 1639; x_wconf 82' lang='grc' dir='ltr'><strong>θυσιῶν.</strong></span> <span class='ocrx_word' id='word_1_155' title='bbox 2029 1625 2032 1632; x_wconf 86' lang='grc'>.</span> 
     </span>
    </p>
   </div>
   <div class='ocr_carea' id='block_1_27' title="bbox 1299 1586 2970 1659">
    <p class='ocr_par' dir='ltr' id='par_1_27' title="bbox 1300 1586 2970 1644">
     <span class='ocr_line' id='line_1_27' title="bbox 1300 1586 2970 1644; baseline 0.003 -6"><span class='ocrx_word' id='word_1_156' title='bbox 1300 1586 1397 1639; x_wconf 91' lang='grc' dir='ltr'><strong>ῶν.</strong></span> <span class='ocrx_word' id='word_1_157' title='bbox 2029 1590 2119 1643; x_wconf 63' lang='grc'><strong>48.</strong></span> <span class='ocrx_word' id='word_1_158' title='bbox 2146 1588 2221 1643; x_wconf 87' lang='lat' dir='ltr'><strong>De</strong></span> <span class='ocrx_word' id='word_1_159' title='bbox 2258 1588 2546 1643; x_wconf 83' lang='lat' dir='ltr'><strong>sacriﬁciis</strong></span> <span class='ocrx_word' id='word_1_160' title='bbox 2577 1588 2630 1642; x_wconf 91' lang='lat' dir='ltr'><strong>in</strong></span> <span class='ocrx_word' id='word_1_161' title='bbox 2665 1591 2970 1644; x_wconf 87' lang='lat' dir='ltr'><strong>ncomenia.</strong></span> 
     </span>
    </p>
   </div>
   <div class='ocr_carea' id='block_1_28' title="bbox 363 1678 2034 1750">
    <p class='ocr_par' dir='ltr' id='par_1_28' title="bbox 363 1679 2034 1750">
     <span class='ocr_line' id='line_1_28' title="bbox 363 1679 2034 1750; baseline 0.002 -18"><span class='ocrx_word' id='word_1_162' title='bbox 363 1679 467 1750; x_wconf 88' lang='grc' dir='ltr'>μθ’.</span> <span class='ocrx_word' id='word_1_163' title='bbox 500 1682 634 1750; x_wconf 77' lang='grc' dir='ltr'><strong>Περὶ</strong></span> <span class='ocrx_word' id='word_1_164' title='bbox 669 1679 871 1733; x_wconf 80' lang='grc' dir='ltr'>θυσιῶν</span> <span class='ocrx_word' id='word_1_165' title='bbox 904 1680 998 1733; x_wconf 90' lang='grc' dir='ltr'>τοῦ</span> <span class='ocrx_word' id='word_1_166' title='bbox 1032 1680 1243 1748; x_wconf 83' lang='grc' dir='ltr'>Πάσχα.</span> <span class='ocrx_word' id='word_1_167' title='bbox 2028 1712 2034 1724; x_wconf 73' lang='grc' dir='ltr'><strong>ι</strong></span> 
     </span>
    </p>
   </div>
   <div class='ocr_carea' id='block_1_29' title="bbox 1139 1678 2810 1750">
    <p class='ocr_par' dir='ltr' id='par_1_29' title="bbox 1139 1678 2810 1748">
     <span class='ocr_line' id='line_1_29' title="bbox 1139 1678 2810 1748; baseline 0.002 -18"><span class='ocrx_word' id='word_1_168' title='bbox 1139 1696 1243 1748; x_wconf 69' lang='lat' dir='ltr'><strong>sxa.</strong></span> <span class='ocrx_word' id='word_1_169' title='bbox 2028 1680 2118 1735; x_wconf 67' lang='lat'><strong>49.</strong></span> <span class='ocrx_word' id='word_1_170' title='bbox 2151 1679 2225 1734; x_wconf 87' lang='lat' dir='ltr'><strong>De</strong></span> <span class='ocrx_word' id='word_1_171' title='bbox 2256 1679 2541 1735; x_wconf 87' lang='lat' dir='ltr'><strong>sacriﬁciis</strong></span> <span class='ocrx_word' id='word_1_172' title='bbox 2572 1678 2810 1734; x_wconf 70' lang='lat' dir='ltr'><strong>Paschzr.</strong></span> 
     </span>
    </p>
   </div>
   <div class='ocr_carea' id='block_1_30' title="bbox 360 1770 2031 1842">
    <p class='ocr_par' dir='ltr' id='par_1_30' title="bbox 360 1770 1275 1842">
     <span class='ocr_line' id='line_1_30' title="bbox 360 1770 1275 1842; baseline -0.002 -15"><span class='ocrx_word' id='word_1_173' title='bbox 360 1773 422 1827; x_wconf 86' lang='grc' dir='ltr'><strong>ν’.</strong></span> <span class='ocrx_word' id='word_1_174' title='bbox 456 1773 589 1842; x_wconf 74' lang='grc' dir='ltr'><strong>Περὶ</strong></span> <span class='ocrx_word' id='word_1_175' title='bbox 616 1772 815 1825; x_wconf 83' lang='grc' dir='ltr'>θυσιῶν</span> <span class='ocrx_word' id='word_1_176' title='bbox 836 1772 937 1841; x_wconf 80' lang='grc' dir='ltr'><strong>τῆς</strong></span> <span class='ocrx_word' id='word_1_177' title='bbox 964 1770 1275 1841; x_wconf 75' lang='grc' dir='ltr'>ἑϐδομάδος.</span> 
     </span>
    </p>
   </div>
   <div class='ocr_carea' id='block_1_31' title="bbox 1276 1770 2947 1842">
    <p class='ocr_par' dir='ltr' id='par_1_31' title="bbox 2033 1771 2947 1828">
     <span class='ocr_line' id='line_1_31' title="bbox 2033 1771 2947 1828; baseline 0.001 -3"><span class='ocrx_word' id='word_1_178' title='bbox 2033 1773 2121 1828; x_wconf 78' lang='lat'><strong>50.</strong></span> <span class='ocrx_word' id='word_1_179' title='bbox 2162 1773 2235 1827; x_wconf 86' lang='lat' dir='ltr'><strong>De</strong></span> <span class='ocrx_word' id='word_1_180' title='bbox 2262 1772 2547 1828; x_wconf 85' lang='lat' dir='ltr'><strong>sacriﬁciis</strong></span> <span class='ocrx_word' id='word_1_181' title='bbox 2578 1771 2947 1827; x_wconf 55' lang='lat' dir='ltr'><strong>hebdomadas.</strong></span> 
     </span>
    </p>
   </div>
   <div class='ocr_carea' id='block_1_32' title="bbox 359 1851 2030 1934">
    <p class='ocr_par' dir='ltr' id='par_1_32' title="bbox 359 1851 2030 1934">
     <span class='ocr_line' id='line_1_32' title="bbox 359 1851 2030 1934; baseline 0.001 -19"><span class='ocrx_word' id='word_1_182' title='bbox 359 1871 458 1918; x_wconf 87' lang='grc' dir='ltr'>να’.</span> <span class='ocrx_word' id='word_1_183' title='bbox 495 1864 628 1934; x_wconf 75' lang='grc' dir='ltr'><strong>Περὶ</strong></span> <span class='ocrx_word' id='word_1_184' title='bbox 658 1864 857 1917; x_wconf 88' lang='grc' dir='ltr'>θυσιῶν</span> <span class='ocrx_word' id='word_1_185' title='bbox 879 1864 1070 1933; x_wconf 81' lang='grc' dir='ltr'><strong>ἑορτῆς</strong></span> <span class='ocrx_word' id='word_1_186' title='bbox 1104 1863 1403 1932; x_wconf 82' lang='grc' dir='ltr'><strong>σημασίας.</strong></span> <span class='ocrx_word' id='word_1_187' title='bbox 1884 1851 1925 1905; x_wconf 77' lang='grc' dir='ltr'><strong><em>Β</em></strong></span> <span class='ocrx_word' id='word_1_188' title='bbox 2023 1867 2030 1917; x_wconf 83' lang='lat'><strong>.&#39;</strong></span> 
     </span>
    </p>
   </div>
   <div class='ocr_carea' id='block_1_33' title="bbox 1336 1851 3007 1934">
    <p class='ocr_par' dir='ltr' id='par_1_33' title="bbox 1336 1851 3007 1925">
     <span class='ocr_line' id='line_1_33' title="bbox 1336 1851 3007 1925; baseline 0.003 -11"><span class='ocrx_word' id='word_1_189' title='bbox 1336 1880 1403 1925; x_wconf 83' lang='grc' dir='ltr'>ις.</span> <span class='ocrx_word' id='word_1_190' title='bbox 1884 1851 1925 1905; x_wconf 79' lang='grc' dir='ltr'><strong><em>Β</em></strong></span> <span class='ocrx_word' id='word_1_191' title='bbox 2023 1866 2109 1919; x_wconf 83' lang='grc'><strong>51.</strong></span> <span class='ocrx_word' id='word_1_192' title='bbox 2140 1865 2213 1920; x_wconf 88' lang='lat' dir='ltr'><strong>De</strong></span> <span class='ocrx_word' id='word_1_193' title='bbox 2242 1864 2525 1920; x_wconf 87' lang='lat' dir='ltr'><strong>sacriﬁciis</strong></span> <span class='ocrx_word' id='word_1_194' title='bbox 2557 1862 3007 1920; x_wconf 64' lang='lat' dir='ltr'><strong>festid‘ubarum.</strong></span> 
     </span>
    </p>
   </div>
   <div class='ocr_carea' id='block_1_34' title="bbox 359 1952 2030 2027">
    <p class='ocr_par' dir='ltr' id='par_1_34' title="bbox 359 1955 2030 2027">
     <span class='ocr_line' id='line_1_34' title="bbox 359 1955 2030 2027; baseline 0.002 -19"><span class='ocrx_word' id='word_1_195' title='bbox 359 1956 458 2026; x_wconf 80' lang='grc' dir='ltr'>νβ’.</span> <span class='ocrx_word' id='word_1_196' title='bbox 489 1957 624 2025; x_wconf 79' lang='grc' dir='ltr'>Περὶ</span> <span class='ocrx_word' id='word_1_197' title='bbox 653 1955 885 2027; x_wconf 82' lang='grc' dir='ltr'><strong>ὁρισμοῦ</strong></span> <span class='ocrx_word' id='word_1_198' title='bbox 914 1956 1100 2026; x_wconf 82' lang='grc' dir='ltr'><strong>εὐχῆς.</strong></span> <span class='ocrx_word' id='word_1_199' title='bbox 2028 1991 2030 2000; x_wconf 79' lang='grc' dir='ltr'><strong>ι</strong></span> 
     </span>
    </p>
   </div>
   <div class='ocr_carea' id='block_1_35' title="bbox 1063 1952 2734 2027">
    <p class='ocr_par' dir='ltr' id='par_1_35' title="bbox 1063 1952 2734 2018">
     <span class='ocr_line' id='line_1_35' title="bbox 1063 1952 2734 2018; baseline -0.004 -8"><span class='ocrx_word' id='word_1_200' title='bbox 1063 1974 1100 2018; x_wconf 87' lang='lat'><strong>:.</strong></span> <span class='ocrx_word' id='word_1_201' title='bbox 2028 1953 2117 2007; x_wconf 71' lang='lat'><strong>52.</strong></span> <span class='ocrx_word' id='word_1_202' title='bbox 2153 1952 2227 2006; x_wconf 89' lang='lat' dir='ltr'><strong>De</strong></span> <span class='ocrx_word' id='word_1_203' title='bbox 2253 1952 2574 2007; x_wconf 86' lang='lat' dir='ltr'><strong>deﬁnitione</strong></span> <span class='ocrx_word' id='word_1_204' title='bbox 2603 1953 2734 2006; x_wconf 82' lang='lat' dir='ltr'><strong>voti.</strong></span> 
     </span>
    </p>
   </div>
   <div class='ocr_carea' id='block_1_36' title="bbox 360 2043 2031 2119">
    <p class='ocr_par' dir='ltr' id='par_1_36' title="bbox 360 2047 1541 2119">
     <span class='ocr_line' id='line_1_36' title="bbox 360 2047 1541 2119; baseline 0 -19"><span class='ocrx_word' id='word_1_205' title='bbox 360 2055 460 2114; x_wconf 68' lang='grc' dir='ltr'>νγθ.</span> <span class='ocrx_word' id='word_1_206' title='bbox 493 2048 628 2117; x_wconf 77' lang='grc' dir='ltr'>Περὶ</span> <span class='ocrx_word' id='word_1_207' title='bbox 655 2048 749 2101; x_wconf 88' lang='grc' dir='ltr'><strong>τοῦ</strong></span> <span class='ocrx_word' id='word_1_208' title='bbox 779 2047 1017 2119; x_wconf 82' lang='grc' dir='ltr'>πολέμου</span> <span class='ocrx_word' id='word_1_209' title='bbox 1042 2047 1150 2101; x_wconf 91' lang='grc' dir='ltr'><strong>τῶν</strong></span> <span class='ocrx_word' id='word_1_210' title='bbox 1173 2047 1541 2101; x_wconf 79' lang='grc' dir='ltr'><strong>Μαδιανιτῶν.</strong></span> 
     </span>
    </p>
   </div>
   <div class='ocr_carea' id='block_1_37' title="bbox 1193 2043 2864 2119">
    <p class='ocr_par' dir='ltr' id='par_1_37' title="bbox 1193 2043 2864 2100">
     <span class='ocr_line' id='line_1_37' title="bbox 1193 2043 2864 2100; baseline 0.001 -2"><span class='ocrx_word' id='word_1_211' title='bbox 1193 2047 1541 2100; x_wconf 74' lang='grc' dir='ltr'>ιΙαδιανιτῶν.</span> <span class='ocrx_word' id='word_1_212' title='bbox 2033 2044 2125 2098; x_wconf 83' lang='grc'><strong>55.</strong></span> <span class='ocrx_word' id='word_1_213' title='bbox 2160 2043 2237 2099; x_wconf 85' lang='lat' dir='ltr'><strong>De</strong></span> <span class='ocrx_word' id='word_1_214' title='bbox 2259 2044 2399 2099; x_wconf 89' lang='lat' dir='ltr'><strong>bello</strong></span> <span class='ocrx_word' id='word_1_215' title='bbox 2425 2043 2864 2100; x_wconf 80' lang='lat' dir='ltr'><strong>Madianitarum.</strong></span> 
     </span>
    </p>
   </div>
   <div class='ocr_carea' id='block_1_38' title="bbox 362 2135 2033 2210">
    <p class='ocr_par' dir='ltr' id='par_1_38' title="bbox 362 2138 1682 2210">
     <span class='ocr_line' id='line_1_38' title="bbox 362 2138 1682 2210; baseline -0.001 -17"><span class='ocrx_word' id='word_1_216' title='bbox 362 2138 452 2193; x_wconf 87' lang='grc' dir='ltr'>νδ’.</span> <span class='ocrx_word' id='word_1_217' title='bbox 492 2141 627 2209; x_wconf 81' lang='grc' dir='ltr'><strong>Περὶ</strong></span> <span class='ocrx_word' id='word_1_218' title='bbox 662 2139 757 2193; x_wconf 89' lang='grc' dir='ltr'><strong>τοῦ</strong></span> <span class='ocrx_word' id='word_1_219' title='bbox 792 2140 1022 2210; x_wconf 83' lang='grc' dir='ltr'><strong>ὁρισμοῦ</strong></span> <span class='ocrx_word' id='word_1_220' title='bbox 1051 2139 1159 2192; x_wconf 92' lang='grc' dir='ltr'><strong>τῶν</strong></span> <span class='ocrx_word' id='word_1_221' title='bbox 1189 2139 1401 2192; x_wconf 84' lang='grc' dir='ltr'><strong>σκύλων</strong></span> <span class='ocrx_word' id='word_1_222' title='bbox 1438 2138 1682 2207; x_wconf 78' lang='grc' dir='ltr'><strong>Μαδιάμ.</strong></span> 
     </span>
    </p>
   </div>
   <div class='ocr_carea' id='block_1_39' title="bbox 1493 2135 3164 2210">
    <p class='ocr_par' dir='ltr' id='par_1_39' title="bbox 1496 2135 3164 2207">
     <span class='ocr_line' id='line_1_39' title="bbox 1496 2135 3164 2207; baseline 0 -16"><span class='ocrx_word' id='word_1_223' title='bbox 1496 2138 1682 2207; x_wconf 88' lang='grc' dir='ltr'>αδιάμ.</span> <span class='ocrx_word' id='word_1_224' title='bbox 2033 2136 2121 2190; x_wconf 73' lang='grc'><strong>54.</strong></span> <span class='ocrx_word' id='word_1_225' title='bbox 2149 2135 2222 2190; x_wconf 87' lang='lat' dir='ltr'><strong>De</strong></span> <span class='ocrx_word' id='word_1_226' title='bbox 2251 2135 2569 2192; x_wconf 87' lang='lat' dir='ltr'><strong>deﬁnitione</strong></span> <span class='ocrx_word' id='word_1_227' title='bbox 2602 2137 2899 2207; x_wconf 86' lang='lat' dir='ltr'><strong>spoliorum</strong></span> <span class='ocrx_word' id='word_1_228' title='bbox 2933 2135 3164 2191; x_wconf 78' lang='lat' dir='ltr'><strong>Madian.</strong></span> 
     </span>
    </p>
   </div>
   <div class='ocr_carea' id='block_1_40' title="bbox 363 2227 2034 2302">
    <p class='ocr_par' dir='ltr' id='par_1_40' title="bbox 363 2228 1865 2301">
     <span class='ocr_line' id='line_1_40' title="bbox 363 2228 1865 2301; baseline 0 -19"><span class='ocrx_word' id='word_1_229' title='bbox 363 2230 454 2284; x_wconf 82' lang='lat' dir='ltr'><strong>vs&#39;.</strong></span> <span class='ocrx_word' id='word_1_230' title='bbox 487 2231 620 2301; x_wconf 73' lang='grc' dir='ltr'><strong>Περὶ</strong></span> <span class='ocrx_word' id='word_1_231' title='bbox 662 2230 767 2300; x_wconf 81' lang='grc' dir='ltr'><strong>τῆς</strong></span> <span class='ocrx_word' id='word_1_232' title='bbox 808 2229 1172 2301; x_wconf 72' lang='grc' dir='ltr'><strong>κληρονομίας</strong></span> <span class='ocrx_word' id='word_1_233' title='bbox 1222 2230 1332 2283; x_wconf 89' lang='grc' dir='ltr'><strong>τῶν</strong></span> <span class='ocrx_word' id='word_1_234' title='bbox 1372 2229 1467 2283; x_wconf 81' lang='grc' dir='ltr'><strong>δύο</strong></span> <span class='ocrx_word' id='word_1_235' title='bbox 1536 2228 1718 2298; x_wconf 82' lang='grc' dir='ltr'>φυλῶν</span> <span class='ocrx_word' id='word_1_236' title='bbox 1771 2230 1865 2283; x_wconf 79' lang='grc' dir='ltr'><strong>καὶ</strong></span> 
     </span>
    </p>
   </div>
   <div class='ocr_carea' id='block_1_41' title="bbox 1870 2227 3541 2302">
    <p class='ocr_par' dir='ltr' id='par_1_41' title="bbox 2039 2227 3541 2302">
     <span class='ocr_line' id='line_1_41' title="bbox 2039 2227 3541 2302; baseline 0.001 -21"><span class='ocrx_word' id='word_1_237' title='bbox 2155 2227 2227 2283; x_wconf 90' lang='lat' dir='ltr'><strong>De</strong></span> <span class='ocrx_word' id='word_1_238' title='bbox 2273 2229 2627 2302; x_wconf 78' lang='lat' dir='ltr'><strong>possessione</strong></span> <span class='ocrx_word' id='word_1_239' title='bbox 2660 2229 2892 2284; x_wconf 86' lang='lat' dir='ltr'><strong>duarum</strong></span> <span class='ocrx_word' id='word_1_240' title='bbox 2942 2230 3201 2296; x_wconf 77' lang='lat' dir='ltr'><strong>tribuum,</strong></span> <span class='ocrx_word' id='word_1_241' title='bbox 3248 2236 3305 2284; x_wconf 84' lang='lat' dir='ltr'><strong>et</strong></span> <span class='ocrx_word' id='word_1_242' title='bbox 3350 2228 3541 2285; x_wconf 68' lang='lat' dir='ltr'><strong>mediae</strong></span> 
     </span>
    </p>
   </div>
   <div class='ocr_carea' id='block_1_42' title="bbox 291 2322 2166 2396">
    <p class='ocr_par' dir='ltr' id='par_1_42' title="bbox 291 2322 2166 2396">
     <span class='ocr_line' id='line_1_42' title="bbox 291 2322 2166 2396; baseline -0.001 -18"><span class='ocrx_word' id='word_1_243' title='bbox 291 2328 486 2396; x_wconf 74' lang='grc' dir='ltr'>ἣμισυ.</span> <span class='ocrx_word' id='word_1_244' title='bbox 1697 2360 1755 2378; x_wconf 67' lang='grc' dir='ltr'><strong>...ν</strong></span> <span class='ocrx_word' id='word_1_245' title='bbox 1969 2322 2166 2377; x_wconf 91' lang='lat' dir='ltr'><strong>tribus.</strong></span> 
     </span>
    </p>
   </div>
   <div class='ocr_carea' id='block_1_43' title="bbox 365 2413 2036 2488">
    <p class='ocr_par' dir='ltr' id='par_1_43' title="bbox 365 2413 1668 2488">
     <span class='ocr_line' id='line_1_43' title="bbox 365 2413 1668 2488; baseline -0.001 -18"><span class='ocrx_word' id='word_1_246' title='bbox 365 2417 472 2481; x_wconf 82' lang='grc' dir='ltr'>νς-’.</span> <span class='ocrx_word' id='word_1_247' title='bbox 507 2418 645 2488; x_wconf 73' lang='grc' dir='ltr'><strong>Περὶ</strong></span> <span class='ocrx_word' id='word_1_248' title='bbox 674 2417 783 2472; x_wconf 88' lang='grc' dir='ltr'><strong>τῶν</strong></span> <span class='ocrx_word' id='word_1_249' title='bbox 816 2416 1102 2483; x_wconf 82' lang='grc' dir='ltr'>ὑπάρξεων</span> <span class='ocrx_word' id='word_1_250' title='bbox 1124 2414 1236 2469; x_wconf 86' lang='grc' dir='ltr'><strong>τῶν</strong></span> <span class='ocrx_word' id='word_1_251' title='bbox 1263 2415 1395 2467; x_wconf 87' lang='grc' dir='ltr'>υἱῶν</span> <span class='ocrx_word' id='word_1_252' title='bbox 1426 2413 1668 2485; x_wconf 85' lang='grc' dir='ltr'><strong>Ἰσραήλ.</strong></span> 
     </span>
    </p>
   </div>
   <div class='ocr_carea' id='block_1_44' title="bbox 1446 2413 3117 2488">
    <p class='ocr_par' dir='ltr' id='par_1_44' title="bbox 1446 2413 3117 2485">
     <span class='ocr_line' id='line_1_44' title="bbox 1446 2413 3117 2485; baseline 0.002 -17"><span class='ocrx_word' id='word_1_253' title='bbox 1446 2413 1668 2485; x_wconf 86' lang='grc' dir='ltr'><strong>Ισραήλ.</strong></span> <span class='ocrx_word' id='word_1_254' title='bbox 2038 2416 2126 2470; x_wconf 86' lang='lat'><strong>56.</strong></span> <span class='ocrx_word' id='word_1_255' title='bbox 2155 2414 2231 2469; x_wconf 87' lang='lat' dir='ltr'><strong>De</strong></span> <span class='ocrx_word' id='word_1_256' title='bbox 2262 2414 2637 2469; x_wconf 84' lang='lat' dir='ltr'><strong>mansionibus</strong></span> <span class='ocrx_word' id='word_1_257' title='bbox 2671 2414 2905 2469; x_wconf 88' lang='lat' dir='ltr'><strong>ﬁliorum</strong></span> <span class='ocrx_word' id='word_1_258' title='bbox 2933 2414 3117 2472; x_wconf 88' lang='lat' dir='ltr'><strong>Israel.</strong></span> 
     </span>
    </p>
   </div>
   <div class='ocr_carea' id='block_1_45' title="bbox 365 2506 2036 2579">
    <p class='ocr_par' dir='ltr' id='par_1_45' title="bbox 365 2507 1617 2579">
     <span class='ocr_line' id='line_1_45' title="bbox 365 2507 1617 2579; baseline 0.001 -17"><span class='ocrx_word' id='word_1_259' title='bbox 365 2509 461 2573; x_wconf 65' lang='grc' dir='ltr'>νζ.</span> <span class='ocrx_word' id='word_1_260' title='bbox 499 2512 632 2579; x_wconf 69' lang='grc' dir='ltr'><strong>Περὶ</strong></span> <span class='ocrx_word' id='word_1_261' title='bbox 658 2510 769 2563; x_wconf 86' lang='grc' dir='ltr'><strong>τῶν</strong></span> <span class='ocrx_word' id='word_1_262' title='bbox 805 2510 1128 2579; x_wconf 73' lang='grc' dir='ltr'>ὀφειλόντων</span> <span class='ocrx_word' id='word_1_263' title='bbox 1151 2507 1617 2578; x_wconf 77' lang='grc' dir='ltr'>ὲξολοθρευθῆναι.</span> 
     </span>
    </p>
   </div>
   <div class='ocr_carea' id='block_1_46' title="bbox 1317 2506 2988 2579">
    <p class='ocr_par' dir='ltr' id='par_1_46' title="bbox 1317 2506 2988 2578">
     <span class='ocr_line' id='line_1_46' title="bbox 1317 2506 2988 2578; baseline 0.002 -19"><span class='ocrx_word' id='word_1_264' title='bbox 1317 2507 1617 2578; x_wconf 73' lang='grc' dir='ltr'>&gt;ρευθῆναι.</span> <span class='ocrx_word' id='word_1_265' title='bbox 2036 2508 2125 2562; x_wconf 83' lang='lat'><strong>57.</strong></span> <span class='ocrx_word' id='word_1_266' title='bbox 2166 2506 2239 2561; x_wconf 89' lang='lat' dir='ltr'><strong>De</strong></span> <span class='ocrx_word' id='word_1_267' title='bbox 2262 2506 2584 2561; x_wconf 85' lang='lat' dir='ltr'><strong>debentibus</strong></span> <span class='ocrx_word' id='word_1_268' title='bbox 2614 2506 2988 2564; x_wconf 75' lang='lat' dir='ltr'><strong>exterminari.</strong></span> 
     </span>
    </p>
   </div>
   <div class='ocr_carea' id='block_1_47' title="bbox 366 2598 2037 2673">
    <p class='ocr_par' dir='ltr' id='par_1_47' title="bbox 366 2600 1469 2673">
     <span class='ocr_line' id='line_1_47' title="bbox 366 2600 1469 2673; baseline -0.002 -19"><span class='ocrx_word' id='word_1_269' title='bbox 366 2609 465 2673; x_wconf 88' lang='grc' dir='ltr'>νη⁸.</span> <span class='ocrx_word' id='word_1_270' title='bbox 502 2603 636 2673; x_wconf 78' lang='grc' dir='ltr'><strong>Περὶ</strong></span> <span class='ocrx_word' id='word_1_271' title='bbox 659 2604 758 2672; x_wconf 82' lang='grc' dir='ltr'>τῆς</span> <span class='ocrx_word' id='word_1_272' title='bbox 795 2601 1205 2672; x_wconf 83' lang='grc' dir='ltr'>διαμετρήσεως</span> <span class='ocrx_word' id='word_1_273' title='bbox 1225 2600 1321 2669; x_wconf 82' lang='grc' dir='ltr'><strong>τῆς</strong></span> <span class='ocrx_word' id='word_1_274' title='bbox 1348 2601 1469 2669; x_wconf 78' lang='grc' dir='ltr'>γῆς.</span> 
     </span>
    </p>
   </div>
   <div class='ocr_carea' id='block_1_48' title="bbox 1202 2598 2873 2673">
    <p class='ocr_par' dir='ltr' id='par_1_48' title="bbox 1202 2598 2873 2669">
     <span class='ocr_line' id='line_1_48' title="bbox 1202 2598 2873 2669; baseline -0.001 -16"><span class='ocrx_word' id='word_1_275' title='bbox 1202 2600 1321 2669; x_wconf 70' lang='grc' dir='ltr'><strong>ττῆς</strong></span> <span class='ocrx_word' id='word_1_276' title='bbox 1348 2601 1469 2669; x_wconf 79' lang='grc' dir='ltr'>γῆς.</span> <span class='ocrx_word' id='word_1_277' title='bbox 2038 2598 2126 2653; x_wconf 81' lang='grc'><strong>58.</strong></span> <span class='ocrx_word' id='word_1_278' title='bbox 2161 2598 2234 2653; x_wconf 88' lang='lat' dir='ltr'><strong>De</strong></span> <span class='ocrx_word' id='word_1_279' title='bbox 2259 2598 2662 2652; x_wconf 86' lang='lat' dir='ltr'><strong>mensuratione</strong></span> <span class='ocrx_word' id='word_1_280' title='bbox 2701 2608 2873 2652; x_wconf 68' lang='lat' dir='ltr'><strong>terrm.</strong></span> 
     </span>
    </p>
   </div>
   <div class='ocr_carea' id='block_1_49' title="bbox 366 2690 2037 2762">
    <p class='ocr_par' dir='ltr' id='par_1_49' title="bbox 366 2690 1545 2762">
     <span class='ocr_line' id='line_1_49' title="bbox 366 2690 1545 2762; baseline -0.004 -16"><span class='ocrx_word' id='word_1_281' title='bbox 366 2692 463 2747; x_wconf 91' lang='grc' dir='ltr'>νθ’.</span> <span class='ocrx_word' id='word_1_282' title='bbox 491 2694 625 2762; x_wconf 72' lang='grc' dir='ltr'><strong>Περὶ</strong></span> <span class='ocrx_word' id='word_1_283' title='bbox 644 2693 753 2746; x_wconf 78' lang='grc' dir='ltr'><strong>τῶν</strong></span> <span class='ocrx_word' id='word_1_284' title='bbox 776 2690 1263 2761; x_wconf 83' lang='grc' dir='ltr'><strong>κληρονομούντων</strong></span> <span class='ocrx_word' id='word_1_285' title='bbox 1293 2691 1393 2758; x_wconf 78' lang='grc' dir='ltr'>τὴν</span> <span class='ocrx_word' id='word_1_286' title='bbox 1422 2692 1545 2759; x_wconf 76' lang='grc' dir='ltr'>γῆν.</span> 
     </span>
    </p>
   </div>
   <div class='ocr_carea' id='block_1_50' title="bbox 1253 2690 2924 2762">
    <p class='ocr_par' dir='ltr' id='par_1_50' title="bbox 1253 2690 2924 2759">
     <span class='ocr_line' id='line_1_50' title="bbox 1253 2690 2924 2759; baseline 0.002 -18"><span class='ocrx_word' id='word_1_287' title='bbox 1253 2707 1263 2740; x_wconf 73' lang='grc' dir='ltr'><strong>ι</strong></span> <span class='ocrx_word' id='word_1_288' title='bbox 1293 2691 1393 2758; x_wconf 76' lang='grc' dir='ltr'>τὴν</span> <span class='ocrx_word' id='word_1_289' title='bbox 1422 2692 1545 2759; x_wconf 76' lang='grc' dir='ltr'>γῆν.</span> <span class='ocrx_word' id='word_1_290' title='bbox 2040 2690 2126 2744; x_wconf 81' lang='lat'><strong>59.</strong></span> <span class='ocrx_word' id='word_1_291' title='bbox 2161 2690 2235 2745; x_wconf 89' lang='lat' dir='ltr'><strong>De</strong></span> <span class='ocrx_word' id='word_1_292' title='bbox 2262 2691 2670 2759; x_wconf 89' lang='lat' dir='ltr'><strong>possidentibus</strong></span> <span class='ocrx_word' id='word_1_293' title='bbox 2700 2701 2924 2745; x_wconf 85' lang='lat' dir='ltr'><strong>terram.</strong></span> 
     </span>
    </p>
   </div>
   <div class='ocr_carea' id='block_1_51' title="bbox 370 2780 2041 2853">
    <p class='ocr_par' dir='ltr' id='par_1_51' title="bbox 370 2780 2041 2852">
     <span class='ocr_line' id='line_1_51' title="bbox 370 2780 2041 2852; baseline -0.003 -15"><span class='ocrx_word' id='word_1_294' title='bbox 370 2780 433 2847; x_wconf 82' lang='grc' dir='ltr'>ξ’.</span> <span class='ocrx_word' id='word_1_295' title='bbox 466 2782 603 2852; x_wconf 80' lang='grc' dir='ltr'><strong>Περὶ</strong></span> <span class='ocrx_word' id='word_1_296' title='bbox 632 2784 731 2852; x_wconf 77' lang='grc' dir='ltr'>τῆς</span> <span class='ocrx_word' id='word_1_297' title='bbox 763 2781 981 2851; x_wconf 80' lang='grc' dir='ltr'>μερίδος</span> <span class='ocrx_word' id='word_1_298' title='bbox 1010 2780 1119 2833; x_wconf 84' lang='grc' dir='ltr'><strong>τῶν</strong></span> <span class='ocrx_word' id='word_1_299' title='bbox 1148 2780 1410 2835; x_wconf 82' lang='grc' dir='ltr'>Λευῖτῶν.</span> <span class='ocrx_word' id='word_1_300' title='bbox 2038 2800 2041 2823; x_wconf 65' lang='grc' dir='ltr'><strong>ι</strong></span> 
     </span>
    </p>
   </div>
   <div class='ocr_carea' id='block_1_52' title="bbox 1105 2780 2776 2853">
    <p class='ocr_par' dir='ltr' id='par_1_52' title="bbox 1105 2780 2776 2853">
     <span class='ocr_line' id='line_1_52' title="bbox 1105 2780 2776 2853; baseline 0.004 -21"><span class='ocrx_word' id='word_1_301' title='bbox 1105 2800 1119 2832; x_wconf 73' lang='grc' dir='ltr'><em>ο</em></span> <span class='ocrx_word' id='word_1_302' title='bbox 1148 2780 1410 2835; x_wconf 82' lang='grc' dir='ltr'>Λευῖτῶν.</span> <span class='ocrx_word' id='word_1_303' title='bbox 2038 2782 2127 2836; x_wconf 78' lang='lat'><strong>60.</strong></span> <span class='ocrx_word' id='word_1_304' title='bbox 2161 2782 2237 2837; x_wconf 85' lang='lat' dir='ltr'><strong>De</strong></span> <span class='ocrx_word' id='word_1_305' title='bbox 2265 2792 2416 2853; x_wconf 80' lang='lat' dir='ltr'><strong>parte</strong></span> <span class='ocrx_word' id='word_1_306' title='bbox 2442 2783 2776 2838; x_wconf 76' lang='lat' dir='ltr'><strong>Levitarum.</strong></span> 
     </span>
    </p>
   </div>
   <div class='ocr_carea' id='block_1_53' title="bbox 368 2872 2039 2945">
    <p class='ocr_par' dir='ltr' id='par_1_53' title="bbox 368 2872 1266 2945">
     <span class='ocr_line' id='line_1_53' title="bbox 368 2872 1266 2945; baseline 0.002 -19"><span class='ocrx_word' id='word_1_307' title='bbox 368 2873 467 2938; x_wconf 69' lang='grc' dir='ltr'><strong>ξεί.</strong></span> <span class='ocrx_word' id='word_1_308' title='bbox 501 2874 634 2944; x_wconf 79' lang='grc' dir='ltr'><strong>Περὶ</strong></span> <span class='ocrx_word' id='word_1_309' title='bbox 652 2872 763 2928; x_wconf 80' lang='grc' dir='ltr'><strong>τῶν</strong></span> <span class='ocrx_word' id='word_1_310' title='bbox 793 2873 1266 2945; x_wconf 76' lang='grc' dir='ltr'>φυγαδευτηρίων.</span> 
     </span>
    </p>
   </div>
   <div class='ocr_carea' id='block_1_54' title="bbox 825 2872 2496 2945">
    <p class='ocr_par' dir='ltr' id='par_1_54' title="bbox 825 2872 2496 2945">
     <span class='ocr_line' id='line_1_54' title="bbox 825 2872 2496 2945; baseline 0.001 -17"><span class='ocrx_word' id='word_1_311' title='bbox 825 2873 1266 2945; x_wconf 74' lang='grc' dir='ltr'>ιυγαδευτηρίων.</span> <span class='ocrx_word' id='word_1_312' title='bbox 2040 2875 2100 2927; x_wconf 78' lang='lat'><strong>6|</strong></span> <span class='ocrx_word' id='word_1_313' title='bbox 2116 2914 2129 2928; x_wconf 94' lang='lat'><strong>.</strong></span> <span class='ocrx_word' id='word_1_314' title='bbox 2156 2872 2231 2928; x_wconf 89' lang='lat' dir='ltr'><strong>De</strong></span> <span class='ocrx_word' id='word_1_315' title='bbox 2250 2873 2496 2943; x_wconf 82' lang='lat' dir='ltr'><strong>refugiis.</strong></span> 
     </span>
    </p>
   </div>
   <div class='ocr_carea' id='block_1_55' title="bbox 1178 3012 2649 3091">
    <p class='ocr_par' dir='ltr' id='par_1_55' title="bbox 1178 3012 2649 3091">
     <span class='ocr_line' id='line_1_55' title="bbox 1178 3012 2649 3091; baseline -0.002 -17"><span class='ocrx_word' id='word_1_316' title='bbox 1178 3013 1258 3075; x_wconf 82' lang='lat' dir='ltr'><strong>In</strong></span> <span class='ocrx_word' id='word_1_317' title='bbox 1297 3013 1776 3075; x_wconf 81' lang='lat' dir='ltr'><strong>Deuteronamio</strong></span> <span class='ocrx_word' id='word_1_318' title='bbox 1810 3014 1935 3074; x_wconf 67' lang='lat' dir='ltr'><strong>hac</strong></span> <span class='ocrx_word' id='word_1_319' title='bbox 1970 3019 2372 3072; x_wconf 76' lang='lat' dir='ltr'><strong>recensentur</strong></span> <span class='ocrx_word' id='word_1_320' title='bbox 2400 3012 2649 3091; x_wconf 77' lang='lat' dir='ltr'><strong>capita:</strong></span> 
     </span>
    </p>
   </div>
   <div class='ocr_carea' id='block_1_56' title="bbox 369 3104 2040 3209">
    <p class='ocr_par' dir='ltr' id='par_1_56' title="bbox 369 3136 1939 3209">
     <span class='ocr_line' id='line_1_56' title="bbox 369 3136 1939 3209; baseline -0.002 -17"><span class='ocrx_word' id='word_1_321' title='bbox 369 3146 439 3192; x_wconf 86' lang='grc' dir='ltr'><strong>α’.</strong></span> <span class='ocrx_word' id='word_1_322' title='bbox 471 3138 606 3209; x_wconf 70' lang='grc' dir='ltr'><strong>Περὶ</strong></span> <span class='ocrx_word' id='word_1_323' title='bbox 630 3137 784 3207; x_wconf 85' lang='grc' dir='ltr'>Σηὼν</span> <span class='ocrx_word' id='word_1_324' title='bbox 808 3137 1069 3207; x_wconf 81' lang='grc' dir='ltr'>βασιλέως</span> <span class='ocrx_word' id='word_1_325' title='bbox 1117 3136 1373 3191; x_wconf 78' lang='grc' dir='ltr'>Ἐσεδών.</span> <span class='ocrx_word' id='word_1_326' title='bbox 1896 3140 1939 3195; x_wconf 86' lang='lat' dir='ltr'><strong><em>C</em></strong></span> 
     </span>
    </p>
   </div>
   <div class='ocr_carea' id='block_1_57' title="bbox 1198 3104 2869 3209">
    <p class='ocr_par' dir='ltr' id='par_1_57' title="bbox 1198 3104 2869 3203">
     <span class='ocr_line' id='line_1_57' title="bbox 1198 3104 2869 3203; baseline 0 -14"><span class='ocrx_word' id='word_1_327' title='bbox 1198 3136 1373 3191; x_wconf 77' lang='lat' dir='ltr'><strong>rs6dw.</strong></span> <span class='ocrx_word' id='word_1_328' title='bbox 1896 3140 1939 3195; x_wconf 78' lang='grc' dir='ltr'><strong>ϐ</strong></span> <span class='ocrx_word' id='word_1_329' title='bbox 2051 3136 2097 3187; x_wconf 88' lang='lat' dir='ltr'><strong>l.</strong></span> <span class='ocrx_word' id='word_1_330' title='bbox 2136 3135 2207 3190; x_wconf 88' lang='lat' dir='ltr'><strong>De</strong></span> <span class='ocrx_word' id='word_1_331' title='bbox 2236 3135 2421 3189; x_wconf 88' lang='lat' dir='ltr'><strong>Sehon</strong></span> <span class='ocrx_word' id='word_1_332' title='bbox 2448 3150 2575 3203; x_wconf 88' lang='lat' dir='ltr'><strong>rege</strong></span> <span class='ocrx_word' id='word_1_333' title='bbox 2593 3104 2869 3190; x_wconf 62' lang='lat' dir='ltr'><strong>ﬁesebon.</strong></span> 
     </span>
    </p>
   </div>
   <div class='ocr_carea' id='block_1_58' title="bbox 375 3224 2046 3301">
    <p class='ocr_par' dir='ltr' id='par_1_58' title="bbox 375 3229 2046 3301">
     <span class='ocr_line' id='line_1_58' title="bbox 375 3229 2046 3301; baseline -0.005 -16"><span class='ocrx_word' id='word_1_334' title='bbox 375 3232 441 3301; x_wconf 84' lang='grc' dir='ltr'><strong>β’.</strong></span> <span class='ocrx_word' id='word_1_335' title='bbox 479 3231 616 3300; x_wconf 80' lang='grc' dir='ltr'><strong>Περὶ</strong></span> <span class='ocrx_word' id='word_1_336' title='bbox 649 3231 747 3298; x_wconf 84' lang='grc' dir='ltr'><strong>’Ὠγ</strong></span> <span class='ocrx_word' id='word_1_337' title='bbox 786 3229 1047 3300; x_wconf 84' lang='grc' dir='ltr'>βασιλέως</span> <span class='ocrx_word' id='word_1_338' title='bbox 1072 3229 1273 3282; x_wconf 80' lang='grc' dir='ltr'>Βασάν.</span> <span class='ocrx_word' id='word_1_339' title='bbox 2044 3236 2046 3247; x_wconf 81' lang='lat'><em>‘</em></span> 
     </span>
    </p>
   </div>
   <div class='ocr_carea' id='block_1_59' title="bbox 1013 3224 2684 3301">
    <p class='ocr_par' dir='ltr' id='par_1_59' title="bbox 1013 3224 2684 3294">
     <span class='ocr_line' id='line_1_59' title="bbox 1013 3224 2684 3294; baseline -0.01 -1"><span class='ocrx_word' id='word_1_340' title='bbox 1013 3247 1047 3293; x_wconf 67' lang='grc' dir='ltr'><strong>’ς</strong></span> <span class='ocrx_word' id='word_1_341' title='bbox 1072 3229 1273 3282; x_wconf 78' lang='grc' dir='ltr'>Βασάν.</span> <span class='ocrx_word' id='word_1_342' title='bbox 2044 3224 2099 3279; x_wconf 81' lang='grc'><strong>9..</strong></span> <span class='ocrx_word' id='word_1_343' title='bbox 2137 3225 2208 3281; x_wconf 87' lang='lat' dir='ltr'><strong>De</strong></span> <span class='ocrx_word' id='word_1_344' title='bbox 2229 3224 2307 3294; x_wconf 77' lang='lat' dir='ltr'><strong>Og</strong></span> <span class='ocrx_word' id='word_1_345' title='bbox 2337 3240 2460 3294; x_wconf 74' lang='lat' dir='ltr'><strong>rege</strong></span> <span class='ocrx_word' id='word_1_346' title='bbox 2491 3225 2684 3279; x_wconf 81' lang='lat' dir='ltr'><strong>Basan.</strong></span> 
     </span>
    </p>
   </div>
   <div class='ocr_carea' id='block_1_60' title="bbox 378 3316 2049 3391">
    <p class='ocr_par' dir='ltr' id='par_1_60' title="bbox 378 3319 1606 3391">
     <span class='ocr_line' id='line_1_60' title="bbox 378 3319 1606 3391; baseline -0.002 -16"><span class='ocrx_word' id='word_1_347' title='bbox 378 3320 445 3387; x_wconf 85' lang='grc' dir='ltr'>γ’.</span> <span class='ocrx_word' id='word_1_348' title='bbox 479 3321 615 3391; x_wconf 81' lang='grc' dir='ltr'><strong>Περὶ</strong></span> <span class='ocrx_word' id='word_1_349' title='bbox 653 3321 760 3374; x_wconf 89' lang='grc' dir='ltr'><strong>τῶν</strong></span> <span class='ocrx_word' id='word_1_350' title='bbox 783 3320 990 3374; x_wconf 88' lang='grc' dir='ltr'>πόλεων</span> <span class='ocrx_word' id='word_1_351' title='bbox 1011 3320 1117 3371; x_wconf 88' lang='grc' dir='ltr'><strong>τῶν</strong></span> <span class='ocrx_word' id='word_1_352' title='bbox 1141 3319 1606 3389; x_wconf 79' lang='grc' dir='ltr'>φυγαδευτηρίων.</span> 
     </span>
    </p>
   </div>
   <div class='ocr_carea' id='block_1_61' title="bbox 1044 3316 2715 3391">
    <p class='ocr_par' dir='ltr' id='par_1_61' title="bbox 1044 3316 2715 3389">
     <span class='ocr_line' id='line_1_61' title="bbox 1044 3316 2715 3389; baseline -0.001 -18"><span class='ocrx_word' id='word_1_353' title='bbox 1044 3320 1117 3371; x_wconf 91' lang='grc' dir='ltr'><strong>ῶν</strong></span> <span class='ocrx_word' id='word_1_354' title='bbox 1141 3319 1606 3389; x_wconf 79' lang='grc' dir='ltr'>φυγαδευτηρίων.</span> <span class='ocrx_word' id='word_1_355' title='bbox 2050 3318 2101 3371; x_wconf 84' lang='grc'><strong>’5.</strong></span> <span class='ocrx_word' id='word_1_356' title='bbox 2139 3317 2211 3371; x_wconf 86' lang='lat' dir='ltr'><strong>De</strong></span> <span class='ocrx_word' id='word_1_357' title='bbox 2240 3317 2470 3372; x_wconf 82' lang='lat' dir='ltr'><strong>urbibus</strong></span> <span class='ocrx_word' id='word_1_358' title='bbox 2496 3316 2715 3385; x_wconf 82' lang='lat' dir='ltr'><strong>refugii.</strong></span> 
     </span>
    </p>
   </div>
   <div class='ocr_carea' id='block_1_62' title="bbox 373 3408 2044 3480">
    <p class='ocr_par' dir='ltr' id='par_1_62' title="bbox 373 3409 1322 3480">
     <span class='ocr_line' id='line_1_62' title="bbox 373 3409 1322 3480; baseline -0.002 -16"><span class='ocrx_word' id='word_1_359' title='bbox 373 3410 435 3465; x_wconf 88' lang='grc' dir='ltr'><strong>δ’.</strong></span> <span class='ocrx_word' id='word_1_360' title='bbox 473 3411 841 3480; x_wconf 75' lang='grc' dir='ltr'>Ἐπανάληψις</span> <span class='ocrx_word' id='word_1_361' title='bbox 869 3411 967 3479; x_wconf 80' lang='grc' dir='ltr'>τῆς</span> <span class='ocrx_word' id='word_1_362' title='bbox 999 3409 1322 3475; x_wconf 79' lang='grc' dir='ltr'>Δεκαλὸγου.</span> 
     </span>
    </p>
   </div>
   <div class='ocr_carea' id='block_1_63' title="bbox 1057 3408 2728 3480">
    <p class='ocr_par' dir='ltr' id='par_1_63' title="bbox 1057 3408 2728 3480">
     <span class='ocr_line' id='line_1_63' title="bbox 1057 3408 2728 3480; baseline 0.001 -20"><span class='ocrx_word' id='word_1_363' title='bbox 1057 3409 1322 3475; x_wconf 66' lang='grc' dir='ltr'><strong>ίκαλὸγου.</strong></span> <span class='ocrx_word' id='word_1_364' title='bbox 2050 3413 2105 3466; x_wconf 69' lang='grc'><strong>4.</strong></span> <span class='ocrx_word' id='word_1_365' title='bbox 2142 3410 2429 3480; x_wconf 88' lang='lat' dir='ltr'><strong>Susceptio</strong></span> <span class='ocrx_word' id='word_1_366' title='bbox 2462 3408 2728 3479; x_wconf 84' lang='lat' dir='ltr'><strong>decalogi.</strong></span> 
     </span>
    </p>
   </div>
   <div class='ocr_carea' id='block_1_64' title="bbox 377 3496 2048 3573">
    <p class='ocr_par' dir='ltr' id='par_1_64' title="bbox 377 3500 1872 3573">
     <span class='ocr_line' id='line_1_64' title="bbox 377 3500 1872 3573; baseline -0.002 -18"><span class='ocrx_word' id='word_1_367' title='bbox 377 3501 436 3555; x_wconf 87' lang='grc' dir='ltr'><strong>ε’.</strong></span> <span class='ocrx_word' id='word_1_368' title='bbox 470 3504 606 3573; x_wconf 75' lang='grc' dir='ltr'><strong>Περὶ</strong></span> <span class='ocrx_word' id='word_1_369' title='bbox 656 3502 751 3555; x_wconf 87' lang='grc' dir='ltr'>τοῦ</span> <span class='ocrx_word' id='word_1_370' title='bbox 808 3502 884 3572; x_wconf 79' lang='grc' dir='ltr'>μὴ</span> <span class='ocrx_word' id='word_1_371' title='bbox 936 3503 1110 3555; x_wconf 86' lang='grc' dir='ltr'>ποιεῖν</span> <span class='ocrx_word' id='word_1_372' title='bbox 1160 3501 1417 3569; x_wconf 81' lang='grc' dir='ltr'>γλυπτδν,</span> <span class='ocrx_word' id='word_1_373' title='bbox 1467 3500 1609 3572; x_wconf 78' lang='grc' dir='ltr'>μήτε</span> <span class='ocrx_word' id='word_1_374' title='bbox 1672 3501 1872 3563; x_wconf 71' lang='grc' dir='ltr'>παντὸς</span> 
     </span>
    </p>
   </div>
   <div class='ocr_carea' id='block_1_65' title="bbox 1872 3496 3543 3573">
    <p class='ocr_par' dir='ltr' id='par_1_65' title="bbox 2048 3496 3543 3573">
     <span class='ocr_line' id='line_1_65' title="bbox 2048 3496 3543 3573; baseline -0.003 -17"><span class='ocrx_word' id='word_1_375' title='bbox 2048 3502 2103 3556; x_wconf 84' lang='grc'>5.</span> <span class='ocrx_word' id='word_1_376' title='bbox 2144 3501 2219 3554; x_wconf 86' lang='lat' dir='ltr'><strong>De</strong></span> <span class='ocrx_word' id='word_1_377' title='bbox 2254 3500 2622 3570; x_wconf 89' lang='lat' dir='ltr'><strong>prohibitione</strong></span> <span class='ocrx_word' id='word_1_378' title='bbox 2668 3498 2903 3554; x_wconf 73' lang='lat' dir='ltr'><strong>faciendi</strong></span> <span class='ocrx_word' id='word_1_379' title='bbox 2932 3496 3205 3573; x_wconf 85' lang='lat' dir='ltr'><strong>sculptile,</strong></span> <span class='ocrx_word' id='word_1_380' title='bbox 3243 3504 3297 3558; x_wconf 84' lang='lat' dir='ltr'><strong>et</strong></span> <span class='ocrx_word' id='word_1_381' title='bbox 3325 3511 3543 3552; x_wconf 81' lang='lat' dir='ltr'><strong>omnem</strong></span> 
     </span>
    </p>
   </div>
   <div class='ocr_carea' id='block_1_66' title="bbox 307 3594 1978 3664">
    <p class='ocr_par' dir='ltr' id='par_1_66' title="bbox 307 3595 579 3664">
     <span class='ocr_line' id='line_1_66' title="bbox 307 3595 579 3664; baseline 0.004 -16"><span class='ocrx_word' id='word_1_382' title='bbox 307 3595 579 3664; x_wconf 66' lang='grc' dir='ltr'>ὁμοίωμα.</span> 
     </span>
    </p>
   </div>
   <div class='ocr_carea' id='block_1_67' title="bbox 738 3594 2409 3664">
    <p class='ocr_par' dir='ltr' id='par_1_67' title="bbox 1982 3594 2409 3651">
     <span class='ocr_line' id='line_1_67' title="bbox 1982 3594 2409 3651; baseline -0.012 0"><span class='ocrx_word' id='word_1_383' title='bbox 1982 3594 2409 3651; x_wconf 69' lang='lat' dir='ltr'><strong>similitudinem.</strong></span> 
     </span>
    </p>
   </div>
   <div class='ocr_carea' id='block_1_68' title="bbox 385 3679 2056 3757">
    <p class='ocr_par' dir='ltr' id='par_1_68' title="bbox 385 3685 2056 3757">
     <span class='ocr_line' id='line_1_68' title="bbox 385 3685 2056 3757; baseline -0.006 -16"><span class='ocrx_word' id='word_1_384' title='bbox 385 3685 457 3752; x_wconf 87' lang='grc' dir='ltr'>ς’.</span> <span class='ocrx_word' id='word_1_385' title='bbox 494 3689 628 3757; x_wconf 75' lang='grc' dir='ltr'><strong>Περὶ</strong></span> <span class='ocrx_word' id='word_1_386' title='bbox 654 3687 1037 3756; x_wconf 79' lang='grc' dir='ltr'><strong>δικαιωμάτων</strong></span> <span class='ocrx_word' id='word_1_387' title='bbox 1069 3685 1160 3740; x_wconf 73' lang='grc' dir='ltr'><strong>καὶ</strong></span> <span class='ocrx_word' id='word_1_388' title='bbox 1188 3685 1493 3755; x_wconf 85' lang='grc' dir='ltr'>κριμάτων.</span> <span class='ocrx_word' id='word_1_389' title='bbox 2052 3698 2056 3731; x_wconf 75' lang='grc' dir='ltr'><strong>ι</strong></span> 
     </span>
    </p>
   </div>
   <div class='ocr_carea' id='block_1_69' title="bbox 1192 3679 2863 3757">
    <p class='ocr_par' dir='ltr' id='par_1_69' title="bbox 1192 3679 2863 3755">
     <span class='ocr_line' id='line_1_69' title="bbox 1192 3679 2863 3755; baseline -0.001 -18"><span class='ocrx_word' id='word_1_390' title='bbox 1192 3685 1493 3755; x_wconf 73' lang='grc' dir='ltr'>χριμάτων.</span> <span class='ocrx_word' id='word_1_391' title='bbox 2052 3686 2105 3739; x_wconf 87' lang='grc'><strong>6.</strong></span> <span class='ocrx_word' id='word_1_392' title='bbox 2143 3685 2215 3739; x_wconf 86' lang='lat' dir='ltr'><strong>De</strong></span> <span class='ocrx_word' id='word_1_393' title='bbox 2240 3683 2513 3753; x_wconf 71' lang='lat' dir='ltr'><strong>iudicibus</strong></span> <span class='ocrx_word' id='word_1_394' title='bbox 2551 3679 2863 3749; x_wconf 81' lang='lat' dir='ltr'><strong>etjttdiciis.</strong></span> 
     </span>
    </p>
   </div>
   <div class='ocr_carea' id='block_1_70' title="bbox 387 3772 2058 3848">
    <p class='ocr_par' dir='ltr' id='par_1_70' title="bbox 387 3776 2058 3848">
     <span class='ocr_line' id='line_1_70' title="bbox 387 3776 2058 3848; baseline -0.003 -15"><span class='ocrx_word' id='word_1_395' title='bbox 387 3779 451 3843; x_wconf 78' lang='grc' dir='ltr'><strong>ζ’.</strong></span> <span class='ocrx_word' id='word_1_396' title='bbox 486 3780 616 3847; x_wconf 70' lang='grc' dir='ltr'><strong>Περὶ</strong></span> <span class='ocrx_word' id='word_1_397' title='bbox 646 3779 740 3831; x_wconf 88' lang='grc' dir='ltr'>τοῦ</span> <span class='ocrx_word' id='word_1_398' title='bbox 767 3776 1162 3848; x_wconf 85' lang='grc' dir='ltr'>άπαιτουμένου</span> <span class='ocrx_word' id='word_1_399' title='bbox 1185 3778 1350 3847; x_wconf 74' lang='grc' dir='ltr'>φόϐου</span> <span class='ocrx_word' id='word_1_400' title='bbox 1380 3778 1472 3829; x_wconf 74' lang='grc' dir='ltr'><strong>καὶ</strong></span> <span class='ocrx_word' id='word_1_401' title='bbox 1497 3778 1743 3843; x_wconf 79' lang='grc' dir='ltr'><strong>ἀγάπης.</strong></span> <span class='ocrx_word' id='word_1_402' title='bbox 2056 3779 2058 3792; x_wconf 86' lang='grc'>¹</span> 
     </span>
    </p>
   </div>
   <div class='ocr_carea' id='block_1_71' title="bbox 1591 3772 3262 3848">
    <p class='ocr_par' dir='ltr' id='par_1_71' title="bbox 1591 3772 3262 3845">
     <span class='ocr_line' id='line_1_71' title="bbox 1591 3772 3262 3845; baseline -0.002 -16"><span class='ocrx_word' id='word_1_403' title='bbox 1591 3778 1743 3841; x_wconf 77' lang='grc' dir='ltr'>ἰπης.</span> <span class='ocrx_word' id='word_1_404' title='bbox 2056 3777 2106 3829; x_wconf 90' lang='lat'><strong>7.</strong></span> <span class='ocrx_word' id='word_1_405' title='bbox 2153 3776 2226 3832; x_wconf 90' lang='lat' dir='ltr'><strong>De</strong></span> <span class='ocrx_word' id='word_1_406' title='bbox 2253 3776 2577 3845; x_wconf 80' lang='lat' dir='ltr'><strong>obligatione</strong></span> <span class='ocrx_word' id='word_1_407' title='bbox 2606 3774 2818 3828; x_wconf 90' lang='lat' dir='ltr'><strong>timoris</strong></span> <span class='ocrx_word' id='word_1_408' title='bbox 2856 3781 2910 3827; x_wconf 89' lang='lat' dir='ltr'><strong>et</strong></span> <span class='ocrx_word' id='word_1_409' title='bbox 2932 3772 3262 3827; x_wconf 86' lang='lat' dir='ltr'><strong>dilectionis.</strong></span> 
     </span>
    </p>
   </div>
   <div class='ocr_carea' id='block_1_72' title="bbox 380 3864 2051 3939">
    <p class='ocr_par' dir='ltr' id='par_1_72' title="bbox 380 3866 1876 3939">
     <span class='ocr_line' id='line_1_72' title="bbox 380 3866 1876 3939; baseline -0.004 -17"><span class='ocrx_word' id='word_1_410' title='bbox 380 3869 447 3937; x_wconf 89' lang='grc' dir='ltr'><strong>η’.</strong></span> <span class='ocrx_word' id='word_1_411' title='bbox 478 3869 611 3939; x_wconf 72' lang='grc' dir='ltr'><strong>Περὶ</strong></span> <span class='ocrx_word' id='word_1_412' title='bbox 627 3869 717 3923; x_wconf 86' lang='grc' dir='ltr'>τοῦ</span> <span class='ocrx_word' id='word_1_413' title='bbox 744 3867 1148 3938; x_wconf 79' lang='grc' dir='ltr'>άπαιτουμένου</span> <span class='ocrx_word' id='word_1_414' title='bbox 1174 3866 1597 3937; x_wconf 78' lang='grc' dir='ltr'>προστάγματος</span> <span class='ocrx_word' id='word_1_415' title='bbox 1645 3866 1737 3917; x_wconf 76' lang='grc' dir='ltr'><strong>καὶ</strong></span> <span class='ocrx_word' id='word_1_416' title='bbox 1767 3866 1876 3918; x_wconf 87' lang='grc' dir='ltr'><strong>τῶν</strong></span> 
     </span>
    </p>
   </div>
   <div class='ocr_carea' id='block_1_73' title="bbox 1646 3864 3317 3939">
    <p class='ocr_par' dir='ltr' id='par_1_73' title="bbox 1646 3864 3317 3935">
     <span class='ocr_line' id='line_1_73' title="bbox 1646 3864 3317 3935; baseline -0.004 -14"><span class='ocrx_word' id='word_1_417' title='bbox 1646 3866 1737 3917; x_wconf 76' lang='grc' dir='ltr'><strong>καὶ</strong></span> <span class='ocrx_word' id='word_1_418' title='bbox 1767 3866 1876 3918; x_wconf 84' lang='grc' dir='ltr'><strong>τῶν</strong></span> <span class='ocrx_word' id='word_1_419' title='bbox 2054 3868 2107 3921; x_wconf 88' lang='grc'><strong>8.</strong></span> <span class='ocrx_word' id='word_1_420' title='bbox 2137 3867 2208 3922; x_wconf 87' lang='lat' dir='ltr'><strong>De</strong></span> <span class='ocrx_word' id='word_1_421' title='bbox 2241 3866 2572 3935; x_wconf 83' lang='lat' dir='ltr'><strong>obligatione</strong></span> <span class='ocrx_word' id='word_1_422' title='bbox 2602 3866 2852 3935; x_wconf 72' lang='lat' dir='ltr'><strong>prmeepti</strong></span> <span class='ocrx_word' id='word_1_423' title='bbox 2880 3873 2935 3919; x_wconf 90' lang='lat' dir='ltr'><strong>et</strong></span> <span class='ocrx_word' id='word_1_424' title='bbox 2959 3864 3317 3933; x_wconf 71' lang='lat' dir='ltr'><strong>iudiciorum.</strong></span> 
     </span>
    </p>
   </div>
   <div class='ocr_carea' id='block_1_74' title="bbox 311 3959 567 4030">
    <p class='ocr_par' dir='ltr' id='par_1_74' title="bbox 311 3959 567 4030">
     <span class='ocr_line' id='line_1_74' title="bbox 311 3959 567 4030; baseline 0.008 -17"><span class='ocrx_word' id='word_1_425' title='bbox 311 3959 567 4030; x_wconf 73' lang='grc' dir='ltr'>κρισεων.</span> 
     </span>
    </p>
   </div>
   <div class='ocr_carea' id='block_1_75' title="bbox 387 4044 2058 4125">
    <p class='ocr_par' dir='ltr' id='par_1_75' title="bbox 387 4047 2058 4125">
     <span class='ocr_line' id='line_1_75' title="bbox 387 4047 2058 4125; baseline -0.005 -20"><span class='ocrx_word' id='word_1_426' title='bbox 387 4051 451 4109; x_wconf 87' lang='grc' dir='ltr'><strong>θ’.</strong></span> <span class='ocrx_word' id='word_1_427' title='bbox 488 4053 624 4125; x_wconf 72' lang='grc' dir='ltr'>Περὶ</span> <span class='ocrx_word' id='word_1_428' title='bbox 650 4052 746 4106; x_wconf 84' lang='grc' dir='ltr'><strong>τοῦ</strong></span> <span class='ocrx_word' id='word_1_429' title='bbox 784 4052 858 4124; x_wconf 75' lang='grc' dir='ltr'><strong>μὴ</strong></span> <span class='ocrx_word' id='word_1_430' title='bbox 896 4053 1007 4107; x_wconf 88' lang='grc' dir='ltr'>δεῖν</span> <span class='ocrx_word' id='word_1_431' title='bbox 1039 4054 1097 4104; x_wconf 79' lang='grc' dir='ltr'>ὲν</span> <span class='ocrx_word' id='word_1_432' title='bbox 1126 4049 1289 4105; x_wconf 77' lang='grc' dir='ltr'>παντὶ</span> <span class='ocrx_word' id='word_1_433' title='bbox 1321 4050 1470 4119; x_wconf 84' lang='grc' dir='ltr'>τόπῳ</span> <span class='ocrx_word' id='word_1_434' title='bbox 1500 4047 1669 4101; x_wconf 84' lang='grc' dir='ltr'>θύειν.</span> <span class='ocrx_word' id='word_1_435' title='bbox 2056 4063 2058 4102; x_wconf 71' lang='grc' dir='ltr'><strong>ε</strong></span> 
     </span>
    </p>
   </div>
   <div class='ocr_carea' id='block_1_76' title="bbox 1741 4044 3412 4125">
    <p class='ocr_par' dir='ltr' id='par_1_76' title="bbox 2056 4044 3412 4121">
     <span class='ocr_line' id='line_1_76' title="bbox 2056 4044 3412 4121; baseline -0.01 -10"><span class='ocrx_word' id='word_1_436' title='bbox 2056 4053 2107 4111; x_wconf 84' lang='lat'><strong>9.</strong></span> <span class='ocrx_word' id='word_1_437' title='bbox 2144 4051 2216 4106; x_wconf 88' lang='lat' dir='ltr'><strong>De</strong></span> <span class='ocrx_word' id='word_1_438' title='bbox 2252 4050 2613 4121; x_wconf 83' lang='lat' dir='ltr'><strong>prohibitione</strong></span> <span class='ocrx_word' id='word_1_439' title='bbox 2638 4046 2978 4103; x_wconf 82' lang='lat' dir='ltr'><strong>sacriﬁcandi</strong></span> <span class='ocrx_word' id='word_1_440' title='bbox 3010 4046 3063 4099; x_wconf 93' lang='lat' dir='ltr'><strong>in</strong></span> <span class='ocrx_word' id='word_1_441' title='bbox 3098 4044 3245 4099; x_wconf 88' lang='lat' dir='ltr'><strong>omni</strong></span> <span class='ocrx_word' id='word_1_442' title='bbox 3274 4044 3412 4098; x_wconf 88' lang='lat' dir='ltr'><strong>loco.</strong></span> 
     </span>
    </p>
   </div>
   <div class='ocr_carea' id='block_1_77' title="bbox 391 4134 2062 4214">
    <p class='ocr_par' dir='ltr' id='par_1_77' title="bbox 391 4140 1647 4214">
     <span class='ocr_line' id='line_1_77' title="bbox 391 4140 1647 4214; baseline -0.003 -19"><span class='ocrx_word' id='word_1_443' title='bbox 391 4150 441 4198; x_wconf 89' lang='grc' dir='ltr'><strong>ι’.</strong></span> <span class='ocrx_word' id='word_1_444' title='bbox 476 4145 607 4214; x_wconf 76' lang='grc' dir='ltr'><strong>Περὶ</strong></span> <span class='ocrx_word' id='word_1_445' title='bbox 634 4144 728 4195; x_wconf 88' lang='grc' dir='ltr'><strong>τοῦ</strong></span> <span class='ocrx_word' id='word_1_446' title='bbox 761 4144 835 4212; x_wconf 83' lang='grc' dir='ltr'>μὴ</span> <span class='ocrx_word' id='word_1_447' title='bbox 859 4142 1247 4211; x_wconf 74' lang='grc' dir='ltr'><strong>ἐγκαταλιπεῖν</strong></span> <span class='ocrx_word' id='word_1_448' title='bbox 1274 4141 1365 4194; x_wconf 82' lang='grc' dir='ltr'>τὸν</span> <span class='ocrx_word' id='word_1_449' title='bbox 1396 4140 1647 4210; x_wconf 55' lang='grc' dir='ltr'>Λειΐτην.</span> 
     </span>
    </p>
   </div>
   <div class='ocr_carea' id='block_1_78' title="bbox 1724 4134 3395 4214">
    <p class='ocr_par' dir='ltr' id='par_1_78' title="bbox 2064 4134 3395 4211">
     <span class='ocr_line' id='line_1_78' title="bbox 2064 4134 3395 4211; baseline -0.008 -14"><span class='ocrx_word' id='word_1_450' title='bbox 2064 4144 2145 4197; x_wconf 83' lang='grc'><strong>10.</strong></span> <span class='ocrx_word' id='word_1_451' title='bbox 2182 4141 2256 4197; x_wconf 88' lang='lat' dir='ltr'><strong>De</strong></span> <span class='ocrx_word' id='word_1_452' title='bbox 2292 4140 2654 4211; x_wconf 86' lang='lat' dir='ltr'><strong>prohibitione</strong></span> <span class='ocrx_word' id='word_1_453' title='bbox 2682 4136 3092 4205; x_wconf 85' lang='lat' dir='ltr'><strong>derelinquendi</strong></span> <span class='ocrx_word' id='word_1_454' title='bbox 3130 4134 3395 4189; x_wconf 77' lang='lat' dir='ltr'><strong>chitam.</strong></span> 
     </span>
    </p>
   </div>
   <div class='ocr_carea' id='block_1_79' title="bbox 394 4227 2065 4303">
    <p class='ocr_par' dir='ltr' id='par_1_79' title="bbox 394 4232 2065 4303">
     <span class='ocr_line' id='line_1_79' title="bbox 394 4232 2065 4303; baseline -0.002 -14"><span class='ocrx_word' id='word_1_455' title='bbox 394 4234 484 4289; x_wconf 92' lang='grc' dir='ltr'>ια’.</span> <span class='ocrx_word' id='word_1_456' title='bbox 518 4237 652 4303; x_wconf 83' lang='grc' dir='ltr'><strong>Περὶ</strong></span> <span class='ocrx_word' id='word_1_457' title='bbox 681 4234 774 4288; x_wconf 87' lang='grc' dir='ltr'>τοῦ</span> <span class='ocrx_word' id='word_1_458' title='bbox 805 4236 878 4303; x_wconf 81' lang='grc' dir='ltr'><strong>μὴ</strong></span> <span class='ocrx_word' id='word_1_459' title='bbox 912 4235 1110 4288; x_wconf 77' lang='grc' dir='ltr'>ἐσθίειν</span> <span class='ocrx_word' id='word_1_460' title='bbox 1137 4232 1297 4302; x_wconf 75' lang='grc' dir='ltr'>αἷμα.</span> <span class='ocrx_word' id='word_1_461' title='bbox 2064 4259 2065 4264; x_wconf 56' lang='grc' dir='ltr'><strong>η</strong></span> 
     </span>
    </p>
   </div>
   <div class='ocr_carea' id='block_1_80' title="bbox 1692 4227 3363 4303">
    <p class='ocr_par' dir='ltr' id='par_1_80' title="bbox 2064 4227 3363 4300">
     <span class='ocr_line' id='line_1_80' title="bbox 2064 4227 3363 4300; baseline -0.005 -14"><span class='ocrx_word' id='word_1_462' title='bbox 2064 4235 2149 4287; x_wconf 82' lang='grc'><strong>11.</strong></span> <span class='ocrx_word' id='word_1_463' title='bbox 2184 4234 2255 4285; x_wconf 80' lang='lat' dir='ltr'><strong>De</strong></span> <span class='ocrx_word' id='word_1_464' title='bbox 2288 4230 2647 4300; x_wconf 81' lang='lat' dir='ltr'><strong>prohibitione</strong></span> <span class='ocrx_word' id='word_1_465' title='bbox 2671 4227 2991 4283; x_wconf 83' lang='lat' dir='ltr'><strong>comedendi</strong></span> <span class='ocrx_word' id='word_1_466' title='bbox 3024 4227 3363 4297; x_wconf 71' lang='lat' dir='ltr'><strong>sanguinein.</strong></span> 
     </span>
    </p>
   </div>
   <div class='ocr_carea' id='block_1_81' title="bbox 390 4319 2061 4396">
    <p class='ocr_par' dir='ltr' id='par_1_81' title="bbox 390 4321 1787 4396">
     <span class='ocr_line' id='line_1_81' title="bbox 390 4321 1787 4396; baseline -0.004 -16"><span class='ocrx_word' id='word_1_467' title='bbox 390 4326 476 4396; x_wconf 89' lang='grc' dir='ltr'>ιβ’.</span> <span class='ocrx_word' id='word_1_468' title='bbox 521 4326 656 4395; x_wconf 76' lang='grc' dir='ltr'><strong>Περὶ</strong></span> <span class='ocrx_word' id='word_1_469' title='bbox 677 4325 772 4378; x_wconf 86' lang='grc' dir='ltr'>τοῦ</span> <span class='ocrx_word' id='word_1_470' title='bbox 798 4325 873 4395; x_wconf 84' lang='grc' dir='ltr'><strong>μὴ</strong></span> <span class='ocrx_word' id='word_1_471' title='bbox 900 4326 1008 4378; x_wconf 84' lang='grc' dir='ltr'>δεῖν</span> <span class='ocrx_word' id='word_1_472' title='bbox 1040 4323 1422 4378; x_wconf 76' lang='grc' dir='ltr'>ἐπακολουθεῖν</span> <span class='ocrx_word' id='word_1_473' title='bbox 1445 4325 1556 4386; x_wconf 81' lang='grc' dir='ltr'>τοῖς</span> <span class='ocrx_word' id='word_1_474' title='bbox 1588 4321 1787 4380; x_wconf 63' lang='grc' dir='ltr'>ἔθνέσι.</span> 
     </span>
    </p>
   </div>
   <div class='ocr_carea' id='block_1_82' title="bbox 1485 4319 3156 4396">
    <p class='ocr_par' dir='ltr' id='par_1_82' title="bbox 1485 4319 3156 4393">
     <span class='ocr_line' id='line_1_82' title="bbox 1485 4319 3156 4393; baseline -0.002 -18"><span class='ocrx_word' id='word_1_475' title='bbox 1485 4325 1556 4386; x_wconf 68' lang='grc' dir='ltr'>οἷς</span> <span class='ocrx_word' id='word_1_476' title='bbox 1588 4321 1787 4380; x_wconf 61' lang='lat' dir='ltr'><strong>aeut.</strong></span> <span class='ocrx_word' id='word_1_477' title='bbox 2061 4326 2145 4379; x_wconf 75' lang='grc'><strong>12.</strong></span> <span class='ocrx_word' id='word_1_478' title='bbox 2174 4325 2248 4378; x_wconf 86' lang='lat' dir='ltr'><strong>De</strong></span> <span class='ocrx_word' id='word_1_479' title='bbox 2280 4321 2642 4393; x_wconf 88' lang='lat' dir='ltr'><strong>prohibitione</strong></span> <span class='ocrx_word' id='word_1_480' title='bbox 2668 4319 2914 4372; x_wconf 84' lang='lat' dir='ltr'><strong>imitandi</strong></span> <span class='ocrx_word' id='word_1_481' title='bbox 2949 4326 3156 4386; x_wconf 81' lang='lat' dir='ltr'><strong>gentes.</strong></span> 
     </span>
    </p>
   </div>
   <div class='ocr_carea' id='block_1_83' title="bbox 391 4408 2062 4489">
    <p class='ocr_par' dir='ltr' id='par_1_83' title="bbox 391 4417 2062 4489">
     <span class='ocr_line' id='line_1_83' title="bbox 391 4417 2062 4489; baseline -0.001 -18"><span class='ocrx_word' id='word_1_482' title='bbox 391 4427 481 4485; x_wconf 85' lang='grc' dir='ltr'><strong>ιγ’.</strong></span> <span class='ocrx_word' id='word_1_483' title='bbox 517 4420 648 4489; x_wconf 73' lang='grc' dir='ltr'><strong>Περὶ</strong></span> <span class='ocrx_word' id='word_1_484' title='bbox 679 4418 770 4471; x_wconf 84' lang='grc' dir='ltr'><strong>τοῦ</strong></span> <span class='ocrx_word' id='word_1_485' title='bbox 801 4417 1256 4487; x_wconf 73' lang='grc' dir='ltr'>ὲνυπνιαζομένου</span> <span class='ocrx_word' id='word_1_486' title='bbox 1281 4417 1582 4486; x_wconf 80' lang='grc' dir='ltr'><strong>προφήτου.</strong></span> <span class='ocrx_word' id='word_1_487' title='bbox 2059 4441 2062 4450; x_wconf 59' lang='grc' dir='ltr'><strong>ι</strong></span> 
     </span>
    </p>
   </div>
   <div class='ocr_carea' id='block_1_84' title="bbox 1435 4408 3106 4489">
    <p class='ocr_par' dir='ltr' id='par_1_84' title="bbox 1435 4408 3106 4486">
     <span class='ocr_line' id='line_1_84' title="bbox 1435 4408 3106 4486; baseline -0.007 -14"><span class='ocrx_word' id='word_1_488' title='bbox 1435 4417 1582 4486; x_wconf 86' lang='grc' dir='ltr'>ήτου.</span> <span class='ocrx_word' id='word_1_489' title='bbox 2059 4420 2146 4473; x_wconf 75' lang='lat' dir='ltr'><strong>l3.</strong></span> <span class='ocrx_word' id='word_1_490' title='bbox 2177 4417 2252 4470; x_wconf 87' lang='lat' dir='ltr'><strong>De</strong></span> <span class='ocrx_word' id='word_1_491' title='bbox 2282 4415 2540 4484; x_wconf 85' lang='lat' dir='ltr'><strong>propheta</strong></span> <span class='ocrx_word' id='word_1_492' title='bbox 2569 4411 2842 4465; x_wconf 84' lang='lat' dir='ltr'><strong>somnium</strong></span> <span class='ocrx_word' id='word_1_493' title='bbox 2874 4408 3106 4463; x_wconf 81' lang='lat' dir='ltr'><strong>vidente.</strong></span> 
     </span>
    </p>
   </div>
   <div class='ocr_carea' id='block_1_85' title="bbox 392 4492 2063 4580">
    <p class='ocr_par' dir='ltr' id='par_1_85' title="bbox 392 4492 2063 4580">
     <span class='ocr_line' id='line_1_85' title="bbox 392 4492 2063 4580; baseline -0.001 -18"><span class='ocrx_word' id='word_1_494' title='bbox 392 4511 471 4562; x_wconf 88' lang='grc' dir='ltr'>ιδ’.</span> <span class='ocrx_word' id='word_1_495' title='bbox 510 4512 643 4579; x_wconf 70' lang='grc' dir='ltr'><strong>Περὶ</strong></span> <span class='ocrx_word' id='word_1_496' title='bbox 673 4509 768 4562; x_wconf 86' lang='grc' dir='ltr'>τοῦ</span> <span class='ocrx_word' id='word_1_497' title='bbox 795 4509 868 4580; x_wconf 83' lang='grc' dir='ltr'><strong>μὴ</strong></span> <span class='ocrx_word' id='word_1_498' title='bbox 896 4510 1005 4561; x_wconf 82' lang='grc' dir='ltr'>δεῖν</span> <span class='ocrx_word' id='word_1_499' title='bbox 1028 4509 1299 4577; x_wconf 76' lang='grc' dir='ltr'>φείδεσθαι</span> <span class='ocrx_word' id='word_1_500' title='bbox 1331 4508 1425 4565; x_wconf 65' lang='grc' dir='ltr'><strong>τοῦ</strong></span> <span class='ocrx_word' id='word_1_501' title='bbox 1452 4507 1779 4561; x_wconf 77' lang='grc' dir='ltr'>ἁποστάτου.</span> <span class='ocrx_word' id='word_1_502' title='bbox 1917 4492 1959 4548; x_wconf 74' lang='grc' dir='ltr'><strong>ί)</strong></span> <span class='ocrx_word' id='word_1_503' title='bbox 2059 4528 2063 4540; x_wconf 64' lang='grc' dir='ltr'><strong>ί</strong></span> 
     </span>
    </p>
   </div>
   <div class='ocr_carea' id='block_1_86' title="bbox 1572 4492 3243 4580">
    <p class='ocr_par' dir='ltr' id='par_1_86' title="bbox 1572 4492 3243 4579">
     <span class='ocr_line' id='line_1_86' title="bbox 1572 4492 3243 4579; baseline -0.003 -21"><span class='ocrx_word' id='word_1_504' title='bbox 1572 4507 1779 4561; x_wconf 78' lang='grc' dir='ltr'>στάτου.</span> <span class='ocrx_word' id='word_1_505' title='bbox 1917 4492 1959 4548; x_wconf 75' lang='grc' dir='ltr'><strong>ί)</strong></span> <span class='ocrx_word' id='word_1_506' title='bbox 2059 4513 2144 4563; x_wconf 75' lang='grc' dir='ltr'><strong>Η.</strong></span> <span class='ocrx_word' id='word_1_507' title='bbox 2176 4510 2251 4564; x_wconf 89' lang='lat' dir='ltr'><strong>De</strong></span> <span class='ocrx_word' id='word_1_508' title='bbox 2287 4508 2649 4579; x_wconf 85' lang='lat' dir='ltr'><strong>prohibitione</strong></span> <span class='ocrx_word' id='word_1_509' title='bbox 2675 4502 2933 4574; x_wconf 85' lang='lat' dir='ltr'><strong>parcendi</strong></span> <span class='ocrx_word' id='word_1_510' title='bbox 2964 4508 3243 4571; x_wconf 64' lang='lat' dir='ltr'><strong>apostatae.</strong></span> 
     </span>
    </p>
   </div>
   <div class='ocr_carea' id='block_1_87' title="bbox 396 4593 2067 4672">
    <p class='ocr_par' dir='ltr' id='par_1_87' title="bbox 396 4600 2067 4672">
     <span class='ocr_line' id='line_1_87' title="bbox 396 4600 2067 4672; baseline -0.001 -17"><span class='ocrx_word' id='word_1_511' title='bbox 396 4600 479 4655; x_wconf 89' lang='grc' dir='ltr'>ιε’.</span> <span class='ocrx_word' id='word_1_512' title='bbox 511 4604 643 4672; x_wconf 82' lang='grc' dir='ltr'>Περὶ</span> <span class='ocrx_word' id='word_1_513' title='bbox 664 4603 772 4654; x_wconf 90' lang='grc' dir='ltr'><strong>τῶν</strong></span> <span class='ocrx_word' id='word_1_514' title='bbox 796 4602 1125 4671; x_wconf 84' lang='grc' dir='ltr'>παρανόμων</span> <span class='ocrx_word' id='word_1_515' title='bbox 1154 4600 1382 4671; x_wconf 79' lang='grc' dir='ltr'>ἀνδρῶν.</span> <span class='ocrx_word' id='word_1_516' title='bbox 2062 4620 2067 4632; x_wconf 63' lang='grc' dir='ltr'><strong>λ</strong></span> 
     </span>
    </p>
   </div>
   <div class='ocr_carea' id='block_1_88' title="bbox 1449 4593 3120 4672">
    <p class='ocr_par' dir='ltr' id='par_1_88' title="bbox 2062 4593 3120 4670">
     <span class='ocr_line' id='line_1_88' title="bbox 2062 4593 3120 4670; baseline -0.01 -15"><span class='ocrx_word' id='word_1_517' title='bbox 2062 4604 2148 4657; x_wconf 82' lang='lat' dir='ltr'><strong>l5.</strong></span> <span class='ocrx_word' id='word_1_518' title='bbox 2184 4603 2259 4657; x_wconf 90' lang='lat' dir='ltr'><strong>De</strong></span> <span class='ocrx_word' id='word_1_519' title='bbox 2285 4602 2414 4657; x_wconf 84' lang='lat' dir='ltr'><strong>viris</strong></span> <span class='ocrx_word' id='word_1_520' title='bbox 2444 4596 2938 4670; x_wconf 78' lang='lat' dir='ltr'><strong>transgressoribtts</strong></span> <span class='ocrx_word' id='word_1_521' title='bbox 2968 4593 3120 4660; x_wconf 86' lang='lat' dir='ltr'><strong>legis.</strong></span> 
     </span>
    </p>
   </div>
   <div class='ocr_carea' id='block_1_89' title="bbox 397 4682 2068 4764">
    <p class='ocr_par' dir='ltr' id='par_1_89' title="bbox 397 4692 2068 4764">
     <span class='ocr_line' id='line_1_89' title="bbox 397 4692 2068 4764; baseline -0.004 -17"><span class='ocrx_word' id='word_1_522' title='bbox 397 4694 493 4758; x_wconf 87' lang='grc' dir='ltr'>ις’.</span> <span class='ocrx_word' id='word_1_523' title='bbox 529 4696 663 4763; x_wconf 80' lang='grc' dir='ltr'><strong>Περὶ</strong></span> <span class='ocrx_word' id='word_1_524' title='bbox 698 4695 791 4748; x_wconf 90' lang='grc' dir='ltr'>τοῦ</span> <span class='ocrx_word' id='word_1_525' title='bbox 820 4695 893 4764; x_wconf 79' lang='grc' dir='ltr'><strong>μὴ</strong></span> <span class='ocrx_word' id='word_1_526' title='bbox 921 4694 1030 4746; x_wconf 87' lang='grc' dir='ltr'>δεῖν</span> <span class='ocrx_word' id='word_1_527' title='bbox 1060 4692 1403 4762; x_wconf 83' lang='grc' dir='ltr'>φαλάκρωμα</span> <span class='ocrx_word' id='word_1_528' title='bbox 1431 4693 1622 4749; x_wconf 72' lang='grc' dir='ltr'>ποιεῖν.</span> <span class='ocrx_word' id='word_1_529' title='bbox 1782 4704 1783 4707; x_wconf 80' lang='lat'>‘</span> <span class='ocrx_word' id='word_1_530' title='bbox 2066 4715 2068 4721; x_wconf 70' lang='grc' dir='ltr'><strong>ι</strong></span> 
     </span>
    </p>
   </div>
   <div class='ocr_carea' id='block_1_90' title="bbox 1549 4682 3220 4764">
    <p class='ocr_par' dir='ltr' id='par_1_90' title="bbox 1555 4682 3220 4761">
     <span class='ocr_line' id='line_1_90' title="bbox 1555 4682 3220 4761; baseline -0.011 -12"><span class='ocrx_word' id='word_1_531' title='bbox 1555 4693 1622 4749; x_wconf 76' lang='grc' dir='ltr'>ἰν.</span> <span class='ocrx_word' id='word_1_532' title='bbox 1782 4704 1783 4707; x_wconf 78' lang='lat'>‘</span> <span class='ocrx_word' id='word_1_533' title='bbox 2066 4693 2149 4747; x_wconf 76' lang='grc' dir='ltr'><strong>ιο.</strong></span> <span class='ocrx_word' id='word_1_534' title='bbox 2176 4694 2248 4746; x_wconf 86' lang='lat' dir='ltr'><strong>De</strong></span> <span class='ocrx_word' id='word_1_535' title='bbox 2271 4691 2632 4761; x_wconf 89' lang='lat' dir='ltr'><strong>prohibitione</strong></span> <span class='ocrx_word' id='word_1_536' title='bbox 2665 4685 2894 4742; x_wconf 78' lang='lat' dir='ltr'><strong>faciendi</strong></span> <span class='ocrx_word' id='word_1_537' title='bbox 2922 4682 3220 4739; x_wconf 80' lang='lat' dir='ltr'><strong>calvitium.</strong></span> 
     </span>
    </p>
   </div>
   <div class='ocr_carea' id='block_1_91' title="bbox 325 4782 1996 4854">
    <p class='ocr_par' dir='ltr' id='par_1_91' title="bbox 325 4782 1215 4854">
     <span class='ocr_line' id='line_1_91' title="bbox 325 4782 1215 4854; baseline 0.003 -19"><span class='ocrx_word' id='word_1_538' title='bbox 325 4798 331 4804; x_wconf 84' lang='lat'><strong>‘</strong></span> <span class='ocrx_word' id='word_1_539' title='bbox 395 4782 478 4847; x_wconf 78' lang='grc' dir='ltr'>ιζ’.</span> <span class='ocrx_word' id='word_1_540' title='bbox 512 4785 694 4854; x_wconf 74' lang='grc' dir='ltr'>Νόμος</span> <span class='ocrx_word' id='word_1_541' title='bbox 722 4786 851 4852; x_wconf 55' lang='grc' dir='ltr'><strong>περὶ¹</strong></span> <span class='ocrx_word' id='word_1_542' title='bbox 888 4785 1215 4853; x_wconf 83' lang='grc' dir='ltr'>βρωμάτων.</span> 
     </span>
    </p>
   </div>
   <div class='ocr_carea' id='block_1_92' title="bbox 906 4782 2577 4854">
    <p class='ocr_par' dir='ltr' id='par_1_92' title="bbox 906 4784 2577 4853">
     <span class='ocr_line' id='line_1_92' title="bbox 906 4784 2577 4853; baseline 0 -18"><span class='ocrx_word' id='word_1_543' title='bbox 906 4785 1215 4853; x_wconf 75' lang='grc' dir='ltr'>ιρωμάτων.</span> <span class='ocrx_word' id='word_1_544' title='bbox 2065 4788 2150 4839; x_wconf 80' lang='grc' dir='ltr'><strong>Π.</strong></span> <span class='ocrx_word' id='word_1_545' title='bbox 2175 4784 2283 4840; x_wconf 82' lang='lat' dir='ltr'><strong>Lex</strong></span> <span class='ocrx_word' id='word_1_546' title='bbox 2316 4785 2381 4838; x_wconf 89' lang='lat' dir='ltr'><strong>de</strong></span> <span class='ocrx_word' id='word_1_547' title='bbox 2415 4784 2577 4838; x_wconf 86' lang='lat' dir='ltr'><strong>escis.</strong></span> 
     </span>
    </p>
   </div>
   <div class='ocr_carea' id='block_1_93' title="bbox 396 4872 2067 4945">
    <p class='ocr_par' dir='ltr' id='par_1_93' title="bbox 396 4872 1044 4945">
     <span class='ocr_line' id='line_1_93' title="bbox 396 4872 1044 4945; baseline -0.002 -18"><span class='ocrx_word' id='word_1_548' title='bbox 396 4872 483 4943; x_wconf 80' lang='grc' dir='ltr'>ιη’.</span> <span class='ocrx_word' id='word_1_549' title='bbox 514 4875 648 4945; x_wconf 78' lang='grc' dir='ltr'><strong>Περὶ</strong></span> <span class='ocrx_word' id='word_1_550' title='bbox 676 4876 727 4927; x_wconf 91' lang='grc' dir='ltr'>δε</span> <span class='ocrx_word' id='word_1_551' title='bbox 735 4874 1044 4936; x_wconf 86' lang='grc' dir='ltr'>κατώσεως.</span> 
     </span>
    </p>
   </div>
   <div class='ocr_carea' id='block_1_94' title="bbox 1234 4872 2905 4945">
    <p class='ocr_par' dir='ltr' id='par_1_94' title="bbox 2066 4872 2905 4945">
     <span class='ocr_line' id='line_1_94' title="bbox 2066 4872 2905 4945; baseline -0.007 -15"><span class='ocrx_word' id='word_1_552' title='bbox 2066 4877 2150 4930; x_wconf 80' lang='grc'><strong>18.</strong></span> <span class='ocrx_word' id='word_1_553' title='bbox 2184 4876 2256 4929; x_wconf 90' lang='lat' dir='ltr'><strong>De</strong></span> <span class='ocrx_word' id='word_1_554' title='bbox 2282 4876 2624 4945; x_wconf 83' lang='lat' dir='ltr'><strong>separatione</strong></span> <span class='ocrx_word' id='word_1_555' title='bbox 2662 4872 2905 4927; x_wconf 71' lang='lat' dir='ltr'><strong>decimm.</strong></span> 
     </span>
    </p>
   </div>
   <div class='ocr_carea' id='block_1_95' title="bbox 395 4965 2066 5037">
    <p class='ocr_par' dir='ltr' id='par_1_95' title="bbox 395 4966 2066 5037">
     <span class='ocr_line' id='line_1_95' title="bbox 395 4966 2066 5037; baseline -0.001 -19"><span class='ocrx_word' id='word_1_556' title='bbox 395 4966 483 5020; x_wconf 91' lang='grc' dir='ltr'>ιθ’.</span> <span class='ocrx_word' id='word_1_557' title='bbox 521 4968 656 5037; x_wconf 73' lang='grc' dir='ltr'><strong>Περὶ</strong></span> <span class='ocrx_word' id='word_1_558' title='bbox 683 4968 951 5035; x_wconf 84' lang='grc' dir='ltr'>ἀφέσεως.</span> <span class='ocrx_word' id='word_1_559' title='bbox 1162 5010 1168 5017; x_wconf 92' lang='grc'><strong>.</strong></span> <span class='ocrx_word' id='word_1_560' title='bbox 2065 4995 2066 4998; x_wconf 61' lang='grc' dir='ltr'><strong>η</strong></span> 
     </span>
    </p>
   </div>
   <div class='ocr_carea' id='block_1_96' title="bbox 955 4965 2626 5037">
    <p class='ocr_par' dir='ltr' id='par_1_96' title="bbox 1162 4965 2626 5022">
     <span class='ocr_line' id='line_1_96' title="bbox 1162 4965 2626 5022; baseline -0.007 5"><span class='ocrx_word' id='word_1_561' title='bbox 1162 5010 1168 5017; x_wconf 70' lang='grc' dir='ltr'><strong>ι</strong></span> <span class='ocrx_word' id='word_1_562' title='bbox 2065 4968 2151 5022; x_wconf 86' lang='lat' dir='ltr'><strong>l9.</strong></span> <span class='ocrx_word' id='word_1_563' title='bbox 2183 4969 2257 5021; x_wconf 90' lang='lat' dir='ltr'><strong>De</strong></span> <span class='ocrx_word' id='word_1_564' title='bbox 2288 4965 2626 5020; x_wconf 90' lang='lat' dir='ltr'><strong>remissione.</strong></span> 
     </span>
    </p>
   </div>
   <div class='ocr_carea' id='block_1_97' title="bbox 396 5054 2067 5127">
    <p class='ocr_par' dir='ltr' id='par_1_97' title="bbox 396 5054 2067 5127">
     <span class='ocr_line' id='line_1_97' title="bbox 396 5054 2067 5127; baseline 0.001 -18"><span class='ocrx_word' id='word_1_565' title='bbox 396 5054 464 5111; x_wconf 90' lang='grc' dir='ltr'><strong>κ’.</strong></span> <span class='ocrx_word' id='word_1_566' title='bbox 504 5059 639 5127; x_wconf 73' lang='grc' dir='ltr'><strong>Περὶ</strong></span> <span class='ocrx_word' id='word_1_567' title='bbox 666 5058 877 5120; x_wconf 70' lang='grc' dir='ltr'>ἐνδεοῦς</span> <span class='ocrx_word' id='word_1_568' title='bbox 902 5057 1151 5125; x_wconf 70' lang='grc' dir='ltr'>ἀδελφοῦ.</span> <span class='ocrx_word' id='word_1_569' title='bbox 1620 5122 1623 5125; x_wconf 15' lang='grc' dir='ltr'><strong>μ</strong></span> <span class='ocrx_word' id='word_1_570' title='bbox 2061 5064 2067 5111; x_wconf 65' lang='lat'><strong>1</strong></span> 
     </span>
    </p>
   </div>
   <div class='ocr_carea' id='block_1_98' title="bbox 1001 5054 2672 5127">
    <p class='ocr_par' dir='ltr' id='par_1_98' title="bbox 1001 5058 2672 5125">
     <span class='ocr_line' id='line_1_98' title="bbox 1001 5058 2672 5125; baseline -0.012 1"><span class='ocrx_word' id='word_1_571' title='bbox 1001 5058 1151 5125; x_wconf 77' lang='grc' dir='ltr'><strong>Αφοῦ-</strong></span> <span class='ocrx_word' id='word_1_572' title='bbox 1620 5122 1623 5125; x_wconf 54' lang='grc'><strong>,</strong></span> <span class='ocrx_word' id='word_1_573' title='bbox 2061 5060 2150 5113; x_wconf 76' lang='grc'><strong>20.</strong></span> <span class='ocrx_word' id='word_1_574' title='bbox 2179 5060 2253 5113; x_wconf 88' lang='lat' dir='ltr'><strong>De</strong></span> <span class='ocrx_word' id='word_1_575' title='bbox 2285 5058 2452 5111; x_wconf 78' lang='lat' dir='ltr'><strong>fratre.</strong></span> <span class='ocrx_word' id='word_1_576' title='bbox 2481 5069 2672 5125; x_wconf 88' lang='lat' dir='ltr'><strong>egeno.</strong></span> 
     </span>
    </p>
   </div>
   <div class='ocr_carea' id='block_1_99' title="bbox 398 5141 2069 5219">
    <p class='ocr_par' dir='ltr' id='par_1_99' title="bbox 398 5148 2069 5219">
     <span class='ocr_line' id='line_1_99' title="bbox 398 5148 2069 5219; baseline 0.002 -19"><span class='ocrx_word' id='word_1_577' title='bbox 398 5155 503 5202; x_wconf 85' lang='grc' dir='ltr'>κα’.</span> <span class='ocrx_word' id='word_1_578' title='bbox 534 5148 670 5218; x_wconf 81' lang='grc' dir='ltr'><strong>Περὶ</strong></span> <span class='ocrx_word' id='word_1_579' title='bbox 702 5148 810 5201; x_wconf 86' lang='grc' dir='ltr'><strong>τῶν</strong></span> <span class='ocrx_word' id='word_1_580' title='bbox 833 5148 1292 5219; x_wconf 79' lang='grc' dir='ltr'>προσφερομένων</span> <span class='ocrx_word' id='word_1_581' title='bbox 1315 5149 1693 5218; x_wconf 82' lang='grc' dir='ltr'>πρωτοτόκων.</span> <span class='ocrx_word' id='word_1_582' title='bbox 2063 5154 2069 5178; x_wconf 87' lang='grc'><em>⁴</em></span> 
     </span>
    </p>
   </div>
   <div class='ocr_carea' id='block_1_100' title="bbox 1255 5141 2926 5219">
    <p class='ocr_par' dir='ltr' id='par_1_100' title="bbox 1255 5141 2926 5218">
     <span class='ocr_line' id='line_1_100' title="bbox 1255 5141 2926 5218; baseline -0.003 -21"><span class='ocrx_word' id='word_1_583' title='bbox 1255 5166 1292 5198; x_wconf 70' lang='grc' dir='ltr'><strong>ιν</strong></span> <span class='ocrx_word' id='word_1_584' title='bbox 1315 5149 1693 5218; x_wconf 83' lang='grc' dir='ltr'>πρωτοτόκων.</span> <span class='ocrx_word' id='word_1_585' title='bbox 2063 5152 2154 5205; x_wconf 73' lang='lat'><strong>2|.</strong></span> <span class='ocrx_word' id='word_1_586' title='bbox 2192 5150 2264 5203; x_wconf 88' lang='lat' dir='ltr'><strong>De</strong></span> <span class='ocrx_word' id='word_1_587' title='bbox 2298 5147 2493 5202; x_wconf 87' lang='lat' dir='ltr'><strong>oblatis</strong></span> <span class='ocrx_word' id='word_1_588' title='bbox 2525 5141 2926 5213; x_wconf 83' lang='lat' dir='ltr'><strong>primogenitis.</strong></span> 
     </span>
    </p>
   </div>
   <div class='ocr_carea' id='block_1_101' title="bbox 399 5233 2070 5309">
    <p class='ocr_par' dir='ltr' id='par_1_101' title="bbox 399 5238 2070 5309">
     <span class='ocr_line' id='line_1_101' title="bbox 399 5238 2070 5309; baseline 0.002 -19"><span class='ocrx_word' id='word_1_589' title='bbox 399 5239 502 5307; x_wconf 65' lang='lat'><strong>23&#39;.</strong></span> <span class='ocrx_word' id='word_1_590' title='bbox 538 5239 673 5309; x_wconf 80' lang='grc' dir='ltr'>Περὶ</span> <span class='ocrx_word' id='word_1_591' title='bbox 702 5239 812 5291; x_wconf 86' lang='grc' dir='ltr'><strong>τῶν</strong></span> <span class='ocrx_word' id='word_1_592' title='bbox 841 5238 1045 5309; x_wconf 79' lang='grc' dir='ltr'>ἑορτῶν</span> <span class='ocrx_word' id='word_1_593' title='bbox 1082 5238 1189 5291; x_wconf 88' lang='grc' dir='ltr'><strong>τῶν</strong></span> <span class='ocrx_word' id='word_1_594' title='bbox 1219 5238 1353 5291; x_wconf 81' lang='grc' dir='ltr'>νέων</span> <span class='ocrx_word' id='word_1_595' title='bbox 2063 5245 2070 5293; x_wconf 86' lang='lat'><strong>‘.</strong></span> 
     </span>
    </p>
   </div>
   <div class='ocr_carea' id='block_1_102' title="bbox 1349 5233 3020 5309">
    <p class='ocr_par' dir='ltr' id='par_1_102' title="bbox 1349 5233 3020 5301">
     <span class='ocr_line' id='line_1_102' title="bbox 1349 5233 3020 5301; baseline -0.013 4"><span class='ocrx_word' id='word_1_596' title='bbox 1349 5261 1353 5282; x_wconf 84' lang='grc'><em>’</em></span> <span class='ocrx_word' id='word_1_597' title='bbox 2063 5242 2152 5295; x_wconf 70' lang='lat'><strong>92.</strong></span> <span class='ocrx_word' id='word_1_598' title='bbox 2191 5240 2263 5295; x_wconf 90' lang='lat' dir='ltr'><strong>De</strong></span> <span class='ocrx_word' id='word_1_599' title='bbox 2296 5237 2449 5292; x_wconf 76' lang='lat' dir='ltr'><strong>festis</strong></span> <span class='ocrx_word' id='word_1_600' title='bbox 2482 5249 2749 5290; x_wconf 70' lang='lat' dir='ltr'><strong>novarum</strong></span> <span class='ocrx_word' id='word_1_601' title='bbox 2783 5233 3020 5301; x_wconf 77' lang='lat' dir='ltr'><strong>frugum.</strong></span> 
     </span>
    </p>
   </div>
   <div class='ocr_carea' id='block_1_103' title="bbox 397 5322 2068 5400">
    <p class='ocr_par' dir='ltr' id='par_1_103' title="bbox 397 5328 2068 5400">
     <span class='ocr_line' id='line_1_103' title="bbox 397 5328 2068 5400; baseline 0.004 -18"><span class='ocrx_word' id='word_1_602' title='bbox 397 5328 503 5397; x_wconf 70' lang='grc' dir='ltr'>κγ’.</span> <span class='ocrx_word' id='word_1_603' title='bbox 541 5332 677 5399; x_wconf 78' lang='grc' dir='ltr'><strong>Περὶ</strong></span> <span class='ocrx_word' id='word_1_604' title='bbox 706 5331 806 5399; x_wconf 80' lang='grc' dir='ltr'><strong>τῆς</strong></span> <span class='ocrx_word' id='word_1_605' title='bbox 829 5331 1024 5400; x_wconf 77' lang='grc' dir='ltr'><strong>ἑορτῆς</strong></span> <span class='ocrx_word' id='word_1_606' title='bbox 1046 5329 1155 5383; x_wconf 81' lang='grc' dir='ltr'><strong>τῶν</strong></span> <span class='ocrx_word' id='word_1_607' title='bbox 1176 5328 1504 5399; x_wconf 68' lang='grc' dir='ltr'>ἑϐδομάδων.</span> <span class='ocrx_word' id='word_1_608' title='bbox 2065 5337 2068 5355; x_wconf 82' lang='grc'><em>⁴</em></span> 
     </span>
    </p>
   </div>
   <div class='ocr_carea' id='block_1_104' title="bbox 1270 5322 2941 5400">
    <p class='ocr_par' dir='ltr' id='par_1_104' title="bbox 1270 5322 2941 5399">
     <span class='ocr_line' id='line_1_104' title="bbox 1270 5322 2941 5399; baseline -0.005 -17"><span class='ocrx_word' id='word_1_609' title='bbox 1270 5330 1504 5399; x_wconf 69' lang='grc' dir='ltr'>ομάδων.</span> <span class='ocrx_word' id='word_1_610' title='bbox 2065 5332 2156 5384; x_wconf 70' lang='lat'><strong>25.</strong></span> <span class='ocrx_word' id='word_1_611' title='bbox 2186 5329 2258 5381; x_wconf 89' lang='lat' dir='ltr'><strong>De</strong></span> <span class='ocrx_word' id='word_1_612' title='bbox 2290 5326 2426 5380; x_wconf 77' lang='lat' dir='ltr'><strong>festo</strong></span> <span class='ocrx_word' id='word_1_613' title='bbox 2459 5322 2941 5379; x_wconf 81' lang='lat' dir='ltr'><strong>hebdomadarum.</strong></span> 
     </span>
    </p>
   </div>
   <div class='ocr_carea' id='block_1_105' title="bbox 401 5413 2072 5494">
    <p class='ocr_par' dir='ltr' id='par_1_105' title="bbox 401 5420 2072 5494">
     <span class='ocr_line' id='line_1_105' title="bbox 401 5420 2072 5494; baseline 0.002 -22"><span class='ocrx_word' id='word_1_614' title='bbox 401 5422 495 5475; x_wconf 57' lang='grc' dir='ltr'><strong>καῖ.</strong></span> <span class='ocrx_word' id='word_1_615' title='bbox 530 5422 664 5491; x_wconf 80' lang='grc' dir='ltr'><strong>Περὶ</strong></span> <span class='ocrx_word' id='word_1_616' title='bbox 690 5421 790 5491; x_wconf 80' lang='grc' dir='ltr'><strong>τῆς</strong></span> <span class='ocrx_word' id='word_1_617' title='bbox 828 5423 1020 5494; x_wconf 75' lang='grc' dir='ltr'>ἑορτῆς</span> <span class='ocrx_word' id='word_1_618' title='bbox 1050 5420 1161 5475; x_wconf 86' lang='grc' dir='ltr'><strong>τῶν</strong></span> <span class='ocrx_word' id='word_1_619' title='bbox 1192 5422 1414 5492; x_wconf 87' lang='grc' dir='ltr'>σκηνῶν.</span> <span class='ocrx_word' id='word_1_620' title='bbox 2063 5423 2072 5475; x_wconf 70' lang='grc' dir='ltr'>ε</span> 
     </span>
    </p>
   </div>
   <div class='ocr_carea' id='block_1_106' title="bbox 1297 5413 2968 5494">
    <p class='ocr_par' dir='ltr' id='par_1_106' title="bbox 1301 5413 2968 5478">
     <span class='ocr_line' id='line_1_106' title="bbox 1301 5413 2968 5478; baseline -0.007 0"><span class='ocrx_word' id='word_1_621' title='bbox 1301 5422 1414 5478; x_wconf 83' lang='grc' dir='ltr'>νῶν.</span> <span class='ocrx_word' id='word_1_622' title='bbox 2063 5422 2151 5476; x_wconf 68' lang='grc' dir='ltr'><strong>ει.</strong></span> <span class='ocrx_word' id='word_1_623' title='bbox 2188 5420 2259 5473; x_wconf 89' lang='lat' dir='ltr'><strong>De</strong></span> <span class='ocrx_word' id='word_1_624' title='bbox 2288 5418 2427 5473; x_wconf 83' lang='lat' dir='ltr'><strong>festo</strong></span> <span class='ocrx_word' id='word_1_625' title='bbox 2454 5413 2968 5472; x_wconf 83' lang='lat' dir='ltr'><strong>Tabernaculorum.</strong></span> 
     </span>
    </p>
   </div>
   <div class='ocr_carea' id='block_1_107' title="bbox 403 5512 2074 5567">
    <p class='ocr_par' dir='ltr' id='par_1_107' title="bbox 403 5513 2074 5567">
     <span class='ocr_line' id='line_1_107' title="bbox 403 5513 2074 5567; baseline 0.006 -2"><span class='ocrx_word' id='word_1_626' title='bbox 403 5513 500 5565; x_wconf 84' lang='grc' dir='ltr'>κε’.</span> <span class='ocrx_word' id='word_1_627' title='bbox 531 5515 757 5567; x_wconf 81' lang='grc' dir='ltr'>Λείπει.</span> <span class='ocrx_word' id='word_1_628' title='bbox 2063 5516 2074 5567; x_wconf 68' lang='grc' dir='ltr'>ε</span> 
     </span>
    </p>
   </div>
   <div class='ocr_carea' id='block_1_108' title="bbox 690 5512 2361 5567">
    <p class='ocr_par' dir='ltr' id='par_1_108' title="bbox 690 5512 2361 5567">
     <span class='ocr_line' id='line_1_108' title="bbox 690 5512 2361 5567; baseline -0.002 0"><span class='ocrx_word' id='word_1_629' title='bbox 690 5531 757 5567; x_wconf 82' lang='grc' dir='ltr'>ει.</span> <span class='ocrx_word' id='word_1_630' title='bbox 2063 5513 2153 5567; x_wconf 76' lang='lat'><strong>9.5.</strong></span> <span class='ocrx_word' id='word_1_631' title='bbox 2193 5512 2361 5565; x_wconf 72' lang='lat' dir='ltr'><strong>Deest.</strong></span> 
     </span>
    </p>
   </div>
   <div class='ocr_carea' id='block_1_109' title="bbox 404 5599 2075 5675">
    <p class='ocr_par' dir='ltr' id='par_1_109' title="bbox 404 5603 2075 5675">
     <span class='ocr_line' id='line_1_109' title="bbox 404 5603 2075 5675; baseline 0.001 -19"><span class='ocrx_word' id='word_1_632' title='bbox 404 5611 517 5668; x_wconf 82' lang='grc' dir='ltr'>κς’.</span> <span class='ocrx_word' id='word_1_633' title='bbox 543 5605 677 5674; x_wconf 80' lang='grc' dir='ltr'><strong>Περὶ</strong></span> <span class='ocrx_word' id='word_1_634' title='bbox 708 5604 817 5657; x_wconf 86' lang='grc' dir='ltr'><strong>τῶν</strong></span> <span class='ocrx_word' id='word_1_635' title='bbox 848 5603 1290 5675; x_wconf 77' lang='grc' dir='ltr'>μαρτυρούντων.</span> <span class='ocrx_word' id='word_1_636' title='bbox 2068 5608 2075 5657; x_wconf 68' lang='lat'><strong>1</strong></span> 
     </span>
    </p>
   </div>
   <div class='ocr_carea' id='block_1_110' title="bbox 872 5599 2543 5675">
    <p class='ocr_par' dir='ltr' id='par_1_110' title="bbox 872 5599 2543 5675">
     <span class='ocr_line' id='line_1_110' title="bbox 872 5599 2543 5675; baseline -0.002 -20"><span class='ocrx_word' id='word_1_637' title='bbox 872 5603 1290 5675; x_wconf 77' lang='grc' dir='ltr'>ιαρτυρούντων.</span> <span class='ocrx_word' id='word_1_638' title='bbox 2068 5603 2156 5658; x_wconf 76' lang='grc'><strong>26.</strong></span> <span class='ocrx_word' id='word_1_639' title='bbox 2193 5601 2264 5654; x_wconf 88' lang='lat' dir='ltr'><strong>De</strong></span> <span class='ocrx_word' id='word_1_640' title='bbox 2295 5599 2543 5655; x_wconf 84' lang='lat' dir='ltr'><strong>testibus.</strong></span> 
     </span>
    </p>
   </div>
   <div class='ocr_carea' id='block_1_111' title="bbox 406 5688 2077 5765">
    <p class='ocr_par' dir='ltr' id='par_1_111' title="bbox 406 5694 2077 5765">
     <span class='ocr_line' id='line_1_111' title="bbox 406 5694 2077 5765; baseline 0.001 -17"><span class='ocrx_word' id='word_1_641' title='bbox 406 5694 508 5760; x_wconf 76' lang='grc' dir='ltr'>κζ’.</span> <span class='ocrx_word' id='word_1_642' title='bbox 546 5696 680 5765; x_wconf 76' lang='grc' dir='ltr'><strong>Περὶ</strong></span> <span class='ocrx_word' id='word_1_643' title='bbox 705 5696 799 5749; x_wconf 86' lang='grc' dir='ltr'><strong>τοῦ</strong></span> <span class='ocrx_word' id='word_1_644' title='bbox 834 5696 1232 5765; x_wconf 80' lang='grc' dir='ltr'>καθισταμένου</span> <span class='ocrx_word' id='word_1_645' title='bbox 1264 5694 1476 5764; x_wconf 80' lang='grc' dir='ltr'>κριτοῦ.</span> <span class='ocrx_word' id='word_1_646' title='bbox 2068 5698 2077 5750; x_wconf 77' lang='grc' dir='ltr'>ε</span> 
     </span>
    </p>
   </div>
   <div class='ocr_carea' id='block_1_112' title="bbox 1163 5688 2834 5765">
    <p class='ocr_par' dir='ltr' id='par_1_112' title="bbox 1163 5688 2834 5764">
     <span class='ocr_line' id='line_1_112' title="bbox 1163 5688 2834 5764; baseline -0.001 -17"><span class='ocrx_word' id='word_1_647' title='bbox 1163 5712 1232 5747; x_wconf 74' lang='grc' dir='ltr'><strong>»ου</strong></span> <span class='ocrx_word' id='word_1_648' title='bbox 1264 5694 1476 5764; x_wconf 80' lang='grc' dir='ltr'>κριτοῦ.</span> <span class='ocrx_word' id='word_1_649' title='bbox 2068 5696 2155 5750; x_wconf 77' lang='lat'><strong>9.7.</strong></span> <span class='ocrx_word' id='word_1_650' title='bbox 2200 5692 2271 5746; x_wconf 86' lang='lat' dir='ltr'><strong>De</strong></span> <span class='ocrx_word' id='word_1_651' title='bbox 2303 5694 2597 5748; x_wconf 89' lang='lat' dir='ltr'><strong>constituto</strong></span> <span class='ocrx_word' id='word_1_652' title='bbox 2631 5688 2834 5759; x_wconf 87' lang='lat' dir='ltr'><strong>judice.</strong></span> 
     </span>
    </p>
   </div>
   <div class='ocr_carea' id='block_1_113' title="bbox 410 5776 2081 5859">
    <p class='ocr_par' dir='ltr' id='par_1_113' title="bbox 410 5784 2081 5859">
     <span class='ocr_line' id='line_1_113' title="bbox 410 5784 2081 5859; baseline -0.002 -20"><span class='ocrx_word' id='word_1_653' title='bbox 410 5786 517 5853; x_wconf 85' lang='grc' dir='ltr'>κη’.</span> <span class='ocrx_word' id='word_1_654' title='bbox 548 5786 687 5857; x_wconf 79' lang='grc' dir='ltr'><strong>Περὶ</strong></span> <span class='ocrx_word' id='word_1_655' title='bbox 706 5784 802 5841; x_wconf 89' lang='grc' dir='ltr'>τοῦ</span> <span class='ocrx_word' id='word_1_656' title='bbox 829 5787 1227 5859; x_wconf 79' lang='grc' dir='ltr'>καθισταμένου</span> <span class='ocrx_word' id='word_1_657' title='bbox 1260 5786 1542 5858; x_wconf 77' lang='grc' dir='ltr'>ἄρχοντος.</span> <span class='ocrx_word' id='word_1_658' title='bbox 2071 5786 2081 5836; x_wconf 71' lang='grc' dir='ltr'>ε</span> 
     </span>
    </p>
   </div>
   <div class='ocr_carea' id='block_1_114' title="bbox 1222 5776 2893 5859">
    <p class='ocr_par' dir='ltr' id='par_1_114' title="bbox 1222 5776 2893 5858">
     <span class='ocr_line' id='line_1_114' title="bbox 1222 5776 2893 5858; baseline -0.005 -17"><span class='ocrx_word' id='word_1_659' title='bbox 1222 5808 1227 5836; x_wconf 78' lang='grc'><strong>›</strong></span> <span class='ocrx_word' id='word_1_660' title='bbox 1260 5786 1542 5858; x_wconf 76' lang='grc' dir='ltr'>ἄρχοντος.</span> <span class='ocrx_word' id='word_1_661' title='bbox 2071 5783 2159 5839; x_wconf 79' lang='lat'><strong>9.8.</strong></span> <span class='ocrx_word' id='word_1_662' title='bbox 2200 5781 2272 5838; x_wconf 86' lang='lat' dir='ltr'><strong>De</strong></span> <span class='ocrx_word' id='word_1_663' title='bbox 2300 5782 2599 5839; x_wconf 87' lang='lat' dir='ltr'><strong>constituto</strong></span> <span class='ocrx_word' id='word_1_664' title='bbox 2627 5776 2893 5849; x_wconf 87' lang='lat' dir='ltr'><strong>principe.</strong></span> 
     </span>
    </p>
   </div>
  </div>
