4232 6434
289 408 421 471 1049

1264 413 1737 472 OCTATEUCIII
1785 414 2070 474 DIVISIO
2113 416 2192 474 IN
2227 416 2515 474 CAPITA.

3383 415 3515 478 1030

282 517 541 572 Λευῖτῶν.
575 519 708 588 Περὶ
762 520 854 572 τοῦ
903 521 1220 590 γογγυσμοῦ
1266 522 1374 575 τῶν
1422 518 1556 575 υίῶν
1611 523 1843 593 Ἰσραήλ.
1877 533 1953 588 A‘

1840 533 1922 588 ,Α
1951 528 2379 580 murmuratione
2441 529 2673 580 liliorum
2725 524 2909 578 Israel.
2948 525 3019 578 De
3073 525 3511 593 concupiscentia

283 608 416 674 Περὶ
444 611 543 677 τῆς
568 609 858 678 ἐπιθυμίας
897 609 1004 663 τῶν
1033 612 1230 680 κρεῶν.
1259 612 1394 681 Περὶ
1418 615 1515 681 τῆς
1537 614 1844 686 ὀρτυγομή-

278 715 434 766 τρας.
467 699 598 768 Περὶ⁵
640 701 861 772 Μαρίας
887 701 982 754 καὶ
1023 704 1231 772 Ἀαρὼν
1276 703 1656 772 γογγυξόντων
1705 707 1845 759 κατὰ

279 790 508 860 Μωῦσῆ.
542 791 663 843 Ὀτι
692 793 871 862 Λύσῆς
901 795 1102 864 ἦκουεν
1147 795 1340 866 πρώην
1375 797 1580 865 Ἰησοῦς
1610 800 1636 850 ὁ
1665 799 1843 868 Ναυή.

281 882 417 951 Περὶ
456 883 548 936 τοῦ
608 885 923 952 εὑρεθέντος
969 886 1316 954 συλλέγοντος
1360 887 1512 954 ξύλα.
1566 890 1698 959 Περὶ
1737 890 1846 942 τῶν

280 975 624 1043 κρασπέδων.
666 978 801 1046 Περὶ
841 979 1018 1031 Δαθὰν
1045 979 1139 1030 καὶ
1165 979 1447 1048 ¹Ἀϐηρών.
1485 982 1618 1050 Περὶ
1678 984 1846 1034 ἀπτο-

282 1067 458 1135 μένων
489 1067 705 1139 νεκροῦ.
740 1069 974 1140 Τελευτὴ
1021 1070 1271 1141 Μαριάμ.
1306 1073 1440 1140 Περὶ
1473 1073 1573 1142 τῆς
1616 1075 1844 1144 πέτρας.

279 1158 322 1207 Τ
326 1157 516 1229 ελευτὴ
558 1157 786 1229 Ἀαρών.
837 1160 974 1230 Περὶ
1020 1160 1112 1212 τοῦ
1153 1161 1352 1230 χαλκοῦ
1400 1162 1596 1228 ὅψεως.
1655 1158 1848 1232 ’ᾼσμα

279 1245 521 1318 Ἰσραήλ.
565 1248 699 1318 Περὶ
729 1248 823 1301 τοῦ
858 1251 1102 1319 μάντεως
1141 1252 1387 1320 Βαλαάμ.
1421 1252 1554 1321 Περὶ
1595 1254 1692 1321 τῆς
1723 1254 1845 1306 ὄνου

277 1340 376 1407 τῆς
402 1339 729 1409 λαλησασης.
776 1341 910 1410 Περὶ
945 1341 1037 1394 τοῦ
1087 1342 1248 1412 ζήλου
1296 1345 1502 1406 Φινεές.
1538 1346 1848 1414 Παράταξις

279 1429 496 1498 Ἰσραὴλ
537 1431 667 1500 πρὸς
699 1431 924 1500 Μαδιάμ
957 1434 1051 1484 καὶ
1077 1433 1301 1504 ἐκλογή.
1339 1435 1472 1506 Περὶ
1513 1437 1610 1504 τῆς
1639 1437 1848 1506 Ἀαρὼν

275 1518 532 1588 τελευτῆς
564 1522 623 1573 ὲν
651 1523 750 1591 μιᾷ
773 1521 864 1574 τοῦ
890 1523 1227 1591 Αὐγούστου.

732 1647 1329 1707 ΔΕΥΤΕΡΟΝΟΜΙΟΝ.

349 1753 427 1804 Τὰ
454 1752 647 1822 θεμιτᾶ
669 1756 863 1825 κτήνη.
896 1757 975 1810 Τὰ
1006 1759 1265 1827 ἀθέμιτα.
1294 1761 1428 1832 Περὶ
1459 1762 1674 1830 ἰχθύων.
1712 1766 1847 1836 Περὶ

1946 615 2212 669 carnium.
2247 614 2320 668 De
2349 615 2645 670 coturnice.
2675 614 2748 667 De
2781 614 2949 667 Maria
2981 623 3033 667 et
3063 614 3244 667 Aaron
3265 629 3514 668 murmu-

1947 708 2196 762 rantibus
2228 716 2418 760 contra
2445 706 2680 776 Moysen.
2709 706 2862 771 Quod
2888 704 2995 759 Ose
3031 705 3326 758 vocabatur
3344 721 3514 773 nuper

1945 798 2108 853 .losue
2149 801 2292 852 lilius
2322 796 2488 851 Nave.
2543 798 2615 851 De
2668 800 2887 852 invento
2955 800 3175 853 homine
3228 798 3516 866 colligente

1947 888 2112 957 ligno.
2152 888 2223 944 De
2273 889 2527 943 ﬁmbriis.
2557 888 2628 942 De
2679 888 2887 942 Datlian
2940 890 3241 944 etAbiron.
3301 889 3374 943 De
3397 897 3515 942 tan-

1947 981 2195 1047 gentibus
2230 991 2525 1034 mortuum.
2577 979 2719 1032 Illors
2780 981 2976 1035 Mariae.
3014 980 3089 1034 lle
3147 990 3314 1048 petra.
3371 979 3516 1033 Mors

1949 1074 2154 1125 Aaron.
2189 1071 2261 1125 De
2281 1085 2532 1139 serpente
2554 1086 2725 1125 aeneo.
2745 1073 3024 1125 Canticum
3047 1071 3227 1126 Israel.
3251 1071 3325 1126 De
3345 1072 3516 1125 ariolo

1947 1163 2182 1217 Balaam.
2223 1164 2292 1218 De
2323 1166 2474 1218 asina
2509 1165 2710 1218 locuta.
2747 1164 2820 1216 De
2849 1163 2964 1216 zelo
2991 1162 3242 1218 Phinees.
3268 1162 3514 1216 recensio

1946 1255 2109 1310 Israel
2148 1256 2300 1324 juxta
2347 1256 2581 1323 Madian,
2609 1265 2664 1311 et
2712 1256 2954 1313 sele0tio.
3007 1254 3082 1311 De
3113 1264 3289 1310 morte
3328 1256 3508 1309 Aaron

1949 1349 2119 1416 prima
2151 1348 2240 1402 die
2261 1345 2512 1416 Augusti.

2444 1653 3056 1711 DEUTERONOIIIUM.

2019 1763 2232 1833 Legalia
2260 1778 2473 1832 perora.
2502 1761 2756 1832 Illegalia.
2796 1763 2866 1817 l)e
2886 1764 3144 1832 piscibus.
3172 1763 3245 1816 De
3274 1762 3509 1816 volucri-

276 1846 560 1898 πετεινῶν.
594 1847 692 1898 Διὰ
719 1849 770 1899 τί
803 1846 987 1918 ἄζυμα
1018 1848 1270 1919 ὥρισται.
1306 1853 1552 1920 Εὑλογία.
1587 1857 1832 1924 Καταρα.
1869 1881 1909 1935 Β
1946 1857 1947 1860 “

1869 1855 2065 1935 Bbus.
2125 1856 2236 1907 Cur
2311 1870 2496 1924 azyma
2572 1858 2885 1924 prmscripta
2978 1866 3123 1911 sunt.
3180 1855 3508 1908 Benedictio.

288 1935 410 2004 ᾮδὴ
436 1935 480 2005 β’
501 1938 798 2003 Μωῦσέως.
833 1940 1065 2010 Εὑλογία
1086 1943 1386 2006 Μωῦσέως.
1411 1945 1540 2017 Ἐτη
1567 1948 1843 2012 Μωῦσέως

274 2025 322 2098 ρ’
354 2029 445 2081 καὶ
475 2026 545 2081 κ’.

787 2143 1040 2197 ΙΗΣΟΥΣ
1066 2146 1107 2198 0
1140 2145 1353 2202 ΝΑΥΗ.

343 2264 480 2334 Περὶ
520 2265 690 2321 Ῥαὰϐ
711 2270 812 2340 τῆς
849 2269 1075 2342 πόρνης.
1113 2274 1245 2342 Περὶ
1285 2275 1381 2344 τῆς
1407 2276 1711 2341 διαϐάσεως
1744 2278 1844 2347 τῆς

1948 1947 2268 2000 Maledictio.
2292 1946 2577 1999 Canticum
2612 1949 2907 2000 secundum
2943 1947 3162 2016 Moysis.
3203 1949 3512 2002 Benedictio

1945 2038 2164 2108 Moysis.
2199 2038 2337 2091 Anni
2372 2035 2571 2106 Moysis
2601 2049 2815 2091 centum
2841 2049 2892 2091 et
2925 2039 3135 2105 viginti.

2376 2145 2589 2202 lOSUE
2619 2146 2837 2201 FILIUS
2886 2147 2973 2201 ΝΑ
2988 2145 3092 2200 \‘E.

2016 2277 2092 2330 De
2117 2276 2268 2330 Raab
2305 2275 2612 2329 meretrice.
2649 2275 2722 2329 De
2754 2275 2980 2328 transitu
3004 2289 3143 2326 arcze
3160 2288 3254 2342 per
3288 2271 3510 2326 ﬂuvium

270 2356 506 2410 κιϐωτοῦ
537 2360 597 2411 ὲν
614 2358 695 2428 τῷ
728 2360 965 2433 Ἰορδάνῃ
993 2364 1242 2434 ⁴ιιιοιιταμῷ.
1281 2365 1415 2435 Περὶ
1438 2366 1544 2418 τῶν
1568 2370 1835 2437 πετρίνων

1941 2369 2258 2424 Jordanem.
2296 2367 2369 2420 De
2403 2366 2631 2434 lapideis
2652 2366 2864 2419 cultris.
2916 2364 3302 2433 Deapparente
3347 2362 3512 2418 Josue

273 2449 579 2520 μαχαιρῶν.
634 2451 767 2520 Περὶ
793 2453 887 2505 τοῦ
921 2453 1181 2521 ὀφθέντος
1206 2455 1283 2523 τῷ
1330 2457 1501 2526 Ἰησοῦ
1531 2460 1585 2509 ὲν
1626 2459 1834 2528 Ἱεριχὼ
1941 2482 1944 2511 ι

1941 2461 2269 2532 arcliangelo
2340 2461 2390 2513 in
2435 2458 2672 2513 Jericlio.
2747 2457 2819 2511 De
2865 2459 3037 2512 muris
3082 2457 3318 2520 Jericlio,
3367 2458 3510 2510 etde

267 2541 637 2608 ἀρχαγγέλου.
689 2544 826 2615 Περὶ
877 2545 986 2596 τῶν
1027 2545 1224 2615 τειχῶν
1284 2547 1525 2618 Ἱεριχὼ,
1571 2549 1666 2602 καὶ
1711 2551 1841 2619 περὶ

1943 2554 2093 2606 Ilaab
2126 2553 2430 2606 meretrice.
2470 2553 2543 2606 De
2570 2550 2715 2604 furto
2737 2549 2933 2603 Achar.
2962 2549 3034 2603 De
3065 2548 3186 2602 Gai.
3222 2549 3294 2602 De
3323 2548 3512 2602 l‘iaude

280 2630 450 2684 Ῥαὰϐ
483 2632 581 2702 τῆς
608 2634 833 2704 πόρνης.
867 2636 1002 2705 Περὶ
1026 2636 1121 2690 τοῦ
1142 2640 1440 2708 νοσφισμοῦ
1473 2641 1667 2709 Ἀχαρ.
1706 2643 1840 2712 Περὶ
1936 2648 1951 2700 t

1834 2679 1840 2693 ι
1936 2633 2386 2701 GaliaOnitarum.
2435 2643 2506 2697 De
2541 2644 2780 2711 quinque
2837 2643 3055 2706 regibus
3103 2640 3505 2694 Jebusaeorum.

267 2725 366 2792 τῆς
401 2722 523 2777 Γαῒ.
582 2724 720 2794 Περὶ
768 2726 866 2794 τῆς
917 2727 1251 2798 πανουργίας
1293 2729 1406 2782 τῶν
1453 2731 1832 2787 Γαϐα‹ι›νιτῶν.
1934 2750 1938 2779 ι

1934 2735 2166 2802 Quando
2202 2736 2356 2789 stetit
2412 2734 2572 2788 solet
2620 2733 2743 2785 luna
2785 2733 2939 2801 jussu
2993 2729 3176 2785 Josue.
3205 2731 3277 2784 De
3329 2729 3505 2785 Jabin.

269 2814 404 2882 Περὶ
446 2815 555 2868 τῶν
613 2816 774 2868 πέντε
825 2817 1092 2885 βασιλέων
1137 2820 1248 2872 τῶν
1307 2822 1664 2877 Ἰεϐουσαίων.
1706 2825 1834 2878 Ὅτε
1932 2829 1940 2870 1

1932 2823 2085 2886 Quod
2125 2821 2339 2875 Balaam
2381 2822 2578 2874 occidit
2609 2820 2789 2874 Israel.
2857 2819 2931 2873 De
2986 2821 3165 2886 altari,
3245 2822 3391 2891 quod
3416 2835 3510 2874 ex-

267 2905 400 2976 ἔστη
433 2909 461 2959 ό
486 2908 637 2978 ἣλιος
682 2910 775 2962 καὶ
803 2912 836 2980 ὴ
869 2910 1070 2981 σελήνη
1105 2913 1198 2965 ἐπὶ
1239 2914 1437 2983 Ἰησοῦ.
1473 2917 1608 2984 Περὶ
1646 2915 1829 2968 Ἰαϐίν.
1932 2932 1938 2968 l

1308 2914 1437 2983 ισοῦ.
1473 2917 1608 2984 Περὶ
1646 2915 1829 2968 Ἰαϐίν.
1932 2923 2250 2968 struxerunt
2282 2912 2373 2965 lilii
2398 2913 2510 2966 Gad
2543 2921 2596 2967 et
2635 2912 2727 2965 lilii
2770 2910 2979 2966 Ruben.

269 3003 392 3055 Ὅτι
430 3003 522 3057 τὸν
561 3005 788 3078 Βαλαὰμ
847 3008 1172 3062 ἀπέκτεινεν
1242 3009 1482 3080 Ἰσραήλ.
1557 3011 1695 3081 Περὶ
1743 3011 1834 3066 τοῦ
1871 3009 2056 3080 βωμοῦ
2100 2998 2162 3060 οὗ
2193 3006 2456 3074 ἐποίησαν
2500 3007 2547 3057 οἱ
2615 3004 2720 3056 υἱοὶ
2775 3003 2911 3067 Γὰδ,
2948 3004 3043 3058 καὶ
3087 3004 3136 3056 οί
3194 3003 3301 3056 υἱοὶ
3359 3002 3510 3055 Ῥου-

267 3097 373 3150 ϐἰν.

2589 3204 2888 3260 JUDICES.

2007 3339 2082 3393 De
2115 3339 2235 3392 loco
2290 3336 2468 3389 ﬂetus.
2504 3333 2577 3388 De
2603 3334 2862 3386 Servitute
2895 3330 3058 3384 Israel
3107 3331 3208 3385 sub
3252 3329 3513 3383 Cusarsa-

1935 3434 2086 3486 tlion.
2122 3432 2196 3485 De
2258 3430 2516 3483 servitute
2548 3426 2712 3479 Israel
2752 3426 2854 3480 sub
2886 3423 3104 3492 Eglon.
3152 3423 3226 3476 lle
3256 3422 3389 3474 Aud.
3441 3420 3513 3474 De

1938 3524 2166 3578 Debora.
2216 3521 2292 3573 De
2321 3523 2476 3573 clavo
2515 3533 2747 3586 quocum
2776 3517 2992 3570 occisus
3020 3523 3103 3568 est
3127 3514 3333 3567 Sisara.
3365 3512 3511 3566 Can—

918 3210 1176 3264 KPITAI.
1856 3219 1898 3275 ρ

337 3337 473 3407 Περὶ
504 3337 597 3390 τοῦ
647 3337 1021 3407 κλαυθμῶνος.
1058 3338 1191 3406 Περὶ
1222 3337 1464 3401 δουλείας
1509 3337 1724 3408 Ἰσραὴλ
1757 3339 1832 3408 τῷ

266 3429 693 3498 Χουσαρσαθών.
729 3431 860 3500 Περὶ
903 3429 1140 3491 δουλείας
1198 3429 1413 3499 Ἰσραὴλ
1460 3428 1537 3498 τῷ
1593 3431 1828 3497 Λίγλων.

269 3523 404 3592 Περὶ
445 3521 600 3575 Ἀὡδ.
647 3524 778 3592 Περὶ
810 3521 1116 3590 Δεϐϐώρας.
1151 3523 1285 3591 Περὶ
1322 3521 1415 3574 τοῦ
1444 3523 1742 3584 πασσάλου,
1776 3525 1832 3575 ὲν

267 3603 311 3676 ᾧ
342 3610 664 3678 πεφόνευται
708 3611 933 3678 Σισάρα.
984 3609 1107 3679 ᾬδή
1150 3609 1564 3678 εὐχαριστήριος
1620 3606 1834 3660 Δεϐϐώ-

268 3719 369 3772 ρας
398 3702 492 3755 καὶ
525 3702 733 3772 Βαράκ.
788 3701 920 3771 Περὶ
965 3699 1209 3769 Μαδιάμ.
1261 3699 1395 3770 Περὶ
1441 3697 1666 3751 Γεδεών.
1698 3697 1833 3766 Περὶ

265 3792 361 3844 τοῦ
407 3792 573 3844 πόκου
621 3791 850 3844 Γεδεών.
891 3791 1017 3844 Ὀτι
1062 3791 1155 3842 καὶ
1218 3788 1498 3858 Ἰεροϐἀαλ
1546 3789 1777 3858 ἤκουσεν
1803 3790 1834 3842 δ

266 3888 492 3941 Γεδεών.
528 3887 772 3957 Ὄραμα.
818 3885 1002 3949 Λύσις.
1035 3887 1170 3955 Περὶ
1215 3884 1381 3938 Ζεϐεὲ
1413 3885 1508 3937 καὶ
1553 3883 1830 3951 Σαλμανά.

265 3975 506 4044 Τελευτὴ
536 3975 756 4028 Γεδεών.
783 3976 914 4043 Περὶ
956 3975 1266 4042 ’Δϐιμέλεχ.
1297 3972 1610 4042 Παραϐολή.
1647 3975 1835 4035 Ὅπως

267 4069 567 4134 πεφόνευκε
587 4067 723 4137 γυνὴ
755 4068 998 4136 κόμματι
1029 4065 1197 4135 μύλου
1227 4066 1319 4118 τὸν
1359 4065 1668 4134 Ἅϐιμέλεχ.
1700 4065 1834 4134 Περὶ

266 4159 445 4212 Θωλά.
480 4161 614 4225 Περὶ
645 4160 801 4228 Ἰαῒρ.
829 4161 962 4229 Περὶ
994 4159 1221 4223 Ἰεφθάε.
1249 4158 1384 4226 Περὶ
1415 4157 1670 4211 Ἐσεϐών.
1699 4156 1834 4225 Περὶ

278 4249 476 4319 Ἐδώμ.
527 4252 660 4320 Περὶ
706 4249 947 4304 Λαϐδὼν.
985 4251 1118 4318 Περὶ
1148 4250 1364 4303 Μανωέ.
1399 4250 1532 4319 Περ)⁸
1575 4247 1830 4317 Σαμψών.

267 4343 407 4411 Περὶ
439 4342 531 4393 τοῦ
576 4343 810 4403 λέοντος.
849 4341 984 4412 Περὶ
1033 4341 1142 4393 τῶν
1189 4340 1506 4403 ἀλωπέκων,
1541 4342 1597 4392 ἐν
1627 4334 1714 4402 αἶς
1753 4339 1836 4390 ὲν·

267 4435 477 4504 ἐπρησε
505 4434 573 4486 τὰ
601 4434 890 4503 δράγματα
923 4433 1032 4485 τῶν
1065 4433 1375 4500 ἀλλοφύλων
1404 4433 1662 4502 Σαμψῶνι
1701 4435 1835 4503 Περὶ

265 4529 364 4596 τῆς
420 4527 664 4594 σιαγόνος
706 4529 762 4578 ἑν
907 4525 1173 4587 ἐπάταξεν
1235 4543 1282 4587 ,α
1329 4525 1545 4594 ἄνδρας.
1599 4523 1838 4594 Τελευτὴ

267 4618 526 4687 Σαμψών,
566 4619 701 4689 Περὶ
735 4619 1009 4690 Σεμέγαρ.
1048 4618 1179 4686 Περὶ
1211 4615 1379 4684 IlI-.Zi.

1935 3616 2102 3669 ticum
2149 3613 2445 3683 gratiarum
2508 3611 2731 3662 Di-liorae
2787 3618 2839 3661 et
2890 3607 3117 3660 Baracli.
3159 3605 3232 3658 De
3279 3605 3512 3658 Madian.

1938 3705 2011 3759 De
2066 3703 2307 3758 Gedeon.
2367 3701 2439 3754 De
2502 3701 2700 3754 vellere
2765 3699 3004 3753 Gedeon.
3049 3696 3203 3762 Quod
3263 3695 3512 3750 Jerobaal

1940 3798 2105 3849 etiam
2145 3797 2440 3848 vocabatur
2477 3791 2718 3847 Gedeon.
2771 3789 2936 3844 Visio.
2974 3787 3373 3856 Interpretatio.
3439 3787 3514 3840 De

1934 3887 2107 3940 Zcbee
2160 3896 2213 3940 et
2241 3885 2513 3937 Salmana.
2551 3881 2694 3935 Mors
2751 3881 2989 3935 Gedeon.
3047 3878 3118 3932 De
3170 3877 3504 3931 Abimelecli.

1937 3977 2218 4032 Parabola.
2253 3975 2537 4042 Quomodo
2575 3973 2777 4026 occidit
2820 3972 3016 4024 mulier
3057 3969 3367 4023 Abinielecb
3399 3967 3512 4019 Ira-

1937 4076 2158 4137 gmcnto
2191 4067 2365 4119 molae.
2410 4065 2481 4117 De
2510 4062 2702 4115 Tliola.
2745 4062 2816 4116 De
2876 4059 3010 4114 Jair.
3076 4058 3148 4112 De
3173 4057 3381 4124 Jeplite.
3442 4055 3513 4108 De

1936 4160 2168 4214 Esebon.
2203 4159 2278 4210 De
2349 4157 2540 4210 Edoni.
2594 4154 2666 4209 De
2733 4153 2980 4207 Labdon.
3045 4153 3116 4204 De
3166 4149 3380 4202 Manoe.
3438 4147 3513 4199 De

1939 4252 2195 4305 Samson.
2237 4250 2308 4302 De
2335 4250 2511 4302 leone.
2536 4247 2609 4300 De
2638 4248 2889 4315 vulpibus
2929 4244 3252 4313 quibuscum
3300 4253 3514 4293 crema—

1937 4344 2014 4395 vit
2044 4341 2276 4395 Samson
2311 4343 2492 4410 spicas
2519 4340 2970 4408 alienigenarum.
3009 4337 3080 4389 De
3109 4334 3326 4388 maxilla
3381 4347 3515 4400 qua-

1938 4450 2060 4489 cum
2091 4436 2346 4487 maetavit
2372 4435 2518 4487 mille
2547 4433 2716 4486 viros.
2750 4429 2896 4485 Mors
2934 4431 3184 4484 Samson.
3247 4424 3321 4479 De
3356 4421 3512 4476 Sem-

1872 4579 1915 4635 D
1944 4542 2057 4596 gar.
2093 4525 2168 4580 De
2198 4525 2392 4580 Illiclia.

1784 4709 1984 4762 ΡΟΥΘ.

1475 4825 1667 4895 (Nulla
1721 4832 2045 4883 adnotantur
2074 4828 2294 4895 capita.)

804 4965 1163 5019 BASIAEIQN
1203 4965 1283 5018 A'.

341 5092 619 5163 [Ιροσευχὴ
671 5093 889 5161 ’Δννης.
944 5092 1065 5162 ’ῼδὴ
1098 5093 1319 5156 Ἀννης.
1369 5091 1504 5160 Περὶ
1553 5090 1661 5141 τῶν
1702 5089 1834 5142 υἱῶν

282 5187 422 5239 Ἥλί.
455 5186 585 5256 Περὶ
615 5185 714 5254 τῆς
751 5183 1032 5247 νουθεσίας
1066 5184 1201 5236 Ἦλί.
1244 5183 1379 5252 Περὶ
1412 5184 1512 5252 τῆς
1542 5182 1835 5252 γενομένης

268 5280 405 5349 πρὸς
440 5278 692 5347 Σαμουὴλ
726 5277 930 5345 φωνῆς.
966 5277 1100 5345 Περὶ
1149 5276 1246 5344 τῆς
1295 5273 1562 5336 κιϐωτοῦ,
1612 5275 1705 5326 καὶ
1739 5273 1832 5325 τοῦ

270 5370 500 5424 θανάτου
533 5367 640 5419 τῶν
687 5367 730 5436 β’
775 5368 905 5419 υίῶν
953 5366 1088 5419 Ἦλὶ.
1135 5365 1270 5434 Περὶ
1301 5365 1395 5417 τοῦ
1445 5365 1632 5427 τέλους
1691 5363 1831 5417 Ἰιλί.

269 5462 406 5529 Περὶ
431 5462 527 5527 τῆς
555 5462 723 5530 ἣττης
757 5459 863 5512 τῶν
899 5459 1226 5528 ἀλλοφύλων.
1264 5459 1398 5527 Περὶ
1429 5458 1537 5510 τῶν
1572 5455 1701 5509 υἱῶν
1729 5457 1834 5508 Σα-

272 5554 466 5621 μουὴλ.
518 5552 650 5622 Περὶ
678 5551 770 5604 τοῦ
812 5551 1023 5622 Ἰσραὴλ
1069 5551 1358 5604 αἰτούντων
1418 5549 1659 5620 βασιλέα.
1699 5548 1835 5619 Περὶ

265 5638 341 5698 ὧν
370 5644 768 5713 διεμαρτύρατο
785 5643 1034 5713 Σαμουὴλ
1061 5646 1172 5706 τοῖς
1193 5644 1326 5704 υἱοῖς
1344 5642 1584 5711 Ἰσραὴλ,
1610 5640 1833 5710 ζητοῦσι

271 5755 342 5789 πα
355 5737 400 5804 ρ’
423 5736 585 5788 αὑτοῦ
613 5735 856 5806 βασιλέα.
881 5736 1012 5804 Περὶ
1036 5735 1205 5788 Σαοὺλ
1227 5733 1272 5786 α’
1292 5733 1552 5803 βασιλέως
1595 5731 1832 5801 Ἰσραήλ.

269 5831 406 5896 Περὶ
448 5831 545 5899 τῆς
581 5832 732 5900 ,ἀρᾶς
791 5824 856 5900 ἦς
892 5830 1134 5899 ἠράσατο
1184 5829 1351 5882 Σαοὺλ
1405 5828 1482 5898 τῷ
1513 5827 1645 5897 λαῷ.
1702 5828 1828 5878 Ὅτε

2525 4957 2904 5015 REGNORUM
2936 4957 2978 5013 Ι.

2002 5093 2187 5148 Oratio
2218 5091 2408 5144 Annae.
2437 5089 2720 5144 Canticum
2769 5089 2961 5141 Anna.
3009 5084 3082 5139 De
3119 5084 3242 5138 ﬁliis
3274 5082 3411 5138 IIeIi.
3444 5083 3512 5135 De

1939 5186 2306 5239 admonitione
2335 5181 2474 5236 Ilcli.
2497 5181 2570 5233 De
2591 5180 2726 5233 facta
2748 5194 2876 5231 voce
2906 5180 2971 5231 ad
2995 5176 3235 5231 Samuel.
3268 5175 3338 5225 De
3361 5188 3509 5233 arca.

1938 5286 1989 5330 ct
2022 5286 2192 5329 morte
2235 5275 2466 5327 duorum
2527 5272 2759 5325 ﬁliorum
2795 5270 2932 5324 lleli.
2974 5269 3048 5322 De
3109 5271 3212 5321 line
3266 5266 3403 5320 lIeli.
3443 5265 3512 5318 De

1950 5365 2318 5420 liumiliatione
2351 5365 2795 5431 alienigenarum.
2856 5360 2926 5413 De
2981 5358 3106 5411 ﬁliis
3162 5356 3404 5410 Samuel.
3442 5357 3509 5406 υς

1949 5461 2073 5514 ﬁliis
2102 5459 2264 5511 Israel
2293 5457 2600 5524 petentibus
2637 5468 2836 5521 regem.
2875 5451 2945 5505 De
2975 5451 3060 5504 liis
3090 5466 3209 5520 qum
3239 5457 3510 5502 contesta-

1949 5561 2035 5605 tus
2061 5559 2138 5603 est
2169 5549 2388 5601 Samuel
2418 5548 2542 5600 ﬁliis
2593 5546 2757 5598 Israel
2789 5545 2857 5596 ab
2884 5559 2949 5596 eo
2976 5558 3151 5610 regem
3183 5540 3509 5608 petentibus.

1947 5641 2020 5695 De
2048 5640 2175 5694 Saul
2211 5639 2384 5708 primo
2420 5653 2542 5706 rege
2593 5634 2868 5690 lsrael.l)e
2917 5633 3289 5686 maleiiictioue
3319 5646 3419 5698 qua
3455 5645 3510 5682 se

1946 5733 2240 5787 obstrinxit
2273 5731 2400 5783 Saul
2448 5743 2631 5783 coram
2683 5725 2899 5795 populo.
2959 5723 3184 5789 Quando
3241 5720 3507 5774 recensuit

1945 5828 2071 5882 Saul
2089 5827 2152 5881 ad
2177 5825 2411 5880 Amalec.
2436 5823 2506 5878 De
2533 5822 2692 5876 David
2708 5820 2817 5875 lilio
2844 5817 3012 5874 JCSsc.
3048 5817 3117 5872 De
3141 5815 3349 5873 Goliatli
3378 5813 3506 5865 διέρ-
