4232 6434
751 313 882 379 1051

1454 321 1841 381 OPUSCULA
1876 322 2507 385 SCRIPTURISTICA
2550 328 2896 388 INCERTE
2933 330 3247 391 ίΕΤΛΤΙΒ.

3858 333 3993 397 1052

747 427 963 496 nigcna.
995 427 1066 481 De
1093 427 1280 484 Nabal.
1320 430 1392 483 De
1419 432 1626 501 Abigai.
1655 433 1724 485 De
1751 432 1948 486 Sanlt-t
1979 435 2315 503 pythonissa.
2346 446 2396 506 Α

2346 446 2396 506 Α
2424 440 2767 508 παρετάξατο
2799 439 2973 492 Σαοὺλ
3008 442 3147 509 πρὸς
3188 442 3460 511 Ἀμαλὴιμ
3518 443 3651 512 Περὶ
3683 444 3848 497 Δαϐὶδ
3874 446 3991 497 υἱοῦ

749 516 823 569 De
861 518 1198 574 Amalecitis.
1234 522 1303 573 De
1334 520 1462 574 Saul
1494 533 1546 575 et
1584 533 1769 578 tuunte
1810 523 2030 580 Gelboe.

2439 529 2657 585 Ἰεσσαί.
2695 532 2827 602 Περὶ
2874 532 3066 585 Γολιὰο
3117 530 3212 585 τοῦ
3239 533 3559 601 ἀλλοφύλου.
3593 535 3728 605 Περὶ
3781 535 3989 589 manu.

750 607 884 676 llepl.
924 608 1225 676 Ἀϐιγαίας.
1256 611 1391 682 Περὶ
1413 613 1585 667 Σαοὺλ
1607 614 1824 684 καὶτῆς
1850 617 2314 688 ἑγγαστριμύθου.
2355 621 2491 692 Περὶ
2523 623 2632 675 τῶν
2689 623 3090 693 Ἀμαληκιτῶν.
3151 625 3285 696 Περὶ
3350 624 3525 678 Σαοὺλ
3572 626 3668 679 καὶ
3697 626 3789 680 τοῦ
3833 626 3992 687 ὅσους

752 701 1001 755 Γελϐουὲ.

1299 814 1677 872 liEGNORUM
1709 817 1772 874 ΙΙ.

823 922 1073 979 Planctus
1108 927 1270 981 David
1304 944 1469 996 super
1499 928 1625 982 Sanl
1651 941 1705 984 et
1747 929 2058 989 .lonatham.
2096 935 2228 1000 Quae
2258 937 2323 990 ad

751 1013 889 1067 Joab
941 1024 993 1068 et
1045 1018 1227 1070 Abner
1279 1028 1548 1086 spectant.
1609 1019 1867 1075 Planctus
1950 1025 2113 1079 David
2162 1043 2329 1096 super

750 1108 950 1160 Almer.
982 1110 1053 1162 De
1076 1110 1457 1165 oceideutibns
1505 1114 1747 1168 lsbosetlt
1800 1116 1852 1167 in
1895 1116 2034 1171 lecto
2082 1119 2218 1187 ejus.
2255 1120 2327 1173 De

751 1215 877 1253 area
934 1197 1169 1263 Domini.
1200 1213 1256 1257 et
1288 1205 1355 1259 de
1389 1204 1578 1259 Ozath.
1609 1206 1685 1259 De
1727 1206 1974 1263 Melehol.
2027 1210 2099 1262 De
2151 1212 2320 1265 verbo

754 1289 965 1346 Domini
998 1294 1062 1347 ad
1100 1293 1331 1351 Nathan.
1381 1296 1569 1349 Oratio
1599 1298 1784 1352 David.
1823 1299 1896 1352 De
1952 1300 2213 1356 Adrazar.
2248 1302 2323 1357 De

751 1379 1132 1449 Miphibozeth.
1219 1388 1291 1438 De
1338 1385 1557 1440 Annon.
1635 1389 1763 1454 Qum
1829 1389 1895 1443 ad
1955 1389 2225 1446 Bersabee
2269 1404 2324 1448 et

758 1468 940 1525 Uriam
978 1485 1247 1542 spectant.
1300 1476 1371 1530 De
1403 1475 1615 1530 Nathan
1647 1490 1941 1533 accusante
1969 1478 2155 1541 David.
2184 1484 2325 1537 etde

755 1562 919 1615 minis
959 1561 1051 1617 Dci
1100 1566 1381 1633 parabola.
1432 1564 1564 1632 Quae
1615 1568 1680 1620 ad
1712 1570 1926 1621 Aumon
1977 1579 2029 1622 et
2090 1569 2328 1626 Thamar

752 1664 1019 1720 spectant.
1051 1655 1179 1721 Qua:
1209 1656 1276 1710 ad
1304 1656 1555 1711 Absalom
1579 1668 1634 1712 et
1656 1660 1866 1713 Amnon
1900 1672 2165 1730 spectant.
2194 1664 2326 1728 Quze

753 1746 820 1798 ad
856 1748 1139 1803 nudierem
1171 1747 1546 1804 Thecnitidem
1587 1760 1858 1820 spectant.
1903 1753 1976 1806 De
2018 1755 2324 1821 pulchritu-

2965 828 3327 883 ΒΔΣΙΛΕΙΩΝ
3358 828 3432 885 D'.

2494 940 2705 1010 Θρῆνος
2737 939 2901 993 Δαϐὶδ
2946 941 3037 993 ἐπὶ
3071 941 3244 994 Σαοὺλ
3297 944 3391 995 καὶ
3447 942 3719 997 Ἰωνὰοαν.
3752 945 3833 995 Ti
3865 946 3992 1011 περὶ

2440 1032 2595 1084 Ἰωὶιϐ
2627 1034 2722 1084 καὶ
2785 1032 3066 1101 ’Λϐε-ινήρ.
3103 1032 3313 1104 Θρῆνος
3354 1034 3518 1087 Δαϐὶδ
3559 1034 3654 1087 ἐπὶ
3708 1036 3992 1103 ’Λϐεννήςλ

2429 1123 2561 1193 Περὶ
2582 1122 2692 1174 τῶν
2721 1125 3162 1178 ἀποκτεινάντων
3200 1126 3429 1179 ’1ἐϐοσοὲ
3461 1128 3554 1180 ἐπὶ
3582 1125 3768 1195 κλίνης
3803 1128 3992 1182 αὑτοῦ.

2428 1214 2563 1283 Περὶ
2600 1213 2697 1283 τῆς
2740 1213 2975 1267 κιϐωτοῦ
3028 1216 3259 1284 Κυρίου,
3310 1218 3561 1287 καὶπερὶ
3616 1219 3801 1282 Ὀζεὶί).
3857 1220 3995 1285 Περὶ

2429 1304 2659 1372 Μελχόλ.
2701 1304 2835 1374 Περὶ
2863 1304 2957 1357 τοῦ
2983 1307 3227 1374 ῥήματος
3262 1306 3465 1377 Κυρίου
3497 1307 3595 1361 τοῦ
3622 1308 3757 1378 πρὸς
3788 1310 3996 1363 Ναθάν.

2432 1395 2712 1464 Προσευχὴ
2738 1395 2918 1449 Δαϐίδ.
2950 1396 3085 1466 Περὶ
3124 1397 3415 1467 ’Λδραζάμ
3450 1398 3588 1470 Περὶ
3619 1400 3995 1468 Μεμφτϐοτθέ.

2437 1489 2570 1556 Περὶ
2617 1487 2835 1541 Ἀννὼν.
2880 1488 2963 1540 Tit
3020 1490 3147 1560 περὶ
3176 1490 3447 1559 Βερσαϐεὲ
3478 1493 3571 1544 καὶ
3600 1493 3826 1562 Οὐρίαν.
3865 1493 4001 1560 Περὶ

2434 1576 2624 1629 Ναϐὰν
2655 1577 2969 1645 ἐλέγχοντος
2998 1576 3090 1629 τὸν
3115 1577 3301 1638 ausas.
3344 1580 3440 1631 καὶ
3468 1579 3598 1649 περὶ
3624 1579 3721 1646 τῆς
3745 1578 3839 1630 τοῦ
3868 1576 4001 1629 Θεοῦ

2431 1670 2659 1739 ἀπειλῆς
2693 1670 2997 1741 παραϐολή.
3030 1671 3110 1723 Τὰ
3144 1672 3271 1741 περὶ
3306 1671 3517 1742 Ἀμνὼν
3544 1673 3637 1724 καὶ
3668 1672 3891 1741 Θάμαρ.
3925 1671 4003 1723 Τὰ

2434 1761 2562 1831 περὶ
2630 1761 2950 1831 Ἀϐεσαλὼμ
2981 1762 3076 1816 καὶ
3105 1763 3337 1830 Ἀμνὼν.
3357 1764 3440 1817 Τὰ
3470 1766 3600 1833 περὶ
3622 1763 3721 1833 τῆς
3745 1764 4005 1831 γυναικὸς

752 1838 878 1894 diue
908 1839 1187 1894 Absalom.
1218 1841 1292 1897 De
1322 1852 1505 1912 segete
1530 1858 1694 1912 quam
1725 1844 2026 1899 combussit
2053 1848 2330 1904 Absalotn.
2367 1859 2407 1918 Β

2367 1859 2407 1918 Β
2436 1854 2532 1921 τῆς
2554 1852 2898 1916 Θεκωῖτιδος.
2930 1855 3066 1925 Περὶ⁵
3098 1854 3192 1908 τοῦ
3220 1854 3446 1917 κάλλους
3493 1855 3834 1924 ’Λϐεσαλὼμ.
3870 1856 4004 1924 Περὶ

756 1932 828 1984 De
859 1932 1022 1985 David
1060 1932 1299 2001 fugiente
1330 1950 1359 1988 a
1396 1934 1829 1989 facieAbsaiom.
1874 1935 1948 1990 De
1984 1936 2187 1994 Semei.
2218 1940 2333 1996 Sla-

752 2023 991 2079 Indictio.
1024 2024 1098 2080 De
1135 2025 1378 2082 consiliis
1425 2028 1744 2097 Achitophel
1771 2029 1837 2081 ad
1874 2028 2156 2084 Absalum.
2184 2031 2334 2087 Con-

752 2116 934 2170 silium
966 2116 1161 2173 Chnsi.
1189 2117 1342 2171 Finis
1376 2120 1723 2188 Achitophel.
1766 2118 1843 2175 De
1869 2120 2013 2175 bello
2052 2122 2329 2187 Absalotu,

750 2218 806 2264 et
844 2220 1014 2264 morte
1042 2211 1239 2280 ejus,et
1262 2213 1331 2265 de
1356 2206 1613 2267 columna
1666 2227 1833 2283 quam
1894 2213 1999 2267 sibi
2057 2228 2329 2271 erexerat.

752 2303 1008 2358 Planctus
1028 2303 1215 2358 David.
1234 2304 1305 2359 De
1332 2305 1509 2360 Semei
1540 2306 1803 2361 secundo.
1829 2305 1904 2361 De
1929 2304 2329 2376 Miphiboseth.

754 2395 828 2449 De
862 2397 1049 2451 decem
1083 2398 1430 2453 concubinis.
1474 2397 1549 2453 De
1578 2398 1801 2453 Amasa.
1846 2398 1921 2455 De
1985 2400 2215 2454 muliere
2244 2416 2332 2455 sa-

751 2489 957 2557 piente.
992 2498 1045 2543 et
1112 2491 1179 2544 de
1214 2489 1410 2545 Sabee.
1467 2490 1542 2546 De
1599 2490 1764 2547 fame.
1804 2491 1877 2548 De
1907 2493 2171 2563 petitione
2225 2492 2333 2547 Ga-

750 2581 1116 2639 baonitarum.
1159 2583 1233 2639 De
1259 2582 1430 2639 Jesbi.
1462 2584 1751 2640 Canticum
1788 2585 1974 2640 David.
2010 2585 2161 2641 Finis
2198 2600 2333 2642 can-

752 2675 866 2729 tici.
908 2673 981 2730 De
1023 2676 1188 2730 David
1218 2692 1413 2747 aquam
1448 2679 1724 2747 cupiente.
1753 2678 1828 2733 De
1853 2676 2172 2734 fortitudine
2227 2679 2328 2734 Ba-

751 2768 902 2820 naia.
940 2765 1013 2822 De
1062 2770 1478 2824 enumeratione
1532 2768 1771 2824 filiorum
1833 2767 2000 2825 Israel
2081 2778 2135 2825 et
2168 2769 2329 2826 Juda.

754 2853 829 2907 Ex
870 2855 1033 2910 Israel
1063 2856 1192 2921 800,
1216 2857 1345 2921 000,
1369 2874 1432 2913 ex
1464 2857 1602 2913 Juda
1647 2856 1774 2924 500,
1794 2856 1920 2913 000.
1968 2857 2042 2913 De
2065 2857 2155 2914 his
2210 2873 2334 2929 quae

750 2948 888 3003 dixit
947 2948 1062 3003 Gad
1112 2950 1300 3004 David.
1367 2949 1707 3020 Responsum
1780 2948 1969 3003 David.
2031 2948 2105 3004 De
2160 2960 2333 3005 morte

754 3040 841 3101 70,
873 3041 978 3096 000
1013 3044 1275 3098 virorum.
1334 3044 1407 3098 De
1464 3044 1789 3100 Jerusalem.
1825 3041 1900 3097 De
1948 3040 2110 3096 altari
2183 3043 2330 3112 quod

750 3134 1019 3188 exstruxit
1050 3134 1238 3187 David.

2434 1946 2533 2015 τῆς
2585 1945 2802 2014 μερίδος
2830 1940 2899 2016 ἧς
2937 1947 3249 2017 ἐνέπρησεν
3295 1946 3636 2015 Ἀϐεσαλὼμ.
3672 1948 3810 2017 Περὶ
3843 1947 4006 1998 Δαϐὶδ

2433 2035 2922 2105 ἀπώιδρασκοντος
2977 2035 3087 2089 ἀπὸ
3140 2036 3433 2104 προσώπου
3491 2036 3838 2106 ’Λϐεσαλὼμ.
3871 2039 4005 2104 Περὶ

2434 2130 2619 2197 Σεμεῒ.
2662 2128 2816 2200 Ἀρά.
2864 2129 2997 2201 Περὶ
3028 2129 3141 2182 τῶν
3176 2130 3382 2200 βουλῶν
3427 2129 3817 2201 Ἀχιτόφελτῷ
3857 2130 4008 2183 Ἅϐε-

2436 2221 2647 2291 σαλώμ.
2707 2221 3014 2292 Συμϐουλία
3066 2224 3256 2278 Χουσί.
3309 2224 3474 2289 Τέλος
3526 2224 3621 2278 τοῦ
3696 2223 4006 2294 Ἀχιτόφελ.

2434 2314 2570 2384 Περὶ
2602 2312 2697 2368 τοῦ
2728 2314 2965 2384 πολέμου
3006 2314 3349 2385 ’Δϐεσαλὼμ,
3380 2315 3476 2368 καὶ
3508 2315 3600 2368 τοῦ
3643 2316 3879 2370 θανάτου
3908 2317 4007 2369 αὖα

2430 2403 2549 2465 τοῦ,
2579 2404 2674 2459 καὶ
2709 2404 2839 2471 περὶ
2874 2406 2972 2473 τῆς
2994 2406 3198 2475 στήλης
3225 2405 3390 2457 αὑτοῦ
3418 2399 3486 2476 ἧς
3517 2405 3763 2471 ἔστησεν.
3800 2406 4007 2475 Θρῆνος

2434 2496 2597 2549 Δαϐὶδ
2635 2497 2766 2565 περὶ
2812 2494 2977 2563 Σεμεῒ
3002 2494 3062 2547 τὸ
3102 2494 3377 2565 δεύτερον.
3433 2495 3571 2564 Περὶ
3620 2495 4004 2563 Μεμφιϐοσθέ.

2433 2588 2569 2655 Περὶ
2617 2586 2726 2639 τῶν
2765 2593 2797 2638 ι’
2826 2584 3139 2639 παλλακῶν.
3193 2587 3328 2655 Περὶ
3382 2586 3665 2655 ’Δμεσςαί.
3728 2589 3864 2657 Περὶ
3909 2590 4006 2655 τῆς

2432 2677 2690 2746 γυναικὸς
2717 2676 2820 2746 τῆς
2847 2677 3038 2746 σοφῆς,
3058 2677 3153 2729 καὶ
3186 2677 3315 2744 περὶ
3337 2676 3528 2730 Σαϐεέ.
3546 2678 3681 2747 Περὶ
3701 2677 3796 2731 τοῦ
3816 2678 4004 2747 λιμοῦ.

2433 2771 2570 2837 Περὶ
2600 2767 2696 2821 τοῦ
2728 2768 3033 2836 αίτήματος
3081 2766 3192 2819 τῶν
3226 2766 3608 2820 Γαϐαωνιτῶν.
3640 2767 3774 2836 Περὶ
3821 2767 4004 2822 Ἰεσϐί.

2445 2858 2572 2930 ᾮδὴ
2596 2858 2691 2912 τοῦ
2717 2858 2903 2913 Δαϐίδ.
2931 2856 3098 2919 Τέλος
3133 2857 3231 2927 τῆς
3256 2856 3421 2927 ᾠδῆς.
3453 2857 3589 2927 Περὶ
3610 2856 3713 2927 τῆς
3740 2857 3838 2911 τοῦ
3872 2856 4008 2912 ὓδα-

2429 2967 2523 3012 τος
2558 2949 2636 3018 τῷ
2661 2948 2827 3002 Δαϐὶδ
2852 2948 3169 3018 ἐπιθυμίας.
3199 2948 3337 3017 Περὶ
3362 2948 3462 3016 τῆς
3490 2948 3745 3019 ἀνδρείας
3775 2951 4012 3006 Βαναία.

2434 3042 2569 3112 Περὶ
2596 3040 2693 3110 τῆς
2743 3037 3099 3110 ἀριθμήσεως
3128 3038 3240 3091 τῶν
3264 3039 3396 3093 υἱῶν
3439 3039 3655 3110 Ἰσραὴλ
3682 3043 3776 3093 καὶ
3812 3042 4007 3097 Ἰούδα.

2445 3129 2660 3200 Ἰσραὴλ
2691 3134 2782 3193 μ’,
2821 3127 2989 3181 Ἰούδα
3030 3134 3117 3200 ,φη
3150 3128 3288 3198 Περὶ
3306 3122 3382 3182 ὧν
3411 3124 3563 3182 εἶπεν
3581 3129 3688 3182 Γὰδ
3714 3130 3793 3199 τῷ
3818 3131 4017 3186 Δαϐίδ.

762 3223 1080 3296 Ἀπόκρισις
1126 3225 1309 3279 Δαϐίδ.
1350 3226 1489 3296 Περὶ
1514 3226 1610 3281 τοῦ
1641 3227 1878 3285 θανάτου
1923 3230 2035 3286 τῶν
2065 3246 2129 3301 ρ.
2184 3225 2322 3298 Περὶ
2371 3222 2752 3296 Ἰερουσαλήμ.
2787 3221 2924 3292 Περὶ
2983 3220 3080 3275 τοῦ
3122 3221 3537 3293 θυσιαστηρίου,
3577 3216 3640 3277 οὗ
3686 3223 4016 3297 ᾠκοδόμησε

752 3320 936 3374 Δαϐίδ.

1338 3432 1725 3492 REGNORUM
1756 3437 1843 3492 ΠΙ.

837 3538 911 3592 De
940 3538 1170 3592 Adonia.
1218 3539 1535 3593 Consilium
1584 3539 1796 3595 Nathan
1822 3543 1888 3596 ad
1933 3542 2222 3598 Bersabee.
2256 3542 2329 3598 De

755 3630 1048 3684 Salomone
1079 3642 1278 3699 quarto
1315 3646 1438 3699 rege
1470 3632 1658 3685 lsrael.
1704 3632 1977 3704 Prtecepta
2028 3634 2191 3688 David
2261 3633 2329 3688 ad

754 3722 1123 3777 Salomonem.
1168 3721 1240 3776 De
1272 3722 1376 3775 fine
1402 3723 1589 3777 David.
1632 3724 1771 3776 Anni
1808 3726 1955 3794 regni
2012 3726 2200 3780 David.
2257 3725 2331 3780 De

753 3816 1015 3887 petitione
1065 3831 1227 3884 quam
1259 3815 1410 3884 petiit
1428 3815 1665 3869 Adonias
1695 3832 1723 3871 a
1752 3816 2036 3873 Bersabee.
2051 3820 2139 3883 ,Dc
2158 3828 2332 3874 morte

754 3908 1000 3972 Adoniaa,
1034 3916 1088 3962 et
1114 3910 1181 3962 de
1211 3908 1494 3973 Abiathar,
1518 3919 1570 3964 et
1600 3907 1724 3979 fuga
1742 3907 1899 3973 Joab,
1921 3920 1975 3963 et
1995 3910 2115 3980 ejus
2136 3924 2329 3967 morte.

755 3999 830 4052 De
855 3997 1217 4052 :edilicatioue
1280 3996 1501 4060 domus,
1552 4012 1713 4065 quam
1766 3997 2059 4054 aediﬁcavit
2103 3998 2331 4052 Domino

754 4090 1036 4144 Salomon.
1073 4092 1145 4144 De
1177 4089 1380 4144 Semei.
1425 4089 1498 4143 De
1532 4089 1719 4159 regina
1772 4090 1937 4146 Saba.
1970 4090 2043 4145 De
2069 4092 2330 4161 prmvari-

753 4185 970 4238 eatione
995 4182 1323 4238 Salomonis.
1362 4182 1437 4237 De
1480 4183 1649 4237 Achia
1682 4181 1931 4237 Silonite.
1988 4185 2129 4237 Anni
2180 4183 2330 4253 regni

758 4276 1091 4330 Salomonis.
1126 4274 1201 4330 De
1238 4274 1504 4341 Roboam,
1542 4277 1734 4345 quinto
1764 4290 1885 4344 rege
1912 4275 2095 4329 lsrael.
2138 4274 2213 4329 De
2244 4290 2333 4331 re-

756 4383 864 4437 gno
901 4367 1187 4421 Jeroboam
1214 4367 1400 4421 famuli
1442 4367 1774 4430 Salomonis,
1797 4367 1935 4421 sexti
1966 4368 2108 4436 regis
2143 4367 2329 4422 lsrael.

754 4460 831 4512 De
866 4460 1045 4516 aureis
1076 4458 1278 4512 vitulis.
1312 4458 1444 4524 Quae
1472 4458 1538 4512 ad
1567 4458 1705 4512 duos
1734 4460 2024 4527 prophetas
2062 4468 2330 4528 spectant.

760 4554 832 4607 De
865 4566 1035 4620 puero
1114 4549 1427 4604 Jeroboam.
1490 4548 1631 4602 Anni
1692 4548 1844 4619 regni
1885 4547 2198 4603 Jeroboam.
2257 4548 2334 4603 De

757 4645 955 4698 Susac.
981 4643 1055 4698 De
1083 4658 1249 4711 regno
1278 4643 1404 4696 Asa.
1433 4639 1509 4695 De
1548 4640 1724 4694 Nabal
1756 4648 1949 4695 octavo
1988 4656 2112 4709 rege
2138 4640 2329 4696 lsrael.

2359 3431 2406 3494 C

2989 3423 3350 3479 ΒΑΣΙᾹΕΙΩΝ
3385 3426 3455 3481 Γ’.

2505 3537 2641 3607 Περὶ
2697 3535 2967 3590 ’Λδωνῐου.
3020 3535 3329 3605 Συμϐουλία
3386 3534 3573 3589 Ναοᾶν
3600 3538 3666 3605 τῇ
3700 3537 4011 3607 Βηρσαϐεέ.

2435 3631 2572 3701 Περὶ
2605 3630 2948 3700 Σολομῶντος
2971 3629 3014 3683 δ’
3062 3627 3327 3697 βασιλέως
3372 3627 3608 3697 Ἰσραήλ.
3654 3627 3877 3698 Ἐντολὴ
3905 3631 4016 3681 Δα-

2435 3723 2519 3777 ϐ“·δ
2545 3722 2622 3793 τῷ
2649 3722 2977 3791 Σολομῶντι.
3010 3721 3146 3792 Περὶ
3175 3718 3270 3771 τοῦ
3302 3719 3487 3782 τέλους
3522 3718 3707 3771 Δαϐίδ.
3742 3720 3882 3787 Ἔτη
3914 3721 4018 3791 τῆς

2436 3816 2714 3885 βασιλείας
2758 3813 2944 3867 Δαϐίδ.
2996 3812 3130 3882 Περὶ
3162 3810 3257 3863 τοῦ
3310 3811 3614 3880 αίτήματος
3672 3804 3735 3863 οὗ
3772 3813 4025 3881 ᾐτήσατο

2447 3908 2703 3971 Ἀδωνίας
2729 3910 2795 3977 τῇ
2827 3905 3128 3977 Βηρσαϐεέ.
3163 3904 3298 3977 Περὶ
3323 3904 3416 3956 τοῦ
3450 3904 3686 3958 θανάτου
3728 3906 4015 3969 ’Δδωνίου,

2434 4003 2530 4055 καὶ
2562 4001 2690 4072 περὶ
2748 4001 3034 4071 Ἀϐιάθαρ,
3067 4000 3163 4053 καὶ
3190 4000 3319 4067 περὶ
3348 4000 3447 4068 τῆς
3477 4000 3658 4069 φυγῆς
3700 4000 3882 4065 ams,
3921 4000 4020 4054 καὶ

2434 4094 2566 4164 περὶ
2598 4091 2691 4145 τοῦ
2725 4092 2960 4145 θανάτου
3010 4090 3201 4146 αὐτοῦ.
3250 4091 3390 4160 Περὶ
3441 4090 3543 4159 τῆς
3572 4091 3867 4161 οἰκοδομῆς
3920 4093 4023 4145 τοῦ

2434 4184 2607 4249 οἴκου,
2636 4176 2696 4236 οὗ
2725 4183 3046 4255 ᾠκοδόμησε
3094 4183 3284 4253 Κυρίῳ
3324 4182 3595 4251 Σολομῶν.
3629 4183 3769 4252 Περὶ
3813 4184 4015 4253 Σημίι.

2434 4274 2573 4347 Περὶ
2622 4274 2724 4343 τῆς
2778 4273 3095 4345 βασιλίσσης
3135 4272 3301 4327 Σαϐὰ.
3340 4272 3476 4339 Περὶ
3519 4272 3619 4341 τῆς
3663 4274 4021 4343 παρανομίας

2434 4368 2798 4439 Σολομῶντος.
2831 4369 2968 4436 Περὶ
3009 4368 3163 4436 Ἀχία
3183 4365 3279 4421 τοῦ
3312 4365 3637 4434 Σηλωνίτου.
3679 4366 3817 4435 ἐτη
3856 4366 4022 4433 βασι-

2433 4461 2583 4523 λείας
2654 4460 3020 4528 Σολομῶντος.
3083 4459 3217 4525 Περὶ
3294 4456 3571 4525 Ῥοϐοὰμ,
3628 4457 3670 4507 ε’
3742 4456 4020 4525 βασιλέως

2448 4548 2685 4618 Ἰσραήλ.
2718 4547 2854 4617 Περὶ
2879 4550 2980 4618 τῆς
3010 4546 3287 4615 βασιλείας
3322 4545 3609 4615 Ἰεροϐοὰμ
3635 4545 3823 4599 δούλου
3852 4546 4024 4599 Σολο-

2438 4640 2668 4710 μῶντος,
2705 4639 2760 4703 ς’
2804 4638 3069 4708 βασιλέως
3111 4636 3348 4707 Ἰσραήλ,
3381 4639 3515 4708 Περὶ
3545 4640 3646 4707 τῆς
3678 4638 3892 4706 χρυσῆς
3918 4638 4020 4691 δα-

757 4736 833 4790 De
867 4737 1036 4791 Daasa
1068 4751 1215 4789 nouo
1255 4751 1381 4806 rege.
1418 4735 1605 4789 lsrael.
1656 4735 1728 4788 De
1788 4734 1881 4787 Ela
1938 4733 2151 4787 decimo
2206 4748 2331 4803 rege
2364 4767 2406 4822 υ

2364 4767 2406 4822 D
2440 4729 2673 4799 μάλεως.
2707 4728 2790 4781 Τὰ
2811 4728 2940 4799 περὶ
2968 4728 3077 4780 τῶν
3106 4726 3149 4795 β’
3178 4726 3495 4795 προφητῶν.
3530 4727 3667 4796 Περὶ
3699 4726 3795 4779 τοῦ
3820 4726 4021 4789 παιδὸς

760 4830 945 4884 lsrael.
974 4829 1048 4883 De
1070 4829 1313 4893 Zambri,
1344 4829 1632 4882 undecimo
1655 4843 1779 4897 rege
1803 4825 1988 4881 lsrael.
2022 4827 2095 4879 De
2119 4827 2325 4889 Achab,

756 4921 1083 4976 duodecimo
1115 4937 1243 4990 rege
1264 4919 1451 4976 lsrael.
1475 4920 1547 4973 De
1576 4918 1691 4972 Elia
1728 4918 2007 4988 prepheta.
2042 4917 2113 4970 De
2142 4918 2325 4971 vidua.

2445 4820 2751 4891 Ἰεροϐοάμ.
2785 4821 2918 4888 Ἔτη
2972 4818 3249 4888 βασιλείας
3294 4818 3598 4889 Ἱεροϐοάμ.
3633 4819 3768 4888 Περὶ
3801 4820 4021 4871 Σουσα-

2433 4913 2555 4982 κίμ.
2582 4914 2715 4983 Περὶ
2748 4913 2847 4979 τῆς
2875 4910 3150 4979 βασιλείας
3197 4909 3346 4964 Ἀσὰ.
3383 4912 3516 4979 Περὶ
3548 4910 3737 4963 Ναϐατ
3772 4916 3823 4980 η’
3852 4911 4021 4980 βασι-

758 5015 834 5069 De
852 5015 961 5067 filio
989 5013 1183 5068 viduas.
1212 5013 1283 5067 De
1306 5012 1589 5083 prephetis
1605 5010 1968 5066 confusionis.
1995 5008 2069 5064 De
2090 5008 2329 5063 Jezahel.

2432 5006 2569 5069 λέως
2607 5006 2843 5076 Ἰσραήλ.
2876 5006 3009 5074 Περὶ
3032 5003 3218 5057 Βαασὰ
3240 5004 3283 5056 θ’
3303 5002 3565 5072 βασιλέως
3610 5001 3846 5071 Ἰσραήλ.
3879 5005 4026 5072 Περι

762 5104 832 5156 De
863 5104 1077 5157 Elisa-o.
1121 5102 1195 5155 De
1228 5101 1475 5156 Nabutba
1506 5112 1558 5155 et
1611 5101 1813 5155 Achab.
1876 5100 2009 5166 Qua:
2053 5099 2118 5154 ad
2160 5100 2328 5153 tilium

2445 5100 2579 5153 Ἦλὰ
2614 5106 2643 5153 ι’
2678 5100 2940 5170 βασιλέως
3008 5098 3245 5168 Ἰσραήλ.
3299 5097 3434 5166 Περὶ
3483 5097 3719 5166 Ζαμϐρὶ,
3756 5103 3827 5149 ια’
3859 5096 4024 5164 βασι-

759 5196 901 5250 Ader
930 5206 982 5250 et
1016 5195 1202 5250 Achab
1246 5203 1512 5262 spectant.
1565 5191 1638 5246 De
1687 5192 1876 5246 ferreis
1928 5192 2207 5246 cornibus.
2257 5191 2332 5245 De

2434 5192 2571 5254 λέως
2626 5191 2858 5261 Ἰσραήλ.
2906 5194 3036 5261 Περὶ
3077 5190 3302 5260 Ἄχαὰᾶ
3332 5189 3402 5258 ιβ’
3440 5188 3703 5259 βασιλέως
3768 5188 4023 5258 Ἰσραήλ.

760 5288 983 5342 interitu
1015 5287 1223 5341 Achab.
1249 5284 1434 5339 Joram
1468 5284 1796 5340 tredecimns
1833 5301 1924 5338 rex
1962 5282 2145 5339 lsrael.

2437 5284 2572 5353 Περὶ
2616 5282 2798 5335 Ἦλιοῦ
2840 5281 2934 5333 τοῦ
2966 5285 3267 5350 προφήτου.
3317 5279 3450 5350 Περὶ
3499 5279 3596 5346 τῆς
3638 5278 3838 5346 χήρας.
3879 5278 4023 5345 Περὶ

761 5381 854 5435 τοῦ
890 5377 1009 5432 υἱοῦ
1038 5379 1136 5448 τῆς
1168 5379 1364 5449 χήρας.
1405 5377 1540 5448 Περὶ
1566 5376 1674 5429 τῶν
1732 5376 2028 5445 προφητῶν
2095 5375 2193 5443 τῆς
2243 5374 2531 5444 αἰσχύνης.
2572 5375 2708 5443 Περὶ
2750 5372 3003 5437 Ἰεζάϐελ.
3046 5372 3181 5441 Περὶ
3227 5371 3521 5425 Ἑλισσαιέ.
3558 5371 3693 5440 Περὶ
3723 5368 4023 5422 Natio-J01}.

763 5475 857 5529 καὶ
890 5471 1118 5542 ’Λχαάϐ.
1148 5471 1228 5524 Τὰ
1251 5470 1493 5541 περὶτοῦ
1522 5468 1640 5523 υἱοῦ
1668 5469 1831 5539 Ἀδερ
1856 5467 1950 5521 καὶ
1972 5467 2065 5521 τοῦ
2105 5468 2329 5537 Ἀχαάϐ.
2372 5469 2503 5539 Περὶ
2534 5466 2643 5520 τῶν
2694 5466 2927 5536 σιδηρῶν
2979 5465 3247 5533 κεράτων.
3278 5464 3413 5534 Περὶ
3434 5462 3527 5516 τοῦ
3556 5463 3745 5527 τέλους
3783 5462 4020 5533 ’Λχααϐ,

777 5567 980 5635 Ίωρὶιμ
1011 5562 1079 5632 ιγ’
1115 5561 1368 5633 βασιλεὺς
1410 5561 1649 5631 Ἰσραήλ.
3218 5556 3221 5557 ⁷

1320 5668 1701 5726 REGNORUM
1733 5669 1819 5725 IV.

835 5765 910 5822 De
932 5765 1115 5821 Joram
1155 5762 1605 5836 quatuordeciuto
1635 5778 1758 5832 rege
1792 5761 1974 5819 Israel.
2010 5760 2084 5818 De
2104 5777 2320 5818 assum-

2973 5665 3336 5719 ΒΛΣΙΛΕΙΩΝ
3369 5667 3440 5719 Δ’.

2508 5761 2641 5833 Περὶ
2678 5759 2880 5832 Ἰωρὰμ
2912 5760 2971 5813 ιδ’
3003 5757 3270 5830 βασιλέως
3312 5758 3547 5828 Ἰσραήλ.
3586 5758 3719 5829 Περὶ
3754 5760 3854 5829 τῆς
3883 5759 4019 5811 ἁνα-
