4232 6434
283 421 418 488 1653

1221 435 1697 498 OCTATEUCHI
1735 442 2023 504 DIVISIO
2055 447 2135 506 IN
2164 451 2450 509 CAPITA.

3372 452 3508 516 1054

275 527 490 601 λήψεως
550 535 750 590 Ἠλιοῦ.
807 540 941 608 Περὶ
990 540 1099 593 τῶν
1147 543 1408 614 ἁλμυρῶν
1442 547 1662 601 ὑδάτων.
1704 551 1838 620 Περὶ
1869 559 1946 614 Αη

1869 559 1912 614 Α
1945 558 2122 624 plioue
2149 559 2296 612 Elite.
2342 558 2414 612 De
2437 560 2590 630 aquis
2613 560 2822 614 saliuis.
2881 560 2954 614 De
2985 561 3234 623 muliere,
3272 576 3322 614 et
3348 564 3509 614 hrne-

275 624 376 691 τῆς
400 628 674 691 γυναικὸς,
717 630 805 681 καὶ
836 631 1074 700 περὶτῆς
1106 634 1356 701 εὐλογίας
1378 638 1484 690 τῶν
1515 641 1722 693 σκευῶν
1745 642 1839 694 τοῦ

275 712 478 769 ἐλαίου.
511 719 644 787 Περὶ
678 719 774 789 τῆς
827 725 1082 788 γυναικὸς
1113 726 1209 793 τῆς
1257 726 1657 797 Σουναμίτιδος.
1707 734 1839 802 Περὶ

275 806 372 874 τῆς
411 807 667 878 τολύπης,
723 813 816 863 καὶ
867 817 991 882 περὶ
1032 815 1139 868 τῶν
1191 823 1506 888 προφητῶν.
1558 825 1690 893 Περὶ
1733 827 1840 878 τῶν

273 898 455 966 ἄρτων
485 900 577 953 καὶ
605 900 711 953 τῶν
758 904 1025 958 καλαθῶν.
1081 907 1215 976 Περὶ
1262 909 1482 978 Νεεμὰν
1516 912 1608 964 τοῦ
1641 914 1837 983 Σύρου.

275 990 356 1042 Τὰ
385 992 512 1059 περὶ
539 993 704 1055 Γιεςί.
735 995 868 1064 Περὶ
896 997 987 1048 τοῦ
1019 999 1279 1069 σιδηρίου.
1317 1004 1447 1072 Περὶ
1480 1003 1570 1055 τοῦ
1602 1006 1838 1074 πολέμου

273 1083 369 1132 τοῦ
404 1083 665 1152 βασιλέως
700 1087 918 1156 Συρίας,
957 1090 1048 1142 καὶ
1081 1094 1209 1161 περὶ
1240 1094 1338 1160 τῆς
1369 1097 1650 1165 ἀορασίας·
1707 1100 1839 1168 Περὶ

272 1174 373 1238 τῆς
419 1173 578 1242 λιμοῦ
614 1177 946 1245 Σαμαρείας,
996 1182 1088 1232 καὶ
1123 1184 1248 1252 περὶ
1295 1183 1402 1236 τῶν
1432 1187 1703 1251 γυναικῶν
1730 1190 1838 1240 τῶν

270 1266 340 1315 τὰ
375 1265 478 1316 ἴδια
508 1267 676 1334 νήπια
709 1268 1079 1338 βεϐρωκυιῶν,
1114 1275 1207 1326 καὶ
1246 1275 1376 1344 περὶ
1423 1277 1530 1328 τῶν
1557 1280 1838 1348 τεσσάρων

271 1355 510 1426 λεπρῶν.
550 1358 684 1426 Περὶ
717 1359 808 1411 τοῦ
845 1365 1288 1432 συμπατηθέντος
1328 1368 1420 1419 καὶ
1453 1368 1834 1434 ἀποθανόντος.

272 1447 409 1515 Περὶ
435 1448 543 1500 τῶν
581 1449 719 1502 ἑπτὰ
748 1451 885 1503 ἐτῶν
910 1452 1000 1505 τοῦ
1027 1453 1206 1523 λιμοῦ,
1238 1457 1331 1508 καὶ
1363 1461 1488 1527 περὶ
1515 1461 1613 1527 τῆς
1638 1461 1838 1514 Σουνα-

274 1539 502 1607 μίτιδος.
535 1542 667 1610 Περὶ
695 1542 789 1595 τοῦ
818 1545 931 1597 υἱοῦ
964 1547 1146 1616 Ἀδερ.
1175 1549 1308 1618 Περὶ
1339 1551 1560 1620 Ἰωράμ.
1584 1553 1715 1622 Περὶ
1739 1555 1836 1624 τῆς

270 1632 548 1702 βασιλείας
601 1635 763 1705 Ἰηοῦ,
803 1645 861 1690 ιε’
888 1638 1150 1708 βασιλέως
1191 1643 1426 1712 Ἰσραήλ.
1460 1646 1593 1714 Περὶ
1623 1645 1714 1697 τοῦ
1743 1647 1834 1699 τέ-

266 1723 394 1784 λους
436 1724 688 1786 Ἰεζάϐελ.
722 1728 856 1797 Περὶ
883 1728 981 1798 τῆς
1013 1734 1226 1800 σφαγῆς
1250 1733 1354 1784 τῶν
1373 1731 1413 1784 o'
1435 1735 1567 1785 υἱῶν
1608 1735 1831 1803 ’Λχαὰ6.

271 1813 407 1882 Περὶ
438 1813 537 1880 τῆς
561 1817 774 1884 σφαγῆς
800 1818 1012 1871 πάντων
1038 1822 1146 1874 τῶν
1173 1824 1517 1891 θεραπόντων
1543 1827 1633 1878 τοῦ
1663 1829 1827 1883 Βάαλ.

1946 647 2182 703 dictione
2224 665 2476 702 vasorum
2509 653 2630 705 olei.
2667 652 2739 704 De
2771 652 2995 705 muliere
3037 651 3400 704 Suuamititle.
3436 655 3510 705 Ile

1944 739 2049 792 olla
2079 749 2132 792 et
2172 742 2466 809 prophetis.
2507 741 2579 795 De
2622 745 2858 810 panibus
2898 753 2950 796 et
2989 745 3210 810 sportis.
3251 745 3320 796 De
3372 744 3510 796 Naa-

1945 847 2065 884 man
2106 831 2263 902 Syro.
2305 834 2379 886 Dc
2409 832 2585 888 Giczi.
2623 836 2694 887 De
2727 835 3076 888 ferramento.
3109 832 3179 886 De
3209 835 3347 884 bello
3370 835 3510 900 regis

1945 921 2134 989 Syriae,
2168 922 2303 975 etde
2323 923 2587 976 caecitate.
2624 922 2695 974 De
2725 921 2864 975 fame
2885 923 3174 982 Samarim,
3207 930 3255 972 et
3291 921 3356 972 de
3390 936 3508 971 ιιιιι-

1945 1012 2166 1066 lieribus
2213 1015 2462 1082 proprios
2515 1014 2769 1081 parvulos
2841 1014 3268 1073 comedentibus,
3330 1021 3383 1064 et
3442 1013 3509 1061 (Il!

1941 1113 2173 1172 quatuor
2215 1104 2458 1172 leprosis.
2508 1105 2580 1158 De
2633 1105 2955 1158 eouculcato
3004 1115 3056 1157 et
3118 1115 3353 1156 mortuo.
3437 1101 3508 1154 [le

1941 1205 2142 1263 septem
2162 1195 2319 1249 annis
2343 1195 2520 1259 famis,
2544 1207 2597 1249 et
2617 1197 2682 1249 de
2714 1195 3077 1248 Sunamititle.
3106 1193 3178 1247 De
3207 1196 3314 1246 lilio
3343 1195 3502 1247 Adcr.

1942 1285 2014 1341 De
2066 1284 2270 1340 Joram.
2324 1286 2398 1341 De
2459 1303 2622 1356 regno
2675 1286 2833 1349 Jehu,
2884 1287 3084 1341 decimi
3122 1287 3297 1354 quinti
3369 1288 3506 1354 regis

1942 1380 2126 1432 Israel.
2160 1379 2235 1432 De
2270 1379 2485 1433 interitu
2538 1378 2774 1433 Jezabel.
2845 1379 2916 1433 De
2967 1378 3111 1432 caede
3169 1378 3506 1445 septuaginta

1939 1472 2171 1524 ﬁliorum
2206 1470 2408 1524 Achab.
2443 1470 2516 1524 De
2554 1471 2700 1524 cmde
2723 1471 2968 1524 omnium
3016 1485 3298 1525 servorum
3357 1470 3504 1522 Baal.

1940 1562 2011 1614 De
2046 1560 2192 1615 Joas.
2251 1563 2322 1616 De
2367 1562 2624 1624 Joachaz,
2667 1563 2879 1616 decimo
2936 1575 3087 1617 sexto
3150 1579 3277 1629 rege
3322 1563 3504 1616 Israel.

1937 1654 2011 1707 De
2034 1653 2158 1707 Juas
2189 1653 2250 1718 ΙΙ,
2273 1655 2484 1708 decimo
2503 1656 2734 1723 septimo
2761 1670 2884 1722 rege
2913 1655 3096 1707 Israel.
3123 1655 3194 1706 De
3219 1655 3408 1708 Eliszeo
3455 1664 3507 1708 cl

1935 1743 2082 1799 Juas.
2112 1745 2336 1813 Signum
2361 1747 2426 1800 de
2463 1755 2635 1800 morte
2687 1745 2889 1799 Elisaei.
2928 1746 3002 1799 De
3048 1744 3335 1799 Jeroboam
3401 1746 3508 1798 lilio

1935 1833 2082 1895 Joas.
2144 1836 2358 1890 decimo
2394 1848 2586 1890 octavo
2643 1853 2766 1907 rege
2799 1837 2982 1890 Israel.
3049 1839 3120 1889 De
3167 1837 3359 1888 Azan-ia
3398 1837 3506 1888 lilio

269 1901 405 1968 Περὶ
471 1903 639 1966 Ίωάς.
683 1905 816 1975 Περὶ
882 1909 1129 1978 Ίωάχαζ,
1169 1911 1240 1976 ις’
1267 1912 1529 1981 βασιλέως
1581 1919 1818 1989 Ἰσραήλ.
1863 1909 1940 1981 ΒΔ

1863 1909 2238 1986 B.Icroboam.
2288 1927 2499 1980 decimo
2546 1943 2693 1981 nono
2729 1943 2852 1997 rege
2909 1926 3090 1980 Israel.
3135 1925 3216 1981 De
3276 1927 3501 1988 Sclltlttl,

265 1991 403 2062 Περὶ
449 1994 600 2058 Ἰωὰς
629 1993 694 2064 β’,
726 1997 789 2062 ιζ’
817 1997 1079 2068 βασιλέως
1121 2002 1352 2075 Ἰσραήλ.
1384 2008 1516 2076 Περὶ
1559 2009 1827 2062 Ἔλισσαιὲ

263 2084 361 2135 καὶ
401 2085 571 2148 Ἰωάς.
601 2087 832 2157 Σημείον
863 2093 990 2160 περὶ
1019 2093 1112 2145 τοῦ
1147 2096 1332 2158 τέλους
1375 2099 1663 2154 Ἐλισσαιὲ.
1697 2102 1829 2171 Περὶ

273 2171 556 2244 Ίεροϐοὰμ
603 2178 718 2230 υίοῦ
776 2180 950 2246 Ίωὰς,
1020 2191 1090 2253 ιη’
1123 2185 1385 2255 βασιλέως
1429 2190 1662 2260 Ἰσραήλ.
1696 2193 1829 2262 Περὶ

275 2265 548 2337 Ἀζαρίου,
578 2270 694 2322 υἱοῦ
727 2272 1025 2344 Ἱεροϐοάμ,
1048 2277 1112 2329 tO'
1136 2278 1400 2346 βασιλέως
1436 2281 1670 2350 Ἰσραήλ.
1697 2285 1828 2353 Περὶ

261 2355 526 2428 Σελλοὺμ,
568 2367 616 2413 κ’
662 2362 927 2432 βασιλέως
993 2369 1229 2440 Ἰσραήλ.
1270 2374 1402 2442 Περὶ
1433 2374 1698 2444 Μαναὴμ,
1747 2375 1830 2430 κα¹

261 2448 529 2516 βασιλέως
590 2455 826 2527 Ἰσραήλ.
886 2459 1020 2530 Περὶ
1074 2464 1370 2529 Φακεσίου,
1425 2465 1507 2536 κβ¹
1566 2467 1827 2536 βασιλέως

275 2542 512 2613 Ἰσραήλ.
567 2549 700 2618 Περὶ
754 2551 951 2616 Φακεὲ,
991 2561 1073 2622 κγ’
1119 2554 1386 2623 βασιλέως
1423 2559 1661 2630 Ἰσραήλ.
1694 2563 1828 2632 Περὶ

273 2636 528 2705 Ἰωαθάμ.
577 2641 709 2708 Περὶ
761 2641 947 2711 Ἀχάζ.
994 2647 1128 2714 Περὶ
1189 2648 1376 2718 Ὠσηὲ,
1434 2649 1510 2704 κδ’
1563 2653 1825 2720 βασιλέως

270 2724 510 2799 Ἰσραήλ.
537 2731 595 2783 Α⁹
619 2733 986 2801 αἰχμαλωσία.
1019 2739 1153 2809 Περὶ
1178 2742 1286 2794 τῶν
1313 2744 1561 2798 λεόντων.
1595 2748 1823 2815 Ποιηταὶ

257 2819 486 2878 πόλεων.
542 2826 676 2893 Περὶ
724 2826 986 2896 Ἐζεκίου,
1015 2831 1095 2883 ὅτι
1131 2833 1236 2896 ἕως
1292 2835 1531 2905 Ἐζεκίου
1579 2837 1822 2908 ὑπῆρχεν

254 2915 284 2965 ὁ
319 2914 550 2982 χαλκοῦς
586 2917 727 2985 ὄφις.
777 2921 908 2990 Περὶ
949 2923 1311 2995 Σενναχηρίμ.
1362 2929 1495 2998 Περὶ
1523 2931 1621 2998 τῆς
1651 2932 1824 2998 μαλα-

255 3003 381 3066 κίας
419 3005 661 3076 Ἐζεκίου
714 3009 980 3079 βασιλέως
1038 3014 1226 3069 Ἰούδα.
1265 3019 1401 3089 Περὶ
1434 3021 1540 3072 τῶν
1582 3022 1823 3075 ἀποστα-

255 3094 456 3148 λέντων
506 3101 656 3168 παρὰ
684 3101 970 3173 Μαρωδεὶχ
1015 3107 1150 3175 πρὸς
1203 3108 1470 3179 Ἐζεκίαν.
1521 3113 1655 3182 Περὶ
1700 3115 1822 3166 Μαι

253 3188 449 3255 νασσὴ.
481 3189 612 3259 Περὶ
653 3192 855 3272 Ἀμῲςο
895 3197 1028 3264 Περὶ
1066 3199 1288 3252 Ἰωσίου.
1335 3202 1468 3272 Περὶ
1499 3202 1591 3255 τοῦ
1619 3203 1823 3273 βιὸλίου

247 3278 344 3329 τοι]
394 3278 578 3346 νόμου,
625 3279 685 3333 οὗ
720 3279 843 3353 εὗρε
877 3287 1111 3350 Χελκίας
1156 3292 1214 3341 ὲν
1243 3290 1377 3360 οἴκῳ
1402 3293 1626 3361 Κυρίου.
1686 3295 1825 3363 Περὶ

1927 2017 2188 2086 vigesimo
2278 2033 2404 2088 rege
2488 2017 2675 2073 Israel.
2750 2017 2824 2073 De
2921 2018 3226 2081 Manahcm.
3313 2021 3506 2072 vicesi-

1928 2126 2017 2163 mo
2075 2111 2247 2180 primo
2332 2127 2454 2179 rege
2516 2110 2700 2168 Israel.
2771 2111 2842 2166 De
2911 2110 3193 2173 Phacesio,
3249 2111 3505 2164 vicesimo

1927 2204 2166 2257 secundo
2228 2218 2351 2274 rege
2397 2202 2582 2258 Israel.
2629 2204 2703 2259 De
2755 2205 2983 2270 Phacee,
3046 2205 3302 2257 vicesimo
3348 2207 3504 2257 tertio

1929 2314 2051 2366 rege
2083 2298 2263 2352 Israel.
2297 2297 2370 2351 De
2391 2295 2666 2352 Joatham.
2709 2297 2780 2351 De
2806 2297 3007 2350 Achaz.
3061 2296 3134 2349 De
3166 2296 3324 2359 Osee,
3348 2297 3500 2348 vice-

1928 2390 2068 2442 simo
2096 2399 2289 2458 quarto
2319 2405 2442 2458 rege
2467 2389 2650 2444 Israel.
2701 2387 2879 2442 Prima
2937 2388 3241 2457 captivitas.
3295 2387 3367 2441 De
3393 2389 3501 2441 leo-

1927 2483 2110 2535 nibus.
2174 2479 2514 2536 Fumlatores
2564 2481 2799 2536 urbium.
2840 2480 2913 2535 De
2959 2480 3374 2549 Ezechia,quod
3407 2496 3501 2533 ns-

1929 2588 2035 2642 que
2065 2573 2129 2626 ad
2158 2572 2444 2628 Ezechiam
2471 2575 2668 2628 mansit
2727 2588 2951 2644 serpens
2998 2588 3202 2627 aeneus.
3243 2572 3316 2626 De
3363 2571 3499 2625 Sen-

1925 2664 2221 2718 nacherim.
2304 2665 2377 2718 De
2443 2666 2793 2734 :egrotatione
2862 2665 3109 2718 Ezechiae
3181 2666 3323 2733 regis
3401 2662 3499 2716 Ju-

1922 2756 2010 2809 (I3.
2073 2755 2147 2808 De
2203 2756 2383 2810 missis
2435 2771 2466 2810 a
2519 2756 2766 2812 Hei-otiae
2827 2756 2892 2810 ad
2942 2757 3252 2810 Ezechiam.
3288 2756 3358 2810 De
3388 2759 3499 2808 Illu-

1924 2860 2102 2900 nasse.
2171 2845 2247 2899 De
2298 2847 2486 2902 Amos.
2539 2849 2612 2902 De
2670 2845 2842 2902 Josia.
2877 2848 2947 2901 De
2995 2848 3133 2901 libro
3162 2848 3314 2916 legis,
3335 2864 3496 2916 quem

1923 2938 2128 2992 invenit
2164 2937 2416 2994 Chelcias
2455 2941 2508 2992 in
2534 2940 2695 2993 domo
2718 2938 2955 2993 Domini.
2989 2939 3060 2993 De
3103 2937 3360 2994 Joachaz.
3427 2941 3497 2994 lle

1925 3027 2148 3082 Eliacim
2199 3030 2389 3084 eodem
2434 3044 2499 3086 ac
2544 3027 2781 3086 Joacim.
2832 3029 2906 3084 De
2967 3028 3493 3085 Nabuchodonosor.

1931 3116 2007 3172 De
2033 3116 2266 3183 Joacim,
2308 3120 2420 3173 ﬁlio
2469 3122 2716 3176 Eliacim.
2747 3119 3021 3191 “Secunda
3072 3122 3378 3190 captivitas.
3419 3120 3494 3174 De

1933 3208 2154 3262 Sedecia
2184 3211 2294 3263 ﬁlio
2313 3209 2545 3266 Joacim.
2578 3211 2755 3267 Tertia
2786 3213 3085 3282 captivitas.
3118 3212 3191 3266 De
3217 3210 3498 3266 Nabuzar-

1931 3299 2058 3353 dan.
2083 3300 2285 3366 Quarta
2313 3306 2620 3371 captivitas.

270 3370 518 3438 Ἰωαχάζ.
555 3374 686 3442 Περὶ
729 3376 982 3446 Ἐλιακὶμ
1033 3379 1123 3431 τοῦ
1155 3381 1248 3432 καὶ
1290 3382 1532 3452 Ίωακίμ.
1594 3385 1728 3455 Περὶ
1782 3384 2270 3460 Ναϐουχοδονόσορ.
2322 3370 2457 3463 Περὶ
2497 3395 2723 3463 Ἰωακὶμ
2754 3391 2872 3446 υἱοῦ
2931 3392 3201 3464 Ἐλιακίμ.
3257 3391 3496 3463 Β¹αίχμ-

249 3468 480 3522 αλωσία.
500 3470 633 3539 Περὶ
664 3470 909 3523 Σεδεκίου
939 3473 1077 3536 υἱοῦ,
1120 3477 1359 3544 Ἰωακίμ.
1393 3479 1444 3530 I"
1465 3481 1826 3549 αίχμαλωσία.
1863 3485 1998 3554 Περὶ
2025 3486 2434 3558 Ναϐουζαρδὰν.
2469 3485 2519 3540 Δ¹
2558 3487 2917 3558 αἰχμαλωσία.

657 3582 1293 3640 ΠΑΡᾹΛΕΙΠΟΜΕΝΩΝ
1331 3588 1402 3646 A'.

325 3690 594 3756 Βασιλεῖς.
655 3693 975 3764 Ἥγεμόνες.
1027 3698 1220 3752 Σαούλ.
1261 3701 1394 3769 Περὶ
1453 3703 1815 3772 Σολομῶντος.

660 3785 1297 3842 ΠΑΡΑΛΕΙΠΟΜΕΝΩΝ
1336 3792 1400 3848 B'.

335 3893 621 3963 Ἀμασίας.
689 3895 893 3960 Ὀζίας.
937 3897 1132 3967 Ἀχαζ.
1178 3898 1444 3968 Ἐζεχίας.
1495 3903 1814 3976 Μανασσῆς.

262 3985 468 4053 Ἀμώς.
516 3987 746 4050 Ἰωσίας.
790 3989 1042 4058 ’1ωαχάζ.
1100 3989 1371 4060 Ἐλιακίμ.
1413 3993 1686 4064 Ἰεχονίας.
1720 3999 1817 4050 Σε-

245 4074 454 4138 δεκίας.

873 4191 1090 4244 ΕΣΔΡΔ
1133 4192 1212 4246 Α’.

322 4297 454 4366 Περὶ
491 4298 591 4367 τῆς
642 4299 894 4369 τελευτῆς
954 4302 1178 4358 Ἰωσίου.
1245 4304 1379 4375 Περὶ
1438 4306 1627 4375 Ἀχάζ.
1664 4307 1816 4378 ,Περὶ

248 4388 514 4442 Σεδεκίου.
555 4391 691 4460 Περὶ
724 4392 818 4445 τοῦ
850 4394 1274 4463 προστάγματος
1324 4396 1530 4467 Κύρου.
1565 4399 1698 4468 Περὶ
1722 4397 1813 4451 τοῦ

245 4477 479 4547 ἀριθμοῦ
528 4479 636 4531 τῶν
671 4481 877 4534 σκευῶν
907 4482 1016 4534 τῶν
1062 4485 1121 4536 ἐν
1161 4486 1228 4554 τῇ
1279 4485 1648 4556 αἰχμαλωσίᾳ.
1683 4487 1816 4556 Περὶ

246 4567 352 4618 τῶν
395 4571 866 4638 καταγραψάντων
923 4573 1211 4628 Ἰουδαίων.
1251 4576 1385 4645 Περὶ
1417 4577 1669 4648 Δαρείου,
1720 4579 1814 4632 καὶ⁵

247 4656 374 4724 περὶ
404 4657 512 4708 τῶν
541 4664 588 4724 γ’
621 4659 917 4715 νεανίσκων
944 4663 1052 4715 τῶν
1080 4665 1146 4717 τὰ
1180 4666 1543 4736 προϐλήματα
1572 4668 1816 4739 γραψάν-

246 4763 372 4798 των.
428 4749 564 4818 Περὶ
613 4749 707 4802 τοῦ
758 4753 1060 4820 αἰτήματος
1115 4756 1457 4828 Ζοροόάὸελ,
1520 4759 1612 4810 καὶ
1664 4760 1814 4822 ὅπως

246 4837 454 4908 ἔγραψε
485 4843 706 4908 Δαρεῖος
734 4845 830 4914 τὴν
860 4844 1173 4916 ἐλευθερίαν
1199 4850 1280 4913 είς
1309 4851 1407 4919 τὴν
1450 4852 1810 4922 Ἰερουσαλὴμ

2387 3599 2568 3654 PARA
2579 3599 2972 3658 LIPOMENON
3003 3600 3044 3654 ι.

1992 3703 2189 3776 Reges.
2237 3706 2432 3761 Duces.
2489 3707 2640 3762 Sani.
2674 3708 2750 3762 De
2797 3707 3110 3763 Salomone.

2368 3815 2950 3873 PARALIPOMENON
2983 3817 3048 3871 II.

1989 3926 2257 3982 Amasias.
2278 3925 2456 3981 Ozias.
2480 3927 3271 3982 Achaz.EzechiasManasses.
3300 3927 3488 3984 Amos.

1919 4014 2118 4072 Josias.
2144 4016 2398 4072 Joachaz.
2430 4017 2675 4073 Eliacim.
2708 4016 3023 4073 Jecbonias.
3059 4018 3336 4074 Sedecias.

2568 4199 2819 4257 ESDRE
2851 4202 2893 4257 I.

1980 4310 2054 4365 De
2092 4321 2266 4367 morte
2291 4309 2478 4368 Josiae.
2516 4313 2590 4368 De
2614 4314 2820 4368 Achaz.
2850 4312 2926 4368 De
2942 4312 3189 4368 Sedecia.
3217 4313 3295 4385 De
3313 4317 3493 4375 edicto.

1917 4400 2060 4472 Cyri.
2085 4401 2158 4456 De
2182 4418 2411 4456 numero
2436 4418 2689 4457 vasorum
2725 4419 2846 4473 qua:
2876 4405 3058 4459 ablata
3113 4415 3269 4460 erant
3309 4407 3362 4460 in
3397 4422 3488 4462 ca-

1921 4492 2181 4560 ptivitate.
2222 4492 2295 4546 De
2341 4493 2766 4548 inscribentibus
2811 4493 3035 4550 Judazis.
3097 4495 3169 4550 De
3217 4496 3397 4561 Dario,
3434 4507 3489 4551 et

1918 4585 1983 4637 de
2019 4584 2192 4640 tribus
2237 4585 2531 4652 juvenibus
2587 4587 2922 4655 problemata
2973 4587 3348 4643 scribentibus.
3416 4588 3488 4642 De

1918 4672 2172 4741 petitione
2209 4672 2608 4735 Zorobabel,et
2667 4676 2943 4746 quomodo
2993 4677 3214 4746 scripsit
3275 4677 3475 4733 Darius

1921 4764 2223 4818 libertatem
2286 4764 2489 4820 Jutlaeis
2525 4766 2578 4820 in
2637 4765 2964 4822 Jerusalem.
3030 4767 3106 4822 De
3148 4770 3412 4837 regressis
3455 4785 3482 4823 a

1919 4856 2248 4925 captivitate.
2281 4856 2571 4928 Exemplar
2601 4860 2841 4929 epistola:
2889 4875 3052 4930 quam
3077 4862 3296 4930 scripsit
3322 4862 3484 4915 Dario

244 4932 355 4990 τοῖς
399 4931 686 4997 Ἰουδαίοις.
713 4937 847 5006 Περὶ
875 4938 981 4989 τῶν
1009 4939 1322 4995 ἀναϐάντων
1351 4943 1457 4996 ἀπὸ
1508 4944 1608 5012 τῆς
1649 4946 1809 5013 αἰχμ-
1841 4926 1884 4979 D
1913 4974 1915 4993 ι

1841 4926 1884 4979 θ
1913 4957 1966 5001 et
1987 4949 2212 5002 misitad
2238 4965 2383 5003 eum.
2416 4949 2685 5017 Sisinnes,
2719 4963 2825 5008 etc.
2850 4951 3002 5018 Quod
3021 4953 3267 5007 decimus
3298 4965 3481 5007 sextus

245 5021 504 5086 αλωσίας.
543 5027 900 5098 ’Λντίγραφον
933 5032 1218 5101 ἐπιστολῆς
1245 5030 1308 5105 ἧς
1337 5035 1543 5103 ἔγραψε
1577 5039 1804 5104 Δαρείῳ,

1919 5039 1985 5088 ah
2016 5042 2159 5090 Aron
2189 5046 2307 5092 erat
2336 5040 2560 5094 Esdras.

247 5116 337 5165 καὶ
368 5117 706 5170 ἀπέστειλεν.
740 5121 1006 5190 Σισίννης,
1033 5142 1085 5176 κ.
1125 5143 1173 5178 τ.
1200 5125 1248 5178 λ.
1280 5127 1400 5178 ’Ότι
1429 5127 1488 5192 ἐξ
1513 5128 1604 5179 καὶ
1631 5128 1854 5192 δέκατος
1888 5128 1918 5181 ἀ

1810 5145 1854 5192 >ς
1888 5128 1997 5181 ἀπὸ
2048 5128 2258 5199 ’Λαρὼν
2288 5133 2315 5185 ὁ
2349 5131 2602 5202 Ἔσδρας.
2637 5131 2795 5185 Liber
2829 5132 2912 5186 hic
2946 5134 3358 5186 numerationem
3387 5135 3481 5186 Ita-

246 5206 322 5262 bet
361 5208 436 5279 90'
470 5211 686 5279 στίχων,
726 5213 826 5268 109
879 5219 1249 5271 υεηίευάὀνιιηι
1285 5221 1472 5290 quibus
1509 5233 1736 5275 constat.

1691 5314 1902 5366 ΕΣΔΡΛ
1946 5315 2020 5369 B'.

382 5423 507 5490 (Hic
538 5422 666 5479 liber
686 5427 835 5479 nulla
873 5428 1020 5482 habet
1070 5431 1300 5497 capitum
1361 5444 1689 5522 argumenta,
1717 5450 1957 5517 rersuum
1998 5448 2187 5576 uméqu)
2233 5439 2665 5508 numerationem,
2706 5452 2763 5494 ut
2822 5443 3081 5510 superior,
3113 5440 3337 5502 exhibet,

1536 5521 1610 5555 πα
1657 5520 1873 5574 στίχων,
1908 5522 2039 5560 vers.
2148 5549 2159 5560 .

1536 5520 1616 5555 πα
1657 5520 1873 5574 στίχων,
1908 5522 2039 5560 vers.
2075 5520 2159 5562 δι.
