4232 6434
727 393 864 455 1055

1425 401 1815 460 OPUSCULA
1857 400 2488 461 SCRIPTURISTICA
2535 400 2884 460 ΙΝΩΕΠΤιΕ
2924 400 3230 465 ίΕΤΑΤΙΞ.

3841 401 3992 468 1056

1373 704 1631 789 ΠΕΡΙ
1702 701 2261 788 ΤΕΣΣΑΡΩΝ
2334 702 2561 786 ΤΟΥ
2640 702 3342 792 ΠΑΡΑΔΕΙΣΟΥ

2059 891 2646 977 ΠΟΤΑΜΩΝ.

1221 1238 1360 1322 DE
1440 1237 2010 1342 QUATUOR
2089 1239 2834 1330 FLUMINIBUS
2905 1241 3500 1332 PARADISI.

1901 1451 2067 1511 (Auct.
2098 1462 2359 1512 anonymo.
2395 1452 2596 1500 anuu
2619 1450 2658 1511 ι,
2682 1451 2814 1513 466)

807 1756 945 1809 Istcr
1006 1757 1224 1818 ﬂumen,
1281 1755 1485 1808 dictum
1563 1754 1766 1810 Phison
1839 1753 1979 1824 apud
2063 1754 2380 1815 divinamA

740 1849 1073 1916 Scripturam
1095 1889 1109 1910 ,
1135 1859 1186 1900 et
1219 1863 1248 1900 e
1277 1845 1538 1902 Paradiso
1561 1848 1770 1912 exiens,
1803 1857 1862 1901 ut
1881 1856 2076 1901 czetera
2103 1846 2306 1915 Tigris,

739 1937 1038 2004 Eriphi-ales
1088 1950 1140 1991 et
1171 1937 1317 1991 Geon
1361 1938 1604 2003 ﬂumina,
1645 1949 1698 1991 et
1727 1947 2027 2008 penetrans
2061 1937 2113 1990 in
2158 1949 2316 1991 terra:

739 2029 992 2096 abyssos,
1024 2037 1075 2080 et
1107 2027 1157 2081 in
1195 2029 1536 2082 occidentem
1561 2031 1809 2091 tendens,
1839 2028 2009 2081 currit
2045 2040 2109 2080 ex
2134 2026 2315 2094 Apen-

740 2117 866 2168 nino
897 2126 1077 2168 monte
1105 2117 1197 2184 qui
1233 2134 1260 2170 a
1295 2120 1427 2182 mari
1462 2116 1647 2171 Siculo
1701 2116 1958 2186 dirigitur
2021 2131 2196 2185 usque
2246 2115 2312 2169 ad

739 2207 1037 2261 (ieriuanos
1069 2209 1159 2276 qui
1192 2221 1320 2263 sunt
1365 2210 1521 2278 juxta
1577 2209 1852 2263 Borealem
1921 2224 2223 2274 oceanum;
2263 2216 2316 2261 ct

741 2298 866 2353 inde
898 2300 1122 2353 vertitur
1144 2301 1208 2354 ad
1235 2303 1526 2365 orientem,
1561 2311 1615 2354 et
1644 2299 1762 2355 ﬂuit
1792 2301 1846 2354 in
1885 2300 2116 2354 Pontum
2150 2300 2315 2353 Euxi-

745 2405 874 2441 num
941 2405 1040 2458 per
1097 2405 1192 2443 ora
1224 2400 1480 2459 quatuor.
1532 2391 1679 2445 Isnud
1741 2391 1939 2443 ﬂumen
1993 2390 2046 2443 in
2095 2389 2316 2444 Oriente

742 2491 965 2536 vocatur
1002 2481 1211 2545 Galles;
1252 2493 1426 2537 mutat
1456 2492 1641 2537 autem
1681 2497 1880 2536 nomen
1916 2483 1968 2536 in
2001 2482 2315 2546 Occidente,

750 2572 884 2627 Ister
928 2575 1283 2642 appellatum,
1342 2585 1396 2629 et
1425 2590 1454 2628 a
1481 2574 1787 2630 Thracibus
1821 2573 2104 2629 Danubius
2150 2575 2314 2629 etiam

750 2675 1022 2718 vocatum.
1077 2665 1141 2717 Et
1199 2666 1501 2719 maximum
1582 2667 1804 2735 quidem
1852 2676 1933 2719 est
1985 2666 2309 2731 ﬂuminum;

745 2772 837 2824 per
858 2773 915 2810 se
943 2759 1159 2822 quidem
1219 2758 1340 2811 Nilo
1371 2759 1570 2821 minus,
1618 2759 1710 2812 sed
1729 2758 1997 2826 recipiens
2033 2759 2319 2813 inﬂuentes

745 2845 811 2897 ad
847 2862 904 2899 se
941 2847 1153 2909 ﬂuvios,
1176 2845 1296 2899 Nilu
1327 2848 1504 2913 majus
1532 2848 1782 2902 eﬂicilur.
1814 2847 2006 2902 Decem
2035 2858 2088 2902 et
2113 2859 2318 2916 septem

747 2939 892 2991 ﬂuvii
933 2939 986 2992 in
1017 2939 1147 2991 illud
1191 2938 1444 2992 inﬂuunt.
1481 2938 1620 2992 Sunt
1649 2949 1828 2993 autem
1861 2940 1945 2994 isti
1987 2958 2000 2994 :
2028 2939 2069 2994 Ε
2098 2940 2318 3009 Scythia

746 3033 1027 3101 quinque,
1081 3032 1305 3085 Paratas
1349 3032 1489 3085 idem
1556 3047 1618 3086 ac
1672 3031 1933 3102 Pyretns,
1989 3031 2317 3095 Tiarautus,

2482 1754 2606 1807 Ὀτι
2633 1756 2661 1807 ὀ
2694 1757 2906 1826 Ἴστρος
2933 1757 2962 1809 6
2991 1757 3255 1826 ποταμὸς,
3279 1759 3568 1828 λεγόμενος
3613 1762 3793 1815 Φισὼν
3843 1768 3993 1836 παρὰ

2414 1847 2483 1915 τῇ
2522 1845 2642 1916 θείᾳ
2672 1846 2884 1917 Γραφῇ,
2918 1847 3012 1900 καὶ
3041 1846 3136 1900 τοῦ
3180 1849 3520 1918 Παραδείσου
3556 1851 3738 1916 ἐξιὼν,
3790 1855 3993 1925 ῶσπερ

2418 1937 2511 1989 καὶ
2553 1938 2603 1989 οἱ
2644 1930 2820 1990 λοιπιῖὶ
2872 1938 3087 2010 Τίγρις,
3143 1940 3458 2011 Εὐφράτης,
3518 1946 3612 1996 καὶ
3667 1944 3844 2015 Γηὼν,
3895 1949 3996 1999 καὶ

2418 2028 2617 2092 ὑποδὺς
2648 2029 2776 2091 τοὺς
2818 2030 3023 2100 μυχοὺς
3044 2032 3141 2100 τῆς
3175 2032 3298 2101 γῆς,
3334 2033 3427 2084 καὶ
3457 2034 3536 2096 είς
3563 2035 3718 2088 δύσιν
3749 2038 3994 2107 ἀπερχό-

2421 2137 2603 2190 μενος,
2638 2119 2833 2174 ἐκδιδοῖ
2871 2120 2967 2174 τοῦ
3027 2122 3338 2176 Ἀπεννίνου
3377 2123 3536 2194 ὅρους
3582 2127 3676 2179 τοῦ
3708 2127 3995 2198 διήκοντος

2416 2209 2525 2261 ἀπὸ
2569 2209 2668 2279 τῆς
2712 2208 3000 2277 Σικελικῆς
3054 2211 3335 2281 θαλάσσης
3381 2211 3486 2275 ἕως
3540 2213 3647 2266 τῶν
3695 2214 3998 2284 Γερμανῶν

2417 2298 2525 2350 τῶν
2569 2299 2707 2368 πρὸς
2746 2298 2824 2368 τῷ
2857 2297 3093 2369 βορῤείῳ
3131 2298 3357 2369 ὠκεανῷ
3382 2317 3396 2331 ο
3449 2301 3705 2353 κάκεῖθεν
3762 2304 3994 2373 σύρεται

2419 2392 2556 2459 πρὸς
2590 2389 2873 2459 ἀνατολὴν,
2904 2391 2997 2443 καὶ
3033 2392 3148 2459 χέει
3181 2393 3261 2453 εἰς
3290 2391 3382 2444 τὸν
3411 2391 3663 2456 Εὔξεινον
3687 2394 3999 2448 Πόντονδιά

2423 2486 2462 2533 ε’
2493 2481 2795 2550 στομάτων.
2815 2474 2982 2544 Οὗτος
3019 2483 3077 2532 ἐν
3103 2484 3170 2551 τῇ
3213 2482 3471 2553 Ἀνατολῇ
3503 2485 3830 2553 ὀνομάζεται
3859 2487 3997 2540 Γάλο

2420 2569 2552 2639 λης·
2607 2569 2862 2623 ἀλλάσσει
2911 2571 2967 2623 δὲ
3007 2571 3068 2622 τὸ
3113 2571 3285 2640 ὄνομα
3324 2575 3383 2623 ἐν
3427 2575 3494 2643 τῇ
3524 2573 3718 2639 Δύσει,
3781 2577 3999 2646 Ἴστρος

2421 2660 2910 2729 προσαγορευθεὶς,
2947 2661 3040 2714 καὶ
3089 2661 3192 2714 ὑπὸ
3224 2664 3456 2733 Θρᾳκῶν
3504 2667 3797 2731 Δανούϐιος
3835 2671 4002 2724 πάλιν

2420 2751 2777 2820 καλούμενος.
2815 2753 2925 2805 Καὶ
2963 2747 3115 2814 οὗτος
3150 2755 3248 2820 μὲν
3284 2756 3540 2824 μέγιστός
3571 2759 3687 2811 ἐστι
3714 2763 4001 2828 ποταμῶν,

2421 2844 2556 2896 ἀλλά
2602 2843 2727 2896 καθ’
2760 2843 2924 2897 αὑτὸν
2969 2844 3069 2914 μὲν
3105 2846 3283 2915 ἥττων
3321 2847 3418 2898 τοῦ
3465 2848 3682 2915 Νείλου,
3738 2852 4005 2923 ὑποδεχό-

2427 2953 2586 3004 μενος
2616 2936 2672 2988 δὲ
2715 2937 2844 2999 τοὺς
2886 2937 3197 3006 είσρέοντας
3228 2939 3286 2990 ἐν
3325 2938 3508 3010 αὐτῷ,
3542 2942 3634 2993 καὶ
3675 2943 3772 2995 τοῦ
3803 2945 4007 3000 Νείλου

2427 3025 2628 3094 μείζων
2679 3027 2909 3092 γίνεται.
2963 3025 3032 3091 Ιζ⁶
3075 3029 3183 3098 γάρ
3233 3029 3469 3099 ποταμοὶ
3527 3032 3907 3090 είσϐἀλλουσιν
3944 3039 4009 3091 ἐν

748 3127 975 3187 Ararus,
1028 3122 1596 3192 Naparis,0rdessus.
1645 3121 1718 3176 Ex
1772 3123 2087 3192 Agathyrsis
2143 3133 2319 3175 autem
2355 3107 2394 3163 Β

2355 3107 2394 3163 Β
2427 3115 2596 3183 αὐτῷ.
2661 3117 2781 3168 Εἰσὶ
2810 3117 2866 3170 δὲ
2909 3111 3058 3170 οὗτοι
3079 3135 3093 3150 ο
3124 3119 3190 3172 ἐκ
3223 3121 3322 3189 μὲν
3361 3105 3594 3187 Σκυθίας
3623 3130 3684 3187 ε’,
3720 3127 4005 3197 Παράτας,

749 3214 909 3268 Maris
1101 3225 1228 3278 tres,
1264 3215 1646 3278 Atlas,Auras,
1675 3214 1914 3267 Timisis.
1949 3213 1989 3265 E
2020 3213 2323 3267 Thracibus

747 3305 1012 3375 (lrobyzis
1046 3312 1162 3359 tres
1184 3344 1199 3368 ,
1235 3306 1396 3366 Atax,
1420 3303 1582 3366 Noes,
1609 3312 1662 3357 et
1690 3303 1938 3357 Artanes.
1973 3305 2011 3356 E
2042 3303 2250 3358 Pa-anis
2273 3314 2325 3358 cl.

748 3407 929 3450 monte
953 3396 1391 3464 Bliodochbius
1415 3396 1607 3448 ﬂuvius
1628 3395 1837 3449 medius
1853 3395 2101 3448 dividitur
2117 3395 2320 3449 Haemo.

750 3487 825 3540 Ex
867 3487 1063 3557 Illyriis
1111 3488 1389 3541 montibus
1418 3487 1483 3540 ad
1514 3487 1730 3542 boream
1763 3497 1983 3541 ventum
2017 3503 2243 3556 vergens
2268 3489 2320 3541 in

750 3581 1099 3633 Triballicum
1163 3595 1377 3648 agrum,
1436 3582 1653 3648 Augrus
1731 3579 1902 3634 ﬂuens
1935 3581 1987 3633 in
2021 3579 2320 3648 Brongnm,

753 3673 997 3739 Bruugus
1035 3684 1217 3726 autem
1256 3674 1309 3724 iu
1341 3671 1560 3725 Istrum.
1597 3671 1637 3723 E
1668 3673 1889 3739 regione
1931 3671 2317 3726 Ombricoruin

750 3765 933 3830 Calpis
960 3775 1013 3816 et
1037 3765 1210 3833 Alpis.
1232 3763 1472 3816 Inﬂuunt
1507 3772 1688 3817 autem
1722 3764 1884 3816 etiam
1916 3761 2005 3814 alii
2032 3762 2084 3815 in
2121 3763 2320 3829 ipsum,

749 3870 780 3906 θ
807 3855 1004 3922 quibus
1033 3855 1089 3907 ﬁt
1116 3856 1362 3914 omnium
1391 3853 1674 3907 ﬂuminum
1717 3853 2038 3906 maximum.
2088 3850 2322 3919 Equale

753 3957 929 3999 autem
957 3947 1057 4002 sibi
1083 3946 1200 4000 ﬂuit
1243 3947 1294 4000 iu
1318 3954 1505 4000 aestate
1528 3957 1580 3999 et
1604 3945 1801 4009 hieme,
1834 3943 1960 4013 quia
1989 3958 2179 4011 parum
2207 3943 2324 4013 ipsa

755 4050 894 4108 terra
915 4041 1198 4110 irrigatur;
1220 4040 1435 4093 nivibus
1455 4048 1634 4092 autem
1655 4045 1825 4092 totum
1848 4038 2030 4090 alitur.
2062 4035 2116 4090 In
2137 4045 2325 4090 aestate

754 4146 880 4184 vero
926 4148 1046 4200 qua:
1083 4132 1135 4184 in
1172 4132 1350 4184 hieme
1379 4130 1577 4184 cecidit
1625 4129 1716 4183 nix
1761 4128 2047 4182 abundans
2100 4128 2325 4181 omnino

754 4223 1065 4291 liquefacta,
1126 4223 1178 4275 in
1203 4222 1397 4275 Istrum
1427 4221 1635 4276 dcﬂnit.
1657 4219 1932 4285 Quantum
1962 4230 2141 4273 autem
2169 4235 2324 4289 aqua:

754 4317 836 4368 sol
868 4317 1102 4369 extrahit
1135 4317 1188 4368 in
1233 4325 1418 4368 :estate
1448 4317 1526 4367 vel
1553 4315 1604 4366 in
1634 4315 1830 4376 hieme,
1855 4321 2066 4366 tantum
2099 4314 2320 4366 ﬂumina

755 4426 876 4477 qua:
902 4411 953 4463 in
988 4409 1185 4462 Istrum
1239 4408 1519 4461 conﬂuunt
1559 4417 1840 4475 praestant,
1903 4407 2076 4460 multo
2115 4407 2320 4474 majora
2351 4430 2394 4486 ο

755 4504 807 4557 iu
836 4511 1021 4555 aestate
1054 4517 1215 4569 quam
1253 4501 1304 4552 in
1337 4501 1534 4553 hieme.
1565 4498 1886 4552 Substitutis
1915 4499 1984 4550 ita
2028 4497 2112 4549 his
2142 4498 2320 4565 aquis,

755 4595 810 4647 ﬂt
837 4593 1234 4662 compensatio,
1271 4594 1344 4645 ita
1369 4599 1427 4644 ut
1462 4605 1678 4659 semper
1707 4589 1838 4643 illud
1871 4589 1942 4643 sit
1965 4589 2064 4643 sibi
2092 4589 2320 4658 aequale.

755 4685 890 4740 Ister
946 4688 1225 4754 proprium
1275 4699 1471 4736 nomen
1521 4691 1701 4736 servat
1749 4696 1922 4749 usque
1958 4681 2023 4732 ad
2061 4679 2323 4732 Sirmium

754 4779 1036 4846 antiquam
1091 4776 1460 4828 Romanorum
1530 4771 1864 4827 fortunatam
1929 4771 2140 4833 urbem,
2198 4771 2324 4824 ulti-

756 4883 846 4919 mo
897 4875 1078 4920 autem
1132 4867 1235 4919 sub
1271 4864 1534 4933 Gepidum
1587 4864 1887 4931 regionem,
1934 4861 2137 4915 amittit
2178 4863 2321 4930 apud

754 4959 1039 5026 indigenas
1082 4957 1230 5025 prius
1261 4972 1478 5020 nomen,
1531 4955 1922 5023 Danubiusque
1969 4962 2214 5007 vocatur.
2254 4952 2326 5006 Ita

756 5069 882 5106 vero
908 5052 1008 5120 ipsi
1035 5049 1273 5105 Thraces
1306 5059 1656 5105 vocaverunt,
1678 5048 1804 5115 quia
1827 5048 1878 5098 in
1907 5045 2185 5099 montibus
2205 5060 2326 5098 ver-

759 5157 852 5194 sus
884 5151 1093 5195 arctum
1123 5151 1176 5193 et
1197 5140 1486 5193 Thraciam
1520 5140 1818 5191 nebulosus
1849 5153 1943 5190 aer
1961 5146 2176 5204 propter
2195 5136 2328 5189 sub-

751 5235 1018 5301 jaeentem
1045 5232 1286 5285 humoris
1308 5231 1719 5292 abundantiam,
1738 5230 1844 5282 illis
1865 5245 2030 5283 causa
2056 5237 2328 5297 perpetuac

755 5326 949 5392 pluvia:
981 5324 1213 5376 videtur.
1264 5321 1570 5376 Danubium
1598 5331 1779 5375 autem
1815 5323 1972 5390 quasi
2003 5321 2326 5373 nebulosam

757 5416 1020 5468 cervicem
1055 5415 1143 5468 i5ti
1181 5415 1352 5482 patria
1389 5415 1573 5483 lingua
1600 5423 1814 5466 vocant.
1858 5413 1983 5466 Inde
2025 5411 2332 5465 immutavit

757 5506 1510 5576 Istersuamappellationem,
1547 5505 1934 5573 Danubiusque
1963 5514 2192 5558 vocatus
2220 5512 2325 5557 est.

760 5595 982 5648 Minime
1020 5606 1200 5649 autem
1237 5597 1437 5648 mirum
1466 5606 1548 5649 est
1597 5596 1641 5648 si
1680 5595 1811 5648 Ister
1839 5610 1868 5648 e
1901 5593 2161 5646 Paradiso
2194 5593 2330 5646 dila-

764 5685 916 5748 bcns,
949 5695 1002 5738 et
1031 5686 1174 5754 apud
1211 5685 1546 5755 Scripturam
1587 5685 1783 5739 Phison
1817 5696 2060 5749 vocatus,
2091 5701 2154 5738 ex
2178 5684 2328 5738 oeci-

761 5777 962 5834 dcntali
979 5790 1180 5846 monte,
1219 5779 1564 5849 Apenninum
1581 5779 1976 5845 dico,vidcatur
1995 5778 2324 5833 rctroﬂuere.

2426 3208 2453 3258 6
2481 3207 2573 3258 καὶ
2609 3208 2873 3277 Πυρετὸς,
2905 3209 3225 3275 Τιάραντος,
3265 3211 3526 3283 ¹Ἄραρος,
3562 3214 3835 3284 Νάπαρις,
3876 3218 4008 3289 Ὀρ-

2424 3299 2618 3365 δησσός
2643 3316 2657 3329 ⁸
2685 3302 2748 3352 ἐκ
2767 3300 2822 3353 δὲ
2859 3301 3209 3372 Ἀγαθύρσων
3237 3304 3540 3374 Μάρις.....
3571 3310 3741 3376 τρεῖς,
3774 3309 4006 3375 Ἄτλας,

2425 3391 2629 3461 Δύρας,
2667 3393 2887 3461 Τίμισις
2911 3410 2923 3422 ο
2958 3396 3022 3446 ἐκ
3051 3395 3107 3447 δὲ
3138 3395 3246 3446 τῶν
3277 3396 3510 3466 Θρᾳκῶν
3544 3399 3650 3451 τῶν
3679 3399 4008 3470 Κρωϐύζων

2423 3485 2594 3550 τρῖς.
2652 3482 2844 3546 ’Λταξ,
2880 3483 3046 3549 Νόης,
3089 3485 3184 3536 καὶ
3242 3485 3545 3556 Ἀρτάνηςο
3575 3489 3640 3540 ἐκ
3667 3488 3724 3541 δὲ
3756 3489 4009 3543 Παιόνων

2425 3577 2518 3628 καὶ
2553 3575 2714 3642 ὅρους
2776 3575 3037 3646 Ῥοδόπης
3085 3577 3216 3640 Κίος
3265 3579 3510 3648 ποταμὸς
3553 3581 3719 3648 μέσος
3756 3582 4007 3650 σχίζεται

2424 3667 2516 3719 τὶν
2548 3666 2719 3738 Αἷμον
2741 3687 2754 3700 '
2799 3675 2862 3725 ἐκ
2888 3673 2945 3726 δὲ
3000 3673 3276 3742 Ἰλλυριῶν
3322 3672 3467 3743 ὀρῶν
3491 3676 3583 3727 τὸν
3622 3675 3758 3746 πρὸς
3791 3676 4005 3747 βορρᾶν

2426 3759 2624 3828 ἄνεμον
2657 3761 2864 3829 βάλλων
2896 3766 2974 3826 είς
3023 3765 3082 3816 τὸ
3114 3765 3475 3834 Τριϐαλλικὸν
3509 3767 3713 3830 πεδίον,
3760 3770 4007 3838 ιἌγγρος

2428 3852 2632 3921 ὲκχέων
2654 3853 2734 3915 είς
2761 3855 2849 3906 τὸν
2873 3856 3137 3925 Βρόγγον,
3158 3859 3185 3910 6
3205 3856 3262 3910 δὲ
3281 3855 3525 3926 Βρόγγος
3545 3861 3624 3921 εἰς
3650 3859 3743 3913 τὸν
3765 3862 4006 3931 Ἴστρον·

2426 3942 2492 3994 ὲκ
2519 3942 2575 3995 δὲ
2613 3941 2712 4013 τῆς
2746 3943 2928 4014 χώρας
2975 3947 3083 3999 τῶν
3121 3948 3431 4018 Ὀμϐρικῶν
3484 3950 3699 4012 Κάλπις
3731 3952 3826 4002 καὶ
3874 3952 4011 4003 Ἀλ-

2428 4051 2539 4096 πις.
2587 4034 2942 4089 Είσϐἀλλουσι
3009 4037 3064 4091 δὲ
3111 4039 3205 4091 καὶ
3253 4040 3431 4108 ἕτεροι
3483 4043 3563 4104 εἰς
3606 4042 3790 4106 αὐτὸν,
3832 4043 3889 4107 ἐξ
3930 4037 4008 4096 ὧν

2427 4125 2634 4191 γίνεται
2668 4127 2887 4180 πάντων
2919 4130 3180 4199 ποταμῶν
3212 4131 3489 4200 μέγιστος.
3531 4133 3671 4196 Ἰσος
3701 4134 3755 4186 δὲ
3790 4138 3876 4204 ῥεῖ
3904 4137 4008 4187 αὖε

2427 4217 2516 4279 τὸς
2548 4218 2725 4288 ἑαυτῷ
2749 4221 2808 4272 ἐν
2841 4219 2988 4289 θέρει
3023 4222 3115 4274 καὶ
3143 4222 3396 4291 χειμῶνι,
3427 4224 3510 4276 ὅτι
3542 4224 3722 4292 ὀλίγον
3752 4227 4011 4297 βρέχεται

2427 4310 2566 4380 αῦτη
2603 4314 2636 4381 ἠ
2664 4311 2768 4382 γῆ·
2820 4313 3020 4382 νιφετῷ
3048 4314 3105 4366 δὲ
3147 4314 3325 4368 πάντα
3365 4317 3585 4385 χρᾶται.
3632 4319 3719 4370 Ἐν
3764 4319 3918 4388 θέρει
3953 4320 4011 4372 δὲ

2429 4401 2462 4468 ἡ
2491 4401 2549 4451 ἐν
2575 4399 2652 4468 τῷ
2678 4401 2905 4469 χειμῶνι
2935 4402 3177 4456 πεσοῦσα
3205 4403 3339 4473 χιὼν
3372 4405 3538 4475 πολλὴ
3560 4407 3840 4476 τηκομένη
3865 4410 4011 4459 πᾶν·

2426 4491 2599 4556 τοθεν,
2645 4493 2915 4545 εἰσϐάλλει
2944 4494 3023 4563 τῷ
3066 4497 3285 4566 Ἴστρῳ.
3325 4497 3488 4549 Ὅσον
3540 4497 3597 4550 δὲ
3628 4498 3773 4567 ὕδωρ
3803 4502 3832 4550 6
3854 4500 4012 4567 ἥλιος

2427 4582 2712 4651 ἐφέλκεται
2743 4585 2800 4636 ἐν
2828 4585 2906 4654 τῷ
2937 4585 3104 4654 θέρει,
3128 4585 3160 4654 ἢ
3188 4587 3245 4638 ἐν
3269 4585 3347 4656 τῷ
3369 4587 3620 4657 χειμῶνι,
3651 4588 3907 4642 τοσοῦτον
3941 4592 4010 4642 τὰ

2430 4674 2815 4744 συμμιγόμενα
2855 4677 2933 4746 τῷ
2966 4679 3164 4749 Ἴστρῳ
3208 4679 3590 4733 πολλαπλάσιὰ
3623 4681 3739 4733 ἐστι
3768 4682 3863 4734 τοῦ
3914 4683 4009 4735 θέο

2433 4783 2558 4835 ρους
2625 4767 2658 4834 ἢ
2692 4768 2784 4820 τοῦ
2817 4769 3120 4838 χειμῶνος·
3174 4770 3560 4840 ἀντιτιθέμενα
3587 4771 3645 4824 δὲ
3679 4771 3877 4837 ταῦτα,
3912 4775 4010 4826 ἀν-

2427 4862 2722 4928 τισήκωσις
2769 4862 2998 4929 γίνεται,
3028 4863 3110 4926 ὼς
3174 4863 3264 4916 ἀεὶ
3292 4862 3406 4915 ἴσον
3436 4863 3596 4915 αὐτὸν
3623 4857 3765 4916 εἶναι
3807 4865 4010 4932 ἐαυτῷ.

2429 4946 2596 5012 Οὗτος
2620 4953 2648 5004 6
2681 4951 2890 5022 Ἴστρος
2913 4954 3011 5024 τὴν
3046 4953 3181 5006 ἰδίαν
3210 4955 3586 5024 προσηγορίαν
3615 4953 3877 5020 φυλάσσει
3903 4957 4010 5018 ἓως

2431 5041 2656 5110 Σιρμίου
2701 5042 2798 5110 τῆς
2855 5043 3019 5095 πάλαι
3062 5043 3348 5112 Ῥωμαίων
3418 5043 3735 5113 εὐδαίμονος
3776 5045 4006 5107 πόλεως,

2430 5131 2656 5200 ἔσχατον
2703 5133 2760 5184 δὲ
2811 5133 2916 5186 ὑπὸ
2968 5135 3008 5186 Γ
3012 5134 3227 5204 ηπέδων
3289 5135 3652 5203 οἰκουμένης,
3709 5135 4008 5188 ἀποϐάλλει

2435 5223 2616 5292 μέντοι
2664 5226 2813 5294 παρὰ
2849 5227 2960 5288 τοῖς
3005 5227 3322 5296 ἐπιχωρίοις
3353 5229 3412 5278 τὸ
3447 5225 3756 5296 ἔμπροσθεν
3805 5227 4003 5293 ὄνομα,

2432 5315 2718 5378 Δανούϐιος
2772 5318 3153 5388 μετακληθείς.
3205 5318 3362 5371 Οὕτω
3403 5319 3458 5371 δὲ
3503 5319 3665 5370 αὐτὸν
3708 5319 3756 5369 cI
3793 5319 4006 5389 Θρᾷκες

2433 5408 2716 5475 ἐκάλεσαν,
2755 5409 2890 5461 διότι
2919 5411 2998 5472 είς
3048 5412 3117 5462 τὰ
3161 5410 3298 5478 πρὸς
3352 5412 3587 5480 Ἄρκτον
3622 5411 3716 5464 καὶ
3759 5411 4004 5481 Θρᾳκίαν

2433 5498 2536 5568 ὅρη
2571 5501 2834 5569 συννεφὴς
2863 5501 2892 5552 6
2923 5500 3032 5571 ἀὴρ
3068 5502 3132 5554 ἐκ
3159 5504 3257 5572 τῆς
3285 5502 3657 5570 ὑποκειμένης
3689 5502 3798 5554 τῶν
3824 5503 4004 5572 ὑγρῶν

2435 5590 2720 5661 ἀμετρίας,
2750 5591 2919 5654 αἴτιος
2949 5593 3130 5654 αὐτοῖς
3163 5593 3420 5662 συνεχοῦς
3457 5594 3765 5663 ἐπομϐρίας
3792 5595 4005 5661 νομίζε⁸

2433 5700 2543 5737 ται.
2603 5683 2890 5736 ¹Λανούϐιον
2937 5684 2993 5736 δὲ
3034 5684 3126 5736 τὸν
3177 5686 3537 5754 νεφελοφόρον
3568 5687 3762 5738 ἐκεῖνοι
3786 5685 4004 5737 καλοῦσι

2440 5777 2701 5846 πατρίως.
2787 5776 3065 5831 Ἐντεῦθεν
3121 5777 3524 5848 μεταϐέϐληκεν
3568 5777 3598 5829 ό
3645 5778 3861 5849 Ἴστρος
3912 5777 4002 5836 τὴν
