4232 6434
270 401 408 466 1957

1313 404 1408 463 DE
1442 404 1516 465 IV
1573 404 2051 466 FLUMINIBUS
2108 406 2485 466 PARADISI.

3369 408 3503 472 1058

265 517 459 570 ἑαυτοῦ
489 515 807 586 ὀνομασίαν,
840 517 1129 580 Δανούϐιος
1171 519 1552 587 μετακληθείς.
1590 521 1754 572 Οὐδὲν
1776 520 1830 573 δὲ
1860 528 1903 582 Α

1825 541 1830 572 ;
1860 528 1903 582 Α
1936 521 2145 575 Etenim
2175 531 2228 574 et
2261 520 2412 576 Nilus
2429 523 2608 577 dictus
2629 521 2802 586 Ceon,
2826 536 2852 575 ε
2876 521 3133 576 Paradiso
3156 521 3344 574 codem
3372 540 3496 589 pri)-

266 607 576 679 θαυμαστὸν
602 608 631 659 6
669 596 882 679 Ἴστρος
934 607 1318 679 ἐξορμώμενος
1347 610 1439 662 τοῦ
1483 611 1829 680 παραδείσου,

266 705 358 752 καὶ
404 701 553 771 παρὰ
595 703 659 771 τῇ
701 701 890 772 Γραφῇ
943 701 1233 770 λεγόμενος
1286 703 1483 766 Φισὼν,
1518 705 1580 756 ὲκ
1609 704 1701 755 τοῦ
1733 705 1835 773 τῆς

265 791 469 852 δύσεως
523 792 703 860 ὅρους,
756 793 901 861 λέγω
946 792 1010 862 δὴ
1057 792 1152 844 τοῦ
1214 794 1526 846 ’Δπεννίνου
1580 796 1832 861 φαίνεται

266 880 569 948 ἀναρρέων.
604 882 711 934 Καὶ
755 881 864 949 γάρ
904 883 997 933 καὶ
1021 884 1049 935 6
1077 882 1265 946 Νεῖλος
1295 885 1322 935 6
1357 883 1650 953 λεγόμενος
1678 886 1832 953 Γηὼν

267 973 330 1021 ὲκ
359 968 452 1023 τοῦ
488 971 653 1024 αὑτοῦ
719 974 1048 1043 παραδείσου
1093 974 1316 1044 προῖὼν,
1366 975 1493 1044 μίαν
1534 978 1629 1043 μὲν
1657 977 1836 1044 πηγὴν

266 1061 379 1130 ἔχει
406 1062 484 1124 είς
514 1062 747 1133 Λιϐύην,
798 1066 989 1136 ἑτέρας
1038 1066 1103 1118 δὲ
1147 1065 1240 1118 δύο
1277 1069 1356 1129 είς
1383 1068 1480 1136 τὴν
1514 1067 1624 1119 ἀνω
1654 1067 1834 1119 ΑίΟιο-

267 1155 400 1207 πίαν
447 1159 586 1209 κατά
637 1157 840 1219 Νότον,
894 1149 968 1208 ὧν
1025 1157 1371 1226 μισγομένων
1425 1156 1743 1226 πλημμυρεῖ
1775 1158 1835 1209 τὸ

270 1245 414 1315 ὕδωρ
447 1247 635 1310 αὑτοῦ,
681 1248 774 1298 καὶ
821 1246 1031 1310 ποτίζει
1071 1248 1168 1316 τὴν
1207 1248 1484 1313 Αἴγυπτον
1523 1249 1833 1314 Αὐγούστου

272 1336 462 1404 μηνός.
512 1336 620 1386 Καὶ
655 1337 768 1396 τοῖς
802 1335 900 1403 μὲν
931 1335 1148 1397 πολλοῖς
1181 1337 1329 1387 δοκεῖ
1372 1336 1606 1405 ἀπορίας
1638 1337 1835 1401 πολλὰς

267 1424 496 1486 τίκτειν,
525 1426 642 1487 πῶς
677 1427 734 1477 ὲν
759 1425 939 1495 καιρῷ
985 1425 1264 1495 αὑχμώδει
1305 1427 1640 1497 πλημμυρεῖ,
1678 1429 1837 1498 ἡνίκα

270 1515 534 1585 λιψυδρία
565 1516 800 1586 ὑπάρχει
829 1518 907 1587 τῷ
935 1518 1118 1571 παντί.
1150 1517 1273 1581 Τοῖς
1304 1519 1361 1572 δὲ
1384 1521 1452 1571 τὰ
1479 1521 1576 1589 τῆς
1614 1523 1837 1591 Γραφῆς

268 1605 531 1659 ἀσκοῦσιν
593 1609 850 1677 οὐδεμίαν
897 1609 1069 1662 τίκτει
1125 1611 1477 1680 ἀμφιϐολίαν.
1531 1613 1693 1665 Ὅθεν
1745 1616 1838 1668 καὶ

271 1699 425 1768 παρά
461 1701 574 1762 τοῖς
611 1700 1004 1768 ίεροτελεσταῖς
1046 1701 1154 1754 τῶν
1200 1704 1532 1769 Αἰγυπτίων,
1570 1705 1642 1766 ὡς
1685 1706 1840 1774 ἐρευ-

269 1792 402 1844 νῶσι
439 1793 507 1844 τά
540 1793 779 1862 κρύφια,
847 1795 1187 1856 Ἀστάσπους
1236 1794 1582 1863 ὀνομάζεται,
1615 1797 1642 1847 ὂ
1665 1799 1837 1866 ἑρμη-

1934 615 2109 678 tliens,
2142 629 2307 666 unum
2349 615 2562 681 quidem
2599 613 2802 668 fontem
2839 614 2996 667 habet
3024 614 3076 666 in
3128 612 3317 681 Libya,
3365 616 3498 666 alios

1935 716 2112 758 autem
2145 706 2284 759 duos
2336 705 2388 756 in
2421 708 2703 773 superiore
2737 706 3017 774 Ethiopia
3054 720 3246 758 versus
3278 704 3496 764 Notum,

1933 799 2130 866 quibus
2153 798 2406 852 immistis
2427 799 2754 868 crescitejus
2775 815 2935 868 aqua,
2961 808 3014 852 et
3050 799 3187 867 rigat
3207 797 3497 867 Ᾱῖιιῃιιιιιιι

1936 905 2119 943 mense
2147 891 2410 958 Augusto.
2447 889 2628 944 Multis
2649 893 2864 959 quidem
2901 893 3110 944 videtur
3137 891 3303 942 multa
3339 893 3498 943 dubia

1937 994 2148 1045 parere,
2178 980 2320 1046 quod
2357 983 2407 1034 in
2441 991 2685 1049 tempore
2726 982 2988 1036 siccitatis
3024 991 3256 1042 crescat,
3283 983 3499 1049 quando

1935 1069 2131 1123 ardens
2157 1070 2303 1122 calor
2327 1073 2505 1124 omnia
2537 1080 2785 1140 occupat.
2808 1071 2901 1126 llis
2938 1085 3113 1126 autem
3142 1075 3233 1143 qui
3265 1075 3500 1140 scriptu-

1936 1175 2052 1212 ram
2087 1161 2284 1213 callcnt
2334 1163 2536 1215 nullam
2562 1163 2704 1216 istud
2741 1164 2881 1231 parit
2926 1163 3336 1218 hazsitationcm.
3375 1164 3501 1217 Inde

1935 1250 2095 1302 etiam
2128 1251 2268 1318 apud
2312 1265 2498 1304 sacras
2541 1250 2915 1319 Egyptiorum
2955 1253 3249 1312 doctrinas,
3291 1261 3348 1303 ut
3409 1266 3499 1302 ar—

1938 1357 2071 1394 cana
2096 1343 2398 1410 inquirunt,
2421 1343 2686 1408 Astaspus
2704 1344 3037 1403 nominatur,
3057 1341 3201 1409 quod
3235 1343 3499 1408 interpre-

1940 1445 2119 1490 tantur
2151 1436 2388 1507 Aﬂgyptii
2419 1450 2615 1505 aquam
2648 1451 2677 1488 e
2714 1435 2967 1498 tenebris,
2999 1437 3068 1486 ob
3106 1434 3501 1487 obscuritatem

1937 1527 2056 1595 ejus
2084 1542 2114 1580 e
2149 1535 2288 1580 terra
2316 1524 2655 1578 cmersionis.
2686 1521 2787 1588 Qui
2822 1524 2962 1576 enim
2999 1523 3125 1576 talia
3159 1521 3360 1575 ileNilo
3392 1537 3497 1573 non

1938 1620 2234 1673 sentientes
2270 1618 2320 1669 in
2347 1616 2492 1670 mille
2514 1616 2677 1670 dubia
2703 1617 3158 1675 cadunt,manent
3178 1622 3442 1681 perpelth
3469 1630 3496 1664 a

1938 1710 2164 1764 veritate
2188 1717 2455 1762 errantes.
2483 1707 2549 1761 Et
2577 1706 2796 1777 quidem
2821 1706 2884 1757 de
2905 1704 3124 1772 Trigide
3148 1714 3202 1758 et
3224 1703 3502 1772 Euphrate

1939 1802 2079 1855 idem
2107 1813 2323 1868 quoque
2344 1800 2591 1853 sentitur.
2624 1799 2661 1851 Ε
2692 1798 2951 1851 l‘aradiso
2971 1797 3113 1850 enim
3141 1807 3366 1863 uterque
3396 1795 3506 1846 ori-

270 1881 487 1936 νεύεται
536 1883 660 1935 κατ’
688 1884 1020 1950 Αίγυπτίους
1052 1886 1114 1936 ἐκ
1164 1885 1388 1947 σκότους
1437 1885 1610 1955 ῦδωρ,
1656 1887 1744 1938 διὰ
1777 1888 1836 1938 τὸ
1869 1879 1908 1933 Β

1831 1911 1836 1934 ι
1869 1879 1908 1933 Β
1943 1891 2118 1958 ginem
2142 1888 2366 1950 ducens,
2393 1902 2592 1941 terrain
2634 1889 3083 1954 subpenctrantes
3112 1893 3371 1954 apparent
3395 1885 3502 1936 cir-

270 1973 464 2040 ἀδηλον
513 1975 613 2044 τῆς
645 1975 947 2038 ἀναδόσεως
1000 1974 1163 2028 αὑτοῦ
1215 1976 1321 2029 ἀπὸ
1351 1978 1448 2045 τῆς
1480 1978 1604 2046 γῆς.
1636 1978 1696 2028 Οἱ
1732 1979 1835 2046 γὰρ

275 2066 350 2134 μὴ
379 2065 548 2118 ταῦτα
596 2067 725 2138 περὶ
769 2067 932 2119 αὑτοῦ
980 2067 1292 2133 δοξάζοντες
1321 2070 1400 2129 είς
1431 2069 1630 2136 μυρίας
1677 2071 1837 2120 ἐκπί-

273 2174 498 2220 πτοντες
529 2159 783 2229 ἀπορίας,
829 2159 1081 2228 μένουσιν
1113 2161 1218 2222 ἕως
1252 2159 1435 2220 τέλους
1461 2161 1558 2228 τῆς
1583 2160 1836 2230 ἀληθείας

272 2246 740 2318 ἀποπλανώμενοι.
778 2250 885 2303 Καὶ
922 2248 1104 2318 μέντοι
1137 2249 1230 2301 καὶ
1281 2249 1408 2319 περὶ
1459 2248 1709 2317 Τίγριδος
1744 2249 1838 2300 καὶ

273 2342 561 2410 Εὕφράτου
604 2342 664 2395 τὸ
695 2342 824 2396 αὑτὸ
861 2343 1166 2407 δοξάζεται.
1224 2343 1317 2394 Ἐκ
1355 2341 1449 2393 τοῦ
1511 2342 1837 2410 παραδείσου

277 2434 387 2504 γὰρ
442 2435 693 2505 ἑκάτεροι
750 2436 848 2506 τὴν
883 2437 1093 2502 γένεσιν
1124 2436 1365 2504 ἔχοντες,
1413 2433 1699 2495 ὑποδύντες
1741 2436 1839 2504 τὴν

271 2525 378 2594 γῆν
411 2526 796 2592 ἀναφαίνονται
847 2526 988 2578 κατά
1025 2526 1115 2578 τὸν
1157 2525 1368 2594 Ταῦρον
1427 2529 1488 2576 τὸ
1517 2525 1659 2594 ὅρος,
1693 2524 1787 2577 καὶ
1813 2527 1840 2576 6

281 2617 383 2686 μὲν
429 2617 720 2686 Εὐφράτης
765 2617 928 2688 δήλην
953 2618 1063 2687 ἔχει
1107 2617 1204 2687 τὴν
1234 2617 1486 2670 ἀνάλυσιν
1512 2631 1526 2646 °
1557 2615 1758 2668 κατιὼν
1783 2615 1838 2667 δὲ

273 2709 340 2760 ὲκ
372 2708 480 2760 τῶν
519 2708 748 2776 βορείων
797 2709 980 2778 μερῶν
1036 2708 1173 2778 πρὺς
1209 2710 1277 2761 τὰ
1330 2707 1481 2760 νότια
1531 2708 1839 2774 πλησιάζων

273 2800 354 2869 τῷ
379 2800 631 2871 Περσικῷ
677 2800 862 2870 κόλπῳ
907 2801 1003 2870 ’ἐλη
1033 2801 1254 2870 ἐμποιεῖ
1283 2801 1374 2853 καὶ
1403 2801 1696 2869 καλαμώδη
1725 2799 1843 2851 τέλ-

277 2907 449 2960 ματα,
481 2891 727 2960 καὶπερὶ
772 2891 908 2944 αὑτὰ
943 2892 1041 2960 μὲν
1091 2891 1424 2959 εἱλούμενος,
1470 2889 1681 2959 ἀδήλως
1705 2889 1844 2956 ἀφα-

275 2981 503 3044 νίζεται.
522 2981 579 3033 '0
609 2983 788 3050 μέντοι
811 2981 1001 3050 Τίγρις
1030 2982 1136 3034 ἀπό
1157 2998 1296 3042 τινος
1325 2981 1518 3049 λίμνης
1547 2979 1844 3048 λεγομένης

277 3072 566 3135 Θωνίτιδος
593 3071 803 3140 ἀδήλως
832 3071 1013 3138 ἐξιὼν,
1045 3073 1140 3124 καὶ
1172 3071 1333 3133 αὐτὸς
1370 3072 1578 3140 οἴχεται
1610 3071 1745 3139 πρὸς
1775 3071 1842 3122 τὰ

275 3164 427 3218 νότια
481 3164 643 3233 μέρη,
681 3167 774 3217 καὶ
797 3165 1101 3217 διακόπτων
1125 3162 1218 3215 τὸν
1248 3162 1460 3233 Ταῦρον
1487 3162 1545 3215 τὸ
1569 3162 1692 3231 ὅρος
1714 3163 1841 3231 περὶ

276 3253 615 3316 Μασαϐάτας
652 3253 863 3305 ἑνοῦται
887 3253 966 3322 τῷ
996 3253 1278 3321 Εὑφράτη,
1309 3252 1403 3303 καὶ
1422 3251 1712 3320 διασχίζων
1743 3252 1841 3321 τὴν

278 3345 594 3408 Βαϐυλῶνα,
627 3346 720 3396 καὶ
742 3343 941 3397 κατιὼν
970 3342 1196 3413 πλησίον
1213 3343 1532 3412 Τερηδὸνος,
1568 3343 1839 3396 εἰσϐάλλει

277 3439 358 3498 είς
391 3438 481 3489 τὸν
529 3437 793 3505 Περσικὸν
828 3436 1047 3489 κόλπον.
1101 3434 1212 3505 Πρὸ
1241 3435 1296 3486 δὲ
1325 3434 1419 3486 τοῦ
1467 3435 1730 3504 ἑνωθῆναι
1763 3433 1841 3502 τῷ

277 3529 562 3599 Εὐφράτῃ,
616 3527 919 3597 ἀμφότεροι
971 3525 1222 3595 ἀλλήλων
1253 3525 1573 3598 διῃρημένοι
1631 3525 1841 3593 ῥέοντες

279 3620 495 3673 ποιοῦσι
519 3619 619 3689 τὴν
651 3619 949 3688 λεγομένην
979 3618 1405 3684 Μεσοποταμίαν
1455 3617 1682 3685 ἔχουσαν
1709 3616 1843 3668 πλά-

275 3727 370 3773 τος
426 3711 533 3762 ἀπὸ
564 3709 848 3780 Εὐφράτου
895 3710 1055 3780 μέχρι
1089 3707 1334 3777 Τίγριδος
1371 3708 1522 3776 μίλια
1571 3714 1710 3778 υκη’,
1751 3709 1844 3759 καὶ

280 3801 472 3853 στάδια
505 3800 546 3863 ,δ
598 3800 738 3852 κατά
765 3799 862 3867 τὴν
887 3799 1259 3867 ἀναμέτρησιν
1306 3798 1720 3867 Ἐραστοθένους
1749 3797 1840 3850 τοῦ

279 3891 649 3959 πολυμαθοῦς.
720 3891 866 3943 Ἐπεὶ
895 3891 950 3944 οι
997 3890 1094 3959 τὴν
1146 3889 1318 3960 ἀρχὴν
1370 3890 1433 3941 ὲκ
1480 3889 1573 3941 τοῦ
1629 3892 1840 3960 Ἰστρου

282 3982 643 4051 ποιησάμενοι
667 3982 734 4034 ὼ)
748 3984 1048 4052 ισθήσαμεν
1065 3982 1157 4034 καὶ
1179 3999 1244 4033 πε
1256 3983 1308 4052 pl.
1327 3981 1421 4034 τοῦ
1439 3983 1628 4035 Νείλου
1652 3985 1844 4049 εἰπεῖν,

279 4076 382 4126 οὑκ
413 4076 638 4143 ἄκαιρον
692 4073 972 4142 ἡγούμεθα
1006 4075 1099 4126 καὶ
1130 4073 1315 4141 ἑτέρου
1350 4073 1650 4142 μνησθῆναι
1681 4091 1847 4142 κεφα-

281 4165 437 4218 λαίου
472 4164 806 4234 καταλλήλου
839 4165 1178 4234 ὑπάρχοντος
1215 4164 1310 4215 τοῦ
1345 4164 1596 4233 περὶτῆς
1628 4165 1847 4232 ὲκροίας

282 4258 473 4310 αὑτοῦ.
509 4259 615 4310 Καὶ
650 4259 756 4327 γὰρ
792 4258 881 4310 τὸν
911 4257 1101 4325 καιρὸν
1149 4255 1248 4322 τῆς
1291 4256 1480 4308 ἀνόδου
1511 4256 1604 4308 τοῦ
1650 4257 1842 4308 Νείλου

1939 1997 2000 2035 ca
2021 1978 2256 2032 Taurum
2283 1989 2637 2043 montem;et
2675 1978 2974 2044 Euphrates
3021 1977 3240 2046 quidem
3297 1975 3502 2044 perspi-

1937 2087 2097 2125 cuum
2133 2073 2290 2124 habet
2323 2085 2560 2134 cursmn;
2586 2071 3163 2142 descendensautcme
3197 2067 3504 2120 borealibus

1938 2164 2200 2232 partibus,
2225 2163 2291 2215 ad
2315 2164 2522 2216 noticas
2550 2162 2775 2215 tendens
2797 2175 2989 2214 versus
3019 2158 3293 2213 Persicum
3321 2159 3502 2211 sinum

1940 2255 2160 2323 paludes
2213 2263 2267 2306 et
2315 2253 2546 2307 calamis
2577 2251 2772 2304 referta
2828 2265 2982 2304 coma
3046 2249 3227 2309 ellicit,
3279 2255 3334 2302 et
3382 2248 3500 2300 haec

1938 2350 2084 2401 circa
2111 2347 2336 2406 effusus,
2365 2345 2503 2398 clam
2532 2343 2876 2397 subducitur.
2906 2341 3084 2410 Tigris
3109 2351 3288 2394 autem
3315 2355 3344 2393 e
3374 2356 3507 2408 qua-

1939 2439 2061 2492 dam
2083 2438 2277 2507 palude
2297 2435 2587 2490 Thonitide
2605 2442 2816 2496 vocata,
2837 2433 3142 2500 incognitus
3164 2431 3372 2494 exiens,
3394 2431 3508 2498 ipse

1938 2546 2154 2602 quoque
2178 2537 2425 2584 movetur
2450 2529 2516 2581 ad
2550 2528 2754 2581 noticas
2781 2536 2981 2596 partes,
3000 2534 3053 2577 et
3082 2523 3320 2577 Taurum
3351 2538 3507 2577 mon-

1945 2633 2049 2676 tem
2123 2635 2317 2676 secans
2353 2621 2506 2686 juxta
2551 2617 2858 2671 Masabatas
2916 2617 3166 2685 jungitur
3217 2615 3503 2684 Euphrati,

1942 2711 2267 2781 Babylonem
2287 2708 2502 2771 dividit,
2538 2719 2589 2762 et
2621 2707 2867 2760 dilabens
2891 2707 3034 2759 circa
3066 2704 3422 2767 Tercdonem,
3452 2706 3504 2757 in

1942 2802 2217 2856 Persicum
2262 2802 2444 2854 sinum
2479 2815 2538 2853 se
2567 2798 2807 2867 conjicit.
2865 2797 3190 2866 Priusquam
3233 2806 3414 2850 autem
3449 2813 3506 2850 se

1945 2907 2070 2946 cum
2109 2890 2381 2959 Euphrate
2413 2889 2783 2957 conjunxerit,
2826 2888 2987 2942 ambo
3014 2889 3082 2940 ab
3127 2887 3354 2940 invicem
3393 2887 3506 2940 dis-

1943 2986 2109 3038 tincte
2143 2993 2426 3037 currentes
2467 2983 2706 3036 eﬂiciunt
2756 2983 3028 3050 regionem
3062 2981 3505 3050 Mesopotamiam

1944 3076 2168 3138 dictam,
2200 3074 2358 3144 cujus
2398 3072 2649 3135 latitudo,
2697 3071 2765 3124 ab
2829 3069 3101 3138 Euphrate
3152 3072 3218 3122 ad
3277 3070 3506 3138 Tigrim,

1944 3168 2112 3222 millia
2153 3167 2311 3219 habet
2335 3164 2460 3227 428,
2483 3175 2537 3218 et
2569 3164 2740 3217 stadia
2775 3162 2937 3227 4,000
2975 3162 3274 3216 secundum
3314 3161 3507 3216 Erato-

1949 3256 2160 3310 sthenis
2197 3253 2491 3323 polymathi
2525 3249 3163 3305 mensurationem.Cum
3190 3259 3369 3304 autem
3407 3252 3507 3304 ini-

1947 3349 2077 3402 tium
2106 3348 2173 3400 ab
2193 3349 2325 3400 Istro
2357 3345 2670 3408 fecerimus,
2704 3354 2756 3398 et
2775 3341 3155 3397 devene’rimus
3183 3345 3249 3396 ad
3281 3343 3509 3412 loquen-

1949 3441 2074 3492 dum
2098 3440 2162 3491 de
2193 3439 2330 3500 Nilo,
2361 3452 2464 3490 non
2491 3437 2911 3505 inopportunum
2941 3436 3253 3503 jndicamus
3281 3435 3504 3489 alterius

1951 3531 2265 3584 meminisse
2290 3529 2482 3596 capitis
2513 3529 2578 3581 ad
2613 3537 2906 3595 utrumque
2945 3527 3238 3594 spectantis
3260 3526 3327 3580 de
3354 3527 3509 3580 istius

1953 3636 2139 3674 cursu.
2186 3620 2318 3673 Nam
2376 3632 2618 3688 tempore
2659 3617 2996 3672 ascensionis
3041 3618 3145 3670 Nili
3184 3618 3502 3685 aperiebant

1952 3709 2180 3763 Romani
2211 3725 2400 3776 magna
2428 3709 2641 3776 publica
2677 3708 2889 3769 balnea,
2930 3715 2982 3760 et
3011 3707 3137 3775 quia
3172 3709 3317 3760 illius
3346 3708 3510 3761 inun-

1949 3803 2099 3856 datio
2139 3805 2196 3856 Iit
2221 3803 2439 3870 quando
2479 3801 2560 3855 sol
2592 3810 2674 3854 est
2708 3800 2762 3853 in
2789 3801 2987 3862 Leone,
3021 3814 3287 3867 aquarum
3316 3799 3510 3853 ﬁstulis

1952 3895 2125 3948 leonis
2157 3896 2365 3946 vultum
2403 3894 2627 3946 dabant.
2661 3891 2786 3944 Inde
2819 3906 2882 3944 ex
2916 3891 3017 3944 hoc
3064 3906 3204 3945 usus
3239 3892 3425 3960 viguit.
3456 3903 3511 3945 nt

1948 3987 2298 4041 torcular-ium
2330 3986 2522 4040 ﬁstulis
2543 3985 2714 4038 leonis
2736 3984 2940 4036 vultum
2960 3983 3120 4036 etiam
3144 3985 3510 4052 praestiterint,

1949 4078 2075 4146 quia
2104 4078 2211 4130 vini
2231 4079 2409 4131 llnxns
2438 4076 2683 4129 imitatur
2714 4075 2818 4128 Nili
2849 4074 3142 4137 ﬂuentum,
3170 4074 3294 4141 quia
3326 4074 3378 4126 in
3399 4076 3513 4126 vin-

1949 4170 2140 4222 demiae
2170 4177 2412 4235 tempore
2451 4167 2532 4220 sol
2559 4181 2717 4220 suum
2743 4166 2796 4218 in
2825 4164 3005 4216 Leone
3031 4166 3318 4217 transitum
3351 4166 3514 4218 ellicit

1949 4259 2000 4313 in
2043 4260 2353 4329 temperatis
2396 4261 2550 4313 locis.

284 4351 639 4420 ἀνεῴγνυσαν
669 4351 719 4402 οί
762 4350 1021 4420 Ῥωμαῖοι
1051 4348 1121 4401 τὰ
1163 4348 1371 4418 μεγάλα
1421 4349 1530 4402 τῶν
1571 4348 1844 4418 δημοσίων
1873 4350 2135 4421 λουτρῶν,
2198 4353 2291 4405 καὶ
2325 4352 2456 4404 διότι
2507 4354 2540 4421 ἡ
2593 4355 2855 4421 ἀνάχυσις
2884 4353 3048 4407 αὑτοῦ
3099 4355 3311 4422 γίνεται
3362 4349 3512 4420 ἡλίου

283 4445 438 4506 ὄντος
471 4445 528 4495 ἐν
565 4443 922 4508 Λέοντι,τοὺς
947 4439 1206 4511 κρουνοὺς
1230 4439 1338 4492 τῶν
1369 4438 1575 4492 ὑδάτων
1618 4440 1961 4504 λεοντοειδεῖς
2005 4442 2254 4494 έποίουν’
2288 4442 2408 4493 ὅθεν
2464 4442 2523 4504 ἐξ
2578 4441 2785 4494 ἐκείνου
2854 4444 3216 4513 ἐπεκράτησε,
3273 4441 3368 4494 καὶ
3407 4441 3514 4491 τῶν

289 4536 592 4605 ὑποληνίων
633 4537 759 4598 τοὺς
806 4534 1068 4602 κρουνοὺς
1135 4532 1648 4599 λεοντοπροσώπους
1712 4536 2200 4597 κατασκευάζουσι,
2257 4535 2397 4602 ὃτιὴ
2453 4533 2548 4586 τοῦ
2609 4536 2752 4586 οἴνου
2811 4534 3082 4605 ἀπόρροια
3129 4535 3375 4603 μιμεῖται
3417 4531 3515 4595 τὴν

286 4627 383 4680 τοῦ
419 4627 611 4681 Νείλου
645 4627 823 4697 χύσιν,
855 4627 936 4680 ὅτι
967 4628 1026 4680 ἐν
1050 4623 1128 4697 τῷ
1167 4623 1345 4697 τρὺγῃ
1373 4625 1400 4678 6
1423 4624 1574 4696 ἥλιος
1617 4625 1714 4694 τὴν
1768 4625 2001 4695 πάροδον
2054 4623 2218 4678 αὑτοῦ
2268 4626 2324 4678 ἐν
2347 4623 2424 4694 τῷ
2477 4625 2664 4679 Λέοντι
2719 4626 2953 4678 ποιεῖται
2983 4624 3123 4679 κατά
3154 4625 3280 4687 τοὺς
3318 4623 3514 4691 εὑκρά·

287 4735 415 4781 τους
449 4718 666 4783 τύπους.
