4232 6434
768 392 901 456 1059

1470 389 1860 449 OPL'SCULA
1902 387 2534 448 SCRIPTURISTIC.\
2577 387 2926 447 INCERTE
2959 388 3261 449 .ETATIS.

3881 388 3901 451 l
3916 386 4025 448 060

1389 684 1785 737 ΣΥΝΑΓΩΓΙΙ
1821 680 2263 736 ΕΞΙΙΓΗΣΕΩΝ
2295 684 2424 736 ΕΙΣ
2475 683 2612 737 TON
2661 683 3055 739 ΠΡΟΦΗΊἨΝ
3080 684 3376 740 ΗΣΑΙΛΝ.

773 845 874 898 Ἐκ
911 842 1204 912 διαμὸρων
1265 837 1448 908 ἁγίων
1509 837 1934 912 ῌατέρωνικαὶ
1991 836 2376 912 διδᾳσκιᾴλων
2430 837 2843 912 ςυλλειχίθεῖσᾳ
2883 837 3040 912 παρὰ
3082 839 3189 894 τοῦ
3232 843 3674 908 ἀχιεπισκόπου
3734 845 4011 912 Κύπρου.

1359 909 1548 976 κισροῦ
1587 905 1891 962 ,Νικολάου
1926 907 2031 960 τοῦ
2060 905 2316 972 Μουζὰν,
2352 906 2457 960 τοῦ
2487 906 2752 977 μεγάλου
2777 909 3083 977 ,ϐασιλέως
3111 905 3447 981 προθέὦρρν

1150 1220 1619 1287 COLLECTIO
1659 1217 2338 1284 INTERPRETATIC

2431 1218 2550 1280 ΕΜ
2584 1216 2680 1279 ΙΝ
2718 1218 3259 1283 ΡΒΟΡΗΕΤᾹΜ
3301 1222 3618 1284 lSAIAM.

757 1419 817 1478 Ε
857 1414 1121 1479 diversis
1161 1413 1396 1474 sanctis
1430 1411 1728 1473 Palribus
1761 1407 2233 1492 ες-Βοριυνίὺιιε
2278 1408 2553 1492 adimam
2585 1409 3263 1492 perarchicpiscopum
3309 1411 3531 1492 Cypri,
3575 1416 3648 1472 Β.
3681 1412 4009 1476 Nicolaum

1787 1489 2042 1561 Mazart,
2088 1489 2297 1564 magni
2340 1489 2508 1564 regis
2550 1489 2975 1565 protheorum.

1373 1813 1761 1872 ΡῐίᾸΞῐἊΤΙΟ.

828 1950 1115 2008 Ordientes
1145 1959 1243 2000 nos
1275 1949 1675 2011 expositionem
1709 1937 1984 2007 propheta:
2010 1934 2162 1991 Isaia:
2214 1948 2335 1988 ver-

771 2024 988 2105 borum,
1034 2053 1191 2092 orare
1232 2043 1468 2112 oportet,
1529 2043 1582 2084 ut
1637 2031 1968 2099 accipiamus
2035 2026 2333 2097 sapientim,

761 2134 1001 2190 scientia:
1025 2141 1077 2184 et
1105 2128 1369 2182 doctrinae
1432 2123 1692 2192 gratiam;
1727 2123 1799 2175 ita
1851 2129 1910 2173 ut
1940 2120 2122 2173 omnia
2173 2117 2334 2173 simul

760 2220 1138 2280 convenientia
1160 2217 1284 2272 duci
1304 2224 1491 2269 nostro
1532 2214 1763 2267 Domino
1821 2211 2054 2266 formam
2105 2210 2335 2264 induant

760 2315 1004 2372 veritatis
1026 2313 1205 2367 omnis
1231 2325 1351 2380 quae
1377 2308 1752 2378 prophetatur.
1780 2305 1878 2360 Est
1904 2304 2121 2374 quidem
2190 2316 2331 2371 opus

761 2409 927 2463 verbo
971 2402 1211 2458 scientiae
1245 2400 1313 2452 ad
1376 2396 1712 2451 cernendum
1795 2395 2033 2466 Spiritus
2088 2409 2327 2456 arcana;

760 2501 930 2555 verbo
959 2507 1138 2550 autem
1174 2492 1454 2562 sapientia:
1481 2490 1545 2544 ad
1573 2490 1954 2559 explicandum
1978 2499 2032 2544 et
2058 2489 2331 2557 complen-

760 2595 889 2646 dum
928 2604 1048 2659 qua:
1075 2587 1292 2641 concise
1333 2585 1386 2638 in
1428 2582 1783 2638 sermonibus
1813 2582 2070 2637 brevibus
2091 2590 2220 2636 sunt
2240 2597 2332 2634 ex-

762 2693 1028 2753 prompta.
1061 2677 1347 2746 Proprium
1376 2675 1522 2729 enim
1555 2683 1639 2727 est
1681 2673 1962 2743 sapientiae
2020 2687 2328 2727 sermonem

760 2775 1079 2828 extendere.
1110 2768 1338 2822 Extendi
1361 2767 1529 2830 enim,
1560 2765 1758 2835 inquit,
1784 2779 2088 2831 sermones,
2121 2776 2174 2820 et
2221 2779 2328 2818 non

763 2858 1294 2919 exaudistisbeinde
1321 2856 1582 2910 doctrina:
1602 2855 1772 2925 gratia
1802 2867 1941 2923 opus
1958 2865 2040 2909 est
2069 2855 2135 2908 ad
2157 2854 2328 2908 aedili-

766 2957 1039 3010 eationetu
1074 2950 1441 3019 audientium.
1477 2945 1770 3001 Sciendum
1798 2956 1882 3001 est
1908 2946 2053 3003 enim
2079 2946 2328 3016 inprimis

761 3057 1010 3118 oportere
1041 3057 1155 3099 uta
1215 3041 1601 3097 communibus
1656 3040 1940 3094 sententiis
2006 3038 2328 3094 festinantes

762 3141 813 3192 in
834 3139 942 3192 Deo
974 3133 1394 3190 contradictoria
1414 3140 1677 3199 quantum
1729 3130 1783 3184 in
1847 3144 2100 3185 sermone
2139 3131 2327 3186 insunt

768 3244 1083 3299 agnoscere,
1111 3241 1217 3279 non
1246 3225 1482 3279 sentiant
1514 3240 1528 3276 :
1561 3223 1719 3291 quasi
1744 3223 2045 3278 secundum
2093 3237 2336 3277 commu-

780 3337 900 3375 nem
931 3318 1344 3389 intelligentiam
1382 3314 1522 3369 foret
1547 3314 1789 3368 divinam
1840 3324 2092 3368 naturam
2142 3315 2340 3369 bonam

768 3423 821 3466 et
859 3412 1125 3481 placidam
1157 3419 1206 3463 et
1235 3408 1435 3476 justam
1467 3418 1776 3474 agnoscere.
1841 3403 1898 3458 Si
1939 3405 2086 3459 enim
2141 3405 2340 3458 iratum

773 3507 854 3558 vel
888 3505 1156 3558 dolentem
1184 3502 1264 3554 vel
1290 3500 1638 3568 pmniteutem
1675 3497 1756 3550 vel
1784 3511 1892 3550 non
1914 3497 2209 3552 secundum
2236 3513 2342 3552 vo-

774 3609 888 3651 tum
923 3595 1082 3649 alieni
1119 3601 1355 3645 utentem
1375 3590 1653 3657 Scriptura
1683 3589 1835 3652 dicit,
1865 3603 2112 3656 quaerere
2142 3602 2340 3642 conreo

764 3691 842 3743 nit
866 3688 1014 3740 vocis
1044 3684 1520 3751 signiﬁcationem,
1537 3691 1590 3733 et
1615 3681 1862 3733 meditari
1887 3695 1995 3748 quo
2019 3679 2180 3734 modo
2202 3680 2341 3734 hanc

764 3790 1048 3837 restituere
1073 3779 1367 3848 possimus,
1392 3789 1500 3828 non
1525 3782 1704 3827 autem
1737 3781 2044 3840 pervertere
2063 3771 2254 3840 dignas
2275 3772 2340 3825 de

767 3873 874 3926 Deo
902 3868 1395 3940 suppositioues,et
1430 3866 1501 3918 ita
1524 3865 1642 3917 sine
1669 3861 1968 3916 offensione
1991 3875 2340 3915 recurramus

769 3964 837 4018 ad
870 3963 1200 4030 Seripturas,
1229 3975 1292 4012 ex
1320 3957 1589 4025 expeditis
1607 3956 1826 4024 quidem
1878 3954 2162 4008 utilitatem
2208 3954 2341 4007 lian—

765 4056 1067 4115 rientes,ex
1093 4050 1343 4105 obscuris
1367 4057 1546 4100 autem
1584 4060 1691 4099 non
1735 4047 2001 4098 damnum
2035 4045 2336 4114 percipien-

765 4159 864 4200 tes.
897 4146 954 4198 Si
982 4145 1108 4214 quis
1131 4157 1259 4196 vero
1289 4138 1766 4194 incusatdivinam
1795 4138 2162 4206 Scripturam,
2216 4147 2340 4189 tan-

721 4249 724 4252 ‘
762 4249 925 4305 quam
959 4248 1068 4285 non
1107 4229 1489 4291 doctrinalem,
1527 4240 1634 4280 non
1702 4227 2049 4293 adjuvautem
2105 4226 2205 4279 hos
2246 4225 2338 4294 qui

764 4332 994 4397 possunt
1024 4321 1308 4392 prolicere,
1353 4320 1531 4373 discat
1585 4331 1808 4370 omnem
1868 4316 2233 4369 humanarum
2257 4331 2340 4368 re-

766 4430 887 4468 rum
928 4411 1366 4480 dispositionem,
1427 4423 1530 4462 non
1578 4408 1633 4460 in
1685 4406 2069 4475 spiritualibus
2105 4416 2336 4469 tantum,

2350 1811 2402 1872 Α

2372 1684 2438 1696 —

3012 1815 3388 1872 ΠΡΟᾹΟΓΟΣ.

2512 1942 2874 2013 ’Δρχομένους
2894 1943 3038 2013 ἡμᾶς
3069 1945 3167 2015 τῆς
3191 1945 3568 2016 διασαφήσεως
3591 1949 3702 2001 τῶν
3749 1950 3845 2004 τοῦ
3877 1970 4010 2021 προ-

2439 2035 2610 2104 φήτου
2629 2036 2850 2088 Ἡσαΐου
2875 2036 3154 2106 ῥημάτων,
3184 2036 3436 2106 εὔχεσθαι
3462 2039 3588 2109 χρὴ.
3619 2041 3806 2095 λαϐεῖν
3833 2044 3893 2095 τὸ
3911 2044 4012 2111 τῆς

2439 2129 2630 2196 σοφίας
2664 2129 2759 2180 καὶ
2791 2131 2849 2181 τὸ
2876 2128 2974 2198 τῆς
3012 2129 3264 2195 γνώσεως
3295 2133 3387 2184 καὶ
3415 2133 3476 2185 τὸ
3524 2135 3624 2202 τῆς
3653 2134 4008 2198 διδασκαλίας

2437 2214 2703 2285 χάρισμα.
2753 2215 2892 2268 ὥστε
2955 2217 3133 2271 πάντα
3170 2218 3306 2288 ὁμοῦ
3357 2220 3732 2291 συνδραμόντα
3762 2225 3842 2294 τῷ
3873 2228 4009 2296 ἠγε-

2438 2308 2556 2376 μόνι
2589 2308 2778 2378 Κυρίῳ
2801 2308 2957 2378 ἡμῶν
2985 2310 3293 2363 ὲντυπῶσαι
3325 2311 3424 2381 τὴν
3451 2314 3633 2383 πάσης
3657 2316 3756 2384 τῆς
3790 2334 4011 2386 προφη-

2433 2398 2730 2468 τευομένης
2757 2399 3014 2468 ἀληθείας
3039 2401 3337 2470 μόρφωσιν.
3379 2404 3533 2459 Ἐστι
3566 2407 3622 2459 δὲ
3651 2407 3746 2460 τοῦ
3801 2410 3898 2478 μὲν
3929 2410 4011 2462 λὸο

2433 2506 2532 2558 γου
2558 2491 2656 2558 τῆς
2681 2491 2935 2557 γνώσεως
2963 2493 3121 2561 χρεία
3149 2495 3286 2564 πρὸς
3318 2496 3380 2550 τὸ
3400 2496 3628 2568 θεωρεῖν
3665 2499 3762 2552 τοῦ
3829 2503 4008 2554 Πνεῦ-

2437 2599 2605 2652 ματος
2633 2583 2700 2635 τὰ
2720 2584 3024 2653 ἀπόρρητα·
3055 2583 3148 2637 τοῢ
3177 2586 3234 2637 δὲ
3254 2587 3412 2652 λόγου
3433 2589 3528 2659 τῆς
3554 2591 3744 2660 σοφίας
3765 2591 3900 2662 πρὸς
3949 2593 4017 2647 τὸ

2433 2676 2840 2729 κατασκευάσαι
2862 2675 2955 2729 καὶ
2990 2677 3390 2748 ἐξεργάσασθαι
3421 2682 3487 2734 τὰ
3516 2686 4016 2754 συνεστραμμένως

2432 2764 2492 2816 ἐν
2522 2762 2908 2834 βραχυλογίαις
2959 2767 3299 2837 ἐκδεδομένα.
3332 2770 3494 2824 Ἰδιον
3526 2772 3634 2842 γάρ
3665 2776 3762 2840 τῆς
3815 2775 4018 2841 σοφίας

2431 2857 2491 2909 τὸ
2520 2857 2779 2910 ἐκτείνειν
2804 2858 3255 2924 λόγον.Ἐξὲτεινα
3273 2862 3401 2930 γὰρ,
3419 2865 3570 2932 φησὶ,
3594 2864 3918 2933 λόγους,καὶ
3949 2866 4017 2920 οὐ

2431 2947 2770 3018 προσείχετε.
2803 2949 3036 3004 Ἔπειτα
3049 2953 3134 3002 τοι
3156 2951 3255 3020 τῆς
3285 2952 3636 3017 διδασκαλίας
3661 2957 4018 3025 χαρίσματος

2431 3041 2510 3103 εἰς
2531 3039 2817 3109 οἰκοδομὴν
2832 3039 2942 3091 τῶν
2959 3041 3288 3097 ἀκουόντων.
3304 3043 3501 3097 ’ἰστέον
3515 3045 3622 3114 γάρ
3639 3045 3741 3112 πρὸ
3762 3047 4016 3109 πάντων,

2433 3132 2508 3194 ὼς
2522 3130 2627 3202 χρὴ
2644 3131 2749 3184 ἀπὸ
2769 3130 2878 3183 τῶν
2906 3131 3101 3184 κοινῶν
3117 3135 3334 3188 ἐννοιῶν
3359 3136 3718 3207 ὡρμημένους
3755 3138 3848 3189 ἐπὶ
3869 3138 4016 3191 Θεοῦ

2439 3223 2509 3274 τά
2540 3222 2926 3292 ἐναντιούμενα
2947 3224 3070 3276 ὅσον
3100 3227 3190 3278 ἐπὶ
3212 3228 3277 3295 τῇ
3307 3227 3446 3290 λέξει
3480 3228 3780 3297 ὁμολογεῖν,
3815 3229 3888 3298 μὴ
3920 3247 4019 3282 νο·-

2441 3315 2549 3365 εῖν·
2582 3310 2694 3366 οἷον
2723 3315 2864 3368 κατά
2882 3315 2985 3376 τὰς
3012 3316 3195 3380 κοινὰς
3218 3318 3514 3387 προλήψεις
3564 3321 3677 3372 ἐστὶ
3710 3321 3810 3390 τὴν
3857 3321 4020 3374 θείαν

2441 3400 2601 3468 φύσιν
2627 3400 2838 3470 ἀγαθὴν
2867 3404 2960 3455 καὶ
2989 3403 3257 3474 ἀόργητον
3295 3406 3391 3458 καὶ
3429 3407 3643 3462 δικαίαν
3695 3409 4015 3478 ὁμολογεῖν.

2453 3492 2577 3544 Ἐὰν
2601 3492 2707 3561 γὰρ
2748 3491 3098 3562 ὀργιζόμενον
3126 3495 3158 3565 ἦ
3189 3497 3528 3566 λυπούμενον
3554 3499 3587 3568 ἢ
3623 3502 4003 3570 μεταμελόμε-

2439 3599 2529 3635 νον
2559 3583 2590 3650 ἠ
2619 3583 2694 3652 μὴ
2715 3583 2835 3636 κατ’
2871 3584 3030 3648 ἀξίαν
3058 3589 3166 3637 τινὶ
3218 3587 3496 3657 χρώμενον
3527 3591 3558 3659 ὴ
3591 3591 3782 3662 Γρασὴ
3834 3593 4014 3660 λέγει,

2440 3675 2622 3744 ζητεῖν
2661 3676 2926 3745 προσήκει
2957 3675 3016 3728 τὺ
3045 3677 3142 3746 τῆς
3199 3677 3396 3744 λέξεως
3433 3679 3675 3751 βούλημα
3707 3684 3800 3735 καὶ
3854 3701 4020 3754 μερι-

2443 3769 2604 3837 μνᾷν,
2633 3766 2751 3820 τίνα
2777 3768 2975 3836 τρόπον
3005 3769 3455 3840 ἀποκαταστῆσαι
3489 3773 3828 3844 δυνηθῶμεν»
3888 3778 4020 3844 οὐκὶ

2439 3859 2495 3912 δὲ
2523 3859 2849 3929 ἀνατρέπειν
2869 3859 2968 3922 τὰς
3013 3859 3320 3929 ἀξιολόγους
3355 3864 3484 3933 περὶ
3515 3863 3648 3916 Θεοῦ
3684 3866 4017 3934 ὑπολήψεις,

2439 3950 2536 4003 καὶ
2569 3950 2741 4013 οὕτως
2764 3952 3159 4021 ἀπροσκόπτως
3187 3955 3547 4023 ἐντευξόμεθα
3588 3960 3707 4018 ταῖς
3744 3957 3782 4008 Γ
3787 3961 4018 4026 ραφαῖς,

2441 4042 2550 4094 ἀπὸ
2578 4042 2678 4111 μὲν
2710 4042 2818 4096 τῶν
2843 4043 3128 4113 εὐλήπτων
3153 4045 3539 4114 ὠφελούμενοι,
3562 4049 3628 4100 ὲκ
3661 4047 3717 4100 δὲ
3742 4048 3852 4101 τῶν
3875 4052 4017 4102 ἀσαο

2442 4134 2721 4203 φεστέρων
2767 4135 2840 4203 μὴ
2883 4135 3264 4204 βλαπτόμενοι.
3319 4137 3445 4189 Ἐὰν
3472 4136 3529 4190 δέ
3575 4154 3660 4200 τις
3697 4139 3902 4208 ἐγκαλῇ
3941 4143 4012 4208 τῇ

2441 4225 2561 4294 θείᾳ
2613 4227 2922 4296 Γραφῇ.ὡς
2975 4228 3035 4279 οὐ
3063 4229 3440 4300 διδασκαλικῇ.
3495 4229 3618 4282 οὐδὲ
3668 4231 4002 4300 εὐεργετικῇ

2439 4313 2549 4364 τῶν
2578 4313 2904 4382 ὡφελεῖσθαι
2925 4315 3256 4386 δυναμένων,
3312 4318 3776 4388 καταμανθανὲτω
3829 4322 4020 4373 πᾶσαν

2440 4404 2537 4473 τὴν
2567 4404 2672 4457 τῶν
2700 4405 3054 4476 ἀνθρωπίνων
3083 4407 3463 4479 διακόσμησιν,
3492 4411 3592 4462 οὐκ
3619 4412 3677 4462 έν
3697 4427 3814 4474 τοις
3841 4429 4016 4464 πνευ-

765 4507 857 4560 sed
888 4515 940 4556 et
975 4504 1029 4554 ιιι
1059 4500 1410 4554 inferioribus
1438 4507 1491 4550 et
1524 4498 1590 4550 ad
1621 4497 1784 4549 vitam
1827 4495 2203 4564 spectantibus
2251 4512 2336 4548 re~

2445 4498 2696 4566 ματικοῖς
2721 4499 2901 4567 μόνον,
2927 4497 3064 4550 ἀλλά
3095 4500 3189 4551 καὶ
3216 4502 3273 4552 ἐν
3321 4503 3435 4563 τοῖς
3481 4501 3894 4572 ὑποδεεστέροις
3919 4506 4018 4556 καὶ

767 4597 868 4648 lius
900 4600 1190 4646 constare:
1243 4589 1370 4658 quia
1405 4588 1577 4640 brutis
1629 4587 1845 4655 quidem
1905 4586 2114 4639 facilem
2156 4586 2220 4638 ad
2254 4587 2332 4638 vi-

767 4685 998 4739 vendum
1030 4697 1186 4750 opem
1218 4695 1372 4732 escas
1419 4687 1770 4746 spontaucas,
1807 4686 1860 4728 et
1919 4677 1984 4729 ad
2037 4676 2334 4728 naturalem

765 4777 1026 4830 vestitum
1057 4775 1289 4842 pilorum
1314 4781 1366 4823 et
1403 4771 1708 4838 plumarum
1744 4777 2073 4835 tegumenta,
2110 4768 2194 4821 illa
2221 4784 2338 4836 quae

766 4869 947 4920 omnia
978 4864 1244 4933 diSposuit
1272 4863 1507 4931 potentia
1544 4861 1731 4929 largita
1777 4869 1878 4912 est.
1913 4859 2197 4913 Hominem
2239 4874 2336 4910 au-

767 4971 874 5012 tem
921 4960 1129 5011 nudum
1196 4955 1522 5025 produccns,
1582 4954 1854 5005 rationem
1933 4966 2028 5020 pro
2082 4951 2336 5004 omnibus

767 5053 842 5105 illi
907 5051 1073 5112 dedit,
1113 5063 1206 5116 per
1235 5062 1398 5114 quant
1464 5045 1625 5100 utiles
1683 5046 1806 5097 vita:
1856 5055 1998 5098 artes
2040 5044 2332 5098 conferuu-

768 5154 874 5204 tur,
909 5141 1294 5202 architectura,
1318 5149 1555 5203 textura,
1590 5137 1947 5207 agricultura,
1971 5136 2331 5206 metallurgia,

770 5232 1091 5300 corporibus
1130 5229 1436 5282 necessaria
1476 5228 1910 5282 administrautel
1949 5236 2130 5282 mente
2173 5228 2336 5281 ratio-

769 5325 853 5379 nis
887 5339 1008 5391 ope.
1071 5321 1137 5376 Ut
1165 5323 1310 5375 enim
1351 5335 1458 5373 non
1489 5320 1647 5373 nobis
1706 5320 1954 5374 invidens
2011 5321 2112 5374 has
2157 5321 2222 5373 ad
2253 5320 2335 5372 vi-

773 5421 1002 5469 vendum
1029 5429 1183 5482 opes,
1212 5413 1412 5480 pariter
1439 5426 1500 5466 ac
1532 5412 1689 5464 bruta
1744 5411 1999 5464 animalia
2039 5427 2138 5465 nos
2187 5413 2335 5465 nasci

773 5508 998 5560 omnino
1031 5506 1260 5559 Greater
1295 5515 1612 5558 nosternon
1658 5503 1954 5566 concessit,
1983 5503 2075 5556 sed
2108 5503 2173 5556 ad
2209 5518 2334 5571 pro-

767 5596 1068 5648 curandum
1091 5593 1395 5647 uecessaria
1415 5589 1786 5659 intelligentia:
1806 5590 2109 5658 palaestram
2133 5592 2338 5644 instru-

771 5687 881 5749 xit;
911 5688 982 5739 ita
1011 5687 1135 5739 etin
1173 5685 1468 5752 Scripturis
1498 5682 1886 5736 obscuritatem
1938 5683 2004 5736 ad
2053 5685 2334 5736 utilitatem

770 5780 967 5832 mentis
992 5777 1258 5840 excitans,
1283 5777 1400 5841 ejus
1431 5772 1706 5842 energiam
1744 5775 2098 5842 comparavit.
2153 5777 2334 5828 l‘rimo

2443 4589 2556 4647 τοῖς
2589 4586 2732 4638 κατά
2759 4587 2850 4639 τὸν
2871 4586 2985 4656 βίον
3017 4588 3336 4658 πράγμασιν
3357 4606 3372 4621 ο
3399 4591 3482 4643 ὅτι
3529 4593 3641 4654 τοῖς
3665 4592 3764 4659 μὲν
3793 4593 4018 4657 ἀλόγοις

2440 4680 2660 4732 εὔκολον
2678 4681 2777 4750 τὴν
2799 4681 2933 4750 πρὸς
2971 4681 3034 4734 τὸ
3055 4682 3153 4752 ζῇν
3217 4683 3469 4754 ἀφορμὴν
3519 4687 3726 4756 τροφὰς
3778 4686 4020 4756 αὐτομαο

2437 4787 2586 4835 τους,
2645 4773 2737 4824 καὶ
2793 4773 3003 4842 σκέπην
3030 4775 3274 4844 αὐτοφυᾶ
3318 4778 3414 4829 καὶ
3455 4777 3520 4830 τά
3559 4778 3622 4829 ἑκ
3673 4779 3874 4847 τριχῶν
3919 4782 4020 4832 καὶ

2439 4861 2656 4930 πτερῶν
2689 4861 2980 4931 ἐνδύματα,
3009 4867 3041 4933 ἡ
3085 4865 3154 4916 τὰ
3179 4865 3469 4934 σύμπαντα
3525 4867 3883 4937 οίκονομοῦσα
3916 4870 4015 4922 δύ-

2440 4969 2606 5019 ναμις
2631 4953 2939 5023 ἐχαρίσατο.
2975 4955 3077 5008 Τὸν
3099 4955 3156 5008 δὲ
3181 4956 3467 5023 ἄνθρωπον
3495 4959 3703 5028 γυμνὸν
3749 4977 3900 5029 παρα
3913 4978 4014 5027 γα-

2439 5042 2614 5110 γοῦσα
2645 5044 2803 5110 λόγον
2826 5044 3024 5098 ἔδωκεν
3055 5049 3177 5101 ἀντὶ
3208 5047 3445 5112 πάντων,
3480 5050 3547 5103 δι’
3579 5046 3643 5104 οὗ
3683 5052 3822 5104 αἵτε
3851 5070 4017 5122 πορι-

2441 5135 2626 5189 στικαὶ
2683 5136 3017 5206 συνέστησαν
3077 5139 3281 5208 τέχναι,
3330 5141 3666 5211 οἰκοδομικὴ,
3717 5143 4014 5213 ὑφαντικὴ,

2439 5226 2742 5297 γεωργικὴ,
2769 5225 3123 5296 χαλκευτικὴ,
3146 5229 3206 5281 τὸ
3233 5232 3345 5292 τοῖς
3371 5230 3616 5300 σώμασιν
3659 5232 3839 5285 ἐνδέον
3878 5237 4014 5286 ἀνα-

2441 5319 2546 5385 πλη
2556 5319 2647 5389 ρού
2657 5336 2756 5389 σης
2773 5319 2872 5387 τῆς
2885 5318 3064 5386 ψυχῆς
3080 5322 3146 5388 τῇ
3163 5321 3433 5390 παρουσίᾳ⁵
3455 5321 3548 5374 τοῦ
3577 5323 3758 5388 λόγον.
3797 5326 4013 5394 Ὠσπερ

2438 5411 2547 5480 γὰρ
2585 5410 2866 5472 ὲντούτοις
2902 5410 3022 5480 οὐχὶ
3070 5409 3373 5478 βασκαίνων
3429 5415 3559 5481 ἡμῖν
3588 5414 3696 5465 τῶν
3758 5417 3895 5483 πρὸς
3953 5421 4014 5468 τὸ

2440 5502 2540 5572 ζῇν
2561 5501 2827 5572 ἀφορμῶν
2898 5501 3298 5571 παραπλησίως
3349 5505 3460 5564 τοῖς
3509 5504 3724 5572 ἀλόγοις
3780 5523 4012 5558 συναπο-

2439 5591 2764 5660 γεννηθῆναι
2796 5589 2972 5642 πάντα
2996 5592 3024 5642 ὁ
3052 5592 3391 5662 Δημιουργὺς
3419 5593 3574 5660 ἡμῶν
3601 5595 3663 5645 οὺ
3703 5597 4012 5664 συνεχώρη.

2442 5701 2556 5741 σεν,
2621 5682 2754 5734 ἀλλὰ
2795 5682 2893 5750 τὴν
2948 5683 3156 5734 ἔνδειαν
3189 5683 3296 5734 τῶν
3347 5686 3661 5750 ἀναγκαίων
3715 5689 4011 5754 γυμνάσιον

2441 5774 2688 5843 ὴμίντῆς
2735 5773 2971 5833 διανοίας
3025 5775 3421 5842 ἐμηχανήσατο,
3471 5775 3613 5827 οὕτω
3657 5785 3741 5829 x3"
3811 5780 3909 5848 τὴν
3956 5783 4008 5831 ἐν
