4232 6434
283 419 414 484 1061

1217 416 1612 475 ΡΠᾸΞΙΓΛΤΙΟ
1650 417 1750 476 AD
1784 417 2130 478 CATENAM
2172 421 2248 479 IN
2280 422 2632 483 PSALMOS.

3379 433 3510 495 10653

279 529 396 588 ταῖς
420 527 660 596 Γραςαῖς
688 526 958 592 ἀσάφειαν
984 522 1080 574 ἐπ’
1111 521 1348 593 ὠφελείᾳ
1379 522 1471 574 τοῦ
1503 523 1593 574 νοῦ
1647 522 1845 590 διεγεί-
1875 533 1915 586 Λ
1952 529 2192 595 quidem,
2234 538 2291 581 ut
2325 530 2411 582 bis
2447 546 2576 585 occu

1952 529 2192 595 quidem,
2234 538 2291 581 ut
2325 530 2411 582 bis
2447 539 2706 599 occupata
2738 545 2890 586 mens
2931 547 2959 585 a
2996 533 3270 602 peioribus
3301 541 3510 594 abstru-

280 633 388 687 ρων
416 617 581 669 αὺτοῦ
613 616 710 686 τὴν
736 615 1016 685 ἐνεργείαν
1067 613 1385 679 ἐπετήδευσε
1411 631 1424 645 ο
1454 614 1669 682 πρῶτον
1723 614 1843 682 μὲν,

283 708 367 758 ἵνα
389 710 598 770 τούτοις
636 706 1094 776 ἐνασχολούμενος
1149 705 1257 757 τῶν
1297 705 1556 774 χειρόνων
1610 707 1844 775 ἁφέλκη-

281 815 390 849 ται·
448 798 659 863 ἔπειτα,
693 800 775 850 ὅτι
812 799 880 850 τὰ
938 799 1084 867 πόνῳ
1140 798 1407 866 κτηθέντα
1466 797 1665 867 μᾶλλόν
1725 815 1841 860 πως

280 892 557 956 ογαπᾶται
578 892 672 942 καὶ
702 891 768 942 τὰ
799 890 886 941 διὰ
919 890 1129 958 μακροῦ
1168 891 1568 958 προσγενόμενα
1604 890 1842 958 μονίμως

278 997 336 1031 τε
370 981 676 1049 παραμένει
704 995 718 1009 ⁸
742 973 817 1032 ὧν
853 980 909 1031 δὲ
942 980 1102 1050 ῥᾳδία
1147 981 1179 1048 ἡ
1212 979 1422 1047 κτῆσις,
1457 980 1514 1030 οὗ
1549 979 1843 1048 περισπού-

278 1072 468 1135 δαστος
495 1075 527 1142 ὴ
560 1071 1363 1140 ἀπόλαυσιςεὐκαταῳρόνητος
1399 1071 1506 1138 γὰρ
1536 1073 1566 1138 ἡ
1596 1070 1701 1122 τῶν
1719 1086 1839 1138 προς

279 1165 476 1232 χείρων
526 1165 792 1232 παρουσία
850 1168 942 1216 καὶ
968 1164 1222 1231 οὐδεμιᾶς
1270 1162 1512 1231 φυλακῆς
1549 1161 1839 1230 ἀξιουμένη

277 1245 617 1326 τοῖςέχουσι.
644 1258 738 1308 Δια
769 1256 928 1310 τοῦτο
961 1257 1106 1325 καὶὴ
1139 1257 1247 1309 τῶν
1268 1255 1492 1323 ὀνείρων
1514 1257 1674 1321 φύσις
1697 1256 1835 1306 ἀσα-

277 1349 384 1416 φὴς
415 1350 506 1401 καὶ
529 1350 752 1416 πλαγία,
782 1350 873 1402 καὶ
903 1350 1020 1401 οὐδὲ
1047 1350 1255 1417 μικρᾶς
1293 1348 1519 1415 δεομένη
1549 1347 1646 1414 τῆς
1666 1350 1729 1399 ἐκ
1745 1345 1839 1397 τοῦ

277 1437 369 1490 νοῦ
395 1439 720 1507 ἐντρεχείας,
755 1441 848 1491 καὶ
883 1438 1051 1507 πολλὴ
1084 1437 1374 1505 συγγένεια
1402 1437 1537 1506 πρὸς
1559 1437 1624 1488 τὰ
1645 1437 1709 1487 ἐκ
1730 1434 1840 1487 τῶν

275 1529 499 1598 ὀνείρων
522 1531 854 1598 αἰνιγμάτων
881 1532 992 1592 τοῖς
1019 1529 1138 1581 κατ’
1157 1529 1448 1598 ἐπίκρυψιν
1474 1530 1531 1580 ἐν
1552 1530 1616 1596 τῇ
1650 1528 1836 1596 Γραφῇ

274 1617 625 1687 δηλουμένοις
653 1634 668 1648 ·
697 1618 819 1671 ὅθεν
843 1620 934 1671 καὶ
1009 1619 1203 1687 Ἰωσὴφ
1232 1619 1326 1670 καὶ
1378 1617 1573 1686 Δανιὴλ
1593 1617 1668 1686 τῷ
1708 1633 1838 1686 προ-

277 1710 491 1778 φητικῷ
517 1709 815 1779 χαρίσματι
839 1709 908 1763 τά
937 1711 1189 1780 ὀνείρατα
1221 1709 1586 1776 διεγίνωσκον,
1651 1707 1835 1778 ἐπειδὴ

275 1800 376 1854 οὐκ
405 1803 650 1870 αὐτάρκη
701 1802 770 1855 τὰ
803 1801 912 1853 τῶν
947 1801 1166 1854 ἐννοιῶν
1211 1801 1346 1870 πρὸς
1371 1801 1468 1868 τὴν
1525 1801 1694 1868 θήραν
1739 1802 1836 1870 τῆς

1950 615 2110 668 batur
2140 633 2152 680 ;
2179 617 2396 681 deinde,
2427 621 2553 686 quia
2586 621 2770 673 labore
2795 623 3019 688 qutesita
3049 626 3217 694 magis
3239 631 3507 696 qtrodam-

1947 706 2109 759 modo
2144 721 2415 768 amamus,
2443 718 2495 760 et
2520 725 2639 778 qua:
2669 711 2814 765 lente
2840 714 3063 767 veniunt
3108 727 3364 784 perpetuo
3417 725 3512 770 du-

1947 810 2069 852 rant
2099 817 2112 851 :
2149 817 2381 870 quorum
2437 814 2615 857 autem
2651 805 2824 858 facilis
2855 816 2937 859 est
2969 809 3274 875 acquisitio,
3303 811 3510 864 {tuitio-

1948 906 2068 944 nem
2119 909 2225 946 non
2261 896 2602 948 anuulanmr.
2640 897 3070 968 Coutemptililis
3129 904 3272 954 enim
3327 918 3508 957 rermu

1943 997 2063 1049 quae
2093 994 2220 1036 sunt
2247 983 2312 1036 ad
2341 1002 2559 1038 manum
2588 990 2882 1053 possessio,
2918 1001 2970 1044 et
2994 992 3196 1046 nullius
3243 996 3504 1047 custodia-

1945 1074 2103 1141 digua
2127 1075 2338 1127 videtur
2361 1077 2706 1131 habentibus.
2730 1078 2853 1132 Ideo
2870 1090 2922 1132 et
2947 1084 3284 1135 somniorum
3309 1093 3501 1138 natura

1945 1163 2174 1217 obseura
2210 1175 2263 1218 et
2288 1167 2564 1236 ambigua,
2627 1185 2802 1238 neque
2846 1186 3005 1238 parva
3057 1174 3257 1242 indiget
3314 1181 3508 1229 mentis

1942 1253 2239 1323 diligentia.
2300 1256 2364 1309 Et
2418 1275 2670 1326 magnam
2716 1261 3094 1327 cognationem
3154 1265 3347 1318 habent
3385 1282 3506 1318 cum
3542 1263 3565 1280 ’

1941 1345 2278 1398 somniorum
2313 1347 2710 1415 muigmatibus,
2748 1365 2868 1417 quae
2897 1365 2990 1418 per
3013 1351 3246 1407 latebras
3278 1355 3329 1406 in
3368 1357 3508 1408 Scri-

1939 1444 2097 1506 ptura
2125 1437 2489 1490 ostenduntur
2519 1456 2532 1492 :
2572 1440 2696 1493 inde
2719 1439 2916 1509 Josepb
2949 1452 3000 1496 et
3042 1441 3228 1496 Daniel
3277 1450 3509 1515 prophe-

1939 1526 2042 1578 tica
2103 1525 2273 1590 gratia
2340 1527 2551 1578 somnia
2607 1529 3020 1596 perspiciebant,
3095 1533 3350 1598 quOniam
3399 1550 3505 1586 non

1938 1615 2214 1669 suﬂieiunt
2244 1616 2589 1686 cogitationis
2619 1619 2764 1672 vires
2797 1620 2862 1672 ad
2887 1621 3313 1688 aequisitionem
3371 1626 3508 1678 veri-

1941 1704 2207 1756 tatis.°Ad
2248 1703 2359 1758 bare
2390 1705 2597 1759 utilitas
2634 1715 2718 1760 est
2744 1708 2869 1761 vitae
2913 1709 3188 1776 puritatis,
3220 1712 3291 1765 ita
3343 1725 3398 1764 ut
3441 1717 3506 1765 ad

1939 1795 2160 1849 moralis
2186 1797 2404 1851 virtutis
2422 1799 2741 1854 exercitium
2774 1802 2920 1870 quod
2965 1803 3018 1855 in
3070 1801 3346 1872 Scriptura
3385 1805 3509 1859 latet

273 1863 710 1963 “vittatae-119$;
735 1892 791 1947 δὲ
823 1893 1031 1955 τούτοις
1074 1894 1230 1962 χρεία
1259 1863 1359 1963 τῆς
1388 1863 1446 1946 ἐν
1471 1892 1549 1962 τῷ
1578 1863 1687 1961 ’βίῳ
1734 1863 1835 1944 κοι-
1869 1863 1911 1917 Β
1938 1886 2311 1954 diguoscalur.
2345 1889 2559 1945 Utilitas

1942 1886 2311 1954 diguoscatur.
2345 1889 2559 1945 Utilitas
2591 1891 2694 1943 alia
2717 1863 2804 1946 est
2825 1903 3020 1961 praeter
3047 1894 3165 1948 vita:
3189 1863 3501 1964 puritatem,

275 1984 753 2055 θαρότητος,ὦστε
798 1986 892 2038 καὶ
932 1986 1067 2054 πρὸς
1089 1985 1185 2055 τὴν
1238 1985 1334 2054 τῆς
1381 1985 1577 2055 ἠθικῆς
1637 1985 1837 2053 ἀρετῆς

275 2076 619 2145 ἐπιτήδευσιν
640 2077 700 2129 τὸ
730 2078 787 2129 ἐν
813 2079 932 2139 ταῖς
963 2076 1208 2145 ι“ραφαίς
1262 2075 1679 2145 κεκαλυμμένον
1718 2074 1834 2126 δια·

273 2167 583 2236 γνωσθῆναι
613 2183 626 2196 ’
654 2169 811 2238 χρεία
834 2168 890 2220 δὲ
925 2169 1061 2238 πρὸς
1089 2171 1153 2238 τῇ
1207 2167 1534 2237 καθαρότητι
1585 2166 1678 2218 τοῦ
1721 2166 1836 2235 βίου

272 2261 367 2311 καὶ
390 2259 489 2328 τῆς
518 2261 576 2311 ἐν
620 2263 739 2322 ταῖς
782 2260 1021 2330 Γραφαίς
1067 2260 1369 2330 διατριϐῆς,
1417 2262 1503 2312 ἵνα
1527 2259 1587 2310 τὸ
1635 2273 1836 2324 σεμνο·

275 2352 479 2420 πρεπὲς
500 2353 592 2403 καὶ
621 2367 785 2420 μυστι
805 2351 897 2403 κὸν
919 2350 1029 2402 τῶν
1059 2351 1219 2404 θείων
1249 2350 1444 2415 λογίων
1485 2350 1547 2400 ἐκ
1577 2347 1674 2415 τῆς
1714 2365 1836 2400 συν·

274 2443 432 2512 εχοῦς
465 2443 696 2513 μελέτης
725 2443 1031 2495 ὲντυπωθὲν
1057 2447 1121 2512 τῇ
1144 2443 1312 2511 ψυχῇ.
1334 2443 1453 2493 Ὅτι
1483 2439 1538 2492 δὲ
1571 2439 1682 2508 βίου
1713 2440 1834 2492 ὅλου

269 2534 438 2588 δεῖται
463 2536 495 2604 ἠ
522 2535 628 2588 τῶν
661 2535 819 2589 θείων
845 2537 1054 2603 Δογίων
1079 2534 1298 2604 μελέτη,
1324 2534 1628 2600 συνίστησιν
1657 2535 1683 2584 ὁ
1707 2533 1836 2584 Μω-

279 2625 418 2689 σέως
452 2627 585 2696 βίος,
613 2628 672 2690 ὃς
727 2631 786 2680 ἐν
816 2629 912 2697 μὲν
938 2630 1006 2697 τῇ
1062 2627 1254 2696 πρώτῃ
1302 2639 1837 2694 τεσσαρακονταετη-

272 2717 378 2787 ρίδι
417 2718 707 2788 ἐπαιδεύθη
737 2720 806 2771 τὰ
859 2718 1197 2786 Αἰγυπτίων.
1241 2717 1363 2768 Ἐπὶ
1405 2716 1462 2766 δὲ
1499 2719 1564 2784 τῇ
1610 2714 1837 2783 δευτέρᾳ

269 2810 883 2881 τεσσαρακονταετηρίδι
903 2812 995 2861 ἐπὶ
1012 2809 1279 2878 προφάσει
1306 2807 1397 2859 τοῦ
1433 2807 1738 2875 ποιμαίνειν
1758 2809 1835 2866 είς

269 2896 369 2957 τὰς
387 2898 622 2967 ἐρημίας
633 2900 993 2969 ἀναχωρήσας
1013 2902 1080 2968 τῇ
1096 2899 1296 2967 θεωρία
1315 2897 1419 2948 τῶν
1436 2898 1602 2949 ὀντων
1617 2896 1838 2963 ἑπεσχό-

269 2989 359 3054 λα,
378 2992 469 3044 καὶ
484 2990 627 3044 οὕτω
641 2990 824 3044 λοιπὸν
838 2992 934 3060 τῆς
964 2991 1058 3044 τοῦ
1092 2990 1226 3043 Θεοῦ
1250 2991 1564 3058 ἐπιφανείας
1588 2987 1834 3053 ἀξιωθεὶς

272 3084 413 3152 μετὰ
436 3083 534 3152 τὴν
562 3083 1194 3154 τεσσαρακονταετηρίδα
1224 3083 1372 3136 ἄκων
1418 3082 1522 3134 ὑπὸ
1582 3079 1680 3149 τῆς
1718 3079 1837 3146 φιλο

1939 1977 2371 2033 conversationis
2439 1980 2492 2032 in
2536 1979 2852 2050 Scripturis,
2902 1995 2961 2037 ut
2997 1984 3233 2052 dignitas
3289 1997 3342 2040 et
3380 2003 3506 2040 san-

1937 2070 2102 2122 ctitas
2129 2069 2443 2123 divinorum
2478 2071 2766 2125 verborum
2786 2075 2980 2129 anima:
3001 2091 3062 2129 ex
3092 2078 3311 2131 assiduo
3329 2082 3506 2134 studio

1940 2161 2307 2230 imprimatur.
2369 2160 2524 2226 Quod
2602 2175 2782 2218 autem
2852 2177 2962 2220 tota
3029 2169 3135 2221 vita
3200 2181 3354 2238 egeat
3422 2173 3506 2225 di-

1938 2253 2185 2307 vinorum
2222 2254 2507 2308 verborum
2544 2257 2810 2318 studium,
2849 2267 3080 2311 testatur
3109 2258 3306 2328 Moysis
3355 2263 3502 2326 vita;

1937 2346 2030 2416 qui
2057 2347 2109 2400 in
2143 2349 2319 2414 primo
2354 2363 2621 2403 annorum
2647 2364 2874 2424 suorum
2933 2352 3367 2422 quadragenario
3425 2355 3506 2407 di-

1937 2439 2145 2493 dicerat
2172 2437 2546 2509 Egyptiorum
2585 2440 2900 2507 doctrinas;
2933 2443 2986 2494 in
3019 2445 3261 2497 secundo
3320 2456 3502 2498 autem

1938 2531 2392 2600 quadragenario,
2433 2533 2535 2586 sub
2558 2542 2816 2600 praetextu
2848 2534 3102 2600 pascendi
3144 2550 3273 2588 oves
3309 2539 3360 2589 in
3414 2537 3505 2590 de-

1939 2632 2080 2677 serta
2100 2624 2382 2687 secedens,
2403 2624 2846 2692 contemplationi
2879 2625 3086 2677 entium
3150 2626 3397 2692 \acabat,
3454 2641 3507 2682 et

1941 2716 2008 2768 ita
2042 2715 2187 2769 brevi
2243 2715 2335 2769 Dei
2399 2715 2837 2772 manifestatione
2883 2717 3082 2785 dignus
3115 2718 3353 2784 babitus,
3386 2729 3508 2788 post

1939 2820 2206 2860 annorum
2266 2807 2759 2876 quadragenarium
2803 2807 2897 2862 Dei
2929 2808 3262 2876 benignitate
3294 2813 3363 2864 ad
3409 2812 3507 2863 bo-

1939 2898 2148 2951 minum
2203 2911 2387 2952 curam
2456 2899 2856 2968 suscipiendam
2911 2899 3112 2954 imitus
3168 2899 3403 2964 devenit,
3454 2912 3505 2955 et

1939 3003 2048 3043 non
2082 2999 2342 3057 perpetuo
2365 2999 2476 3043 tum
2510 2990 2561 3043 in
2585 2990 2821 3059 practica
2883 2991 2992 3044 vita
3045 2992 3371 3059 permansit.
3413 2995 3509 3046 sed

1939 3081 2198 3135 etiamad
2236 3081 2720 3150 contemplativam
2777 3082 2979 3150 saepius
3030 3098 3090 3137 se
3162 3085 3506 3137 renutu-bat:

269 3173 583 3244 ανθρωπίας
611 3174 704 3226 τοῦ
743 3173 877 3226 Θεοῦ
895 3175 987 3226 ἐπὶ
1020 3173 1118 3243 τὴν
1148 3173 1254 3226 τῶν
1276 3169 1580 3240 ἀνθρώπων
1639 3169 1833 3237 ἐπιμέ-
1861 3192 1904 3250 c
1940 3170 2082 3224 unde
2107 3179 2159 3225 et
2187 3172 2242 3224 in
2273 3169 2576 3240 .Egyptiort

1942 3170 2082 3224 unde
2107 3179 2159 3225 et
2187 3172 2242 3224 in
2273 3169 2648 3240 .Egyptiorum
2686 3171 3044 3226 idololatriam
3109 3173 3298 3227 incidit
3323 3175 3511 3227 multi-

269 3266 419 3317 λειαν
451 3265 779 3334 κατηνέχθη,
813 3267 906 3319 καὶ
940 3266 1060 3317 οὐδὲ
1098 3265 1215 3316 τότε
1274 3263 1536 3330 διηνεκῶς
1570 3262 1644 3329 τῷ
1689 3277 1833 3331 πρα-

273 3356 446 3424 κτικῷ
473 3358 747 3426 παρέμενε
777 3356 896 3426 βίῳ,
937 3356 1072 3408 ἀλλὰ
1120 3356 1210 3408 καὶ
1263 3355 1396 3425 πρὸς
1418 3355 1508 3406 τὸν
1547 3352 1839 3405 ἐποπτικὸν

270 3447 482 3501 ἐπανίει
543 3447 840 3512 πολλάκις,
923 3447 1046 3500 ὅθεν
1095 3448 1187 3499 καὶ
1226 3449 1304 3508 είς
1349 3447 1448 3515 τὴν
1497 3446 1838 3513 Αίγυπτικὴν

267 3539 659 3608 εἰδωλομανίαν
687 3541 821 3602 ὅλως
879 3539 1154 3609 ὑπηνέχθη
1206 3541 1275 3592 τὰ
1331 3539 1533 3608 πλήθη,
1606 3539 1687 3606 τῷ
1717 3536 1836 3605 Θεῴ

271 3631 519 3692 συνόντος
548 3631 642 3683 τοῦ
663 3631 848 3700 ἀνδρὸς
899 3635 955 3684 ἐν
981 3633 1057 3701 τῷ
1115 3632 1229 3702 ὄρει
1256 3646 1268 3658 ·
1320 3632 1526 3684 τοιοῦτο
1559 3633 1615 3683 δέ,
1665 3649 1716 3682 τι
1748 3632 1840 3682 καὶ

269 3721 300 3769 ὁ
337 3717 544 3784 Ἠλίας,
571 3721 665 3772 τὸν
703 3722 812 3772 τῶν
852 3721 1154 3790 ἀνθρώπων
1208 3721 1362 3790 δχλον
1421 3722 1833 3791 διαδιδράσκων,

271 3812 366 3862 καὶ
393 3812 485 3862 ἐπὶ
543 3811 640 3873 τὰς
713 3813 945 3880 ἐρημίας
1014 3813 1351 3882 φιλοχωρών.
1408 3813 1472 3866 Εἰ
1511 3815 1687 3865 τοίνυν
1728 3817 1839 3876 τοῖς

272 3903 452 3967 ἁγίοις
491 3905 627 3971 μετὰ
657 3904 838 3971 πάσης
868 3905 1184 3967 εὐσταθείας
1207 3906 1302 3957 τοῦ
1328 3905 1656 3974 ἡγεμονικοῦ
1708 3909 1832 3957 ἐπο-

271 3992 416 4042 νεῖτο
445 3992 546 4060 τῆς
585 3992 844 4062 ἀληθείας
872 3995 903 4062 ἡ
933 3993 1177 4062 ζήτησις,
1208 3993 1321 4055 πῶς
1345 3995 1442 4045 οὐκ
1471 3993 1676 4059 ἀλόγως
1714 3996 1839 4055 τοὺς

1950 3263 2102 3327 tudo,
2133 3264 2354 3330 quaudo
2382 3261 2595 3331 Moyses
2631 3263 2682 3316 in
2714 3273 2896 3318 monte
2930 3280 3051 3318 cum
3092 3265 3203 3319 Deo
3220 3281 3510 3320 conversa-

1941 3356 2121 3408 batur.
2168 3355 2310 3408 Idem
2349 3355 2414 3408 de
2443 3354 2558 3409 Elia
2587 3356 2900 3421 dicendum,
2935 3358 3215 3410 hominum
3241 3359 3507 3410 tumulum

1941 3446 2180 3515 fugiente
2205 3456 2257 3499 et
2292 3446 2343 3499 iu
2375 3446 2589 3500 deserta
2638 3448 2940 3501 secedente.
2990 3448 3044 3500 Si
3096 3450 3256 3516 igitur
3307 3451 3510 3502 sauttis

1941 3553 2064 3589 eum
2105 3537 2272 3592 multa
2311 3537 2616 3592 constantia
2643 3539 2796 3592 ducis
2825 3539 2994 3591 nostri
3051 3541 3292 3592 veritatis
3340 3555 3507 3608 expe-

1944 3630 2040 3681 tita
2087 3643 2169 3682 est
2229 3630 2544 3698 exquisitio,
2597 3631 2870 3699 quomodo
2907 3646 3015 3682 nou
3059 3630 3309 3684 insanum
3371 3632 3510 3683 loret

1942 3721 2153 3775 fruetus
2177 3731 2447 3776 tantorqu
2479 3721 2725 3775 laborum
2759 3723 2876 3775 sine
2904 3722 3006 3775 ulla
3069 3723 3282 3775 actione
3332 3721 3509 3789 inqui-

1940 3813 2096 3864 rere?
2119 3813 2355 3864 Observa
2381 3812 2548 3872 enim,
2577 3811 2722 3865 Elias
2756 3821 3019 3880 quantum
3046 3826 3239 3879 passus
3270 3809 3338 3863 sit
3379 3825 3404 3862 s
3447 3812 3477 3861 li
3497 3838 3510 3848 -

1939 3902 2144 3961 tudine,
2170 3901 2496 3963 calamitate,
2523 3901 2724 3965 labore,
2761 3911 2818 3955 ut
2865 3901 3031 3954 Deutn
3067 3900 3280 3953 videndi
3312 3899 3509 3969 dignus

1949 3993 2261 4046 haberetur.

276 4085 526 4155 καρποὺς
560 4086 671 4139 τῶν
719 4088 931 4156 μυρίων
987 4089 1249 4156 καμάτων
1285 4090 1411 4142 ἄνευ
1453 4088 1596 4149 τινὸς
1625 4088 2008 4156 πραγματείας
2061 4086 2386 4156 ὲπιζητεῖν;
2425 4088 2590 4156 Τήρει
2650 4086 2777 4155 γὰρ,
2817 4087 2909 4139 καὶ
2976 4087 3160 4148 Ἰιλίας
3228 4086 3344 4155 μεθ’
3387 4087 3511 4137 ὅσον

271 4179 640 4247 ἀναχωρήσας
688 4181 785 4231 καὶ
836 4179 1086 4248 ἀτυχίας,
1121 4180 1212 4232 καὶ
1274 4180 1574 4250 καμάτους,
1635 4179 1904 4231 ἰδεῖνΘεὸν
1931 4177 2156 4248 ἠξιώθη,

724 4561 1359 4652 ΡΒᾹΞΡΑΊἸΟ
1433 4561 1578 4648 AD
1653 4560 2197 4648 CATENAM
2284 4561 2402 4647 IN

2503 4555 3062 4648 l’SALMOS.

1071 4772 1312 4834 (Catalog.
1349 4784 1464 4821 mss.
1497 4769 1811 4821 bibliothecae
1840 4772 2071 4822 Gotbame
2092 4773 2160 4828 5°,
2187 4785 2232 4831 p.
2266 4771 2344 4828 23,
2374 4770 2568 4832 Limite,
2593 4771 2750 4828 17H.)

358 5082 424 5134 Ἥ
461 5082 691 5145 ἓκδοσις,
717 5081 748 5149 ἡ
784 5079 880 5149 μὲν
911 5078 1004 5130 ἐπὶ
1033 5075 1413 5148 Καρακάλλου,
1440 5073 1534 5129 τοῦ
1560 5073 1847 5143 Ῥωμαίων
1882 5087 1923 5140 ι)

277 5171 779 5240 ἡγεμονεύσαντος·
824 5172 856 5239 ἡ
908 5169 964 5220 δὲ
1020 5169 1112 5220 ἐπὶ
1176 5167 1548 5236 Ἀλεξάνδρου,
1604 5164 1696 5217 τοῦ
1747 5166 1843 5232 τῆς

281 5261 544 5328 Μαμαίας
573 5273 587 5288 ’
626 5259 898 5327 ἀπάτορες
935 5257 1036 5326 μὲν
1068 5257 1385 5326 ἀμφότεροι,
1420 5255 1512 5306 καὶ
1543 5251 1840 5323 ἀνώνυμοι,

276 5351 416 5416 πλὴν
458 5349 712 5419 οὐδετέρα
739 5349 988 5418 ἀσφαλής
1021 5365 1034 5378 ·
1068 5351 1159 5400 ἐπὶ
1203 5348 1258 5401 δὲ
1331 5345 1709 5412 Διοκλητιανοῦ
1751 5345 1843 5397 καὶ

277 5439 622 5510 Μαξιμιανοῦ
661 5441 768 5493 τῶν
788 5440 1088 5510 τυράννων,
1115 5442 1142 5493 ὁ
1170 5441 1497 5510 ίερομάρτυς
1527 5438 1838 5498 Λουκιανὸς,

278 5532 420 5602 ἀνὴρ
447 5533 544 5600 οὑχ
577 5528 738 5602 ἧττον
764 5531 832 5584 τὰ
863 5531 973 5584 τῶν
1014 5529 1280 5584 Ἰουδαίων
1318 5529 1762 5600 ἀκριϐωσάμενος
1805 5528 1838 5597 ἢ

279 5626 347 5676 τὰ
398 5623 689 5693 Ἑλλήνων,
712 5624 810 5688 τὰς
830 5624 1051 5678 ἐκείνων
1086 5625 1297 5695 βίὸλους
1329 5627 1407 5685 εἰς
1443 5625 1538 5684 τὴν
1567 5623 1842 5692 ἡμετέραν

277 5717 558 5769 διάλεκτον
607 5718 960 5787 μετατίθησιν
998 5716 1197 5787 ἄριστὰ
1228 5733 1285 5770 τε
1314 5716 1408 5770 καὶ
1435 5715 1841 5785 ἀσφαλέστατα,

290 5806 478 5874 Ἡμεῖς
510 5808 563 5859 δὲ
595 5809 687 5860 καὶ
714 5810 810 5877 τὴν
842 5809 1095 5878 τοιαύτην
1134 5809 1342 5861 ἔκδοσιν
1368 5806 1740 5876 σεεοζόμενοι,
1778 5808 1842 5875 τῇ

2031 5074 2235 5135 Ver-sio,
2295 5076 2381 5126 illa
2425 5076 2640 5138 quidem
2691 5075 3016 5143 imperatore
3061 5075 3358 5140 Caracalla,
3399 5080 3510 5131 ba-c

1955 5176 2130 5217 autem
2169 5164 2475 5218 Alexandro
2500 5165 2790 5217 Manutianae
2817 5164 2924 5217 ﬁlio
2952 5183 2964 5228 ;
2997 5166 3244 5218 obscura:
3277 5179 3510 5234 utraque.

1953 5255 2185 5323 originis
2217 5267 2266 5306 et
2297 5256 2533 5307 nominis
2561 5257 2748 5325 ignoti,
2783 5267 3137 5324 prieterquam
3183 5258 3323 5323 quod
3380 5275 3502 5309 neu-

1955 5357 2034 5398 tra
2089 5346 2221 5398 satis
2257 5357 2424 5398 certa.
2457 5344 2856 5414 lmperantibus
2884 5357 3062 5398 autem
3099 5347 3431 5401 Diocletiano
3461 5360 3510 5401 et

1952 5438 2277 5491 Maximiano
2333 5440 2600 5508 tyrannis,
2654 5438 2926 5493 Lucianus
2976 5455 3179 5511 martyr
3235 5458 3328 5510 pro
3387 5443 3507 5506 ﬁde,

1959 5533 2038 5582 \ir
2072 5534 2160 5598 qui
2197 5545 2300 5582 non
2338 5530 2525 5584 minus
2549 5531 2862 5584 Graecorum
2897 5548 3060 5599 quam
3094 5531 3400 5585 JlldtDOI‘llm
3430 5535 3511 5584 lit-

1949 5633 2088 5675 teras
2119 5623 2499 5689 percalluerat.
2533 5624 2744 5676 illarum
2781 5623 2948 5677 libros
2976 5625 3028 5676 in
3057 5632 3303 5676 nostrum
3336 5635 3511 5678 trans-

1949 5713 2068 5765 tulit
2102 5728 2409 5767 sermonem
2435 5715 2635 5781 optime
2665 5725 2718 5766 et
2754 5714 3104 5783 peritissime.
3126 5713 3235 5767 Nos
3271 5732 3395 5768 vero
3418 5718 3506 5784 qui

1950 5805 2126 5872 tltnglti
2160 5806 2494 5860 testimamus
2529 5807 2730 5860 habere
2763 5806 2921 5874 hujus
2949 5807 3160 5874 generis
3188 5808 3509 5866 versionem,
