  <div class='ocr_page' id='page_1' title='image "/cluster/home/n/w/nwhite01/storage/ocr_20150623/106/nnc1.0046979980/562.png"; bbox 0 0 4232 6434; ppageno 0'>
   <div class='ocr_carea' id='block_1_1' title="bbox 266 415 408 477">
    <p class='ocr_par' dir='ltr' id='par_1_1' title="bbox 266 415 408 477">
     <span class='ocr_line' id='line_1_1' title="bbox 266 415 408 477; baseline -0.014 0"><span class='ocrx_word' id='word_1_1' title='bbox 266 415 408 477; x_wconf 79' lang='grc'><strong>1065</strong></span> 
     </span>
    </p>
   </div>
   <div class='ocr_carea' id='block_1_2' title="bbox 1200 397 2613 465">
    <p class='ocr_par' dir='ltr' id='par_1_2' title="bbox 1200 397 2613 465">
     <span class='ocr_line' id='line_1_2' title="bbox 1200 397 2613 465; baseline -0.007 0"><span class='ocrx_word' id='word_1_2' title='bbox 1200 400 1596 465; x_wconf 70' lang='grc' dir='ltr'><strong>ΡΒΕΈΑΤΙΟ</strong></span> <span class='ocrx_word' id='word_1_3' title='bbox 1634 401 1733 460; x_wconf 84' lang='lat' dir='ltr'><strong>AD</strong></span> <span class='ocrx_word' id='word_1_4' title='bbox 1766 398 2114 457; x_wconf 75' lang='lat' dir='ltr'><strong>CATENAM</strong></span> <span class='ocrx_word' id='word_1_5' title='bbox 2155 398 2229 457; x_wconf 80' lang='grc' dir='ltr'><strong>ΙΝ</strong></span> <span class='ocrx_word' id='word_1_6' title='bbox 2261 397 2613 457; x_wconf 75' lang='lat' dir='ltr'><strong>PSALMOS.</strong></span> 
     </span>
    </p>
   </div>
   <div class='ocr_carea' id='block_1_3' title="bbox 3359 393 3493 456">
    <p class='ocr_par' dir='ltr' id='par_1_3' title="bbox 3359 393 3493 456">
     <span class='ocr_line' id='line_1_3' title="bbox 3359 393 3493 456; baseline 0.03 -4"><span class='ocrx_word' id='word_1_7' title='bbox 3359 393 3493 456; x_wconf 75' lang='lat'><strong>1065</strong></span> 
     </span>
    </p>
   </div>
   <div class='ocr_carea' id='block_1_4' title="bbox 247 502 1918 582">
    <p class='ocr_par' dir='ltr' id='par_1_4' title="bbox 247 506 1891 582">
     <span class='ocr_line' id='line_1_4' title="bbox 247 506 1891 582; baseline -0.015 -1"><span class='ocrx_word' id='word_1_8' title='bbox 247 529 355 581; x_wconf 88' lang='grc' dir='ltr'><strong>δῶν</strong></span> <span class='ocrx_word' id='word_1_9' title='bbox 411 523 552 579; x_wconf 73' lang='grc' dir='ltr'>κατὰ</span> <span class='ocrx_word' id='word_1_10' title='bbox 607 519 916 580; x_wconf 75' lang='grc' dir='ltr'><strong>διαστάσεις</strong></span> <span class='ocrx_word' id='word_1_11' title='bbox 947 557 963 582; x_wconf 93' lang='grc'><strong>,</strong></span> <span class='ocrx_word' id='word_1_12' title='bbox 1020 513 1116 568; x_wconf 78' lang='grc' dir='ltr'>καὶ</span> <span class='ocrx_word' id='word_1_13' title='bbox 1170 514 1354 566; x_wconf 87' lang='grc' dir='ltr'>πυκνὰ</span> <span class='ocrx_word' id='word_1_14' title='bbox 1431 512 1555 572; x_wconf 75' lang='grc' dir='ltr'>τοὺς</span> <span class='ocrx_word' id='word_1_15' title='bbox 1616 506 1818 561; x_wconf 81' lang='grc' dir='ltr'>δακτύ-</span> <span class='ocrx_word' id='word_1_16' title='bbox 1848 519 1891 573; x_wconf 72' lang='grc' dir='ltr'>Α</span> 
     </span>
    </p>
   </div>
   <div class='ocr_carea' id='block_1_5' title="bbox 1823 502 3494 582">
    <p class='ocr_par' dir='ltr' id='par_1_5' title="bbox 1848 502 3494 573">
     <span class='ocr_line' id='line_1_5' title="bbox 1848 502 3494 573; baseline -0.002 -14"><span class='ocrx_word' id='word_1_17' title='bbox 1848 519 1891 573; x_wconf 72' lang='grc' dir='ltr'>Α</span> <span class='ocrx_word' id='word_1_18' title='bbox 1919 507 2145 559; x_wconf 78' lang='lat' dir='ltr'><strong>sinislra</strong></span> <span class='ocrx_word' id='word_1_19' title='bbox 2180 523 2306 559; x_wconf 84' lang='lat' dir='ltr'><strong>vero</strong></span> <span class='ocrx_word' id='word_1_20' title='bbox 2348 507 2400 559; x_wconf 92' lang='lat' dir='ltr'><strong>iu</strong></span> <span class='ocrx_word' id='word_1_21' title='bbox 2432 502 2899 561; x_wconf 75' lang='lat' dir='ltr'><strong>suunnoclzordas</strong></span> <span class='ocrx_word' id='word_1_22' title='bbox 2922 502 3193 571; x_wconf 69' lang='lat' dir='ltr'><strong>stringens</strong></span> <span class='ocrx_word' id='word_1_23' title='bbox 3222 504 3494 571; x_wconf 71' lang='lat' dir='ltr'><strong>perium--</strong></span> 
     </span>
    </p>
   </div>
   <div class='ocr_carea' id='block_1_6' title="bbox 250 603 1822 686">
    <p class='ocr_par' dir='ltr' id='par_1_6' title="bbox 250 603 1822 686">
     <span class='ocr_line' id='line_1_6' title="bbox 250 603 1822 686; baseline -0.011 -15"><span class='ocrx_word' id='word_1_24' title='bbox 250 621 374 682; x_wconf 85' lang='grc' dir='ltr'>λους</span> <span class='ocrx_word' id='word_1_25' title='bbox 436 616 802 686; x_wconf 86' lang='grc' dir='ltr'>μετατιθεῖσα,</span> <span class='ocrx_word' id='word_1_26' title='bbox 830 612 1000 681; x_wconf 74' lang='grc' dir='ltr'>βαρὺν</span> <span class='ocrx_word' id='word_1_27' title='bbox 1050 610 1084 680; x_wconf 80' lang='grc' dir='ltr'>ἢ</span> <span class='ocrx_word' id='word_1_28' title='bbox 1135 608 1260 673; x_wconf 77' lang='grc' dir='ltr'><strong>ὀξὺν</strong></span> <span class='ocrx_word' id='word_1_29' title='bbox 1301 605 1394 660; x_wconf 78' lang='grc' dir='ltr'>τὸν</span> <span class='ocrx_word' id='word_1_30' title='bbox 1447 604 1682 671; x_wconf 77' lang='grc' dir='ltr'>φθόγγον</span> <span class='ocrx_word' id='word_1_31' title='bbox 1730 603 1822 670; x_wconf 84' lang='grc' dir='ltr'>ἐρ-</span> 
     </span>
    </p>
   </div>
   <div class='ocr_carea' id='block_1_7' title="bbox 251 693 1819 778">
    <p class='ocr_par' dir='ltr' id='par_1_7' title="bbox 251 693 1819 778">
     <span class='ocr_line' id='line_1_7' title="bbox 251 693 1819 778; baseline -0.014 -12"><span class='ocrx_word' id='word_1_32' title='bbox 251 712 498 778; x_wconf 77' lang='grc' dir='ltr'>γάζεται.</span> <span class='ocrx_word' id='word_1_33' title='bbox 542 706 758 761; x_wconf 82' lang='grc' dir='ltr'>Πολλῶν</span> <span class='ocrx_word' id='word_1_34' title='bbox 789 706 846 756; x_wconf 81' lang='grc' dir='ltr'><strong>δέ</strong></span> <span class='ocrx_word' id='word_1_35' title='bbox 890 703 1058 755; x_wconf 76' lang='grc' dir='ltr'>ὅντων</span> <span class='ocrx_word' id='word_1_36' title='bbox 1086 700 1336 771; x_wconf 73' lang='grc' dir='ltr'>ὀργάνων</span> <span class='ocrx_word' id='word_1_37' title='bbox 1395 696 1689 768; x_wconf 84' lang='grc' dir='ltr'>μουσικῶν,</span> <span class='ocrx_word' id='word_1_38' title='bbox 1721 693 1819 763; x_wconf 81' lang='grc' dir='ltr'><strong>τὴν</strong></span> 
     </span>
    </p>
   </div>
   <div class='ocr_carea' id='block_1_8' title="bbox 255 787 1823 869">
    <p class='ocr_par' dir='ltr' id='par_1_8' title="bbox 255 787 1823 869">
     <span class='ocr_line' id='line_1_8' title="bbox 255 787 1823 869; baseline -0.01 -18"><span class='ocrx_word' id='word_1_39' title='bbox 255 802 433 869; x_wconf 87' lang='grc' dir='ltr'>βίϐλον</span> <span class='ocrx_word' id='word_1_40' title='bbox 460 800 571 851; x_wconf 89' lang='grc' dir='ltr'><strong>τῶν</strong></span> <span class='ocrx_word' id='word_1_41' title='bbox 621 796 869 865; x_wconf 68' lang='grc' dir='ltr'>Ψαλμῶν</span> <span class='ocrx_word' id='word_1_42' title='bbox 916 795 1051 864; x_wconf 83' lang='grc' dir='ltr'>πρὸς</span> <span class='ocrx_word' id='word_1_43' title='bbox 1095 796 1156 846; x_wconf 70' lang='grc' dir='ltr'>τὸ</span> <span class='ocrx_word' id='word_1_44' title='bbox 1198 792 1488 860; x_wconf 86' lang='grc' dir='ltr'>λεγόμενον</span> <span class='ocrx_word' id='word_1_45' title='bbox 1528 787 1823 856; x_wconf 79' lang='grc' dir='ltr'>ψαλτήριον</span> 
     </span>
    </p>
   </div>
   <div class='ocr_carea' id='block_1_9' title="bbox 253 875 1820 961">
    <p class='ocr_par' dir='ltr' id='par_1_9' title="bbox 253 875 1820 961">
     <span class='ocr_line' id='line_1_9' title="bbox 253 875 1820 961; baseline -0.01 -17"><span class='ocrx_word' id='word_1_46' title='bbox 253 894 495 961; x_wconf 75' lang='grc' dir='ltr'><strong>ἥρμοσεν</strong></span> <span class='ocrx_word' id='word_1_47' title='bbox 527 892 555 943; x_wconf 84' lang='grc' dir='ltr'>ὁ</span> <span class='ocrx_word' id='word_1_48' title='bbox 579 889 885 960; x_wconf 75' lang='grc' dir='ltr'><strong>προφήτης,</strong></span> <span class='ocrx_word' id='word_1_49' title='bbox 916 887 1036 957; x_wconf 76' lang='grc' dir='ltr'>ἑμοῖ</span> <span class='ocrx_word' id='word_1_50' title='bbox 1068 885 1268 944; x_wconf 88' lang='grc' dir='ltr'>δοκεῖν,</span> <span class='ocrx_word' id='word_1_51' title='bbox 1302 881 1401 951; x_wconf 76' lang='grc' dir='ltr'>τὴν</span> <span class='ocrx_word' id='word_1_52' title='bbox 1430 879 1633 935; x_wconf 82' lang='grc' dir='ltr'>ἄνωθεν</span> <span class='ocrx_word' id='word_1_53' title='bbox 1668 875 1820 947; x_wconf 83' lang='grc' dir='ltr'><strong>αὑτῷ</strong></span> 
     </span>
    </p>
   </div>
   <div class='ocr_carea' id='block_1_10' title="bbox 256 968 1825 1053">
    <p class='ocr_par' dir='ltr' id='par_1_10' title="bbox 256 968 1825 1053">
     <span class='ocr_line' id='line_1_10' title="bbox 256 968 1825 1053; baseline -0.01 -18"><span class='ocrx_word' id='word_1_54' title='bbox 256 982 554 1053; x_wconf 69' lang='grc' dir='ltr'>ὲνηχοῦσαν</span> <span class='ocrx_word' id='word_1_55' title='bbox 593 982 749 1051; x_wconf 80' lang='grc' dir='ltr'>χάριν</span> <span class='ocrx_word' id='word_1_56' title='bbox 792 980 939 1048; x_wconf 73' lang='grc' dir='ltr'>παρὰ</span> <span class='ocrx_word' id='word_1_57' title='bbox 986 976 1081 1029; x_wconf 84' lang='grc' dir='ltr'><strong>τοῦ</strong></span> <span class='ocrx_word' id='word_1_58' title='bbox 1128 974 1441 1043; x_wconf 78' lang='grc' dir='ltr'>ῐινεύματος</span> <span class='ocrx_word' id='word_1_59' title='bbox 1486 968 1825 1036; x_wconf 74' lang='grc' dir='ltr'>ἐνδεικνύμε-</span> 
     </span>
    </p>
   </div>
   <div class='ocr_carea' id='block_1_11' title="bbox 258 1063 1827 1142">
    <p class='ocr_par' dir='ltr' id='par_1_11' title="bbox 258 1063 1827 1142">
     <span class='ocr_line' id='line_1_11' title="bbox 258 1063 1827 1142; baseline -0.01 -14"><span class='ocrx_word' id='word_1_60' title='bbox 258 1092 347 1136; x_wconf 86' lang='grc' dir='ltr'><strong>νος</strong></span> <span class='ocrx_word' id='word_1_61' title='bbox 372 1087 387 1104; x_wconf 83' lang='grc'>⁶</span> <span class='ocrx_word' id='word_1_62' title='bbox 412 1075 548 1126; x_wconf 82' lang='grc' dir='ltr'>διότι</span> <span class='ocrx_word' id='word_1_63' title='bbox 586 1073 742 1126; x_wconf 76' lang='grc' dir='ltr'>τοῦτο</span> <span class='ocrx_word' id='word_1_64' title='bbox 774 1072 933 1142; x_wconf 89' lang='grc' dir='ltr'>μόνον</span> <span class='ocrx_word' id='word_1_65' title='bbox 970 1069 1077 1122; x_wconf 89' lang='grc' dir='ltr'><strong>τῶν</strong></span> <span class='ocrx_word' id='word_1_66' title='bbox 1114 1067 1389 1138; x_wconf 80' lang='grc' dir='ltr'>μουσικῶν</span> <span class='ocrx_word' id='word_1_67' title='bbox 1430 1065 1680 1134; x_wconf 82' lang='grc' dir='ltr'>ὀργάνων</span> <span class='ocrx_word' id='word_1_68' title='bbox 1726 1063 1827 1131; x_wconf 80' lang='grc' dir='ltr'>τὴν</span> 
     </span>
    </p>
   </div>
   <div class='ocr_carea' id='block_1_12' title="bbox 261 1156 1825 1234">
    <p class='ocr_par' dir='ltr' id='par_1_12' title="bbox 261 1156 1825 1234">
     <span class='ocr_line' id='line_1_12' title="bbox 261 1156 1825 1234; baseline -0.007 -16"><span class='ocrx_word' id='word_1_69' title='bbox 261 1166 442 1219; x_wconf 78' lang='grc' dir='ltr'>αἰτίαν</span> <span class='ocrx_word' id='word_1_70' title='bbox 460 1165 566 1217; x_wconf 88' lang='grc' dir='ltr'><strong>τῶν</strong></span> <span class='ocrx_word' id='word_1_71' title='bbox 588 1164 839 1234; x_wconf 84' lang='grc' dir='ltr'>φθόγγων</span> <span class='ocrx_word' id='word_1_72' title='bbox 872 1164 936 1215; x_wconf 81' lang='grc' dir='ltr'><strong>ἐκ</strong></span> <span class='ocrx_word' id='word_1_73' title='bbox 967 1162 1075 1215; x_wconf 90' lang='grc' dir='ltr'><strong>τῶν</strong></span> <span class='ocrx_word' id='word_1_74' title='bbox 1107 1160 1316 1216; x_wconf 77' lang='grc' dir='ltr'>ἄνωθεν</span> <span class='ocrx_word' id='word_1_75' title='bbox 1337 1158 1470 1227; x_wconf 79' lang='grc' dir='ltr'>ἔχει,</span> <span class='ocrx_word' id='word_1_76' title='bbox 1493 1156 1567 1219; x_wconf 83' lang='grc' dir='ltr'>ὼς</span> <span class='ocrx_word' id='word_1_77' title='bbox 1590 1156 1825 1227; x_wconf 72' lang='grc' dir='ltr'>εἴρηται.</span> 
     </span>
    </p>
   </div>
   <div class='ocr_carea' id='block_1_13' title="bbox 262 1251 1821 1328">
    <p class='ocr_par' dir='ltr' id='par_1_13' title="bbox 262 1251 1821 1328">
     <span class='ocr_line' id='line_1_13' title="bbox 262 1251 1821 1328; baseline -0.006 -18"><span class='ocrx_word' id='word_1_78' title='bbox 262 1257 341 1325; x_wconf 77' lang='grc' dir='ltr'><strong>Τῇ</strong></span> <span class='ocrx_word' id='word_1_79' title='bbox 370 1257 570 1327; x_wconf 74' lang='grc' dir='ltr'>κιθάρα</span> <span class='ocrx_word' id='word_1_80' title='bbox 609 1257 707 1327; x_wconf 88' lang='grc' dir='ltr'><strong>μέν</strong></span> <span class='ocrx_word' id='word_1_81' title='bbox 728 1256 858 1328; x_wconf 75' lang='grc' dir='ltr'>γάρ,</span> <span class='ocrx_word' id='word_1_82' title='bbox 884 1257 976 1309; x_wconf 74' lang='grc' dir='ltr'>καὶ</span> <span class='ocrx_word' id='word_1_83' title='bbox 1007 1260 1070 1327; x_wconf 78' lang='grc' dir='ltr'>τῇ</span> <span class='ocrx_word' id='word_1_84' title='bbox 1114 1255 1254 1326; x_wconf 75' lang='grc' dir='ltr'>λύρᾳ</span> <span class='ocrx_word' id='word_1_85' title='bbox 1282 1252 1526 1306; x_wconf 78' lang='grc' dir='ltr'><strong>κάτωθεν</strong></span> <span class='ocrx_word' id='word_1_86' title='bbox 1558 1254 1586 1304; x_wconf 84' lang='grc' dir='ltr'>ὁ</span> <span class='ocrx_word' id='word_1_87' title='bbox 1619 1251 1821 1319; x_wconf 85' lang='grc' dir='ltr'>χαλκὸς</span> 
     </span>
    </p>
   </div>
   <div class='ocr_carea' id='block_1_14' title="bbox 266 1336 1827 1415">
    <p class='ocr_par' dir='ltr' id='par_1_14' title="bbox 266 1336 1827 1415">
     <span class='ocr_line' id='line_1_14' title="bbox 266 1336 1827 1415; baseline -0.005 -18"><span class='ocrx_word' id='word_1_88' title='bbox 266 1347 472 1415; x_wconf 80' lang='grc' dir='ltr'>ὑπηχεῖ</span> <span class='ocrx_word' id='word_1_89' title='bbox 512 1346 646 1413; x_wconf 77' lang='grc' dir='ltr'>πρὸς</span> <span class='ocrx_word' id='word_1_90' title='bbox 675 1346 735 1398; x_wconf 78' lang='grc' dir='ltr'>τὸ</span> <span class='ocrx_word' id='word_1_91' title='bbox 780 1345 1053 1414; x_wconf 75' lang='grc' dir='ltr'>πλῆκτρον</span> <span class='ocrx_word' id='word_1_92' title='bbox 1082 1362 1095 1377; x_wconf 83' lang='grc'><em>’</em></span> <span class='ocrx_word' id='word_1_93' title='bbox 1127 1343 1189 1396; x_wconf 84' lang='grc' dir='ltr'>τὸ</span> <span class='ocrx_word' id='word_1_94' title='bbox 1223 1342 1520 1413; x_wconf 77' lang='grc' dir='ltr'>ψαλτήριον</span> <span class='ocrx_word' id='word_1_95' title='bbox 1569 1340 1626 1392; x_wconf 79' lang='grc' dir='ltr'><strong>δέ</strong></span> <span class='ocrx_word' id='word_1_96' title='bbox 1669 1336 1827 1390; x_wconf 85' lang='grc' dir='ltr'>τοῦτο</span> 
     </span>
    </p>
   </div>
   <div class='ocr_carea' id='block_1_15' title="bbox 263 1428 1825 1507">
    <p class='ocr_par' dir='ltr' id='par_1_15' title="bbox 263 1428 1825 1507">
     <span class='ocr_line' id='line_1_15' title="bbox 263 1428 1825 1507; baseline -0.004 -19"><span class='ocrx_word' id='word_1_97' title='bbox 263 1438 371 1489; x_wconf 84' lang='grc' dir='ltr'><strong>τῶν</strong></span> <span class='ocrx_word' id='word_1_98' title='bbox 411 1435 722 1507; x_wconf 81' lang='grc' dir='ltr'>ἁρμονικῶν</span> <span class='ocrx_word' id='word_1_99' title='bbox 762 1434 985 1506; x_wconf 79' lang='grc' dir='ltr'>ῥυθμῶν</span> <span class='ocrx_word' id='word_1_100' title='bbox 1032 1433 1238 1487; x_wconf 76' lang='grc' dir='ltr'>ἄνωθεν</span> <span class='ocrx_word' id='word_1_101' title='bbox 1278 1434 1390 1502; x_wconf 76' lang='grc' dir='ltr'>ἔχει</span> <span class='ocrx_word' id='word_1_102' title='bbox 1419 1432 1516 1494; x_wconf 73' lang='grc' dir='ltr'>τὰς</span> <span class='ocrx_word' id='word_1_103' title='bbox 1549 1428 1825 1499; x_wconf 73' lang='grc' dir='ltr'>ἀφορμάς,</span> 
     </span>
    </p>
   </div>
   <div class='ocr_carea' id='block_1_16' title="bbox 266 1522 1828 1598">
    <p class='ocr_par' dir='ltr' id='par_1_16' title="bbox 266 1522 1828 1598">
     <span class='ocr_line' id='line_1_16' title="bbox 266 1522 1828 1598; baseline -0.003 -19"><span class='ocrx_word' id='word_1_104' title='bbox 266 1529 354 1581; x_wconf 84' lang='grc' dir='ltr'>ἵνα</span> <span class='ocrx_word' id='word_1_105' title='bbox 382 1529 474 1580; x_wconf 72' lang='grc' dir='ltr'>καὶ</span> <span class='ocrx_word' id='word_1_106' title='bbox 505 1529 663 1597; x_wconf 76' lang='grc' dir='ltr'>ἡμεῖς</span> <span class='ocrx_word' id='word_1_107' title='bbox 702 1527 771 1580; x_wconf 75' lang='grc' dir='ltr'><strong>τά</strong></span> <span class='ocrx_word' id='word_1_108' title='bbox 797 1528 908 1581; x_wconf 80' lang='grc' dir='ltr'>ἄνω</span> <span class='ocrx_word' id='word_1_109' title='bbox 950 1529 1137 1598; x_wconf 74' lang='grc' dir='ltr'>ζητεῖν</span> <span class='ocrx_word' id='word_1_110' title='bbox 1166 1525 1503 1598; x_wconf 87' lang='grc' dir='ltr'>μελετῶμεν,</span> <span class='ocrx_word' id='word_1_111' title='bbox 1536 1524 1631 1575; x_wconf 75' lang='grc' dir='ltr'>καὶ</span> <span class='ocrx_word' id='word_1_112' title='bbox 1663 1522 1738 1593; x_wconf 80' lang='grc' dir='ltr'>μὴ</span> <span class='ocrx_word' id='word_1_113' title='bbox 1762 1524 1828 1591; x_wconf 78' lang='grc' dir='ltr'>τῇ</span> 
     </span>
    </p>
   </div>
   <div class='ocr_carea' id='block_1_17' title="bbox 265 1614 1830 1690">
    <p class='ocr_par' dir='ltr' id='par_1_17' title="bbox 265 1614 1830 1690">
     <span class='ocr_line' id='line_1_17' title="bbox 265 1614 1830 1690; baseline -0.004 -20"><span class='ocrx_word' id='word_1_114' title='bbox 265 1620 425 1690; x_wconf 75' lang='grc' dir='ltr'>ἡδονῇ</span> <span class='ocrx_word' id='word_1_115' title='bbox 471 1618 565 1671; x_wconf 90' lang='grc' dir='ltr'><strong>τοῦ</strong></span> <span class='ocrx_word' id='word_1_116' title='bbox 604 1618 795 1688; x_wconf 82' lang='grc' dir='ltr'>μέλους</span> <span class='ocrx_word' id='word_1_117' title='bbox 819 1617 914 1670; x_wconf 83' lang='grc' dir='ltr'>ἐπὶ</span> <span class='ocrx_word' id='word_1_118' title='bbox 954 1618 1021 1672; x_wconf 78' lang='grc' dir='ltr'><strong>τὰ</strong></span> <span class='ocrx_word' id='word_1_119' title='bbox 1046 1617 1147 1686; x_wconf 75' lang='grc' dir='ltr'>τῆς</span> <span class='ocrx_word' id='word_1_120' title='bbox 1188 1616 1387 1687; x_wconf 80' lang='grc' dir='ltr'>σαρκὸς</span> <span class='ocrx_word' id='word_1_121' title='bbox 1412 1614 1556 1683; x_wconf 86' lang='grc' dir='ltr'>πάθη</span> <span class='ocrx_word' id='word_1_122' title='bbox 1588 1630 1830 1681; x_wconf 78' lang='grc' dir='ltr'>καταφε-</span> 
     </span>
    </p>
   </div>
   <div class='ocr_carea' id='block_1_18' title="bbox 267 1705 1830 1781">
    <p class='ocr_par' dir='ltr' id='par_1_18' title="bbox 267 1705 1830 1781">
     <span class='ocr_line' id='line_1_18' title="bbox 267 1705 1830 1781; baseline -0.005 -18"><span class='ocrx_word' id='word_1_123' title='bbox 267 1710 509 1781; x_wconf 79' lang='grc' dir='ltr'>ρώμεθα.</span> <span class='ocrx_word' id='word_1_124' title='bbox 540 1713 774 1766; x_wconf 80' lang='grc' dir='ltr'>Κάκεῖνο</span> <span class='ocrx_word' id='word_1_125' title='bbox 797 1710 853 1763; x_wconf 84' lang='grc' dir='ltr'>δὲ</span> <span class='ocrx_word' id='word_1_126' title='bbox 876 1706 1027 1780; x_wconf 79' lang='grc' dir='ltr'>οἶμαι</span> <span class='ocrx_word' id='word_1_127' title='bbox 1058 1711 1151 1763; x_wconf 81' lang='grc' dir='ltr'>τὸν</span> <span class='ocrx_word' id='word_1_128' title='bbox 1173 1708 1505 1778; x_wconf 71' lang='grc' dir='ltr'>προφητικὸν</span> <span class='ocrx_word' id='word_1_129' title='bbox 1544 1707 1698 1774; x_wconf 83' lang='grc' dir='ltr'>λόγον</span> <span class='ocrx_word' id='word_1_130' title='bbox 1733 1705 1830 1774; x_wconf 84' lang='grc' dir='ltr'><strong>βα·-</strong></span> 
     </span>
    </p>
   </div>
   <div class='ocr_carea' id='block_1_19' title="bbox 268 1798 1832 1872">
    <p class='ocr_par' dir='ltr' id='par_1_19' title="bbox 268 1798 1832 1872">
     <span class='ocr_line' id='line_1_19' title="bbox 268 1798 1832 1872; baseline -0.003 -18"><span class='ocrx_word' id='word_1_131' title='bbox 268 1804 404 1865; x_wconf 79' lang='grc' dir='ltr'>θέως</span> <span class='ocrx_word' id='word_1_132' title='bbox 447 1805 578 1872; x_wconf 77' lang='grc' dir='ltr'>ἡμῖν</span> <span class='ocrx_word' id='word_1_133' title='bbox 631 1804 721 1855; x_wconf 71' lang='grc' dir='ltr'>καὶ</span> <span class='ocrx_word' id='word_1_134' title='bbox 764 1802 942 1869; x_wconf 72' lang='grc' dir='ltr'>σοςρῶς</span> <span class='ocrx_word' id='word_1_135' title='bbox 983 1801 1071 1855; x_wconf 71' lang='grc' dir='ltr'><strong>διὰ</strong></span> <span class='ocrx_word' id='word_1_136' title='bbox 1104 1803 1204 1870; x_wconf 79' lang='grc' dir='ltr'>τῆς</span> <span class='ocrx_word' id='word_1_137' title='bbox 1250 1798 1342 1852; x_wconf 83' lang='grc' dir='ltr'><strong>τοῦ</strong></span> <span class='ocrx_word' id='word_1_138' title='bbox 1389 1798 1617 1868; x_wconf 76' lang='grc' dir='ltr'>ὀργάνου</span> <span class='ocrx_word' id='word_1_139' title='bbox 1662 1812 1832 1849; x_wconf 88' lang='grc' dir='ltr'>κατα-</span> 
     </span>
    </p>
   </div>
   <div class='ocr_carea' id='block_1_20' title="bbox 1930 595 3497 664">
    <p class='ocr_par' dir='ltr' id='par_1_20' title="bbox 1930 595 3497 664">
     <span class='ocr_line' id='line_1_20' title="bbox 1930 595 3497 664; baseline -0.001 -14"><span class='ocrx_word' id='word_1_140' title='bbox 1930 598 2066 650; x_wconf 88' lang='lat' dir='ltr'><strong>valla</strong></span> <span class='ocrx_word' id='word_1_141' title='bbox 2097 608 2150 651; x_wconf 85' lang='lat' dir='ltr'><strong>et</strong></span> <span class='ocrx_word' id='word_1_142' title='bbox 2184 596 2374 650; x_wconf 86' lang='lat' dir='ltr'><strong>crebro</strong></span> <span class='ocrx_word' id='word_1_143' title='bbox 2402 598 2663 650; x_wconf 76' lang='lat' dir='ltr'><strong>oberrans</strong></span> <span class='ocrx_word' id='word_1_144' title='bbox 2694 595 2897 664; x_wconf 72' lang='lat' dir='ltr'><strong>digitis,</strong></span> <span class='ocrx_word' id='word_1_145' title='bbox 2930 610 3123 648; x_wconf 89' lang='lat' dir='ltr'><strong>sonqu</strong></span> <span class='ocrx_word' id='word_1_146' title='bbox 3160 608 3252 648; x_wconf 89' lang='lat' dir='ltr'><strong>aut</strong></span> <span class='ocrx_word' id='word_1_147' title='bbox 3282 612 3497 664; x_wconf 63' lang='lat' dir='ltr'><strong>gl&#39;ith‘lll</strong></span> 
     </span>
    </p>
   </div>
   <div class='ocr_carea' id='block_1_21' title="bbox 1930 686 3497 754">
    <p class='ocr_par' dir='ltr' id='par_1_21' title="bbox 1930 686 3497 754">
     <span class='ocr_line' id='line_1_21' title="bbox 1930 686 3497 754; baseline -0.001 -14"><span class='ocrx_word' id='word_1_148' title='bbox 1930 696 2023 741; x_wconf 86' lang='lat' dir='ltr'><strong>aut</strong></span> <span class='ocrx_word' id='word_1_149' title='bbox 2045 698 2260 742; x_wconf 87' lang='lat' dir='ltr'><strong>acutum</strong></span> <span class='ocrx_word' id='word_1_150' title='bbox 2284 686 2464 741; x_wconf 80' lang='lat' dir='ltr'><strong>eﬁicil.</strong></span> <span class='ocrx_word' id='word_1_151' title='bbox 2485 687 2745 752; x_wconf 80' lang='lat' dir='ltr'><strong>Quamvis</strong></span> <span class='ocrx_word' id='word_1_152' title='bbox 2766 701 2896 741; x_wconf 89' lang='lat' dir='ltr'><strong>vero</strong></span> <span class='ocrx_word' id='word_1_153' title='bbox 2919 703 3025 739; x_wconf 92' lang='lat' dir='ltr'><strong>nou</strong></span> <span class='ocrx_word' id='word_1_154' title='bbox 3054 703 3216 740; x_wconf 93' lang='lat' dir='ltr'><strong>unum</strong></span> <span class='ocrx_word' id='word_1_155' title='bbox 3240 689 3309 741; x_wconf 97' lang='lat' dir='ltr'><strong>sit</strong></span> <span class='ocrx_word' id='word_1_156' title='bbox 3337 703 3497 754; x_wconf 61' lang='lat' dir='ltr'><strong>orga-</strong></span> 
     </span>
    </p>
   </div>
   <div class='ocr_carea' id='block_1_22' title="bbox 1932 777 3499 841">
    <p class='ocr_par' dir='ltr' id='par_1_22' title="bbox 1932 777 3499 841">
     <span class='ocr_line' id='line_1_22' title="bbox 1932 777 3499 841; baseline -0.001 -8"><span class='ocrx_word' id='word_1_157' title='bbox 1932 795 2058 833; x_wconf 91' lang='lat' dir='ltr'><strong>num</strong></span> <span class='ocrx_word' id='word_1_158' title='bbox 2113 779 2406 841; x_wconf 85' lang='lat' dir='ltr'><strong>musicum,</strong></span> <span class='ocrx_word' id='word_1_159' title='bbox 2443 777 2778 832; x_wconf 89' lang='lat' dir='ltr'><strong>Psalmorum</strong></span> <span class='ocrx_word' id='word_1_160' title='bbox 2815 788 2993 832; x_wconf 88' lang='lat' dir='ltr'><strong>tamen</strong></span> <span class='ocrx_word' id='word_1_161' title='bbox 3042 778 3238 831; x_wconf 89' lang='lat' dir='ltr'><strong>librmn</strong></span> <span class='ocrx_word' id='word_1_162' title='bbox 3276 781 3341 831; x_wconf 90' lang='lat' dir='ltr'><strong>ad</strong></span> <span class='ocrx_word' id='word_1_163' title='bbox 3367 780 3499 832; x_wconf 83' lang='lat' dir='ltr'><strong>illud</strong></span> 
     </span>
    </p>
   </div>
   <div class='ocr_carea' id='block_1_23' title="bbox 1932 869 3504 939">
    <p class='ocr_par' dir='ltr' id='par_1_23' title="bbox 1932 869 3504 939">
     <span class='ocr_line' id='line_1_23' title="bbox 1932 869 3504 939; baseline -0.002 -16"><span class='ocrx_word' id='word_1_164' title='bbox 1932 870 2074 939; x_wconf 84' lang='lat' dir='ltr'><strong>quod</strong></span> <span class='ocrx_word' id='word_1_165' title='bbox 2098 870 2409 938; x_wconf 73' lang='lat' dir='ltr'><strong>pSaIterium</strong></span> <span class='ocrx_word' id='word_1_166' title='bbox 2461 869 2655 923; x_wconf 84' lang='lat' dir='ltr'><strong>dicitur</strong></span> <span class='ocrx_word' id='word_1_167' title='bbox 2681 871 2915 924; x_wconf 78' lang='lat' dir='ltr'><strong>maxime</strong></span> <span class='ocrx_word' id='word_1_168' title='bbox 2955 871 3387 924; x_wconf 72' lang='lat' dir='ltr'><strong>accommodavit</strong></span> <span class='ocrx_word' id='word_1_169' title='bbox 3412 888 3504 921; x_wconf 80' lang='lat' dir='ltr'><strong>va-</strong></span> 
     </span>
    </p>
   </div>
   <div class='ocr_carea' id='block_1_24' title="bbox 1935 962 3504 1031">
    <p class='ocr_par' dir='ltr' id='par_1_24' title="bbox 1935 962 3504 1031">
     <span class='ocr_line' id='line_1_24' title="bbox 1935 962 3504 1031; baseline -0.003 -14"><span class='ocrx_word' id='word_1_170' title='bbox 1935 972 2037 1023; x_wconf 86' lang='lat' dir='ltr'><strong>tes,</strong></span> <span class='ocrx_word' id='word_1_171' title='bbox 2058 962 2262 1016; x_wconf 89' lang='lat' dir='ltr'><strong>utmihi</strong></span> <span class='ocrx_word' id='word_1_172' title='bbox 2285 963 2514 1025; x_wconf 86' lang='lat' dir='ltr'><strong>videtur,</strong></span> <span class='ocrx_word' id='word_1_173' title='bbox 2545 963 2770 1030; x_wconf 77' lang='lat' dir='ltr'><strong>gratiam</strong></span> <span class='ocrx_word' id='word_1_174' title='bbox 2795 963 2937 1016; x_wconf 81' lang='lat' dir='ltr'><strong>illam</strong></span> <span class='ocrx_word' id='word_1_175' title='bbox 2967 964 3141 1017; x_wconf 90' lang='lat' dir='ltr'><strong>sancti</strong></span> <span class='ocrx_word' id='word_1_176' title='bbox 3168 963 3405 1031; x_wconf 90' lang='lat' dir='ltr'><strong>Spiritus</strong></span> <span class='ocrx_word' id='word_1_177' title='bbox 3436 964 3504 1016; x_wconf 90' lang='lat' dir='ltr'><strong>si-</strong></span> 
     </span>
    </p>
   </div>
   <div class='ocr_carea' id='block_1_25' title="bbox 1935 1052 3502 1122">
    <p class='ocr_par' dir='ltr' id='par_1_25' title="bbox 1935 1052 3502 1122">
     <span class='ocr_line' id='line_1_25' title="bbox 1935 1052 3502 1122; baseline 0.001 -17"><span class='ocrx_word' id='word_1_178' title='bbox 1935 1052 2286 1122; x_wconf 74' lang='lat' dir='ltr'><strong>gniﬁcaturus</strong></span> <span class='ocrx_word' id='word_1_179' title='bbox 2335 1068 2458 1120; x_wconf 76' lang='lat' dir='ltr'><strong>qua:</strong></span> <span class='ocrx_word' id='word_1_180' title='bbox 2505 1068 2568 1107; x_wconf 79' lang='lat' dir='ltr'><strong>ex</strong></span> <span class='ocrx_word' id='word_1_181' title='bbox 2603 1052 2712 1105; x_wconf 91' lang='lat' dir='ltr'><strong>alto</strong></span> <span class='ocrx_word' id='word_1_182' title='bbox 2770 1052 2987 1121; x_wconf 81' lang='lat' dir='ltr'><strong>profusa</strong></span> <span class='ocrx_word' id='word_1_183' title='bbox 3040 1054 3397 1107; x_wconf 79' lang='lat' dir='ltr'><strong>suavissimas</strong></span> <span class='ocrx_word' id='word_1_184' title='bbox 3450 1058 3502 1107; x_wconf 89' lang='lat' dir='ltr'><strong>in</strong></span> 
     </span>
    </p>
   </div>
   <div class='ocr_carea' id='block_1_26' title="bbox 1940 1143 3503 1213">
    <p class='ocr_par' dir='ltr' id='par_1_26' title="bbox 1940 1143 3503 1213">
     <span class='ocr_line' id='line_1_26' title="bbox 1940 1143 3503 1213; baseline 0 -17"><span class='ocrx_word' id='word_1_185' title='bbox 1940 1144 2060 1213; x_wconf 89' lang='lat' dir='ltr'><strong>ipso</strong></span> <span class='ocrx_word' id='word_1_186' title='bbox 2094 1146 2283 1198; x_wconf 81' lang='lat' dir='ltr'><strong>modos</strong></span> <span class='ocrx_word' id='word_1_187' title='bbox 2317 1145 2487 1199; x_wconf 90' lang='lat' dir='ltr'><strong>cieret</strong></span> <span class='ocrx_word' id='word_1_188' title='bbox 2522 1161 2534 1197; x_wconf 91' lang='lat'><strong>:</strong></span> <span class='ocrx_word' id='word_1_189' title='bbox 2572 1143 2699 1212; x_wconf 86' lang='lat' dir='ltr'><strong>quia</strong></span> <span class='ocrx_word' id='word_1_190' title='bbox 2735 1144 2838 1197; x_wconf 88' lang='lat' dir='ltr'><strong>hoc</strong></span> <span class='ocrx_word' id='word_1_191' title='bbox 2891 1144 3067 1197; x_wconf 90' lang='lat' dir='ltr'><strong>solum</strong></span> <span class='ocrx_word' id='word_1_192' title='bbox 3104 1145 3240 1197; x_wconf 87' lang='lat' dir='ltr'><strong>inter</strong></span> <span class='ocrx_word' id='word_1_193' title='bbox 3297 1148 3503 1199; x_wconf 85' lang='lat' dir='ltr'><strong>musica</strong></span> 
     </span>
    </p>
   </div>
   <div class='ocr_carea' id='block_1_27' title="bbox 1936 1234 3506 1301">
    <p class='ocr_par' dir='ltr' id='par_1_27' title="bbox 1936 1234 3506 1301">
     <span class='ocr_line' id='line_1_27' title="bbox 1936 1234 3506 1301; baseline 0.001 -13"><span class='ocrx_word' id='word_1_194' title='bbox 1936 1234 2315 1297; x_wconf 86' lang='lat' dir='ltr'><strong>instrumenta,</strong></span> <span class='ocrx_word' id='word_1_195' title='bbox 2333 1250 2550 1301; x_wconf 85' lang='lat' dir='ltr'><strong>vocum,</strong></span> <span class='ocrx_word' id='word_1_196' title='bbox 2572 1234 2907 1300; x_wconf 78' lang='lat' dir='ltr'><strong>utdiximus,</strong></span> <span class='ocrx_word' id='word_1_197' title='bbox 2926 1250 3120 1289; x_wconf 80' lang='lat' dir='ltr'><strong>causas</strong></span> <span class='ocrx_word' id='word_1_198' title='bbox 3140 1250 3169 1288; x_wconf 90' lang='lat' dir='ltr'><strong>a</strong></span> <span class='ocrx_word' id='word_1_199' title='bbox 3194 1241 3506 1289; x_wconf 80' lang='lat' dir='ltr'><strong>summitate</strong></span> 
     </span>
    </p>
   </div>
   <div class='ocr_carea' id='block_1_28' title="bbox 1936 1326 3508 1397">
    <p class='ocr_par' dir='ltr' id='par_1_28' title="bbox 1936 1326 3508 1397">
     <span class='ocr_line' id='line_1_28' title="bbox 1936 1326 3508 1397; baseline 0.001 -18"><span class='ocrx_word' id='word_1_200' title='bbox 1936 1326 2114 1381; x_wconf 82' lang='lat' dir='ltr'><strong>habet.</strong></span> <span class='ocrx_word' id='word_1_201' title='bbox 2138 1327 2371 1381; x_wconf 70' lang='lat' dir='ltr'><strong>Cithara:</strong></span> <span class='ocrx_word' id='word_1_202' title='bbox 2392 1327 2609 1397; x_wconf 84' lang='lat' dir='ltr'><strong>quidem</strong></span> <span class='ocrx_word' id='word_1_203' title='bbox 2628 1338 2681 1381; x_wconf 86' lang='lat' dir='ltr'><strong>et</strong></span> <span class='ocrx_word' id='word_1_204' title='bbox 2700 1328 2825 1396; x_wconf 68' lang='lat' dir='ltr'><strong>lyrae</strong></span> <span class='ocrx_word' id='word_1_205' title='bbox 2850 1326 2914 1380; x_wconf 90' lang='lat' dir='ltr'><strong>ad</strong></span> <span class='ocrx_word' id='word_1_206' title='bbox 2946 1326 3134 1393; x_wconf 90' lang='lat' dir='ltr'><strong>plectri</strong></span> <span class='ocrx_word' id='word_1_207' title='bbox 3174 1328 3389 1397; x_wconf 86' lang='lat' dir='ltr'><strong>pulsum</strong></span> <span class='ocrx_word' id='word_1_208' title='bbox 3434 1344 3508 1380; x_wconf 72' lang='lat' dir='ltr'><strong>nes</strong></span> 
     </span>
    </p>
   </div>
   <div class='ocr_carea' id='block_1_29' title="bbox 1936 1420 3505 1491">
    <p class='ocr_par' dir='ltr' id='par_1_29' title="bbox 1936 1420 3505 1491">
     <span class='ocr_line' id='line_1_29' title="bbox 1936 1420 3505 1491; baseline 0.001 -18"><span class='ocrx_word' id='word_1_209' title='bbox 1936 1420 2162 1476; x_wconf 79' lang='lat' dir='ltr'><strong>inferius</strong></span> <span class='ocrx_word' id='word_1_210' title='bbox 2193 1421 2485 1490; x_wconf 84' lang='lat' dir='ltr'><strong>respondet</strong></span> <span class='ocrx_word' id='word_1_211' title='bbox 2541 1440 2554 1475; x_wconf 88' lang='lat'><strong>:</strong></span> <span class='ocrx_word' id='word_1_212' title='bbox 2603 1421 2913 1491; x_wconf 75' lang='lat' dir='ltr'><strong>psalterium</strong></span> <span class='ocrx_word' id='word_1_213' title='bbox 2941 1429 3118 1475; x_wconf 88' lang='lat' dir='ltr'><strong>autem</strong></span> <span class='ocrx_word' id='word_1_214' title='bbox 3155 1436 3505 1476; x_wconf 86' lang='lat' dir='ltr'><strong>numerorum</strong></span> 
     </span>
    </p>
   </div>
   <div class='ocr_carea' id='block_1_30' title="bbox 1939 1511 3505 1573">
    <p class='ocr_par' dir='ltr' id='par_1_30' title="bbox 1939 1511 3505 1573">
     <span class='ocr_line' id='line_1_30' title="bbox 1939 1511 3505 1573; baseline 0.002 -12"><span class='ocrx_word' id='word_1_215' title='bbox 1939 1511 2270 1563; x_wconf 80' lang='lat' dir='ltr'><strong>musicorum</strong></span> <span class='ocrx_word' id='word_1_216' title='bbox 2323 1511 2377 1563; x_wconf 92' lang='lat' dir='ltr'><strong>in</strong></span> <span class='ocrx_word' id='word_1_217' title='bbox 2430 1526 2644 1564; x_wconf 90' lang='lat' dir='ltr'><strong>summo</strong></span> <span class='ocrx_word' id='word_1_218' title='bbox 2682 1527 2873 1565; x_wconf 78' lang='lat' dir='ltr'><strong>causas</strong></span> <span class='ocrx_word' id='word_1_219' title='bbox 2904 1512 3082 1573; x_wconf 84' lang='lat' dir='ltr'><strong>habet,</strong></span> <span class='ocrx_word' id='word_1_220' title='bbox 3115 1522 3173 1565; x_wconf 92' lang='lat' dir='ltr'><strong>ut</strong></span> <span class='ocrx_word' id='word_1_221' title='bbox 3204 1521 3257 1565; x_wconf 86' lang='lat' dir='ltr'><strong>et</strong></span> <span class='ocrx_word' id='word_1_222' title='bbox 3289 1529 3389 1566; x_wconf 91' lang='lat' dir='ltr'><strong>nos</strong></span> <span class='ocrx_word' id='word_1_223' title='bbox 3441 1517 3505 1565; x_wconf 83' lang='lat' dir='ltr'><strong>ad</strong></span> 
     </span>
    </p>
   </div>
   <div class='ocr_carea' id='block_1_31' title="bbox 1941 1602 3509 1670">
    <p class='ocr_par' dir='ltr' id='par_1_31' title="bbox 1941 1602 3509 1670">
     <span class='ocr_line' id='line_1_31' title="bbox 1941 1602 3509 1670; baseline 0.002 -16"><span class='ocrx_word' id='word_1_224' title='bbox 1941 1616 2178 1670; x_wconf 65' lang='lat' dir='ltr'><strong>superna</strong></span> <span class='ocrx_word' id='word_1_225' title='bbox 2207 1602 2495 1669; x_wconf 63' lang='lat' dir='ltr'><strong>quaerenda</strong></span> <span class='ocrx_word' id='word_1_226' title='bbox 2527 1616 2627 1655; x_wconf 91' lang='lat' dir='ltr'><strong>nos</strong></span> <span class='ocrx_word' id='word_1_227' title='bbox 2657 1617 3060 1670; x_wconf 89' lang='lat' dir='ltr'><strong>comparemus,</strong></span> <span class='ocrx_word' id='word_1_228' title='bbox 3092 1620 3192 1657; x_wconf 87' lang='lat' dir='ltr'><strong>nec</strong></span> <span class='ocrx_word' id='word_1_229' title='bbox 3225 1604 3509 1657; x_wconf 73' lang='lat' dir='ltr'><strong>lenociniis</strong></span> 
     </span>
    </p>
   </div>
   <div class='ocr_carea' id='block_1_32' title="bbox 1940 1692 3504 1761">
    <p class='ocr_par' dir='ltr' id='par_1_32' title="bbox 1940 1692 3504 1761">
     <span class='ocr_line' id='line_1_32' title="bbox 1940 1692 3504 1761; baseline 0.003 -18"><span class='ocrx_word' id='word_1_230' title='bbox 1940 1701 2133 1746; x_wconf 85' lang='lat' dir='ltr'><strong>cantus</strong></span> <span class='ocrx_word' id='word_1_231' title='bbox 2171 1693 2238 1745; x_wconf 88' lang='lat' dir='ltr'><strong>ad</strong></span> <span class='ocrx_word' id='word_1_232' title='bbox 2262 1692 2436 1746; x_wconf 84' lang='lat' dir='ltr'><strong>studia</strong></span> <span class='ocrx_word' id='word_1_233' title='bbox 2469 1695 2651 1747; x_wconf 85' lang='lat' dir='ltr'><strong>carnis</strong></span> <span class='ocrx_word' id='word_1_234' title='bbox 2679 1693 3019 1761; x_wconf 85' lang='lat' dir='ltr'><strong>dejiciamur.</strong></span> <span class='ocrx_word' id='word_1_235' title='bbox 3057 1693 3167 1748; x_wconf 90' lang='lat' dir='ltr'><strong>lloc</strong></span> <span class='ocrx_word' id='word_1_236' title='bbox 3196 1695 3339 1747; x_wconf 91' lang='lat' dir='ltr'><strong>enim</strong></span> <span class='ocrx_word' id='word_1_237' title='bbox 3368 1696 3504 1748; x_wconf 80' lang='lat' dir='ltr'><strong>divi-</strong></span> 
     </span>
    </p>
   </div>
   <div class='ocr_carea' id='block_1_33' title="bbox 1943 1784 3511 1855">
    <p class='ocr_par' dir='ltr' id='par_1_33' title="bbox 1943 1784 3511 1855">
     <span class='ocr_line' id='line_1_33' title="bbox 1943 1784 3511 1855; baseline 0.004 -19"><span class='ocrx_word' id='word_1_238' title='bbox 1943 1784 1995 1837; x_wconf 90' lang='lat' dir='ltr'><strong>ni</strong></span> <span class='ocrx_word' id='word_1_239' title='bbox 2018 1786 2156 1837; x_wconf 86' lang='lat' dir='ltr'><strong>vatis</strong></span> <span class='ocrx_word' id='word_1_240' title='bbox 2175 1785 2858 1853; x_wconf 83' lang='lat' dir='ltr'><strong>scrmonem,sapientiain</strong></span> <span class='ocrx_word' id='word_1_241' title='bbox 2889 1785 3077 1855; x_wconf 85' lang='lat' dir='ltr'><strong>primis</strong></span> <span class='ocrx_word' id='word_1_242' title='bbox 3109 1789 3380 1841; x_wconf 86' lang='lat' dir='ltr'><strong>recondita</strong></span> <span class='ocrx_word' id='word_1_243' title='bbox 3417 1803 3511 1855; x_wconf 80' lang='lat' dir='ltr'><strong>per</strong></span> 
     </span>
    </p>
   </div>
   <div class='ocr_carea' id='block_1_34' title="bbox 270 1876 1941 1962">
    <p class='ocr_par' dir='ltr' id='par_1_34' title="bbox 270 1879 1916 1962">
     <span class='ocr_line' id='line_1_34' title="bbox 270 1879 1916 1962; baseline -0.003 -20"><span class='ocrx_word' id='word_1_244' title='bbox 270 1895 475 1962; x_wconf 85' lang='grc' dir='ltr'>σκευῆς</span> <span class='ocrx_word' id='word_1_245' title='bbox 526 1891 874 1961; x_wconf 81' lang='grc' dir='ltr'>ἐνδεδεῖχθαι,</span> <span class='ocrx_word' id='word_1_246' title='bbox 899 1893 981 1944; x_wconf 85' lang='grc' dir='ltr'>ὃτι</span> <span class='ocrx_word' id='word_1_247' title='bbox 1024 1893 1073 1943; x_wconf 81' lang='lat' dir='ltr'><strong>oi.</strong></span> <span class='ocrx_word' id='word_1_248' title='bbox 1107 1889 1363 1959; x_wconf 74' lang='grc' dir='ltr'>ἐμμελεῖς</span> <span class='ocrx_word' id='word_1_249' title='bbox 1391 1890 1484 1941; x_wconf 73' lang='grc' dir='ltr'>καὶ</span> <span class='ocrx_word' id='word_1_250' title='bbox 1517 1887 1840 1957; x_wconf 80' lang='grc' dir='ltr'>ἐνάρμοστοι</span> <span class='ocrx_word' id='word_1_251' title='bbox 1871 1879 1916 1937; x_wconf 86' lang='grc' dir='ltr'><strong>Β</strong></span> 
     </span>
    </p>
   </div>
   <div class='ocr_carea' id='block_1_35' title="bbox 1839 1876 3510 1962">
    <p class='ocr_par' dir='ltr' id='par_1_35' title="bbox 1839 1876 3510 1950">
     <span class='ocr_line' id='line_1_35' title="bbox 1839 1876 3510 1950; baseline 0.002 -20"><span class='ocrx_word' id='word_1_252' title='bbox 1839 1925 1840 1930; x_wconf 45' lang='grc' dir='ltr'><strong>η</strong></span> <span class='ocrx_word' id='word_1_253' title='bbox 1871 1879 1916 1937; x_wconf 85' lang='grc' dir='ltr'><strong>Β</strong></span> <span class='ocrx_word' id='word_1_254' title='bbox 1946 1876 2294 1931; x_wconf 81' lang='lat' dir='ltr'><strong>instrumenti</strong></span> <span class='ocrx_word' id='word_1_255' title='bbox 2325 1878 2484 1946; x_wconf 83' lang='lat' dir='ltr'><strong>hujus</strong></span> <span class='ocrx_word' id='word_1_256' title='bbox 2513 1886 2844 1931; x_wconf 85' lang='lat' dir='ltr'><strong>structuram</strong></span> <span class='ocrx_word' id='word_1_257' title='bbox 2882 1880 3040 1933; x_wconf 85' lang='lat' dir='ltr'><strong>nobis</strong></span> <span class='ocrx_word' id='word_1_258' title='bbox 3062 1879 3376 1947; x_wconf 74' lang='lat' dir='ltr'><strong>indigitasse</strong></span> <span class='ocrx_word' id='word_1_259' title='bbox 3401 1885 3510 1950; x_wconf 84' lang='lat' dir='ltr'><strong>opi-</strong></span> 
     </span>
    </p>
   </div>
   <div class='ocr_carea' id='block_1_36' title="bbox 268 1977 1837 2053">
    <p class='ocr_par' dir='ltr' id='par_1_36' title="bbox 268 1977 1837 2053">
     <span class='ocr_line' id='line_1_36' title="bbox 268 1977 1837 2053; baseline -0.002 -20"><span class='ocrx_word' id='word_1_260' title='bbox 268 1984 367 2045; x_wconf 71' lang='grc' dir='ltr'>τὰς</span> <span class='ocrx_word' id='word_1_261' title='bbox 416 1982 593 2052; x_wconf 85' lang='grc' dir='ltr'>ψυχὰς</span> <span class='ocrx_word' id='word_1_262' title='bbox 640 1982 831 2053; x_wconf 78' lang='grc' dir='ltr'>ῥᾳδίαν</span> <span class='ocrx_word' id='word_1_263' title='bbox 868 1983 1048 2050; x_wconf 73' lang='grc' dir='ltr'>ἔχουσι</span> <span class='ocrx_word' id='word_1_264' title='bbox 1085 1981 1185 2050; x_wconf 81' lang='grc' dir='ltr'>τὴν</span> <span class='ocrx_word' id='word_1_265' title='bbox 1217 1982 1293 2044; x_wconf 84' lang='grc' dir='ltr'><strong>είς</strong></span> <span class='ocrx_word' id='word_1_266' title='bbox 1338 1978 1407 2031; x_wconf 83' lang='grc' dir='ltr'>τὰ</span> <span class='ocrx_word' id='word_1_267' title='bbox 1454 1978 1566 2031; x_wconf 78' lang='grc' dir='ltr'>ἀνω</span> <span class='ocrx_word' id='word_1_268' title='bbox 1596 1977 1837 2046; x_wconf 89' lang='grc' dir='ltr'>πορείαν.</span> 
     </span>
    </p>
   </div>
   <div class='ocr_carea' id='block_1_37' title="bbox 270 2070 1844 2143">
    <p class='ocr_par' dir='ltr' id='par_1_37' title="bbox 270 2070 1844 2143">
     <span class='ocr_line' id='line_1_37' title="bbox 270 2070 1844 2143; baseline -0.003 -18"><span class='ocrx_word' id='word_1_269' title='bbox 270 2073 345 2125; x_wconf 83' lang='grc' dir='ltr'><strong>Τὸ</strong></span> <span class='ocrx_word' id='word_1_270' title='bbox 386 2074 442 2125; x_wconf 87' lang='grc' dir='ltr'><strong>δέ</strong></span> <span class='ocrx_word' id='word_1_271' title='bbox 467 2074 762 2143; x_wconf 79' lang='grc' dir='ltr'>ψαλτήριον</span> <span class='ocrx_word' id='word_1_272' title='bbox 816 2073 1136 2142; x_wconf 86' lang='grc' dir='ltr'>δεκάχορδον</span> <span class='ocrx_word' id='word_1_273' title='bbox 1162 2070 1221 2124; x_wconf 80' lang='grc' dir='ltr'>ὃν</span> <span class='ocrx_word' id='word_1_274' title='bbox 1252 2070 1672 2141; x_wconf 75' lang='grc' dir='ltr'>αἰνιγματωδῶς</span> <span class='ocrx_word' id='word_1_275' title='bbox 1702 2085 1844 2138; x_wconf 79' lang='grc' dir='ltr'>παρ-</span> 
     </span>
    </p>
   </div>
   <div class='ocr_carea' id='block_1_38' title="bbox 272 2157 1847 2234">
    <p class='ocr_par' dir='ltr' id='par_1_38' title="bbox 272 2157 1847 2234">
     <span class='ocr_line' id='line_1_38' title="bbox 272 2157 1847 2234; baseline -0.003 -19"><span class='ocrx_word' id='word_1_276' title='bbox 272 2163 464 2232; x_wconf 75' lang='grc' dir='ltr'>ιδήλου</span> <span class='ocrx_word' id='word_1_277' title='bbox 527 2165 588 2217; x_wconf 86' lang='grc' dir='ltr'>τὸ</span> <span class='ocrx_word' id='word_1_278' title='bbox 629 2164 807 2234; x_wconf 83' lang='grc' dir='ltr'>σῶμα,</span> <span class='ocrx_word' id='word_1_279' title='bbox 864 2165 960 2218; x_wconf 64' lang='lat' dir='ltr'><strong>an</strong></span> <span class='ocrx_word' id='word_1_280' title='bbox 1007 2164 1166 2217; x_wconf 85' lang='grc' dir='ltr'>πέντε</span> <span class='ocrx_word' id='word_1_281' title='bbox 1214 2160 1493 2231; x_wconf 71' lang='grc' dir='ltr'>αἰσθήσεις</span> <span class='ocrx_word' id='word_1_282' title='bbox 1560 2160 1702 2229; x_wconf 78' lang='grc' dir='ltr'>ἔχον,</span> <span class='ocrx_word' id='word_1_283' title='bbox 1752 2157 1847 2213; x_wconf 82' lang='grc' dir='ltr'>καὶ</span> 
     </span>
    </p>
   </div>
   <div class='ocr_carea' id='block_1_39' title="bbox 274 2252 1846 2327">
    <p class='ocr_par' dir='ltr' id='par_1_39' title="bbox 274 2252 1846 2327">
     <span class='ocr_line' id='line_1_39' title="bbox 274 2252 1846 2327; baseline -0.004 -18"><span class='ocrx_word' id='word_1_284' title='bbox 274 2260 435 2310; x_wconf 81' lang='grc' dir='ltr'>πέντε</span> <span class='ocrx_word' id='word_1_285' title='bbox 469 2256 569 2326; x_wconf 84' lang='grc' dir='ltr'>τῆς</span> <span class='ocrx_word' id='word_1_286' title='bbox 618 2258 792 2327; x_wconf 78' lang='grc' dir='ltr'>ψυχῆς</span> <span class='ocrx_word' id='word_1_287' title='bbox 827 2257 1127 2325; x_wconf 79' lang='grc' dir='ltr'>ἐνεργείας,</span> <span class='ocrx_word' id='word_1_288' title='bbox 1159 2256 1226 2307; x_wconf 86' lang='grc' dir='ltr'><strong>δι’</strong></span> <span class='ocrx_word' id='word_1_289' title='bbox 1271 2253 1506 2322; x_wconf 78' lang='grc' dir='ltr'>ἑκάστης</span> <span class='ocrx_word' id='word_1_290' title='bbox 1541 2252 1846 2321; x_wconf 78' lang='grc' dir='ltr'>αἰσθήσεως</span> 
     </span>
    </p>
   </div>
   <div class='ocr_carea' id='block_1_40' title="bbox 275 2344 1846 2418">
    <p class='ocr_par' dir='ltr' id='par_1_40' title="bbox 275 2344 1846 2418">
     <span class='ocr_line' id='line_1_40' title="bbox 275 2344 1846 2418; baseline -0.004 -19"><span class='ocrx_word' id='word_1_291' title='bbox 275 2349 574 2418; x_wconf 73' lang='grc' dir='ltr'>γινομένης</span> <span class='ocrx_word' id='word_1_292' title='bbox 627 2348 907 2418; x_wconf 75' lang='grc' dir='ltr'>ἐνεργείας</span> <span class='ocrx_word' id='word_1_293' title='bbox 957 2346 1408 2416; x_wconf 80' lang='grc' dir='ltr'>ἐκάστης.”οταν</span> <span class='ocrx_word' id='word_1_294' title='bbox 1451 2344 1559 2415; x_wconf 83' lang='grc' dir='ltr'><strong>γὰρ</strong></span> <span class='ocrx_word' id='word_1_295' title='bbox 1616 2344 1846 2395; x_wconf 73' lang='grc' dir='ltr'>ἕκαστον</span> 
     </span>
    </p>
   </div>
   <div class='ocr_carea' id='block_1_41' title="bbox 278 2437 1847 2510">
    <p class='ocr_par' dir='ltr' id='par_1_41' title="bbox 278 2437 1847 2510">
     <span class='ocr_line' id='line_1_41' title="bbox 278 2437 1847 2510; baseline -0.004 -18"><span class='ocrx_word' id='word_1_296' title='bbox 278 2441 631 2510; x_wconf 79' lang='grc' dir='ltr'>αἰσθητήριον</span> <span class='ocrx_word' id='word_1_297' title='bbox 669 2441 872 2510; x_wconf 73' lang='grc' dir='ltr'>ἑκάστη</span> <span class='ocrx_word' id='word_1_298' title='bbox 901 2439 1128 2508; x_wconf 83' lang='grc' dir='ltr'>δυνάμει</span> <span class='ocrx_word' id='word_1_299' title='bbox 1156 2440 1256 2502; x_wconf 81' lang='grc' dir='ltr'>τῆς</span> <span class='ocrx_word' id='word_1_300' title='bbox 1304 2438 1481 2507; x_wconf 81' lang='grc' dir='ltr'>ψυχῆς</span> <span class='ocrx_word' id='word_1_301' title='bbox 1529 2437 1847 2506; x_wconf 79' lang='grc' dir='ltr'>προσαρμό-</span> 
     </span>
    </p>
   </div>
   <div class='ocr_carea' id='block_1_42' title="bbox 283 2526 1849 2601">
    <p class='ocr_par' dir='ltr' id='par_1_42' title="bbox 283 2526 1849 2601">
     <span class='ocr_line' id='line_1_42' title="bbox 283 2526 1849 2601; baseline -0.003 -20"><span class='ocrx_word' id='word_1_302' title='bbox 283 2547 488 2599; x_wconf 86' lang='grc' dir='ltr'>σωμεν,</span> <span class='ocrx_word' id='word_1_303' title='bbox 521 2530 615 2583; x_wconf 73' lang='grc' dir='ltr'>καὶ</span> <span class='ocrx_word' id='word_1_304' title='bbox 654 2531 790 2601; x_wconf 71' lang='grc' dir='ltr'>πρδς</span> <span class='ocrx_word' id='word_1_305' title='bbox 834 2530 893 2582; x_wconf 75' lang='grc' dir='ltr'>τὸ</span> <span class='ocrx_word' id='word_1_306' title='bbox 924 2530 1068 2599; x_wconf 70' lang='grc' dir='ltr'>ἱερὸν</span> <span class='ocrx_word' id='word_1_307' title='bbox 1102 2528 1262 2599; x_wconf 85' lang='grc' dir='ltr'>μέλος</span> <span class='ocrx_word' id='word_1_308' title='bbox 1320 2529 1513 2589; x_wconf 76' lang='grc' dir='ltr'>αὐτοὺς</span> <span class='ocrx_word' id='word_1_309' title='bbox 1554 2526 1849 2596; x_wconf 79' lang='grc' dir='ltr'>διοργανώο</span> 
     </span>
    </p>
   </div>
   <div class='ocr_carea' id='block_1_43' title="bbox 284 2619 1848 2691">
    <p class='ocr_par' dir='ltr' id='par_1_43' title="bbox 284 2619 1848 2691">
     <span class='ocr_line' id='line_1_43' title="bbox 284 2619 1848 2691; baseline -0.001 -19"><span class='ocrx_word' id='word_1_310' title='bbox 284 2638 488 2689; x_wconf 74' lang='grc' dir='ltr'>σωμεν,</span> <span class='ocrx_word' id='word_1_311' title='bbox 505 2621 824 2689; x_wconf 83' lang='grc' dir='ltr'>δεκάχορδον</span> <span class='ocrx_word' id='word_1_312' title='bbox 847 2621 1107 2691; x_wconf 73' lang='grc' dir='ltr'>γινόμεθα</span> <span class='ocrx_word' id='word_1_313' title='bbox 1134 2622 1433 2690; x_wconf 70' lang='grc' dir='ltr'>ψαλτήριον</span> <span class='ocrx_word' id='word_1_314' title='bbox 1456 2619 1531 2689; x_wconf 78' lang='grc' dir='ltr'><strong>τῷ</strong></span> <span class='ocrx_word' id='word_1_315' title='bbox 1554 2620 1695 2690; x_wconf 78' lang='grc' dir='ltr'>Θεῷ.</span> <span class='ocrx_word' id='word_1_316' title='bbox 1717 2622 1848 2689; x_wconf 78' lang='grc' dir='ltr'>ἡμῖν</span> 
     </span>
    </p>
   </div>
   <div class='ocr_carea' id='block_1_44' title="bbox 288 2711 1839 2785">
    <p class='ocr_par' dir='ltr' id='par_1_44' title="bbox 288 2711 1839 2785">
     <span class='ocr_line' id='line_1_44' title="bbox 288 2711 1839 2785; baseline -0.001 -21"><span class='ocrx_word' id='word_1_317' title='bbox 288 2713 387 2780; x_wconf 72' lang='grc' dir='ltr'>μὶν</span> <span class='ocrx_word' id='word_1_318' title='bbox 428 2713 951 2783; x_wconf 75' lang='grc' dir='ltr'>μουσουργούμενον,</span> <span class='ocrx_word' id='word_1_319' title='bbox 989 2714 1139 2783; x_wconf 85' lang='grc' dir='ltr'><strong>καλῷ</strong></span> <span class='ocrx_word' id='word_1_320' title='bbox 1163 2712 1220 2765; x_wconf 84' lang='grc' dir='ltr'>δὲ</span> <span class='ocrx_word' id='word_1_321' title='bbox 1258 2713 1496 2785; x_wconf 79' lang='grc' dir='ltr'>τεχνίτῃ,</span> <span class='ocrx_word' id='word_1_322' title='bbox 1531 2713 1607 2782; x_wconf 82' lang='grc' dir='ltr'><strong>τῷ</strong></span> <span class='ocrx_word' id='word_1_323' title='bbox 1668 2711 1839 2764; x_wconf 65' lang='lat' dir='ltr'><strong>&quot;vatio</strong></span> 
     </span>
    </p>
   </div>
   <div class='ocr_carea' id='block_1_45' title="bbox 289 2803 1846 2875">
    <p class='ocr_par' dir='ltr' id='par_1_45' title="bbox 289 2803 1846 2875">
     <span class='ocr_line' id='line_1_45' title="bbox 289 2803 1846 2875; baseline 0.002 -21"><span class='ocrx_word' id='word_1_324' title='bbox 289 2821 419 2872; x_wconf 85' lang='grc' dir='ltr'>ματι</span> <span class='ocrx_word' id='word_1_325' title='bbox 452 2805 905 2875; x_wconf 79' lang='grc' dir='ltr'>ἀνακρουόμενον.</span> <span class='ocrx_word' id='word_1_326' title='bbox 950 2806 1108 2859; x_wconf 82' lang='grc' dir='ltr'>Ἀλλὰ</span> <span class='ocrx_word' id='word_1_327' title='bbox 1135 2804 1379 2858; x_wconf 88' lang='grc' dir='ltr'>τοιοῦτον</span> <span class='ocrx_word' id='word_1_328' title='bbox 1415 2805 1515 2874; x_wconf 86' lang='grc' dir='ltr'><strong>μέν</strong></span> <span class='ocrx_word' id='word_1_329' title='bbox 1554 2806 1615 2856; x_wconf 76' lang='grc' dir='ltr'>τὸ</span> <span class='ocrx_word' id='word_1_330' title='bbox 1639 2803 1846 2873; x_wconf 83' lang='grc' dir='ltr'>ψαλτὴ-</span> 
     </span>
    </p>
   </div>
   <div class='ocr_carea' id='block_1_46' title="bbox 289 2894 1851 2967">
    <p class='ocr_par' dir='ltr' id='par_1_46' title="bbox 289 2894 1851 2967">
     <span class='ocr_line' id='line_1_46' title="bbox 289 2894 1851 2967; baseline -0.001 -20"><span class='ocrx_word' id='word_1_331' title='bbox 289 2914 404 2965; x_wconf 76' lang='grc' dir='ltr'>ριον</span> <span class='ocrx_word' id='word_1_332' title='bbox 438 2913 452 2928; x_wconf 89' lang='grc'><strong>·</strong></span> <span class='ocrx_word' id='word_1_333' title='bbox 481 2896 693 2967; x_wconf 78' lang='grc' dir='ltr'>ψαλμὺς</span> <span class='ocrx_word' id='word_1_334' title='bbox 725 2898 780 2951; x_wconf 87' lang='grc' dir='ltr'><strong>δέ</strong></span> <span class='ocrx_word' id='word_1_335' title='bbox 804 2900 918 2951; x_wconf 85' lang='grc' dir='ltr'>ἐστι</span> <span class='ocrx_word' id='word_1_336' title='bbox 946 2897 1102 2965; x_wconf 81' lang='grc' dir='ltr'>λόγος</span> <span class='ocrx_word' id='word_1_337' title='bbox 1140 2897 1417 2967; x_wconf 69' lang='grc' dir='ltr'>μουσικὸς,</span> <span class='ocrx_word' id='word_1_338' title='bbox 1456 2896 1548 2948; x_wconf 79' lang='grc' dir='ltr'>καὶ</span> <span class='ocrx_word' id='word_1_339' title='bbox 1583 2894 1750 2964; x_wconf 77' lang='grc' dir='ltr'>ῦμνος</span> <span class='ocrx_word' id='word_1_340' title='bbox 1773 2894 1851 2963; x_wconf 85' lang='grc' dir='ltr'><strong>τῷ</strong></span> 
     </span>
    </p>
   </div>
   <div class='ocr_carea' id='block_1_47' title="bbox 286 2987 1854 3059">
    <p class='ocr_par' dir='ltr' id='par_1_47' title="bbox 286 2987 1854 3059">
     <span class='ocr_line' id='line_1_47' title="bbox 286 2987 1854 3059; baseline -0.001 -20"><span class='ocrx_word' id='word_1_341' title='bbox 286 2988 407 3057; x_wconf 84' lang='grc' dir='ltr'><strong>Θεῴ</strong></span> <span class='ocrx_word' id='word_1_342' title='bbox 438 2990 863 3059; x_wconf 75' lang='grc' dir='ltr'>προσαγόμενος,</span> <span class='ocrx_word' id='word_1_343' title='bbox 884 2990 993 3042; x_wconf 79' lang='grc' dir='ltr'>ἀπὸ</span> <span class='ocrx_word' id='word_1_344' title='bbox 1014 2987 1107 3042; x_wconf 83' lang='grc' dir='ltr'><strong>τοῦ</strong></span> <span class='ocrx_word' id='word_1_345' title='bbox 1136 2988 1435 3057; x_wconf 72' lang='grc' dir='ltr'>ψαλτηρίου</span> <span class='ocrx_word' id='word_1_346' title='bbox 1468 2987 1701 3057; x_wconf 83' lang='grc' dir='ltr'>ὀργάνου</span> <span class='ocrx_word' id='word_1_347' title='bbox 1733 2987 1854 3058; x_wconf 76' lang='grc' dir='ltr'>κληο</span> 
     </span>
    </p>
   </div>
   <div class='ocr_carea' id='block_1_48' title="bbox 288 3078 1855 3150">
    <p class='ocr_par' dir='ltr' id='par_1_48' title="bbox 288 3078 1855 3150">
     <span class='ocr_line' id='line_1_48' title="bbox 288 3078 1855 3150; baseline -0.001 -19"><span class='ocrx_word' id='word_1_348' title='bbox 288 3081 423 3143; x_wconf 86' lang='grc' dir='ltr'>θείς.</span> <span class='ocrx_word' id='word_1_349' title='bbox 455 3081 545 3132; x_wconf 80' lang='grc' dir='ltr'><strong>Διὸ</strong></span> <span class='ocrx_word' id='word_1_350' title='bbox 568 3082 622 3134; x_wconf 87' lang='grc' dir='ltr'>αἱ</span> <span class='ocrx_word' id='word_1_351' title='bbox 644 3080 800 3134; x_wconf 80' lang='grc' dir='ltr'>ἄλλαι</span> <span class='ocrx_word' id='word_1_352' title='bbox 825 3081 1061 3150; x_wconf 79' lang='grc' dir='ltr'>Γραφαὶ,</span> <span class='ocrx_word' id='word_1_353' title='bbox 1090 3082 1210 3133; x_wconf 69' lang='grc' dir='ltr'>ἐπεὶ</span> <span class='ocrx_word' id='word_1_354' title='bbox 1245 3080 1318 3150; x_wconf 82' lang='grc' dir='ltr'>μὴ</span> <span class='ocrx_word' id='word_1_355' title='bbox 1341 3079 1476 3148; x_wconf 85' lang='grc' dir='ltr'>πρὸς</span> <span class='ocrx_word' id='word_1_356' title='bbox 1506 3079 1667 3131; x_wconf 66' lang='grc' dir='ltr'>αὐλὸν</span> <span class='ocrx_word' id='word_1_357' title='bbox 1692 3078 1855 3145; x_wconf 72' lang='grc' dir='ltr'>ἐψάλ-</span> 
     </span>
    </p>
   </div>
   <div class='ocr_carea' id='block_1_49' title="bbox 287 3168 1851 3241">
    <p class='ocr_par' dir='ltr' id='par_1_49' title="bbox 287 3168 1851 3241">
     <span class='ocr_line' id='line_1_49' title="bbox 287 3168 1851 3241; baseline 0 -20"><span class='ocrx_word' id='word_1_358' title='bbox 287 3170 460 3232; x_wconf 86' lang='grc' dir='ltr'>λοντο,</span> <span class='ocrx_word' id='word_1_359' title='bbox 495 3173 591 3239; x_wconf 84' lang='grc' dir='ltr'>τῆς</span> <span class='ocrx_word' id='word_1_360' title='bbox 619 3169 712 3222; x_wconf 83' lang='grc' dir='ltr'><strong>τοῦ</strong></span> <span class='ocrx_word' id='word_1_361' title='bbox 742 3169 954 3239; x_wconf 81' lang='grc' dir='ltr'>ψαλμοῦ</span> <span class='ocrx_word' id='word_1_362' title='bbox 998 3170 1319 3241; x_wconf 82' lang='grc' dir='ltr'>ἐστέρηνται</span> <span class='ocrx_word' id='word_1_363' title='bbox 1356 3170 1618 3239; x_wconf 75' lang='grc' dir='ltr'>κλήσεως.</span> <span class='ocrx_word' id='word_1_364' title='bbox 1648 3170 1692 3221; x_wconf 87' lang='grc' dir='ltr'>Χ</span> <span class='ocrx_word' id='word_1_365' title='bbox 1702 3170 1767 3239; x_wconf 61' lang='lat' dir='ltr'><strong>pi]</strong></span> <span class='ocrx_word' id='word_1_366' title='bbox 1796 3168 1851 3221; x_wconf 80' lang='grc' dir='ltr'>δὲ</span> 
     </span>
    </p>
   </div>
   <div class='ocr_carea' id='block_1_50' title="bbox 296 3260 1854 3332">
    <p class='ocr_par' dir='ltr' id='par_1_50' title="bbox 296 3260 1854 3332">
     <span class='ocr_line' id='line_1_50' title="bbox 296 3260 1854 3332; baseline 0.001 -20"><span class='ocrx_word' id='word_1_367' title='bbox 296 3261 431 3332; x_wconf 86' lang='grc' dir='ltr'><strong>μηδέ</strong></span> <span class='ocrx_word' id='word_1_368' title='bbox 486 3261 763 3331; x_wconf 76' lang='grc' dir='ltr'>διάψαλμα</span> <span class='ocrx_word' id='word_1_369' title='bbox 813 3261 1187 3332; x_wconf 70' lang='grc' dir='ltr'>παραδραμεῖν</span> <span class='ocrx_word' id='word_1_370' title='bbox 1229 3261 1562 3332; x_wconf 75' lang='grc' dir='ltr'>ἀθεώρητον.</span> <span class='ocrx_word' id='word_1_371' title='bbox 1599 3261 1724 3313; x_wconf 72' lang='grc' dir='ltr'>Τισὶ</span> <span class='ocrx_word' id='word_1_372' title='bbox 1757 3260 1854 3330; x_wconf 85' lang='grc' dir='ltr'><strong>μέν</strong></span> 
     </span>
    </p>
   </div>
   <div class='ocr_carea' id='block_1_51' title="bbox 294 3350 1854 3422">
    <p class='ocr_par' dir='ltr' id='par_1_51' title="bbox 294 3350 1854 3422">
     <span class='ocr_line' id='line_1_51' title="bbox 294 3350 1854 3422; baseline -0.001 -19"><span class='ocrx_word' id='word_1_373' title='bbox 294 3351 597 3422; x_wconf 76' lang='grc' dir='ltr'>μεταϐολὴν</span> <span class='ocrx_word' id='word_1_374' title='bbox 626 3350 719 3404; x_wconf 79' lang='grc' dir='ltr'><strong>τοῦ</strong></span> <span class='ocrx_word' id='word_1_375' title='bbox 749 3352 1035 3421; x_wconf 74' lang='grc' dir='ltr'>νοήματος,</span> <span class='ocrx_word' id='word_1_376' title='bbox 1062 3352 1095 3420; x_wconf 82' lang='grc' dir='ltr'>ἢ</span> <span class='ocrx_word' id='word_1_377' title='bbox 1135 3352 1477 3421; x_wconf 86' lang='grc' dir='ltr'>πράγματος,</span> <span class='ocrx_word' id='word_1_378' title='bbox 1502 3350 1535 3419; x_wconf 79' lang='grc' dir='ltr'><strong>ἢ</strong></span> <span class='ocrx_word' id='word_1_379' title='bbox 1561 3351 1854 3419; x_wconf 84' lang='grc' dir='ltr'>προσώπου</span> 
     </span>
    </p>
   </div>
   <div class='ocr_carea' id='block_1_52' title="bbox 292 3441 1856 3515">
    <p class='ocr_par' dir='ltr' id='par_1_52' title="bbox 292 3441 1856 3515">
     <span class='ocr_line' id='line_1_52' title="bbox 292 3441 1856 3515; baseline -0.003 -17"><span class='ocrx_word' id='word_1_380' title='bbox 292 3446 577 3515; x_wconf 79' lang='grc' dir='ltr'>σημαίνειν</span> <span class='ocrx_word' id='word_1_381' title='bbox 625 3442 882 3513; x_wconf 78' lang='grc' dir='ltr'>ἐνομίσθη</span> <span class='ocrx_word' id='word_1_382' title='bbox 921 3444 981 3496; x_wconf 80' lang='grc' dir='ltr'>τὸ</span> <span class='ocrx_word' id='word_1_383' title='bbox 1032 3443 1492 3512; x_wconf 69' lang='grc' dir='ltr'>διάψαλμαοτισὶ</span> <span class='ocrx_word' id='word_1_384' title='bbox 1548 3443 1605 3494; x_wconf 83' lang='grc' dir='ltr'>δὲ</span> <span class='ocrx_word' id='word_1_385' title='bbox 1661 3441 1856 3511; x_wconf 82' lang='grc' dir='ltr'>μέλους</span> 
     </span>
    </p>
   </div>
   <div class='ocr_carea' id='block_1_53' title="bbox 294 3533 1858 3606">
    <p class='ocr_par' dir='ltr' id='par_1_53' title="bbox 294 3533 1858 3606">
     <span class='ocr_line' id='line_1_53' title="bbox 294 3533 1858 3606; baseline -0.001 -18"><span class='ocrx_word' id='word_1_386' title='bbox 294 3537 612 3606; x_wconf 83' lang='grc' dir='ltr'>ἐναλλαγὴν,</span> <span class='ocrx_word' id='word_1_387' title='bbox 649 3535 777 3586; x_wconf 79' lang='grc' dir='ltr'>πότε</span> <span class='ocrx_word' id='word_1_388' title='bbox 812 3536 910 3603; x_wconf 79' lang='grc' dir='ltr'>μὲν</span> <span class='ocrx_word' id='word_1_389' title='bbox 943 3534 1240 3606; x_wconf 77' lang='grc' dir='ltr'>βαρύτερον</span> <span class='ocrx_word' id='word_1_390' title='bbox 1277 3534 1685 3603; x_wconf 82' lang='grc' dir='ltr'>άπηχουμένου,</span> <span class='ocrx_word' id='word_1_391' title='bbox 1722 3533 1858 3586; x_wconf 73' lang='grc' dir='ltr'>ποτε</span> 
     </span>
    </p>
   </div>
   <div class='ocr_carea' id='block_1_54' title="bbox 291 3625 1860 3696">
    <p class='ocr_par' dir='ltr' id='par_1_54' title="bbox 291 3625 1860 3696">
     <span class='ocr_line' id='line_1_54' title="bbox 291 3625 1860 3696; baseline -0.003 -17"><span class='ocrx_word' id='word_1_392' title='bbox 291 3628 350 3679; x_wconf 74' lang='grc' dir='ltr'>δὲ</span> <span class='ocrx_word' id='word_1_393' title='bbox 381 3628 654 3696; x_wconf 77' lang='grc' dir='ltr'>ὀξύτερον.</span> <span class='ocrx_word' id='word_1_394' title='bbox 688 3627 899 3696; x_wconf 77' lang='grc' dir='ltr'>Ἓτεροι</span> <span class='ocrx_word' id='word_1_395' title='bbox 946 3627 1005 3680; x_wconf 87' lang='grc' dir='ltr'><strong>δέ</strong></span> <span class='ocrx_word' id='word_1_396' title='bbox 1044 3643 1237 3694; x_wconf 84' lang='grc' dir='ltr'>φασιν,</span> <span class='ocrx_word' id='word_1_397' title='bbox 1270 3626 1351 3678; x_wconf 82' lang='grc' dir='ltr'>ὅτι</span> <span class='ocrx_word' id='word_1_398' title='bbox 1386 3625 1653 3686; x_wconf 80' lang='grc' dir='ltr'>συντιθεὶς</span> <span class='ocrx_word' id='word_1_399' title='bbox 1701 3627 1728 3677; x_wconf 88' lang='grc' dir='ltr'>ὁ</span> <span class='ocrx_word' id='word_1_400' title='bbox 1757 3626 1860 3676; x_wconf 85' lang='grc' dir='ltr'><strong>Δα-</strong></span> 
     </span>
    </p>
   </div>
   <div class='ocr_carea' id='block_1_55' title="bbox 293 3715 1859 3787">
    <p class='ocr_par' dir='ltr' id='par_1_55' title="bbox 293 3715 1859 3787">
     <span class='ocr_line' id='line_1_55' title="bbox 293 3715 1859 3787; baseline -0.004 -15"><span class='ocrx_word' id='word_1_401' title='bbox 293 3720 381 3772; x_wconf 75' lang='grc' dir='ltr'>ϐὶδ</span> <span class='ocrx_word' id='word_1_402' title='bbox 426 3721 657 3771; x_wconf 75' lang='grc' dir='ltr'>ἕκαστον</span> <span class='ocrx_word' id='word_1_403' title='bbox 693 3719 799 3771; x_wconf 87' lang='grc' dir='ltr'><strong>τῶν</strong></span> <span class='ocrx_word' id='word_1_404' title='bbox 825 3718 1057 3787; x_wconf 87' lang='grc' dir='ltr'>ψαλμῶν</span> <span class='ocrx_word' id='word_1_405' title='bbox 1105 3716 1391 3785; x_wconf 75' lang='grc' dir='ltr'>παρεδίδου</span> <span class='ocrx_word' id='word_1_406' title='bbox 1426 3716 1508 3767; x_wconf 77' lang='grc' dir='ltr'>ἐνὶ</span> <span class='ocrx_word' id='word_1_407' title='bbox 1572 3715 1740 3785; x_wconf 82' lang='grc' dir='ltr'>χορῷ,</span> <span class='ocrx_word' id='word_1_408' title='bbox 1764 3718 1859 3767; x_wconf 77' lang='grc' dir='ltr'>καὶ</span> 
     </span>
    </p>
   </div>
   <div class='ocr_carea' id='block_1_56' title="bbox 296 3806 1858 3879">
    <p class='ocr_par' dir='ltr' id='par_1_56' title="bbox 296 3806 1858 3879">
     <span class='ocr_line' id='line_1_56' title="bbox 296 3806 1858 3879; baseline -0.003 -17"><span class='ocrx_word' id='word_1_409' title='bbox 296 3810 524 3879; x_wconf 76' lang='grc' dir='ltr'>ἔψαλλεν</span> <span class='ocrx_word' id='word_1_410' title='bbox 552 3811 756 3862; x_wconf 82' lang='grc' dir='ltr'>ἐκεῖνον</span> <span class='ocrx_word' id='word_1_411' title='bbox 786 3811 842 3861; x_wconf 91' lang='grc' dir='ltr'><strong>ἐν</strong></span> <span class='ocrx_word' id='word_1_412' title='bbox 866 3809 1056 3878; x_wconf 81' lang='grc' dir='ltr'>ἐκείνῳ</span> <span class='ocrx_word' id='word_1_413' title='bbox 1090 3807 1166 3876; x_wconf 79' lang='grc' dir='ltr'><strong>τῷ</strong></span> <span class='ocrx_word' id='word_1_414' title='bbox 1211 3806 1379 3876; x_wconf 81' lang='grc' dir='ltr'>χορῷ.</span> <span class='ocrx_word' id='word_1_415' title='bbox 1404 3806 1467 3859; x_wconf 79' lang='lat' dir='ltr'><strong>El</strong></span> <span class='ocrx_word' id='word_1_416' title='bbox 1510 3806 1566 3858; x_wconf 86' lang='grc' dir='ltr'><strong>δέ</strong></span> <span class='ocrx_word' id='word_1_417' title='bbox 1615 3824 1716 3857; x_wconf 84' lang='grc' dir='ltr'><strong>που</strong></span> <span class='ocrx_word' id='word_1_418' title='bbox 1743 3806 1858 3859; x_wconf 79' lang='grc' dir='ltr'>ἕδο-</span> 
     </span>
    </p>
   </div>
   <div class='ocr_carea' id='block_1_57' title="bbox 297 3897 1861 3971">
    <p class='ocr_par' dir='ltr' id='par_1_57' title="bbox 297 3897 1861 3971">
     <span class='ocr_line' id='line_1_57' title="bbox 297 3897 1861 3971; baseline -0.005 -16"><span class='ocrx_word' id='word_1_419' title='bbox 297 3905 388 3968; x_wconf 81' lang='grc' dir='ltr'>ξεν</span> <span class='ocrx_word' id='word_1_420' title='bbox 417 3902 562 3971; x_wconf 81' lang='grc' dir='ltr'><strong>αὑτῷ</strong></span> <span class='ocrx_word' id='word_1_421' title='bbox 592 3901 732 3957; x_wconf 67' lang='grc' dir='ltr'>κατὰ</span> <span class='ocrx_word' id='word_1_422' title='bbox 761 3903 926 3971; x_wconf 84' lang='grc' dir='ltr'>μέσον</span> <span class='ocrx_word' id='word_1_423' title='bbox 972 3899 1067 3955; x_wconf 84' lang='grc' dir='ltr'><strong>τοῦ</strong></span> <span class='ocrx_word' id='word_1_424' title='bbox 1098 3899 1340 3969; x_wconf 84' lang='grc' dir='ltr'>ψαλμοῦ,</span> <span class='ocrx_word' id='word_1_425' title='bbox 1385 3898 1481 3952; x_wconf 72' lang='grc' dir='ltr'><strong>καὶ</strong></span> <span class='ocrx_word' id='word_1_426' title='bbox 1518 3899 1663 3968; x_wconf 80' lang='grc' dir='ltr'>ἄλλῳ</span> <span class='ocrx_word' id='word_1_427' title='bbox 1713 3897 1861 3967; x_wconf 86' lang='grc' dir='ltr'><strong>χορῷ</strong></span> 
     </span>
    </p>
   </div>
   <div class='ocr_carea' id='block_1_58' title="bbox 300 3990 1862 4066">
    <p class='ocr_par' dir='ltr' id='par_1_58' title="bbox 300 3990 1862 4066">
     <span class='ocr_line' id='line_1_58' title="bbox 300 3990 1862 4066; baseline -0.003 -19"><span class='ocrx_word' id='word_1_428' title='bbox 300 3995 633 4066; x_wconf 85' lang='grc' dir='ltr'>παραδοῦναι</span> <span class='ocrx_word' id='word_1_429' title='bbox 660 3996 719 4047; x_wconf 85' lang='grc' dir='ltr'>τὸ</span> <span class='ocrx_word' id='word_1_430' title='bbox 739 3993 921 4046; x_wconf 73' lang='grc' dir='ltr'>λοιπὸν</span> <span class='ocrx_word' id='word_1_431' title='bbox 976 3993 1070 4045; x_wconf 85' lang='grc' dir='ltr'><strong>τοῦ</strong></span> <span class='ocrx_word' id='word_1_432' title='bbox 1117 3990 1351 4061; x_wconf 87' lang='grc' dir='ltr'>ψαλμοῦ,</span> <span class='ocrx_word' id='word_1_433' title='bbox 1381 3992 1503 4044; x_wconf 79' lang='grc' dir='ltr'>τότε</span> <span class='ocrx_word' id='word_1_434' title='bbox 1537 3992 1631 4043; x_wconf 76' lang='grc' dir='ltr'>καὶ</span> <span class='ocrx_word' id='word_1_435' title='bbox 1660 3993 1691 4061; x_wconf 78' lang='grc' dir='ltr'>ἡ</span> <span class='ocrx_word' id='word_1_436' title='bbox 1744 3992 1862 4043; x_wconf 81' lang='grc' dir='ltr'>δια-</span> 
     </span>
    </p>
   </div>
   <div class='ocr_carea' id='block_1_59' title="bbox 296 4083 1863 4155">
    <p class='ocr_par' dir='ltr' id='par_1_59' title="bbox 296 4083 1863 4155">
     <span class='ocr_line' id='line_1_59' title="bbox 296 4083 1863 4155; baseline -0.001 -18"><span class='ocrx_word' id='word_1_437' title='bbox 296 4085 428 4154; x_wconf 70' lang='grc' dir='ltr'>δοχὴ</span> <span class='ocrx_word' id='word_1_438' title='bbox 453 4084 543 4137; x_wconf 82' lang='grc' dir='ltr'><strong>τοῦ</strong></span> <span class='ocrx_word' id='word_1_439' title='bbox 575 4084 781 4155; x_wconf 81' lang='grc' dir='ltr'>ῥυθμοῦ</span> <span class='ocrx_word' id='word_1_440' title='bbox 815 4084 1059 4137; x_wconf 78' lang='grc' dir='ltr'>ἐκαλεῖτο</span> <span class='ocrx_word' id='word_1_441' title='bbox 1096 4083 1397 4153; x_wconf 70' lang='grc' dir='ltr'>διάψαλμα.</span> <span class='ocrx_word' id='word_1_442' title='bbox 1459 4083 1649 4153; x_wconf 80' lang='grc' dir='ltr'>Ἡμεῖς</span> <span class='ocrx_word' id='word_1_443' title='bbox 1677 4084 1730 4136; x_wconf 78' lang='grc' dir='ltr'>δὲ</span> <span class='ocrx_word' id='word_1_444' title='bbox 1762 4084 1863 4146; x_wconf 74' lang='grc' dir='ltr'>τὰς</span> 
     </span>
    </p>
   </div>
   <div class='ocr_carea' id='block_1_60' title="bbox 300 4173 1863 4243">
    <p class='ocr_par' dir='ltr' id='par_1_60' title="bbox 300 4173 1863 4243">
     <span class='ocr_line' id='line_1_60' title="bbox 300 4173 1863 4243; baseline 0 -18"><span class='ocrx_word' id='word_1_445' title='bbox 300 4191 358 4225; x_wconf 79' lang='grc' dir='ltr'><strong>τε</strong></span> <span class='ocrx_word' id='word_1_446' title='bbox 393 4176 501 4225; x_wconf 89' lang='grc' dir='ltr'><strong>τῶν</strong></span> <span class='ocrx_word' id='word_1_447' title='bbox 553 4175 831 4243; x_wconf 77' lang='grc' dir='ltr'>προτέρων</span> <span class='ocrx_word' id='word_1_448' title='bbox 864 4173 1159 4241; x_wconf 78' lang='grc' dir='ltr'>ὑπολήψεις</span> <span class='ocrx_word' id='word_1_449' title='bbox 1216 4175 1315 4227; x_wconf 80' lang='grc' dir='ltr'>οὐκ</span> <span class='ocrx_word' id='word_1_450' title='bbox 1344 4174 1749 4242; x_wconf 79' lang='grc' dir='ltr'>ἀποϐάλλομεν·</span> <span class='ocrx_word' id='word_1_451' title='bbox 1782 4176 1863 4225; x_wconf 81' lang='grc' dir='ltr'>ἐν·</span> 
     </span>
    </p>
   </div>
   <div class='ocr_carea' id='block_1_61' title="bbox 304 4264 1865 4337">
    <p class='ocr_par' dir='ltr' id='par_1_61' title="bbox 304 4264 1865 4337">
     <span class='ocr_line' id='line_1_61' title="bbox 304 4264 1865 4337; baseline 0.001 -20"><span class='ocrx_word' id='word_1_452' title='bbox 304 4266 494 4334; x_wconf 76' lang='grc' dir='ltr'>νοῆσαι</span> <span class='ocrx_word' id='word_1_453' title='bbox 524 4265 581 4317; x_wconf 85' lang='grc' dir='ltr'><strong>δέ</strong></span> <span class='ocrx_word' id='word_1_454' title='bbox 614 4281 687 4329; x_wconf 86' lang='grc' dir='ltr'><strong>τι,</strong></span> <span class='ocrx_word' id='word_1_455' title='bbox 720 4266 812 4317; x_wconf 79' lang='grc' dir='ltr'>καὶ</span> <span class='ocrx_word' id='word_1_456' title='bbox 858 4266 984 4335; x_wconf 80' lang='grc' dir='ltr'>παρ’</span> <span class='ocrx_word' id='word_1_457' title='bbox 1015 4264 1223 4318; x_wconf 82' lang='grc' dir='ltr'>ἑαυτῶν</span> <span class='ocrx_word' id='word_1_458' title='bbox 1263 4265 1400 4336; x_wconf 68' lang='grc' dir='ltr'>πρὸς</span> <span class='ocrx_word' id='word_1_459' title='bbox 1429 4266 1525 4337; x_wconf 78' lang='grc' dir='ltr'>τὴν</span> <span class='ocrx_word' id='word_1_460' title='bbox 1573 4267 1668 4318; x_wconf 85' lang='grc' dir='ltr'><strong>τοῦ</strong></span> <span class='ocrx_word' id='word_1_461' title='bbox 1700 4266 1865 4335; x_wconf 82' lang='grc' dir='ltr'>ῥητοῦ</span> 
     </span>
    </p>
   </div>
   <div class='ocr_carea' id='block_1_62' title="bbox 306 4355 1865 4428">
    <p class='ocr_par' dir='ltr' id='par_1_62' title="bbox 306 4355 1865 4428">
     <span class='ocr_line' id='line_1_62' title="bbox 306 4355 1865 4428; baseline 0.001 -19"><span class='ocrx_word' id='word_1_462' title='bbox 306 4357 580 4425; x_wconf 85' lang='grc' dir='ltr'>σημασίαν</span> <span class='ocrx_word' id='word_1_463' title='bbox 612 4356 712 4409; x_wconf 83' lang='grc' dir='ltr'>οὐκ</span> <span class='ocrx_word' id='word_1_464' title='bbox 745 4359 1146 4427; x_wconf 82' lang='grc' dir='ltr'>ἀποκνήσομεν.</span> <span class='ocrx_word' id='word_1_465' title='bbox 1185 4356 1453 4428; x_wconf 83' lang='grc' dir='ltr'>Τοιαύτην</span> <span class='ocrx_word' id='word_1_466' title='bbox 1484 4355 1576 4409; x_wconf 65' lang='grc' dir='ltr'><strong>οὗν</strong></span> <span class='ocrx_word' id='word_1_467' title='bbox 1603 4375 1723 4411; x_wconf 86' lang='grc' dir='ltr'>τινα</span> <span class='ocrx_word' id='word_1_468' title='bbox 1771 4356 1865 4410; x_wconf 90' lang='grc' dir='ltr'><strong>τοῦ</strong></span> 
     </span>
    </p>
   </div>
   <div class='ocr_carea' id='block_1_63' title="bbox 303 4448 1867 4520">
    <p class='ocr_par' dir='ltr' id='par_1_63' title="bbox 303 4448 1867 4520">
     <span class='ocr_line' id='line_1_63' title="bbox 303 4448 1867 4520; baseline 0.001 -20"><span class='ocrx_word' id='word_1_469' title='bbox 303 4448 671 4516; x_wconf 77' lang='grc' dir='ltr'>διαψάλματος</span> <span class='ocrx_word' id='word_1_470' title='bbox 700 4448 1069 4518; x_wconf 89' lang='grc' dir='ltr'>κατελάϐομεν</span> <span class='ocrx_word' id='word_1_471' title='bbox 1098 4448 1197 4520; x_wconf 81' lang='grc' dir='ltr'>τὴν</span> <span class='ocrx_word' id='word_1_472' title='bbox 1225 4450 1484 4514; x_wconf 84' lang='grc' dir='ltr'>διάνοιαν,</span> <span class='ocrx_word' id='word_1_473' title='bbox 1512 4450 1592 4502; x_wconf 77' lang='grc' dir='ltr'>ὅτι</span> <span class='ocrx_word' id='word_1_474' title='bbox 1648 4451 1867 4519; x_wconf 76' lang='grc' dir='ltr'>προῖού·</span> 
     </span>
    </p>
   </div>
   <div class='ocr_carea' id='block_1_64' title="bbox 1946 1968 3512 2043">
    <p class='ocr_par' dir='ltr' id='par_1_64' title="bbox 1946 1968 3512 2043">
     <span class='ocr_line' id='line_1_64' title="bbox 1946 1968 3512 2043; baseline 0.003 -23"><span class='ocrx_word' id='word_1_475' title='bbox 1946 1981 2063 2029; x_wconf 87' lang='lat' dir='ltr'><strong>nor,</strong></span> <span class='ocrx_word' id='word_1_476' title='bbox 2100 1968 2245 2036; x_wconf 87' lang='lat' dir='ltr'><strong>quod</strong></span> <span class='ocrx_word' id='word_1_477' title='bbox 2280 1969 2496 2021; x_wconf 89' lang='lat' dir='ltr'><strong>animus</strong></span> <span class='ocrx_word' id='word_1_478' title='bbox 2528 1970 2842 2024; x_wconf 79' lang='lat' dir='ltr'><strong>moderatus</strong></span> <span class='ocrx_word' id='word_1_479' title='bbox 2873 1981 2926 2024; x_wconf 91' lang='lat' dir='ltr'><strong>et</strong></span> <span class='ocrx_word' id='word_1_480' title='bbox 2980 1972 3314 2039; x_wconf 86' lang='lat' dir='ltr'><strong>compositus</strong></span> <span class='ocrx_word' id='word_1_481' title='bbox 3348 1990 3512 2043; x_wconf 71' lang='lat' dir='ltr'><strong>expo-</strong></span> 
     </span>
    </p>
   </div>
   <div class='ocr_carea' id='block_1_65' title="bbox 1945 2059 3510 2132">
    <p class='ocr_par' dir='ltr' id='par_1_65' title="bbox 1945 2059 3510 2132">
     <span class='ocr_line' id='line_1_65' title="bbox 1945 2059 3510 2132; baseline 0.006 -21"><span class='ocrx_word' id='word_1_482' title='bbox 1945 2060 2114 2112; x_wconf 82' lang='lat' dir='ltr'><strong>ditum</strong></span> <span class='ocrx_word' id='word_1_483' title='bbox 2140 2059 2242 2113; x_wconf 89' lang='lat' dir='ltr'><strong>iter</strong></span> <span class='ocrx_word' id='word_1_484' title='bbox 2276 2060 2468 2115; x_wconf 84' lang='lat' dir='ltr'><strong>habeat</strong></span> <span class='ocrx_word' id='word_1_485' title='bbox 2498 2062 2564 2115; x_wconf 87' lang='lat' dir='ltr'><strong>ad</strong></span> <span class='ocrx_word' id='word_1_486' title='bbox 2611 2061 3177 2118; x_wconf 29' lang='lat' dir='ltr'><strong>altiora.‘Psallerium</strong></span> <span class='ocrx_word' id='word_1_487' title='bbox 3203 2076 3380 2120; x_wconf 91' lang='lat' dir='ltr'><strong>autem</strong></span> <span class='ocrx_word' id='word_1_488' title='bbox 3406 2070 3510 2132; x_wconf 69' lang='lat' dir='ltr'><strong>dv-</strong></span> 
     </span>
    </p>
   </div>
   <div class='ocr_carea' id='block_1_66' title="bbox 1947 2152 3514 2227">
    <p class='ocr_par' dir='ltr' id='par_1_66' title="bbox 1947 2152 3514 2227">
     <span class='ocr_line' id='line_1_66' title="bbox 1947 2152 3514 2227; baseline 0.004 -22"><span class='ocrx_word' id='word_1_489' title='bbox 1947 2164 2064 2205; x_wconf 86' lang='lat' dir='ltr'><strong>cem</strong></span> <span class='ocrx_word' id='word_1_490' title='bbox 2117 2152 2338 2207; x_wconf 83' lang='lat' dir='ltr'><strong>chordis</strong></span> <span class='ocrx_word' id='word_1_491' title='bbox 2365 2168 2629 2208; x_wconf 87' lang='lat' dir='ltr'><strong>resonans</strong></span> <span class='ocrx_word' id='word_1_492' title='bbox 2686 2171 2781 2225; x_wconf 86' lang='lat' dir='ltr'><strong>per</strong></span> <span class='ocrx_word' id='word_1_493' title='bbox 2822 2156 3047 2224; x_wconf 73' lang='lat' dir='ltr'><strong>ﬁguram</strong></span> <span class='ocrx_word' id='word_1_494' title='bbox 3083 2174 3286 2227; x_wconf 74' lang='lat' dir='ltr'><strong>corpus</strong></span> <span class='ocrx_word' id='word_1_495' title='bbox 3324 2170 3514 2213; x_wconf 73' lang='lat' dir='ltr'><strong>osten-</strong></span> 
     </span>
    </p>
   </div>
   <div class='ocr_carea' id='block_1_67' title="bbox 1948 2241 3511 2320">
    <p class='ocr_par' dir='ltr' id='par_1_67' title="bbox 1948 2241 3511 2320">
     <span class='ocr_line' id='line_1_67' title="bbox 1948 2241 3511 2320; baseline 0.008 -27"><span class='ocrx_word' id='word_1_496' title='bbox 1948 2241 2025 2293; x_wconf 89' lang='lat' dir='ltr'><strong>dit</strong></span> <span class='ocrx_word' id='word_1_497' title='bbox 2068 2244 2308 2312; x_wconf 68' lang='lat' dir='ltr'><strong>quinque</strong></span> <span class='ocrx_word' id='word_1_498' title='bbox 2358 2245 2630 2309; x_wconf 81' lang='lat' dir='ltr'><strong>sensibus,</strong></span> <span class='ocrx_word' id='word_1_499' title='bbox 2666 2256 2719 2298; x_wconf 89' lang='lat' dir='ltr'><strong>et</strong></span> <span class='ocrx_word' id='word_1_500' title='bbox 2752 2249 2991 2300; x_wconf 90' lang='lat' dir='ltr'><strong>animum</strong></span> <span class='ocrx_word' id='word_1_501' title='bbox 3037 2250 3280 2320; x_wconf 85' lang='lat' dir='ltr'><strong>quinque</strong></span> <span class='ocrx_word' id='word_1_502' title='bbox 3341 2250 3511 2306; x_wconf 57' lang='lat' dir='ltr'><strong>facul-</strong></span> 
     </span>
    </p>
   </div>
   <div class='ocr_carea' id='block_1_68' title="bbox 1951 2335 3514 2414">
    <p class='ocr_par' dir='ltr' id='par_1_68' title="bbox 1951 2335 3514 2414">
     <span class='ocr_line' id='line_1_68' title="bbox 1951 2335 3514 2414; baseline 0.007 -27"><span class='ocrx_word' id='word_1_503' title='bbox 1951 2335 2150 2388; x_wconf 87' lang='lat' dir='ltr'><strong>tatibus</strong></span> <span class='ocrx_word' id='word_1_504' title='bbox 2199 2337 2505 2404; x_wconf 62' lang='lat' dir='ltr'><strong>praeditum,</strong></span> <span class='ocrx_word' id='word_1_505' title='bbox 2563 2353 2794 2407; x_wconf 87' lang='lat' dir='ltr'><strong>quarum</strong></span> <span class='ocrx_word' id='word_1_506' title='bbox 2851 2341 3078 2408; x_wconf 69' lang='lat' dir='ltr'><strong>singulae</strong></span> <span class='ocrx_word' id='word_1_507' title='bbox 3126 2358 3218 2412; x_wconf 84' lang='lat' dir='ltr'><strong>per</strong></span> <span class='ocrx_word' id='word_1_508' title='bbox 3268 2345 3514 2414; x_wconf 74' lang='lat' dir='ltr'><strong>singulos</strong></span> 
     </span>
    </p>
   </div>
   <div class='ocr_carea' id='block_1_69' title="bbox 1950 2424 3515 2504">
    <p class='ocr_par' dir='ltr' id='par_1_69' title="bbox 1950 2424 3515 2504">
     <span class='ocr_line' id='line_1_69' title="bbox 1950 2424 3515 2504; baseline 0.008 -25"><span class='ocrx_word' id='word_1_509' title='bbox 1950 2441 2143 2479; x_wconf 85' lang='lat' dir='ltr'><strong>sensus</strong></span> <span class='ocrx_word' id='word_1_510' title='bbox 2187 2424 2363 2479; x_wconf 83' lang='lat' dir='ltr'><strong>ollicio</strong></span> <span class='ocrx_word' id='word_1_511' title='bbox 2428 2442 2529 2481; x_wconf 88' lang='lat' dir='ltr'><strong>suo</strong></span> <span class='ocrx_word' id='word_1_512' title='bbox 2592 2430 2909 2497; x_wconf 77' lang='lat' dir='ltr'><strong>funguntur.</strong></span> <span class='ocrx_word' id='word_1_513' title='bbox 2948 2430 3050 2484; x_wconf 84' lang='lat' dir='ltr'><strong>Ubi</strong></span> <span class='ocrx_word' id='word_1_514' title='bbox 3088 2434 3235 2486; x_wconf 89' lang='lat' dir='ltr'><strong>enim</strong></span> <span class='ocrx_word' id='word_1_515' title='bbox 3268 2438 3515 2504; x_wconf 80' lang='lat' dir='ltr'><strong>singulos</strong></span> 
     </span>
    </p>
   </div>
   <div class='ocr_carea' id='block_1_70' title="bbox 1950 2522 3513 2595">
    <p class='ocr_par' dir='ltr' id='par_1_70' title="bbox 1950 2522 3513 2595">
     <span class='ocr_line' id='line_1_70' title="bbox 1950 2522 3513 2595; baseline 0.006 -20"><span class='ocrx_word' id='word_1_516' title='bbox 1950 2537 2146 2577; x_wconf 87' lang='lat' dir='ltr'><strong>sensus</strong></span> <span class='ocrx_word' id='word_1_517' title='bbox 2167 2522 2396 2592; x_wconf 80' lang='lat' dir='ltr'><strong>singulis</strong></span> <span class='ocrx_word' id='word_1_518' title='bbox 2419 2523 2612 2577; x_wconf 75' lang='lat' dir='ltr'><strong>anima:</strong></span> <span class='ocrx_word' id='word_1_519' title='bbox 2635 2523 2983 2580; x_wconf 79' lang='lat' dir='ltr'><strong>facultatibus</strong></span> <span class='ocrx_word' id='word_1_520' title='bbox 3008 2532 3513 2595; x_wconf 62' lang='lat' dir='ltr'><strong>accommodamus,</strong></span> 
     </span>
    </p>
   </div>
   <div class='ocr_carea' id='block_1_71' title="bbox 1950 2614 3515 2688">
    <p class='ocr_par' dir='ltr' id='par_1_71' title="bbox 1950 2614 3515 2688">
     <span class='ocr_line' id='line_1_71' title="bbox 1950 2614 3515 2688; baseline 0.004 -22"><span class='ocrx_word' id='word_1_521' title='bbox 1950 2625 2004 2667; x_wconf 89' lang='lat' dir='ltr'><strong>et</strong></span> <span class='ocrx_word' id='word_1_522' title='bbox 2048 2614 2114 2667; x_wconf 88' lang='lat' dir='ltr'><strong>ad</strong></span> <span class='ocrx_word' id='word_1_523' title='bbox 2172 2630 2328 2668; x_wconf 89' lang='lat' dir='ltr'><strong>usum</strong></span> <span class='ocrx_word' id='word_1_524' title='bbox 2388 2629 2558 2669; x_wconf 73' lang='lat' dir='ltr'><strong>sacrae</strong></span> <span class='ocrx_word' id='word_1_525' title='bbox 2617 2616 3007 2673; x_wconf 80' lang='lat' dir='ltr'><strong>modulationis</strong></span> <span class='ocrx_word' id='word_1_526' title='bbox 3069 2629 3515 2688; x_wconf 80' lang='lat' dir='ltr'><strong>attemperamus,</strong></span> 
     </span>
    </p>
   </div>
   <div class='ocr_carea' id='block_1_72' title="bbox 1952 2705 3515 2783">
    <p class='ocr_par' dir='ltr' id='par_1_72' title="bbox 1952 2705 3515 2783">
     <span class='ocr_line' id='line_1_72' title="bbox 1952 2705 3515 2783; baseline 0.007 -26"><span class='ocrx_word' id='word_1_527' title='bbox 1952 2705 2268 2774; x_wconf 84' lang='lat' dir='ltr'><strong>psalterium</strong></span> <span class='ocrx_word' id='word_1_528' title='bbox 2311 2705 2497 2760; x_wconf 87' lang='lat' dir='ltr'><strong>decem</strong></span> <span class='ocrx_word' id='word_1_529' title='bbox 2522 2707 2850 2762; x_wconf 81' lang='lat' dir='ltr'><strong>chordarum</strong></span> <span class='ocrx_word' id='word_1_530' title='bbox 2893 2709 3005 2764; x_wconf 86' lang='lat' dir='ltr'><strong>Deo</strong></span> <span class='ocrx_word' id='word_1_531' title='bbox 3033 2711 3332 2780; x_wconf 86' lang='lat' dir='ltr'><strong>ellieimur;</strong></span> <span class='ocrx_word' id='word_1_532' title='bbox 3370 2718 3515 2783; x_wconf 91' lang='lat' dir='ltr'><strong>quod</strong></span> 
     </span>
    </p>
   </div>
   <div class='ocr_carea' id='block_1_73' title="bbox 1956 2801 3519 2877">
    <p class='ocr_par' dir='ltr' id='par_1_73' title="bbox 1956 2801 3519 2877">
     <span class='ocr_line' id='line_1_73' title="bbox 1956 2801 3519 2877; baseline 0.006 -26"><span class='ocrx_word' id='word_1_533' title='bbox 1956 2816 1984 2851; x_wconf 87' lang='lat' dir='ltr'><strong>a</strong></span> <span class='ocrx_word' id='word_1_534' title='bbox 2009 2801 2165 2856; x_wconf 83' lang='lat' dir='ltr'><strong>nobis</strong></span> <span class='ocrx_word' id='word_1_535' title='bbox 2198 2802 2415 2873; x_wconf 84' lang='lat' dir='ltr'><strong>quidem</strong></span> <span class='ocrx_word' id='word_1_536' title='bbox 2445 2803 2706 2857; x_wconf 89' lang='lat' dir='ltr'><strong>melodice</strong></span> <span class='ocrx_word' id='word_1_537' title='bbox 2736 2802 3128 2870; x_wconf 80' lang='lat' dir='ltr'><strong>conformatur,</strong></span> <span class='ocrx_word' id='word_1_538' title='bbox 3159 2807 3253 2861; x_wconf 89' lang='lat' dir='ltr'><strong>sed</strong></span> <span class='ocrx_word' id='word_1_539' title='bbox 3284 2824 3313 2860; x_wconf 90' lang='lat' dir='ltr'><strong>a</strong></span> <span class='ocrx_word' id='word_1_540' title='bbox 3347 2810 3519 2877; x_wconf 89' lang='lat' dir='ltr'><strong>perito</strong></span> 
     </span>
    </p>
   </div>
   <div class='ocr_carea' id='block_1_74' title="bbox 1956 2893 3519 2970">
    <p class='ocr_par' dir='ltr' id='par_1_74' title="bbox 1956 2893 3519 2970">
     <span class='ocr_line' id='line_1_74' title="bbox 1956 2893 3519 2970; baseline 0.006 -26"><span class='ocrx_word' id='word_1_541' title='bbox 1956 2894 2164 2947; x_wconf 83' lang='lat' dir='ltr'><strong>artiﬁce</strong></span> <span class='ocrx_word' id='word_1_542' title='bbox 2219 2904 2408 2949; x_wconf 80' lang='lat' dir='ltr'><strong>saneto</strong></span> <span class='ocrx_word' id='word_1_543' title='bbox 2443 2893 2646 2963; x_wconf 90' lang='lat' dir='ltr'><strong>Spiritu</strong></span> <span class='ocrx_word' id='word_1_544' title='bbox 2680 2894 2945 2965; x_wconf 88' lang='lat' dir='ltr'><strong>pulsatur.</strong></span> <span class='ocrx_word' id='word_1_545' title='bbox 2982 2896 3111 2951; x_wconf 85' lang='lat' dir='ltr'><strong>Tale</strong></span> <span class='ocrx_word' id='word_1_546' title='bbox 3147 2908 3328 2954; x_wconf 90' lang='lat' dir='ltr'><strong>autem</strong></span> <span class='ocrx_word' id='word_1_547' title='bbox 3376 2903 3519 2970; x_wconf 86' lang='lat' dir='ltr'><strong>psal-</strong></span> 
     </span>
    </p>
   </div>
   <div class='ocr_carea' id='block_1_75' title="bbox 1958 2985 3523 3056">
    <p class='ocr_par' dir='ltr' id='par_1_75' title="bbox 1958 2985 3523 3056">
     <span class='ocr_line' id='line_1_75' title="bbox 1958 2985 3523 3056; baseline 0.006 -20"><span class='ocrx_word' id='word_1_548' title='bbox 1958 2986 2176 3038; x_wconf 88' lang='lat' dir='ltr'><strong>terium.</strong></span> <span class='ocrx_word' id='word_1_549' title='bbox 2216 2985 2468 3042; x_wconf 86' lang='lat' dir='ltr'><strong>Psalmus</strong></span> <span class='ocrx_word' id='word_1_550' title='bbox 2523 2997 2705 3042; x_wconf 89' lang='lat' dir='ltr'><strong>autem</strong></span> <span class='ocrx_word' id='word_1_551' title='bbox 2730 2999 2813 3041; x_wconf 89' lang='lat' dir='ltr'><strong>est</strong></span> <span class='ocrx_word' id='word_1_552' title='bbox 2857 3003 3040 3044; x_wconf 87' lang='lat' dir='ltr'><strong>sermo</strong></span> <span class='ocrx_word' id='word_1_553' title='bbox 3101 2991 3441 3056; x_wconf 84' lang='lat' dir='ltr'><strong>modulatus,</strong></span> <span class='ocrx_word' id='word_1_554' title='bbox 3469 3005 3523 3046; x_wconf 86' lang='lat' dir='ltr'><strong>et</strong></span> 
     </span>
    </p>
   </div>
   <div class='ocr_carea' id='block_1_76' title="bbox 1958 3075 3523 3151">
    <p class='ocr_par' dir='ltr' id='par_1_76' title="bbox 1958 3075 3523 3151">
     <span class='ocr_line' id='line_1_76' title="bbox 1958 3075 3523 3151; baseline 0.005 -24"><span class='ocrx_word' id='word_1_555' title='bbox 1958 3075 2191 3145; x_wconf 84' lang='lat' dir='ltr'><strong>hymnus</strong></span> <span class='ocrx_word' id='word_1_556' title='bbox 2222 3079 2288 3131; x_wconf 88' lang='lat' dir='ltr'><strong>ad</strong></span> <span class='ocrx_word' id='word_1_557' title='bbox 2326 3077 2494 3134; x_wconf 88' lang='lat' dir='ltr'><strong>Deum</strong></span> <span class='ocrx_word' id='word_1_558' title='bbox 2522 3080 2783 3147; x_wconf 89' lang='lat' dir='ltr'><strong>directus,</strong></span> <span class='ocrx_word' id='word_1_559' title='bbox 2809 3096 2839 3135; x_wconf 90' lang='lat' dir='ltr'><strong>a</strong></span> <span class='ocrx_word' id='word_1_560' title='bbox 2872 3082 3128 3151; x_wconf 87' lang='lat' dir='ltr'><strong>psalterio</strong></span> <span class='ocrx_word' id='word_1_561' title='bbox 3160 3083 3523 3138; x_wconf 82' lang='lat' dir='ltr'><strong>instrumemo</strong></span> 
     </span>
    </p>
   </div>
   <div class='ocr_carea' id='block_1_77' title="bbox 1958 3168 3520 3240">
    <p class='ocr_par' dir='ltr' id='par_1_77' title="bbox 1958 3168 3520 3240">
     <span class='ocr_line' id='line_1_77' title="bbox 1958 3168 3520 3240; baseline 0.004 -22"><span class='ocrx_word' id='word_1_562' title='bbox 1958 3181 2155 3220; x_wconf 87' lang='lat' dir='ltr'><strong>nomen</strong></span> <span class='ocrx_word' id='word_1_563' title='bbox 2201 3168 2443 3224; x_wconf 86' lang='lat' dir='ltr'><strong>trahens.</strong></span> <span class='ocrx_word' id='word_1_564' title='bbox 2492 3169 2671 3236; x_wconf 87' lang='lat' dir='ltr'><strong>Quare</strong></span> <span class='ocrx_word' id='word_1_565' title='bbox 2713 3171 2816 3225; x_wconf 89' lang='lat' dir='ltr'><strong>alia</strong></span> <span class='ocrx_word' id='word_1_566' title='bbox 2852 3172 3071 3240; x_wconf 84' lang='lat' dir='ltr'><strong>quidem</strong></span> <span class='ocrx_word' id='word_1_567' title='bbox 3110 3172 3397 3227; x_wconf 87' lang='lat' dir='ltr'><strong>Librorum</strong></span> <span class='ocrx_word' id='word_1_568' title='bbox 3430 3190 3520 3227; x_wconf 84' lang='lat' dir='ltr'><strong>sa-</strong></span> 
     </span>
    </p>
   </div>
   <div class='ocr_carea' id='block_1_78' title="bbox 1958 3260 3519 3331">
    <p class='ocr_par' dir='ltr' id='par_1_78' title="bbox 1958 3260 3519 3331">
     <span class='ocr_line' id='line_1_78' title="bbox 1958 3260 3519 3331; baseline 0.004 -20"><span class='ocrx_word' id='word_1_569' title='bbox 1958 3272 2174 3313; x_wconf 91' lang='lat' dir='ltr'><strong>crorum</strong></span> <span class='ocrx_word' id='word_1_570' title='bbox 2197 3261 2493 3327; x_wconf 80' lang='lat' dir='ltr'><strong>volumina,</strong></span> <span class='ocrx_word' id='word_1_571' title='bbox 2525 3262 2650 3331; x_wconf 88' lang='lat' dir='ltr'><strong>quia</strong></span> <span class='ocrx_word' id='word_1_572' title='bbox 2678 3260 2745 3316; x_wconf 86' lang='lat' dir='ltr'><strong>ad</strong></span> <span class='ocrx_word' id='word_1_573' title='bbox 2778 3263 2962 3316; x_wconf 75' lang='lat' dir='ltr'><strong>tibiam</strong></span> <span class='ocrx_word' id='word_1_574' title='bbox 2999 3277 3106 3317; x_wconf 91' lang='lat' dir='ltr'><strong>non</strong></span> <span class='ocrx_word' id='word_1_575' title='bbox 3159 3265 3519 3327; x_wconf 87' lang='lat' dir='ltr'><strong>canebantur,</strong></span> 
     </span>
    </p>
   </div>
   <div class='ocr_carea' id='block_1_79' title="bbox 1959 3349 3525 3430">
    <p class='ocr_par' dir='ltr' id='par_1_79' title="bbox 1959 3349 3525 3430">
     <span class='ocr_line' id='line_1_79' title="bbox 1959 3349 3525 3430; baseline 0.006 -30"><span class='ocrx_word' id='word_1_576' title='bbox 1959 3349 2153 3416; x_wconf 89' lang='lat' dir='ltr'><strong>psalmi</strong></span> <span class='ocrx_word' id='word_1_577' title='bbox 2198 3352 2419 3405; x_wconf 90' lang='lat' dir='ltr'><strong>nomine</strong></span> <span class='ocrx_word' id='word_1_578' title='bbox 2483 3362 2695 3407; x_wconf 90' lang='lat' dir='ltr'><strong>carent.</strong></span> <span class='ocrx_word' id='word_1_579' title='bbox 2746 3351 2917 3407; x_wconf 85' lang='lat' dir='ltr'><strong>Porro</strong></span> <span class='ocrx_word' id='word_1_580' title='bbox 2975 3370 3149 3430; x_wconf 80' lang='lat' dir='ltr'><strong>neque</strong></span> <span class='ocrx_word' id='word_1_581' title='bbox 3192 3356 3525 3426; x_wconf 76' lang='lat' dir='ltr'><strong>diapsalma-</strong></span> 
     </span>
    </p>
   </div>
   <div class='ocr_carea' id='block_1_80' title="bbox 1962 3439 3523 3514">
    <p class='ocr_par' dir='ltr' id='par_1_80' title="bbox 1962 3439 3523 3514">
     <span class='ocr_line' id='line_1_80' title="bbox 1962 3439 3523 3514; baseline 0.008 -23"><span class='ocrx_word' id='word_1_582' title='bbox 1962 3439 2033 3492; x_wconf 90' lang='lat' dir='ltr'><strong>tis</strong></span> <span class='ocrx_word' id='word_1_583' title='bbox 2069 3440 2398 3496; x_wconf 89' lang='lat' dir='ltr'><strong>mentionem</strong></span> <span class='ocrx_word' id='word_1_584' title='bbox 2463 3444 2712 3500; x_wconf 88' lang='lat' dir='ltr'><strong>omittere</strong></span> <span class='ocrx_word' id='word_1_585' title='bbox 2778 3445 2923 3500; x_wconf 89' lang='lat' dir='ltr'><strong>licet.</strong></span> <span class='ocrx_word' id='word_1_586' title='bbox 2977 3447 3314 3514; x_wconf 85' lang='lat' dir='ltr'><strong>Quibusdam</strong></span> <span class='ocrx_word' id='word_1_587' title='bbox 3378 3451 3523 3505; x_wconf 90' lang='lat' dir='ltr'><strong>enim</strong></span> 
     </span>
    </p>
   </div>
   <div class='ocr_carea' id='block_1_81' title="bbox 1962 3534 3526 3612">
    <p class='ocr_par' dir='ltr' id='par_1_81' title="bbox 1962 3534 3526 3612">
     <span class='ocr_line' id='line_1_81' title="bbox 1962 3534 3526 3612; baseline 0.008 -26"><span class='ocrx_word' id='word_1_588' title='bbox 1962 3534 2443 3588; x_wconf 85' lang='lat' dir='ltr'><strong>commutationem</strong></span> <span class='ocrx_word' id='word_1_589' title='bbox 2476 3550 2693 3601; x_wconf 84' lang='lat' dir='ltr'><strong>sensus,</strong></span> <span class='ocrx_word' id='word_1_590' title='bbox 2722 3548 2817 3591; x_wconf 81' lang='lat' dir='ltr'><strong>aut</strong></span> <span class='ocrx_word' id='word_1_591' title='bbox 2848 3540 2947 3604; x_wconf 89' lang='lat' dir='ltr'><strong>rei,</strong></span> <span class='ocrx_word' id='word_1_592' title='bbox 2976 3551 3069 3593; x_wconf 88' lang='lat' dir='ltr'><strong>aut</strong></span> <span class='ocrx_word' id='word_1_593' title='bbox 3091 3556 3336 3609; x_wconf 74' lang='lat' dir='ltr'><strong>persona:</strong></span> <span class='ocrx_word' id='word_1_594' title='bbox 3356 3543 3526 3612; x_wconf 79' lang='lat' dir='ltr'><strong>Signi-</strong></span> 
     </span>
    </p>
   </div>
   <div class='ocr_carea' id='block_1_82' title="bbox 1965 3622 3525 3700">
    <p class='ocr_par' dir='ltr' id='par_1_82' title="bbox 1965 3622 3525 3700">
     <span class='ocr_line' id='line_1_82' title="bbox 1965 3622 3525 3700; baseline 0.007 -24"><span class='ocrx_word' id='word_1_595' title='bbox 1965 3622 2131 3677; x_wconf 76' lang='lat' dir='ltr'><strong>ﬁcarc</strong></span> <span class='ocrx_word' id='word_1_596' title='bbox 2157 3626 2423 3679; x_wconf 85' lang='lat' dir='ltr'><strong>creditum</strong></span> <span class='ocrx_word' id='word_1_597' title='bbox 2452 3640 2535 3680; x_wconf 89' lang='lat' dir='ltr'><strong>est</strong></span> <span class='ocrx_word' id='word_1_598' title='bbox 2560 3628 2864 3697; x_wconf 79' lang='lat' dir='ltr'><strong>diapsalma</strong></span> <span class='ocrx_word' id='word_1_599' title='bbox 2890 3647 2905 3695; x_wconf 88' lang='lat'><strong>;</strong></span> <span class='ocrx_word' id='word_1_600' title='bbox 2940 3632 3263 3700; x_wconf 85' lang='lat' dir='ltr'><strong>quibusdam</strong></span> <span class='ocrx_word' id='word_1_601' title='bbox 3297 3648 3418 3687; x_wconf 78' lang='lat' dir='ltr'><strong>vero</strong></span> <span class='ocrx_word' id='word_1_602' title='bbox 3441 3636 3525 3687; x_wconf 83' lang='lat' dir='ltr'><strong>di-</strong></span> 
     </span>
    </p>
   </div>
   <div class='ocr_carea' id='block_1_83' title="bbox 1964 3715 3529 3789">
    <p class='ocr_par' dir='ltr' id='par_1_83' title="bbox 1964 3715 3529 3789">
     <span class='ocr_line' id='line_1_83' title="bbox 1964 3715 3529 3789; baseline 0.006 -22"><span class='ocrx_word' id='word_1_603' title='bbox 1964 3715 2199 3768; x_wconf 78' lang='lat' dir='ltr'><strong>scrimcn</strong></span> <span class='ocrx_word' id='word_1_604' title='bbox 2228 3729 2424 3771; x_wconf 86' lang='lat' dir='ltr'><strong>cantus</strong></span> <span class='ocrx_word' id='word_1_605' title='bbox 2452 3718 2745 3787; x_wconf 85' lang='lat' dir='ltr'><strong>aliquando</strong></span> <span class='ocrx_word' id='word_1_606' title='bbox 2772 3722 2991 3789; x_wconf 79' lang='lat' dir='ltr'><strong>gravius</strong></span> <span class='ocrx_word' id='word_1_607' title='bbox 3020 3725 3346 3779; x_wconf 86' lang='lat' dir='ltr'><strong>autacutius</strong></span> <span class='ocrx_word' id='word_1_608' title='bbox 3379 3742 3529 3779; x_wconf 61' lang='lat' dir='ltr'><strong>reso~</strong></span> 
     </span>
    </p>
   </div>
   <div class='ocr_carea' id='block_1_84' title="bbox 1969 3808 3529 3886">
    <p class='ocr_par' dir='ltr' id='par_1_84' title="bbox 1969 3808 3529 3886">
     <span class='ocr_line' id='line_1_84' title="bbox 1969 3808 3529 3886; baseline 0.008 -27"><span class='ocrx_word' id='word_1_609' title='bbox 1969 3808 2169 3861; x_wconf 85' lang='lat' dir='ltr'><strong>nautis.</strong></span> <span class='ocrx_word' id='word_1_610' title='bbox 2203 3808 2306 3862; x_wconf 81' lang='lat' dir='ltr'><strong>Alii</strong></span> <span class='ocrx_word' id='word_1_611' title='bbox 2332 3810 2541 3873; x_wconf 88' lang='lat' dir='ltr'><strong>dicunt,</strong></span> <span class='ocrx_word' id='word_1_612' title='bbox 2588 3809 2846 3865; x_wconf 87' lang='lat' dir='ltr'><strong>Davidem</strong></span> <span class='ocrx_word' id='word_1_613' title='bbox 2888 3814 2977 3867; x_wconf 90' lang='lat' dir='ltr'><strong>ubi</strong></span> <span class='ocrx_word' id='word_1_614' title='bbox 3004 3814 3237 3884; x_wconf 89' lang='lat' dir='ltr'><strong>aliquem</strong></span> <span class='ocrx_word' id='word_1_615' title='bbox 3269 3817 3529 3886; x_wconf 82' lang='lat' dir='ltr'><strong>hymnum</strong></span> 
     </span>
    </p>
   </div>
   <div class='ocr_carea' id='block_1_85' title="bbox 1963 3904 3526 3974">
    <p class='ocr_par' dir='ltr' id='par_1_85' title="bbox 1963 3904 3526 3974">
     <span class='ocr_line' id='line_1_85' title="bbox 1963 3904 3526 3974; baseline 0.008 -21"><span class='ocrx_word' id='word_1_616' title='bbox 1963 3904 2351 3969; x_wconf 86' lang='lat' dir='ltr'><strong>composuerit,</strong></span> <span class='ocrx_word' id='word_1_617' title='bbox 2376 3905 2608 3973; x_wconf 78' lang='lat' dir='ltr'><strong>aliquem</strong></span> <span class='ocrx_word' id='word_1_618' title='bbox 2628 3920 2658 3956; x_wconf 85' lang='lat' dir='ltr'><strong>e</strong></span> <span class='ocrx_word' id='word_1_619' title='bbox 2675 3906 2858 3959; x_wconf 88' lang='lat' dir='ltr'><strong>choris</strong></span> <span class='ocrx_word' id='word_1_620' title='bbox 2879 3916 3165 3961; x_wconf 77' lang='lat' dir='ltr'><strong>cantorum</strong></span> <span class='ocrx_word' id='word_1_621' title='bbox 3193 3909 3526 3974; x_wconf 88' lang='lat' dir='ltr'><strong>adhibuisse,</strong></span> 
     </span>
    </p>
   </div>
   <div class='ocr_carea' id='block_1_86' title="bbox 1966 3994 3531 4063">
    <p class='ocr_par' dir='ltr' id='par_1_86' title="bbox 1966 3994 3531 4063">
     <span class='ocr_line' id='line_1_86' title="bbox 1966 3994 3531 4063; baseline 0.003 -16"><span class='ocrx_word' id='word_1_622' title='bbox 1966 3994 2328 4063; x_wconf 79' lang='lat' dir='ltr'><strong>eumdcmque</strong></span> <span class='ocrx_word' id='word_1_623' title='bbox 2356 3995 2494 4049; x_wconf 89' lang='lat' dir='ltr'><strong>inter</strong></span> <span class='ocrx_word' id='word_1_624' title='bbox 2518 3996 2640 4049; x_wconf 87' lang='lat' dir='ltr'><strong>illos</strong></span> <span class='ocrx_word' id='word_1_625' title='bbox 2664 3997 2999 4051; x_wconf 85' lang='lat' dir='ltr'><strong>modulatum</strong></span> <span class='ocrx_word' id='word_1_626' title='bbox 3034 4014 3175 4054; x_wconf 83' lang='lat' dir='ltr'><strong>esse.</strong></span> <span class='ocrx_word' id='word_1_627' title='bbox 3202 4000 3384 4054; x_wconf 79' lang='lat' dir='ltr'><strong>Siruhi</strong></span> <span class='ocrx_word' id='word_1_628' title='bbox 3405 4020 3531 4055; x_wconf 80' lang='lat' dir='ltr'><strong>vero</strong></span> 
     </span>
    </p>
   </div>
   <div class='ocr_carea' id='block_1_87' title="bbox 1966 4084 3531 4163">
    <p class='ocr_par' dir='ltr' id='par_1_87' title="bbox 1966 4084 3531 4163">
     <span class='ocr_line' id='line_1_87' title="bbox 1966 4084 3531 4163; baseline 0.007 -28"><span class='ocrx_word' id='word_1_629' title='bbox 1966 4084 2140 4137; x_wconf 77' lang='lat' dir='ltr'><strong>cidem</strong></span> <span class='ocrx_word' id='word_1_630' title='bbox 2167 4086 2340 4139; x_wconf 74' lang='lat' dir='ltr'><strong>visum</strong></span> <span class='ocrx_word' id='word_1_631' title='bbox 2368 4086 2527 4140; x_wconf 78' lang='lat' dir='ltr'><strong>fuerit</strong></span> <span class='ocrx_word' id='word_1_632' title='bbox 2551 4086 2830 4141; x_wconf 84' lang='lat' dir='ltr'><strong>dilﬁndere</strong></span> <span class='ocrx_word' id='word_1_633' title='bbox 2874 4091 3030 4157; x_wconf 82' lang='lat' dir='ltr'><strong>quasi</strong></span> <span class='ocrx_word' id='word_1_634' title='bbox 3064 4092 3349 4159; x_wconf 79' lang='lat' dir='ltr'><strong>psalmum,</strong></span> <span class='ocrx_word' id='word_1_635' title='bbox 3405 4110 3531 4163; x_wconf 88' lang='lat' dir='ltr'><strong>par-</strong></span> 
     </span>
    </p>
   </div>
   <div class='ocr_carea' id='block_1_88' title="bbox 1974 4171 3533 4245">
    <p class='ocr_par' dir='ltr' id='par_1_88' title="bbox 1974 4171 3533 4245">
     <span class='ocr_line' id='line_1_88' title="bbox 1974 4171 3533 4245; baseline 0.01 -23"><span class='ocrx_word' id='word_1_636' title='bbox 1974 4178 2199 4238; x_wconf 89' lang='lat' dir='ltr'><strong>temque</strong></span> <span class='ocrx_word' id='word_1_637' title='bbox 2218 4171 2483 4239; x_wconf 83' lang='lat' dir='ltr'><strong>rcliquam</strong></span> <span class='ocrx_word' id='word_1_638' title='bbox 2512 4174 2667 4228; x_wconf 87' lang='lat' dir='ltr'><strong>alteri</strong></span> <span class='ocrx_word' id='word_1_639' title='bbox 2693 4176 2906 4230; x_wconf 84' lang='lat' dir='ltr'><strong>cuidam</strong></span> <span class='ocrx_word' id='word_1_640' title='bbox 2933 4179 3102 4232; x_wconf 90' lang='lat' dir='ltr'><strong>choro</strong></span> <span class='ocrx_word' id='word_1_641' title='bbox 3133 4180 3368 4245; x_wconf 86' lang='lat' dir='ltr'><strong>tradere,</strong></span> <span class='ocrx_word' id='word_1_642' title='bbox 3406 4194 3533 4237; x_wconf 88' lang='lat' dir='ltr'><strong>tunc</strong></span> 
     </span>
    </p>
   </div>
   <div class='ocr_carea' id='block_1_89' title="bbox 1970 4260 3533 4337">
    <p class='ocr_par' dir='ltr' id='par_1_89' title="bbox 1970 4260 3533 4337">
     <span class='ocr_line' id='line_1_89' title="bbox 1970 4260 3533 4337; baseline 0.008 -24"><span class='ocrx_word' id='word_1_643' title='bbox 1970 4260 2090 4314; x_wconf 82' lang='lat' dir='ltr'><strong>illas</strong></span> <span class='ocrx_word' id='word_1_644' title='bbox 2107 4261 2359 4315; x_wconf 88' lang='lat' dir='ltr'><strong>cantandi</strong></span> <span class='ocrx_word' id='word_1_645' title='bbox 2393 4262 2536 4317; x_wconf 89' lang='lat' dir='ltr'><strong>vices</strong></span> <span class='ocrx_word' id='word_1_646' title='bbox 2568 4262 2734 4319; x_wconf 83' lang='lat' dir='ltr'><strong>luisse</strong></span> <span class='ocrx_word' id='word_1_647' title='bbox 2761 4265 3058 4336; x_wconf 83' lang='lat' dir='ltr'><strong>diapsalma</strong></span> <span class='ocrx_word' id='word_1_648' title='bbox 3083 4271 3397 4337; x_wconf 79' lang='lat' dir='ltr'><strong>appellatas.</strong></span> <span class='ocrx_word' id='word_1_649' title='bbox 3424 4271 3533 4325; x_wconf 75' lang='lat' dir='ltr'><strong>Nos</strong></span> 
     </span>
    </p>
   </div>
   <div class='ocr_carea' id='block_1_90' title="bbox 1970 4353 3532 4429">
    <p class='ocr_par' dir='ltr' id='par_1_90' title="bbox 1970 4353 3532 4429">
     <span class='ocr_line' id='line_1_90' title="bbox 1970 4353 3532 4429; baseline 0.007 -25"><span class='ocrx_word' id='word_1_650' title='bbox 1970 4367 2099 4405; x_wconf 84' lang='lat' dir='ltr'><strong>vero</strong></span> <span class='ocrx_word' id='word_1_651' title='bbox 2121 4353 2263 4405; x_wconf 92' lang='lat' dir='ltr'><strong>sicut</strong></span> <span class='ocrx_word' id='word_1_652' title='bbox 2304 4354 2545 4420; x_wconf 86' lang='lat' dir='ltr'><strong>priorum</strong></span> <span class='ocrx_word' id='word_1_653' title='bbox 2600 4356 2940 4423; x_wconf 88' lang='lat' dir='ltr'><strong>conjecturas</strong></span> <span class='ocrx_word' id='word_1_654' title='bbox 2966 4372 3074 4411; x_wconf 92' lang='lat' dir='ltr'><strong>non</strong></span> <span class='ocrx_word' id='word_1_655' title='bbox 3108 4360 3387 4429; x_wconf 87' lang='lat' dir='ltr'><strong>rejicimus</strong></span> <span class='ocrx_word' id='word_1_656' title='bbox 3410 4403 3423 4423; x_wconf 90' lang='lat'><strong>,</strong></span> <span class='ocrx_word' id='word_1_657' title='bbox 3461 4363 3532 4416; x_wconf 81' lang='lat' dir='ltr'><strong>ita</strong></span> 
     </span>
    </p>
   </div>
   <div class='ocr_carea' id='block_1_91' title="bbox 1971 4441 3532 4519">
    <p class='ocr_par' dir='ltr' id='par_1_91' title="bbox 1971 4441 3532 4519">
     <span class='ocr_line' id='line_1_91' title="bbox 1971 4441 3532 4519; baseline 0.006 -24"><span class='ocrx_word' id='word_1_658' title='bbox 1971 4441 2204 4498; x_wconf 75' lang='lat' dir='ltr'><strong>inventis</strong></span> <span class='ocrx_word' id='word_1_659' title='bbox 2289 4444 2492 4513; x_wconf 81' lang='lat' dir='ltr'><strong>aliquid</strong></span> <span class='ocrx_word' id='word_1_660' title='bbox 2581 4446 2778 4500; x_wconf 85' lang='lat' dir='ltr'><strong>addere</strong></span> <span class='ocrx_word' id='word_1_661' title='bbox 2845 4448 2989 4501; x_wconf 86' lang='lat' dir='ltr'><strong>circa</strong></span> <span class='ocrx_word' id='word_1_662' title='bbox 3081 4450 3532 4519; x_wconf 68' lang='lat' dir='ltr'><strong>significationum</strong></span> 
     </span>
    </p>
   </div>
   <div class='ocr_carea' id='block_1_92' title="bbox 305 4536 1976 4618">
    <p class='ocr_par' dir='ltr' id='par_1_92' title="bbox 305 4540 1976 4618">
     <span class='ocr_line' id='line_1_92' title="bbox 305 4540 1976 4618; baseline 0.002 -27"><span class='ocrx_word' id='word_1_663' title='bbox 305 4557 405 4609; x_wconf 88' lang='grc' dir='ltr'><strong>σης</strong></span> <span class='ocrx_word' id='word_1_664' title='bbox 436 4541 576 4593; x_wconf 86' lang='grc' dir='ltr'>κατὰ</span> <span class='ocrx_word' id='word_1_665' title='bbox 612 4541 673 4592; x_wconf 76' lang='grc' dir='ltr'><strong>τὸ</strong></span> <span class='ocrx_word' id='word_1_666' title='bbox 700 4540 996 4593; x_wconf 83' lang='grc' dir='ltr'>ἀκόλουθον</span> <span class='ocrx_word' id='word_1_667' title='bbox 1020 4541 1117 4610; x_wconf 81' lang='grc' dir='ltr'>τῆς</span> <span class='ocrx_word' id='word_1_668' title='bbox 1152 4540 1494 4611; x_wconf 83' lang='grc' dir='ltr'>ψαλμῳδίας,</span> <span class='ocrx_word' id='word_1_669' title='bbox 1523 4543 1618 4594; x_wconf 83' lang='grc' dir='ltr'><strong>ἐάν</strong></span> <span class='ocrx_word' id='word_1_670' title='bbox 1649 4560 1731 4604; x_wconf 84' lang='grc' dir='ltr'><strong>τις</strong></span> <span class='ocrx_word' id='word_1_671' title='bbox 1756 4542 1866 4609; x_wconf 80' lang='grc' dir='ltr'>ἐγέ·</span> <span class='ocrx_word' id='word_1_672' title='bbox 1900 4562 1946 4618; x_wconf 73' lang='grc' dir='ltr'>υ</span> <span class='ocrx_word' id='word_1_673' title='bbox 1974 4551 1976 4559; x_wconf 87' lang='lat'>‘</span> 
     </span>
    </p>
   </div>
   <div class='ocr_carea' id='block_1_93' title="bbox 1860 4536 3531 4618">
    <p class='ocr_par' dir='ltr' id='par_1_93' title="bbox 1860 4536 3531 4618">
     <span class='ocr_line' id='line_1_93' title="bbox 1860 4536 3531 4618; baseline 0.01 -37"><span class='ocrx_word' id='word_1_674' title='bbox 1860 4536 2122 4618; x_wconf 73' lang='lat' dir='ltr'><strong>.Dverbi</strong></span> <span class='ocrx_word' id='word_1_675' title='bbox 2183 4550 2290 4589; x_wconf 90' lang='lat' dir='ltr'><strong>non</strong></span> <span class='ocrx_word' id='word_1_676' title='bbox 2354 4537 2682 4592; x_wconf 80' lang='lat' dir='ltr'><strong>verebimur.</strong></span> <span class='ocrx_word' id='word_1_677' title='bbox 2735 4538 2902 4609; x_wconf 73' lang='lat' dir='ltr'><strong>Igitur</strong></span> <span class='ocrx_word' id='word_1_678' title='bbox 2965 4540 3235 4609; x_wconf 83' lang='lat' dir='ltr'><strong>ejusmodi</strong></span> <span class='ocrx_word' id='word_1_679' title='bbox 3297 4544 3531 4612; x_wconf 81' lang='lat' dir='ltr'><strong>aliquam</strong></span> 
     </span>
    </p>
   </div>
   <div class='ocr_carea' id='block_1_94' title="bbox 306 4628 1865 4699">
    <p class='ocr_par' dir='ltr' id='par_1_94' title="bbox 306 4628 1865 4699">
     <span class='ocr_line' id='line_1_94' title="bbox 306 4628 1865 4699; baseline 0 -18"><span class='ocrx_word' id='word_1_680' title='bbox 306 4648 425 4682; x_wconf 76' lang='grc' dir='ltr'>νετο</span> <span class='ocrx_word' id='word_1_681' title='bbox 468 4630 668 4699; x_wconf 79' lang='grc' dir='ltr'>μεταξὺ</span> <span class='ocrx_word' id='word_1_682' title='bbox 718 4628 1148 4699; x_wconf 78' lang='grc' dir='ltr'>προφητεύοντος</span> <span class='ocrx_word' id='word_1_683' title='bbox 1208 4628 1303 4682; x_wconf 89' lang='grc' dir='ltr'><strong>τοῦ</strong></span> <span class='ocrx_word' id='word_1_684' title='bbox 1348 4630 1512 4682; x_wconf 85' lang='grc' dir='ltr'>Δαϐιδ</span> <span class='ocrx_word' id='word_1_685' title='bbox 1561 4631 1722 4698; x_wconf 79' lang='grc' dir='ltr'>ἑτέρα</span> <span class='ocrx_word' id='word_1_686' title='bbox 1773 4629 1865 4682; x_wconf 88' lang='grc' dir='ltr'><strong>τοῦ</strong></span> 
     </span>
    </p>
   </div>
   <div class='ocr_carea' id='block_1_95' title="bbox 308 4721 1867 4793">
    <p class='ocr_par' dir='ltr' id='par_1_95' title="bbox 308 4721 1867 4793">
     <span class='ocr_line' id='line_1_95' title="bbox 308 4721 1867 4793; baseline 0.001 -19"><span class='ocrx_word' id='word_1_687' title='bbox 308 4723 463 4789; x_wconf 76' lang='grc' dir='ltr'>ἁγίου</span> <span class='ocrx_word' id='word_1_688' title='bbox 487 4722 798 4789; x_wconf 82' lang='grc' dir='ltr'>Ιινεύματος</span> <span class='ocrx_word' id='word_1_689' title='bbox 849 4721 969 4775; x_wconf 75' lang='grc' dir='ltr'>θεία</span> <span class='ocrx_word' id='word_1_690' title='bbox 1004 4722 1287 4792; x_wconf 77' lang='grc' dir='ltr'>ἐλλαμψις,</span> <span class='ocrx_word' id='word_1_691' title='bbox 1329 4724 1423 4775; x_wconf 73' lang='grc' dir='ltr'>καὶ</span> <span class='ocrx_word' id='word_1_692' title='bbox 1458 4722 1742 4793; x_wconf 78' lang='grc' dir='ltr'>προσθήκη</span> <span class='ocrx_word' id='word_1_693' title='bbox 1775 4722 1867 4775; x_wconf 71' lang='grc' dir='ltr'><strong>τοῦ</strong></span> 
     </span>
    </p>
   </div>
   <div class='ocr_carea' id='block_1_96' title="bbox 308 4815 1871 4885">
    <p class='ocr_par' dir='ltr' id='par_1_96' title="bbox 308 4815 1871 4885">
     <span class='ocr_line' id='line_1_96' title="bbox 308 4815 1871 4885; baseline -0.001 -18"><span class='ocrx_word' id='word_1_694' title='bbox 308 4816 445 4867; x_wconf 77' lang='grc' dir='ltr'>κατὰ</span> <span class='ocrx_word' id='word_1_695' title='bbox 475 4816 569 4884; x_wconf 83' lang='grc' dir='ltr'>τὴν</span> <span class='ocrx_word' id='word_1_696' title='bbox 598 4816 798 4881; x_wconf 86' lang='grc' dir='ltr'>γνῶσιν</span> <span class='ocrx_word' id='word_1_697' title='bbox 822 4816 1178 4884; x_wconf 82' lang='grc' dir='ltr'>χαρίσματος,</span> <span class='ocrx_word' id='word_1_698' title='bbox 1210 4817 1294 4867; x_wconf 81' lang='grc' dir='ltr'>ἐπ’</span> <span class='ocrx_word' id='word_1_699' title='bbox 1322 4815 1560 4885; x_wconf 76' lang='grc' dir='ltr'>ὠφελείᾳ</span> <span class='ocrx_word' id='word_1_700' title='bbox 1581 4816 1688 4867; x_wconf 86' lang='grc' dir='ltr'><strong>τῶν</strong></span> <span class='ocrx_word' id='word_1_701' title='bbox 1722 4816 1871 4884; x_wconf 80' lang='grc' dir='ltr'>δεχο·</span> 
     </span>
    </p>
   </div>
   <div class='ocr_carea' id='block_1_97' title="bbox 310 4905 1873 4978">
    <p class='ocr_par' dir='ltr' id='par_1_97' title="bbox 310 4905 1873 4978">
     <span class='ocr_line' id='line_1_97' title="bbox 310 4905 1873 4978; baseline 0 -19"><span class='ocrx_word' id='word_1_702' title='bbox 310 4912 488 4978; x_wconf 79' lang='grc' dir='ltr'>μένων</span> <span class='ocrx_word' id='word_1_703' title='bbox 520 4906 617 4976; x_wconf 81' lang='grc' dir='ltr'>τὴν</span> <span class='ocrx_word' id='word_1_704' title='bbox 667 4906 1023 4977; x_wconf 74' lang='grc' dir='ltr'>προφητείαν,</span> <span class='ocrx_word' id='word_1_705' title='bbox 1061 4907 1278 4977; x_wconf 80' lang='grc' dir='ltr'>ἐπέχων</span> <span class='ocrx_word' id='word_1_706' title='bbox 1305 4907 1401 4977; x_wconf 78' lang='grc' dir='ltr'>τῆν</span> <span class='ocrx_word' id='word_1_707' title='bbox 1432 4906 1637 4976; x_wconf 78' lang='grc' dir='ltr'>φωνὴν,</span> <span class='ocrx_word' id='word_1_708' title='bbox 1681 4905 1873 4975; x_wconf 68' lang='grc' dir='ltr'>καιρὸν</span> 
     </span>
    </p>
   </div>
   <div class='ocr_carea' id='block_1_98' title="bbox 307 4998 1871 5069">
    <p class='ocr_par' dir='ltr' id='par_1_98' title="bbox 307 4998 1871 5069">
     <span class='ocr_line' id='line_1_98' title="bbox 307 4998 1871 5069; baseline -0.002 -16"><span class='ocrx_word' id='word_1_709' title='bbox 307 5002 476 5053; x_wconf 81' lang='grc' dir='ltr'>ἐδίδ.υ</span> <span class='ocrx_word' id='word_1_710' title='bbox 502 5003 566 5069; x_wconf 78' lang='grc' dir='ltr'>τῇ</span> <span class='ocrx_word' id='word_1_711' title='bbox 606 5000 831 5068; x_wconf 81' lang='grc' dir='ltr'>διανοίᾳ,</span> <span class='ocrx_word' id='word_1_712' title='bbox 860 4999 1113 5065; x_wconf 77' lang='grc' dir='ltr'>δέξασθαι</span> <span class='ocrx_word' id='word_1_713' title='bbox 1145 4998 1252 5053; x_wconf 82' lang='grc' dir='ltr'><strong>τῶν</strong></span> <span class='ocrx_word' id='word_1_714' title='bbox 1281 5000 1565 5069; x_wconf 69' lang='grc' dir='ltr'>νοημάτων</span> <span class='ocrx_word' id='word_1_715' title='bbox 1598 5000 1695 5069; x_wconf 83' lang='grc' dir='ltr'>τὴν</span> <span class='ocrx_word' id='word_1_716' title='bbox 1733 4999 1871 5066; x_wconf 86' lang='grc' dir='ltr'>γνῶ-</span> 
     </span>
    </p>
   </div>
   <div class='ocr_carea' id='block_1_99' title="bbox 311 5090 1869 5161">
    <p class='ocr_par' dir='ltr' id='par_1_99' title="bbox 311 5090 1869 5161">
     <span class='ocr_line' id='line_1_99' title="bbox 311 5090 1869 5161; baseline -0.002 -17"><span class='ocrx_word' id='word_1_717' title='bbox 311 5109 395 5144; x_wconf 87' lang='grc' dir='ltr'><strong>σιν</strong></span> <span class='ocrx_word' id='word_1_718' title='bbox 434 5090 542 5143; x_wconf 88' lang='grc' dir='ltr'><strong>τῶν</strong></span> <span class='ocrx_word' id='word_1_719' title='bbox 590 5093 891 5159; x_wconf 78' lang='grc' dir='ltr'>γινομένων</span> <span class='ocrx_word' id='word_1_720' title='bbox 949 5093 1006 5142; x_wconf 86' lang='grc' dir='ltr'><strong>ἐν</strong></span> <span class='ocrx_word' id='word_1_721' title='bbox 1063 5090 1209 5161; x_wconf 76' lang='grc' dir='ltr'>αὐτῷ</span> <span class='ocrx_word' id='word_1_722' title='bbox 1253 5093 1402 5161; x_wconf 75' lang='grc' dir='ltr'>παρὰ</span> <span class='ocrx_word' id='word_1_723' title='bbox 1453 5092 1555 5159; x_wconf 74' lang='grc' dir='ltr'>τῆς</span> <span class='ocrx_word' id='word_1_724' title='bbox 1600 5091 1746 5152; x_wconf 87' lang='grc' dir='ltr'>θείας</span> <span class='ocrx_word' id='word_1_725' title='bbox 1789 5090 1869 5142; x_wconf 86' lang='grc' dir='ltr'>ἐλ-</span> 
     </span>
    </p>
   </div>
   <div class='ocr_carea' id='block_1_100' title="bbox 309 5181 1872 5252">
    <p class='ocr_par' dir='ltr' id='par_1_100' title="bbox 309 5181 1872 5252">
     <span class='ocr_line' id='line_1_100' title="bbox 309 5181 1872 5252; baseline 0 -18"><span class='ocrx_word' id='word_1_726' title='bbox 309 5182 587 5252; x_wconf 77' lang='grc' dir='ltr'>λάμψεως.</span> <span class='ocrx_word' id='word_1_727' title='bbox 629 5183 754 5242; x_wconf 70' lang='grc' dir='ltr'>Καὶ,</span> <span class='ocrx_word' id='word_1_728' title='bbox 782 5181 973 5252; x_wconf 80' lang='grc' dir='ltr'>ὥσπερ</span> <span class='ocrx_word' id='word_1_729' title='bbox 1024 5184 1282 5245; x_wconf 81' lang='grc' dir='ltr'>πολλάκις</span> <span class='ocrx_word' id='word_1_730' title='bbox 1312 5182 1454 5244; x_wconf 84' lang='grc' dir='ltr'>τινὲς</span> <span class='ocrx_word' id='word_1_731' title='bbox 1485 5182 1599 5252; x_wconf 80' lang='grc' dir='ltr'>μετ’</span> <span class='ocrx_word' id='word_1_732' title='bbox 1628 5182 1872 5250; x_wconf 83' lang='grc' dir='ltr'>ἀλλήλων</span> 
     </span>
    </p>
   </div>
   <div class='ocr_carea' id='block_1_101' title="bbox 307 5272 1873 5344">
    <p class='ocr_par' dir='ltr' id='par_1_101' title="bbox 307 5272 1873 5344">
     <span class='ocr_line' id='line_1_101' title="bbox 307 5272 1873 5344; baseline -0.001 -18"><span class='ocrx_word' id='word_1_733' title='bbox 307 5272 701 5341; x_wconf 83' lang='grc' dir='ltr'>διαλεγόμενοι,</span> <span class='ocrx_word' id='word_1_734' title='bbox 736 5273 790 5324; x_wconf 81' lang='grc' dir='ltr'><strong>εί</strong></span> <span class='ocrx_word' id='word_1_735' title='bbox 847 5274 1011 5327; x_wconf 81' lang='grc' dir='ltr'>ποθεν</span> <span class='ocrx_word' id='word_1_736' title='bbox 1053 5273 1227 5344; x_wconf 85' lang='grc' dir='ltr'>ἁθρόα</span> <span class='ocrx_word' id='word_1_737' title='bbox 1269 5274 1463 5344; x_wconf 73' lang='grc' dir='ltr'>ήχησις</span> <span class='ocrx_word' id='word_1_738' title='bbox 1510 5276 1629 5336; x_wconf 90' lang='grc' dir='ltr'>ταῖς</span> <span class='ocrx_word' id='word_1_739' title='bbox 1685 5274 1873 5336; x_wconf 78' lang='grc' dir='ltr'>ἀκοαῖς</span> 
     </span>
    </p>
   </div>
   <div class='ocr_carea' id='block_1_102' title="bbox 311 5363 1876 5436">
    <p class='ocr_par' dir='ltr' id='par_1_102' title="bbox 311 5363 1876 5436">
     <span class='ocr_line' id='line_1_102' title="bbox 311 5363 1876 5436; baseline -0.002 -17"><span class='ocrx_word' id='word_1_740' title='bbox 311 5364 631 5435; x_wconf 78' lang='grc' dir='ltr'>προσϐάλοι,</span> <span class='ocrx_word' id='word_1_741' title='bbox 661 5366 994 5435; x_wconf 81' lang='grc' dir='ltr'>παυσάμενοι</span> <span class='ocrx_word' id='word_1_742' title='bbox 1034 5365 1129 5418; x_wconf 90' lang='grc' dir='ltr'><strong>τοῦ</strong></span> <span class='ocrx_word' id='word_1_743' title='bbox 1183 5366 1365 5434; x_wconf 85' lang='grc' dir='ltr'>λόγου,</span> <span class='ocrx_word' id='word_1_744' title='bbox 1408 5364 1544 5435; x_wconf 76' lang='grc' dir='ltr'>πρὸς</span> <span class='ocrx_word' id='word_1_745' title='bbox 1587 5367 1678 5418; x_wconf 81' lang='grc' dir='ltr'>τὸν</span> <span class='ocrx_word' id='word_1_746' title='bbox 1743 5363 1876 5436; x_wconf 78' lang='grc' dir='ltr'>ἦχον</span> 
     </span>
    </p>
   </div>
   <div class='ocr_carea' id='block_1_103' title="bbox 310 5456 1876 5527">
    <p class='ocr_par' dir='ltr' id='par_1_103' title="bbox 310 5456 1876 5527">
     <span class='ocr_line' id='line_1_103' title="bbox 310 5456 1876 5527; baseline -0.001 -18"><span class='ocrx_word' id='word_1_747' title='bbox 310 5461 380 5525; x_wconf 81' lang='grc' dir='ltr'>τῇ</span> <span class='ocrx_word' id='word_1_748' title='bbox 410 5456 618 5525; x_wconf 59' lang='grc' dir='ltr'>διανοίᾳ.</span> <span class='ocrx_word' id='word_1_749' title='bbox 655 5457 1036 5520; x_wconf 84' lang='grc' dir='ltr'>συντείνονται,</span> <span class='ocrx_word' id='word_1_750' title='bbox 1065 5456 1261 5526; x_wconf 73' lang='grc' dir='ltr'>σχολὴν</span> <span class='ocrx_word' id='word_1_751' title='bbox 1289 5456 1616 5527; x_wconf 76' lang='grc' dir='ltr'>παρέχοντες</span> <span class='ocrx_word' id='word_1_752' title='bbox 1646 5456 1713 5509; x_wconf 76' lang='grc' dir='ltr'>δι’</span> <span class='ocrx_word' id='word_1_753' title='bbox 1743 5459 1876 5527; x_wconf 76' lang='grc' dir='ltr'>ησυ-</span> 
     </span>
    </p>
   </div>
   <div class='ocr_carea' id='block_1_104' title="bbox 311 5548 1873 5619">
    <p class='ocr_par' dir='ltr' id='par_1_104' title="bbox 311 5548 1873 5619">
     <span class='ocr_line' id='line_1_104' title="bbox 311 5548 1873 5619; baseline -0.001 -19"><span class='ocrx_word' id='word_1_754' title='bbox 311 5551 435 5619; x_wconf 75' lang='grc' dir='ltr'>χίας</span> <span class='ocrx_word' id='word_1_755' title='bbox 475 5552 542 5619; x_wconf 76' lang='grc' dir='ltr'>τῇ</span> <span class='ocrx_word' id='word_1_756' title='bbox 592 5549 750 5619; x_wconf 76' lang='grc' dir='ltr'>ἀκοῇ,</span> <span class='ocrx_word' id='word_1_757' title='bbox 775 5548 867 5600; x_wconf 90' lang='grc' dir='ltr'><strong>τοῦ</strong></span> <span class='ocrx_word' id='word_1_758' title='bbox 898 5549 1102 5616; x_wconf 83' lang='grc' dir='ltr'>γνῶναι</span> <span class='ocrx_word' id='word_1_759' title='bbox 1149 5548 1244 5602; x_wconf 91' lang='grc' dir='ltr'><strong>τοῦ</strong></span> <span class='ocrx_word' id='word_1_760' title='bbox 1301 5549 1434 5619; x_wconf 75' lang='grc' dir='ltr'>ἥχου</span> <span class='ocrx_word' id='word_1_761' title='bbox 1486 5549 1583 5618; x_wconf 72' lang='grc' dir='ltr'>τὴν</span> <span class='ocrx_word' id='word_1_762' title='bbox 1622 5548 1873 5617; x_wconf 79' lang='grc' dir='ltr'>δύναμιν,</span> 
     </span>
    </p>
   </div>
   <div class='ocr_carea' id='block_1_105' title="bbox 317 5638 1875 5711">
    <p class='ocr_par' dir='ltr' id='par_1_105' title="bbox 317 5638 1875 5711">
     <span class='ocr_line' id='line_1_105' title="bbox 317 5638 1875 5711; baseline -0.002 -17"><span class='ocrx_word' id='word_1_763' title='bbox 317 5638 434 5694; x_wconf 76' lang='grc' dir='ltr'>εἶτα</span> <span class='ocrx_word' id='word_1_764' title='bbox 470 5642 820 5711; x_wconf 82' lang='grc' dir='ltr'>παυσαμένης</span> <span class='ocrx_word' id='word_1_765' title='bbox 850 5641 945 5708; x_wconf 74' lang='grc' dir='ltr'>τῆς</span> <span class='ocrx_word' id='word_1_766' title='bbox 975 5641 1351 5711; x_wconf 65' lang='grc' dir='ltr'>προσηχοὼης</span> <span class='ocrx_word' id='word_1_767' title='bbox 1383 5641 1564 5709; x_wconf 75' lang='grc' dir='ltr'>φωνῆς</span> <span class='ocrx_word' id='word_1_768' title='bbox 1590 5640 1749 5693; x_wconf 84' lang='grc' dir='ltr'>πάλιν</span> <span class='ocrx_word' id='word_1_769' title='bbox 1780 5642 1875 5693; x_wconf 83' lang='grc' dir='ltr'>άλ-</span> 
     </span>
    </p>
   </div>
   <div class='ocr_carea' id='block_1_106' title="bbox 318 5730 1877 5803">
    <p class='ocr_par' dir='ltr' id='par_1_106' title="bbox 318 5730 1877 5803">
     <span class='ocr_line' id='line_1_106' title="bbox 318 5730 1877 5803; baseline -0.001 -18"><span class='ocrx_word' id='word_1_770' title='bbox 318 5732 501 5803; x_wconf 81' lang='grc' dir='ltr'>λήλοις</span> <span class='ocrx_word' id='word_1_771' title='bbox 533 5730 868 5798; x_wconf 87' lang='grc' dir='ltr'>διαλέγονται</span> <span class='ocrx_word' id='word_1_772' title='bbox 912 5747 927 5763; x_wconf 86' lang='grc'><strong>·</strong></span> <span class='ocrx_word' id='word_1_773' title='bbox 968 5730 1111 5783; x_wconf 72' lang='grc' dir='ltr'>οὕτω</span> <span class='ocrx_word' id='word_1_774' title='bbox 1146 5734 1239 5784; x_wconf 68' lang='grc' dir='ltr'>καὶ</span> <span class='ocrx_word' id='word_1_775' title='bbox 1275 5735 1302 5785; x_wconf 84' lang='grc' dir='ltr'><strong>ὁ</strong></span> <span class='ocrx_word' id='word_1_776' title='bbox 1336 5734 1508 5802; x_wconf 81' lang='grc' dir='ltr'>μέγας</span> <span class='ocrx_word' id='word_1_777' title='bbox 1543 5731 1708 5785; x_wconf 78' lang='grc' dir='ltr'>Δαϐὶδ</span> <span class='ocrx_word' id='word_1_778' title='bbox 1750 5734 1877 5785; x_wconf 82' lang='grc' dir='ltr'>ὐπο-</span> 
     </span>
    </p>
   </div>
   <div class='ocr_carea' id='block_1_107' title="bbox 319 5821 1873 5894">
    <p class='ocr_par' dir='ltr' id='par_1_107' title="bbox 319 5821 1873 5894">
     <span class='ocr_line' id='line_1_107' title="bbox 319 5821 1873 5894; baseline 0.002 -21"><span class='ocrx_word' id='word_1_779' title='bbox 319 5822 572 5894; x_wconf 73' lang='grc' dir='ltr'>φητεύων</span> <span class='ocrx_word' id='word_1_780' title='bbox 604 5821 682 5890; x_wconf 83' lang='grc' dir='ltr'><strong>τῷ</strong></span> <span class='ocrx_word' id='word_1_781' title='bbox 707 5822 1002 5891; x_wconf 76' lang='grc' dir='ltr'>Πνεῦματι,</span> <span class='ocrx_word' id='word_1_782' title='bbox 1031 5821 1171 5891; x_wconf 75' lang='grc' dir='ltr'>άπερ</span> <span class='ocrx_word' id='word_1_783' title='bbox 1225 5841 1282 5876; x_wconf 88' lang='grc' dir='ltr'><strong>τε</strong></span> <span class='ocrx_word' id='word_1_784' title='bbox 1322 5823 1531 5889; x_wconf 69' lang='grc' dir='ltr'>φθάσας</span> <span class='ocrx_word' id='word_1_785' title='bbox 1571 5822 1760 5893; x_wconf 80' lang='grc' dir='ltr'>ἔμαθε,</span> <span class='ocrx_word' id='word_1_786' title='bbox 1794 5824 1873 5876; x_wconf 75' lang='grc' dir='ltr'>δι-</span> 
     </span>
    </p>
   </div>
   <div class='ocr_carea' id='block_1_108' title="bbox 640 5918 1275 5981">
    <p class='ocr_par' dir='ltr' id='par_1_108' title="bbox 640 5918 1275 5981">
     <span class='ocr_line' id='line_1_108' title="bbox 640 5918 1275 5981; baseline 0.003 -4"><span class='ocrx_word' id='word_1_787' title='bbox 640 5918 911 5979; x_wconf 72' lang='grc' dir='ltr'>ΡΑτιιοι..</span> <span class='ocrx_word' id='word_1_788' title='bbox 958 5920 1051 5978; x_wconf 78' lang='lat' dir='ltr'><strong>Gn</strong></span> <span class='ocrx_word' id='word_1_789' title='bbox 1119 5920 1275 5981; x_wconf 78' lang='lat' dir='ltr'><strong>CVI.</strong></span> 
     </span>
    </p>
   </div>
   <div class='ocr_carea' id='block_1_109' title="bbox 1975 4626 3537 4701">
    <p class='ocr_par' dir='ltr' id='par_1_109' title="bbox 1975 4626 3537 4701">
     <span class='ocr_line' id='line_1_109' title="bbox 1975 4626 3537 4701; baseline 0.009 -24"><span class='ocrx_word' id='word_1_790' title='bbox 1975 4626 2427 4695; x_wconf 82' lang='lat' dir='ltr'><strong>signiﬁcationem</strong></span> <span class='ocrx_word' id='word_1_791' title='bbox 2486 4629 2855 4698; x_wconf 86' lang='lat' dir='ltr'><strong>diapsalmatis</strong></span> <span class='ocrx_word' id='word_1_792' title='bbox 2906 4631 3387 4701; x_wconf 88' lang='lat' dir='ltr'><strong>deprehendimus,</strong></span> <span class='ocrx_word' id='word_1_793' title='bbox 3479 4651 3537 4692; x_wconf 90' lang='lat' dir='ltr'><strong>ut</strong></span> 
     </span>
    </p>
   </div>
   <div class='ocr_carea' id='block_1_110' title="bbox 1977 4720 3540 4793">
    <p class='ocr_par' dir='ltr' id='par_1_110' title="bbox 1977 4720 3540 4793">
     <span class='ocr_line' id='line_1_110' title="bbox 1977 4720 3540 4793; baseline 0.007 -23"><span class='ocrx_word' id='word_1_794' title='bbox 1977 4720 2305 4787; x_wconf 87' lang='lat' dir='ltr'><strong>procedente</strong></span> <span class='ocrx_word' id='word_1_795' title='bbox 2369 4735 2434 4773; x_wconf 78' lang='lat' dir='ltr'><strong>ex</strong></span> <span class='ocrx_word' id='word_1_796' title='bbox 2494 4722 2687 4774; x_wconf 91' lang='lat' dir='ltr'><strong>ordine</strong></span> <span class='ocrx_word' id='word_1_797' title='bbox 2730 4730 2922 4785; x_wconf 79' lang='lat' dir='ltr'><strong>cantu,</strong></span> <span class='ocrx_word' id='word_1_798' title='bbox 2977 4724 3022 4777; x_wconf 84' lang='lat' dir='ltr'><strong>si</strong></span> <span class='ocrx_word' id='word_1_799' title='bbox 3083 4739 3188 4793; x_wconf 88' lang='lat' dir='ltr'><strong>qua</strong></span> <span class='ocrx_word' id='word_1_800' title='bbox 3238 4742 3375 4779; x_wconf 80' lang='lat' dir='ltr'><strong>nova</strong></span> <span class='ocrx_word' id='word_1_801' title='bbox 3405 4732 3540 4781; x_wconf 82' lang='lat' dir='ltr'><strong>vati-</strong></span> 
     </span>
    </p>
   </div>
   <div class='ocr_carea' id='block_1_111' title="bbox 1974 4810 3534 4883">
    <p class='ocr_par' dir='ltr' id='par_1_111' title="bbox 1974 4810 3534 4883">
     <span class='ocr_line' id='line_1_111' title="bbox 1974 4810 3534 4883; baseline 0.004 -21"><span class='ocrx_word' id='word_1_802' title='bbox 1974 4810 2180 4864; x_wconf 84' lang='lat' dir='ltr'><strong>cinanti</strong></span> <span class='ocrx_word' id='word_1_803' title='bbox 2212 4811 2481 4865; x_wconf 85' lang='lat' dir='ltr'><strong>accideret</strong></span> <span class='ocrx_word' id='word_1_804' title='bbox 2514 4814 2682 4867; x_wconf 85' lang='lat' dir='ltr'><strong>divini</strong></span> <span class='ocrx_word' id='word_1_805' title='bbox 2716 4814 2952 4883; x_wconf 76' lang='lat' dir='ltr'><strong>Spiritus</strong></span> <span class='ocrx_word' id='word_1_806' title='bbox 2978 4816 3309 4870; x_wconf 88' lang='lat' dir='ltr'><strong>illuminatio</strong></span> <span class='ocrx_word' id='word_1_807' title='bbox 3336 4828 3389 4870; x_wconf 91' lang='lat' dir='ltr'><strong>et</strong></span> <span class='ocrx_word' id='word_1_808' title='bbox 3443 4835 3490 4871; x_wconf 65' lang='lat' dir='ltr'><strong>ai</strong></span> <span class='ocrx_word' id='word_1_809' title='bbox 3511 4849 3534 4861; x_wconf 78' lang='grc' dir='ltr'><strong><em>ο</em></strong></span> 
     </span>
    </p>
   </div>
   <div class='ocr_carea' id='block_1_112' title="bbox 1974 4904 3526 4979">
    <p class='ocr_par' dir='ltr' id='par_1_112' title="bbox 1974 4904 3526 4979">
     <span class='ocr_line' id='line_1_112' title="bbox 1974 4904 3526 4979; baseline 0.005 -23"><span class='ocrx_word' id='word_1_810' title='bbox 1974 4905 2149 4957; x_wconf 90' lang='lat' dir='ltr'><strong>cessio</strong></span> <span class='ocrx_word' id='word_1_811' title='bbox 2175 4904 2358 4973; x_wconf 74' lang='lat' dir='ltr'><strong>gratia:</strong></span> <span class='ocrx_word' id='word_1_812' title='bbox 2389 4906 2736 4960; x_wconf 83' lang='lat' dir='ltr'><strong>revelationis</strong></span> <span class='ocrx_word' id='word_1_813' title='bbox 2758 4948 2770 4969; x_wconf 92' lang='lat'><strong>,</strong></span> <span class='ocrx_word' id='word_1_814' title='bbox 2803 4908 2855 4960; x_wconf 92' lang='lat' dir='ltr'><strong>in</strong></span> <span class='ocrx_word' id='word_1_815' title='bbox 2888 4924 3047 4961; x_wconf 91' lang='lat' dir='ltr'><strong>usum</strong></span> <span class='ocrx_word' id='word_1_816' title='bbox 3071 4924 3261 4962; x_wconf 90' lang='lat' dir='ltr'><strong>eorum</strong></span> <span class='ocrx_word' id='word_1_817' title='bbox 3292 4912 3384 4979; x_wconf 92' lang='lat' dir='ltr'><strong>qui</strong></span> <span class='ocrx_word' id='word_1_818' title='bbox 3408 4929 3526 4964; x_wconf 52' lang='lat' dir='ltr'><strong>aus-</strong></span> 
     </span>
    </p>
   </div>
   <div class='ocr_carea' id='block_1_113' title="bbox 1974 4996 3537 5072">
    <p class='ocr_par' dir='ltr' id='par_1_113' title="bbox 1974 4996 3537 5072">
     <span class='ocr_line' id='line_1_113' title="bbox 1974 4996 3537 5072; baseline 0.005 -25"><span class='ocrx_word' id='word_1_819' title='bbox 1974 4996 2245 5048; x_wconf 84' lang='lat' dir='ltr'><strong>cultarcnt</strong></span> <span class='ocrx_word' id='word_1_820' title='bbox 2270 4997 2632 5066; x_wconf 86' lang='lat' dir='ltr'><strong>prophetiam,</strong></span> <span class='ocrx_word' id='word_1_821' title='bbox 2666 4999 2754 5052; x_wconf 92' lang='lat' dir='ltr'><strong>ille</strong></span> <span class='ocrx_word' id='word_1_822' title='bbox 2781 4999 3007 5053; x_wconf 85' lang='lat' dir='ltr'><strong>inhibita</strong></span> <span class='ocrx_word' id='word_1_823' title='bbox 3038 5016 3169 5054; x_wconf 90' lang='lat' dir='ltr'><strong>voce</strong></span> <span class='ocrx_word' id='word_1_824' title='bbox 3199 5011 3413 5072; x_wconf 85' lang='lat' dir='ltr'><strong>tempus</strong></span> <span class='ocrx_word' id='word_1_825' title='bbox 3444 5008 3537 5055; x_wconf 73' lang='lat' dir='ltr'><strong>do-</strong></span> 
     </span>
    </p>
   </div>
   <div class='ocr_carea' id='block_1_114' title="bbox 1975 5078 3538 5159">
    <p class='ocr_par' dir='ltr' id='par_1_114' title="bbox 1975 5078 3538 5159">
     <span class='ocr_line' id='line_1_114' title="bbox 1975 5078 3538 5159; baseline 0.006 -21"><span class='ocrx_word' id='word_1_826' title='bbox 1975 5086 2115 5139; x_wconf 87' lang='lat' dir='ltr'><strong>derit</strong></span> <span class='ocrx_word' id='word_1_827' title='bbox 2160 5087 2343 5139; x_wconf 90' lang='lat' dir='ltr'><strong>animo</strong></span> <span class='ocrx_word' id='word_1_828' title='bbox 2402 5078 2533 5150; x_wconf 77' lang='lat' dir='ltr'><strong>suo,</strong></span> <span class='ocrx_word' id='word_1_829' title='bbox 2609 5089 2675 5142; x_wconf 84' lang='lat' dir='ltr'><strong>ad</strong></span> <span class='ocrx_word' id='word_1_830' title='bbox 2739 5091 3144 5159; x_wconf 88' lang='lat' dir='ltr'><strong>percipiendum</strong></span> <span class='ocrx_word' id='word_1_831' title='bbox 3208 5093 3538 5149; x_wconf 83' lang='lat' dir='ltr'><strong>intellectum</strong></span> 
     </span>
    </p>
   </div>
   <div class='ocr_carea' id='block_1_115' title="bbox 1976 5178 3542 5249">
    <p class='ocr_par' dir='ltr' id='par_1_115' title="bbox 1976 5178 3542 5249">
     <span class='ocr_line' id='line_1_115' title="bbox 1976 5178 3542 5249; baseline 0.006 -18"><span class='ocrx_word' id='word_1_832' title='bbox 1976 5178 2390 5248; x_wconf 75' lang='lat' dir='ltr'><strong>cogitationum,</strong></span> <span class='ocrx_word' id='word_1_833' title='bbox 2416 5195 2553 5249; x_wconf 91' lang='lat' dir='ltr'><strong>quas</strong></span> <span class='ocrx_word' id='word_1_834' title='bbox 2582 5180 2908 5236; x_wconf 87' lang='lat' dir='ltr'><strong>illuminatio</strong></span> <span class='ocrx_word' id='word_1_835' title='bbox 2936 5182 3117 5235; x_wconf 87' lang='lat' dir='ltr'><strong>divina</strong></span> <span class='ocrx_word' id='word_1_836' title='bbox 3142 5184 3193 5236; x_wconf 94' lang='lat' dir='ltr'><strong>in</strong></span> <span class='ocrx_word' id='word_1_837' title='bbox 3216 5185 3307 5238; x_wconf 82' lang='lat' dir='ltr'><strong>illo</strong></span> <span class='ocrx_word' id='word_1_838' title='bbox 3330 5188 3508 5241; x_wconf 74' lang='lat' dir='ltr'><strong>excita</strong></span> <span class='ocrx_word' id='word_1_839' title='bbox 3527 5218 3542 5228; x_wconf 85' lang='lat'><strong>-</strong></span> 
     </span>
    </p>
   </div>
   <div class='ocr_carea' id='block_1_116' title="bbox 1978 5271 3541 5343">
    <p class='ocr_par' dir='ltr' id='par_1_116' title="bbox 1978 5271 3541 5343">
     <span class='ocr_line' id='line_1_116' title="bbox 1978 5271 3541 5343; baseline 0.003 -19"><span class='ocrx_word' id='word_1_840' title='bbox 1978 5271 2090 5324; x_wconf 82' lang='lat' dir='ltr'><strong>hat.</strong></span> <span class='ocrx_word' id='word_1_841' title='bbox 2121 5271 2234 5325; x_wconf 85' lang='lat' dir='ltr'><strong>Non</strong></span> <span class='ocrx_word' id='word_1_842' title='bbox 2271 5288 2431 5326; x_wconf 88' lang='lat' dir='ltr'><strong>secus</strong></span> <span class='ocrx_word' id='word_1_843' title='bbox 2490 5284 2653 5343; x_wconf 86' lang='lat' dir='ltr'><strong>atque</strong></span> <span class='ocrx_word' id='word_1_844' title='bbox 2684 5275 2863 5327; x_wconf 87' lang='lat' dir='ltr'><strong>solent</strong></span> <span class='ocrx_word' id='word_1_845' title='bbox 2886 5276 2978 5343; x_wconf 91' lang='lat' dir='ltr'><strong>qui</strong></span> <span class='ocrx_word' id='word_1_846' title='bbox 3019 5275 3162 5329; x_wconf 88' lang='lat' dir='ltr'><strong>inter</strong></span> <span class='ocrx_word' id='word_1_847' title='bbox 3191 5291 3249 5329; x_wconf 91' lang='lat' dir='ltr'><strong>se</strong></span> <span class='ocrx_word' id='word_1_848' title='bbox 3276 5277 3541 5330; x_wconf 79' lang='lat' dir='ltr'><strong>confabu-</strong></span> 
     </span>
    </p>
   </div>
   <div class='ocr_carea' id='block_1_117' title="bbox 1977 5361 3535 5436">
    <p class='ocr_par' dir='ltr' id='par_1_117' title="bbox 1977 5361 3535 5436">
     <span class='ocr_line' id='line_1_117' title="bbox 1977 5361 3535 5436; baseline 0.005 -22"><span class='ocrx_word' id='word_1_849' title='bbox 1977 5361 2197 5427; x_wconf 89' lang='lat' dir='ltr'><strong>lautur,</strong></span> <span class='ocrx_word' id='word_1_850' title='bbox 2236 5365 2279 5417; x_wconf 92' lang='lat' dir='ltr'><strong>si</strong></span> <span class='ocrx_word' id='word_1_851' title='bbox 2324 5363 2450 5433; x_wconf 92' lang='lat' dir='ltr'><strong>quis</strong></span> <span class='ocrx_word' id='word_1_852' title='bbox 2500 5380 2668 5418; x_wconf 92' lang='lat' dir='ltr'><strong>sonus</strong></span> <span class='ocrx_word' id='word_1_853' title='bbox 2701 5366 2918 5434; x_wconf 80' lang='lat' dir='ltr'><strong>gravior</strong></span> <span class='ocrx_word' id='word_1_854' title='bbox 2957 5380 3121 5420; x_wconf 89' lang='lat' dir='ltr'><strong>aures</strong></span> <span class='ocrx_word' id='word_1_855' title='bbox 3162 5371 3535 5436; x_wconf 82' lang='lat' dir='ltr'><strong>percusserit,</strong></span> 
     </span>
    </p>
   </div>
   <div class='ocr_carea' id='block_1_118' title="bbox 1977 5457 3535 5525">
    <p class='ocr_par' dir='ltr' id='par_1_118' title="bbox 1977 5457 3535 5525">
     <span class='ocr_line' id='line_1_118' title="bbox 1977 5457 3535 5525; baseline 0.004 -18"><span class='ocrx_word' id='word_1_856' title='bbox 1977 5457 2182 5510; x_wconf 89' lang='lat' dir='ltr'><strong>omisso</strong></span> <span class='ocrx_word' id='word_1_857' title='bbox 2218 5471 2468 5510; x_wconf 86' lang='lat' dir='ltr'><strong>sermone</strong></span> <span class='ocrx_word' id='word_1_858' title='bbox 2493 5498 2506 5521; x_wconf 92' lang='lat'><strong>,</strong></span> <span class='ocrx_word' id='word_1_859' title='bbox 2551 5460 2616 5511; x_wconf 92' lang='lat' dir='ltr'><strong>ad</strong></span> <span class='ocrx_word' id='word_1_860' title='bbox 2651 5473 2844 5512; x_wconf 93' lang='lat' dir='ltr'><strong>sonum</strong></span> <span class='ocrx_word' id='word_1_861' title='bbox 2887 5460 3127 5514; x_wconf 84' lang='lat' dir='ltr'><strong>animum</strong></span> <span class='ocrx_word' id='word_1_862' title='bbox 3175 5472 3535 5525; x_wconf 83' lang='lat' dir='ltr'><strong>convertunt,</strong></span> 
     </span>
    </p>
   </div>
   <div class='ocr_carea' id='block_1_119' title="bbox 1979 5549 3536 5619">
    <p class='ocr_par' dir='ltr' id='par_1_119' title="bbox 1979 5549 3536 5619">
     <span class='ocr_line' id='line_1_119' title="bbox 1979 5549 3536 5619; baseline 0.004 -19"><span class='ocrx_word' id='word_1_863' title='bbox 1979 5549 2257 5616; x_wconf 86' lang='lat' dir='ltr'><strong>otiumque</strong></span> <span class='ocrx_word' id='word_1_864' title='bbox 2281 5549 2505 5602; x_wconf 84' lang='lat' dir='ltr'><strong>auribus</strong></span> <span class='ocrx_word' id='word_1_865' title='bbox 2539 5565 2633 5619; x_wconf 87' lang='lat' dir='ltr'><strong>per</strong></span> <span class='ocrx_word' id='word_1_866' title='bbox 2661 5551 2937 5606; x_wconf 78' lang='lat' dir='ltr'><strong>silentium</strong></span> <span class='ocrx_word' id='word_1_867' title='bbox 2970 5552 3231 5615; x_wconf 64' lang='lat' dir='ltr'><strong>pratbcnt,</strong></span> <span class='ocrx_word' id='word_1_868' title='bbox 3260 5555 3323 5605; x_wconf 84' lang='lat' dir='ltr'><strong>ad</strong></span> <span class='ocrx_word' id='word_1_869' title='bbox 3379 5554 3536 5607; x_wconf 81' lang='lat' dir='ltr'><strong>intel-</strong></span> 
     </span>
    </p>
   </div>
   <div class='ocr_carea' id='block_1_120' title="bbox 1982 5640 3533 5711">
    <p class='ocr_par' dir='ltr' id='par_1_120' title="bbox 1982 5640 3533 5711">
     <span class='ocr_line' id='line_1_120' title="bbox 1982 5640 3533 5711; baseline 0.004 -20"><span class='ocrx_word' id='word_1_870' title='bbox 1982 5640 2249 5707; x_wconf 72' lang='lat' dir='ltr'><strong>ligendam</strong></span> <span class='ocrx_word' id='word_1_871' title='bbox 2310 5650 2505 5696; x_wconf 80' lang='lat' dir='ltr'><strong>cantus</strong></span> <span class='ocrx_word' id='word_1_872' title='bbox 2563 5643 3056 5711; x_wconf 80' lang='lat' dir='ltr'><strong>signiﬁcationem;</strong></span> <span class='ocrx_word' id='word_1_873' title='bbox 3100 5659 3224 5697; x_wconf 84' lang='lat' dir='ltr'><strong>mox</strong></span> <span class='ocrx_word' id='word_1_874' title='bbox 3260 5659 3389 5697; x_wconf 78' lang='lat' dir='ltr'><strong>vero</strong></span> <span class='ocrx_word' id='word_1_875' title='bbox 3417 5664 3533 5699; x_wconf 84' lang='lat' dir='ltr'><strong>ces-</strong></span> 
     </span>
    </p>
   </div>
   <div class='ocr_carea' id='block_1_121' title="bbox 1983 5738 3543 5805">
    <p class='ocr_par' dir='ltr' id='par_1_121' title="bbox 1983 5738 3543 5805">
     <span class='ocr_line' id='line_1_121' title="bbox 1983 5738 3543 5805; baseline -0.001 -17"><span class='ocrx_word' id='word_1_876' title='bbox 1983 5746 2136 5789; x_wconf 88' lang='lat' dir='ltr'><strong>sante</strong></span> <span class='ocrx_word' id='word_1_877' title='bbox 2164 5745 2379 5789; x_wconf 68' lang='lat' dir='ltr'><strong>cautim]</strong></span> <span class='ocrx_word' id='word_1_878' title='bbox 2413 5752 2543 5790; x_wconf 84' lang='lat' dir='ltr'><strong>voce</strong></span> <span class='ocrx_word' id='word_1_879' title='bbox 2577 5752 2770 5791; x_wconf 91' lang='lat' dir='ltr'><strong>rursus</strong></span> <span class='ocrx_word' id='word_1_880' title='bbox 2800 5738 3136 5805; x_wconf 85' lang='lat' dir='ltr'><strong>colloquium</strong></span> <span class='ocrx_word' id='word_1_881' title='bbox 3161 5746 3408 5805; x_wconf 74' lang='lat' dir='ltr'><strong>repetunt</strong></span> <span class='ocrx_word' id='word_1_882' title='bbox 3458 5738 3543 5787; x_wconf 71' lang='grc' dir='ltr'><strong>ςε-</strong></span> 
     </span>
    </p>
   </div>
   <div class='ocr_carea' id='block_1_122' title="bbox 1983 5826 3541 5897">
    <p class='ocr_par' dir='ltr' id='par_1_122' title="bbox 1983 5826 3541 5897">
     <span class='ocr_line' id='line_1_122' title="bbox 1983 5826 3541 5897; baseline 0.003 -19"><span class='ocrx_word' id='word_1_883' title='bbox 1983 5826 2205 5879; x_wconf 87' lang='lat' dir='ltr'><strong>millimc</strong></span> <span class='ocrx_word' id='word_1_884' title='bbox 2240 5841 2467 5894; x_wconf 79' lang='lat' dir='ltr'><strong>magnus</strong></span> <span class='ocrx_word' id='word_1_885' title='bbox 2502 5828 2665 5883; x_wconf 83' lang='lat' dir='ltr'><strong>David</strong></span> <span class='ocrx_word' id='word_1_886' title='bbox 2699 5844 2881 5883; x_wconf 82' lang='lat' dir='ltr'><strong>vocem</strong></span> <span class='ocrx_word' id='word_1_887' title='bbox 2910 5829 3321 5883; x_wconf 76' lang='lat' dir='ltr'><strong>accommodant</strong></span> <span class='ocrx_word' id='word_1_888' title='bbox 3362 5827 3541 5897; x_wconf 86' lang='lat' dir='ltr'><strong>Spiri-</strong></span> 
     </span>
    </p>
   </div>
   <div class='ocr_carea' id='block_1_123' title="bbox 3125 5922 3199 5979">
    <p class='ocr_par' dir='ltr' id='par_1_123' title="bbox 3125 5922 3199 5979">
     <span class='ocr_line' id='line_1_123' title="bbox 3125 5922 3199 5979; baseline 0 0"><span class='ocrx_word' id='word_1_889' title='bbox 3125 5922 3199 5979; x_wconf 63' lang='lat' dir='ltr'><strong>3’s</strong></span> 
     </span>
    </p>
   </div>
  </div>
