4232 6434
772 346 904 409 1067

1480 347 1871 409 OPUSCULA
1911 348 2547 409 SCRIPTURISTICA
2588 350 2940 414 INCERT/E
2970 355 3279 416 JETATIS.

3878 356 4011 419 1068

768 462 842 513 lt;i
876 468 1089 522 sancto,
1126 475 1355 531 qumque
1386 460 1671 527 didicerat,
1707 460 1837 514 dum
1872 461 2145 527 cantionis
2176 477 2341 531 argu-
2374 466 2418 521 Α

2374 466 2418 521 Α
2446 464 2591 535 εξῄει
2615 469 2681 535 τῇ
2745 465 2982 537 μελῳδίᾳ
3001 484 3013 496 ·
3042 467 3134 519 καὶ
3165 468 3219 520 εί
3241 484 3293 518 τι
3337 465 3540 536 μεταξὺ
3566 466 3739 535 λέγων
3767 468 4012 523 ὲπεδιδά-

764 558 1008 603 mentum
1039 550 1224 604 animo
1267 550 1655 619 praecipiebat,
1699 550 1943 605 carmine
1993 553 2245 620 exponit;
2281 563 2336 607 et

2440 573 2616 621 σκετο,
2644 557 2862 626 ὑπέχων
2895 558 2991 627 τὴν
3027 557 3130 626 τῆς
3162 558 3340 628 ψυχῆς
3380 557 3552 627 ἀκοὴν
3578 559 3657 628 τῷ
3715 560 4009 627 πνεύματι,

763 641 807 692 si
853 640 983 709 quid
1023 642 1160 694 inter
1194 640 1499 695 canendum
1534 642 1768 711 amplius
1810 642 2160 711 percipiebat,
2194 643 2336 698 initi-

765 734 877 785 hita
933 731 1216 786 harmonia
1266 748 1429 789 aures
1480 734 1795 791 advertebat
1838 736 2066 807 Spiritui
2104 748 2332 805 sancto,

764 825 935 891 perite
965 823 1303 889 succinenti,
1352 834 1412 879 ut
1454 826 1654 896 quibus
1686 827 1890 883 interea
1935 828 2334 883 sensihuS'im-

763 916 937 984 pletus
983 914 1161 969 fuerat
1188 957 1202 979 ,
1230 917 1352 972 illos
1379 917 1559 972 denuo
1576 920 1891 989 explicaret.
1914 919 2009 974 Est
2036 920 2199 988 igitur
2216 919 2338 974 dia-

760 1009 969 1078 psalma
991 1009 1132 1063 inter
1148 1011 1477 1074 canendum,
1516 1020 1679 1080 atque
1710 1012 1763 1065 in
1797 1012 1914 1081 ipso
1933 1012 2198 1066 orationis
2228 1010 2331 1065 llu-

760 1102 906 1155 mine
938 1102 1120 1157 subito
1171 1104 1308 1157 facta
1361 1118 1528 1172 pausa
1565 1104 1631 1157 ad
1680 1102 2081 1172 perceptionem
2123 1106 2332 1173 cogita-

760 1195 926 1249 tionis
954 1194 1215 1248 divinitus
1249 1194 1601 1261 interpositae.
1634 1194 1747 1248 Aut
1778 1194 2081 1261 diapsalnta
2110 1203 2192 1249 est
2231 1197 2332 1250 do-

761 1286 936 1339 ctrina
975 1285 1234 1354 Spiritus,
1271 1286 1486 1338 occulte
1511 1286 1905 1353 superveniens
1928 1287 2111 1339 animo
2134 1326 2148 1347 ,
2179 1286 2329 1355 ejus-

761 1393 867 1446 que
930 1378 1075 1431 circa
1143 1376 1528 1446 cogitationem
1576 1376 1824 1429 eamdem
1874 1376 2186 1438 intentioni,
2219 1393 2326 1446 qua

760 1470 929 1521 surics
962 1467 1350 1521 modulationis
1390 1467 1750 1535 abrumpitur.
1796 1465 1871 1521 Ne
1899 1479 2080 1522 tamen
2129 1469 2327 1537 vulgus

759 1568 1005 1612 autumet
1038 1560 1314 1614 silentium
1357 1560 1488 1613 illud
1525 1561 1739 1629 signum
1780 1574 1934 1623 esse,
1984 1560 2129 1629 quod
2158 1561 2330 1615 virtus

2440 643 2617 705 καλῶς
2656 645 2957 714 ὲνηχοῦντι,
2985 645 3077 698 καὶ
3109 648 3492 714 κατασιγάζων
3517 647 3579 700 τὸ
3613 647 3796 717 μέλος,
3824 643 3902 702 ὧν
3936 646 4006 704 αὖ

2438 736 2649 807 πλήρης
2676 736 2904 804 ἐγίνετο,
2932 737 3103 790 ταῦτα
3141 738 3305 791 πάλιν
3342 739 3565 809 διεξῄει.
3599 740 3787 793 Ἔστιν
3811 740 3906 793 οὖν
3954 742 4015 793 τὸ

2439 827 2715 898 διάψαλμα
2748 829 2949 899 μεταξὺ
2991 830 3089 897 τῆς
3120 824 3438 900 ψαλμιρδίας
3471 833 3729 902 γινομένη
3778 832 3924 885 κατὰ
3952 832 4015 885 τὸ

2436 920 2630 992 ἁθρόον
2648 923 3007 994 ύπηρέτησις,
3045 921 3179 991 πρὸς
3202 920 3468 991 ὑποδοχὴν
3484 922 3576 974 τοῦ
3608 922 3796 975 θεόθεν
3826 923 4015 975 ἔπεισι

2435 1014 2756 1084 κρινομένου
2802 1014 3093 1084 νοήματος.
3130 1013 3203 1066 Ἢ
3244 1012 3522 1083 διάψαλμά
3572 1014 3719 1067 ἔστιν
3756 1013 4015 1066 διδασκα-

2433 1106 2521 1159 λία
2546 1104 2640 1157 τοῦ
2681 1105 3017 1171 Πνεύματος,
3046 1108 3111 1175 τῇ
3144 1106 3289 1176 ψυχῇ
3316 1104 3456 1159 κατὰ
3485 1105 3546 1158 τὸ
3574 1106 3884 1175 ἀπόρρητον
3919 1105 4012 1171 ἐγ-

2435 1196 2724 1266 γινομένη,
2754 1196 2852 1265 τῆς
2899 1196 3027 1265 περὶ
3066 1196 3127 1249 τὸ
3182 1197 3360 1266 νόημα
3402 1196 3561 1249 τοῦτο
3621 1195 3921 1263 προσοχῆς,
3950 1194 4013 1245 τὸ

2436 1288 2653 1357 συνεχὲς
2700 1286 2799 1355 τῆς
2854 1287 3119 1357 μελῳδίας
3167 1287 3627 1357 περικοπτούσης.
3665 1286 3780 1337 Ἵνα
3824 1285 3881 1337 δὲ
3934 1286 4011 1353 μὴ

2434 1382 2797 1448 νομίσωσινοὶ
2845 1381 3052 1445 πολλοὶ,
3083 1383 3164 1435 ὅτι
3196 1382 3229 1450 ἡ
3276 1379 3456 1451 σιωπὴ
3492 1381 3721 1449 σημεῖόν
3744 1379 3865 1431 ἐστι
3913 1376 4009 1431 τοῦ

2435 1472 2831 1526 ἐπιλελοιπέναι
2852 1472 2942 1525 τὸν
2965 1472 3376 1542 προφητεύοντα
3401 1472 3500 1540 τὴν
3524 1470 3621 1523 τοῦ
3652 1470 3813 1538 ἁγίου
3837 1469 4011 1522 Πνεῦ-

2438 1578 2606 1630 ματος
2651 1562 2898 1632 δύναμιν,
2929 1563 3119 1615 τούτου
3152 1564 3316 1634 χάριν
3366 1562 3513 1625 τινὲς
3546 1561 3655 1614 τῶν
3695 1561 4008 1631 ἑρμηνέων,

760 1652 999 1721 Spiritus
1018 1654 1192 1706 sancti
1241 1652 1621 1706 vaticinantem
1667 1652 1999 1715 destituerit,
2037 1653 2160 1707 ideo
2187 1668 2330 1708 non-

2433 1653 2553 1708 ἀντὶ
2586 1653 2681 1707 τοῦ
2726 1654 3099 1725 διαψὰλματος
3126 1655 3189 1708 τὸ
3216 1654 3304 1707 ἀεὶ
3332 1657 3447 1717 τοῖς
3492 1652 3853 1723 διαλείμμασι
3881 1653 4007 1705 τού-

765 1746 896 1796 nulli
944 1745 1301 1812 interpretum
1363 1758 1464 1813 pro
1504 1744 1866 1811 diapsalmate
1903 1745 2329 1801 continuationis
2360 1764 2436 1816 ,ιι

2360 1802 2400 1816 _
2430 1761 2540 1807 τοις
2571 1745 2939 1816 ἐγγράφουσιν
2967 1761 2982 1775 ο
3019 1746 3095 1811 ὼς
3114 1746 3181 1799 ἂν
3217 1745 3305 1798 διὰ
3334 1749 3526 1799 τούτου
3562 1744 3847 1814 μάθωμεν,
3868 1746 4006 1814 ὅτιή

761 1844 942 1886 notatn
1012 1834 1319 1888 inscribunt
1370 1834 1678 1891 intervallis
1739 1852 1752 1900 ;
1815 1844 1876 1890 ut
1918 1836 2022 1891 hoc
2082 1837 2323 1892 maxime

760 1926 922 1979 modo
977 1926 1256 1980 discamus
1297 1928 1469 1981 sancti
1549 1927 1769 1997 quidem
1818 1927 2054 1997 Spiritus
2097 1930 2329 1999 gratiam

760 2015 946 2067 nullibi
994 2016 1225 2067 deiicere
1248 2031 1277 2076 ;.
1301 2025 1560 2071 czeterum
1596 2032 1903 2072 sermonem
1928 2058 1943 2082 ,
1986 2019 2329 2087 interpretem

756 2108 1015 2172 illorum,
1053 2121 1173 2177 quae
1199 2107 1464 2164 divinitus
1496 2110 1683 2164 animo
1715 2110 1990 2177 incidunt,
2028 2110 2325 2179 aliquando

756 2200 1009 2254 haesitare
1064 2217 1077 2251 :
1117 2208 1281 2269 atque
1325 2199 1433 2254 alia
1478 2199 1698 2270 quidem
1760 2203 1961 2256 mentis
1994 2200 2167 2266 eﬂ‘ari,
2222 2202 2327 2257 alia

752 2293 1027 2361 excipere.
1069 2292 1244 2358 Atque
1294 2291 1467 2345 donec
1518 2289 1720 2345 eii‘atur
1772 2305 2003 2355 sensus,
2038 2292 2131 2361 qui
2167 2292 2326 2345 intel-

752 2385 917 2438 ιιτοιυί
979 2382 1395 2453 imprimuntur,
1454 2381 1648 2437 ordine
1696 2382 1939 2437 succedit
1995 2381 2324 2449 modulatio;

751 2478 968 2548 quoties
1012 2486 1194 2531 autem
1266 2475 1557 2530 sublimius
1603 2483 1659 2529 et
1703 2475 1946 2531 divinius
1981 2476 2112 2547 quid
2166 2489 2329 2531 aures

753 2572 950 2626 mentis
992 2571 1401 2635 circumsonat,
1450 2570 1682 2625 inhibito
1714 2572 1913 2634 cantu',
1961 2580 2115 2626 totus
2144 2579 2227 2625 est
2272 2571 2326 2623 in

752 2661 1043 2716 audiendo.
1100 2660 1351 2715 lnternus
1434 2659 1599 2731 igitur
1667 2661 1841 2716 sancti
1921 2658 2179 2730 Spiritus,
2234 2659 2327 2713 illo

753 2758 874 2825 ipso
937 2753 1147 2808 silentii
1215 2763 1461 2822 tempore
1522 2754 1575 2807 in
1637 2752 1729 2808 illo
1784 2753 2095 2823 loquentis,
2143 2767 2326 2808 sermo

750 2849 915 2902 etiam
955 2845 1242 2900 intervalla
1291 2844 1381 2898 illa
1427 2845 1801 2900 continuabat.
1840 2843 2190 2899 Intervallum
2225 2858 2327 2898 au-

749 2953 854 2995 tem
906 2942 1084 3008 ipsum
1135 2936 1527 3007 interpretibus
1579 2937 1881 3007 diapsalma
1913 2944 2166 2992 vocatum
2209 2945 2315 2990 est.

750 3034 1063 3103 ltiapsalma
1115 3040 1296 3086 tamen
1352 3045 1459 3084 non
1514 3044 1764 3100 pausam,
1801 3030 1896 3085 sed
1944 3028 2324 3099 inspirationis

2434 1836 2535 1902 μὲν
2582 1837 2675 1889 τοῦ
2725 1837 2884 1905 ἁγίου
2922 1838 3243 1908 Πνεύματος
3275 1841 3435 1910 χάρις
3483 1839 3713 1892 πάντοτε
3740 1831 3847 1909 ἦν·
3880 1838 3911 1889 6
3951 1838 4008 1891 δὲ

2432 1928 2749 1998 ἑρμηνεύων
2774 1930 2840 1982 τὰ
2894 1931 3218 2000 ὲγγινόμενα
3250 1930 3435 1983 θεόθεν
3482 1933 3550 2001 τῇ
3581 1930 3725 2000 ψυχῇ
3757 1930 4009 2000 νοήματα

2431 2018 2607 2086 λόγος,
2638 2021 2699 2073 ού
2726 2021 2954 2075 πάντοτε
2975 2017 3043 2093 ἦν
3066 2037 3080 2053 ⁶
3111 2022 3248 2077 ἀλλὰ
3277 2023 3338 2076 τὸ
3373 2024 3472 2093 μὲν
3491 2022 3749 2090 ὲξεφὼνει
3766 2025 3869 2091 τῆς
3894 2023 4010 2075 δια-

2430 2112 2597 2175 νοῐας,
2635 2111 2697 2165 τὺ
2719 2112 2776 2166 δὲ
2805 2114 3110 2183 ὑπεδέχετο.
3151 2114 3240 2167 Ἑν
3264 2108 3308 2182 ᾧ
3344 2114 3443 2181 μὲν
3482 2113 3591 2184 γὰρ
3616 2113 3911 2183 ἐξηγόρευε
3942 2114 4009 2167 τὰ

2430 2203 2809 2259 ἐντυπωθέντα
2866 2208 2931 2275 τῇ
2981 2206 3192 2276 διανοίᾳ
3232 2207 3504 2277 νοήματα,
3533 2206 3729 2277 προῄει
3751 2205 3819 2258 δι’
3879 2206 4008 2259 ἀκο-

2428 2294 2619 2349 λούθου
2657 2296 3023 2367 ἠψαλμῳδίαο
3055 2298 3103 2350 εί
3149 2298 3208 2351 δέ
3239 2315 3291 2350 τι
3314 2297 3424 2350 τῶν
3469 2297 3756 2367 θειοτέρων
3786 2300 3886 2367 τὴν
3909 2300 4006 2365 τῆς

2428 2388 2604 2459 ψυχῆς
2643 2390 2810 2460 ἀκοὴν
2849 2390 3203 2460 περιήχησεν,
3234 2390 3356 2454 ὅλος
3408 2390 3507 2458 τῆς
3552 2390 3873 2459 ἀκροάσεως
3914 2385 4003 2458 ἦν,

2430 2481 2815 2549 κατασιγάζων
2848 2482 2907 2535 τὸ
2943 2482 3122 2552 μέλος.
3175 2483 3285 2535 Ἀεὶ
3309 2484 3489 2535 τοίνυν
3511 2481 3606 2535 τοῦ
3638 2482 3798 2549 ἁγίου
3830 2481 4002 2534 Πνεῦ-

2431 2591 2618 2642 ματος,
2649 2575 2743 2627 καὶ
2795 2574 2945 2644 ταρὰ
2985 2575 3077 2627 τὸν
3117 2574 3219 2645 τῆς
3257 2576 3469 2642 σιωπῆς
3500 2573 3711 2645 καιρὸν,
3738 2574 3799 2625 ὲν
3855 2572 4003 2643 αὐτῷ

2427 2666 2715 2728 λαλοῦντος
2762 2667 2791 2719 6
2818 2667 2974 2734 λόγος
3013 2670 3071 2720 ὲν
3126 2666 3513 2737 διαλείμμασιν
3538 2661 3610 2737 ἦν
3637 2682 3653 2697 ’
3689 2666 3749 2719 τὸ
3793 2666 3851 2719 δὲ
3884 2666 4002 2717 διὰ-

2428 2758 2635 2828 λειμμα
2683 2759 2835 2828 παρὰ
2880 2758 2990 2811 τῶν
3039 2758 3327 2829 ἑρμηνέων
3351 2757 3644 2829 ὠνομάσθη
3696 2756 4000 2827 διάψαλμα.

2429 2850 2551 2903 Ὅτι
2598 2850 2654 2903 δὲ
2695 2850 2971 2918 θειοτέρας
3012 2851 3298 2914 ἐπιπνοίας
3340 2850 3591 2914 ἐπίτασις
3635 2851 3754 2903 ἐστι
3782 2848 3845 2902 τὸ
3885 2849 4001 2902 διά-

2429 2943 2639 3013 ψαλμα,
2667 2943 2914 2996 ἐντεῦθεν
2964 2943 3031 2997 ἄν
3078 2960 3161 3005 τις
3210 2942 3440 2997 κατίδοι.
3478 2944 3567 2997 Ἐν
3592 2943 3703 3012 γὰρ
3742 2944 3812 3012 τῇ
3858 2943 4000 3011 ἀρχῇ

2431 3033 2523 3086 τοῦ
2554 3034 2740 3104 τρίτου
2768 3033 2986 3103 ψαλμοῦ
3019 3033 3117 3097 τὰς
3164 3034 3372 3097 οἰκείας
3427 3033 3714 3105 συμφορὰς
3756 3035 3786 3085 6
3842 3032 4004 3085 Δασιδ

749 3127 947 3180 divinze
991 3124 1355 3179 inteusionem
1396 3137 1519 3177 esse
1542 3162 1557 3186 ,
1605 3123 1687 3177 vel
1722 3123 1845 3176 imle
1878 3122 2003 3191 quis
2036 3122 2319 3191 intelligat.
2349 3147 2393 3208 ο

2349 3147 2393 3208 c
2427 3125 2772 3197 ὀλοφύρεται,
2798 3126 2895 3179 καὶ
2945 3124 3372 3195 διαπορούμενος
3430 3125 3579 3193 λέγει
3605 3166 3619 3190 ,
3651 3142 3672 3176 ι
3712 3124 3885 3195 Κύριε
3905 3165 3921 3186 ,
3950 3124 4000 3175 τε

748 3216 910 3272 initio
945 3216 1091 3270 enim
1148 3213 1340 3284 psalmi
1395 3212 1573 3277 tertii,
1624 3213 1753 3266 dum
1793 3211 2123 3267 domesticas
2172 3212 2319 3266 cala-

750 3310 968 3363 mitates
998 3306 1169 3360 David
1221 3305 1502 3374 deplorat,
1549 3305 1708 3373 inops
1738 3303 1952 3358 consilii
1985 3303 2233 3371 queritur
2287 3319 2301 3355 :

752 3398 1000 3463 Domine,
1034 3394 1167 3466 quid
1202 3394 1543 3464 multiplicati
1575 3402 1703 3449 sunt
1749 3394 1840 3462 qui
1881 3392 2145 3448 tribulant
2197 3392 2322 3447 me?

747 3489 805 3542 In
844 3488 1026 3543 medio
1055 3496 1239 3541 autem
1275 3486 1486 3556 hymni,
1532 3500 1597 3541 eo
1630 3486 1746 3555 ipso
1778 3486 1830 3539 in
1877 3485 1997 3540 loco
2045 3501 2156 3556 quo
2198 3485 2319 3539 dia-

748 3579 959 3648 psaima
1008 3586 1225 3641 exstat,
1289 3578 1612 3631 conﬁrmato
1648 3576 1835 3629 animo
1866 3577 2131 3645 gloriatur
2161 3574 2323 3645 quasi

746 3672 977 3725 salutem
1024 3684 1177 3725 suam
1248 3668 1426 3723 oculis
1471 3679 1769 3723 cerneret:
1816 3686 1832 3719 ι
1878 3668 1990 3738 Ego
2056 3667 2313 3732 dormivi,

746 3763 1045 3826 exclamat,
1094 3774 1149 3815 et
1209 3770 1500 3829 soporatos
1546 3775 1702 3824 sum,
1751 3770 1805 3814 et
1856 3759 2145 3813 exsurrexi
2188 3760 2318 3828 quia

750 3854 1009 3909 Dominus
1058 3855 1305 3921 suscepit
1339 3868 1445 3907 me.
1494 3871 1511 3903 ι
1554 3851 1681 3905 llaec
1719 3852 1795 3905 ita
1854 3851 2074 3921 quidem
2138 3854 2322 3908 hacte-

750 3964 873 4001 nus.
906 3945 1135 4000 Alleluia
1169 3956 1350 3999 autem
1400 3944 1517 3999 laus
1560 3943 1653 3998 Det
1693 3945 2002 4015 exponitur.
2040 3945 2134 3999 Est
2164 3946 2309 4000 enim

746 4039 909 4091 ollrlu
958 4037 1097 4099 laus,
1136 4046 1189 4091 et
1244 4038 1298 4089 ia
1340 4036 1514 4105 Deus.
1556 4035 1736 4101 Quare
1801 4050 1898 4104 pro
1931 4034 2043 4100 illo,
2076 4033 2320 4091 Laudare

750 4129 1033 4181 Dominum
1070 4128 1195 4198 quia
1254 4128 1417 4181 bonus
1471 4137 1550 4181 est
1590 4126 2142 4194 psalnms;Alleluia,
2191 4128 2318 4196 quia

750 4226 912 4277 bonus
959 4232 1037 4278 est
1091 4223 1363 4290 psalmus,
1420 4219 1786 4293 Symmachus
1818 4222 2013 4275 reddit.
2068 4221 2321 4276 Psalmtts

747 4326 929 4369 autem
988 4323 1041 4369 et
1095 4314 1198 4368 oda
1251 4313 1544 4379 diﬂerunt;
1596 4313 1743 4382 quod
1793 4314 2035 4381 psalmus
2099 4312 2317 4380 quidem

747 4423 928 4462 sermo
980 4408 1225 4462 musicus
1282 4416 1367 4462 est
1422 4417 1694 4475 quatenus
1759 4406 2037 4459 modulate
2084 4420 2147 4458 ex
2207 4404 2320 4472 lege

749 4498 970 4553 musicae
1002 4513 1210 4566 organo
1265 4497 1547 4566 adstrepit.
1609 4496 1720 4549 Oda
1795 4504 1975 4548 autem
2055 4508 2159 4545 vox
2235 4502 2318 4545 est

747 4590 1025 4644 modulata
1090 4604 1320 4643 numero
1383 4597 1437 4642 ct
1497 4589 1784 4641 harmonia
1842 4594 2124 4649 constans,
2190 4585 2317 4637 abs-

746 4697 853 4750 que
892 4691 1160 4733 concentu
1208 4678 1421 4747 organi.
1478 4678 1659 4743 Quare
1715 4675 2160 4746 quandoquidem
2197 4689 2320 4728 cor-

748 4775 895 4840 poris
943 4772 1119 4825 nostri
1179 4771 1431 4825 machina
1504 4785 1598 4839 pcr
1664 4768 2080 4823 similitudinem
2161 4768 2319 4820 audit

747 4862 1087 4931 psalterium,
1124 4862 1206 4915 vel
1231 4875 1500 4931 organum
1537 4875 1603 4914 ex
1631 4860 1746 4930 lege
1780 4859 2004 4913 musicae
2040 4858 2106 4912 ad
2134 4858 2318 4911 laudes

745 4952 838 5007 Dei
866 4952 1227 5021 compositum
1256 4968 1270 5015 ;
1332 4967 1438 5005 non
1468 4961 1673 5005 temere
1707 4952 1838 5020 ipsa:
1868 4950 2031 5003 etiam
2066 4947 2316 5017 corporis

746 5048 1026 5110 actiones,
1070 5061 1192 5115 quae
1237 5047 1290 5099 in
1358 5046 1625 5099 honorem
1661 5043 1755 5097 Dei
1790 5044 2168 5111 suscipiuntur
2222 5056 2320 5111 per

748 5140 1018 5208 psalmum
1066 5138 1477 5207 intelligantur;
1519 5136 1742 5206 quando
1783 5152 1814 5190 a
1864 5136 2074 5189 ratione
2124 5134 2319 5188 modu—

747 5230 841 5284 lati
873 5239 927 5284 et
975 5230 1263 5298 cOtnpositi
1293 5269 1307 5295 ,
1363 5228 1498 5285 nihil
1529 5243 1722 5300 praeter
1765 5230 1983 5283 modum
2025 5239 2077 5281 et
2128 5244 2319 5280 omne-

749 5337 870 5378 rum
908 5322 1050 5376 intra
1099 5323 1342 5376 animum
1394 5323 1763 5392 desigucmus.
1808 5322 1907 5374 l'er
1948 5320 2108 5374 edam
2156 5335 2311 5385 vero,

750 5429 1095 5484 quaecunque
1155 5415 1220 5467 ad
1273 5415 1471 5469 nudatn
1506 5414 2018 5483 contemplationem
2052 5423 2147 5467 aut
2193 5428 2319 5467 ora-

751 5506 954 5559 tionem
1018 5504 1086 5560 de
1134 5504 1245 5559 Deo
1306 5508 1596 5575 pertinent.
1665 5504 1739 5557 Ita
1807 5505 2023 5574 quidem
2086 5518 2318 5573 magnus

749 5594 1005 5656 Basilius.
1069 5596 1254 5652 Frater
1317 5609 1495 5652 autem
1538 5599 1657 5667 eius
1697 5598 1991 5668 Gregorius
2040 5613 2134 5665 per
2178 5596 2319 5666 psal-

747 5702 896 5741 mum
948 5690 1105 5743 vitant
1146 5700 1386 5745 nostram
1433 5691 1713 5759 intelligit,
1752 5707 1857 5742 non
1890 5691 2098 5743 levibus
2141 5698 2194 5742 ct
2222 5688 2317 5741 ab-

752 5777 918 5847 jectis
951 5780 1066 5833 sive
1119 5782 1350 5835 terrenis
1391 5783 1541 5835 sonis
1566 5824 1577 5844 ,
1634 5782 1733 5834 hoe
1779 5790 1859 5836 est
1898 5779 2318 5851 cogitationibus

2430 3214 2843 3286 ἐπληθύνθησαν
2885 3216 2935 3268 οἱ
2967 3213 3240 3277 θλίϐοντὲς
3277 3230 3389 3285 με;
3431 3232 3450 3266 ι
3488 3215 3618 3285 περὶ
3651 3214 3722 3268 τὰ
3750 3215 3894 3285 μέσα
3942 3214 4001 3266 δὲ

2428 3323 2532 3357 που
2581 3304 2675 3357 τοῦ
2728 3304 2981 3375 ψαλμοῦ,
3028 3302 3156 3356 ἔνθα
3199 3304 3293 3356 καὶ
3330 3305 3394 3357 τὸ
3439 3304 3721 3374 διάψαλμα
3772 3306 3949 3357 κεῖται
3984 3344 4000 3366 ,

2430 3396 2665 3471 θάρρους
2725 3396 3094 3469 ἀναπλησθεὶς
3151 3396 3379 3449 πέποιθε
3444 3398 3541 3451 καὶ
3618 3397 4000 3467 παρρησιάζε-

2429 3507 2539 3554 ται,
2575 3490 2673 3561 τὴν
2710 3490 2904 3544 ἑαυτοῦ
2951 3487 3225 3558 σωτηρίαν
3259 3488 3450 3557 ὥσπερ
3494 3488 3659 3558 δρῶν,
3696 3489 3790 3542 καὶ
3851 3489 3952 3558 βοᾷ
3983 3505 3997 3520 ·

2434 3599 2453 3632 ι
2489 3579 2632 3648 Ἐγὼ
2653 3580 2955 3651 ἐκοιμήθην
2980 3580 3073 3633 καὶ
3104 3577 3351 3643 ὕπνωσα,
3399 3578 3721 3649 ἑξηγέρθην,
3771 3579 3855 3630 ὅτι
3888 3577 4002 3630 K2}-

2430 3688 2545 3740 ριος
2604 3669 2959 3739 ἀντιλήψεταί
2998 3686 3123 3739 μου.
3160 3687 3178 3721 ι
3214 3669 3324 3722 Καὶ
3349 3668 3523 3721 ταῦτα
3556 3668 3652 3737 μὲν
3679 3666 3873 3729 οὕτως.
3930 3667 4002 3719 Τδ

2426 3763 2482 3815 δὲ
2519 3763 2806 3834 ἀλληλούῖα
2847 3758 2996 3826 αἶνος
3021 3762 3158 3817 Θεοῦ
3210 3760 3570 3832 ἑρμηνεύεται
3597 3778 3610 3791 ο
3653 3758 3770 3812 ἔστι
3802 3761 3912 3829 γὰρ
3942 3760 4003 3811 τὸ

2433 3855 2554 3923 μὲν,
2587 3852 2842 3924 ἀλληλοὺ,
2877 3850 3026 3916 αἶνος
3052 3869 3067 3884 ³
3101 3853 3161 3906 τδ
3211 3853 3268 3906 δὲ
3303 3853 3381 3913 ῐα.
3412 3852 3565 3914 Θεός.
3602 3850 3691 3903 Διὸ
3738 3850 3835 3903 καὶ
3880 3850 4002 3903 ἀντὶ

2388 3992 2389 3995 η
2428 3944 2798 4010 τοῦ,ιΛίνεῖτε
2821 3945 2912 3997 τὶν
2930 3945 3132 4014 Κύριον
3158 3945 3240 3998 ὃτι
3272 3944 3471 4012 ἀγαθὸν
3491 3942 3753 4012 ψαλμος,ι
3770 3961 3790 3994 ι
3812 3941 4001 4011 Ἄλλη-

2358 4506 2397 4557 Ι)

2428 4034 2581 4088 λούῖα
2609 4035 2691 4088 ὅτι
2720 4034 2924 4101 ἀγαθὸν
2949 4034 3181 4103 ψαλμδς,
3198 4054 3213 4085 ι
3242 4036 3269 4087 ὁ
3294 4032 3589 4103 Σύμμαχος
3610 4032 4001 4086 τέθεικεδῗαλ-

2430 4127 2529 4196 μδς
2564 4126 2621 4179 δὲ
2651 4127 2746 4179 καὶ
2774 4125 2888 4196 ᾠδὴ
2938 4125 3185 4196 διαφέρει
3213 4143 3225 4155 ·
3250 4127 3331 4178 ὅτι
3375 4125 3404 4177 6
3449 4125 3550 4193 μὲν
3595 4124 3813 4194 ψαλμδς
3846 4124 4000 4190 λόγος

2429 4221 2547 4274 ἐστὶ
2593 4219 2872 4290 μουσικὸς,
2902 4219 3030 4273 ὅταν
3090 4217 3379 4288 εὐρύθμως
3414 4216 3556 4269 κατὰ
3587 4217 3713 4278 τοὺς
3766 4217 3998 4285 ἁρμονι-

2427 4312 2555 4374 κοὺς
2584 4310 2773 4378 λόγους
2819 4309 2955 4380 πρὸς
2989 4308 3049 4361 τὸ
3079 4308 3315 4378 δργανον
3357 4306 3624 4379 κρούηται
3650 4322 3666 4337 ·
3696 4307 3729 4375 ἡ
3782 4306 3840 4358 δὲ
3887 4305 3999 4375 ᾠδὴ

2426 4406 2578 4474 φωνή
2602 4407 2747 4457 ἐστιν
2779 4403 3043 4474 ἐμμελὴς,
3077 4403 3434 4472 ἀποδιδομένη
3462 4401 3805 4471 ὲναρμονίως
3826 4400 4000 4470 χωρὶς

2426 4496 2524 4564 τῆς
2559 4496 2905 4564 συνηχήσεως
2943 4494 3036 4547 τοῦ
3067 4495 3302 4564 ὀργάνου
3334 4510 3348 4524 ·
3391 4494 3532 4546 ὥστε
3573 4492 3763 4562 ἐπειδὴ
3791 4492 4000 4561 ψαλτή-

2428 4603 2538 4657 ριον
2580 4586 2879 4654 τροπικῶς,
2915 4586 3011 4639 καὶ
3039 4586 3269 4655 ὄργανον
3313 4583 3662 4655 ἡρμοσμένον
3719 4583 3999 4651 μουσικὰ

2424 4680 2501 4742 εἰς
2526 4679 2725 4748 ῦμνους
2747 4678 2880 4731 θεοῦ
2903 4678 3046 4749 ἢτοῦ
3063 4678 3312 4749 σώματος
3330 4676 3487 4748 ἡμῶν
3508 4680 3623 4729 ἐστι
3646 4677 3963 4744 κατασκευὴ
3981 4691 3997 4704 ·

2424 4770 2659 4839 νοηθεῖεν
2676 4768 2742 4822 ἂν
2772 4769 2866 4821 καὶ
2892 4768 3105 4839 ψαλμδς
3128 4770 3185 4822 αἱ
3210 4769 3299 4822 διὰ
3323 4768 3418 4821 τοῦ
3467 4768 3718 4837 σώματος
3746 4766 3995 4836 πράξεις,

2423 4864 2477 4916 αἱ
2502 4863 2580 4924 εἱς
2608 4861 2768 4925 δόξαν
2799 4860 2935 4915 Θεοῦ
2961 4862 3345 4931 ἀποδιδόμεναι
3375 4879 3389 4893 ·
3416 4861 3548 4914 ὃταν
3572 4858 3680 4913 ὑπὸ
3713 4862 3809 4913 τοῦ
3840 4861 3998 4927 λόγον

2424 4956 2781 5025 ἡρμοσμένοι,
2844 4953 3010 5025 μηδὲν
3055 4954 3286 5023 ἐκμελὲς
3348 4952 3701 5022 ἀποτελῶμεν
3775 4954 3836 5005 ὲν
3887 4955 3999 5015 τοῖς

2425 5049 2743 5118 κινήμασιν.
2783 5047 2907 5118 ’ῼδὴ
2966 5048 3023 5100 δὲ
3072 5047 3170 5100 ὅσα
3202 5047 3434 5118 θεωρίας
3482 5046 3662 5116 ἔχεται
3691 5045 3857 5115 ψὺἦς
3906 5046 4001 5098 καὶ

2425 5138 2723 5206 θεολογίας.
2762 5138 2871 5190 Καὶ
2913 5137 3056 5191 οὕτω
3089 5139 3186 5207 μὲν
3225 5139 3253 5191 6
3281 5138 3453 5209 μέγας
3501 5137 3801 5197 Βασίλειος.
3850 5137 3910 5187 'U
3945 5136 4000 5187 δὲ

2423 5230 2647 5298 ἁδελφὸς
2675 5229 2838 5284 αὑτοῦ
2866 5230 3164 5300 Γρηγὸριος
3188 5229 3401 5301 ψαλμὸν
3433 5229 3532 5299 μὲν
3556 5228 3777 5281 νοεῖτον
3805 5230 4002 5297 ἡμέτε·

2426 5341 2517 5393 ρον
2549 5323 2682 5393 βίον,
2724 5323 2798 5394 μὴ
2849 5326 2958 5387 τοῖς
3012 5324 3219 5393 γηῖνοις
3268 5322 3547 5391 φθόγγοις,
3584 5320 3832 5373 τουτέστι
3872 5322 3998 5387 v.1}-

2428 5433 2563 5483 μασι
2595 5416 3029 5487 περιηχούμενον
3062 5433 3075 5447 ο
3108 5415 3248 5469 ἀλλὰ
3280 5414 3517 5483 καθαρὸν
3546 5415 3637 5466 καὶ
3670 5413 3997 5477 ὲξὶκουστον

2423 5508 2486 5559 ἐκ
2515 5506 2624 5560 τῶν
2677 5506 2886 5559 ἄνωθεν
2924 5507 3017 5558 καὶ
3061 5505 3331 5575 οὐρανίων
3378 5505 3467 5556 τὸν
3518 5498 3651 5572 ἦχον
3685 5502 3996 5571 ἀπεργαζὸο

2427 5615 2608 5668 μενον-
2645 5598 2789 5670 ᾠδὴν
2817 5599 2892 5661 δὲ,
2928 5598 3027 5668 τὴν
3064 5598 3187 5667 περὶ
3221 5597 3281 5648 τὸ
3311 5595 3632 5664 φαινόμενον
3658 5591 3993 5663 εὐσχημοσύ-

2422 5709 2538 5759 νην.
2562 5686 2890 5759 Καίφησιν,
2924 5691 3005 5743 ὅτι
3038 5689 3224 5756 ὥσπερ
3248 5687 3429 5739 ἐκτῶν
3444 5686 3719 5754 μουσικῶν
3749 5684 3993 5755 ὀργάνων

2427 5780 2630 5849 μόνοςὸ
2659 5774 2789 5850 ἦχος
2817 5778 2914 5848 τῆς
2959 5779 3223 5849 μελῳδίας
3256 5774 3591 5849 προσπίπτει
3628 5777 3750 5835 ταῖς
3782 5776 3987 5835 ἀκοαῖς,
