4232 6434
305 420 438 483 1060

1213 411 1611 475 PREFATIO
1652 410 1751 469 AD
1788 405 2138 469 CATENAM
2187 405 2262 465 IN
2307 399 2665 465 PSALMOS.

3402 393 3541 457 1070

299 529 443 582 αὐτὰ
476 525 536 580 δὲ
575 526 644 580 τὰ
688 526 1072 598 μελῳδούμενα
1105 528 1324 597 ῥήματα
1369 527 1430 580 οὐ
1481 523 1861 595 διαρθροῦνται
1897 531 1936 582 Α
1968 547 1970 565 ι

1897 531 1936 582 Α
1968 530 2020 574 ct
2063 519 2432 586 intelligentiis
2463 517 2890 584 obstrepentent.
2933 509 3027 565 sed
3060 524 3251 580 puram
3295 517 3346 561 et
3381 512 3536 561 antli-

298 624 411 685 τοῖς
439 621 693 690 φθόγγοις
718 637 730 652 ·
774 622 832 674 ὲν
861 619 918 673 δὲ
947 621 1013 690 τῇ
1045 618 1156 688 ᾠδῇ
1186 618 1246 671 τὺ
1283 617 1690 686 συναμφότερον
1716 614 1863 680 γίνες

297 729 411 775 ται,
442 715 535 769 καὶ
572 713 601 764 ὁ
632 711 725 764 τοῦ
778 711 971 780 μέλους
1005 709 1209 782 ῥυθμὸς
1241 708 1336 761 καὶ
1368 708 1478 759 τῶν
1525 706 1784 775 ῥημάτων
1832 703 1867 772 ἡ

298 805 526 872 δύναμις
563 803 1011 874 συνδιεξαγομένη
1046 801 1184 869 μετὰ
1203 799 1296 854 τοῦ
1322 799 1536 871 μέλους,
1562 799 1628 868 ἣν
1656 797 1868 864 ἀγνοεῖ-

302 893 426 946 σθαι
475 896 624 948 πᾶσα
660 895 892 964 ἀνάγκη,
917 895 1044 947 ὅταν
1086 893 1174 947 διὰ
1206 893 1384 962 μόνων
1424 891 1534 944 τῶν
1593 887 1870 958 μουσικῶν

301 986 547 1055 ὀργάνων
582 987 615 1056 ή
649 986 880 1056 μελῳδία
909 986 1143 1056 γίνηται·
1182 983 1354 1047 οὕτως
1390 982 1484 1037 καὶ⁸
1527 982 1618 1036 ἐπὶ
1638 980 1746 1034 τῶν
1774 978 1872 1048 τὴν

303 1076 502 1145 ἀρετὴν
547 1078 841 1146 μετιόντων
869 1077 1175 1147 συμόαίνει.
1205 1077 1269 1129 Οἱ
1303 1074 1400 1146 μὲν
1421 1073 1528 1145 γὰρ
1557 1076 1623 1143 τῇ
1659 1073 1870 1141 θεωρη-

302 1169 432 1237 τικῇ
465 1169 557 1220 καὶ
609 1170 877 1238 ὲποπτικῇ
919 1167 1027 1221 τῶν
1056 1168 1226 1220 ὄντων
1269 1165 1555 1238 φιλοσοφίᾳ
1613 1164 1704 1216 τὸν
1750 1161 1873 1217 νοῦν

305 1258 748 1327 προσανέχοντες,
781 1262 845 1328 τῇ
894 1254 1301 1327 άπεικαζομένῃ
1333 1256 1468 1326 πρὸς
1498 1256 1591 1307 τὸν
1628 1254 1869 1324 ψαλμὸν,

307 1347 498 1418 ἄδηλον
520 1351 631 1411 τοίς
663 1350 872 1413 πολλοῖς
902 1350 1000 1417 τὴν
1027 1350 1225 1419 ἀρετὴν
1258 1347 1637 1417 κατορθοῦσιν,
1677 1349 1734 1400 ἐν
1788 1349 1863 1417 τῷ

310 1438 425 1507 ἰδίῳ
453 1438 712 1492 συνειδότι
749 1438 809 1492 τὺ
837 1441 1040 1508 ἀγαθὸν
1083 1439 1516 1502 κατακλείοντες.
1544 1434 1639 1501 Οἷς
1672 1438 1727 1492 δὲ
1781 1440 1874 1492 καὶ

307 1530 369 1583 τὸ
396 1526 526 1599 ἦθος
556 1530 650 1583 τού
691 1530 804 1600 βίον
844 1532 1329 1602 συγκατορθοῦται,
1361 1526 1506 1592 οὗτοι
1533 1533 1600 1602 τῇ
1652 1532 1782 1602 περὶ
1815 1530 1876 1585 τὸ

308 1622 631 1690 φαινόμενον
687 1624 1097 1696 εὐσχημοσύνῃ.
1153 1624 1404 1696 καθάπερ
1446 1625 1550 1677 τινὶ
1604 1623 1748 1694 λόγῳ
1781 1625 1877 1678 καὶ

306 1710 418 1782 ᾠδῇ
453 1711 698 1781 ἐμμελεῖ,
735 1711 834 1783 τὴν
878 1714 975 1782 τῆς
1005 1714 1154 1784 ζωῆς
1182 1714 1398 1769 ἑαυτῶν
1445 1713 1745 1785 εὐρυθμίαν
1780 1714 1876 1784 δη-

313 1803 679 1872 μοσιεύσουσι.
717 1804 1046 1875 Σημαίνεται
1091 1801 1184 1860 οὖν
1231 1805 1317 1859 διὰ
1377 1806 1474 1876 μὲν
1522 1806 1615 1860 τοῦ
1659 1803 1877 1875 ψαλμοῦ

1972 613 2130 666 bilem
2157 651 2169 674 ,
2219 627 2282 664 ex
2327 609 2482 679 copia
2513 622 2693 662 rerum
2725 603 3104 661 sublitniorum
3135 612 3190 658 et
3234 601 3537 655 emit-stum

1972 715 2158 756 vocent
2199 696 2726 754 redtlentcm.0dam
2762 702 2944 749 autem
2967 692 3099 747 dicit
3137 690 3347 746 externi
3375 691 3541 741 moris

1974 792 2402 848 moderationem
2453 799 2507 845 et
2546 788 2878 862 decentiam.
2936 786 3147 856 Atque,
3180 783 3544 853 quemadnn-

1971 885 2098 938 dum
2134 898 2198 938 ex
2233 881 2483 950 organis,
2523 881 2725 950 inquit,
2778 879 3003 936 musicis
3034 879 3186 934 solus
3217 892 3387 930 sonus
3419 890 3539 928 mo-

1973 974 2265 1030 dulationis
2297 973 2524 1028 auribus
2553 971 2791 1036 accedit,
2846 971 2959 1039 ipsa
2994 979 3176 1024 autem
3227 969 3390 1022 verba
3421 966 3538 1020 suis

1975 1065 2220 1119 numeris
2253 1070 2306 1115 et
2331 1061 2576 1131 articulis
2609 1060 2940 1114 modulando
2970 1075 3076 1113 non
3103 1059 3542 1126 distinguuntur;

1974 1153 2120 1223 quod
2140 1163 2429 1223 utrttmque
2447 1152 2500 1204 in
2518 1151 2619 1204 orla
2641 1153 2717 1216 lit,
2739 1159 2861 1205 utet
2876 1165 3136 1206 numerus
3158 1149 3545 1204 modulationis

1973 1253 2028 1300 et
2056 1247 2344 1298 verborum
2376 1244 2548 1297 virtus
2585 1242 2746 1296 simul
2780 1256 2902 1296 cum
2928 1249 3190 1296 concentu
3225 1241 3543 1311 explicetur;

1976 1351 2138 1406 quam
2185 1320 2385 1405 utique
2443 1334 2677 1404 ignorari
2727 1347 2952 1388 necesse
2989 1342 3105 1397 est,
3155 1333 3370 1402 quoties
3415 1332 3546 1386 solis

1977 1427 2202 1481 musicze
2230 1427 2450 1496 organis
2485 1434 2682 1480 cautus
2713 1425 3036 1495 peragitur:
3071 1423 3268 1479 similis
3300 1423 3440 1477 ratio
3463 1431 3547 1477 est

1976 1533 2204 1581 eorum,
2265 1535 2387 1588 qua:
2443 1520 2509 1572 ad
2560 1520 2812 1573 virtutem
2865 1517 3199 1572 referuntur.
3249 1516 3350 1583 Qui
3397 1516 3543 1569 enim

1980 1608 2045 1663 ad
2090 1609 2260 1664 solam
2312 1609 2656 1663 umbratilem
2692 1618 2746 1662 et
2774 1607 3254 1677 contetnplativam
3299 1606 3542 1676 philoso-

1981 1702 2165 1771 phiam
2235 1703 2476 1757 auimum
2535 1701 2810 1771 applicant
2865 1715 2987 1770 qua:
3051 1700 3259 1768 psalmo
3330 1699 3548 1768 proprie

1985 1805 2374 1865 comparatur,
2454 1795 2596 1848 intra
2659 1808 2817 1848 suam
2877 1791 3270 1848 conscientiam
3330 1790 3549 1844 virtutis

308 1891 368 1944 τὸ
395 1892 540 1946 κατά
580 1874 822 1947 διάνοιαν
852 1895 1056 1962 ἀγαθόν
1087 1911 1103 1928 ·
1135 1894 1226 1948 διὰ
1249 1894 1305 1948 δὲ
1333 1874 1430 1967 τῆς
1473 1896 1615 1967 ᾠδῆς
1651 1874 1714 1950 τὸ
1746 1892 1877 1967 ἦθος
1913 1874 1950 1928 Β

1874 1914 1877 1950 ς
1913 1874 1950 1928 Β
1981 1885 2227 1942 habitum
2259 1886 2547 1942 eﬂ'ormant
2571 1929 2587 1954 ,
2637 1896 2691 1942 et
2741 1886 3239 1953 circumscribunt,
3304 1885 3545 1955 ignotum

307 1985 401 2036 ml.
435 1986 467 2056 ἠ
495 1985 623 2056 περὶ
659 1984 722 2037 τδ
754 1987 1075 2056 φαινόμενον
1093 1987 1469 2056 εὐσχημοσύνη
1496 1987 1876 2058 ἑρμηνεύεται.

321 2076 471 2130 Ἐπεὶ
519 2078 575 2132 δὲ
617 2077 1018 2150 μεμαθήκαμεν
1072 2079 1124 2133 τί
1167 2081 1282 2133 ἐστι
1331 2080 1676 2149 ψαλμδς,ὅτι
1722 2081 1754 2150 ἡ
1812 2081 1877 2132 δι’

307 2166 539 2237 ὀργάνου
600 2173 861 2238 μουσικοῦ
931 2169 1161 2240 μελῳδία
1194 2187 1208 2200 ο
1261 2169 1355 2222 καὶ
1416 2169 1467 2222 τί
1512 2169 1629 2240 ᾠδὴ
1659 2211 1672 2234 ,
1717 2170 1796 2222 ὅτι
1842 2170 1876 2239 ἡ

311 2255 400 2309 διὰ
438 2257 531 2310 τοῦ
577 2258 844 2328 στόματος
900 2259 1164 2330 γινομένη
1209 2259 1302 2312 τοῦ
1360 2259 1551 2330 μέλους
1589 2260 1727 2330 μετὰ
1771 2261 1880 2314 τῶν

315 2349 576 2418 ῥημάτων
620 2351 947 2420 έκφὼνησις,
980 2352 1172 2422 ῥητέον
1223 2352 1409 2405 λοιπὸν
1441 2352 1493 2406 τί
1533 2355 1646 2406 ἐστι
1675 2353 1878 2423 ὕμνος·

313 2439 396 2492 ὅτι
422 2441 454 2510 ή
490 2442 582 2493 ἐπὶ
604 2444 714 2505 τοῖς
738 2442 1070 2514 ὑπάρχουσιν
1105 2444 1236 2514 ἡμῖν
1261 2443 1484 2512 ἀγαθοῖς
1513 2444 1880 2515 άνατιθεμένη

315 2531 394 2602 τῷ
446 2533 565 2605 Θεῷ
588 2535 854 2605 εὐφημία.
894 2532 1050 2598 Αἶνος
1078 2535 1154 2600 δὲ,
1191 2535 1310 2606 ἦτοι
1335 2535 1561 2603 αῐνεσις,
1586 2536 1694 2590 τῶν
1723 2536 1881 2590 θείων

317 2622 610 2694 θαυμάτων
640 2626 890 2690 ἔπαινος·
928 2627 1200 2698 προσευχὴ
1224 2627 1280 2681 δὲ
1308 2627 1556 2698 ἱκετηρία
1586 2628 1714 2699 περί
1734 2646 1880 2693 τινος

317 2716 427 2769 τῶν
461 2719 847 2788 συμφερόντων
891 2720 1275 2790 προσαγομένη
1313 2719 1454 2790 Θεῷ.
1527 2721 1689 2774 Ἀλλὰ
1748 2723 1878 2794 περὶ

318 2803 522 2856 τούτων
571 2807 662 2859 καὶ
707 2805 860 2869 αὖθις
910 2809 1207 2878 είρήσεται.
1269 2809 1344 2863 Τὸ
1398 2809 1582 2879 μέντοι
1626 2811 1884 2882 τέταρτον

321 2893 612 2959 κεφάλαιον
648 2895 1010 2962 ἐξετάζοντες,
1040 2898 1088 2951 εί
1112 2898 1310 2961 πάντες
1343 2899 1453 2953 εἰσὶ
1489 2900 1582 2953 τοῦ
1625 2903 1787 2956 Δαὸὶδ
1834 2905 1883 2957 οἱ

318 2983 542 3052 ψαλμοὶ,
598 2989 778 3056 φαμὲν
803 3028 817 3051 ,
863 2989 946 3041 ὅτι
988 2990 1276 3061 τρισχίλιοι
1315 2990 1586 3061 ψαλτῳδοὶ
1629 2994 1736 3047 ἀπδ
1790 2995 1884 3048 τοῦ

320 3075 603 3130 Δευϊτικοῦ
649 3079 740 3130 καὶ
777 3081 1050 3150 ἱερατικοῦ
1094 3082 1286 3149 γένους
1343 3085 1424 3147 είς
1452 3087 1594 3155 τρεῖς
1622 3085 1886 3156 διῃρημέ-

1981 1978 2163 2047 vulgo.
2207 1977 2424 2044 Quibus
2457 1991 2589 2032 vero
2617 1986 2855 2032 externa:
2883 1977 3004 2032 vita:
3049 1978 3189 2031 ratio
3229 1977 3395 2033 simul
3419 1994 3548 2030 Cur-

1982 2070 2209 2140 rigitur,
2261 2071 2336 2124 illi
2398 2071 2612 2126 externi
2685 2071 2912 2126 habitus
2978 2071 3299 2134 honestate,
3390 2071 3544 2140 quasi

1982 2162 2224 2217 oratione
2253 2165 2486 2233 quadam
2508 2173 2561 2218 et
2585 2172 2745 2218 cantu
2776 2163 3095 2218 hartuunieo
3130 2164 3249 2218 vitm.
3273 2163 3548 2217 interioris

1983 2264 2096 2304 sua:
2157 2249 2498 2307 honestatem
2558 2249 2838 2320 evulgant.
2893 2248 3059 2318 Igitur
3132 2265 3227 2319 per
3277 2251 3546 2318 psalmum

1983 2341 2203 2411 quidem
2225 2381 2241 2408 ,
2290 2343 2494 2418 bonum
2525 2342 2672 2412 quod
2703 2343 2845 2396 intra
2884 2343 3127 2396 animum
3158 2343 3507 2397 concluditur
3527 2382 3546 2405 ,

1984 2433 2300 2506 designatur
2324 2452 2337 2501 ;
2364 2450 2460 2506 per
2488 2438 2646 2491 edant
2672 2451 2802 2491 vero
2823 2451 3002 2490 mores
3024 2435 3300 2505 illiusque,
3323 2435 3468 2505 quod
3495 2437 3549 2490 in

1982 2529 2171 2583 oculos
2207 2529 2448 2584 occurrit
2502 2528 2873 2583 consonantia
2929 2527 3358 2584 demonstratur.
3394 2527 3552 2581 Post-

1985 2635 2150 2690 quam
2179 2619 2345 2690 igitur
2376 2621 2668 2676 didicimus
2689 2622 2818 2691 quid
2844 2621 3085 2690 psalmus
3116 2622 3207 2687 sit,
3229 2619 3416 2691 organi
3443 2619 3551 2675 sei-

1985 2713 2114 2768 licet
2134 2714 2327 2768 musici
2356 2714 2672 2780 harmonia;
2702 2716 2938 2784 itemque
2961 2715 3090 2784 quid
3113 2716 3236 2776 otla,
3254 2713 3555 2768 modulatio

1993 2804 2106 2859 oris
2131 2805 2314 2859 verbis
2343 2808 2775 2872 accommodata,
2798 2807 3087 2861 dicendum
3119 2815 3386 2875 superest,
3423 2807 3552 2875 quid

1989 2894 2063 2949 sit
2091 2897 2351 2966 hymnus.
2373 2895 2643 2951 Nimirum
2676 2911 2776 2967 pro
2802 2897 3166 2967 praesentibus
3189 2897 3345 2951 bonis
3377 2896 3553 2952 dicata

1990 2982 2102 3039 Deo
2130 2985 2389 3039 laudatio.
2436 2983 2581 3038 Laus
2629 2995 2835 3051 autem,
2869 3001 2964 3041 seu
3021 2985 3261 3041 laudatio
3311 2985 3553 3040 miracu-

1991 3077 2164 3129 lorum
2200 3075 2509 3130 divinorum
2550 3086 2634 3132 est
2669 3076 3001 3146 prardicatio.
3053 3077 3240 3132 Oratio
3289 3092 3419 3132 vero
3469 3089 3556 3133 est

321 3181 401 3268 νρι
441 3167 631 3268 χορούς
665 3169 764 3268 τὸν.
784 3170 875 3223 τοῦ
909 3171 1074 3268 Auito
1109 3173 1322 3268 ψαλμὸν
1351 3174 1604 3244 ἔψαλλον.
1651 3177 1880 3248 Ἐξῆρχε
1913 3208 1959 3268 c
1991 3191 1992 3212 ῖ

1913 3208 1959 3268 c
1991 3167 2316 3236 supplicatio
2349 3166 2416 3220 ad
2451 3166 2619 3222 Deum
2660 3169 2900 3234 directa,
2936 3169 3003 3222 de
3036 3183 3094 3221 re
3129 3167 3311 3237 aliqua
3365 3183 3553 3222 earun:

319 3256 376 3308 δὲ
400 3257 493 3310 τοῦ
531 3259 630 3328 μὲν
658 3259 870 3329 πρώτου
904 3262 1065 3332 χοροῦ
1110 3264 1329 3319 Ίδιθοὺν
1349 3266 1377 3319 ὁ
1400 3267 1882 3338 χοροδιδάσκαλος·

322 3349 418 3400 τοῦ
470 3350 526 3403 δὲ
578 3351 829 3422 δευτέρου
874 3355 1064 3420 Αίθὰν,
1094 3357 1188 3409 καὶ
1241 3357 1335 3411 τοῖι
1390 3359 1574 3427 τρίτου
1621 3361 1885 3430 Ἀσαφάτ.

325 3442 689 3512 Κεκμηκότας
749 3445 804 3498 δὲ
866 3446 1086 3510 τούτους
1137 3449 1186 3500 οί
1218 3449 1324 3502 υίοὶ
1382 3449 1529 3520 Κορὲ
1572 3450 1886 3521 διεδέχοντο.

325 3533 488 3586 Ὅθεν
529 3535 621 3585 καὶ⁸
651 3535 879 3598 πολλοὺς
913 3538 941 3589 ὁ
971 3537 1133 3589 Δασὶδ
1159 3536 1406 3608 ψαλμοὺς
1435 3540 1528 3593 ἐπὶ
1547 3539 1751 3593 τούτων
1775 3541 1891 3595 6V6-

329 3641 458 3693 ματι
497 3624 690 3690 ἔθαλλε
721 3641 736 3657 ·
775 3626 867 3678 καί
897 3643 1040 3690 τινες
1084 3626 1334 3681 ἐντεῦθεν
1369 3629 1556 3692 κακῶς
1589 3629 1881 3693 ὑπέλαϐον,

325 3719 405 3770 ὅτι
447 3718 625 3770 αὐτῶν
673 3720 808 3771 είσιν
863 3719 1277 3789 οίψαλμοί.ΔιΞι
1309 3718 1466 3772 τοῦτο
1501 3721 1594 3775 καὶ
1646 3722 1713 3776 τὰ
1765 3723 1885 3774 ὀνό-

330 3827 476 3879 ματα
525 3811 702 3862 αὐτῶν
764 3808 819 3861 ἐν
877 3827 1017 3862 τισιν
1094 3813 1426 3882 ἐπιγραφαῖς
1471 3813 1580 3866 τῶν
1643 3814 1891 3885 Ψαλμῶν

327 3901 698 3972 εὑρίσκεσθαι.
767 3901 886 3954 Εἰσὶ
930 3902 985 3954 δὲ
1036 3902 1236 3965 πάντες
1281 3904 1328 3955 oi
1377 3902 1603 3973 ψαλμοὶ,
1655 3905 1730 3968 ὼς
1780 3908 1892 3968 τοῖς

327 3991 615 4061 ἁκρ.6οὗσι
666 3993 846 4057 δοκεῖ,
900 3993 994 4045 καὶ
1027 3997 1092 4064 τῇ
1135 3993 1361 4065 ἀληθεία
1405 3995 1499 4049 τοῦ
1546 3995 1728 4050 Δαϐίδ.
1763 3998 1894 4050 Μετ’

328 4083 473 4153 ᾠδῆς
534 4083 589 4137 δὲ
644 4083 783 4154 αὕτη
820 4085 854 4154 ἡ
905 4085 1206 4156 προφητεία
1250 4084 1489 4154 λέγεται,
1536 4086 1623 4141 ἵνα
1669 4088 1896 4150 ἕκαστος

327 4177 508 4247 τέρπῃ
554 4176 652 4245 τὴν
681 4175 857 4246 ψυχὴν
888 4176 1047 4247 ᾄδων,
1088 4177 1182 4230 καὶ
1217 4176 1533 4250 ὐποκλέπτῃ
1567 4177 1658 4230 τὸν
1690 4180 1754 4230 ἐκ
1797 4182 1896 4248 τῆς

328 4267 687 4333 ἀναγνώσεως
711 4270 886 4321 τόνον.
932 4268 1145 4337 Ἐπειδὴ
1171 4267 1278 4337 γὰρ
1302 4265 1440 4320 εἶδεν
1462 4270 1490 4320 ὁ
1511 4269 1642 4332 Θεὸς
1673 4267 1896 4333 πολλοὺς

326 4360 434 4411 τῶν
477 4359 780 4428 ἀνθρώπων
831 4359 1233 4430 ῥᾳθυμοτέρους
1270 4359 1450 4422 δντας,
1491 4359 1586 4412 καὶ
1629 4359 1765 4428 πρὸς
1795 4360 1894 4430 τὴν

327 4451 436 4503 τῶν
469 4451 853 4520 πνευματικῶν
885 4451 1188 4518 ἀνάγνωσιν
1222 4451 1497 4520 δυσχερῶς
1529 4451 1768 4521 ἔχοντας,
1801 4454 1894 4504 καὶ

1990 3275 2113 3328 quae
2171 3259 2239 3314 ad
2295 3260 2582 3314 utilitatem
2638 3260 2946 3316 coul’erunt.
3012 3259 3282 3316 Caeterum
3341 3261 3408 3316 de
3471 3259 3557 3315 his

1994 3359 2178 3418 postea
2231 3352 2444 3406 dicendi
2502 3350 2656 3404 locus
2706 3351 2833 3404 erit.
2886 3349 3044 3405 Nunc
3097 3360 3354 3420 quartum
3391 3362 3557 3421 caput

1989 3443 2345 3507 cxcutivntcs,
2364 3456 2490 3496 num
2515 3457 2704 3497 omnes
2728 3442 2915 3512 psalmi
2937 3441 3304 3510 Davidis,sint,
3325 3443 3570 3535 dicimus‘

2001 3543 2083 3588 ter
2117 3534 2265 3588 mille
2300 3543 2585 3597 cantores,
2616 3549 2678 3587 ex
2713 3534 2912 3588 familia
2945 3533 3255 3589 Levitarutn
3289 3545 3344 3590 et
3373 3551 3556 3590 sacer-

1997 3626 2282 3689 d01um,in
2308 3633 2417 3680 tres
2447 3627 2647 3681 choros
2662 3625 2883 3688 divisos,
2912 3624 3128 3682 Davitlis
3154 3627 3393 3696 psalmos
3418 3628 3528 3681 cet-i
3546 3654 3558 3666 -

1996 3720 2165 3773 nisse.
2188 3717 2354 3772 Primi
2383 3717 2533 3771 chori
2568 3727 2866 3787 przeccntor
2912 3717 3126 3772 ldithttn
3163 3718 3297 3783 fuit;
3333 3718 3557 3772 secundi

1992 3810 2234 3876 Aﬂtham,
2275 3811 2416 3865 tertii
2449 3823 2626 3866 autem
2659 3810 2918 3880 Asaphat.
2971 3809 3244 3880 Fatigatos
3288 3811 3384 3865 hos
3412 3812 3559 3865 esci-

1997 3905 2220 3974 piebant
2257 3905 2353 3959 filii
2411 3903 2570 3959 Core.
2613 3904 2738 3960 llaec
2772 3905 2910 3958 ratio
2944 3917 3026 3959 est
3061 3920 3231 3973 quare
3285 3915 3363 3960 tot
3413 3905 3560 3972 psal-

1998 4013 2117 4051 mos
2152 3997 2364 4051 illorum
2395 3998 2615 4053 nomine
2644 3998 2943 4053 cautaverit
2975 3997 3139 4051 David
3161 4037 3175 4058 ,
3206 4007 3366 4067 atque
3391 4014 3561 4066 quare

1999 4087 2243 4139 nonnulli
2293 4101 2576 4156 perperam
2633 4086 2984 4156 collegerint,
3049 4086 3168 4140 illos
3221 4087 3365 4155 ipsos
3418 4087 3559 4154 psal-

2001 4191 2119 4228 mos
2176 4178 2396 4230 cosdem
2456 4187 2707 4230 auctores
2757 4177 3000 4230 habere:
3038 4191 3102 4231 eo
3146 4178 3289 4246 qttod
3354 4179 3565 4245 aliquot

2000 4268 2193 4334 psalmi
2235 4282 2425 4322 eorum
2475 4267 2790 4323 nominibus
2817 4267 3210 4324 inscribuntur.
3249 4268 3389 4323 Sunt
3437 4285 3564 4322 veru

1997 4358 2189 4426 psalmi
2236 4358 2310 4412 illi
2365 4373 2579 4421 omnes,
2630 4369 2687 4412 ut
2737 4359 3086 4426 peritioribus
3140 4369 3283 4413 recte
3329 4360 3563 4422 videtur,

2002 4449 2220 4505 Davitlis
2265 4450 2456 4520 ipsius.
2496 4449 2716 4518 Legitur
2750 4460 2928 4504 autem
2981 4452 3094 4504 hac
3139 4452 3458 4505 vaticinatio
3512 4456 3564 4504 iu

327 4545 424 4598 τὸν
475 4544 684 4598 ἐκεῖθεν
734 4544 832 4613 οὐχ
863 4543 1035 4612 ἡδέως
1073 4542 1438 4610 ὑπομένοντας
1483 4541 1760 4610 κάματον·
1797 4559 1892 4594 πο-
1927 4557 1970 4611 [ι

1891 4574 1892 4581 η
1927 4557 1970 4611 ι)
2003 4559 2256 4599 IzllllleOS
2289 4546 2483 4600 cantici
2526 4544 2766 4607 redacta,
2813 4555 2870 4598 ut
2899 4546 3276 4615 unusquisque
3322 4548 3562 4599 animum

329 4637 632 4703 θεινὸτερον
676 4636 768 4687 τὸν
819 4635 979 4688 πόνον
1014 4634 1238 4702 ποιῆσαι
1281 4633 1621 4704 βουλόμενος,
1670 4634 1766 4687 καὶ
1801 4632 1895 4687 τοῦ

330 4729 580 4797 καμάτου
615 4726 981 4796 ὐποτεμέσθαι
1031 4725 1129 4794 τὴν
1159 4725 1431 4794 αἴσθησιν,
1461 4725 1558 4795 τὴν
1591 4724 1683 4777 τοῦ
1716 4742 1896 4794 μακα-

329 4819 446 4890 ρίου
477 4817 637 4871 Aedilis
671 4818 888 4884 ἐκίνησε
922 4817 1194 4881 γλῶσσαν,
1230 4817 1494 4886 μελῳδίαν
1536 4816 1793 4884 ἀναμίξας
1829 4817 1896 4886 τῇ

330 4910 658 4981 προφητεία,
706 4911 792 4963 ἶνα
834 4909 912 4978 τῷ
956 4909 1148 4979 ῥυθμῷ
1176 4908 1269 4961 τοῦ
1320 4908 1512 4978 μέλους
1542 4908 1900 4978 ψυχαγωγού-

333 5021 505 5072 μενοι,
542 5003 678 5071 μετὰ
707 5001 904 5070 πολλῆς
928 5002 1028 5069 τῆς
1057 5001 1364 5071 προθυμίας
1390 5001 1514 5062 τούς
1547 5001 1718 5070 ἱεροὺς
1749 4999 1899 5068 αὐτῷ

331 5094 750 5164 ἀναπέμπωμεν
779 5093 1001 5163 ὕμνους·
1032 5093 1176 5146 οὕτω
1205 5094 1311 5162 γὰρ
1337 5094 1369 5164 ἡ
1400 5093 1558 5162 φύσις
1584 5091 1737 5161 ἡμῶν
1768 5093 1898 5160 πρὸς

329 5188 400 5239 τὰ
459 5185 677 5256 ᾄσματα
728 5187 821 5238 καὶ
864 5186 932 5239 τὰ
986 5188 1120 5256 μέλη
1170 5184 1382 5248 οἰκείως
1417 5185 1548 5254 ἔχει,
1587 5184 1662 5246 ὼς
1711 5185 1901 5237 καὶτὰ

332 5278 612 5350 ὐπομάζια
645 5279 832 5332 παιδία
855 5277 1372 5347 κλαυθμυριζόμενα
1407 5276 1550 5330 οὕτω
1578 5276 1900 5345 κατακοιμί-

329 5370 551 5435 ζεσθαι·
588 5369 681 5422 καὶ
733 5373 987 5438 γυναῖκες
1037 5369 1450 5439 ίστουργοῦσαι,
1510 5370 1601 5422 καὶ
1646 5369 1898 5439 γηπὸνοι,

331 5462 426 5513 καὶ
467 5461 769 5531 ὁδοιπόροι,
812 5462 905 5514 καὶ
952 5460 1140 5513 ναῦται
1175 5460 1262 5513 τὸν
1303 5461 1366 5512 ἐκ
1391 5461 1496 5513 τῶν
1528 5460 1701 5530 ἔργων
1741 5459 1900 5512 πόνον

331 5553 808 5623 παραμυθοῦνται·
851 5553 924 5616 ὡς
948 5556 1046 5623 τῆς
1094 5554 1291 5623 ψυχῆς,
1325 5554 1373 5604 εί
1403 5553 1598 5621 μέλους
1643 5553 1898 5605 ἀκούσειε

331 5646 425 5699 καὶ
447 5645 606 5715 ᾠδῆς,
633 5647 760 5715 ῥᾷον
784 5644 818 5697 ἆ
832 5662 1000 5698 παντα
1021 5647 1263 5714 ἐνεγκεῖν
1283 5646 1586 5715 δυναμένης
1610 5646 1676 5698 τὰ
1696 5645 1902 5716 ὀχληρὰ

334 5739 426 5790 καὶ
471 5738 722 5790 ἐπίπονα.
791 5737 946 5790 Ἐπεὶ
976 5737 1067 5790 οὖν
1103 5739 1135 5808 ἡ
1168 5737 1314 5807 ψυχὴ
1345 5737 1501 5807 ἡμῶν
1539 5738 1753 5801 οἰκείως
1788 5739 1901 5806 ἔχει

334 5830 470 5898 πρὸς
517 5830 672 5883 τοῦτο
710 5831 769 5882 τὸ
813 5827 949 5894 εἶδος
985 5831 1081 5899 τῆς
1124 5830 1399 5901 τέρψεως·
1438 5831 1524 5884 ἵνα
1564 5833 1636 5898 μὴ
1669 5831 1900 5897 πορνικὰ

2003 4650 2352 4688 numerorum
2386 4636 2556 4703 gratia
2606 4635 2859 4700 oblectet,
2898 4647 2951 4689 et
2982 4636 3226 4690 let-tionis
3262 4638 3564 4691 molestiam

2001 4725 2273 4777 cantando
2314 4723 2484 4776 fallat.
2514 4725 2808 4794 Postquam
2843 4726 2986 4778 enim
3021 4726 3162 4780 Deus
3211 4744 3314 4779 non
3364 4744 3567 4798 paucos

2003 4815 2278 4869 hominum
2311 4818 2590 4887 segniores
2627 4827 2682 4870 et
2717 4817 3009 4872 alieniores
3043 4835 3072 4872 a
3115 4819 3343 4874 lectione
3384 4838 3563 4876 rerum

2001 4911 2330 4973 divinarum,
2382 4925 2480 4965 nec
2528 4911 2663 4965 adeo
2715 4911 2978 4980 patientes
3022 4913 3222 4966 laboris
3275 4914 3421 4968 circa
3477 4915 3567 4968 illa

2001 4999 2402 5064 animadvertit,
2427 5000 2871 5069 utjucundiorem
2892 5001 3140 5056 redderet
3166 5002 3305 5057 hanc
3324 5020 3567 5074 operam,

2001 5099 2054 5146 ct
2103 5092 2431 5162 fatigationis
2455 5095 2797 5150 subtraheret
2853 5112 3106 5164 sensum,
3160 5100 3299 5154 beati
3353 5099 3570 5157 Davitlis

2004 5185 2237 5256 linguam
2269 5188 2454 5251 movit,
2496 5189 2561 5243 ad
2590 5191 2920 5245 miscendam
2951 5193 3218 5248 vaticiniis
3255 5194 3567 5258 melo.liam,

2005 5287 2063 5329 ut
2109 5293 2394 5331 numerosa
2429 5279 2799 5334 modulatione
2834 5281 3003 5344 ducti,
3039 5283 3210 5337 multa
3244 5298 3366 5338 cum
3401 5285 3568 5338 animi

2003 5370 2282 5424 alacritate
2332 5371 2520 5427 laudes
2579 5374 2679 5442 ipsi
2727 5389 2914 5430 sacras
2962 5377 3335 5432 decantemus.
3385 5379 3570 5448 Usque

2002 5461 2148 5515 enim
2197 5463 2331 5516 adeo
2380 5463 2446 5517 ad
2506 5473 2750 5518 naturam
2790 5478 3032 5521 nostram
3077 5479 3386 5536 comparata
3443 5482 3570 5525 sunt

2003 5553 2242 5606 carmina
2287 5562 2342 5608 et
2374 5555 2760 5623 modulamina,
2811 5567 2870 5612 ut
2915 5568 2970 5612 et
3019 5561 3168 5626 pueri
3208 5561 3484 5623 lat-tentes.
3515 5572 3570 5617 et

2005 5643 2263 5698 mulieres
2296 5656 2504 5709 nentes,
2549 5656 2601 5699 et
2635 5649 2902 5716 agricolae,
2935 5658 2989 5702 et
3020 5650 3281 5714 viatores,
3312 5660 3366 5704 et
3395 5664 3570 5706 nauta:

2006 5735 2310 5789 molestiam
2361 5738 2561 5791 laboris
2595 5751 2759 5793 cantu
2796 5739 3036 5793 solentur
3079 5758 3092 5794 :
3143 5743 3300 5810 quasi
3351 5744 3568 5805 anima,

2007 5828 2050 5880 si
2089 5827 2507 5883 modulationem
2544 5840 2637 5884 aut
2697 5839 2914 5886 cautum
2952 5831 3156 5888 audiat.
3196 5849 3568 5905 quamcunque
