4232 6434
277 371 412 441 16⁸13

1192 380 1585 442 ΡΒΑΞΡΑΤΙΟ
1626 383 1722 442 ΑΙ)
1761 380 2114 441 CATENAM
2152 381 2232 440 IN
2270 380 2630 441 PSALMHS.

3371 369 3504 435 1078

272 490 490 550 πάντως
530 489 595 559 τῇ
649 489 947 560 ὑπερτάσει
994 493 1091 562 τῆς
1131 493 1329 562 χορδῆς
1376 493 1437 545 τὸ
1469 494 1837 563 εὐάρμοστον³
1874 500 1915 553 Α

1835 500 1915 553 Ἀ
1949 494 2207 544 virtutum
2265 492 2557 547 admsicuit
2614 491 2938 556 melodiam,
3005 498 3061 544 ut
3119 491 3276 560 quasi
3331 492 3506 559 aliqua

273 576 413 643 μήτε
457 576 591 646 πρὸς
624 578 685 631 τὸ
713 578 971 643 ἐναντίον,
1001 580 1060 633 ὲν
1088 581 1321 653 ἀμετρίᾳ
1354 582 1452 649 τῆς
1483 584 1676 652 ἡδονῆς
1708 584 1834 635 ὑπο-

271 665 612 736 χαλώμενον’
660 670 816 739 κωφὴ
850 669 958 740 γὰρ
1002 672 1096 725 καὶ
1138 672 1361 735 ἄναυδος
1397 675 1602 740 γίνεται
1635 675 1666 743 ή
1694 673 1837 744 ψυχὴ

271 760 387 820 τοῖς
427 758 528 829 τῆς
559 760 750 830 ἡδονῆς
778 762 1179 831 ὲγχαυνωθεῖσα
1212 764 1430 819 πάθεσι.
1464 766 1631 834 Δῆλον
1655 764 1745 817 οὖν
1777 768 1839 817 ἐκ

273 850 477 901 τούτων
510 851 627 903 ἐστὶ
650 854 828 923 ,πρὸς
855 855 883 906 ὄ
911 871 961 907 τι
994 854 1181 923 βλέπει
1210 856 1309 923 τῆς
1343 856 1605 926 μελῳδίας
1628 855 1686 908 τὸ
1709 859 1842 908 αἴνι-

275 956 421 1008 γμαο
446 940 532 993 ὅτι
562 941 658 1011 τὴν
682 944 787 996 τῶν
816 945 1154 1015 παθημάτων
1182 948 1440 1017 συστολὴν
1485 965 1548 999 συ
1557 948 1842 1017 piacula-ist

279 1032 579 1085 ποιεῖσθαιι
619 1036 725 1086 τῶν
764 1035 1035 1107 διαφόρως
1067 1039 1195 1106 ἡμῖν
1236 1039 1601 1106 ὲγγινομένων
1632 1039 1693 1089 ἐκ
1737 1038 1844 1089 τῶν

276 1119 547 1189 βιωτικῶν
594 1127 988 1193 περιστάσεων.
1033 1129 1196 1182 Ὅθεν
1228 1130 1319 1181 καὶ
1345 1128 1412 1180 τὰ
1447 1127 1845 1197 κατορθώματα

275 1212 375 1281 τῆς
401 1214 551 1277 θείας
568 1216 771 1287 ταύτης
798 1219 1064 1289 μουσικῆς
1089 1222 1501 1292 προσμαρτυρεῖ
1522 1220 1598 1291 τῷ
1627 1220 1790 1273 Δαδῖδ

277 1303 510 1373 ἱστορία,
544 1306 625 1359 ὅτι
651 1309 966 1378 παράφορδν
1010 1328 1142 1381 ποτε
1172 1311 1493 1364 καταλαϐὼν
1526 1312 1616 1364 τὸν
1653 1311 1845 1375 Σαοὺλ,

277 1397 372 1447 καὶ
410 1396 736 1465 ἐξεστηκότα
769 1401 868 1470 τῆς
898 1401 1158 1464 διανοίας,
1192 1401 1365 1464 οὕτως
1393 1403 1666 1465 ὲξιάσατο,
1717 1419 1849 1454 κατ-

277 1488 495 1558 επᾴδων
524 1489 618 1541 τοῦ
648 1492 875 1553 πάθους,
925 1492 1063 1545 ὥστε
1094 1493 1241 1561 αὐτῷ
1268 1494 1429 1546 πάλιν
1460 1493 1595 1563 πρὸς
1621 1494 1681 1545 τὸ
1706 1492 1847 1546 κατά

280 1578 443 1643 φύσιν
476 1580 790 1633 ἐπανελθεῖν
824 1583 921 1651 τὴν
947 1582 1208 1637 διάνοιαν.
1253 1583 1362 1653 Τὴν
1390 1583 1445 1636 δὲ
1476 1584 1584 1636 τῶν
1618 1583 1850 1652 ψαλμῶν

282 1668 465 1736 βίϐλον
512 1671 691 1739 (τοῦτο
714 1672 823 1744 γάρ
853 1672 1102 1738 ἐξετάσαι
1131 1674 1410 1742 λείπεται)
1460 1676 1540 1735 εἰς
1568 1675 1727 1728 πέντε
1770 1674 1850 1745 βι-

283 1761 406 1812 ϐλία
439 1762 681 1831 Ἑϐραῖοι
709 1764 1183 1833 διαιροῦσιν,ὦστε
1214 1765 1463 1833 γενέσθαι
1490 1765 1657 1834 αὐτὴν
1685 1766 1849 1834 ἀλλην

285 1852 670 1921 πεντάτευχον.
728 1856 859 1908 Ἀπὸ
902 1857 1012 1926 γάρ
1057 1856 1149 1910 τοῦ
1197 1857 1415 1928 πρώτου
1438 1857 1653 1928 ψαλμοῦ
1690 1860 1849 1928 μέχρι

284 1942 379 1995 τοῦ
404 1944 839 2013 τεσσαρακοστοῦ
892 1947 1019 2015 μίαν
1047 1947 1357 2015 ὲλογίσαντο
1392 1947 1605 2018 βίϐλονο
1649 1948 1755 2001 ἀπὸ
1794 1948 1850 2002 δὲ

283 2035 378 2088 τοῦ
419 2039 859 2111 τεσσαρακοστοῦ
903 2041 1119 2111 πρώτου
1157 2043 1261 2106 ἕως
1306 2042 1401 2096 τοῦ
1452 2042 1851 2114 ἑϐδομηκοστοῦ

286 2125 528 2197 πρώτου,
565 2129 859 2199 δευτέραν·
892 2132 999 2183 ἀπὸ
1027 2132 1083 2185 δὲ
1112 2132 1205 2185 τοῦ
1238 2133 1637 2203 ἑϐδομηκοποῦ
1670 2132 1852 2185 δευτέ-

287 2237 384 2289 ρου
428 2220 531 2284 ἕως
581 2221 673 2275 τοῦ
721 2223 1075 2293 ὀγδοηκοστοῦ
1122 2225 1336 2293 ὀγδόου,
1382 2228 1604 2297 τρίτην·
1648 2226 1755 2280 ἀπὸ
1795 2226 1852 2278 δὲ

283 2311 642 2381 δγδοηκοστοῦ
686 2315 927 2378 ἔννάτου,
973 2316 1080 2380 ἕως
1128 2318 1221 2370 τοῦ
1267 2318 1560 2372 ἑκατοστοῦ
1602 2320 1852 2388 πέμπτου

285 2402 551 2472 τετάρτην
578 2405 857 2460 ’ἐντεῦθεν
902 2407 1003 2471 ἕως
1042 2408 1228 2473 τέλους
1272 2409 1546 2480 πέμπτην.
1591 2411 1856 2464 Ἕκαστον

288 2493 397 2564 γὰρ
421 2494 635 2567 ψαλμὸν
662 2500 717 2551 ὲν
743 2499 817 2568 τῷ
844 2500 984 2554 τέλει
1006 2500 1193 2572 ἔχοντα
1213 2503 1636 2573 τὸ,‹Εὺλογητδς
1656 2504 1857 2573 Κύριος

287 2587 548 2653 γένοιτο,ι
577 2589 728 2653 τέλος
760 2587 897 2644 εἶναι
948 2592 1154 2662 βιϐλίου
1191 2594 1548 2648 ἐδικαίωσαν·
1578 2596 1677 2666 τῆς
1711 2597 1856 2666 πέμ-

291 2695 431 2748 πτης
477 2682 645 2748 μόνης
696 2684 933 2752 μερίδος,
982 2686 1100 2738 ἀντὶ
1128 2686 1220 2738 τοῦ
1248 2706 1265 2739 ι
1300 2687 1601 2757 Εὐλογητὸς
1631 2688 1854 2759 Κύριος,

290 2769 753 2839 γένοιτο,γένοιτο.
768 2774 1021 2844 »ἐχούσης
1041 2776 1127 2829 τδι
1143 2777 1294 2830 Πᾶσα
1318 2778 1452 2850 πνοὴ
1480 2779 1746 2832 αἰνεσάτω
1769 2782 1859 2832 τὸν

298 2858 554 2928 Κύριον.»
591 2861 686 2921 Τίς
711 2861 767 2915 δὲ
806 2866 839 2934 ὴ
872 2867 929 2918 ὲν
960 2864 1168 2929 τούτοις
1200 2865 1419 2936 τεχνικὴ
1448 2867 1629 2932 τάξις;
1654 2867 1728 2920 Τδ
1761 2867 1859 2935 μὲν

292 2951 510 3020 πρῶτον
546 2957 741 3024 τμῆμα
782 2956 879 3025 τῆς
900 2957 1097 3020 κακίας
1124 2958 1383 3028 ἀφίστησι
1412 2959 1505 3011 τὸν
1535 2957 1820 3028 ἄνθρωπον
1842 2973 1856 2989 ⁸

292 3040 354 3092 τὸ
394 3040 450 3093 δὲ
474 3041 725 3113 δεύτερον
757 3046 1133 3117 ὑπερδιψῶντα
1164 3049 1373 3117 είσάγει
1407 3049 1595 3104 τοῦτον
1620 3051 1715 3105 τοῦ
1742 3051 1859 3120 βελο

1940 582 2117 635 mellis
2166 583 2429 635 suavitate
2474 584 2723 651 dogmata
2778 581 3094 635 sublimiora
3138 579 3507 650 perfunderet.

1943 674 2116 742 Atque
2148 674 2276 726 mihi
2323 674 2536 743 quidem
2572 675 2686 728 haec
2722 674 2822 727 sub
2858 672 3142 727 iuvolucro
3168 671 3393 725 inuuere
3431 671 3509 723 vi-

1941 768 2121 831 detur,
2156 766 2371 818 illorqu
2426 766 2517 833 qui
2567 767 2823 819 virtutem
2883 763 3104 825 colunt,
3162 779 3269 815 non
3316 762 3514 816 debere

1943 872 2124 911 mores
2150 857 2294 910 modi
2318 865 2371 909 et
2396 856 2694 911 harmonia:
2716 867 2963 925 expertos
2989 870 3110 909 esse
3152 865 3244 908 aut
3270 854 3514 907 incurio-

1944 966 2057 1014 sos,
2092 951 2184 1005 sed
2209 949 2555 1003 harmonicos
2581 958 2633 1001 et
2655 964 3011 1014 numerosos;
3051 963 3228 1015 neque
3254 961 3423 1014 usque
3446 944 3513 997 ad

1944 1053 2228 1093 excessum
2258 1038 2495 1107 rigidos;
2530 1037 2754 1091 omnino
2783 1040 2925 1091 enim
2976 1036 3145 1091 nimia
3208 1035 3517 1089 inlensione

1945 1130 2162 1186 chordae
2186 1130 2457 1199 rumpitur
2498 1138 2833 1193 concentus;
2872 1143 3046 1197 neque
3077 1129 3131 1181 in
3180 1126 3514 1181 contrariam

1948 1230 2153 1290 partem
2186 1221 2503 1284 dissolutos,
2543 1220 2611 1273 ab
2640 1219 3057 1288 intemperantia
3110 1218 3330 1286 scilicet.
3363 1217 3516 1270 volu-

1949 1314 2113 1380 ptatis
2146 1330 2159 1365 :
2195 1319 2344 1364 muta
2373 1310 2519 1364 enim
2553 1318 2606 1363 et
2627 1309 2858 1378 elinguis
2892 1308 3134 1362 redditur
3163 1308 3365 1373 anima,
3397 1321 3519 1376 qua:

1950 1416 1979 1455 a
2027 1402 2211 1455 studio
2254 1401 2544 1471 voluptatis
2595 1400 2905 1456 resolvitur.
2960 1398 3036 1452 Ex
3066 1398 3150 1451 his
3183 1398 3349 1466 liquet
3388 1397 3515 1464 quid

1950 1491 2053 1546 sibi
2085 1492 2211 1545 velit
2236 1493 2457 1546 musicae
2484 1491 2613 1545 illud
2649 1489 3013 1549 involucrum,
3044 1487 3188 1555 quod
3228 1486 3517 1539 atTectuum

1953 1584 2171 1636 modqu
2217 1592 2272 1636 et
2313 1590 2801 1652 temperamentum
2854 1579 3067 1639 suadet.
3100 1578 3192 1647 qui
3225 1578 3369 1629 varie
3402 1577 3519 1629 alii-

1952 1675 2104 1730 ciunt
2131 1676 2343 1729 animos
2381 1689 2479 1744 pro
2522 1675 2839 1729 discrimine
2895 1672 3146 1727 ordinum
3182 1680 3237 1724 et
3276 1679 3517 1722 aetatum.

1954 1766 2196 1837 Denique
2239 1768 2305 1822 de
2362 1767 2656 1821 virtutibus
2695 1765 2916 1819 musicae
2973 1764 3136 1833 hujus
3174 1762 3371 1815 divinae
3434 1776 3521 1813 res

1954 1858 2066 1928 ipsa
2094 1856 2466 1914 testimonium
2500 1856 2702 1927 prtebet
2734 1844 2961 1918 Davidi,‘
2980 1855 3072 1923 qui
3120 1853 3438 1908 delirantem
3468 1861 3521 1903 et

1953 1959 2108 2005 extra
2170 1965 2230 2005 se
2275 1951 2633 2005 constitutum
2685 1957 2880 2004 nactus
2942 1946 3190 2011 Saulem,
3254 1943 3522 1999 canuudu

1955 2056 2131 2111 usque
2168 2039 2303 2095 adeo
2333 2042 2639 2111 perruravit
2665 2041 2755 2095 illa
2799 2040 2867 2094 ab
2896 2039 3236 2108 a‘gritudiue,
3272 2047 3329 2091 ut
3362 2037 3522 2105 paulo

1954 2142 2077 2202 post
2107 2148 2239 2188 usus
2287 2133 2536 2195 rationis,
2584 2132 2762 2203 qualis
2792 2140 2946 2186 extra
2980 2131 3228 2184 morbum
3274 2137 3413 2189 erat,
3447 2128 3522 2180 illi

1956 2226 2178 2281 rediret.
2230 2226 2576 2280 Psalmorum
2626 2239 2755 2280 vero
2802 2223 3022 2288 librum,
3076 2222 3221 2292 quod
3270 2222 3520 2273 ultimum

1957 2325 2041 2372 est
2071 2317 2478 2387 perquisitiouis
2510 2320 2730 2379 nostra,
2765 2315 2819 2368 in
2843 2316 3085 2384 quiuq'tc
3120 2314 3287 2367 libros
3316 2310 3525 2365 Hclmei

1957 2409 2223 2473 dividunt,
2251 2410 2394 2463 unde
2426 2408 2529 2462 alia
2569 2407 2751 2476 prodit
2783 2405 3209 2461 Peutateuehus.
3256 2407 3299 2458 Α
3351 2404 3527 2471 primo

1958 2499 2101 2553 enim
2144 2498 2211 2552 ad
2245 2497 2724 2567 quadragesimum
2773 2510 2980 2599 usque,
3033 2496 3265 2564 primum
3324 2495 3530 2549 descri-

1957 2598 2183 2659 pserunt
2224 2590 2456 2655 librum;
2486 2605 2514 2641 a
2543 2586 2961 2659 quadragesimo
2997 2587 3173 2655 primo
3211 2586 3277 2640 ad
3307 2595 3527 2655 septua-

1959 2681 2223 2749 gesimum
2266 2682 2527 2750 primum,
2570 2681 2914 2745 secundum;
2946 2695 2987 2734 α
3010 2680 3411 2747 septuagesimo
3444 2694 3530 2733 se-

1959 2772 2139 2826 cundo
2169 2771 2233 2825 ad
2258 2772 2652 2842 octogesimum
2682 2780 2956 2835 octavum,
2988 2771 3241 2835 tertium;
3280 2770 3350 2823 ah
3376 2778 3532 2822 octo.

1961 2864 2166 2933 gcsimo
2194 2877 2359 2926 nono,
2413 2863 2482 2917 ad
2532 2862 2783 2933 quintum
2831 2877 3005 2933 usque
3050 2872 3103 2917 et
3145 2862 3527 2925 centesimum,

1961 2968 2246 3024 quarum);
2290 2956 2414 3011 inde
2462 2970 2635 3027 usque
2676 2956 2744 3010 ad
2794 2955 2956 3010 tinem
2996 2956 3269 3025 quintum.
3324 2952 3532 3007 Unum-

1961 3064 2232 3119 quemque
2253 3050 2397 3102 enim
2427 3049 2758 3119 psalmorum
2781 3050 2869 3104 cui
2899 3048 3023 3103 linis
3046 3065 3059 3103 :
3082 3048 3404 3101 Benedictus
3427 3044 3534 3097 Do-

293 3132 503 3199 τὶονος,
530 3136 672 3189 κατά
719 3136 817 3208 τὴν
856 3137 1262 3210 διψωδεστάτην
1302 3140 1532 3211 ἔλαφον
1574 3142 1633 3195 τὸ
1677 3142 1859 3213 τρίτον
1885 3160 1929 3219 c

1885 3160 1929 3219 ρ
1963 3144 2164 3206 minus,
2192 3141 2301 3206 tiat,
2343 3142 2503 3196 tinem
2523 3157 2644 3197 esse
2677 3142 3014 3212 singulorum
3048 3140 3311 3194 librorum
3332 3154 3532 3193 sanxe-

296 3223 593 3278 ὐποπτικὺν
632 3228 792 3281 αὑτὸν
820 3231 1117 3301 παρίστησι
1153 3232 1250 3300 τῆς
1277 3232 1385 3286 τῶν
1413 3232 1580 3286 ὅντων
1611 3233 1857 3301 φύσεωςο

292 3315 369 3374 ὡς
401 3316 602 3384 ἀγαθὸς
635 3320 764 3390 γάρ,
810 3323 997 3391 φησὶν,
1032 3325 1061 3377 ὁ
1091 3324 1223 3386 Θεὸς
1249 3324 1327 3395 τῷ
1365 3327 1610 3396 Ἰσραήλ·
1635 3324 1745 3392 ἐγὼ
1768 3326 1823 3377 δὲ
1845 3363 1861 3387 ,

297 3408 454 3473 φησὶ.
485 3409 762 3481 κτηνώδης
787 3413 885 3481 μὲν
909 3414 1078 3483 ἥμην,
1100 3416 1188 3468 ὅτε
1219 3416 1276 3467 ὲν
1303 3418 1416 3479 τοῖς
1458 3416 1762 3486 ἐπικαίροις
1804 3416 1864 3469 τὸ

296 3498 501 3563 ἀγαθὸν
536 3499 817 3573 ώριζόμην
840 3520 854 3535 ο
889 3504 982 3558 νῦν
1014 3506 1071 3559 δὲ
1122 3505 1262 3575 μετά
1293 3506 1385 3559 σοῦ
1433 3507 1569 3574 είμι.
1608 3507 1697 3559 ὅτε
1729 3507 1865 3576 πρὸς

297 3593 366 3641 τά
389 3591 538 3655 δεξιά
566 3593 819 3663 ὥρμησα.
861 3596 935 3648 Τὸ
968 3596 1225 3667 τέταρτον
1246 3598 1426 3651 οὐκέτι
1465 3598 1643 3651 κοινὸν
1672 3598 1865 3668 ἀφίησι

301 3686 393 3736 silv
435 3685 720 3754 ἀνθρὼπον
762 3682 921 3754 εἶναι,
952 3689 1065 3742 ἀλλ’
1092 3691 1192 3761 ἠδη
1230 3690 1307 3760 τῷ
1337 3690 1454 3759 Θεῷ
1487 3693 1769 3746 συνάπτει.
1805 3693 1864 3745 Ὀ

303 3774 413 3843 γάρ
451 3775 805 3845 ὀγδοηκοστὸς
853 3779 1069 3844 ἐννατος
1111 3780 1323 3849 ψαλμδς
1366 3782 1677 3853 ἐπιγραφὴν
1719 3782 1860 3852 ἔχει’

306 3882 327 3914 ι
344 3865 623 3937 "pessuli;
639 3869 843 3939 Μωῦσῆ
864 3871 959 3923 ἀνθ
970 3870 1133 3941 ρώπῳ
1157 3872 1249 3925 τοῦ
1264 3873 1419 3926 Θεοῦ⁶
1434 3874 1519 3926 no
1535 3874 1587 3927 δὲ
1616 3875 1867 3943 πέμπτον

297 3958 394 4010 ἐπὶ
417 3957 513 4028 τὴν
536 3959 843 4031 ἀκρώρειαν
873 3962 995 4030 ἄγει
1026 3965 1123 4033 τῆς
1156 3964 1525 4029 ἀναϐάσεως·ι
1551 3966 1688 4036 Ἑμὴ
1720 3968 1867 4020 πᾶσα

301 4052 696 4123 συμπλήριιισις
724 4056 820 4123 τῆς
848 4057 1193 4127 ἀνθρωπίνης
1224 4057 1495 4128 σωτηρίας
1524 4059 1639 4110 ὲστί
1661 4073 1674 4087 ⁸
1718 4061 1869 4113 πᾶσα

299 4144 431 4213 γάρ,
464 4146 615 4214 φησὶ,
647 4146 781 4217 πνοὴ
811 4150 1077 4200 αἰνεσάτω
1107 4149 1197 4200 τὸν
1227 4148 1745 4218 Κύριον.›Τοιοῦτον
1770 4150 1869 4221 μὲν

298 4236 365 4306 δὴ
395 4237 458 4290 τὸ
495 4239 822 4309 προσοψημα
842 4257 855 4270 ·
902 4240 1089 4310 καιρδς
1114 4241 1159 4293 δ’
1188 4240 1257 4293 ἂν
1290 4242 1398 4311 εἴη,
1442 4242 1537 4296 καὶ
1562 4242 1729 4312 αὐτὴν
1761 4259 1869 4295 πα-

305 4326 547 4396 ραθεῖναι
592 4330 693 4399 τὴν
737 4331 1082 4397 πανδαισίαν,
1124 4332 1193 4402 ἢν
1233 4334 1262 4387 ὁ
1292 4331 1431 4396 θεῖος
1480 4333 1644 4387 Δαϐὶδ
1686 4334 1870 4399 καλοῖς

301 4416 454 4469 δαιτυ
463 4419 619 4487 μὸσιν
651 4421 1001 4489 ἡτοιμάσατο.

301 4512 504 4575 Quinta
550 4527 677 4566 vero
721 4529 845 4580 pars
891 4515 958 4568 ad
994 4516 1206 4569 culmen
1249 4516 1397 4570 ducit
1427 4531 1707 4571 ascensus.
1742 4517 2020 4573 Gloriatur
2069 4519 2263 4573 enim:

1962 3244 2090 3289 runt
2119 3252 2132 3289 :
2186 3235 2300 3289 sola
2328 3244 2480 3303 parte
2508 3235 2695 3304 quinta
2727 3249 2826 3304 pro
2851 3234 2978 3304 illo‘:
3006 3231 3331 3287 Benedictus
3349 3230 3534 3284 Domi-

1964 3342 2086 3389 nus,
2103 3328 2209 3392 tiat,
2228 3327 2574 3387 fiat.habente
2594 3328 2812 3383 :Omnis
2828 3296 3007 3381 anm’ta
3027 3327 3205 3379 laudet
3223 3322 3532 3377 Dominum.

1963 3418 2172 3483 Quaeris
2210 3436 2331 3490 quae
2363 3422 2435 3475 sit
2467 3421 2604 3475 ratio
2636 3420 2802 3489 hujus
2839 3418 3092 3474 ordinis?
3124 3416 3308 3471 Prima
3358 3415 3532 3469 sectio

1967 3509 2369 3579 improbitatem
2405 3512 2575 3566 demit
2613 3511 2854 3576 homini;
2903 3510 3070 3564 altera
3109 3502 3235 3577 pars
3280 3505 3532 3560 eumdem

1967 3603 2175 3658 inducit
2218 3605 2490 3658 sitientem
2546 3604 2789 3665 meliora.
2842 3613 2903 3656 ut
2947 3616 3168 3655 cervum
3226 3598 3534 3658 sitientem.

1968 3698 2123 3751 tertia
2155 3712 2281 3767 pars
2310 3708 2549 3752 erectum
2583 3697 2733 3751 illum
2782 3706 2837 3752 et
2865 3694 3253 3764 despicientem
3294 3705 3383 3745 res
3430 3690 3535 3743 hu-

1967 3806 2159 3845 manas
2203 3791 2444 3853 exhibet,
2474 3791 2629 3861 quasi
2671 3791 2816 3844 enim
2858 3790 2926 3844 ad
2984 3788 3197 3857 frugem
3245 3784 3533 3845 rediisset,

1968 3881 2043 3936 ita
2079 3880 2224 3937 Deus
2272 3883 2520 3953 loquitur
2550 3882 2735 3938 lsracli
2768 3901 2781 3936 :
2816 3881 2947 3951 Ego,
2982 3880 3179 3950 inquit,
3214 3878 3407 3932 brutus
3438 3873 3538 3927 ali—

1968 3971 2189 4041 quando
2220 3988 2368 4027 eram
2390 4012 2405 4036 ,
2432 3989 2557 4033 cum
2611 3973 2663 4027 in
2697 3971 3083 4043 temporalibus
3124 3970 3325 4023 bonum
3364 3980 3532 4036 pone-

1968 4062 2115 4128 bam,
2142 4078 2289 4118 nunc
2314 4078 2443 4118 vero
2470 4064 2564 4118 tibi
2593 4063 3185 4133 adluaereo,\postquani
3212 4059 3278 4113 ad
3307 4056 3540 4111 rectiora

1970 4169 2265 4223 conversus
2296 4170 2440 4209 sum.
2462 4151 2671 4219 Quarta
2711 4169 2834 4224 pars
2859 4168 2966 4207 non
2998 4151 3231 4221 amplius
3260 4163 3359 4219 pro
3382 4147 3540 4201 dere-

1971 4243 2101 4299 liCto
2128 4243 2289 4297 habet
2320 4242 2616 4305 hominem,
2652 4242 2744 4297 sed
2773 4242 2885 4311 jam
2908 4241 3070 4294 illum
3102 4238 3210 4292 Deo
3238 4233 3538 4303 conjungit.

1971 4334 2353 4405 Octogesimus
2384 4334 2530 4388 enim
2565 4340 2619 4387 et
2649 4346 2828 4387 nonus
2875 4330 3122 4414 psalmus
3176 4326 3391 4381 titulum
3441 4321 3541 4376 ha-

1973 4427 2065 4481 bet
2119 4444 2133 4480 :
2189 4424 2379 4480 Oratio
2443 4424 2853 4479 accommodata
2920 4413 3089 4491 Moysi
3151 4416 3362 4473 homini
3422 4413 3539 4470 Dei.

2333 4515 2450 4571 Mea
2494 4525 2578 4571 est
2628 4514 2809 4569 omnis
2858 4527 3071 4568 summa
3132 4507 3404 4564 fclicitatis
3439 4505 3544 4558 hu-

303 4617 512 4670 manae;
547 4619 698 4675 ergo,
739 4607 890 4671 dicit,
922 4608 1102 4662 omnis
1129 4608 1306 4662 anima
1338 4609 1517 4663 laudet
1548 4608 1856 4664 Dominum.
1893 4610 2023 4666 Tale
2084 4610 2303 4678 quidem
2352 4617 2437 4676 est
2482 4608 2829 4672 convivium;
2896 4619 3043 4658 nunc
3100 4612 3315 4671 tempus
3338 4609 3421 4655 est
3446 4613 3544 4668 Ip-

304 4714 505 4769 ponere
526 4714 742 4754 omnem
772 4699 1099 4756 ferculorum
1131 4701 1467 4767 varietatem,
1504 4717 1667 4773 quam
1696 4702 1865 4757 David
1895 4704 2082 4774 probis
2104 4704 2351 4759 convivis
2375 4699 2658 4772 apparavit

312 4818 504 4874 Versus
538 4819 749 4874 iambici
778 4822 833 4875 ἱιι
863 4830 1089 4891 quatuor
1119 4822 1421 4891 prophetas,
1442 4834 1561 4876 ante
1586 4823 1840 4877 Catenam
1871 4825 2133 4889 inscripti.
2176 4822 2622 4890 (Nicetw-forsan
2659 4819 3044 4881 Heracleensis,
3082 4819 3358 4874 Constant.
3413 4820 3541 4875 emt.

742 4914 765 4927 ν
895 4944 901 4951 .
1348 4895 1578 4958 diaconi,
1607 4911 1695 4947 an.
1738 4896 1799 4949 C.
1840 4895 1994 4948 l0'i7.
2030 4895 2248 4949 limem
2279 4894 2318 4955 Ι,
2361 4893 2472 4961 l9.)

942 5006 1213 5059 ῙΙΣΔΙΛΣ.

423 5121 486 5172 'H
520 5117 627 5173 τῶν
648 5118 941 5188 προφητῶν
970 5119 1205 5189 ἀκρότης
1254 5119 1503 5182 Ἡσαΐας,

412 5215 517 5267 Τὸν
544 5214 669 5267 νοῦν
698 5213 990 5282 καθαρθεὶς
1017 5211 1247 5282 ἄνθρακι
1279 5210 1475 5280 φλογὸς
1503 5211 1680 5279 ξένης,

412 5309 525 5361 Καὶ
550 5307 615 5377 δὴ
644 5307 704 5359 τὸ
735 5306 927 5375 μέλλον
957 5306 1029 5367 ὡς
1061 5305 1289 5367 ἐνεστὼς
1322 5304 1664 5374 προϐλέπων,

411 5398 647 5470 Χριστοῦ
670 5400 995 5469 διετράνωσε
1020 5398 1120 5467 τὴν
1150 5397 1470 5464 παρουσίαν,

414 5494 626 5548 ῐιτῶσιν
659 5492 1030 5563 προηγόρευσε
1060 5490 1169 5543 τῶν
1198 5488 1626 5559 Χριστοκτόνων,

419 5588 606 5641 Πίστιν
636 5589 862 5656 προεῖπε
887 5584 995 5636 τῶν
1022 5584 1151 5653 πρὶν
1184 5582 1382 5648 ἔξωθεν
1411 5580 1600 5649 νόμου,

420 5682 529 5732 Καὶ
564 5681 724 5731 παντὶ
753 5679 943 5745 κόσμῳ
970 5678 1068 5744 τὴν
1099 5675 1420 5746 παλίρροιαν
1456 5674 1591 5743 βίου.

426 5770 681 5834 ιιοισθεὶς
711 5769 887 5839 φθόνῳ
916 5769 992 5835 δὲ,
1015 5768 1109 5821 καὶ
1139 5768 1298 5821 παῦ).ον
1328 5765 1507 5837 λαχὼν
1540 5766 1740 5836 μένειν,

1890 5006 1943 5065 Ι)

2630 5004 2874 5059 ISAIAS.

1970 5119 2362 5188 PrOphetarum
2394 5132 2525 5187 apex
2558 5116 2744 5177 Isaias.

1973 5207 2147 5262 Mente
2177 5215 2434 5277 purgatus
2467 5220 2497 5258 a
2527 5206 2763 5259 carbone
2794 5204 3025 5258 llamtnru
3048 5203 3262 5266 aiienm,

1972 5298 2270 5367 Futuriquc
2302 5304 2359 5349 ut
2382 5295 2495 5364 jam
2529 5295 2864 5350 imminentis
2886 5294 3169 5364 providus,

1973 5391 2176 5444 Christi
2207 5387 2532 5455 signiﬁcavit
2569 5386 2939 5456 prmsentiam,

1980 5482 2290 5549 Casumque
2317 5479 2569 5548 praedixit
2599 5477 3076 5537 Christicidarum,

1982 5572 2166 5625 Fidem
2203 5570 2582 5640 praenuntiavit
2608 5578 2733 5623 ante
2756 5585 2785 5622 a
2820 5570 2932 5635 lege
2958 5568 3283 5621 alienorum.

1980 5664 2209 5731 Totique
2237 5663 2439 5715 mundo
2476 5661 2595 5713 vitae
2626 5660 3045 5714 restitutionem.

1918 5755 1932 5765 “
1980 5756 2254 5813 Dissectus
2282 5765 2458 5810 autem
2479 5752 2701 5819 invidia,
2721 5752 2933 5825 polique
2960 5761 3111 5806 sorte
3144 5751 3396 5813 donatus,
