  <div class='ocr_page' id='page_1' title='image "/cluster/home/n/w/nwhite01/storage/ocr_20150623/106/nnc1.0046979980/568.png"; bbox 0 0 4220 6432; ppageno 0'>
   <div class='ocr_carea' id='block_1_1' title="bbox 308 419 440 484">
    <p class='ocr_par' dir='ltr' id='par_1_1' title="bbox 308 419 440 484">
     <span class='ocr_line' id='line_1_1' title="bbox 308 419 440 484; baseline -0.015 -1"><span class='ocrx_word' id='word_1_1' title='bbox 308 419 440 484; x_wconf 81' lang='grc' dir='ltr'><strong>1οΠ</strong></span> 
     </span>
    </p>
   </div>
   <div class='ocr_carea' id='block_1_2' title="bbox 363 569 672 584">
    <p class='ocr_par' dir='ltr' id='par_1_2' title="bbox 363 569 672 584">
     <span class='ocr_line' id='line_1_2' title="bbox 363 569 672 584; baseline 0.006 -2"><span class='ocrx_word' id='word_1_2' title='bbox 363 569 672 584; x_wconf 43' lang='lat' dir='ltr'><strong>ﬂ</strong></span> 
     </span>
    </p>
   </div>
   <div class='ocr_carea' id='block_1_3' title="bbox 308 584 689 603">
    <p class='ocr_par' dir='ltr' id='par_1_3' title="bbox 308 584 689 603">
     <span class='ocr_line' id='line_1_3' title="bbox 308 584 689 603; baseline 0 -4"><span class='ocrx_word' id='word_1_3' title='bbox 308 584 689 603; x_wconf 45' lang='grc' dir='ltr'><em>Η</em></span> 
     </span>
    </p>
   </div>
   <div class='ocr_carea' id='block_1_4' title="bbox 1287 415 2553 484">
    <p class='ocr_par' dir='ltr' id='par_1_4' title="bbox 1287 415 2553 484">
     <span class='ocr_line' id='line_1_4' title="bbox 1287 415 2553 484; baseline -0.007 -2"><span class='ocrx_word' id='word_1_4' title='bbox 1287 421 1603 482; x_wconf 83' lang='lat' dir='ltr'><strong>SCHOLIA</strong></span> <span class='ocrx_word' id='word_1_5' title='bbox 1641 419 1938 484; x_wconf 77' lang='lat' dir='ltr'><strong>VETERA</strong></span> <span class='ocrx_word' id='word_1_6' title='bbox 1978 419 2055 478; x_wconf 88' lang='lat' dir='ltr'><strong>IN</strong></span> <span class='ocrx_word' id='word_1_7' title='bbox 2094 415 2553 477; x_wconf 65' lang='lat' dir='ltr'><strong>MATTHEUM.</strong></span> 
     </span>
    </p>
   </div>
   <div class='ocr_carea' id='block_1_5' title="bbox 1237 720 2591 864">
    <p class='ocr_par' dir='ltr' id='par_1_5' title="bbox 1237 720 2591 864">
     <span class='ocr_line' id='line_1_5' title="bbox 1237 720 2591 864; baseline -0.007 -2"><span class='ocrx_word' id='word_1_8' title='bbox 1237 725 1871 864; x_wconf 86' lang='grc' dir='ltr'><strong>ΣΧΟΛΙΑ</strong></span> <span class='ocrx_word' id='word_1_9' title='bbox 1950 720 2591 858; x_wconf 84' lang='grc' dir='ltr'><strong>ΠΑΛΑΙΑ</strong></span> 
     </span>
    </p>
   </div>
   <div class='ocr_carea' id='block_1_6' title="bbox 906 956 2893 1058">
    <p class='ocr_par' dir='ltr' id='par_1_6' title="bbox 906 956 2893 1058">
     <span class='ocr_line' id='line_1_6' title="bbox 906 956 2893 1058; baseline -0.009 0"><span class='ocrx_word' id='word_1_10' title='bbox 906 973 1078 1058; x_wconf 87' lang='grc' dir='ltr'><strong>ΕΙΣ</strong></span> <span class='ocrx_word' id='word_1_11' title='bbox 1134 966 1832 1058; x_wconf 83' lang='grc' dir='ltr'><strong>ΕΥΑΓΓΕΛΙΟΝ</strong></span> <span class='ocrx_word' id='word_1_12' title='bbox 1907 962 2205 1051; x_wconf 78' lang='grc' dir='ltr'><strong>ΚΑΤΑ</strong></span> <span class='ocrx_word' id='word_1_13' title='bbox 2274 956 2893 1050; x_wconf 83' lang='grc' dir='ltr'><strong>ΜΑΤΘΑΙΟΝ.</strong></span> 
     </span>
    </p>
   </div>
   <div class='ocr_carea' id='block_1_7' title="bbox 1282 1323 2545 1442">
    <p class='ocr_par' dir='ltr' id='par_1_7' title="bbox 1282 1323 2545 1442">
     <span class='ocr_line' id='line_1_7' title="bbox 1282 1323 2545 1442; baseline -0.004 -3"><span class='ocrx_word' id='word_1_14' title='bbox 1282 1327 1885 1442; x_wconf 84' lang='lat' dir='ltr'><strong>SCHOLIA</strong></span> <span class='ocrx_word' id='word_1_15' title='bbox 1968 1323 2545 1440; x_wconf 81' lang='lat' dir='ltr'><strong>VETERA</strong></span> 
     </span>
    </p>
   </div>
   <div class='ocr_carea' id='block_1_8' title="bbox 643 1558 3181 1655">
    <p class='ocr_par' dir='ltr' id='par_1_8' title="bbox 643 1558 3181 1655">
     <span class='ocr_line' id='line_1_8' title="bbox 643 1558 3181 1655; baseline -0.005 0"><span class='ocrx_word' id='word_1_16' title='bbox 643 1566 770 1655; x_wconf 87' lang='lat' dir='ltr'><strong>IN</strong></span> <span class='ocrx_word' id='word_1_17' title='bbox 859 1563 1637 1654; x_wconf 87' lang='lat' dir='ltr'><strong>EVANGELIUM</strong></span> <span class='ocrx_word' id='word_1_18' title='bbox 1717 1559 2357 1653; x_wconf 85' lang='lat' dir='ltr'><strong>SECUNDUM</strong></span> <span class='ocrx_word' id='word_1_19' title='bbox 2433 1558 3181 1648; x_wconf 64' lang='lat' dir='ltr'><strong>MATTHEUM.</strong></span> 
     </span>
    </p>
   </div>
   <div class='ocr_carea' id='block_1_9' title="bbox 688 1745 3134 1819">
    <p class='ocr_par' dir='ltr' id='par_1_9' title="bbox 688 1745 3134 1819">
     <span class='ocr_line' id='line_1_9' title="bbox 688 1745 3134 1819; baseline -0.003 -12"><span class='ocrx_word' id='word_1_20' title='bbox 688 1757 779 1819; x_wconf 81' lang='lat' dir='ltr'><strong>(Ex</strong></span> <span class='ocrx_word' id='word_1_21' title='bbox 805 1757 1016 1819; x_wconf 85' lang='lat' dir='ltr'><strong>antiquis</strong></span> <span class='ocrx_word' id='word_1_22' title='bbox 1047 1755 1343 1807; x_wconf 82' lang='lat' dir='ltr'><strong>membranis</strong></span> <span class='ocrx_word' id='word_1_23' title='bbox 1372 1753 1683 1805; x_wconf 75' lang='lat' dir='ltr'><strong>bibliotheca:</strong></span> <span class='ocrx_word' id='word_1_24' title='bbox 1713 1752 1960 1804; x_wconf 62' lang='lat' dir='ltr'><strong>Vaticana</strong></span> <span class='ocrx_word' id='word_1_25' title='bbox 1994 1751 2147 1802; x_wconf 79' lang='lat' dir='ltr'><strong>edidit</strong></span> <span class='ocrx_word' id='word_1_26' title='bbox 2166 1748 2408 1813; x_wconf 51' lang='lat' dir='ltr'><strong>Anglia</strong></span> <span class='ocrx_word' id='word_1_27' title='bbox 2441 1745 2492 1799; x_wconf 77' lang='lat' dir='ltr'><strong>in</strong></span> <span class='ocrx_word' id='word_1_28' title='bbox 2528 1746 2685 1799; x_wconf 70' lang='lat' dir='ltr'><strong>Class.</strong></span> <span class='ocrx_word' id='word_1_29' title='bbox 2718 1750 2856 1800; x_wconf 68' lang='lat' dir='ltr'><strong>Auct.</strong></span> <span class='ocrx_word' id='word_1_30' title='bbox 2877 1754 2997 1799; x_wconf 83' lang='lat' dir='ltr'><strong>tum.</strong></span> <span class='ocrx_word' id='word_1_31' title='bbox 3024 1748 3134 1810; x_wconf 76' lang='lat' dir='ltr'><strong>Vi.)</strong></span> 
     </span>
    </p>
   </div>
   <div class='ocr_carea' id='block_1_10' title="bbox 714 2062 1439 2121">
    <p class='ocr_par' dir='ltr' id='par_1_10' title="bbox 714 2062 1439 2121">
     <span class='ocr_line' id='line_1_10' title="bbox 714 2062 1439 2121; baseline -0.001 -2"><span class='ocrx_word' id='word_1_32' title='bbox 714 2064 1108 2121; x_wconf 77' lang='grc' dir='ltr'><strong>ΚΕΦΑΛΔΙΟΝ</strong></span> <span class='ocrx_word' id='word_1_33' title='bbox 1144 2062 1439 2118; x_wconf 82' lang='grc' dir='ltr'><strong>ΠΡΩΤΟΝ.</strong></span> 
     </span>
    </p>
   </div>
   <div class='ocr_carea' id='block_1_11' title="bbox 370 2169 1861 2241">
    <p class='ocr_par' dir='ltr' id='par_1_11' title="bbox 370 2169 1861 2241">
     <span class='ocr_line' id='line_1_11' title="bbox 370 2169 1861 2241; baseline -0.002 -16"><span class='ocrx_word' id='word_1_34' title='bbox 370 2171 699 2240; x_wconf 77' lang='grc' dir='ltr'>Εὐαγγέλιον</span> <span class='ocrx_word' id='word_1_35' title='bbox 735 2172 981 2226; x_wconf 84' lang='grc' dir='ltr'>καλεῖται</span> <span class='ocrx_word' id='word_1_36' title='bbox 1015 2172 1048 2241; x_wconf 82' lang='grc' dir='ltr'><strong>ὴ</strong></span> <span class='ocrx_word' id='word_1_37' title='bbox 1088 2170 1289 2240; x_wconf 79' lang='grc' dir='ltr'>βίὸλος,</span> <span class='ocrx_word' id='word_1_38' title='bbox 1335 2171 1419 2223; x_wconf 80' lang='grc' dir='ltr'>ὅτι</span> <span class='ocrx_word' id='word_1_39' title='bbox 1449 2169 1722 2231; x_wconf 78' lang='grc' dir='ltr'><strong>κολάσεως</strong></span> <span class='ocrx_word' id='word_1_40' title='bbox 1750 2169 1861 2222; x_wconf 82' lang='grc' dir='ltr'>δει-</span> 
     </span>
    </p>
   </div>
   <div class='ocr_carea' id='block_1_12' title="bbox 299 2260 1863 2335">
    <p class='ocr_par' dir='ltr' id='par_1_12' title="bbox 299 2260 1863 2335">
     <span class='ocr_line' id='line_1_12' title="bbox 299 2260 1863 2335; baseline -0.001 -18"><span class='ocrx_word' id='word_1_41' title='bbox 299 2264 450 2318; x_wconf 73' lang='grc' dir='ltr'>κνύει</span> <span class='ocrx_word' id='word_1_42' title='bbox 465 2267 768 2335; x_wconf 85' lang='grc' dir='ltr'>ἀναίρεσιν,</span> <span class='ocrx_word' id='word_1_43' title='bbox 786 2264 877 2318; x_wconf 74' lang='grc' dir='ltr'>καὶ</span> <span class='ocrx_word' id='word_1_44' title='bbox 895 2264 1140 2333; x_wconf 82' lang='grc' dir='ltr'>οὐρανῶν</span> <span class='ocrx_word' id='word_1_45' title='bbox 1154 2263 1428 2331; x_wconf 86' lang='grc' dir='ltr'>βασιλείαν</span> <span class='ocrx_word' id='word_1_46' title='bbox 1450 2260 1863 2330; x_wconf 74' lang='grc' dir='ltr'>ἐπαγγέλλεται·</span> 
     </span>
    </p>
   </div>
   <div class='ocr_carea' id='block_1_13' title="bbox 302 2352 1867 2424">
    <p class='ocr_par' dir='ltr' id='par_1_13' title="bbox 302 2352 1867 2424">
     <span class='ocr_line' id='line_1_13' title="bbox 302 2352 1867 2424; baseline 0 -17"><span class='ocrx_word' id='word_1_47' title='bbox 302 2355 481 2424; x_wconf 81' lang='grc' dir='ltr'>βίὸλον</span> <span class='ocrx_word' id='word_1_48' title='bbox 507 2356 772 2423; x_wconf 77' lang='grc' dir='ltr'>γενέσεως</span> <span class='ocrx_word' id='word_1_49' title='bbox 797 2356 1001 2423; x_wconf 80' lang='grc' dir='ltr'>ταύτην</span> <span class='ocrx_word' id='word_1_50' title='bbox 1028 2355 1185 2407; x_wconf 82' lang='grc' dir='ltr'>καλεῖ</span> <span class='ocrx_word' id='word_1_51' title='bbox 1216 2355 1309 2406; x_wconf 81' lang='grc' dir='ltr'><strong>καὶ</strong></span> <span class='ocrx_word' id='word_1_52' title='bbox 1354 2352 1699 2423; x_wconf 77' lang='grc' dir='ltr'>παρέχουσαν</span> <span class='ocrx_word' id='word_1_53' title='bbox 1732 2352 1867 2407; x_wconf 84' lang='grc' dir='ltr'>ἀλλα</span> 
     </span>
    </p>
   </div>
   <div class='ocr_carea' id='block_1_14' title="bbox 301 2444 1865 2517">
    <p class='ocr_par' dir='ltr' id='par_1_14' title="bbox 301 2444 1865 2517">
     <span class='ocr_line' id='line_1_14' title="bbox 301 2444 1865 2517; baseline 0 -18"><span class='ocrx_word' id='word_1_54' title='bbox 301 2446 469 2499; x_wconf 73' lang='grc' dir='ltr'>πολλὰ</span> <span class='ocrx_word' id='word_1_55' title='bbox 508 2448 601 2500; x_wconf 68' lang='grc' dir='ltr'>καὶ</span> <span class='ocrx_word' id='word_1_56' title='bbox 622 2447 682 2500; x_wconf 70' lang='grc' dir='ltr'>οὔ</span> <span class='ocrx_word' id='word_1_57' title='bbox 712 2447 811 2517; x_wconf 85' lang='grc' dir='ltr'>τὴν</span> <span class='ocrx_word' id='word_1_58' title='bbox 842 2446 1075 2515; x_wconf 77' lang='grc' dir='ltr'><strong>Χριστοῦ</strong></span> <span class='ocrx_word' id='word_1_59' title='bbox 1118 2446 1278 2515; x_wconf 83' lang='grc' dir='ltr'>μόνον</span> <span class='ocrx_word' id='word_1_60' title='bbox 1328 2444 1547 2512; x_wconf 83' lang='grc' dir='ltr'>γένεσιν</span> <span class='ocrx_word' id='word_1_61' title='bbox 1571 2461 1584 2474; x_wconf 79' lang='grc'><strong><em>⁸</em></strong></span> <span class='ocrx_word' id='word_1_62' title='bbox 1629 2444 1762 2499; x_wconf 82' lang='grc' dir='ltr'>διότι</span> <span class='ocrx_word' id='word_1_63' title='bbox 1803 2446 1865 2499; x_wconf 85' lang='grc' dir='ltr'><strong>τὸ</strong></span> 
     </span>
    </p>
   </div>
   <div class='ocr_carea' id='block_1_15' title="bbox 301 2537 1441 2608">
    <p class='ocr_par' dir='ltr' id='par_1_15' title="bbox 301 2537 1441 2608">
     <span class='ocr_line' id='line_1_15' title="bbox 301 2537 1441 2608; baseline 0.002 -16"><span class='ocrx_word' id='word_1_64' title='bbox 301 2538 592 2607; x_wconf 80' lang='grc' dir='ltr'>κεφάλαιον</span> <span class='ocrx_word' id='word_1_65' title='bbox 611 2539 712 2608; x_wconf 80' lang='grc' dir='ltr'>τῆς</span> <span class='ocrx_word' id='word_1_66' title='bbox 734 2538 1047 2608; x_wconf 75' lang='grc' dir='ltr'>οἰκονομίας</span> <span class='ocrx_word' id='word_1_67' title='bbox 1087 2537 1244 2591; x_wconf 85' lang='grc' dir='ltr'>τοῦτό</span> <span class='ocrx_word' id='word_1_68' title='bbox 1276 2539 1441 2594; x_wconf 77' lang='grc' dir='ltr'>ἐστιν.</span> 
     </span>
    </p>
   </div>
   <div class='ocr_carea' id='block_1_16' title="bbox 369 2713 1869 2790">
    <p class='ocr_par' dir='ltr' id='par_1_16' title="bbox 369 2713 1869 2790">
     <span class='ocr_line' id='line_1_16' title="bbox 369 2713 1869 2790; baseline 0.005 -24"><span class='ocrx_word' id='word_1_69' title='bbox 369 2714 444 2767; x_wconf 86' lang='grc' dir='ltr'><strong>Τδ</strong></span> <span class='ocrx_word' id='word_1_70' title='bbox 510 2713 735 2786; x_wconf 78' lang='grc' dir='ltr'>Ἰησοῦς,</span> <span class='ocrx_word' id='word_1_71' title='bbox 794 2714 996 2784; x_wconf 81' lang='grc' dir='ltr'>Σωτὴρ</span> <span class='ocrx_word' id='word_1_72' title='bbox 1046 2717 1405 2787; x_wconf 72' lang='grc' dir='ltr'><strong>ἑρμηνεύεται</strong></span> <span class='ocrx_word' id='word_1_73' title='bbox 1470 2719 1537 2788; x_wconf 81' lang='grc' dir='ltr'>τῇ</span> <span class='ocrx_word' id='word_1_74' title='bbox 1605 2718 1869 2790; x_wconf 76' lang='grc' dir='ltr'>Ἐϐραίων</span> 
     </span>
    </p>
   </div>
   <div class='ocr_carea' id='block_1_17' title="bbox 301 2809 477 2875">
    <p class='ocr_par' dir='ltr' id='par_1_17' title="bbox 301 2809 477 2875">
     <span class='ocr_line' id='line_1_17' title="bbox 301 2809 477 2875; baseline 0.023 -19"><span class='ocrx_word' id='word_1_75' title='bbox 301 2809 477 2875; x_wconf 77' lang='grc' dir='ltr'>φωνῇ.</span> 
     </span>
    </p>
   </div>
   <div class='ocr_carea' id='block_1_18' title="bbox 373 2894 1869 2969">
    <p class='ocr_par' dir='ltr' id='par_1_18' title="bbox 373 2894 1869 2969">
     <span class='ocr_line' id='line_1_18' title="bbox 373 2894 1869 2969; baseline 0.004 -19"><span class='ocrx_word' id='word_1_76' title='bbox 373 2896 544 2950; x_wconf 80' lang='grc' dir='ltr'>Πόθεν</span> <span class='ocrx_word' id='word_1_77' title='bbox 563 2896 803 2967; x_wconf 83' lang='grc' dir='ltr'>δηλονότι</span> <span class='ocrx_word' id='word_1_78' title='bbox 830 2896 939 2950; x_wconf 80' lang='grc' dir='ltr'><strong>ἀπὸ</strong></span> <span class='ocrx_word' id='word_1_79' title='bbox 964 2897 1062 2967; x_wconf 80' lang='grc' dir='ltr'>τῆς</span> <span class='ocrx_word' id='word_1_80' title='bbox 1089 2897 1188 2951; x_wconf 80' lang='grc' dir='ltr'>τοῦ</span> <span class='ocrx_word' id='word_1_81' title='bbox 1212 2899 1376 2953; x_wconf 79' lang='grc' dir='ltr'><strong>Δαὸὶδ</strong></span> <span class='ocrx_word' id='word_1_82' title='bbox 1406 2894 1476 2969; x_wconf 85' lang='grc' dir='ltr'>ἦν</span> <span class='ocrx_word' id='word_1_83' title='bbox 1503 2902 1726 2968; x_wconf 77' lang='grc' dir='ltr'>γενεᾶς;</span> <span class='ocrx_word' id='word_1_84' title='bbox 1776 2902 1869 2956; x_wconf 81' lang='grc' dir='ltr'><strong>Ἐκ</strong></span> 
     </span>
    </p>
   </div>
   <div class='ocr_carea' id='block_1_19' title="bbox 301 2985 1871 3061">
    <p class='ocr_par' dir='ltr' id='par_1_19' title="bbox 301 2985 1871 3061">
     <span class='ocr_line' id='line_1_19' title="bbox 301 2985 1871 3061; baseline 0.002 -20"><span class='ocrx_word' id='word_1_85' title='bbox 301 2987 394 3041; x_wconf 83' lang='grc' dir='ltr'><strong>τοῦ</strong></span> <span class='ocrx_word' id='word_1_86' title='bbox 448 2987 619 3040; x_wconf 81' lang='grc' dir='ltr'>είπεῖν</span> <span class='ocrx_word' id='word_1_87' title='bbox 669 2985 760 3039; x_wconf 81' lang='grc' dir='ltr'>τὸν</span> <span class='ocrx_word' id='word_1_88' title='bbox 801 2986 933 3040; x_wconf 74' lang='grc' dir='ltr'>Θεὸν</span> <span class='ocrx_word' id='word_1_89' title='bbox 989 2989 1123 3059; x_wconf 75' lang='grc' dir='ltr'>πρὸς</span> <span class='ocrx_word' id='word_1_90' title='bbox 1181 2988 1271 3041; x_wconf 83' lang='grc' dir='ltr'><strong>τὸν</strong></span> <span class='ocrx_word' id='word_1_91' title='bbox 1320 2989 1357 3041; x_wconf 85' lang='grc' dir='ltr'><strong><em>Γ</em></strong></span> <span class='ocrx_word' id='word_1_92' title='bbox 1360 2990 1556 3061; x_wconf 78' lang='grc' dir='ltr'>αὗριὴλ</span> <span class='ocrx_word' id='word_1_93' title='bbox 1614 2992 1871 3046; x_wconf 72' lang='grc' dir='ltr'>ἀπελθεῖν</span> 
     </span>
    </p>
   </div>
   <div class='ocr_carea' id='block_1_20' title="bbox 302 3079 1865 3152">
    <p class='ocr_par' dir='ltr' id='par_1_20' title="bbox 302 3079 1865 3152">
     <span class='ocr_line' id='line_1_20' title="bbox 302 3079 1865 3152; baseline 0.001 -19"><span class='ocrx_word' id='word_1_94' title='bbox 302 3079 438 3150; x_wconf 82' lang='grc' dir='ltr'>πρὸς</span> <span class='ocrx_word' id='word_1_95' title='bbox 474 3080 573 3148; x_wconf 79' lang='grc' dir='ltr'>τὴν</span> <span class='ocrx_word' id='word_1_96' title='bbox 614 3079 883 3146; x_wconf 78' lang='grc' dir='ltr'>παρθένον</span> <span class='ocrx_word' id='word_1_97' title='bbox 930 3080 1418 3151; x_wconf 79' lang='grc' dir='ltr'>μιμνηστευμένην</span> <span class='ocrx_word' id='word_1_98' title='bbox 1448 3082 1601 3152; x_wconf 69' lang='grc' dir='ltr'>ἀνδρὶ</span> <span class='ocrx_word' id='word_1_99' title='bbox 1625 3079 1669 3149; x_wconf 84' lang='grc' dir='ltr'><strong>ᾧ</strong></span> <span class='ocrx_word' id='word_1_100' title='bbox 1693 3083 1865 3152; x_wconf 77' lang='grc' dir='ltr'>ὄνομα</span> 
     </span>
    </p>
   </div>
   <div class='ocr_carea' id='block_1_21' title="bbox 312 3171 1870 3241">
    <p class='ocr_par' dir='ltr' id='par_1_21' title="bbox 312 3171 1870 3241">
     <span class='ocr_line' id='line_1_21' title="bbox 312 3171 1870 3241; baseline 0.002 -17"><span class='ocrx_word' id='word_1_101' title='bbox 312 3171 508 3241; x_wconf 80' lang='grc' dir='ltr'>Ἰωσὴφ</span> <span class='ocrx_word' id='word_1_102' title='bbox 556 3171 616 3236; x_wconf 82' lang='grc' dir='ltr'><strong>ἐξ</strong></span> <span class='ocrx_word' id='word_1_103' title='bbox 642 3171 791 3224; x_wconf 73' lang='grc' dir='ltr'>οἴκου</span> <span class='ocrx_word' id='word_1_104' title='bbox 831 3171 926 3223; x_wconf 78' lang='grc' dir='ltr'><strong>καὶ</strong></span> <span class='ocrx_word' id='word_1_105' title='bbox 978 3173 1215 3241; x_wconf 81' lang='grc' dir='ltr'>πατριᾶς</span> <span class='ocrx_word' id='word_1_106' title='bbox 1260 3172 1458 3225; x_wconf 71' lang='grc' dir='ltr'><strong>Δαϐίδ·</strong></span> <span class='ocrx_word' id='word_1_107' title='bbox 1507 3173 1722 3225; x_wconf 74' lang='grc' dir='ltr'>ἐκέλευε</span> <span class='ocrx_word' id='word_1_108' title='bbox 1750 3173 1806 3225; x_wconf 66' lang='grc' dir='ltr'>δέ</span> <span class='ocrx_word' id='word_1_109' title='bbox 1842 3176 1870 3227; x_wconf 98' lang='lat'><strong>6</strong></span> 
     </span>
    </p>
   </div>
   <div class='ocr_carea' id='block_1_22' title="bbox 301 3263 1870 3335">
    <p class='ocr_par' dir='ltr' id='par_1_22' title="bbox 301 3263 1870 3335">
     <span class='ocr_line' id='line_1_22' title="bbox 301 3263 1870 3335; baseline 0 -18"><span class='ocrx_word' id='word_1_110' title='bbox 301 3263 461 3333; x_wconf 75' lang='grc' dir='ltr'>νόμος</span> <span class='ocrx_word' id='word_1_111' title='bbox 497 3264 570 3333; x_wconf 82' lang='grc' dir='ltr'>μὴ</span> <span class='ocrx_word' id='word_1_112' title='bbox 595 3264 651 3329; x_wconf 70' lang='grc' dir='ltr'><strong>ἐξ</strong></span> <span class='ocrx_word' id='word_1_113' title='bbox 675 3263 841 3334; x_wconf 80' lang='grc' dir='ltr'>ἀλλης</span> <span class='ocrx_word' id='word_1_114' title='bbox 871 3264 1042 3335; x_wconf 81' lang='grc' dir='ltr'>φυλῆς</span> <span class='ocrx_word' id='word_1_115' title='bbox 1061 3263 1382 3333; x_wconf 76' lang='grc' dir='ltr'>λαμϐάνειν,</span> <span class='ocrx_word' id='word_1_116' title='bbox 1415 3264 1528 3317; x_wconf 85' lang='grc' dir='ltr'>ἀλλ’</span> <span class='ocrx_word' id='word_1_117' title='bbox 1558 3268 1621 3318; x_wconf 81' lang='grc' dir='ltr'><strong>ἐκ</strong></span> <span class='ocrx_word' id='word_1_118' title='bbox 1663 3266 1763 3333; x_wconf 84' lang='grc' dir='ltr'>τῆς</span> <span class='ocrx_word' id='word_1_119' title='bbox 1791 3266 1870 3317; x_wconf 82' lang='grc' dir='ltr'><strong>οἱ-</strong></span> 
     </span>
    </p>
   </div>
   <div class='ocr_carea' id='block_1_23' title="bbox 300 3348 1870 3426">
    <p class='ocr_par' dir='ltr' id='par_1_23' title="bbox 300 3348 1870 3426">
     <span class='ocr_line' id='line_1_23' title="bbox 300 3348 1870 3426; baseline 0.002 -21"><span class='ocrx_word' id='word_1_120' title='bbox 300 3353 423 3416; x_wconf 80' lang='grc' dir='ltr'>κίας</span> <span class='ocrx_word' id='word_1_121' title='bbox 448 3368 460 3381; x_wconf 92' lang='grc'><strong>·</strong></span> <span class='ocrx_word' id='word_1_122' title='bbox 493 3352 616 3406; x_wconf 86' lang='grc' dir='ltr'>ὅθεν</span> <span class='ocrx_word' id='word_1_123' title='bbox 651 3348 718 3423; x_wconf 77' lang='grc' dir='ltr'>ἦν</span> <span class='ocrx_word' id='word_1_124' title='bbox 744 3356 772 3407; x_wconf 92' lang='lat'><strong>6</strong></span> <span class='ocrx_word' id='word_1_125' title='bbox 808 3354 1008 3423; x_wconf 81' lang='grc' dir='ltr'>Ἰωσὴφ</span> <span class='ocrx_word' id='word_1_126' title='bbox 1058 3354 1123 3407; x_wconf 79' lang='grc' dir='ltr'><strong>ἐκ</strong></span> <span class='ocrx_word' id='word_1_127' title='bbox 1153 3354 1336 3417; x_wconf 77' lang='grc' dir='ltr'><strong>Δαὸὶδ,</strong></span> <span class='ocrx_word' id='word_1_128' title='bbox 1369 3355 1461 3407; x_wconf 77' lang='grc' dir='ltr'><strong>καὶ</strong></span> <span class='ocrx_word' id='word_1_129' title='bbox 1509 3356 1543 3425; x_wconf 81' lang='grc' dir='ltr'>ὴ</span> <span class='ocrx_word' id='word_1_130' title='bbox 1576 3356 1761 3426; x_wconf 82' lang='grc' dir='ltr'>Μαρία</span> <span class='ocrx_word' id='word_1_131' title='bbox 1808 3358 1870 3408; x_wconf 82' lang='grc' dir='ltr'><strong>ὲκ</strong></span> 
     </span>
    </p>
   </div>
   <div class='ocr_carea' id='block_1_24' title="bbox 301 3445 483 3499">
    <p class='ocr_par' dir='ltr' id='par_1_24' title="bbox 301 3445 483 3499">
     <span class='ocr_line' id='line_1_24' title="bbox 301 3445 483 3499; baseline 0.011 -2"><span class='ocrx_word' id='word_1_132' title='bbox 301 3445 483 3499; x_wconf 73' lang='grc' dir='ltr'>Δαείδ.</span> 
     </span>
    </p>
   </div>
   <div class='ocr_carea' id='block_1_25' title="bbox 372 3536 1872 3608">
    <p class='ocr_par' dir='ltr' id='par_1_25' title="bbox 372 3536 1872 3608">
     <span class='ocr_line' id='line_1_25' title="bbox 372 3536 1872 3608; baseline 0.003 -19"><span class='ocrx_word' id='word_1_133' title='bbox 372 3537 471 3590; x_wconf 81' lang='grc' dir='ltr'>Διά</span> <span class='ocrx_word' id='word_1_134' title='bbox 497 3537 547 3589; x_wconf 85' lang='grc' dir='ltr'><strong>τί</strong></span> <span class='ocrx_word' id='word_1_135' title='bbox 580 3536 852 3607; x_wconf 81' lang='grc' dir='ltr'><strong>μέμνηται</strong></span> <span class='ocrx_word' id='word_1_136' title='bbox 876 3536 977 3607; x_wconf 86' lang='grc' dir='ltr'>τῆς</span> <span class='ocrx_word' id='word_1_137' title='bbox 996 3540 1313 3608; x_wconf 83' lang='grc' dir='ltr'>παρανόμου</span> <span class='ocrx_word' id='word_1_138' title='bbox 1349 3539 1547 3608; x_wconf 78' lang='grc' dir='ltr'>μίξεως</span> <span class='ocrx_word' id='word_1_139' title='bbox 1575 3539 1667 3594; x_wconf 83' lang='grc' dir='ltr'>τοῦ</span> <span class='ocrx_word' id='word_1_140' title='bbox 1707 3540 1872 3593; x_wconf 75' lang='grc' dir='ltr'>Ἰούδα</span> 
     </span>
    </p>
   </div>
   <div class='ocr_carea' id='block_1_26' title="bbox 302 3622 1873 3703">
    <p class='ocr_par' dir='ltr' id='par_1_26' title="bbox 302 3622 1873 3703">
     <span class='ocr_line' id='line_1_26' title="bbox 302 3622 1873 3703; baseline 0.001 -22"><span class='ocrx_word' id='word_1_141' title='bbox 302 3628 396 3681; x_wconf 78' lang='grc' dir='ltr'>καὶ</span> <span class='ocrx_word' id='word_1_142' title='bbox 424 3628 521 3695; x_wconf 82' lang='grc' dir='ltr'><strong>τῆς</strong></span> <span class='ocrx_word' id='word_1_143' title='bbox 552 3628 783 3699; x_wconf 86' lang='grc' dir='ltr'>Θάμαρ;</span> <span class='ocrx_word' id='word_1_144' title='bbox 816 3622 1180 3699; x_wconf 72' lang='grc' dir='ltr'>Θαυμάζωνό</span> <span class='ocrx_word' id='word_1_145' title='bbox 1225 3631 1619 3701; x_wconf 69' lang='grc' dir='ltr'>εύαγγελιστῂς</span> <span class='ocrx_word' id='word_1_146' title='bbox 1650 3634 1742 3685; x_wconf 78' lang='grc' dir='ltr'><strong>καὶ</strong></span> <span class='ocrx_word' id='word_1_147' title='bbox 1773 3634 1873 3703; x_wconf 81' lang='grc' dir='ltr'><strong>τὴν</strong></span> 
     </span>
    </p>
   </div>
   <div class='ocr_carea' id='block_1_27' title="bbox 299 3719 1872 3791">
    <p class='ocr_par' dir='ltr' id='par_1_27' title="bbox 299 3719 1872 3791">
     <span class='ocr_line' id='line_1_27' title="bbox 299 3719 1872 3791; baseline 0.001 -16"><span class='ocrx_word' id='word_1_148' title='bbox 299 3720 394 3775; x_wconf 77' lang='grc' dir='ltr'><strong>τοῦ</strong></span> <span class='ocrx_word' id='word_1_149' title='bbox 428 3719 561 3773; x_wconf 87' lang='grc' dir='ltr'><strong>Θεοῦ</strong></span> <span class='ocrx_word' id='word_1_150' title='bbox 587 3720 796 3784; x_wconf 87' lang='grc' dir='ltr'>δεικνὺς</span> <span class='ocrx_word' id='word_1_151' title='bbox 826 3721 1254 3791; x_wconf 78' lang='grc' dir='ltr'>φιλανθρωπίαν,</span> <span class='ocrx_word' id='word_1_152' title='bbox 1302 3723 1385 3776; x_wconf 81' lang='grc' dir='ltr'><strong>ὅτι</strong></span> <span class='ocrx_word' id='word_1_153' title='bbox 1432 3722 1533 3776; x_wconf 81' lang='grc' dir='ltr'>οὐκ</span> <span class='ocrx_word' id='word_1_154' title='bbox 1591 3722 1872 3791; x_wconf 79' lang='grc' dir='ltr'>ἀπηξίωσε</span> 
     </span>
    </p>
   </div>
   <div class='ocr_carea' id='block_1_28' title="bbox 306 3814 1872 3886">
    <p class='ocr_par' dir='ltr' id='par_1_28' title="bbox 306 3814 1872 3886">
     <span class='ocr_line' id='line_1_28' title="bbox 306 3814 1872 3886; baseline 0.002 -19"><span class='ocrx_word' id='word_1_155' title='bbox 306 3814 580 3876; x_wconf 77' lang='grc' dir='ltr'>τοιούτους</span> <span class='ocrx_word' id='word_1_156' title='bbox 634 3814 777 3884; x_wconf 76' lang='grc' dir='ltr'>ἔχειν</span> <span class='ocrx_word' id='word_1_157' title='bbox 832 3816 1135 3883; x_wconf 79' lang='grc' dir='ltr'>συγγενεῖς.</span> <span class='ocrx_word' id='word_1_158' title='bbox 1170 3815 1326 3879; x_wconf 85' lang='grc' dir='ltr'>Τίνος</span> <span class='ocrx_word' id='word_1_159' title='bbox 1370 3815 1530 3886; x_wconf 83' lang='grc' dir='ltr'>χάριν</span> <span class='ocrx_word' id='word_1_160' title='bbox 1563 3815 1655 3869; x_wconf 80' lang='grc' dir='ltr'><strong>τοῦ</strong></span> <span class='ocrx_word' id='word_1_161' title='bbox 1699 3818 1872 3886; x_wconf 80' lang='grc' dir='ltr'>Φαρὲς</span> 
     </span>
    </p>
   </div>
   <div class='ocr_carea' id='block_1_29' title="bbox 305 3898 1873 3976">
    <p class='ocr_par' dir='ltr' id='par_1_29' title="bbox 305 3898 1873 3976">
     <span class='ocr_line' id='line_1_29' title="bbox 305 3898 1873 3976; baseline 0.003 -19"><span class='ocrx_word' id='word_1_162' title='bbox 305 3905 684 3976; x_wconf 76' lang='grc' dir='ltr'>μνημονεύσας</span> <span class='ocrx_word' id='word_1_163' title='bbox 714 3905 808 3975; x_wconf 78' lang='grc' dir='ltr'><strong>ἀφ’</strong></span> <span class='ocrx_word' id='word_1_164' title='bbox 826 3898 886 3958; x_wconf 69' lang='grc' dir='ltr'>οὗ</span> <span class='ocrx_word' id='word_1_165' title='bbox 915 3906 1005 3959; x_wconf 81' lang='grc' dir='ltr'><strong>τὸν</strong></span> <span class='ocrx_word' id='word_1_166' title='bbox 1037 3905 1243 3976; x_wconf 79' lang='grc' dir='ltr'>Κύριον</span> <span class='ocrx_word' id='word_1_167' title='bbox 1270 3908 1601 3976; x_wconf 79' lang='grc' dir='ltr'>γενεαλογεῖ,</span> <span class='ocrx_word' id='word_1_168' title='bbox 1642 3910 1734 3961; x_wconf 77' lang='grc' dir='ltr'><strong>καὶ</strong></span> <span class='ocrx_word' id='word_1_169' title='bbox 1778 3909 1873 3961; x_wconf 78' lang='grc' dir='ltr'><strong>τοῦ</strong></span> 
     </span>
    </p>
   </div>
   <div class='ocr_carea' id='block_1_30' title="bbox 302 3999 1874 4072">
    <p class='ocr_par' dir='ltr' id='par_1_30' title="bbox 302 3999 1874 4072">
     <span class='ocr_line' id='line_1_30' title="bbox 302 3999 1874 4072; baseline 0.003 -21"><span class='ocrx_word' id='word_1_170' title='bbox 302 4000 452 4069; x_wconf 82' lang='grc' dir='ltr'><strong>Ζαρᾶ</strong></span> <span class='ocrx_word' id='word_1_171' title='bbox 483 3999 807 4068; x_wconf 80' lang='grc' dir='ltr'>μνημονεύει</span> <span class='ocrx_word' id='word_1_172' title='bbox 833 4016 848 4065; x_wconf 90' lang='lat'><strong>;</strong></span> <span class='ocrx_word' id='word_1_173' title='bbox 882 4000 1007 4053; x_wconf 80' lang='grc' dir='ltr'><strong>ὀτι</strong></span> <span class='ocrx_word' id='word_1_174' title='bbox 1036 3999 1129 4053; x_wconf 83' lang='grc' dir='ltr'>τοῦ</span> <span class='ocrx_word' id='word_1_175' title='bbox 1160 4002 1312 4071; x_wconf 75' lang='grc' dir='ltr'>Ζαρᾶ</span> <span class='ocrx_word' id='word_1_176' title='bbox 1341 4002 1399 4054; x_wconf 80' lang='grc' dir='ltr'>ὲν</span> <span class='ocrx_word' id='word_1_177' title='bbox 1428 4000 1507 4072; x_wconf 81' lang='grc' dir='ltr'>τῷ</span> <span class='ocrx_word' id='word_1_178' title='bbox 1544 4002 1747 4055; x_wconf 77' lang='grc' dir='ltr'>τίκτειν</span> <span class='ocrx_word' id='word_1_179' title='bbox 1772 4002 1874 4072; x_wconf 79' lang='grc' dir='ltr'><strong>τὴν</strong></span> 
     </span>
    </p>
   </div>
   <div class='ocr_carea' id='block_1_31' title="bbox 302 4091 1873 4163">
    <p class='ocr_par' dir='ltr' id='par_1_31' title="bbox 302 4091 1873 4163">
     <span class='ocr_line' id='line_1_31' title="bbox 302 4091 1873 4163; baseline 0.003 -20"><span class='ocrx_word' id='word_1_180' title='bbox 302 4091 500 4160; x_wconf 80' lang='grc' dir='ltr'>Θάμαρ</span> <span class='ocrx_word' id='word_1_181' title='bbox 534 4091 633 4162; x_wconf 74' lang='grc' dir='ltr'>τὴν</span> <span class='ocrx_word' id='word_1_182' title='bbox 693 4094 852 4163; x_wconf 87' lang='grc' dir='ltr'>χεῖρα</span> <span class='ocrx_word' id='word_1_183' title='bbox 905 4091 1423 4163; x_wconf 77' lang='grc' dir='ltr'>προεξινέγκαντος,</span> <span class='ocrx_word' id='word_1_184' title='bbox 1450 4093 1759 4148; x_wconf 80' lang='grc' dir='ltr'>συνέστειλε</span> <span class='ocrx_word' id='word_1_185' title='bbox 1811 4096 1873 4148; x_wconf 83' lang='grc' dir='ltr'><strong>τὸ</strong></span> 
     </span>
    </p>
   </div>
   <div class='ocr_carea' id='block_1_32' title="bbox 305 4180 1872 4254">
    <p class='ocr_par' dir='ltr' id='par_1_32' title="bbox 305 4180 1872 4254">
     <span class='ocr_line' id='line_1_32' title="bbox 305 4180 1872 4254; baseline 0.004 -22"><span class='ocrx_word' id='word_1_186' title='bbox 305 4180 518 4233; x_wconf 81' lang='grc' dir='ltr'>παιδίον</span> <span class='ocrx_word' id='word_1_187' title='bbox 547 4182 646 4252; x_wconf 80' lang='grc' dir='ltr'><strong>τὴν</strong></span> <span class='ocrx_word' id='word_1_188' title='bbox 677 4186 856 4253; x_wconf 85' lang='grc' dir='ltr'>χεῖρα,</span> <span class='ocrx_word' id='word_1_189' title='bbox 890 4184 987 4236; x_wconf 74' lang='grc' dir='ltr'><strong>καὶ</strong></span> <span class='ocrx_word' id='word_1_190' title='bbox 1018 4182 1289 4254; x_wconf 80' lang='grc' dir='ltr'>προῆλθεν</span> <span class='ocrx_word' id='word_1_191' title='bbox 1310 4185 1338 4237; x_wconf 87' lang='lat'><strong>6</strong></span> <span class='ocrx_word' id='word_1_192' title='bbox 1367 4184 1563 4254; x_wconf 80' lang='grc' dir='ltr'>Φαρὲς,</span> <span class='ocrx_word' id='word_1_193' title='bbox 1604 4185 1701 4239; x_wconf 77' lang='grc' dir='ltr'>καὶ</span> <span class='ocrx_word' id='word_1_194' title='bbox 1744 4185 1872 4239; x_wconf 89' lang='grc' dir='ltr'>τότε</span> 
     </span>
    </p>
   </div>
   <div class='ocr_carea' id='block_1_33' title="bbox 304 4272 1873 4348">
    <p class='ocr_par' dir='ltr' id='par_1_33' title="bbox 304 4272 1873 4348">
     <span class='ocr_line' id='line_1_33' title="bbox 304 4272 1873 4348; baseline 0.003 -22"><span class='ocrx_word' id='word_1_195' title='bbox 304 4275 332 4325; x_wconf 91' lang='lat'><strong>6</strong></span> <span class='ocrx_word' id='word_1_196' title='bbox 365 4275 515 4345; x_wconf 78' lang='grc' dir='ltr'>Ζαρᾶ</span> <span class='ocrx_word' id='word_1_197' title='bbox 541 4291 553 4304; x_wconf 94' lang='grc'><strong>·</strong></span> <span class='ocrx_word' id='word_1_198' title='bbox 585 4276 720 4346; x_wconf 81' lang='grc' dir='ltr'>ὅπερ</span> <span class='ocrx_word' id='word_1_199' title='bbox 752 4274 862 4329; x_wconf 82' lang='grc' dir='ltr'>τῶν</span> <span class='ocrx_word' id='word_1_200' title='bbox 890 4273 985 4327; x_wconf 75' lang='grc' dir='ltr'>δύο</span> <span class='ocrx_word' id='word_1_201' title='bbox 1008 4274 1153 4329; x_wconf 88' lang='grc' dir='ltr'>λαῶν</span> <span class='ocrx_word' id='word_1_202' title='bbox 1170 4274 1338 4339; x_wconf 81' lang='grc' dir='ltr'>τύπος</span> <span class='ocrx_word' id='word_1_203' title='bbox 1366 4272 1433 4347; x_wconf 82' lang='grc' dir='ltr'>ἦν</span> <span class='ocrx_word' id='word_1_204' title='bbox 1454 4293 1466 4306; x_wconf 92' lang='grc'><strong>·</strong></span> <span class='ocrx_word' id='word_1_205' title='bbox 1514 4277 1614 4347; x_wconf 83' lang='grc' dir='ltr'>τῆς</span> <span class='ocrx_word' id='word_1_206' title='bbox 1643 4278 1751 4348; x_wconf 80' lang='grc' dir='ltr'><strong>γάρ</strong></span> <span class='ocrx_word' id='word_1_207' title='bbox 1779 4296 1873 4331; x_wconf 69' lang='grc' dir='ltr'>που</span> 
     </span>
    </p>
   </div>
   <div class='ocr_carea' id='block_1_34' title="bbox 303 4365 1874 4442">
    <p class='ocr_par' dir='ltr' id='par_1_34' title="bbox 303 4365 1874 4442">
     <span class='ocr_line' id='line_1_34' title="bbox 303 4365 1874 4442; baseline 0.006 -26"><span class='ocrx_word' id='word_1_208' title='bbox 303 4365 509 4430; x_wconf 83' lang='grc' dir='ltr'>λιτείας</span> <span class='ocrx_word' id='word_1_209' title='bbox 536 4369 632 4436; x_wconf 83' lang='grc' dir='ltr'>τῆς</span> <span class='ocrx_word' id='word_1_210' title='bbox 654 4366 1113 4437; x_wconf 80' lang='grc' dir='ltr'>ὲκκλησιαστικῆς</span> <span class='ocrx_word' id='word_1_211' title='bbox 1132 4367 1190 4421; x_wconf 76' lang='grc' dir='ltr'>ὲν</span> <span class='ocrx_word' id='word_1_212' title='bbox 1209 4369 1321 4433; x_wconf 84' lang='grc' dir='ltr'>τοῖς</span> <span class='ocrx_word' id='word_1_213' title='bbox 1347 4369 1490 4424; x_wconf 71' lang='grc' dir='ltr'>κατὰ</span> <span class='ocrx_word' id='word_1_214' title='bbox 1506 4370 1596 4424; x_wconf 83' lang='grc' dir='ltr'><strong>τὸν</strong></span> <span class='ocrx_word' id='word_1_215' title='bbox 1623 4371 1874 4442; x_wconf 71' lang='grc' dir='ltr'>Ἀϐραάμ</span> 
     </span>
    </p>
   </div>
   <div class='ocr_carea' id='block_1_35' title="bbox 304 4454 1872 4533">
    <p class='ocr_par' dir='ltr' id='par_1_35' title="bbox 304 4454 1872 4533">
     <span class='ocr_line' id='line_1_35' title="bbox 304 4454 1872 4533; baseline 0.005 -24"><span class='ocrx_word' id='word_1_216' title='bbox 304 4460 514 4528; x_wconf 79' lang='grc' dir='ltr'>χρόνοις</span> <span class='ocrx_word' id='word_1_217' title='bbox 554 4459 835 4529; x_wconf 81' lang='grc' dir='ltr'>φανείσης,</span> <span class='ocrx_word' id='word_1_218' title='bbox 886 4454 1006 4513; x_wconf 75' lang='grc' dir='ltr'>εἶτα</span> <span class='ocrx_word' id='word_1_219' title='bbox 1065 4462 1123 4513; x_wconf 77' lang='grc' dir='ltr'>ἐν</span> <span class='ocrx_word' id='word_1_220' title='bbox 1152 4460 1229 4532; x_wconf 85' lang='grc' dir='ltr'>τῷ</span> <span class='ocrx_word' id='word_1_221' title='bbox 1289 4461 1440 4533; x_wconf 77' lang='grc' dir='ltr'>μέσῳ</span> <span class='ocrx_word' id='word_1_222' title='bbox 1495 4464 1872 4533; x_wconf 85' lang='grc' dir='ltr'>συσταλείσης,</span> 
     </span>
    </p>
   </div>
   <div class='ocr_carea' id='block_1_36' title="bbox 304 4547 1875 4626">
    <p class='ocr_par' dir='ltr' id='par_1_36' title="bbox 304 4547 1875 4626">
     <span class='ocr_line' id='line_1_36' title="bbox 304 4547 1875 4626; baseline 0.004 -23"><span class='ocrx_word' id='word_1_223' title='bbox 304 4547 466 4622; x_wconf 78' lang='grc' dir='ltr'>ἦλθεν</span> <span class='ocrx_word' id='word_1_224' title='bbox 495 4554 524 4605; x_wconf 94' lang='lat'><strong>6</strong></span> <span class='ocrx_word' id='word_1_225' title='bbox 564 4552 849 4617; x_wconf 77' lang='grc' dir='ltr'>’ἰουδαῖκὸς</span> <span class='ocrx_word' id='word_1_226' title='bbox 878 4553 1008 4617; x_wconf 79' lang='grc' dir='ltr'>λαὸς</span> <span class='ocrx_word' id='word_1_227' title='bbox 1033 4553 1127 4607; x_wconf 82' lang='grc' dir='ltr'>καὶ</span> <span class='ocrx_word' id='word_1_228' title='bbox 1146 4556 1179 4623; x_wconf 81' lang='grc' dir='ltr'><strong>ἡ</strong></span> <span class='ocrx_word' id='word_1_229' title='bbox 1218 4554 1433 4626; x_wconf 62' lang='grc' dir='ltr'>νομικὴ</span> <span class='ocrx_word' id='word_1_230' title='bbox 1461 4556 1709 4609; x_wconf 78' lang='grc' dir='ltr'>πολιτεία</span> <span class='ocrx_word' id='word_1_231' title='bbox 1737 4574 1750 4588; x_wconf 88' lang='grc'><strong>·</strong></span> <span class='ocrx_word' id='word_1_232' title='bbox 1780 4556 1875 4609; x_wconf 75' lang='grc' dir='ltr'>καὶ</span> 
     </span>
    </p>
   </div>
   <div class='ocr_carea' id='block_1_37' title="bbox 306 4644 1871 4718">
    <p class='ocr_par' dir='ltr' id='par_1_37' title="bbox 306 4644 1871 4718">
     <span class='ocr_line' id='line_1_37' title="bbox 306 4644 1871 4718; baseline 0.004 -23"><span class='ocrx_word' id='word_1_233' title='bbox 306 4646 427 4696; x_wconf 88' lang='grc' dir='ltr'>τότε</span> <span class='ocrx_word' id='word_1_234' title='bbox 458 4647 484 4698; x_wconf 89' lang='lat'><strong>6</strong></span> <span class='ocrx_word' id='word_1_235' title='bbox 512 4644 629 4708; x_wconf 80' lang='grc' dir='ltr'>νέος</span> <span class='ocrx_word' id='word_1_236' title='bbox 660 4645 836 4717; x_wconf 82' lang='grc' dir='ltr'>ὲφάνη</span> <span class='ocrx_word' id='word_1_237' title='bbox 874 4645 1002 4710; x_wconf 82' lang='grc' dir='ltr'>λαὸς</span> <span class='ocrx_word' id='word_1_238' title='bbox 1031 4647 1169 4716; x_wconf 87' lang='grc' dir='ltr'><strong>μετά</strong></span> <span class='ocrx_word' id='word_1_239' title='bbox 1194 4646 1302 4700; x_wconf 82' lang='grc' dir='ltr'>τῶν</span> <span class='ocrx_word' id='word_1_240' title='bbox 1329 4648 1506 4701; x_wconf 81' lang='grc' dir='ltr'>αὐτῶν</span> <span class='ocrx_word' id='word_1_241' title='bbox 1533 4648 1731 4718; x_wconf 89' lang='grc' dir='ltr'>νόμων.</span> <span class='ocrx_word' id='word_1_242' title='bbox 1763 4649 1871 4701; x_wconf 74' lang='grc' dir='ltr'>Καὶ</span> 
     </span>
    </p>
   </div>
   <div class='ocr_carea' id='block_1_38' title="bbox 1888 2062 1940 2118">
    <p class='ocr_par' dir='ltr' id='par_1_38' title="bbox 1888 2062 1940 2118">
     <span class='ocr_line' id='line_1_38' title="bbox 1888 2062 1940 2118; baseline 0 0"><span class='ocrx_word' id='word_1_243' title='bbox 1888 2062 1940 2118; x_wconf 80' lang='grc' dir='ltr'>Α</span> 
     </span>
    </p>
   </div>
   <div class='ocr_carea' id='block_1_39' title="bbox 2456 2052 3023 2111">
    <p class='ocr_par' dir='ltr' id='par_1_39' title="bbox 2456 2052 3023 2111">
     <span class='ocr_line' id='line_1_39' title="bbox 2456 2052 3023 2111; baseline 0 -1"><span class='ocrx_word' id='word_1_244' title='bbox 2456 2052 2688 2110; x_wconf 78' lang='lat' dir='ltr'><strong>CAPUT</strong></span> <span class='ocrx_word' id='word_1_245' title='bbox 2734 2052 3023 2111; x_wconf 79' lang='lat' dir='ltr'><strong>PRIMUM.</strong></span> 
     </span>
    </p>
   </div>
   <div class='ocr_carea' id='block_1_40' title="bbox 2040 2161 3537 2235">
    <p class='ocr_par' dir='ltr' id='par_1_40' title="bbox 2040 2161 3537 2235">
     <span class='ocr_line' id='line_1_40' title="bbox 2040 2161 3537 2235; baseline 0 -17"><span class='ocrx_word' id='word_1_246' title='bbox 2040 2164 2205 2220; x_wconf 79' lang='lat' dir='ltr'><strong>Vens.</strong></span> <span class='ocrx_word' id='word_1_247' title='bbox 2266 2166 2316 2221; x_wconf 76' lang='lat' dir='ltr'><strong>i.</strong></span> <span class='ocrx_word' id='word_1_248' title='bbox 2379 2162 2726 2235; x_wconf 77' lang='lat' dir='ltr'><strong>Evangelium</strong></span> <span class='ocrx_word' id='word_1_249' title='bbox 2770 2173 2998 2218; x_wconf 77' lang='lat' dir='ltr'><strong>vocatur</strong></span> <span class='ocrx_word' id='word_1_250' title='bbox 3048 2162 3135 2216; x_wconf 88' lang='lat' dir='ltr'><strong>hic</strong></span> <span class='ocrx_word' id='word_1_251' title='bbox 3194 2161 3354 2228; x_wconf 89' lang='lat' dir='ltr'><strong>liher,</strong></span> <span class='ocrx_word' id='word_1_252' title='bbox 3408 2163 3537 2234; x_wconf 86' lang='lat' dir='ltr'><strong>quia</strong></span> 
     </span>
    </p>
   </div>
   <div class='ocr_carea' id='block_1_41' title="bbox 1968 2255 3538 2321">
    <p class='ocr_par' dir='ltr' id='par_1_41' title="bbox 1968 2255 3538 2321">
     <span class='ocr_line' id='line_1_41' title="bbox 1968 2255 3538 2321; baseline -0.002 -7"><span class='ocrx_word' id='word_1_253' title='bbox 1968 2258 2337 2314; x_wconf 77' lang='lat' dir='ltr'><strong>damnationis</strong></span> <span class='ocrx_word' id='word_1_254' title='bbox 2396 2256 2638 2311; x_wconf 90' lang='lat' dir='ltr'><strong>ostendit</strong></span> <span class='ocrx_word' id='word_1_255' title='bbox 2703 2255 3094 2321; x_wconf 80' lang='lat' dir='ltr'><strong>abolitionem,</strong></span> <span class='ocrx_word' id='word_1_256' title='bbox 3147 2266 3203 2311; x_wconf 88' lang='lat' dir='ltr'><strong>et</strong></span> <span class='ocrx_word' id='word_1_257' title='bbox 3273 2256 3538 2311; x_wconf 77' lang='lat' dir='ltr'><strong>ctelorum</strong></span> 
     </span>
    </p>
   </div>
   <div class='ocr_carea' id='block_1_42' title="bbox 1969 2347 3540 2421">
    <p class='ocr_par' dir='ltr' id='par_1_42' title="bbox 1969 2347 3540 2421">
     <span class='ocr_line' id='line_1_42' title="bbox 1969 2347 3540 2421; baseline -0.003 -16"><span class='ocrx_word' id='word_1_258' title='bbox 1969 2365 2196 2421; x_wconf 77' lang='lat' dir='ltr'><strong>regnum</strong></span> <span class='ocrx_word' id='word_1_259' title='bbox 2226 2349 2539 2404; x_wconf 79' lang='lat' dir='ltr'><strong>annuntiat.</strong></span> <span class='ocrx_word' id='word_1_260' title='bbox 2591 2347 2817 2402; x_wconf 87' lang='lat' dir='ltr'><strong>Librum</strong></span> <span class='ocrx_word' id='word_1_261' title='bbox 2861 2349 3230 2418; x_wconf 69' lang='lat' dir='ltr'><strong>generationis</strong></span> <span class='ocrx_word' id='word_1_262' title='bbox 3282 2361 3437 2402; x_wconf 86' lang='lat' dir='ltr'><strong>vocat</strong></span> <span class='ocrx_word' id='word_1_263' title='bbox 3473 2349 3540 2400; x_wconf 80' lang='lat' dir='ltr'><strong>il-</strong></span> 
     </span>
    </p>
   </div>
   <div class='ocr_carea' id='block_1_43' title="bbox 1969 2438 3536 2509">
    <p class='ocr_par' dir='ltr' id='par_1_43' title="bbox 1969 2438 3536 2509">
     <span class='ocr_line' id='line_1_43' title="bbox 1969 2438 3536 2509; baseline 0 -17"><span class='ocrx_word' id='word_1_264' title='bbox 1969 2439 2103 2503; x_wconf 90' lang='lat' dir='ltr'><strong>lum,</strong></span> <span class='ocrx_word' id='word_1_265' title='bbox 2135 2440 2228 2509; x_wconf 87' lang='lat' dir='ltr'><strong>qui</strong></span> <span class='ocrx_word' id='word_1_266' title='bbox 2262 2440 2367 2494; x_wconf 84' lang='lat' dir='ltr'><strong>alia</strong></span> <span class='ocrx_word' id='word_1_267' title='bbox 2404 2438 2575 2493; x_wconf 87' lang='lat' dir='ltr'><strong>multa</strong></span> <span class='ocrx_word' id='word_1_268' title='bbox 2612 2439 2857 2493; x_wconf 87' lang='lat' dir='ltr'><strong>continet</strong></span> <span class='ocrx_word' id='word_1_269' title='bbox 2880 2446 2935 2493; x_wconf 88' lang='lat' dir='ltr'><strong>et</strong></span> <span class='ocrx_word' id='word_1_270' title='bbox 2968 2453 3072 2492; x_wconf 92' lang='lat' dir='ltr'><strong>non</strong></span> <span class='ocrx_word' id='word_1_271' title='bbox 3108 2438 3283 2493; x_wconf 85' lang='lat' dir='ltr'><strong>solum</strong></span> <span class='ocrx_word' id='word_1_272' title='bbox 3332 2439 3536 2494; x_wconf 69' lang='lat' dir='ltr'><strong>Christi</strong></span> 
     </span>
    </p>
   </div>
   <div class='ocr_carea' id='block_1_44' title="bbox 1970 2528 3537 2601">
    <p class='ocr_par' dir='ltr' id='par_1_44' title="bbox 1970 2528 3537 2601">
     <span class='ocr_line' id='line_1_44' title="bbox 1970 2528 3537 2601; baseline -0.001 -16"><span class='ocrx_word' id='word_1_273' title='bbox 1970 2531 2421 2600; x_wconf 75' lang='lat' dir='ltr'><strong>generationem;</strong></span> <span class='ocrx_word' id='word_1_274' title='bbox 2473 2530 2832 2600; x_wconf 82' lang='lat' dir='ltr'><strong>quamobrem</strong></span> <span class='ocrx_word' id='word_1_275' title='bbox 2866 2528 3031 2601; x_wconf 83' lang='lat' dir='ltr'><strong>caput</strong></span> <span class='ocrx_word' id='word_1_276' title='bbox 3080 2528 3225 2585; x_wconf 85' lang='lat' dir='ltr'><strong>istud</strong></span> <span class='ocrx_word' id='word_1_277' title='bbox 3280 2530 3537 2585; x_wconf 85' lang='lat' dir='ltr'><strong>incarna-</strong></span> 
     </span>
    </p>
   </div>
   <div class='ocr_carea' id='block_1_45' title="bbox 1972 2622 2264 2677">
    <p class='ocr_par' dir='ltr' id='par_1_45' title="bbox 1972 2622 2264 2677">
     <span class='ocr_line' id='line_1_45' title="bbox 1972 2622 2264 2677; baseline -0.003 0"><span class='ocrx_word' id='word_1_278' title='bbox 1972 2622 2133 2677; x_wconf 84' lang='lat' dir='ltr'><strong>tionis</strong></span> <span class='ocrx_word' id='word_1_279' title='bbox 2162 2630 2264 2676; x_wconf 88' lang='lat' dir='ltr'><strong>est.</strong></span> 
     </span>
    </p>
   </div>
   <div class='ocr_carea' id='block_1_46' title="bbox 2042 2709 3540 2783">
    <p class='ocr_par' dir='ltr' id='par_1_46' title="bbox 2042 2709 3540 2783">
     <span class='ocr_line' id='line_1_46' title="bbox 2042 2709 3540 2783; baseline 0.002 -20"><span class='ocrx_word' id='word_1_280' title='bbox 2042 2710 2154 2765; x_wconf 79' lang='lat' dir='ltr'><strong>Vox</strong></span> <span class='ocrx_word' id='word_1_281' title='bbox 2196 2711 2379 2779; x_wconf 68' lang='lat' dir='ltr'><strong>Iesus,</strong></span> <span class='ocrx_word' id='word_1_282' title='bbox 2436 2709 2686 2765; x_wconf 82' lang='lat' dir='ltr'><strong>Salvator</strong></span> <span class='ocrx_word' id='word_1_283' title='bbox 2732 2711 2989 2767; x_wconf 88' lang='lat' dir='ltr'><strong>bebraica</strong></span> <span class='ocrx_word' id='word_1_284' title='bbox 3040 2711 3223 2783; x_wconf 77' lang='lat' dir='ltr'><strong>lingua</strong></span> <span class='ocrx_word' id='word_1_285' title='bbox 3271 2711 3540 2783; x_wconf 49' lang='lat' dir='ltr'><strong>iutcrprc-</strong></span> 
     </span>
    </p>
   </div>
   <div class='ocr_carea' id='block_1_47' title="bbox 1972 2813 2137 2857">
    <p class='ocr_par' dir='ltr' id='par_1_47' title="bbox 1972 2813 2137 2857">
     <span class='ocr_line' id='line_1_47' title="bbox 1972 2813 2137 2857; baseline 0 0"><span class='ocrx_word' id='word_1_286' title='bbox 1972 2813 2137 2857; x_wconf 80' lang='lat' dir='ltr'><strong>tatur.</strong></span> 
     </span>
    </p>
   </div>
   <div class='ocr_carea' id='block_1_48' title="bbox 2041 2892 3535 2951">
    <p class='ocr_par' dir='ltr' id='par_1_48' title="bbox 2041 2892 3535 2951">
     <span class='ocr_line' id='line_1_48' title="bbox 2041 2892 3535 2951; baseline 0.001 -2"><span class='ocrx_word' id='word_1_287' title='bbox 2041 2894 2195 2949; x_wconf 86' lang='lat' dir='ltr'><strong>Unde</strong></span> <span class='ocrx_word' id='word_1_288' title='bbox 2217 2895 2497 2951; x_wconf 78' lang='lat' dir='ltr'><strong>evidenter</strong></span> <span class='ocrx_word' id='word_1_289' title='bbox 2531 2892 2633 2949; x_wconf 79' lang='lat' dir='ltr'><strong>fuit</strong></span> <span class='ocrx_word' id='word_1_290' title='bbox 2664 2910 2731 2950; x_wconf 82' lang='lat' dir='ltr'><strong>ex</strong></span> <span class='ocrx_word' id='word_1_291' title='bbox 2783 2895 2995 2949; x_wconf 86' lang='lat' dir='ltr'><strong>semine</strong></span> <span class='ocrx_word' id='word_1_292' title='bbox 3046 2896 3257 2949; x_wconf 75' lang='lat' dir='ltr'><strong>David?</strong></span> <span class='ocrx_word' id='word_1_293' title='bbox 3314 2895 3391 2949; x_wconf 82' lang='lat' dir='ltr'><strong>Ex</strong></span> <span class='ocrx_word' id='word_1_294' title='bbox 3429 2896 3535 2951; x_wconf 88' lang='lat' dir='ltr'><strong>huc</strong></span> 
     </span>
    </p>
   </div>
   <div class='ocr_carea' id='block_1_49' title="bbox 1970 2984 3537 3057">
    <p class='ocr_par' dir='ltr' id='par_1_49' title="bbox 1970 2984 3537 3057">
     <span class='ocr_line' id='line_1_49' title="bbox 1970 2984 3537 3057; baseline 0 -18"><span class='ocrx_word' id='word_1_295' title='bbox 1970 2987 2115 3057; x_wconf 89' lang='lat' dir='ltr'><strong>quod</strong></span> <span class='ocrx_word' id='word_1_296' title='bbox 2146 2986 2278 3041; x_wconf 86' lang='lat' dir='ltr'><strong>dicit</strong></span> <span class='ocrx_word' id='word_1_297' title='bbox 2310 2986 2478 3041; x_wconf 87' lang='lat' dir='ltr'><strong>Deum</strong></span> <span class='ocrx_word' id='word_1_298' title='bbox 2513 2986 2731 3042; x_wconf 83' lang='lat' dir='ltr'><strong>misisse</strong></span> <span class='ocrx_word' id='word_1_299' title='bbox 2768 2984 2986 3040; x_wconf 84' lang='lat' dir='ltr'><strong>Gabriel</strong></span> <span class='ocrx_word' id='word_1_300' title='bbox 3021 2986 3089 3041; x_wconf 89' lang='lat' dir='ltr'><strong>ad</strong></span> <span class='ocrx_word' id='word_1_301' title='bbox 3137 2988 3400 3057; x_wconf 84' lang='lat' dir='ltr'><strong>virginem</strong></span> <span class='ocrx_word' id='word_1_302' title='bbox 3440 2989 3537 3041; x_wconf 76' lang='lat' dir='ltr'><strong>ile-</strong></span> 
     </span>
    </p>
   </div>
   <div class='ocr_carea' id='block_1_50' title="bbox 1973 3077 3541 3149">
    <p class='ocr_par' dir='ltr' id='par_1_50' title="bbox 1973 3077 3541 3149">
     <span class='ocr_line' id='line_1_50' title="bbox 1973 3077 3541 3149; baseline 0.001 -17"><span class='ocrx_word' id='word_1_303' title='bbox 1973 3089 2287 3148; x_wconf 86' lang='lat' dir='ltr'><strong>sponsatam</strong></span> <span class='ocrx_word' id='word_1_304' title='bbox 2320 3079 2439 3133; x_wconf 82' lang='lat' dir='ltr'><strong>viro</strong></span> <span class='ocrx_word' id='word_1_305' title='bbox 2477 3080 2565 3134; x_wconf 92' lang='lat' dir='ltr'><strong>cui</strong></span> <span class='ocrx_word' id='word_1_306' title='bbox 2615 3093 2815 3134; x_wconf 89' lang='lat' dir='ltr'><strong>nomen</strong></span> <span class='ocrx_word' id='word_1_307' title='bbox 2850 3088 2969 3133; x_wconf 85' lang='lat' dir='ltr'><strong>erat</strong></span> <span class='ocrx_word' id='word_1_308' title='bbox 2999 3077 3228 3149; x_wconf 76' lang='lat' dir='ltr'><strong>Joscph,</strong></span> <span class='ocrx_word' id='word_1_309' title='bbox 3257 3081 3323 3134; x_wconf 86' lang='lat' dir='ltr'><strong>de</strong></span> <span class='ocrx_word' id='word_1_310' title='bbox 3377 3081 3541 3133; x_wconf 79' lang='lat' dir='ltr'><strong>domo</strong></span> 
     </span>
    </p>
   </div>
   <div class='ocr_carea' id='block_1_51' title="bbox 1970 3170 3534 3239">
    <p class='ocr_par' dir='ltr' id='par_1_51' title="bbox 1970 3170 3534 3239">
     <span class='ocr_line' id='line_1_51' title="bbox 1970 3170 3534 3239; baseline 0 -16"><span class='ocrx_word' id='word_1_311' title='bbox 1970 3180 2025 3224; x_wconf 86' lang='lat' dir='ltr'><strong>et</strong></span> <span class='ocrx_word' id='word_1_312' title='bbox 2054 3173 2225 3239; x_wconf 80' lang='lat' dir='ltr'><strong>patria</strong></span> <span class='ocrx_word' id='word_1_313' title='bbox 2266 3172 2456 3226; x_wconf 83' lang='lat' dir='ltr'><strong>David.</strong></span> <span class='ocrx_word' id='word_1_314' title='bbox 2488 3170 2723 3226; x_wconf 83' lang='lat' dir='ltr'><strong>anebat</strong></span> <span class='ocrx_word' id='word_1_315' title='bbox 2753 3181 2932 3225; x_wconf 91' lang='lat' dir='ltr'><strong>autem</strong></span> <span class='ocrx_word' id='word_1_316' title='bbox 2966 3172 3049 3226; x_wconf 78' lang='lat' dir='ltr'><strong>lex</strong></span> <span class='ocrx_word' id='word_1_317' title='bbox 3082 3188 3147 3226; x_wconf 90' lang='lat' dir='ltr'><strong>ne</strong></span> <span class='ocrx_word' id='word_1_318' title='bbox 3176 3189 3241 3227; x_wconf 71' lang='lat' dir='ltr'><strong>ex</strong></span> <span class='ocrx_word' id='word_1_319' title='bbox 3268 3174 3391 3227; x_wconf 84' lang='lat' dir='ltr'><strong>aliis</strong></span> <span class='ocrx_word' id='word_1_320' title='bbox 3426 3175 3534 3226; x_wconf 81' lang='lat' dir='ltr'><strong>tri-</strong></span> 
     </span>
    </p>
   </div>
   <div class='ocr_carea' id='block_1_52' title="bbox 1974 3262 3542 3327">
    <p class='ocr_par' dir='ltr' id='par_1_52' title="bbox 1974 3262 3542 3327">
     <span class='ocr_line' id='line_1_52' title="bbox 1974 3262 3542 3327; baseline 0.001 -10"><span class='ocrx_word' id='word_1_321' title='bbox 1974 3264 2152 3317; x_wconf 79' lang='lat' dir='ltr'><strong>bubus</strong></span> <span class='ocrx_word' id='word_1_322' title='bbox 2186 3264 2469 3318; x_wconf 87' lang='lat' dir='ltr'><strong>ducerent.</strong></span> <span class='ocrx_word' id='word_1_323' title='bbox 2499 3262 2593 3316; x_wconf 80' lang='lat' dir='ltr'><strong>sed</strong></span> <span class='ocrx_word' id='word_1_324' title='bbox 2634 3277 2699 3315; x_wconf 82' lang='lat' dir='ltr'><strong>ex</strong></span> <span class='ocrx_word' id='word_1_325' title='bbox 2751 3263 2940 3317; x_wconf 88' lang='lat' dir='ltr'><strong>eadem</strong></span> <span class='ocrx_word' id='word_1_326' title='bbox 2988 3263 3188 3327; x_wconf 87' lang='lat' dir='ltr'><strong>domo;</strong></span> <span class='ocrx_word' id='word_1_327' title='bbox 3235 3265 3375 3318; x_wconf 86' lang='lat' dir='ltr'><strong>unde</strong></span> <span class='ocrx_word' id='word_1_328' title='bbox 3424 3273 3542 3319; x_wconf 84' lang='lat' dir='ltr'><strong>erat</strong></span> 
     </span>
    </p>
   </div>
   <div class='ocr_carea' id='block_1_53' title="bbox 1972 3352 3240 3427">
    <p class='ocr_par' dir='ltr' id='par_1_53' title="bbox 1972 3352 3240 3427">
     <span class='ocr_line' id='line_1_53' title="bbox 1972 3352 3240 3427; baseline 0 -20"><span class='ocrx_word' id='word_1_329' title='bbox 1972 3352 2169 3423; x_wconf 74' lang='lat' dir='ltr'><strong>Just-ph</strong></span> <span class='ocrx_word' id='word_1_330' title='bbox 2202 3369 2263 3407; x_wconf 83' lang='lat' dir='ltr'><strong>ex</strong></span> <span class='ocrx_word' id='word_1_331' title='bbox 2296 3353 2490 3420; x_wconf 86' lang='lat' dir='ltr'><strong>David,</strong></span> <span class='ocrx_word' id='word_1_332' title='bbox 2525 3354 2691 3410; x_wconf 84' lang='lat' dir='ltr'><strong>Maria</strong></span> <span class='ocrx_word' id='word_1_333' title='bbox 2716 3369 2933 3427; x_wconf 86' lang='lat' dir='ltr'><strong>quoque</strong></span> <span class='ocrx_word' id='word_1_334' title='bbox 2955 3369 3019 3408; x_wconf 83' lang='lat' dir='ltr'><strong>ex</strong></span> <span class='ocrx_word' id='word_1_335' title='bbox 3054 3353 3240 3408; x_wconf 87' lang='lat' dir='ltr'><strong>David.</strong></span> 
     </span>
    </p>
   </div>
   <div class='ocr_carea' id='block_1_54' title="bbox 2055 3541 3541 3610">
    <p class='ocr_par' dir='ltr' id='par_1_54' title="bbox 2055 3541 3541 3610">
     <span class='ocr_line' id='line_1_54' title="bbox 2055 3541 3541 3610; baseline 0.002 -16"><span class='ocrx_word' id='word_1_336' title='bbox 2055 3542 2208 3597; x_wconf 70' lang='lat' dir='ltr'><strong>v&#39;ens.</strong></span> <span class='ocrx_word' id='word_1_337' title='bbox 2238 3545 2289 3600; x_wconf 82' lang='grc'><strong>5.</strong></span> <span class='ocrx_word' id='word_1_338' title='bbox 2325 3541 2507 3610; x_wconf 84' lang='lat' dir='ltr'><strong>Quare</strong></span> <span class='ocrx_word' id='word_1_339' title='bbox 2532 3544 2778 3601; x_wconf 86' lang='lat' dir='ltr'><strong>illicitam</strong></span> <span class='ocrx_word' id='word_1_340' title='bbox 2818 3552 3087 3598; x_wconf 86' lang='lat' dir='ltr'><strong>memorat</strong></span> <span class='ocrx_word' id='word_1_341' title='bbox 3116 3543 3374 3597; x_wconf 81' lang='lat' dir='ltr'><strong>unionem</strong></span> <span class='ocrx_word' id='word_1_342' title='bbox 3402 3543 3541 3597; x_wconf 89' lang='lat' dir='ltr'><strong>.luda</strong></span> 
     </span>
    </p>
   </div>
   <div class='ocr_carea' id='block_1_55' title="bbox 1972 3634 3543 3707">
    <p class='ocr_par' dir='ltr' id='par_1_55' title="bbox 1972 3634 3543 3707">
     <span class='ocr_line' id='line_1_55' title="bbox 1972 3634 3543 3707; baseline -0.001 -17"><span class='ocrx_word' id='word_1_343' title='bbox 1972 3645 2025 3690; x_wconf 89' lang='lat' dir='ltr'><strong>et</strong></span> <span class='ocrx_word' id='word_1_344' title='bbox 2050 3634 2337 3689; x_wconf 85' lang='lat' dir='ltr'><strong>Thamar?</strong></span> <span class='ocrx_word' id='word_1_345' title='bbox 2366 3636 2657 3691; x_wconf 82' lang='lat' dir='ltr'><strong>Admirans</strong></span> <span class='ocrx_word' id='word_1_346' title='bbox 2678 3637 3014 3707; x_wconf 78' lang='lat' dir='ltr'><strong>evangelista</strong></span> <span class='ocrx_word' id='word_1_347' title='bbox 3047 3645 3101 3691; x_wconf 90' lang='lat' dir='ltr'><strong>et</strong></span> <span class='ocrx_word' id='word_1_348' title='bbox 3127 3635 3218 3689; x_wconf 87' lang='lat' dir='ltr'><strong>Dei</strong></span> <span class='ocrx_word' id='word_1_349' title='bbox 3246 3638 3543 3690; x_wconf 74' lang='lat' dir='ltr'><strong>OSlelldCl&#39;S</strong></span> 
     </span>
    </p>
   </div>
   <div class='ocr_carea' id='block_1_56' title="bbox 1973 3727 3544 3797">
    <p class='ocr_par' dir='ltr' id='par_1_56' title="bbox 1973 3727 3544 3797">
     <span class='ocr_line' id='line_1_56' title="bbox 1973 3727 3544 3797; baseline 0 -18"><span class='ocrx_word' id='word_1_350' title='bbox 1973 3742 2215 3780; x_wconf 89' lang='lat' dir='ltr'><strong>amorem</strong></span> <span class='ocrx_word' id='word_1_351' title='bbox 2260 3729 2313 3780; x_wconf 92' lang='lat' dir='ltr'><strong>in</strong></span> <span class='ocrx_word' id='word_1_352' title='bbox 2346 3727 2614 3794; x_wconf 83' lang='lat' dir='ltr'><strong>homines,</strong></span> <span class='ocrx_word' id='word_1_353' title='bbox 2647 3728 2792 3797; x_wconf 90' lang='lat' dir='ltr'><strong>quod</strong></span> <span class='ocrx_word' id='word_1_354' title='bbox 2822 3744 2928 3782; x_wconf 91' lang='lat' dir='ltr'><strong>non</strong></span> <span class='ocrx_word' id='word_1_355' title='bbox 2970 3728 3299 3797; x_wconf 72' lang='lat' dir='ltr'><strong>dedignatus</strong></span> <span class='ocrx_word' id='word_1_356' title='bbox 3343 3739 3424 3781; x_wconf 82' lang='lat' dir='ltr'><strong>est</strong></span> <span class='ocrx_word' id='word_1_357' title='bbox 3462 3737 3544 3780; x_wconf 84' lang='lat' dir='ltr'><strong>ta-</strong></span> 
     </span>
    </p>
   </div>
   <div class='ocr_carea' id='block_1_57' title="bbox 1974 3819 3539 3889">
    <p class='ocr_par' dir='ltr' id='par_1_57' title="bbox 1974 3819 3539 3889">
     <span class='ocr_line' id='line_1_57' title="bbox 1974 3819 3539 3889; baseline 0 -17"><span class='ocrx_word' id='word_1_358' title='bbox 1974 3819 2052 3872; x_wconf 89' lang='lat' dir='ltr'><strong>les</strong></span> <span class='ocrx_word' id='word_1_359' title='bbox 2083 3819 2279 3873; x_wconf 87' lang='lat' dir='ltr'><strong>habere</strong></span> <span class='ocrx_word' id='word_1_360' title='bbox 2309 3830 2582 3889; x_wconf 88' lang='lat' dir='ltr'><strong>parentes.</strong></span> <span class='ocrx_word' id='word_1_361' title='bbox 2612 3820 2789 3886; x_wconf 87' lang='lat' dir='ltr'><strong>Quam</strong></span> <span class='ocrx_word' id='word_1_362' title='bbox 2816 3821 2886 3875; x_wconf 88' lang='lat' dir='ltr'><strong>ob</strong></span> <span class='ocrx_word' id='word_1_363' title='bbox 2908 3836 3129 3875; x_wconf 88' lang='lat' dir='ltr'><strong>causam</strong></span> <span class='ocrx_word' id='word_1_364' title='bbox 3157 3820 3360 3874; x_wconf 79' lang='lat' dir='ltr'><strong>Phares</strong></span> <span class='ocrx_word' id='word_1_365' title='bbox 3391 3836 3539 3872; x_wconf 76' lang='lat' dir='ltr'><strong>cum-</strong></span> 
     </span>
    </p>
   </div>
   <div class='ocr_carea' id='block_1_58' title="bbox 1973 3910 3547 3980">
    <p class='ocr_par' dir='ltr' id='par_1_58' title="bbox 1973 3910 3547 3980">
     <span class='ocr_line' id='line_1_58' title="bbox 1973 3910 3547 3980; baseline 0.001 -18"><span class='ocrx_word' id='word_1_366' title='bbox 1973 3925 2284 3963; x_wconf 88' lang='lat' dir='ltr'><strong>memorans</strong></span> <span class='ocrx_word' id='word_1_367' title='bbox 2306 3925 2335 3964; x_wconf 87' lang='lat' dir='ltr'><strong>a</strong></span> <span class='ocrx_word' id='word_1_368' title='bbox 2367 3926 2477 3980; x_wconf 87' lang='lat' dir='ltr'><strong>quo</strong></span> <span class='ocrx_word' id='word_1_369' title='bbox 2497 3911 2764 3967; x_wconf 90' lang='lat' dir='ltr'><strong>Dominus</strong></span> <span class='ocrx_word' id='word_1_370' title='bbox 2788 3911 2938 3966; x_wconf 81' lang='lat' dir='ltr'><strong>ducit</strong></span> <span class='ocrx_word' id='word_1_371' title='bbox 2962 3913 3317 3980; x_wconf 79' lang='lat' dir='ltr'><strong>genelugiam.</strong></span> <span class='ocrx_word' id='word_1_372' title='bbox 3346 3910 3547 3964; x_wconf 79' lang='lat' dir='ltr'><strong>Zaram</strong></span> 
     </span>
    </p>
   </div>
   <div class='ocr_carea' id='block_1_59' title="bbox 1972 4002 3538 4075">
    <p class='ocr_par' dir='ltr' id='par_1_59' title="bbox 1972 4002 3538 4075">
     <span class='ocr_line' id='line_1_59' title="bbox 1972 4002 3538 4075; baseline 0.002 -21"><span class='ocrx_word' id='word_1_373' title='bbox 1972 4002 2137 4055; x_wconf 84' lang='lat' dir='ltr'><strong>etiam</strong></span> <span class='ocrx_word' id='word_1_374' title='bbox 2192 4003 2503 4056; x_wconf 89' lang='lat' dir='ltr'><strong>memorat?</strong></span> <span class='ocrx_word' id='word_1_375' title='bbox 2564 4002 2704 4070; x_wconf 83' lang='lat' dir='ltr'><strong>Quia</strong></span> <span class='ocrx_word' id='word_1_376' title='bbox 2761 4003 2923 4069; x_wconf 87' lang='lat' dir='ltr'><strong>Zara,</strong></span> <span class='ocrx_word' id='word_1_377' title='bbox 2976 4008 3223 4075; x_wconf 84' lang='lat' dir='ltr'><strong>pariente</strong></span> <span class='ocrx_word' id='word_1_378' title='bbox 3279 4003 3538 4065; x_wconf 84' lang='lat' dir='ltr'><strong>Thamar,</strong></span> 
     </span>
    </p>
   </div>
   <div class='ocr_carea' id='block_1_60' title="bbox 1973 4092 3544 4164">
    <p class='ocr_par' dir='ltr' id='par_1_60' title="bbox 1973 4092 3544 4164">
     <span class='ocr_line' id='line_1_60' title="bbox 1973 4092 3544 4164; baseline 0.003 -19"><span class='ocrx_word' id='word_1_379' title='bbox 1973 4106 2097 4146; x_wconf 89' lang='lat' dir='ltr'><strong>cum</strong></span> <span class='ocrx_word' id='word_1_380' title='bbox 2130 4108 2350 4148; x_wconf 90' lang='lat' dir='ltr'><strong>manum</strong></span> <span class='ocrx_word' id='word_1_381' title='bbox 2404 4092 2554 4150; x_wconf 84' lang='lat' dir='ltr'><strong>foras</strong></span> <span class='ocrx_word' id='word_1_382' title='bbox 2616 4095 2953 4164; x_wconf 87' lang='lat' dir='ltr'><strong>protulisset,</strong></span> <span class='ocrx_word' id='word_1_383' title='bbox 3014 4097 3154 4151; x_wconf 85' lang='lat' dir='ltr'><strong>hanc</strong></span> <span class='ocrx_word' id='word_1_384' title='bbox 3202 4098 3455 4159; x_wconf 78' lang='lat' dir='ltr'><strong>retraxit,</strong></span> <span class='ocrx_word' id='word_1_385' title='bbox 3488 4107 3544 4149; x_wconf 88' lang='lat' dir='ltr'><strong>et</strong></span> 
     </span>
    </p>
   </div>
   <div class='ocr_carea' id='block_1_61' title="bbox 1976 4187 3540 4259">
    <p class='ocr_par' dir='ltr' id='par_1_61' title="bbox 1976 4187 3540 4259">
     <span class='ocr_line' id='line_1_61' title="bbox 1976 4187 3540 4259; baseline 0.002 -19"><span class='ocrx_word' id='word_1_386' title='bbox 1976 4187 2236 4255; x_wconf 81' lang='lat' dir='ltr'><strong>processit</strong></span> <span class='ocrx_word' id='word_1_387' title='bbox 2268 4188 2499 4252; x_wconf 86' lang='lat' dir='ltr'><strong>Phares,</strong></span> <span class='ocrx_word' id='word_1_388' title='bbox 2540 4197 2596 4243; x_wconf 86' lang='lat' dir='ltr'><strong>et</strong></span> <span class='ocrx_word' id='word_1_389' title='bbox 2652 4190 2849 4244; x_wconf 87' lang='lat' dir='ltr'><strong>deinde</strong></span> <span class='ocrx_word' id='word_1_390' title='bbox 2883 4189 3062 4254; x_wconf 81' lang='lat' dir='ltr'><strong>Zara;</strong></span> <span class='ocrx_word' id='word_1_391' title='bbox 3108 4190 3254 4259; x_wconf 86' lang='lat' dir='ltr'><strong>quod</strong></span> <span class='ocrx_word' id='word_1_392' title='bbox 3306 4191 3540 4244; x_wconf 91' lang='lat' dir='ltr'><strong>duorum</strong></span> 
     </span>
    </p>
   </div>
   <div class='ocr_carea' id='block_1_62' title="bbox 1974 4279 3542 4351">
    <p class='ocr_par' dir='ltr' id='par_1_62' title="bbox 1974 4279 3542 4351">
     <span class='ocr_line' id='line_1_62' title="bbox 1974 4279 3542 4351; baseline 0.002 -19"><span class='ocrx_word' id='word_1_393' title='bbox 1974 4279 2299 4348; x_wconf 86' lang='lat' dir='ltr'><strong>populorum</strong></span> <span class='ocrx_word' id='word_1_394' title='bbox 2338 4279 2505 4349; x_wconf 80' lang='lat' dir='ltr'><strong>ligura</strong></span> <span class='ocrx_word' id='word_1_395' title='bbox 2534 4290 2675 4337; x_wconf 89' lang='lat' dir='ltr'><strong>erat.</strong></span> <span class='ocrx_word' id='word_1_396' title='bbox 2706 4282 2844 4335; x_wconf 85' lang='lat' dir='ltr'><strong>Nam</strong></span> <span class='ocrx_word' id='word_1_397' title='bbox 2894 4296 3016 4336; x_wconf 78' lang='lat' dir='ltr'><strong>cum</strong></span> <span class='ocrx_word' id='word_1_398' title='bbox 3055 4282 3287 4336; x_wconf 66' lang='lat' dir='ltr'><strong>Abrahae</strong></span> <span class='ocrx_word' id='word_1_399' title='bbox 3330 4291 3542 4351; x_wconf 87' lang='lat' dir='ltr'><strong>tempo-</strong></span> 
     </span>
    </p>
   </div>
   <div class='ocr_carea' id='block_1_63' title="bbox 1974 4359 3544 4444">
    <p class='ocr_par' dir='ltr' id='par_1_63' title="bbox 1974 4359 3544 4444">
     <span class='ocr_line' id='line_1_63' title="bbox 1974 4359 3544 4444; baseline 0.004 -22"><span class='ocrx_word' id='word_1_400' title='bbox 1974 4372 2127 4425; x_wconf 90' lang='lat' dir='ltr'><strong>ribus</strong></span> <span class='ocrx_word' id='word_1_401' title='bbox 2149 4371 2517 4428; x_wconf 87' lang='lat' dir='ltr'><strong>ecclesiastica</strong></span> <span class='ocrx_word' id='word_1_402' title='bbox 2550 4359 2813 4443; x_wconf 80' lang='lat' dir='ltr'><strong>viguisset</strong></span> <span class='ocrx_word' id='word_1_403' title='bbox 2844 4374 3188 4443; x_wconf 84' lang='lat' dir='ltr'><strong>gubernatio.</strong></span> <span class='ocrx_word' id='word_1_404' title='bbox 3240 4375 3544 4444; x_wconf 88' lang='lat' dir='ltr'><strong>deindeque</strong></span> 
     </span>
    </p>
   </div>
   <div class='ocr_carea' id='block_1_64' title="bbox 1974 4462 3539 4533">
    <p class='ocr_par' dir='ltr' id='par_1_64' title="bbox 1974 4462 3539 4533">
     <span class='ocr_line' id='line_1_64' title="bbox 1974 4462 3539 4533; baseline 0.001 -18"><span class='ocrx_word' id='word_1_405' title='bbox 1974 4475 2003 4515; x_wconf 91' lang='lat' dir='ltr'><strong>e</strong></span> <span class='ocrx_word' id='word_1_406' title='bbox 2037 4462 2217 4516; x_wconf 90' lang='lat' dir='ltr'><strong>medio</strong></span> <span class='ocrx_word' id='word_1_407' title='bbox 2254 4463 2465 4517; x_wconf 84' lang='lat' dir='ltr'><strong>sublata</strong></span> <span class='ocrx_word' id='word_1_408' title='bbox 2492 4462 2711 4528; x_wconf 82' lang='lat' dir='ltr'><strong>fuisset,</strong></span> <span class='ocrx_word' id='word_1_409' title='bbox 2750 4464 2897 4518; x_wconf 85' lang='lat' dir='ltr'><strong>venit</strong></span> <span class='ocrx_word' id='word_1_410' title='bbox 2955 4462 3269 4518; x_wconf 70' lang='lat' dir='ltr'><strong>Judaeorum</strong></span> <span class='ocrx_word' id='word_1_411' title='bbox 3304 4465 3539 4533; x_wconf 86' lang='lat' dir='ltr'><strong>populus</strong></span> 
     </span>
    </p>
   </div>
   <div class='ocr_carea' id='block_1_65' title="bbox 1974 4553 3542 4625">
    <p class='ocr_par' dir='ltr' id='par_1_65' title="bbox 1974 4553 3542 4625">
     <span class='ocr_line' id='line_1_65' title="bbox 1974 4553 3542 4625; baseline 0.003 -19"><span class='ocrx_word' id='word_1_412' title='bbox 1974 4562 2028 4607; x_wconf 91' lang='lat' dir='ltr'><strong>et</strong></span> <span class='ocrx_word' id='word_1_413' title='bbox 2054 4553 2185 4622; x_wconf 76' lang='lat' dir='ltr'><strong>legis</strong></span> <span class='ocrx_word' id='word_1_414' title='bbox 2218 4554 2558 4622; x_wconf 81' lang='lat' dir='ltr'><strong>gubernatio,</strong></span> <span class='ocrx_word' id='word_1_415' title='bbox 2593 4564 2648 4609; x_wconf 85' lang='lat' dir='ltr'><strong>et</strong></span> <span class='ocrx_word' id='word_1_416' title='bbox 2695 4564 2824 4609; x_wconf 91' lang='lat' dir='ltr'><strong>tunc</strong></span> <span class='ocrx_word' id='word_1_417' title='bbox 2856 4571 3031 4610; x_wconf 89' lang='lat' dir='ltr'><strong>novus</strong></span> <span class='ocrx_word' id='word_1_418' title='bbox 3084 4557 3335 4625; x_wconf 81' lang='lat' dir='ltr'><strong>apparuit</strong></span> <span class='ocrx_word' id='word_1_419' title='bbox 3369 4573 3542 4625; x_wconf 85' lang='lat' dir='ltr'><strong>pupu-</strong></span> 
     </span>
    </p>
   </div>
   <div class='ocr_carea' id='block_1_66' title="bbox 1976 4645 3541 4716">
    <p class='ocr_par' dir='ltr' id='par_1_66' title="bbox 1976 4645 3541 4716">
     <span class='ocr_line' id='line_1_66' title="bbox 1976 4645 3541 4716; baseline 0.003 -20"><span class='ocrx_word' id='word_1_420' title='bbox 1976 4645 2060 4698; x_wconf 92' lang='lat' dir='ltr'><strong>lus</strong></span> <span class='ocrx_word' id='word_1_421' title='bbox 2089 4660 2213 4699; x_wconf 91' lang='lat' dir='ltr'><strong>cum</strong></span> <span class='ocrx_word' id='word_1_422' title='bbox 2246 4647 2454 4715; x_wconf 85' lang='lat' dir='ltr'><strong>legibus</strong></span> <span class='ocrx_word' id='word_1_423' title='bbox 2482 4647 2707 4702; x_wconf 89' lang='lat' dir='ltr'><strong>eisdem.</strong></span> <span class='ocrx_word' id='word_1_424' title='bbox 2746 4646 2811 4700; x_wconf 89' lang='lat' dir='ltr'><strong>Et</strong></span> <span class='ocrx_word' id='word_1_425' title='bbox 2845 4647 2912 4702; x_wconf 88' lang='lat' dir='ltr'><strong>de</strong></span> <span class='ocrx_word' id='word_1_426' title='bbox 2938 4646 3083 4701; x_wconf 83' lang='lat' dir='ltr'><strong>Ruth</strong></span> <span class='ocrx_word' id='word_1_427' title='bbox 3124 4649 3427 4716; x_wconf 86' lang='lat' dir='ltr'><strong>alienigena</strong></span> <span class='ocrx_word' id='word_1_428' title='bbox 3460 4649 3541 4701; x_wconf 92' lang='lat' dir='ltr'><strong>lo-</strong></span> 
     </span>
    </p>
   </div>
   <div class='ocr_carea' id='block_1_67' title="bbox 304 4736 1970 4810">
    <p class='ocr_par' dir='ltr' id='par_1_67' title="bbox 304 4738 1941 4810">
     <span class='ocr_line' id='line_1_67' title="bbox 304 4738 1941 4810; baseline 0.001 -17"><span class='ocrx_word' id='word_1_429' title='bbox 304 4739 405 4807; x_wconf 81' lang='grc' dir='ltr'>τῆς</span> <span class='ocrx_word' id='word_1_430' title='bbox 446 4739 598 4793; x_wconf 78' lang='grc' dir='ltr'>Ῥοὺθ</span> <span class='ocrx_word' id='word_1_431' title='bbox 629 4740 685 4793; x_wconf 85' lang='grc' dir='ltr'><strong>δὲ</strong></span> <span class='ocrx_word' id='word_1_432' title='bbox 707 4740 805 4809; x_wconf 83' lang='grc' dir='ltr'>τῆς</span> <span class='ocrx_word' id='word_1_433' title='bbox 836 4739 1134 4809; x_wconf 85' lang='grc' dir='ltr'>ἀλλοφύλου</span> <span class='ocrx_word' id='word_1_434' title='bbox 1168 4738 1458 4809; x_wconf 84' lang='grc' dir='ltr'>μέμνηται,</span> <span class='ocrx_word' id='word_1_435' title='bbox 1499 4740 1581 4792; x_wconf 85' lang='grc' dir='ltr'><strong>ὅτι</strong></span> <span class='ocrx_word' id='word_1_436' title='bbox 1617 4740 1871 4810; x_wconf 72' lang='grc' dir='ltr'>καθάπερ</span> <span class='ocrx_word' id='word_1_437' title='bbox 1901 4754 1941 4809; x_wconf 82' lang='lat' dir='ltr'>c</span> 
     </span>
    </p>
   </div>
   <div class='ocr_carea' id='block_1_68' title="bbox 1876 4736 3542 4810">
    <p class='ocr_par' dir='ltr' id='par_1_68' title="bbox 1901 4736 3542 4809">
     <span class='ocr_line' id='line_1_68' title="bbox 1901 4736 3542 4809; baseline 0.002 -24"><span class='ocrx_word' id='word_1_438' title='bbox 1901 4754 1941 4809; x_wconf 69' lang='grc' dir='ltr'><strong>ρ</strong></span> <span class='ocrx_word' id='word_1_439' title='bbox 1974 4736 2179 4805; x_wconf 87' lang='lat' dir='ltr'><strong>quitur,</strong></span> <span class='ocrx_word' id='word_1_440' title='bbox 2208 4738 2335 4805; x_wconf 82' lang='lat' dir='ltr'><strong>quia</strong></span> <span class='ocrx_word' id='word_1_441' title='bbox 2367 4738 2513 4792; x_wconf 84' lang='lat' dir='ltr'><strong>sicut</strong></span> <span class='ocrx_word' id='word_1_442' title='bbox 2550 4739 2695 4791; x_wconf 86' lang='lat' dir='ltr'><strong>illam</strong></span> <span class='ocrx_word' id='word_1_443' title='bbox 2752 4745 2805 4790; x_wconf 86' lang='lat' dir='ltr'><strong>ct</strong></span> <span class='ocrx_word' id='word_1_444' title='bbox 2844 4739 3147 4791; x_wconf 61' lang='lat' dir='ltr'><strong>mendicum</strong></span> <span class='ocrx_word' id='word_1_445' title='bbox 3190 4750 3242 4791; x_wconf 90' lang='lat' dir='ltr'><strong>et</strong></span> <span class='ocrx_word' id='word_1_446' title='bbox 3285 4740 3542 4807; x_wconf 71' lang='lat' dir='ltr'><strong>alienige-</strong></span> 
     </span>
    </p>
   </div>
   <div class='ocr_carea' id='block_1_69' title="bbox 307 4830 1873 4901">
    <p class='ocr_par' dir='ltr' id='par_1_69' title="bbox 307 4830 1873 4901">
     <span class='ocr_line' id='line_1_69' title="bbox 307 4830 1873 4901; baseline 0.001 -17"><span class='ocrx_word' id='word_1_447' title='bbox 307 4831 520 4900; x_wconf 81' lang='grc' dir='ltr'>ἐκείνης</span> <span class='ocrx_word' id='word_1_448' title='bbox 550 4832 643 4885; x_wconf 77' lang='grc' dir='ltr'><strong>καὶ</strong></span> <span class='ocrx_word' id='word_1_449' title='bbox 692 4832 913 4901; x_wconf 83' lang='grc' dir='ltr'>πτωχῆς</span> <span class='ocrx_word' id='word_1_450' title='bbox 956 4832 1049 4885; x_wconf 78' lang='grc' dir='ltr'>καὶ</span> <span class='ocrx_word' id='word_1_451' title='bbox 1080 4830 1375 4898; x_wconf 78' lang='grc' dir='ltr'>ἀλλοφύλου</span> <span class='ocrx_word' id='word_1_452' title='bbox 1403 4830 1566 4896; x_wconf 77' lang='grc' dir='ltr'>οὔσης</span> <span class='ocrx_word' id='word_1_453' title='bbox 1596 4834 1624 4885; x_wconf 87' lang='lat'><strong>6</strong></span> <span class='ocrx_word' id='word_1_454' title='bbox 1650 4832 1782 4895; x_wconf 59' lang='grc' dir='ltr'>Βοὲς</span> <span class='ocrx_word' id='word_1_455' title='bbox 1811 4833 1873 4885; x_wconf 77' lang='grc' dir='ltr'><strong>οὐ</strong></span> 
     </span>
    </p>
   </div>
   <div class='ocr_carea' id='block_1_70' title="bbox 310 4923 1871 4996">
    <p class='ocr_par' dir='ltr' id='par_1_70' title="bbox 310 4923 1871 4996">
     <span class='ocr_line' id='line_1_70' title="bbox 310 4923 1871 4996; baseline 0.001 -20"><span class='ocrx_word' id='word_1_456' title='bbox 310 4926 732 4996; x_wconf 84' lang='grc' dir='ltr'>κατεφρόνησεν,</span> <span class='ocrx_word' id='word_1_457' title='bbox 762 4923 886 4977; x_wconf 76' lang='grc' dir='ltr'>οὔτε</span> <span class='ocrx_word' id='word_1_458' title='bbox 919 4923 1016 4993; x_wconf 83' lang='grc' dir='ltr'>τὴν</span> <span class='ocrx_word' id='word_1_459' title='bbox 1050 4924 1369 4991; x_wconf 85' lang='grc' dir='ltr'>δυσγένειαν</span> <span class='ocrx_word' id='word_1_460' title='bbox 1398 4923 1739 4988; x_wconf 76' lang='grc' dir='ltr'>ἐϐδελύξατο,</span> <span class='ocrx_word' id='word_1_461' title='bbox 1776 4927 1871 4979; x_wconf 79' lang='grc' dir='ltr'>καὶ</span> 
     </span>
    </p>
   </div>
   <div class='ocr_carea' id='block_1_71' title="bbox 307 4997 1875 5086">
    <p class='ocr_par' dir='ltr' id='par_1_71' title="bbox 307 4997 1875 5086">
     <span class='ocr_line' id='line_1_71' title="bbox 307 4997 1875 5086; baseline 0.002 -18"><span class='ocrx_word' id='word_1_462' title='bbox 307 5016 594 5086; x_wconf 77' lang='grc' dir='ltr'>όΧριστὸς</span> <span class='ocrx_word' id='word_1_463' title='bbox 648 5015 747 5086; x_wconf 83' lang='grc' dir='ltr'>τὴν</span> <span class='ocrx_word' id='word_1_464' title='bbox 801 5014 1123 5085; x_wconf 80' lang='grc' dir='ltr'>Ἐκκλησίαν</span> <span class='ocrx_word' id='word_1_465' title='bbox 1166 4997 1457 5086; x_wconf 70' lang='grc' dir='ltr'>δεξάμενος</span> <span class='ocrx_word' id='word_1_466' title='bbox 1508 5018 1607 5071; x_wconf 77' lang='grc' dir='ltr'><strong>οὐκ</strong></span> <span class='ocrx_word' id='word_1_467' title='bbox 1657 5018 1875 5073; x_wconf 72' lang='grc' dir='ltr'>ὲῦδελύ-</span> 
     </span>
    </p>
   </div>
   <div class='ocr_carea' id='block_1_72' title="bbox 307 5107 457 5173">
    <p class='ocr_par' dir='ltr' id='par_1_72' title="bbox 307 5107 457 5173">
     <span class='ocr_line' id='line_1_72' title="bbox 307 5107 457 5173; baseline 0.007 -12"><span class='ocrx_word' id='word_1_468' title='bbox 307 5107 457 5173; x_wconf 84' lang='grc' dir='ltr'>ξατο.</span> 
     </span>
    </p>
   </div>
   <div class='ocr_carea' id='block_1_73' title="bbox 375 5197 1870 5269">
    <p class='ocr_par' dir='ltr' id='par_1_73' title="bbox 375 5197 1870 5269">
     <span class='ocr_line' id='line_1_73' title="bbox 375 5197 1870 5269; baseline 0.002 -18"><span class='ocrx_word' id='word_1_469' title='bbox 375 5198 512 5260; x_wconf 79' lang='grc' dir='ltr'>Τοὺς</span> <span class='ocrx_word' id='word_1_470' title='bbox 528 5200 675 5268; x_wconf 88' lang='grc' dir='ltr'>τρεῖς</span> <span class='ocrx_word' id='word_1_471' title='bbox 709 5197 1025 5269; x_wconf 80' lang='grc' dir='ltr'>παρέδραμε</span> <span class='ocrx_word' id='word_1_472' title='bbox 1053 5198 1282 5266; x_wconf 79' lang='grc' dir='ltr'>βασιλεῖς</span> <span class='ocrx_word' id='word_1_473' title='bbox 1306 5198 1381 5260; x_wconf 85' lang='grc' dir='ltr'>ὡς</span> <span class='ocrx_word' id='word_1_474' title='bbox 1412 5202 1611 5263; x_wconf 78' lang='grc' dir='ltr'>κακούς</span> <span class='ocrx_word' id='word_1_475' title='bbox 1636 5218 1649 5231; x_wconf 77' lang='grc' dir='ltr'><strong><em>ο</em></strong></span> <span class='ocrx_word' id='word_1_476' title='bbox 1678 5201 1870 5255; x_wconf 76' lang='grc' dir='ltr'>ἔστιδὲ</span> 
     </span>
    </p>
   </div>
   <div class='ocr_carea' id='block_1_74' title="bbox 317 5288 1867 5363">
    <p class='ocr_par' dir='ltr' id='par_1_74' title="bbox 317 5288 1867 5363">
     <span class='ocr_line' id='line_1_74' title="bbox 317 5288 1867 5363; baseline 0.003 -23"><span class='ocrx_word' id='word_1_477' title='bbox 317 5288 583 5359; x_wconf 82' lang='grc' dir='ltr'>Ὀχοζίας,</span> <span class='ocrx_word' id='word_1_478' title='bbox 637 5290 728 5343; x_wconf 79' lang='grc' dir='ltr'>καὶ</span> <span class='ocrx_word' id='word_1_479' title='bbox 776 5290 947 5355; x_wconf 81' lang='grc' dir='ltr'>Ἰωὰς,</span> <span class='ocrx_word' id='word_1_480' title='bbox 1008 5293 1101 5345; x_wconf 73' lang='grc' dir='ltr'>καὶ</span> <span class='ocrx_word' id='word_1_481' title='bbox 1163 5292 1455 5361; x_wconf 80' lang='grc' dir='ltr'>Ἀμεσίας’</span> <span class='ocrx_word' id='word_1_482' title='bbox 1490 5292 1609 5354; x_wconf 77' lang='grc' dir='ltr'>ἔθος</span> <span class='ocrx_word' id='word_1_483' title='bbox 1652 5293 1758 5362; x_wconf 75' lang='grc' dir='ltr'>γὰρ</span> <span class='ocrx_word' id='word_1_484' title='bbox 1803 5296 1867 5363; x_wconf 81' lang='grc' dir='ltr'>τῇ</span> 
     </span>
    </p>
   </div>
   <div class='ocr_carea' id='block_1_75' title="bbox 304 5380 1871 5453">
    <p class='ocr_par' dir='ltr' id='par_1_75' title="bbox 304 5380 1871 5453">
     <span class='ocr_line' id='line_1_75' title="bbox 304 5380 1871 5453; baseline 0.001 -21"><span class='ocrx_word' id='word_1_485' title='bbox 304 5381 492 5449; x_wconf 77' lang='grc' dir='ltr'>Γραφῇ</span> <span class='ocrx_word' id='word_1_486' title='bbox 545 5381 668 5443; x_wconf 79' lang='grc' dir='ltr'>τοὺς</span> <span class='ocrx_word' id='word_1_487' title='bbox 712 5381 810 5433; x_wconf 83' lang='grc' dir='ltr'><strong>ούκ</strong></span> <span class='ocrx_word' id='word_1_488' title='bbox 844 5380 1025 5444; x_wconf 81' lang='grc' dir='ltr'>ἀξίους</span> <span class='ocrx_word' id='word_1_489' title='bbox 1066 5384 1280 5453; x_wconf 85' lang='grc' dir='ltr'>μνήμης</span> <span class='ocrx_word' id='word_1_490' title='bbox 1303 5383 1755 5453; x_wconf 86' lang='grc' dir='ltr'>καταλιμπάνειν,</span> <span class='ocrx_word' id='word_1_491' title='bbox 1793 5383 1871 5447; x_wconf 80' lang='grc' dir='ltr'><strong>ὡς</strong></span> 
     </span>
    </p>
   </div>
   <div class='ocr_carea' id='block_1_76' title="bbox 307 5469 1545 5541">
    <p class='ocr_par' dir='ltr' id='par_1_76' title="bbox 307 5469 1545 5541">
     <span class='ocr_line' id='line_1_76' title="bbox 307 5469 1545 5541; baseline 0.001 -18"><span class='ocrx_word' id='word_1_492' title='bbox 307 5470 401 5523; x_wconf 75' lang='grc' dir='ltr'><strong>καὶ</strong></span> <span class='ocrx_word' id='word_1_493' title='bbox 430 5469 631 5537; x_wconf 76' lang='grc' dir='ltr'>Μωσῆς</span> <span class='ocrx_word' id='word_1_494' title='bbox 661 5470 719 5521; x_wconf 79' lang='grc' dir='ltr'>ἐν</span> <span class='ocrx_word' id='word_1_495' title='bbox 748 5473 864 5533; x_wconf 85' lang='grc' dir='ltr'>ταῖς</span> <span class='ocrx_word' id='word_1_496' title='bbox 886 5471 1158 5538; x_wconf 81' lang='grc' dir='ltr'>εὐλογίαις</span> <span class='ocrx_word' id='word_1_497' title='bbox 1184 5470 1275 5523; x_wconf 82' lang='grc' dir='ltr'>τοῦ</span> <span class='ocrx_word' id='word_1_498' title='bbox 1301 5472 1545 5541; x_wconf 70' lang='grc' dir='ltr'>Συμεών.</span> 
     </span>
    </p>
   </div>
   <div class='ocr_carea' id='block_1_77' title="bbox 374 5558 1867 5639">
    <p class='ocr_par' dir='ltr' id='par_1_77' title="bbox 374 5558 1867 5639">
     <span class='ocr_line' id='line_1_77' title="bbox 374 5558 1867 5639; baseline 0.006 -27"><span class='ocrx_word' id='word_1_499' title='bbox 374 5561 473 5612; x_wconf 79' lang='grc' dir='ltr'>Διά</span> <span class='ocrx_word' id='word_1_500' title='bbox 503 5561 552 5611; x_wconf 88' lang='grc' dir='ltr'><strong>τί</strong></span> <span class='ocrx_word' id='word_1_501' title='bbox 584 5558 737 5613; x_wconf 71' lang='grc' dir='ltr'>εἶπεν</span> <span class='ocrx_word' id='word_1_502' title='bbox 769 5561 961 5633; x_wconf 80' lang='grc' dir='ltr'>Ἰωσὴφ</span> <span class='ocrx_word' id='word_1_503' title='bbox 987 5563 1077 5615; x_wconf 73' lang='grc' dir='ltr'>τὸν</span> <span class='ocrx_word' id='word_1_504' title='bbox 1102 5563 1266 5631; x_wconf 78' lang='grc' dir='ltr'>ἄνδρα</span> <span class='ocrx_word' id='word_1_505' title='bbox 1298 5566 1549 5634; x_wconf 83' lang='grc' dir='ltr'>Μαρίασ;</span> <span class='ocrx_word' id='word_1_506' title='bbox 1580 5568 1694 5620; x_wconf 81' lang='grc' dir='ltr'>Ἵνα</span> <span class='ocrx_word' id='word_1_507' title='bbox 1718 5568 1867 5639; x_wconf 77' lang='grc' dir='ltr'>δείξῃ</span> 
     </span>
    </p>
   </div>
   <div class='ocr_carea' id='block_1_78' title="bbox 304 5652 1866 5729">
    <p class='ocr_par' dir='ltr' id='par_1_78' title="bbox 304 5652 1866 5729">
     <span class='ocr_line' id='line_1_78' title="bbox 304 5652 1866 5729; baseline 0.003 -23"><span class='ocrx_word' id='word_1_508' title='bbox 304 5653 381 5706; x_wconf 80' lang='grc' dir='ltr'>ὅτι</span> <span class='ocrx_word' id='word_1_509' title='bbox 418 5652 486 5704; x_wconf 87' lang='grc' dir='ltr'><strong>δι’</strong></span> <span class='ocrx_word' id='word_1_510' title='bbox 512 5652 675 5706; x_wconf 80' lang='grc' dir='ltr'>αὐτὸν</span> <span class='ocrx_word' id='word_1_511' title='bbox 709 5655 797 5706; x_wconf 76' lang='grc' dir='ltr'><strong>καὶ</strong></span> <span class='ocrx_word' id='word_1_512' title='bbox 847 5654 1048 5725; x_wconf 90' lang='grc' dir='ltr'>ταύτην</span> <span class='ocrx_word' id='word_1_513' title='bbox 1077 5656 1496 5728; x_wconf 77' lang='grc' dir='ltr'>ἐγενεαλόγησεν</span> <span class='ocrx_word' id='word_1_514' title='bbox 1517 5676 1529 5689; x_wconf 90' lang='grc'><strong>·</strong></span> <span class='ocrx_word' id='word_1_515' title='bbox 1561 5659 1700 5714; x_wconf 70' lang='grc' dir='ltr'>κατὰ</span> <span class='ocrx_word' id='word_1_516' title='bbox 1758 5660 1866 5729; x_wconf 75' lang='grc' dir='ltr'><strong>γάρ</strong></span> 
     </span>
    </p>
   </div>
   <div class='ocr_carea' id='block_1_79' title="bbox 305 5744 1292 5819">
    <p class='ocr_par' dir='ltr' id='par_1_79' title="bbox 305 5744 1292 5819">
     <span class='ocr_line' id='line_1_79' title="bbox 305 5744 1292 5819; baseline 0.004 -20"><span class='ocrx_word' id='word_1_517' title='bbox 305 5744 475 5813; x_wconf 69' lang='grc' dir='ltr'>φυλὰς</span> <span class='ocrx_word' id='word_1_518' title='bbox 507 5746 598 5800; x_wconf 73' lang='grc' dir='ltr'><strong>καὶ</strong></span> <span class='ocrx_word' id='word_1_519' title='bbox 628 5748 941 5815; x_wconf 81' lang='grc' dir='ltr'>συγγενείας</span> <span class='ocrx_word' id='word_1_520' title='bbox 973 5748 1292 5819; x_wconf 78' lang='grc' dir='ltr'>ὲλάμόανον.</span> 
     </span>
    </p>
   </div>
   <div class='ocr_carea' id='block_1_80' title="bbox 1977 4826 3543 4899">
    <p class='ocr_par' dir='ltr' id='par_1_80' title="bbox 1977 4826 3543 4899">
     <span class='ocr_line' id='line_1_80' title="bbox 1977 4826 3543 4899; baseline 0.003 -19"><span class='ocrx_word' id='word_1_521' title='bbox 1977 4843 2097 4881; x_wconf 88' lang='lat' dir='ltr'><strong>nam</strong></span> <span class='ocrx_word' id='word_1_522' title='bbox 2140 4826 2282 4881; x_wconf 84' lang='lat' dir='ltr'><strong>Booz</strong></span> <span class='ocrx_word' id='word_1_523' title='bbox 2322 4844 2428 4882; x_wconf 88' lang='lat' dir='ltr'><strong>non</strong></span> <span class='ocrx_word' id='word_1_524' title='bbox 2482 4829 2747 4897; x_wconf 76' lang='lat' dir='ltr'><strong>despexit,</strong></span> <span class='ocrx_word' id='word_1_525' title='bbox 2786 4845 2961 4899; x_wconf 79' lang='lat' dir='ltr'><strong>neque</strong></span> <span class='ocrx_word' id='word_1_526' title='bbox 3014 4830 3381 4884; x_wconf 82' lang='lat' dir='ltr'><strong>inﬁrmitatem</strong></span> <span class='ocrx_word' id='word_1_527' title='bbox 3422 4834 3543 4899; x_wconf 73' lang='lat' dir='ltr'><strong>ejus</strong></span> 
     </span>
    </p>
   </div>
   <div class='ocr_carea' id='block_1_81' title="bbox 1974 4919 3540 4990">
    <p class='ocr_par' dir='ltr' id='par_1_81' title="bbox 1974 4919 3540 4990">
     <span class='ocr_line' id='line_1_81' title="bbox 1974 4919 3540 4990; baseline 0.002 -18"><span class='ocrx_word' id='word_1_528' title='bbox 1974 4921 2280 4984; x_wconf 79' lang='lat' dir='ltr'><strong>abhorruit,</strong></span> <span class='ocrx_word' id='word_1_529' title='bbox 2315 4919 2569 4975; x_wconf 82' lang='lat' dir='ltr'><strong>Christus</strong></span> <span class='ocrx_word' id='word_1_530' title='bbox 2597 4921 2763 4975; x_wconf 87' lang='lat' dir='ltr'><strong>etiam</strong></span> <span class='ocrx_word' id='word_1_531' title='bbox 2799 4921 3097 4975; x_wconf 73' lang='lat' dir='ltr'><strong>Ecclesium</strong></span> <span class='ocrx_word' id='word_1_532' title='bbox 3150 4922 3397 4990; x_wconf 83' lang='lat' dir='ltr'><strong>accipere</strong></span> <span class='ocrx_word' id='word_1_533' title='bbox 3435 4937 3540 4975; x_wconf 87' lang='lat' dir='ltr'><strong>non</strong></span> 
     </span>
    </p>
   </div>
   <div class='ocr_carea' id='block_1_82' title="bbox 1973 5012 2280 5066">
    <p class='ocr_par' dir='ltr' id='par_1_82' title="bbox 1973 5012 2280 5066">
     <span class='ocr_line' id='line_1_82' title="bbox 1973 5012 2280 5066; baseline 0 0"><span class='ocrx_word' id='word_1_534' title='bbox 1973 5012 2280 5066; x_wconf 82' lang='lat' dir='ltr'><strong>abhorruit.</strong></span> 
     </span>
    </p>
   </div>
   <div class='ocr_carea' id='block_1_83' title="bbox 2054 5197 3542 5267">
    <p class='ocr_par' dir='ltr' id='par_1_83' title="bbox 2054 5197 3542 5267">
     <span class='ocr_line' id='line_1_83' title="bbox 2054 5197 3542 5267; baseline -0.002 -18"><span class='ocrx_word' id='word_1_535' title='bbox 2054 5198 2220 5251; x_wconf 76' lang='lat' dir='ltr'><strong>Vens.</strong></span> <span class='ocrx_word' id='word_1_536' title='bbox 2256 5198 2340 5251; x_wconf 84' lang='lat' dir='ltr'><strong>ll.</strong></span> <span class='ocrx_word' id='word_1_537' title='bbox 2376 5197 2511 5254; x_wconf 85' lang='lat' dir='ltr'><strong>&#39;l&#39;rcs</strong></span> <span class='ocrx_word' id='word_1_538' title='bbox 2539 5200 2661 5252; x_wconf 92' lang='lat' dir='ltr'><strong>illos</strong></span> <span class='ocrx_word' id='word_1_539' title='bbox 2702 5198 2891 5252; x_wconf 76' lang='lat' dir='ltr'><strong>leviter</strong></span> <span class='ocrx_word' id='word_1_540' title='bbox 2935 5199 3115 5267; x_wconf 88' lang='lat' dir='ltr'><strong>attigit</strong></span> <span class='ocrx_word' id='word_1_541' title='bbox 3145 5212 3299 5265; x_wconf 76' lang='lat' dir='ltr'><strong>reges</strong></span> <span class='ocrx_word' id='word_1_542' title='bbox 3334 5207 3392 5249; x_wconf 89' lang='lat' dir='ltr'><strong>ut</strong></span> <span class='ocrx_word' id='word_1_543' title='bbox 3426 5212 3542 5248; x_wconf 82' lang='lat' dir='ltr'><strong>ma-</strong></span> 
     </span>
    </p>
   </div>
   <div class='ocr_carea' id='block_1_84' title="bbox 1983 5286 3543 5353">
    <p class='ocr_par' dir='ltr' id='par_1_84' title="bbox 1983 5286 3543 5353">
     <span class='ocr_line' id='line_1_84' title="bbox 1983 5286 3543 5353; baseline -0.001 -11"><span class='ocrx_word' id='word_1_544' title='bbox 1983 5291 2061 5343; x_wconf 83' lang='lat' dir='ltr'><strong>los</strong></span> <span class='ocrx_word' id='word_1_545' title='bbox 2086 5306 2099 5351; x_wconf 86' lang='lat'><strong>;</strong></span> <span class='ocrx_word' id='word_1_546' title='bbox 2126 5299 2253 5342; x_wconf 86' lang='lat' dir='ltr'><strong>sunt</strong></span> <span class='ocrx_word' id='word_1_547' title='bbox 2287 5304 2414 5341; x_wconf 89' lang='lat' dir='ltr'><strong>vero</strong></span> <span class='ocrx_word' id='word_1_548' title='bbox 2453 5288 2747 5353; x_wconf 79' lang='lat' dir='ltr'><strong>Ochozias,</strong></span> <span class='ocrx_word' id='word_1_549' title='bbox 2778 5287 2928 5353; x_wconf 84' lang='lat' dir='ltr'><strong>Joas,</strong></span> <span class='ocrx_word' id='word_1_550' title='bbox 3002 5297 3055 5341; x_wconf 89' lang='lat' dir='ltr'><strong>et</strong></span> <span class='ocrx_word' id='word_1_551' title='bbox 3113 5287 3385 5340; x_wconf 83' lang='lat' dir='ltr'><strong>Amesias.</strong></span> <span class='ocrx_word' id='word_1_552' title='bbox 3430 5286 3543 5340; x_wconf 79' lang='lat' dir='ltr'><strong>Mos</strong></span> 
     </span>
    </p>
   </div>
   <div class='ocr_carea' id='block_1_85' title="bbox 1976 5379 3543 5449">
    <p class='ocr_par' dir='ltr' id='par_1_85' title="bbox 1976 5379 3543 5449">
     <span class='ocr_line' id='line_1_85' title="bbox 1976 5379 3543 5449; baseline -0.002 -13"><span class='ocrx_word' id='word_1_553' title='bbox 1976 5384 2121 5436; x_wconf 88' lang='lat' dir='ltr'><strong>enim</strong></span> <span class='ocrx_word' id='word_1_554' title='bbox 2154 5391 2236 5436; x_wconf 88' lang='lat' dir='ltr'><strong>est</strong></span> <span class='ocrx_word' id='word_1_555' title='bbox 2268 5380 2565 5449; x_wconf 77' lang='lat' dir='ltr'><strong>Scriptura:</strong></span> <span class='ocrx_word' id='word_1_556' title='bbox 2596 5381 2851 5449; x_wconf 81' lang='lat' dir='ltr'><strong>indignos</strong></span> <span class='ocrx_word' id='word_1_557' title='bbox 2879 5379 3145 5434; x_wconf 85' lang='lat' dir='ltr'><strong>memoria</strong></span> <span class='ocrx_word' id='word_1_558' title='bbox 3175 5380 3453 5443; x_wconf 87' lang='lat' dir='ltr'><strong>omittere,</strong></span> <span class='ocrx_word' id='word_1_559' title='bbox 3486 5390 3543 5433; x_wconf 91' lang='lat' dir='ltr'><strong>ut</strong></span> 
     </span>
    </p>
   </div>
   <div class='ocr_carea' id='block_1_86' title="bbox 1978 5471 3045 5544">
    <p class='ocr_par' dir='ltr' id='par_1_86' title="bbox 1978 5471 3045 5544">
     <span class='ocr_line' id='line_1_86' title="bbox 1978 5471 3045 5544; baseline -0.002 -17"><span class='ocrx_word' id='word_1_560' title='bbox 1978 5474 2187 5544; x_wconf 76' lang='lat' dir='ltr'><strong>Moyses</strong></span> <span class='ocrx_word' id='word_1_561' title='bbox 2212 5474 2265 5526; x_wconf 91' lang='lat' dir='ltr'><strong>in</strong></span> <span class='ocrx_word' id='word_1_562' title='bbox 2301 5472 2770 5527; x_wconf 81' lang='lat' dir='ltr'><strong>benedictionibus</strong></span> <span class='ocrx_word' id='word_1_563' title='bbox 2802 5471 3045 5526; x_wconf 87' lang='lat' dir='ltr'><strong>Simeon.</strong></span> 
     </span>
    </p>
   </div>
   <div class='ocr_carea' id='block_1_87' title="bbox 2045 5561 3541 5632">
    <p class='ocr_par' dir='ltr' id='par_1_87' title="bbox 2045 5561 3541 5632">
     <span class='ocr_line' id='line_1_87' title="bbox 2045 5561 3541 5632; baseline -0.002 -14"><span class='ocrx_word' id='word_1_564' title='bbox 2045 5565 2207 5619; x_wconf 75' lang='lat' dir='ltr'><strong>Vens.</strong></span> <span class='ocrx_word' id='word_1_565' title='bbox 2243 5564 2326 5617; x_wconf 77' lang='lat' dir='ltr'><strong>i6.</strong></span> <span class='ocrx_word' id='word_1_566' title='bbox 2370 5564 2551 5629; x_wconf 84' lang='lat' dir='ltr'><strong>Quare</strong></span> <span class='ocrx_word' id='word_1_567' title='bbox 2580 5564 2717 5617; x_wconf 76' lang='lat' dir='ltr'><strong>dixit</strong></span> <span class='ocrx_word' id='word_1_568' title='bbox 2753 5562 2955 5632; x_wconf 65' lang='lat' dir='ltr'><strong>Ioseph</strong></span> <span class='ocrx_word' id='word_1_569' title='bbox 3006 5564 3182 5617; x_wconf 86' lang='lat' dir='ltr'><strong>virum</strong></span> <span class='ocrx_word' id='word_1_570' title='bbox 3217 5563 3442 5618; x_wconf 61' lang='grc' dir='ltr'>Μαι-ἰαξῖ</span> <span class='ocrx_word' id='word_1_571' title='bbox 3470 5561 3541 5617; x_wconf 87' lang='lat' dir='ltr'><strong>Ut</strong></span> 
     </span>
    </p>
   </div>
   <div class='ocr_carea' id='block_1_88' title="bbox 1974 5654 3551 5739">
    <p class='ocr_par' dir='ltr' id='par_1_88' title="bbox 1974 5654 3551 5739">
     <span class='ocr_line' id='line_1_88' title="bbox 1974 5654 3551 5739; baseline -0.001 -29"><span class='ocrx_word' id='word_1_572' title='bbox 1974 5657 2282 5712; x_wconf 76' lang='lat' dir='ltr'><strong>ostenderet</strong></span> <span class='ocrx_word' id='word_1_573' title='bbox 2319 5670 2410 5724; x_wconf 89' lang='lat' dir='ltr'><strong>per</strong></span> <span class='ocrx_word' id='word_1_574' title='bbox 2473 5654 2669 5724; x_wconf 85' lang='lat' dir='ltr'><strong>Joseph</strong></span> <span class='ocrx_word' id='word_1_575' title='bbox 2701 5656 3067 5724; x_wconf 80' lang='lat' dir='ltr'><strong>genealogiam</strong></span> <span class='ocrx_word' id='word_1_576' title='bbox 3106 5654 3285 5709; x_wconf 69' lang='lat' dir='ltr'><strong>Mariae</strong></span> <span class='ocrx_word' id='word_1_577' title='bbox 3340 5672 3551 5739; x_wconf 40' lang='lat' dir='ltr'><strong>genva:</strong></span> 
     </span>
    </p>
   </div>
   <div class='ocr_carea' id='block_1_89' title="bbox 1974 5745 3539 5815">
    <p class='ocr_par' dir='ltr' id='par_1_89' title="bbox 1974 5745 3539 5815">
     <span class='ocr_line' id='line_1_89' title="bbox 1974 5745 3539 5815; baseline 0 -16"><span class='ocrx_word' id='word_1_578' title='bbox 1974 5749 2113 5815; x_wconf 81' lang='lat' dir='ltr'><strong>giam</strong></span> <span class='ocrx_word' id='word_1_579' title='bbox 2140 5745 2323 5800; x_wconf 86' lang='lat' dir='ltr'><strong>datam</strong></span> <span class='ocrx_word' id='word_1_580' title='bbox 2356 5762 2512 5811; x_wconf 86' lang='lat' dir='ltr'><strong>esse;</strong></span> <span class='ocrx_word' id='word_1_581' title='bbox 2568 5764 2694 5804; x_wconf 91' lang='lat' dir='ltr'><strong>nam</strong></span> <span class='ocrx_word' id='word_1_582' title='bbox 2730 5748 3032 5806; x_wconf 79' lang='lat' dir='ltr'><strong>secundum</strong></span> <span class='ocrx_word' id='word_1_583' title='bbox 3084 5748 3256 5805; x_wconf 85' lang='lat' dir='ltr'><strong>tribus</strong></span> <span class='ocrx_word' id='word_1_584' title='bbox 3317 5756 3373 5803; x_wconf 83' lang='lat' dir='ltr'><strong>et</strong></span> <span class='ocrx_word' id='word_1_585' title='bbox 3407 5764 3539 5802; x_wconf 83' lang='lat' dir='ltr'><strong>con-</strong></span> 
     </span>
    </p>
   </div>
   <div class='ocr_carea' id='block_1_90' title="bbox 1976 5839 2709 5907">
    <p class='ocr_par' dir='ltr' id='par_1_90' title="bbox 1976 5839 2709 5907">
     <span class='ocr_line' id='line_1_90' title="bbox 1976 5839 2709 5907; baseline 0.003 -12"><span class='ocrx_word' id='word_1_586' title='bbox 1976 5839 2367 5907; x_wconf 68' lang='lat' dir='ltr'><strong>sanguinitatcs</strong></span> <span class='ocrx_word' id='word_1_587' title='bbox 2413 5840 2709 5897; x_wconf 82' lang='lat' dir='ltr'><strong>nubebant.</strong></span> 
     </span>
    </p>
   </div>
  </div>
