4220 6432
293 427 415 486 10M

1272 422 1590 481 SCHULIA
1633 420 1926 478 ΥΕΤΕΠᾹ
1970 420 2043 475 lli
2084 419 2548 476 )iATTil-L-‘UM.

3382 415 3516 477 10:12

288 538 539 587 σκύλων
560 533 800 600 ἐγένετο
819 547 833 561 ⁸
869 534 960 585 καὶ
991 531 1066 594 ὡς
1101 535 1181 593 τὸ,
1211 532 1269 586 Ἠ
1298 533 1472 594 πόλις
1494 531 1858 596 κληθήσεται
1890 535 1932 586 Δ

1851 549 1858 582 ι
1890 535 1932 586 Δ
1968 529 2101 581 Urbs
2144 531 2411 580 vocabitur
2446 531 2566 580 urbs
2609 528 2845 588 iustitiam
2899 530 3197 577 metr-ortis
3240 531 3431 589 mm.
3468 539 3517 582 rt

288 627 462 690 πόλις
524 625 935 696 δικαιοσύνης,
985 626 1353 692 μητρόπολις
1385 622 1611 689 πιστή’
1667 623 1847 675 καίτοι

291 717 522 786 μείνασα
554 714 838 767 καλεῖσθαι
877 715 1142 784 Ἰεροσόλυ
1153 732 1251 784 μα.

357 805 452 866 Τὸ,
495 805 616 857 Οὐκ
665 804 992 872 ἐγίνωσκεν
1019 804 1215 868 αὐτὴν
1258 803 1368 866 ἕως
1414 797 1486 857 οὗ
1531 801 1696 854 ἔτεκε
1749 800 1856 854 τὸν

288 898 423 949 υίύν
442 893 632 961 αὐτῆς
652 896 757 946 τὸν
776 896 1172 961 πρωτότοκον,
1203 895 1262 947 οὐ
1286 894 1556 946 δείκνυσιν
1584 895 1663 945 ὅτι
1694 895 1856 962 ὲσχά·

292 1002 397 1047 τως
424 985 562 1047 ἔγνω
592 986 762 1053 αὐτὴν
785 998 802 1014 ⁸
851 985 910 1036 τὸ
944 984 1073 1054 γὰρ,
1107 984 1239 1050 ἕως,
1299 985 1358 1036 οὐ
1396 986 1624 1038 πάντοτε
1667 986 1854 1053 χρόνον

288 1077 447 1128 ἄλλον
470 1076 640 1145 ζητεῖ.
672 1076 808 1128 ἀλλὰ
837 1076 1098 1138 πολλάκις
1128 1078 1208 1137 είς
1240 1076 1299 1127 τὸ
1329 1075 1576 1144 διηνεκὲς
1601 1077 1852 1145 εὑρίσκε-

287 1183 408 1218 ταιι
435 1167 510 1228 ὡς
543 1166 622 1228 τὸ,
661 1167 767 1220 Kal
808 1168 918 1234 οὐχ
946 1165 1329 1234 ὑπέστρεψεν
1349 1169 1379 1221 ὸ
1403 1167 1586 1233 κόραξ
1607 1170 1692 1231 εἰς
1739 1168 1855 1232 τὴν

269 1257 540 1310 ’κιϐωτὸν
585 1256 698 1322 ἕως
744 1253 814 1312 οὗ
845 1257 1143 1325 ἐξηράνθη
1199 1261 1238 1327 ἡ
1286 1258 1362 1328 γῆ
1387 1276 1401 1291 ·
1442 1258 1616 1311 καίτοι
1647 1276 1708 1326 γε
1734 1259 1853 1311 οὐδὲ

291 1347 428 1413 μετὰ
466 1343 637 1398 ταῦτα
679 1345 1021 1415 ὑπέστρεψεο
1058 1348 1157 1400 καὶ
1205 1348 1390 1410 πάλιν,
1438 1349 1747 1402 Ἀντιτελεῐ
1784 1349 1853 1401 ὲν

287 1433 418 1499 ταῖς
441 1434 685 1502 ἡμέραις
701 1436 888 1490 αὐτοῦ
909 1437 1286 1506 δικαιοσύνη,
1311 1439 1409 1494 καί
1435 1439 1669 1507 πλῆθος
1695 1439 1853 1507 ειρή-

287 1542 421 1590 νης,
461 1525 572 1592 ἕως
629 1522 700 1582 οὗ
749 1528 1146 1596 ἁνταναιρεθῇ
1187 1529 1226 1596 ἠ
1265 1529 1534 1598 σελήνη·
1589 1530 1746 1582 τοῦτο
1795 1531 1852 1582 δε

288 1610 441 1667 εἶπεν
470 1617 530 1669 οὐ
563 1616 735 1687 πέρας,
761 1619 938 1683 διδοὺς
967 1619 1044 1690 τῷ
1070 1620 1220 1691 καλῷ
1241 1622 1415 1690 τούτῳ
1434 1621 1570 1689 φωτί
1595 1638 1610 1651 °
1637 1620 1850 1672 τέθεικε

287 1705 345 1757 δὲ
371 1705 452 1769 τὸ,
485 1705 618 1773 ἕως,
649 1708 735 1761 ἵνα
766 1710 926 1780 μόνον
957 1711 1219 1782 μάθωμεν
1251 1712 1312 1765 τὸ
1357 1714 1464 1783 πρὸ
1515 1712 1622 1764 τῶν
1648 1714 1852 1766 ὠδίνων

287 1797 598 1867 ἀνέπαφονο
625 1801 692 1855 τὰ
713 1801 768 1854 δὲ
792 1803 930 1872 μετὰ
969 1802 1138 1856 ταῦτα
1184 1804 1316 1874 ἡμῖν
1351 1803 1606 1857 κατέλιπε
1658 1805 1847 1856 συλλο-

1957 634 2078 672 cum
2104 629 2428 685 exspectans
2463 627 2690 672 vocatur
2717 616 3039 671 Jerusalem.

2023 797 2184 852 Vens.
2206 799 2296 852 ‘24.
2329 797 2484 854 Illud.
2514 797 2632 850 Non
2663 799 3000 868 cognoscebat
3031 815 3142 849 eam
3177 804 3335 849 donec
3371 815 3524 866 ηιιιην-

1955 894 2021 943 rit
2054 892 2222 958 ﬁlium
2270 907 2424 942 suum
2460 891 2883 958 primogenitum.
2944 891 3170 942 minime
3219 893 3418 942 indicat
3459 892 3522 941 il-

1960 982 2072 1035 lum
2108 983 2300 1034 ultimo
2334 983 2478 1034 illam
2516 983 2856 1050 cognovisse.
2890 981 3003 1034 Vox
3037 982 3180 1034 enim
3215 985 3378 1033 donec
3415 997 3518 1034 non

1955 1087 2169 1139 semper
2219 1073 2364 1124 aliud
2415 1071 2478 1123 ad
2535 1082 2748 1139 tempus
2794 1086 2852 1124 se
2886 1072 3073 1132 refert.
3108 1073 3201 1125 sed
3249 1087 3392 1138 saepe
3425 1087 3520 1139 pro

1957 1172 2217 1231 perpetuo
2264 1162 2564 1226 invenitur;
2616 1170 2674 1214 ut
2717 1161 2845 1212 illu-l
2890 1161 3075 1222 etiam,
3125 1159 3244 1212 Non
3287 1176 3522 1212 reversus

1955 1263 2030 1308 est
2061 1269 2244 1306 corvus
2277 1254 2328 1304 in
2368 1269 2545 1305 arcam
2577 1252 2743 1305 donec
2773 1252 2973 1303 siccata
3004 1261 3080 1303 est
3122 1261 3299 1313 terra;
3331 1266 3523 1318 nempe

1958 1362 2064 1399 non
2100 1353 2287 1412 postea
2321 1359 2570 1398 reversus
2602 1354 2683 1397 est
2713 1362 2727 1396 ι
2763 1351 2814 1396 et
2847 1343 3070 1406 iterum,
3107 1339 3290 1409 Surget
3326 1342 3378 1393 in
3411 1342 3524 1393 die-

1954 1441 2046 1490 bus
2079 1437 2191 1504 ejus
2249 1436 2490 1503 justitia,
2557 1447 2604 1488 et
2670 1434 2955 1486 multitudo
3018 1433 3166 1499 pacis
3218 1438 3378 1484 donec
3431 1433 3521 1484 tle-

1954 1538 2194 1580 struatur
2246 1528 2408 1588 luua;
2460 1527 2561 1579 hoc
2598 1535 2778 1578 autem
2829 1525 2969 1578 dixit
3019 1539 3125 1576 non
3178 1523 3336 1576 linem
3386 1523 3523 1576 dans

1955 1622 2185 1688 pulchro
2233 1621 2323 1672 illo
2373 1619 2588 1680 lumini,
2627 1618 2807 1686 posuit
2855 1633 2982 1671 vero
3012 1618 3174 1669 donec
3224 1627 3280 1670 ut
3325 1617 3524 1670 intellio

1955 1728 2148 1777 gatnus
2181 1711 2356 1764 solum
2404 1711 2699 1764 lirmiorem
2747 1709 3210 1763 commotionibus
3256 1709 3525 1762 stabilita-

1955 1815 2086 1857 tem.
2135 1802 2226 1855 Illa
2262 1817 2389 1855 vero
2421 1801 2639 1855 tandem
2689 1800 2847 1854 nobis
2900 1799 3115 1869 reliquit
3147 1798 3513 1868 conjicienda,

287 1890 554 1959 γίξεσθαι,
576 1893 659 1947 ὅτι
683 1893 780 1965 τὴν
808 1893 980 1959 οὓτως
1006 1897 1345 1967 γεννήσασαν
1369 1897 1468 1950 οὐκ
1497 1897 1561 1951 ἂν
1595 1899 1850 1966 ὑπέμεινε
1887 1887 1927 1941 Β

1887 1887 1927 1941 Β
1957 1896 2182 1964 Joseph,
2213 1909 2338 1948 eum
2373 1893 2553 1962 justus
2595 1901 2759 1958 esset,
2791 1893 2931 1946 hanc
2966 1901 3087 1961 post
3114 1891 3274 1944 talem
3308 1900 3520 1959 partum

286 1981 488 2051 γνῶναι
518 1983 725 2048 δίκαιος
755 1983 830 2039 ὢν
857 1987 886 2039 ό
930 1986 1150 2057 Ἰωσήφ.
1177 1988 1301 2051 Πῶς
1330 1988 1548 2058 ἀδελφοὶ
1599 1988 1689 2041 τοῦ
1720 1990 1849 2058 Χρι-

287 2072 416 2125 στοῦ
449 2073 694 2142 λέγονται
725 2078 773 2130 οί
803 2078 930 2150 περὶ
964 2080 1247 2144 ’1άκω6ον;
1290 2080 1378 2144 Ὧς
1399 2083 1490 2133 καὶ
1530 2079 1723 2150 Ἰωσὴφ
1754 2082 1852 2148 τῆς

285 2164 504 2234 Μαρίας
533 2166 675 2238 ἀνήρ
698 2183 714 2198 ·
745 2169 957 2224 ἐκείνου
986 2171 1094 2242 γὰρ
1120 2166 1260 2242 ἦσαν
1283 2173 1467 2234 παῖδες
1492 2174 1554 2224 ἐκ
1585 2173 1850 2242 προτέρας

286 2256 576 2322 γυναικός·
609 2257 696 2313 διὰ
745 2260 839 2314 τὸν
886 2261 1218 2334 καλούμενον
1255 2258 1347 2318 οὖν
1401 2264 1634 2335 πατέρα,
1677 2265 1770 2317 καὶ
1800 2265 1851 2317 οἱ

285 2344 382 2399 τοῦ
417 2347 621 2418 πατρὸς
643 2351 770 2417 υἱοὶ,
801 2352 1042 2422 ἀδελφοί.

881 2443 1133 2499 ΚΕΦΑΛ.
1182 2442 1254 2497 B'.

357 2534 463 2588 Τὸν
492 2534 681 2606 χρόνον
713 2534 952 2606 Ἡρώδου
980 2535 1158 2604 λέγει·
1188 2536 1321 2590 διότι
1345 2538 1437 2590 καὶ
1462 2537 1644 2606 ἕτερος
1687 2534 1851 2606 Ἠρώ-

287 2626 381 2698 δης
416 2627 656 2695 λέγεται,
680 2626 738 2689 ὃς
768 2626 976 2680 ἀνεῖλεν
997 2628 1089 2680 τὸν
1129 2628 1459 2699 Πρόδρομον.
1763 2670 1787 2684 .

359 2722 497 2784 Τοὺς
529 2722 736 2791 μάγους
785 2723 864 2786 είς
919 2722 1140 2791 ἔλεγχον
1189 2722 1298 2775 τῶν
1341 2721 1609 2775 Ἰουδαίων
1653 2723 1849 2792 ἤνεγκε

289 2816 681 2884 προσκυνῆσαι,
714 2816 799 2868 ἵνα
852 2814 1004 2885 παρὰ
1034 2814 1327 2885 βαρὸἀρων
1379 2814 1621 2883 μάθωσιν
1670 2814 1706 2868 ἆ
1749 2815 1850 2868 οὐκ

287 2906 477 2975 ἦθελον
510 2905 701 2976 μαθεῖν
737 2904 845 2960 ἀπὺ
870 2904 1167 2974 προφητῶν
1204 2905 1253 2957 οί
1289 2903 1547 2960 Ἰουδαῖοι.

358 2997 434 3050 Οὐ
464 2997 533 3050 δι’
574 2996 806 3066 ἀγγέλου
855 2997 982 3059 τοὺς
1044 2997 1254 3066 μάγους
1295 2997 1543 3066 ἡνεγκεν,
1579 2997 1712 3049 ἀλλὰ
1762 2996 1851 3050 διὰ

286 3088 396 3142 τῶν
446 3088 692 3160 συνήθων
745 3090 1022 3159 ἀστέρων’
1066 3088 1168 3143 κᾶν
1221 3089 1328 3158 γὰρ
1386 3089 1613 3157 ἄγγελος
1656 3086 1744 3159 ἦν.
1776 3089 1852 3153 ὡς

1963 2003 2297 2058 cognoscere
2315 2003 2420 2040 non
2437 1987 2786 2041 sustinuisse.
2810 1987 3096 2051 Quomodo
3112 1985 3307 2041 fratres
3321 1985 3524 2039 Christi

1956 2081 2212 2134 dicuntur
2254 2079 2494 2135 Jacohus
2549 2088 2603 2133 ct
2651 2080 2776 2132 alii?
2830 2079 2984 2143 Quod
3039 2077 3239 2147 Joscph
3291 2078 3371 2131 vir
3408 2089 3523 2132 erat

1953 2172 2168 2236 Marias;
2202 2172 2319 2240 ejus
2361 2171 2504 2224 enim
2557 2181 2711 2224 erant
2741 2171 2831 2224 lilii
2871 2186 2901 2224 e
2931 2171 3110 2239 priore
3148 2171 3374 2224 muliere
3403 2185 3525 2226 sus-

1953 2265 2125 2332 cepti;
2168 2280 2291 2318 cum
2327 2278 2458 2332 ergo
2516 2264 2603 2317 ille
2631 2274 2781 2332 pater
2807 2264 3009 2317 Christi
3037 2263 3328 2326 diceretur,
3357 2265 3523 2333 patris

1951 2372 2171 2427 quoque
2204 2356 2321 2418 lilii,
2347 2355 2549 2410 Christi
2579 2353 2698 2408 l‘ratu
2715 2371 2774 2409 es
2794 2355 3136 2409 dicebantur.

2571 2445 2799 2499 CAPUT
2840 2447 2907 2498 ll.

2025 2536 2187 2593 Vens.
2222 2538 2269 2594 l.
2293 2537 2354 2592 In
2376 2537 2559 2591 diebus
2595 2537 2818 2589 Herodis
2847 2538 2999 2602 dicit,
3023 2537 3151 2606 quia
3175 2537 3314 2591 alius
3339 2537 3480 2592 llero

1953 2629 2047 2684 des
2073 2640 2389 2682 numeratur
2419 2629 2511 2698 qui
2542 2625 2940 2679 Prtecursorem
2972 2627 3214 2681 abstulit.

2023 2720 2208 2789 Magos
2242 2720 2294 2772 iu
2323 2718 2639 2774 Judzeorum
2665 2719 3172 2770 eomlemnationem
3206 2717 3518 2771 adoravisse

1954 2813 2092 2865 dixit
2117 2823 2254 2866 utex
2289 2811 2539 2865 Barbam-is
2561 2811 2979 2878 discantquode
3006 2811 3284 2878 prophetis
3315 2811 3521 2863 dlSCClt:

1954 2904 2239 2957 noluerant
2276 2902 2471 2955 Judaei.

2028 2994 2186 3049 Vens.
2228 2994 2281 3047 2.
2315 2992 2429 3046 Non
2465 3008 2559 3061 per
2605 2992 2850 3062 angelum
2908 2990 3090 3061 Magos
3135 2990 3370 3044 monitos
3404 3005 3524 3043 esse

1955 3095 2162 3146 narrat,
2194 3087 2284 3137 sed
2319 3099 2411 3152 per
2443 3083 2632 3136 solitas
2675 3083 2783 3135 illis
2815 3082 3040 3146 stellas;
3091 3082 3249 3134 etiam
3300 3081 3342 3132 si
3377 3083 3520 3134 enim

286 3179 464 3248 ἀστὴρ
501 3179 792 3234 ἐδείκνυτο.
853 3181 910 3233 ὐ
946 3181 1122 3251 ἀστὴρ
1158 3183 1187 3234 ό
1240 3182 1448 3249 φανεὶς,
1487 3181 1712 3250 δύναμίς
1768 3198 1920 3272 τιςῆϐ

1855 3215 1920 3272 ‘c
1958 3177 2183 3245 angelus
2232 3175 2448 3236 luisset,
2489 3182 2547 3227 ut
2579 3174 2732 3248 Stella
2765 3175 3035 3242 apparuit.
3069 3173 3233 3226 Stella
3273 3175 3370 3227 ista
3401 3190 3521 3241 qua:

284 3266 355 3342 ἦν
387 3271 618 3341 ἀόρατος
686 3273 766 3335 είς
809 3273 1012 3342 ταύτην
1056 3273 1377 3342 φαινόμενος
1430 3275 1528 3345 τὴν
1554 3275 1676 3343 θψιν
1701 3292 1715 3306 ·
1757 3277 1848 3327 καὶ

287 3365 395 3431 γὰρ
421 3365 528 3416 ἀπ’)
555 3365 757 3435 ἄρκτου
789 3366 866 3427 είς
896 3365 1243 3435 μεσημϐρίαν
1269 3367 1521 3435 ἐφαῖνετο
1541 3383 1552 3396 ·
1573 3367 1715 3420 οὕτω
1745 3369 1850 3438 γὰρ

286 3455 320 3521 ὴ
353 3453 682 3524 Παλαιστίνη
717 3454 852 3524 πρὸς
889 3454 987 3522 τὴν
1028 3453 1265 3523 Περσίδα
1321 3457 1541 3508 κεῖται·
1600 3455 1851 3526 δεύτερον

287 3543 381 3596 καὶ
415 3544 495 3596 ὅτι
526 3545 583 3596 ὲν
621 3543 943 3614 μεσημϐρίᾳ
976 3544 1247 3613 ἐφαίνετο,
1278 3546 1377 3598 οὐκ
1404 3541 1472 3616 ἦν
1496 3548 1669 3618 ἀστήρ
1695 3565 1708 3579 ·
1735 3548 1852 3618 τρί-

284 3651 376 3686 τον
404 3633 510 3687 ἀπὸ
566 3633 660 3686 τοῦ
695 3633 979 3700 φαίνεσθαι
1017 3635 1110 3688 καὶ
1162 3635 1529 3705 κρύπτεσθαι·
1592 3639 1851 3709 τέταρτον

285 3721 394 3772 ἀπὸ
445 3720 538 3773 τοῦ
579 3721 729 3774 κάτω
761 3717 900 3774 εἶναι
923 3738 936 3751 ·
972 3723 1021 3774 εί
1056 3722 1164 3792 γὰρ
1206 3724 1320 3777 ἄνω
1347 3719 1435 3794 ἦν,
1477 3725 1575 3778 οὐκ
1625 3727 1850 3796 ἠρκεῖτο

286 3810 418 3881 ὕψος
450 3813 644 3884 μικρὸν
670 3813 836 3866 τόπον
865 3814 1290 3886 χαρακτηρίσαι.

358 3995 452 4056 Τὸ,
492 3997 612 4048 Οὐκ
647 3995 917 4064 ἐκλείψει
938 3978 1138 4064 ἅρχων
1173 3996 1243 4061 ἐξ
1283 3998 1476 4051 Ἰούδα
1496 4000 1638 4051 οὐδὲ
1669 4001 1850 4069 ἡγού-

285 4101 456 4149 μενος
490 4085 558 4136 ἐκ
589 4081 704 4136 τῶν
740 4083 946 4152 μηρῶν
998 4084 1207 4145 αὑτοῦ.
1238 4085 1350 4152 ἓως
1370 4086 1611 4156 ἀνέλθῃ
1643 4088 1674 4142 ὃ
1698 4091 1850 4143 ἀπό-

283 4192 490 4240 κειται,
519 4176 616 4228 καὶ
663 4177 843 4240 αὐτὸς
895 4176 1225 4244 προσδοκία
1255 4177 1466 4245 ἐθνῶν,
1519 4180 1692 4242 οὕτως
1734 4181 1854 4234 λύε-

280 4284 415 4322 ται·
468 4266 711 4337 Ἡρώδης
770 4269 1062 4336 ἀλλόφυλος
1115 4268 1214 4333 ὣν,
1303 4272 1397 4323 καὶ
1450 4273 1607 4325 τοῦτο
1663 4273 1849 4341 λέγει⁹

295 4363 605 4427 Ἐεέλιπον
631 4362 739 4429 γὰρ
753 4364 805 4414 ol
841 4361 1114 4416 Ἰουδαῖοι
1141 4361 1304 4430 ἔχειν
1324 4364 1639 4432 ἄρχοντας.

352 4453 452 4505 Διὰ
479 4453 529 4505 τί
563 4452 925 4522 ἐρωτηθέντες
963 4453 1116 4524 παρὰ
1138 4453 1226 4506 τοῦ
1263 4454 1524 4522 βασιλέως
1552 4453 1705 4510 εῐπον
1752 4459 1850 4526 τὴν

1955 3276 2070 3326 visa
2097 3283 2202 3338 est,
2241 3285 2480 3342 potestas
2527 3280 2643 3326 erat
2688 3272 2935 3340 quaedam
2987 3272 3279 3325 invisibilis
3323 3273 3375 3325 in
3422 3274 3524 3325 hoc

1955 3375 2178 3433 aspectu
2220 3380 2523 3433 apparens;
2583 3379 2707 3416 nam
2755 3379 2784 3416 a
2835 3365 3207 3432 septentrione
3249 3365 3314 3417 ad
3371 3367 3524 3417 tueri-

1955 3455 2096 3509 diem
2136 3457 2248 3510 \isa
2275 3465 2385 3519 est;
2413 3457 2492 3509 sie
2523 3455 2668 3508 enim
2701 3453 2986 3509 Palmstiua
3013 3456 3078 3508 ad
3105 3453 3379 3509 Persidem
3420 3459 3522 3512 sita

1954 3552 2072 3604 est;
2106 3544 2347 3597 secundo
2395 3542 2523 3609 quia
2557 3541 2608 3594 in
2659 3543 2886 3596 meridie
2923 3544 3036 3597 visa
3084 3554 3185 3604 est,
3231 3546 3382 3599 stella
3415 3563 3520 3600 non

1954 3639 2099 3694 erat;
2134 3630 2295 3682 tertio
2347 3632 2475 3698 quia
2506 3629 2790 3683 ridebatur
2807 3640 2860 3684 et
2890 3635 3299 3698 oceultahatut;
3327 3645 3522 3701 quarto

1955 3719 2082 3788 quia
2132 3719 2184 3772 in
2222 3729 2372 3789 parte
2419 3721 2545 3774 cceli
2584 3719 2840 3775 inferiore
2874 3731 3010 3776 erat.
3059 3723 3114 3776 Si
3159 3725 3303 3777 enim
3342 3725 3394 3778 in
3432 3742 3524 3780 sn-

1954 3812 2166 3880 periore
2191 3811 2401 3873 fuisset,
2436 3828 2541 3866 non
2564 3813 2832 3882 potuisset
2857 3823 3005 3868 tanta
3032 3816 3263 3871 altitudo
3297 3833 3519 3888 parvum

1957 3903 2132 3955 locum
2160 3904 2333 3957 indica
2345 3920 2417 3958 re.

2027 3992 2191 4048 Vens.
2223 3995 2274 4049 6.
2314 3993 2468 4061 Illud,
2523 3995 2641 4049 Non
2681 3997 2954 4066 auferetur
2979 4010 3240 4065 sceptrum
3269 4004 3332 4054 de
3353 4001 3520 4061 Juda.

1954 4092 2002 4136 et
2032 4085 2142 4136 dux
2180 4087 2242 4139 de
2283 4087 2478 4153 feruore
2524 4087 2659 4155 ejus,
2705 4089 2867 4142 donec
2900 4091 3072 4143 veniat
3118 4094 3207 4161 qui
3239 4095 3522 4148 mittendus

1953 4190 2054 4242 est,
2095 4191 2143 4232 et
2190 4183 2299 4248 ipse
2324 4184 2651 4251 exspectatio
2686 4185 2941 4252 gentium,
2978 4186 3050 4239 ita
3097 4188 3368 4242 solvitur:
3421 4190 3524 4243 lle-

1957 4272 2117 4325 rodes
2162 4273 2468 4342 alienigena
2513 4285 2652 4340 erat,
2696 4284 2751 4329 et
2801 4276 2932 4330 illud
2981 4277 3150 4331 dicit:
3183 4277 3522 4333 Cessaveruut

1954 4363 2090 4414 enim
2118 4362 2296 4417 λιιιίωί
2326 4381 2462 4433 reges
2491 4367 2693 4420 habere.

2030 4451 2210 4516 Quare
2267 4455 2583 4523 interrogati
2632 4470 2659 4505 a
2712 4470 2837 4524 rege
2878 4456 3135 4511 dixerunt
3180 4460 3519 4528 prophetiam

286 4545 624 4614 προφητείαν
671 4543 773 4606 ἓως
798 4544 880 4606 τὸ,
915 4545 1197 4614 Ποιμανεὶ
1226 4546 1332 4599 τὸν
1373 4550 1529 4599 λαόν
1582 4566 1700 4615 μου
1748 4551 1853 4602 τὸν
1884 4559 1928 4614 D

1829 4567 1853 4599 ,-
1884 4559 1928 4614 D
1959 4556 2130 4609 usque
2163 4542 2287 4606 huc,
2326 4541 2510 4594 Pascet
2540 4544 2789 4612 populum
2822 4561 2991 4597 meum
3021 4546 3207 4610 Israel,
3244 4565 3346 4601 non
3376 4551 3495 4618 adje

299 4637 568 4703 Ἰσραὴλ,
601 4635 661 4686 οὐ
685 4635 1029 4705 προσέθηκαν
1061 4636 1136 4700 δὲ,
1174 4638 1280 4689 Kal
1304 4637 1502 4701 ἔξοδοι
1540 4640 1728 4693 αὐτοῦ
1787 4642 1854 4704 ἐξ

286 4728 523 4797 ἡμερῶν
539 4727 784 4794 αἱῶνος;
813 4729 962 4782 Ἐπεὶ
984 4732 1115 4800 πρὸς
1150 4731 1307 4800 χάριν
1338 4731 1430 4784 καὶ
1465 4731 1854 4799 κολακεύοντες

285 4823 526 4876 ἐλάλουν.

358 4913 458 4965 Δια
483 4914 535 4966 τί
565 4915 690 4977 τοὺς
747 4919 950 4984 μάγους
998 4919 1150 4968 καλεῖ
1198 4916 1437 4987 Ἡρώδης
1477 4917 1651 4986 λάθρα
1685 4934 1698 4980 ;
1731 4919 1853 4971 Ὅτι

285 5003 502 5072 ἐνόμιζε
541 5005 665 5066 τοὺς
713 5005 996 5066 Ἰουδαίους
1041 5006 1298 5075 κήδεσθαι
1354 5006 1445 5060 τοῦ
1482 5008 1692 5060 παιδίου
1730 5025 1744 5039 ο
1773 5008 1852 5061 ἔτι

281 5095 340 5147 δὲ
374 5095 468 5147 καὶ
491 5095 701 5147 ἀνελεῖν
729 5098 997 5168 ἐπιχειρεῖ
1032 5099 1095 5150 τὸ
1129 5098 1339 5167 τεχθέν.

354 5185 428 5237 Οὐ
464 5185 554 5238 τὸν
584 5187 770 5254 χρόνον
791 5185 885 5239 τοῦ
908 5187 1141 5248 παιδίου,
1159 5188 1395 5242 ἀλλὰτοῦ
1423 5191 1648 5261 ἀστέρος
1676 5191 1850 5261 ζητεῖ,

283 5277 347 5329 ἐκ
381 5276 577 5346 πολλῆς
611 5279 926 5348 περιουσίας
954 5279 1012 5331 τὸ
1053 5282 1283 5351 πρᾶγμα
1314 5282 1567 5350 ἐρευνῶν,

355 5369 478 5430 Πῶς
500 5368 589 5420 τοῦ
615 5371 799 5422 Λουκὶ
827 5371 884 5422 ὲν
907 5371 1081 5442 φάτνῃ
1114 5371 1361 5438 λέγοντος
1393 5374 1624 5438 κεῖσθαι,
1651 5376 1676 5426 ὁ
1701 5376 1851 5428 Ματ-

284 5459 432 5521 θαῖος
467 5461 558 5512 ἐπὶ
612 5460 718 5513 τῶν
755 5462 999 5529 γονάτων
1039 5464 1136 5532 τῆς
1179 5465 1386 5533 μητρὸς
1412 5464 1595 5532 rem;
1627 5467 1745 5536 Χρὴ
1794 5468 1848 5520 δὲ

284 5555 445 5611 νοεῖν,
482 5553 560 5605 ὃτι
590 5555 897 5623 γεννήσασα
927 5556 1014 5608 διὰ
1048 5557 1106 5608 τὸ
1135 5556 1210 5626 μὴ
1242 5553 1384 5610 εἶναι
1431 5559 1595 5611 τόπον
1632 5559 1720 5610 διὰ
1746 5559 1846 5628 τὴν

284 5647 392 5697 ἀπὸ
411 5647 507 5714 τῆς
527 5648 850 5718 ἀπογραφῆς
874 5649 1101 5718 πληθὺν,
1132 5650 1407 5704 ἀνέκλινεν
1437 5653 1493 5706 ἐν
1524 5653 1584 5723 τῇ
1645 5653 1845 5723 φάτνῃ,

285 5731 401 5790 εἶτα
438 5737 529 5790 καὶ
562 5738 648 5790 ἐπὶ
677 5737 782 5791 τῶν
804 5738 1045 5806 γονάτων
1079 5740 1304 5794 ἀνεῖλεν.

1956 4644 2149 4686 certtnt
2175 4645 2378 4697 autem,
2414 4634 2479 4686 Et
2505 4652 2742 4704 egressus
2767 4637 2878 4704 ejus
2898 4654 2929 4689 a
2959 4638 3139 4690 diebus
3169 4643 3478 4696 teter-uitatis
3499 4643 3520 4686 .’

1958 4724 2090 4790 Quia
2119 4729 2457 4794 gratulantes
2489 4736 2542 4781 et
2571 4728 2860 4783 adulantes
2887 4729 3272 4798 loquebantur.

2027 4913 2185 4967 Vsus.
2214 4915 2264 4967 7.
2299 4913 2480 4979 Quare
2505 4917 2644 4970 clam
2683 4918 2869 4986 Magos
2899 4928 3056 4972 vocat
3083 4918 3361 4975 Herodes?
3382 4922 3517 4988 Quia

1955 5010 2170 5074 putabat
2206 5006 2422 5060 Jmlrcos
2451 5009 2516 5062 de
2548 5025 2718 5077 puero
2751 5025 2962 5073 eurarc,
3001 5010 3178 5065 adhuc
3219 5025 3396 5068 autem
3427 5033 3488 5069 an

1955 5097 2097 5151 ferre
2130 5098 2492 5152 meditabatur
2524 5101 2838 5166 parvulum.

2022 5190 2134 5242 Nm
2192 5190 2343 5258 pueri
2394 5200 2629 5260 tempus,
2677 5193 2769 5246 sed
2817 5193 3009 5258 stellzc,
3043 5194 3288 5262 inquirit,
3331 5211 3515 5264 super-

1956 5299 2117 5335 vaeue
2147 5298 2257 5334 rem
2298 5285 2613 5348 explorans.

2028 5374 2185 5426 Vsus.
2214 5375 2616 5440 li.Quomodo,
2643 5375 2784 5431 Luca
2809 5376 3018 5431 dicente
3039 5392 3264 5446 puerum
3300 5377 3350 5428 in
3383 5393 3508 5445 prte-

1954 5468 2103 5533 sopio
2121 5467 2391 5525 reclinari,
2411 5466 2693 5520 .\latth:eus
2721 5469 2773 5520 in
2794 5469 2979 5523 matris
2996 5469 3223 5536 genibus
3249 5467 3413 5522 fuisse
3434 5470 3517 5521 di-

1952 5560 2064 5613 cit?
2098 5559 2407 5612 Putandum
2438 5572 2536 5622 est,
2570 5561 2734 5626 quod.
2774 5576 2896 5613 cum
2944 5577 3047 5613 non
3089 5572 3229 5614 esset
3261 5561 3414 5614 locus
3448 5563 3516 5613 oh

1954 5652 2349 5704 multitmlinem
2387 5653 2450 5706 ad
2481 5653 2899 5721 descriptionem
2945 5653 3252 5716 adductam,
3284 5654 3512 5706 reclinu-

1953 5746 2087 5794 νυιίι
2121 5757 2243 5795 eum
2271 5742 2321 5796 in
2369 5742 2650 5812 prtescpio,
2669 5743 2863 5800 deinde
2891 5743 2942 5796 in
2977 5743 3206 5814 genibus
3235 5760 3355 5799 cum
3395 5760 3514 5798 sus-

1952 5832 2153 5888 tuletit.
