4220 6432
737 393 873 457 1083

1437 398 1829 458 OPUSCULA
1869 400 2496 462 SCRIPTURISTICA
2541 404 2889 465 INCERT/E
2931 404 3238 466 [ΈΤΑΤΙΒ.

3835 381 3983 464 loss

801 499 940 564 Qui-.l
971 499 1139 570 Magis
1158 503 1424 571 persuasit
1447 515 1502 556 ut
1525 504 1674 557 illum
1701 506 2022 560 adorarent?
2044 507 2300 573 Quaedam
2333 516 2377 571 Α

2333 516 2377 571 Α
2477 512 2540 565 Τί
2568 512 2628 565 τὸ
2663 515 2856 568 πεῖσαν
2891 514 3018 577 τοὺς
3071 515 3277 584 μάγους
3322 511 3702 583 προσκυνῆσαι
3769 513 3976 576 αὺτὸν;

733 590 826 645 Dei
860 593 1117 648 revelatio
1146 604 1198 648 et
1224 595 1390 649 stellae
1429 596 1764 666 prodigium.

807 773 1020 846 Myrrha
1051 785 1104 829 ct
1132 775 1417 832 incensum
1455 779 1594 834 dona
1619 780 1709 834 Dei
1737 793 1892 849 sunt;
1912 783 2088 839 adhuc
2122 793 2303 839 autem

735 882 762 918 a
796 864 1106 921 Judaeorum
1138 870 1389 925 crassitie
1427 871 1585 941 longe
1607 883 1785 939 erant,
1840 890 1945 928 non
1994 877 2138 931 enim
2175 894 2307 934 oves

733 968 827 1012 aut
855 959 1017 1014 boves
1039 959 1478 1016 immolaverunt.

810 1049 971 1103 Vsus.
1007 1049 1219 1104 l3.Cur
1244 1051 1409 1105 claris
1441 1054 1621 1108 verbis
1644 1055 1870 1126 angelus
1903 1057 2070 1120 dicit,
2119 1058 2308 1127 Accipe

735 1156 952 1207 puerum
971 1152 1016 1194 et
1042 1151 1261 1195 matrem
1281 1145 1394 1211 ejus
1413 1161 1432 1208 ;
1453 1155 1506 1198 et
1530 1161 1632 1198 non
1656 1145 1816 1209 dixit.
1833 1148 2118 1218 coniugem
2138 1159 2307 1215 tuam,

739 1243 796 1285 ιιι
827 1235 978 1302 prius
1007 1233 1030 1286 2
1062 1233 1199 1301 Quia
1228 1238 1406 1292 soluta
1437 1246 1552 1291 erat
1576 1239 1837 1308 suspicio,
1871 1249 1925 1295 et
1969 1241 2125 1294 Iidem
2169 1256 2310 1310 pra:-

738 1323 930 1380 liuerat
959 1324 1182 1396 Joscpli.

811 1415 1426 1489 Vens.15.Ea'As'gypto
1467 1422 2037 1490 vocavi/iliummeum,
2067 1424 2119 1477 in
2155 1423 2311 1478 Chri-

740 1521 884 1564 stum
913 1511 1111 1565 dictum
1131 1511 1316 1568 luit.Si
1337 1529 1462 1569 vero
1489 1515 1554 1569 de
1578 1514 1885 1569 Judaaorum
1913 1531 2134 1585 egressu
2169 1516 2310 1571 istud

740 1599 960 1667 quidam
1010 1599 1338 1672 intelligunt,
1390 1604 1575 1658 dicere
1627 1619 1920 1672 possumus
1960 1605 2131 1673 legem
2173 1607 2312 1660 hanc

746 1690 1046 1758 prophetiae
1068 1706 1209 1757 esse,
1247 1702 1304 1747 ut
1333 1708 1476 1760 saepe
1510 1694 1654 1763 quod
1682 1695 1746 1748 de
1766 1695 1888 1749 aliis
1914 1696 2118 1750 dictum
2145 1706 2227 1751 est
2245 1697 2313 1751 ab

740 1781 863 1836 aliis
902 1783 1243 1851 compleatur
1273 1802 1286 1838 :
1317 1785 1475 1854 quale
1521 1795 1608 1839 est
1637 1784 1785 1854 quod
1823 1785 1890 1838 de
1935 1784 2155 1840 Simeon
2195 1786 2312 1841 dic-

741 1883 854 1928 tum
902 1873 1036 1936 fuit,
1076 1874 1319 1928 Dividam
1344 1892 1451 1942 cos,
1487 1877 1538 1930 in
1582 1877 1814 1946 posteris
1860 1876 2061 1932 factum
2103 1879 2234 1940 est;'
2265 1887 2315 1932 et

739 1964 883 2033 quod
921 1966 988 2019 de
1019 1965 1279 2021 Chanaan
1314 1983 1345 2021 a
1371 1965 1482 2021 Noe
1517 1968 1722 2022 dietum
1764 1977 1868 2030 est,
1898 1969 1950 2021 in
1982 1965 2316 2023 Gabaonitas

740 2067 988 2126 posteros
1026 2057 1146 2127 ejus
1188 2058 1464 2128 impletum
1494 2071 1604 2122 est;
1638 2071 1690 2114 et
1719 2061 1873 2124 illud,
1907 2059 2032 2114 Esto
2071 2060 2315 2114 dominus

739 2148 925 2219 fratris
943 2151 1039 2217 tui,
1067 2150 1187 2220 ejus
1210 2151 1397 2208 sobole
1434 2152 1762 2223 completum
1795 2161 1903 2208 est.

813 2334 975 2391 Vens.
1005 2336 1096 2390 25.
1125 2336 1417 2394 Nazara'us
1442 2342 1883 2412 vocabitur,quod
1919 2343 1988 2396 ab
2020 2343 2212 2411 angelo
2236 2341 2319 2396 tli-

741 2438 886 2479 Ctuui
921 2438 1021 2494 est,
1056 2433 1424 2499 propheticum
1459 2447 1568 2499 est;
1601 2435 1701 2489 etsi
1739 2451 1848 2489 non
1887 2437 2194 2490 inveniatur
2224 2434 2312 2488 ubi

742 2518 984 2584 dictum;
1031 2523 1186 2577 multi
1219 2526 1363 2579 enim
1412 2528 1856 2598 proplteticorum
1906 2543 2219 2584 sermonum
2263 2527 2316 2581 in

745 2612 1056 2680 captivitate
1078 2616 1266 2671 amissi
1295 2627 1443 2672 sunt.

2073 2732 2137 2752 ν

1370 2765 1594 2823 CAPUT
1628 2766 1717 2823 lll.

824 2885 979 2943 Vens.
1016 2892 1066 2944 l.
1089 2889 1318 2957 Quando
1345 2893 1474 2946 dicit
1513 2894 1870 2964 evangelista,
1910 2893 1973 2948 lu
1994 2895 2177 2949 diebus
2210 2895 2318 2949 illis

744 2979 882 3031 venit
913 2977 1167 3046 Joannes,
1201 2998 1305 3036 non
1338 2992 1450 3036 tum
1482 2997 1602 3037 cum
1631 3000 1766 3053 puer
1784 2985 2189 3049 eratChristus,
2218 2987 2319 3041 ltoc

2415 602 2480 655 'H
2516 605 2667 672 παρὰ
2705 605 2797 658 τοῦ
2846 603 2984 659 Θεοῦ
3026 604 3291 675 ἐλλαμψις
3337 605 3430 657 καὶ
3490 603 3550 656 τὸ
3595 602 3690 656 τοῦ
3751 603 3984 672 ἀστέρος

2404 694 2663 758 ἐξαίσιον.

2435 840 2451 856 ,
2486 787 2551 839 Ἦ
2582 787 2797 858 σμύρνα
2843 786 2937 842 καὶ
2988 790 3016 842 ό
3055 786 3355 850 λιϐανωτὸς
3407 785 3556 856 δῶρα
3611 784 3748 838 Θεοῦ
3799 787 3942 837 εἰσιν
3969 801 3983 816 ι

2407 876 2486 930 ἔτι
2515 877 2572 930 δὲ
2595 878 2810 948 καὶτῆς
2851 878 3152 948 Ἰουδαϊκῆς
3181 875 3490 948 παχύτητος
3513 876 3700 947 πόῤῥω
3729 891 3744 906 ⁸
3773 877 3833 928 οὐ
3871 876 3984 944 γὰρ

2408 969 2659 1039 πρόϐατα
2687 972 2778 1024 καὶ
2814 972 2943 1040 βόας
2977 970 3194 1026 ἔθυσαν.

2476 1059 2573 1113 Διὰ
2601 1059 2654 1113 τί
2702 1061 2903 1132 ἀρτίως
2945 1062 2974 1115 6
3028 1061 3260 1130 ἄγγελος
3311 1060 3507 1129 λέγει·
3543 1059 3856 1128 Παράὰαϐε
3918 1060 3986 1112 τὸ

2408 1151 2651 1205 παιδίον
2689 1153 2788 1206 καὶ
2837 1153 2952 1221 τὴν
2991 1154 3220 1222 μητέρα
3271 1151 3481 1218 αὑτοῦ,
3515 1151 3604 1206 καὶ
3655 1153 3754 1205 οὐκ
3802 1146 3983 1213 εἶπεν,

2410 1243 2522 1314 Τὴν
2548 1244 2780 1311 γυναῖκά
2832 1261 2949 1310 σου,
2992 1245 3067 1306 ὡς
3119 1244 3424 1315 πρότερον;
3463 1241 3682 1314 Ἐπειδὴ
3722 1241 3888 1312 ἐλύθη
3947 1244 3982 1309 ἡ

2411 1333 2636 1402 ὑποψία,
2665 1335 2759 1386 καὶ
2786 1333 3062 1404 ἐπιστώθη
3085 1336 3113 1388 6
3152 1334 3378 1402 Ἰωσήφ.

2494 1425 2596 1488 Ἐξ
2612 1425 2914 1493 Αἰγύπτου
2935 1424 3202 1478 ἐκάλεσα
3227 1424 3336 1478 τόν
3359 1425 3496 1478 υιόν
3545 1441 3660 1488 μου
3686 1439 3700 1453 ·
3739 1424 3820 1488 είς
3850 1423 3898 1476 Χ
3906 1440 3986 1492 ρι-

2414 1518 2536 1569 στόν
2569 1519 2715 1570 ἐστιν
2756 1533 2771 1548 ο
2803 1518 2851 1570 εί
2879 1515 2936 1569 δέ
2990 1516 3085 1569 ἐπὶ
3133 1517 3233 1587 τῆς
3263 1515 3448 1582 ἐξόδου
3495 1514 3653 1568 τοῦτο
3709 1513 3985 1581 λέγουσιν,

2413 1609 2661 1678 εἴποιμεν
2722 1610 2804 1663 ὅτι
2859 1609 2955 1663 καὶ
2996 1607 3156 1661 τοῦτο
3195 1607 3531 1678 προφητείας
3559 1607 3722 1676 νόμος
3749 1607 3866 1659 ἐστὶ
3927 1607 3989 1659 τδ

2414 1703 2675 1766 πολλάκις
2717 1702 2807 1757 ἐπ’
2849 1701 3025 1757 ἄλλων
3055 1699 3351 1772 λεγόμενον
3377 1697 3716 1771 πληροῦσθαι
3741 1698 3831 1766 ἐφ’
3867 1699 3989 1751 ’ἐτέ-

2421 1811 2530 1866 ρων
2567 1812 2580 1828 ο
2613 1789 2724 1847 οἷον
2746 1793 2808 1848 τὸ
2831 1794 2924 1848 ἐπὶ
2959 1791 3053 1849 τοῦ
3090 1791 3303 1863 Σιμεὼν
3325 1791 3534 1861 λεχθὲν,
3563 1791 3647 1845 ὅτι
3703 1787 3989 1858 Διαμεριῶ

2421 1885 2663 1950 αὐτοὺς,
2699 1885 2919 1954 γέγονεν
2950 1886 3042 1940 ἐπὶ
3083 1884 3191 1938 τῶν
3222 1884 3461 1952 ἐκγόνων
3490 1899 3504 1914 ·
3538 1881 3630 1936 καὶ
3662 1883 3723 1934 τὸ
3757 1882 3849 1934 ἐπὶ
3895 1879 3993 1932 τοῦ

2423 1977 2644 2030 Χαναὰν
2668 1978 2817 2048 παρὰ
2853 1976 2946 2032 τοῦ
2970 1978 3093 2031 Νῶε
3119 1977 3330 2048 λεχθὲν,
3366 1977 3445 2040 είς
3487 1975 3616 2038 τοὺς
3642 1973 3993 2036 Γαϐαωνίτας

2423 2069 2547 2130 τοὺς
2582 2068 2838 2135 ἐκγόνους
2863 2067 3028 2123 αὑτοῦ
3060 2067 3220 2136 ἐξέϐη
3256 2083 3270 2099 ⁶
3301 2067 3395 2122 καὶ
3422 2065 3517 2132 τὸ,
3571 2066 3758 2120 Γίνου
3792 2067 3996 2133 κύριος

2423 2159 2529 2215 τοῦ
2578 2159 2848 2230 ἀδελφοῦ
2909 2175 3050 2226 σου,
3105 2159 3200 2213 ἐπὶ
3255 2160 3383 2222 τοὺς
3447 2157 3750 2225 ἀπογόνους
3801 2155 3995 2210 τούτου

2423 2250 2606 2320 ἐξέϐη.

2496 2341 2589 2405 Τὸ,
2651 2340 2984 2409 Ναζωραῖος
3027 2337 3416 2407 κληθήσεται,
3454 2338 3606 2410 παρὰ
3633 2337 3729 2392 τοῦ
3763 2336 4004 2406 ἀγγέλου

2424 2433 2736 2502 εἰρημένον.
2761 2431 3097 2501 προφητικόν
3143 2432 3259 2483 ἐστι
3287 2445 3301 2460 ’
3333 2429 3439 2483 κᾶν
3488 2429 3586 2498 οὐχ
3630 2428 3861 2498 εὓρηται
3896 2426 3996 2479 ποῦ

2423 2521 2674 2575 λέλεκται
2700 2537 2716 2552 ο
2746 2522 2918 2575 πολλὰ
2943 2520 3052 2592 γὰρ
3080 2521 3188 2574 τῶν
3217 2520 3577 2590 προφητικῶν
3627 2517 3908 2589 ἠφανίσθη
3939 2520 3998 2571 ἐν

2422 2617 2491 2685 τῇ
2521 2615 2884 2685 αἰχμαλωσίᾳ.

3031 2757 3280 2812 ΚΕΦΑΔ.
3315 2755 3391 2810 Γ.

2499 2889 2573 2942 Τὸ
2611 2889 2788 2954 λέγειν
2825 2885 2917 2943 τὶρν
2946 2886 3357 2954 εὐαγγελιστὴν,
3423 2884 3529 2938 Ἐν
3582 2883 3714 2949 ταῖς
3749 2885 3995 2951 ἡμέραις

2425 2980 2684 3045 ἐκείναις
2716 2977 3102 3047 παραγίνεται
3157 2980 3188 3030 d
3254 2975 3558 3042 Ἰωάννης,
3583 2975 3682 3043 οὐχ
3711 2976 3799 3026 ὅτε
3862 2975 3993 3035 παῖς

747 3070 913 3123 dicit:
965 3086 1086 3124 nam
1141 3081 1263 3140 post
1315 3088 1492 3129 annos
1518 3075 1734 3144 triginta
1784 3077 1998 3131 venisse
2053 3076 2316 3131 Joannem

2424 3067 2495 3142 ἦν
2527 3074 2555 3124 ὁ
2583 3070 2820 3141 Χριστὸς
2857 3069 3015 3122 τοῦτο
3039 3069 3186 3138 λέγει
3219 3085 3229 3099 ·
3271 3067 3409 3138 μετὰ
3431 3067 3539 3137 γὰρ
3568 3065 3665 3135 ἐτη
3701 3066 3996 3134 τριάκοντα

749 3163 923 3217 Lucas
964 3174 1225 3230 testatur;
1259 3168 1352 3221 sed
1406 3159 1701 3238 Scriptura:
1753 3186 1871 3226 mos
1933 3181 2017 3226 est
2065 3173 2208 3226 talis.
2256 3181 2314 3226 ut
2345 3208 2388 3264 ρ

2345 3208 2388 3264 c
2426 3163 2598 3218 ἐλθεῖν
2627 3163 2720 3215 τὸν
2765 3161 3019 3231 Ἰωάννην
3041 3161 3070 3212 6
3119 3161 3332 3222 Λουκᾶς
3365 3160 3633 3229 μαρτυρεῖ
3662 3171 3677 3186 °
3730 3157 3848 3210 ἀλλ’
3881 3158 3997 3217 ἔθος

747 3255 963 3323 quando
979 3255 1231 3312 Christus
1252 3259 1302 3311 ἰει
1326 3269 1508 3316 monte
1524 3262 1803 3330 discipulis
1822 3264 2061 3332 loquitur
2078 3265 2143 3317 de
2164 3280 2318 3319 erer-
2348 3248 2388 3264 w

2348 3248 2388 3264 ”
2427 3255 2702 3324 Γραφικὸν
2737 3251 2979 3305 τοιοῦτόν
3027 3252 3142 3302 ἐστι
3186 3249 3363 3312 τοῦτο,
3397 3248 3425 3300 δ
3455 3248 3548 3301 καὶ
3585 3249 3612 3300 6
3654 3248 3891 3316 Χριστὸς
3923 3248 3999 3308 εἰς

749 3349 903 3403 sione
933 3348 1106 3413 urbis,
1127 3359 1178 3403 et
1207 3350 1270 3404 de
1300 3352 1593 3419 pmphctixe
1623 3354 2010 3416 adimpletione
2040 3356 2321 3411 locuturus

2425 3348 2486 3399 τὸ
2523 3347 2648 3416 ὅρος
2695 3346 2806 3405 τοῖς
2844 3342 3112 3412 μαθηταῖς
3141 3341 3290 3408 λέγει
3334 3340 3461 3410 περὶ
3509 3343 3608 3409 τῆς
3636 3340 3997 3407 κατασκαφῆς

747 3439 963 3504 adjecit,
990 3439 1141 3494 Tunc
1168 3440 1279 3496 haec
1298 3451 1351 3495 ct
1378 3443 1464 3496 illa
1483 3455 1660 3498 erunt.
1681 3444 1921 3516 Triginta
1956 3462 2129 3500 annos
2164 3456 2324 3502 natus

2425 3440 2524 3509 τῆς
2563 3437 2768 3496 πόλεως
2797 3451 2811 3465 ·
2841 3433 2933 3488 καὶ
2963 3433 3169 3503 μέλλων
3186 3432 3316 3502 περὶ
3348 3433 3443 3499 τῆς
3468 3429 3776 3492 συντελείας
3800 3429 3999 3497 λέγειν,

747 3527 870 3583 ideo
905 3532 1230 3600 baptizatur,
1271 3543 1328 3585 ut
1373 3534 1644 3602 perfectus
1674 3551 1796 3590 cum
1827 3537 1917 3602 sit,
1947 3537 2181 3606 pet-lecta
2213 3548 2324 3592 tra-

749 3620 885 3674 dens
913 3622 1188 3675 credatur.

823 3801 988 3858 Vens.
1015 3805 1071 3859 Ξ.
1113 3805 1270 3871 Illud,
1299 3806 1747 3876 Appropinquavit
1796 3826 2012 3879 regnum
2046 3809 2320 3874 Helorum,

750 3895 820 3948 ob
845 3895 988 3949 illius
1005 3897 1350 3964 pr.rsentiam
1374 3897 1537 3961 dicit;
1565 3914 1654 3952 rex
1687 3899 1832 3952 cnim
1865 3900 2129 3955 etelorum
2179 3911 2318 3953 erat.

823 4074 988 4128 Vnus.
1018 4076 1066 4130 7.
1090 4075 1311 4131 Dicente
1333 4078 1662 4147 evangelista
1703 4080 1769 4133 de
1796 4077 2084 4134 Pliarisreis
2109 4089 2162 4132 et
2187 4079 2324 4135 Sad-

751 4166 956 4221 duCzeis
977 4168 1118 4234 quod
1166 4169 1414 4223 venirent
1445 4179 1504 4224 ut
1531 4170 1933 4238 baptizarentur
1974 4172 2044 4225 ab
2072 4187 2159 4233 eo,
2185 4187 2324 4240 quo—

753 4258 914 4312 modo
943 4256 1193 4311 Christus
1225 4259 1353 4313 dicit
1416 4260 1537 4314 illos
1584 4258 1778 4314 Juanui
1811 4276 1917 4314 non
1984 4262 2325 4315 credidisse?

751 4350 891 4415 Quia
916 4353 1136 4406 credere
1197 4368 1302 4405 non
1339 4363 1479 4417 erat,
1509 4353 1655 4419 quod
1685 4354 1754 4405 ah
1786 4354 1876 4407 illo
1922 4354 2323 4421 praedicabatur

754 4458 861 4495 non
900 4444 1165 4512 accipere.
1195 4442 1435 4498 Joannes
1467 4447 1613 4498 enim
1640 4444 1812 4498 dixit:
1847 4444 1984 4498 Ecce
2017 4447 2197 4516 Agnus
2229 4445 2323 4499 Dei

753 4535 843 4604 qui
871 4535 1006 4588 tollit
1036 4545 1305 4604 peccatum
1330 4538 1532 4590 mundi.

821 4722 987 4777 Villis.
1024 4722 1106 4778 19..
1143 4722 1307 4792 Cujus
1335 4723 1682 4776 ventilabrum
1713 4727 1765 4777 in
1809 4741 1966 4778 manu
1994 4726 2128 4793 ejus.
2171 4726 2319 4795 judi-

755 4831 871 4869 ccm
925 4815 1073 4868 illum
1106 4831 1225 4870 esse
1262 4815 1552 4884 signiﬁcat.
1581 4815 1980 4870 discernentem
2037 4817 2216 4885 justus
2268 4829 2321 4871 et

753 4916 1092 4977 peccatores;
1133 4905 1270 4972 ignis
1330 4915 1508 4962 autem
1562 4907 2017 4977 iuexstinguibilis
2059 4921 2322 4962 a-tcruum

754 5000 1078 5068 supplicium
1122 4998 1344 5052 indicat.
2237 5046 2252 5054 ,

827 5087 988 5143 Vens.
1028 5089 1114 5142 14.
1151 5087 1384 5144 Joannes
1411 5089 1644 5157 primum
1683 5089 1870 5143 nolens
1892 5088 2170 5143 Christum
2205 5105 2234 5143 a
2267 5106 2324 5144 se

757 5181 1042 5249 baptizari,
1093 5189 1280 5250 postea
1329 5181 1654 5250 baptizavit;
1699 5182 2006 5235 obstinatus
2064 5181 2326 5234 immode-

756 5283 872 5324 rate
898 5285 1005 5324 non
1037 5269 1157 5334 luit,
1189 5272 1281 5324 sed
1320 5281 1372 5325 et
1413 5274 1786 5338 indignitatem
1821 5272 2079 5335 osxendit,
2110 5282 2162 5325 et
2198 5272 2328 5326 obe-

759 5365 1016 5418 dientiam
1037 5364 1284 5433 praebuit.

828 5454 994 5511 Vens.
1038 5455 1124 5509 15.
1155 5453 1310 5515 Illud.
1349 5452 1474 5507 Sine
1516 5454 1689 5513 modo.
1717 5453 2004 5520 signilirat,
2042 5449 2157 5505 Non
2205 5469 2327 5521 per-

758 5557 924 5618 petuo
958 5547 1007 5600 in
1044 5546 1127 5599 his
1164 5560 1250 5597 me
1286 5544 1513 5600 videbis.
1538 5545 1630 5597 sed
1665 5543 1870 5597 videbis
1895 5558 1980 5597 me
2005 5543 2057 5596 in
2087 5543 2171 5598 his
2205 5559 2326 5613 quae

760 5641 938 5708 cupis,
966 5639 1184 5708 quando
1217 5637 1339 5705 ejus
1366 5636 1468 5688 crit
1501 5647 1734 5705 tempus.

831 5730 997 5782 Vens.
1037 5728 1121 5782 l6.
1151 5728 1331 5792 Quare
1365 5725 1602 5795 Spiritus
1639 5727 1688 5780 in
1731 5728 1997 5780 rolumbze
2027 5726 2208 5795 specie
2241 5729 2322 5778 vi-

763 5826 916 5880 detur
939 5825 960 5878 ?
983 5822 1122 5889 Quia
1164 5823 1290 5876 inite
1328 5831 1405 5877 cst
1437 5820 1640 5875 animal
1661 5830 1710 5876 et
1743 5835 1957 5890 parum.
1990 5818 2123 5873 Cum
2163 5817 2326 5887 igitur

2425 3533 2696 3600 ἐπήγαγε,
2727 3529 2858 3581 Τότε
2897 3529 2964 3580 τὰ
3011 3526 3106 3578 καὶ
3139 3524 3208 3578 τὰ
3238 3523 3413 3576 ἔσται.
3440 3523 3877 3591 Τριακονταέτης
3914 3526 3998 3576 διᾶ

2424 3624 2580 3676 τοῦτο
2613 3619 2954 3690 βαπτίζεται,
2985 3617 3073 3671 ’ίνα
3106 3616 3310 3679 τέλειος
3361 3613 3457 3679 ὣν,
3486 3615 3768 3685 παραδοὺς
3796 3616 3865 3667 τὰ
3913 3618 3998 3668 τὲ-

2427 3713 2543 3768 λεια
2575 3711 2863 3782 πιστευθῇ.

2496 3806 2590 3868 Τὸ,
2621 3808 2904 3873 Ἤγγικεν
2939 3802 2979 3869 ή
3025 3802 3317 3866 ,ϐασιλεία
3366 3799 3484 3853 τῶν
3540 3797 3838 3868 οὐρανῶν,
3875 3801 3998 3864 περὶ

2425 3899 2526 3968 τῆς
2573 3898 2693 3950 τότε
2724 3896 3025 3964 παρουσίας
3046 3892 3212 3948 αὑτοῦ
3243 3891 3388 3960 λέγει
3421 3908 3433 3921 ⁸
3469 3890 3720 3960 βασιλεὺς
3751 3893 3860 3962 γὰρ
3903 3893 3990 3943 οὐ·

2429 3991 2610 4060 ράνιος
2642 3986 2730 4060 ἦν.

2497 4082 2604 4136 T05
2662 4077 3046 4149 εὐαγγελιστοῦ
3089 4077 3338 4144 λέγοντος
3368 4076 3495 4147 περί
3526 4076 3635 4128 τῶν
3682 4075 3994 4145 Φαρισαίων

2425 4175 2520 4227 καὶ
2548 4173 2655 4226 τῶν
2691 4170 3063 4225 Σαδδουκαίων
3084 4171 3162 4222 ὅτι
3189 4163 3394 4220 Ἦλθον
3418 4169 3498 4230 εἷς
3525 4168 3585 4219 τὸ
3637 4167 3996 4235 βαπτισθῆναι

2427 4266 2521 4318 ὑπ’
2551 4263 2737 4325 αὑτοῦ,
2772 4264 2889 4325 πῶς
2930 4264 2958 4314 6
2989 4260 3221 4330 Χριστὸς
3255 4258 3399 4327 λέγει
3444 4259 3526 4311 ὅτι
3552 4259 3650 4312 οὐκ
3673 4259 3996 4311 ἐπίστευσαν

2439 4354 2700 4423 Ἰωάννης
2736 4353 2860 4405 Ὀτι
2902 4352 3004 4404 οὐκ
3057 4346 3124 4418 ἦν
3165 4348 3323 4402 τοῦτο
3361 4349 3671 4412 πιστεῦσαι,
3700 4349 3762 4401 τὸ
3792 4349 3882 4400 τὸν
3906 4367 3999 4417 κη-

2431 4448 2756 4516 ρυττόμενον
2819 4443 2911 4496 ὑπ’
2971 4441 3137 4495 αὑτοῦ
3205 4441 3279 4510 μὴ
3338 4440 3632 4506 δέξασθαι·
3689 4437 3846 4492 εἶπεν
3895 4441 3998 4509 γὰρ

2350 4540 2396 4597 D
2425 4539 2648 4598 ἐκεῖνος’
2691 4536 2794 4590 Ἰδὲ
2821 4537 2854 4588 ὁ
2889 4533 3098 4603 Ἀμνὸς
3117 4532 3224 4585 τοῦ
3243 4532 3390 4586 Θεοῦ
3410 4535 3443 4585 ό
3464 4533 3648 4599 αἴρων
3683 4531 3800 4598 τὴν
3821 4533 3999 4598 ἀμαρ-

2430 4631 2566 4682 τίαν
2584 4627 2689 4681 τοῦ
2709 4629 2962 4695 κόσμου.

2504 4717 2588 4776 Οὗ
2602 4720 2668 4774 τὸ
2697 4719 2890 4772 πτύον
2909 4714 3068 4784 ἐντῇ
3096 4715 3244 4785 χειρί
3277 4714 3486 4778 αὐτοῦ,
3525 4715 3584 4767 τὸ
3606 4714 3802 4786 κριτὴν
3841 4715 3997 4768 αὐτὸν

2430 4802 2570 4860 εἶναι
2609 4805 2884 4875 σημαίνει,
2919 4805 3315 4874 διαχωρίζοντα
3339 4805 3465 4866 τοὺς
3487 4804 3730 4866 δικαίους
3755 4803 3852 4856 καὶ
3877 4803 3998 4863 τοὺς

2431 4898 2789 4968 ἁμαρτωλούς
2820 4915 2835 4930 ο
2868 4897 2978 4968 πῦρ
3010 4897 3068 4949 δὲ
3101 4895 3386 4962 ἄσϐεστον,
3411 4897 3509 4965 τὴν
3537 4895 3808 4950 ἀθάνατον
3835 4912 4000 4962 τιμω-

2434 4994 2557 5061 ρίαν
2585 4989 2754 5057 λέγει.

2515 5082 2766 5150 Ἰωάννης
2813 5079 3078 5150 πρότερον
3128 5077 3442 5132 διακωλύων
3487 5075 3579 5129 τὸν
3628 5075 3864 5146 Χριστὸν
3911 5075 3999 5141 βα-

2433 5173 2727 5248 πτισθῆναι
2756 5173 2846 5226 ὑπ’
2884 5173 3073 5236 αὑτοῦ,
3136 5172 3364 5241 ὕστερον
3407 5170 3704 5222 ἐϐάπτισεν
3731 5185 3746 5198 ·
3785 5169 3886 5220 οὐκ
3935 5164 3998 5237 ἧν

2431 5267 2686 5334 ἀμέτρως
2709 5264 3029 5332 φιλόνεικος,
3062 5262 3198 5317 ἀλλὰ
3220 5261 3395 5315 καὶτὸ
3434 5259 3653 5327 ἀνάξιον
3681 5259 3874 5325 ἔδειξε,
3909 5261 3996 5313 καὶ

2433 5358 2530 5423 τὴν
2553 5355 2800 5426 ὑπακοὴν
2826 5355 3092 5407 ἐτέλεσεν.

2504 5446 2597 5506 ἰ’δ,
2643 5446 2817 5512 Ἄρες
2852 5441 3194 5512 ι’ίρτι,δηλοτ,
3231 5443 3314 5494 ὅτι
3346 5441 3422 5494 Οὐ
3475 5440 3738 5510 διηνεκῶς
3778 5442 3836 5493 ἐν
3881 5438 3996 5492 τούο

2433 5555 2545 5598 τοις
2566 5554 2630 5606 με
2671 5536 2812 5605 ὄψει,
2837 5536 2951 5588 ἀλλ’
2980 5535 3098 5603 ὄψει
3129 5551 3194 5604 με
3229 5537 3288 5587 ἐν
3321 5528 3403 5596 οἷς
3427 5533 3738 5602 ἐπιθυμεῖς,
3772 5533 3859 5585 ὅτε
3885 5531 3998 5584 τού-

2432 5647 2526 5681 του
2547 5629 2758 5699 καιρός.

2506 5723 2603 5773 Διὶ
2641 5721 2694 5772 τί
2731 5721 2791 5773 τὸ
2823 5719 3047 5789 Πνεῦμα
3080 5721 3138 5770 ἐν
3168 5717 3303 5771 εἴδει
3343 5717 3674 5786 περιστερᾶς
3724 5718 3991 5784 (parum;

2438 5821 2556 5871 "Ut:
2590 5818 2794 5887 ἥμερον
2821 5815 2880 5868 τὸ
2909 5815 3045 5879 ζῶον
3076 5815 3167 5868 καὶ
3201 5811 3438 5882 καθαρόν
3462 5827 3474 5840 ⁸
3505 5811 3624 5864 ἐπεὶ
3653 5811 3746 5864 οὖν
3772 5811 3829 5864 τὸ
3861 5813 3994 5865 Ξινινιν
