4220 6432
276 417 412 479 1035

1261 419 1577 478 SCHOLIA
1615 422 1906 482 VETERA
1951 426 2033 484 IN
2076 428 2542 487 MATTIH‘IUM.

3380 432 3511 492 1:585

276 531 506 598 Πνεῦμα
567 528 874 598 πραότητός
926 529 1043 582 ἐστι
1092 529 1331 599 πνεῦμα,
1367 533 1456 584 διὰ
1494 535 1652 585 τοῦτο
1704 537 1843 588 οὕτω
1875 545 1918 598 Α

1875 545 1918 598 Α
1953 550 2175 594 sam-tus
2243 541 2478 609 Spiritus
2514 542 2949 596 mansuetudinis
2981 550 3063 595 est
3112 542 3353 608 spiritus,
3393 546 3511 599 ideo

269 621 518 688 φαίνεται
555 639 568 652 ·
603 621 695 674 καὶ
725 622 812 674 διὰ
842 622 901 674 τὸ
951 621 1402 688 εὐαγγελίσασθαι
1432 624 1530 694 τὴν
1585 627 1840 693 Περιστε-

271 716 373 782 ρὶιν
405 714 501 782 τὴν
525 713 675 766 λύσιν
697 713 787 766 τοῦ
810 716 1195 786 κατακλυσμοῦ
1227 731 1240 745 ·
1280 717 1375 769 καὶ
1404 717 1512 785 γὰρ
1538 717 1597 768 τὸ
1622 718 1840 787 πνεῦμα

271 805 424 856 λύσιν
451 807 558 859 τῶν
582 807 766 859 κακῶν
788 809 921 876 ἡμῖν
975 810 1149 878 ἤγαγε
1187 825 1202 841 ο
1233 810 1521 876 γινώσκειν
1553 809 1606 862 δὲ
1653 811 1732 863 δεῖ
1758 813 1840 864 ὅτι

270 898 352 958 οὐ,
372 898 557 960 Φύσει,
593 894 768 962 εἶπεν,
800 899 936 964 ἀλλ’,
969 901 1072 953 Ἐν
1097 899 1238 953 εῖδει
1269 901 1644 968 περιστερᾶς,
1671 903 1756 956 διὰ
1782 904 1843 955 τὸ

274 989 542 1054 ραγδαίως
569 989 661 1040 καὶ
689 989 964 1057 φωτεινῶς
1013 992 1435 1061 κατεληλυθέναι
1467 1007 1480 1020 ·
1504 995 1560 1045 ἐν
1589 993 1718 1046 εἴδει
1741 993 1833 1047 οὖν

274 1082 656 1151 περιστερὶςὴ
692 1082 1008 1147 κατάϐασις,
1041 1083 1154 1136 ἀλλ’
1219 1084 1336 1151 οὐχὶ
1362 1084 1539 1154 μορφὴ
1574 1083 1713 1147 ζώου

344 1171 439 1222 Διᾶ
465 1171 621 1224 τοῦτο
647 1172 826 1240 ἔμεινε
876 1174 935 1225 τὸ
968 1173 1192 1242 Πνεῦμα
1215 1174 1307 1225 ἐπὶ
1348 1176 1438 1226 τὸν
1473 1175 1726 1244 Χριστὸν,
1760 1176 1846 1229 ἵνα

275 1261 307 1327 ἡ
339 1260 540 1312 ἄνωθεν
571 1263 722 1330 φωνὴ
759 1263 884 1332 περὶ
909 1261 1096 1314 τούτου
1140 1262 1392 1332 νομισθῇ,
1424 1263 1558 1316 ἀλλὰ
1599 1263 1674 1333 μὴ
1705 1263 1833 1333 περὶ

290 1352 556 1407 Ἰωαννου.

897 1463 1150 1517 ΚΕΦΑΛ.
1178 1462 1248 1516 Δ’.

354 1570 491 1623 Τότε
525 1570 779 1637 ἀνήχθη,
812 1570 995 1639 φησὶν,
1039 1571 1156 1624 ὑπὸ
1189 1571 1293 1624 τοῦ
1323 1573 1668 1639 Πνεὺματος
1718 1589 1844 1626 πει-

271 1660 574 1728 ρασθῆναι
599 1676 610 1688 ·
647 1661 750 1713 ὑπὸ
779 1661 871 1712 τοῦ
908 1663 1066 1729 ἁγίου
1103 1662 1417 1731 Πνεύματος
1444 1664 1591 1731 λέγει
1622 1680 1638 1697 ο
1682 1667 1846 1717 πάλιν

279 1755 359 1810 τὸ,
389 1754 540 1816 τότε,
571 1754 667 1804 οὐκ
698 1753 859 1814 εὐθὺς
893 1752 1250 1822 λαμϐάνεται,
1286 1753 1398 1806 ἀλλ’
1427 1756 1547 1808 ἀντὶ
1587 1754 1704 1819 τοῦ,
1735 1757 1846 1816 τοῖς

279 1846 494 1912 καιροῖς
519 1845 761 1906 ἐκείνοις.

354 1937 669 2008 Πειρςὶζεται
695 1935 786 1990 καὶ
824 1937 902 1999 είς
935 1936 1137 2006 ἔρημον
1167 1937 1422 2006 ἀνάγεται
1450 1936 1546 1990 καὶ
1577 1935 1844 2008 νηστεύει,

279 2027 452 2088 διδοὺς
500 2029 664 2081 τύπον
693 2030 824 2099 ἡμῖν
870 2031 1121 2102 νηστείας
1166 2032 1258 2085 καὶ
1315 2033 1590 2103 ὑπομονῆς
1655 2050 1847 2104 πειραο

285 2137 469 2189 σμων.

356 2213 520 2265 Πόθεν
549 2213 696 2282 λέγει
722 2216 959 2278 ἀκούσας
976 2218 1003 2269 ὁ
1035 2215 1281 2278 διάϐολος
1307 2217 1385 2280 τὸ,
1411 2219 1477 2270 Εἰ
1515 2221 1645 2283 Υίὸς
1667 2216 1722 2274 εἷ
1741 2221 1847 2275 τοῦ

284 2305 466 2368 Θεοῦ;
499 2307 590 2357 καὶ
637 2307 732 2376 τῆς
781 2306 988 2361 ἄνωθεν
1028 2309 1213 2375 φωνῆς
1243 2310 1439 2379 ἤκουσε
1468 2312 1560 2364 τοῦ
1603 2313 1848 2366 Ἰωάννου

281 2395 437 2448 τοῦτο
468 2395 717 2463 λέγοντος
753 2414 765 2429 ·
794 2398 842 2448 εἰ
875 2397 930 2450 δὲ
979 2398 1294 2466 ἀμφέϐαλλε
1343 2399 1571 2468 πότερον
1618 2402 1667 2452 εί
1704 2400 1850 2454 ἔστιν

283 2486 410 2548 Υἱὸς
449 2485 540 2539 τοῦ
581 2487 715 2540 Θεοῦ
743 2487 774 2556 ἦ
815 2489 912 2540 οὐκ
943 2488 1107 2552 ἐστιν,
1145 2489 1229 2541 διὰ
1261 2489 1319 2540 τὸ
1351 2490 1605 2561 πεινῆσαι
1657 2489 1752 2542 καὶ
1784 2490 1850 2543 τὰ

280 2579 380 2645 τῆς
409 2579 723 2647 σωματικῆς
760 2578 1019 2647 ἑνδημίας
1041 2577 1324 2646 πράττειν.

354 2669 460 2722 Τοῦ
490 2671 673 2724 Λουκᾶ
707 2671 959 2740 λέγοντος
980 2672 1060 2724 ὅτι
1089 2671 1266 2724 πάντα
1305 2672 1612 2742 πειρασμὸν
1665 2673 1849 2744 ἐκίνη-

282 2779 394 2826 σεν,
426 2764 708 2832 νοήσωμεν
735 2761 812 2826 ὡς
857 2762 926 2816 τὰ
973 2764 1243 2830 κεφάλαια
1278 2765 1386 2816 τῶν
1415 2767 1736 2836 πειρασμῶν
1771 2785 1853 2821 κι-

283 2857 567 2923 νήσαντος,
608 2854 780 2918 οὕτως
811 2852 965 2909 εἶπεν
1001 2871 1016 2886 ·
1048 2855 1116 2908 τὰ
1146 2859 1256 2926 γὰρ
1288 2858 1503 2926 χείρονα
1531 2859 1636 2910 τῶν
1670 2862 1851 2927 ἁμαρ-

281 2947 538 3016 τημάτων
570 2949 979 3018 γαστριμαργία
1007 2947 1123 3001 ἐστὶ
1152 2951 1244 3001 καὶ
1283 2949 1553 3015 κενοδοξία
1572 2951 1662 3003 καὶ
1681 2950 1854 3021 ἀπλη-

285 3037 408 3089 στία
434 3055 538 3106 χρη
550 3039 756 3106 μάτων.

354 3128 451 3182 Διὰ
480 3129 637 3183 τοῦτο
667 3131 898 3194 ἀκούσας
933 3131 961 3183 ὁ
1027 3131 1236 3202 Ἰησοῦς
1268 3132 1349 3185 ὅτι
1412 3133 1663 3202 Ἰωάννης
1717 3151 1850 3204 acup.

1946 635 2066 686 talis
2093 633 2337 695 videtur,
2381 644 2433 686 et
2462 637 2587 700 quia
2630 635 2899 688 nuntiavit
2937 635 3189 687 columba
3225 635 3384 687 liuent
3429 638 3512 689 di-

1943 725 2103 790 luvii;
2138 726 2338 779 etenim
2373 724 2608 794 Spiritus
2640 727 2796 780 nobis
2829 727 3094 779 malorum
3124 727 3287 778 tinem
3311 730 3510 782 attulit.

1942 815 2280 884 Cognoscere
2303 829 2480 870 autem
2503 827 2716 886 oportet
2747 834 2852 871 non
2884 828 3154 880 naturam,
3178 817 3268 870 sed
3294 820 3512 885 speci-3m

1947 908 2202 963 columba'
2236 909 2462 973 dixisse,
2503 909 2645 978 quod
2669 910 2851 976 rapide
2886 919 2936 963 et
2970 908 3249 978 splendide
3285 908 3512 961 descen-

1944 1001 2052 1067 dit;
2087 1002 2138 1055 in
2174 1003 2541 1070 specieigitur
2599 1002 2861 1054 columba:
2907 1002 3201 1056 descensus
3245 1001 3367 1065 fuit,
3404 1017 3508 1052 non

1945 1103 2124 1146 autem
2153 1095 2409 1147 animalis
2447 1093 2647 1147 forma.

2015 1184 2096 1237 Ob
2120 1184 2221 1237 hoc
2255 1185 2453 1237 mansit
2509 1184 2744 1252 Spiritus
2783 1199 2945 1251 super
2982 1183 3279 1240 Christum.
3309 1193 3367 1236 ut
3426 1199 3515 1233 vo-

1946 1291 2062 1328 cem
2095 1275 2162 1328 de
2206 1276 2343 1327 emlo
2376 1276 2439 1329 ad
2493 1276 2641 1328 illum
2674 1276 2934 1328 directam
2970 1278 3293 1344 putaverint,
3325 1284 3508 1327 etnon

1947 1365 2012 1418 ad
2033 1365 2322 1417 Joannem.

2550 1473 2772 1530 CAPUT
2826 1473 2913 1528 lV.

2023 1574 2183 1633 Vens.
2218 1577 2268 1630 L
2307 1575 2450 1629 Tunc
2467 1578 2653 1630 ductus
2680 1591 2778 1640 est,
2807 1581 3005 1646 inquit,
3034 1597 3064 1631 η
3097 1580 3289 1647 spiritu
3323 1588 3509 1632 atten-

1953 1683 2175 1736 tm‘etur,
2204 1673 2254 1726 id
2315 1682 2400 1726 est
2437 1688 2465 1725 a
2514 1682 2702 1727 sancto
2738 1672 2962 1742 Spiritu.
2996 1674 3192 1726 Iterum
3232 1689 3332 1726 vox
3368 1684 3512 1734 tunc,

1952 1780 2056 1818 non
2088 1763 2372 1818 confestim
2405 1764 2695 1833 signiﬁcat,
2729 1763 2823 1819 sed
2874 1778 2992 1832 pro,
3025 1763 3132 1818 illis
3160 1763 3512 1830 temporibus,

1884 1873 1927 1928 Β
1956 1851 2207 1913 sunﬁtur.

2019 1946 2359 2009 Tentatur,et
2386 1945 2438 1998 in
2461 1944 2734 2000 desertum
2762 1945 2978 2000 ducitur
2997 1954 3071 2010 ,et
3097 1946 3326 2015 jejunat,
3360 1945 3517 1998 nobis

1949 2041 2195 2110 prmbeus
2238 2037 2546 2104 exemplum
2577 2035 2771 2106 jejunii
2814 2045 2865 2090 et
2905 2037 3261 2091 tentationum
3303 2037 3514 2106 patien-

1952 2133 2057 2185 tiaa.

2024 2222 2189 2278 Vitas.
2250 2224 2300 2277 5.
2332 2222 2512 2288 Quare
2549 2221 2678 2276 dicit
2702 2259 2717 2283 ,
2752 2236 2872 2275 cum
2933 2219 3188 2282 audierit,
3219 2218 3466 2273 diabolus
3499 2237 3514 2274 :

1954 2313 2014 2368 Si
2044 2312 2216 2366 Filius
2258 2313 2348 2364 Dei
2385 2314 2552 2367 cs?et
2585 2327 2770 2364 vocem
2804 2310 2976 2364 audiit
3030 2326 3059 2364 e
3107 2310 3260 2362 cadis
3291 2307 3519 2363 Joannis

1953 2406 2081 2459 illud
2117 2404 2377 2468 dicentis;
2410 2404 2511 2455 etsi
2558 2417 2684 2456 vero
2723 2400 2933 2456 dubitet
2981 2418 3047 2454 an
3101 2399 3272 2453 Filius
3322 2401 3392 2452 sit
3429 2401 3517 2453 Dei

1953 2512 2143 2558 necne,
2174 2505 2392 2565 propter
2418 2494 2560 2564 quod
2586 2494 2756 2548 esurit
2773 2502 2824 2547 et
2842 2493 3150 2562 corporales
3172 2493 3521 2546 necessitates

1952 2589 2252 2656 experitur.

2021 2678 2183 2733 Vens.
2219 2680 2272 2732 4.
2315 2677 2460 2731 Luca
2497 2676 2713 2730 dicente
2744 2673 2890 2743 quod
2921 2688 3133 2726 onmem
3167 2672 3518 2726 tentationem

1953 2780 2412 2834 consummasset,
2447 2769 2858 2837 intelligendum
2892 2767 3139 2822 estillum
3175 2767 3241 2820 de
3268 2782 3521 2820 consum-

1955 2863 2191 2917 matione
2231 2863 2623 2931 praecipuarum
2651 2861 3010 2914 tentationum
3036 2861 3105 2913 ita
3137 2859 3520 2924 dixisse;nam

1955 2954 2192 3023 pessima
2225 2962 2568 3023 peccatorum
2588 2963 2716 3007 sunt
2743 2953 2892 3022 gula,
2913 2968 3049 3006 vana
3081 2953 3273 3022 gloria,
3297 2964 3348 3006 et
3375 2952 3524 3006 inex-

1955 3044 2096 3112 pleta
2126 3044 2420 3112 cupiditas.

2028 3133 2195 3189 Vens.
2231 3135 2314 3188 12.
2349 3132 2472 3188 Ideo
2502 3133 2728 3187 audiens
2753 3130 2908 3188 Jesus
2937 3131 3200 3187 Joannem
3247 3133 3503 3185 traditum

281 3220 460 3290 εδόθη,
485 3221 829 3292 ἀνεχώρησεν
849 3225 925 3285 είς
947 3224 1045 3292 τὴν
1078 3225 1388 3286 Γαλιλαίαν,
1414 3227 1560 3295 ἡμᾶς
1585 3225 1851 3278 παιδεύων
1879 3225 1921 3281 C

1879 3225 1921 3281 C
1955 3242 2095 3291 esse,
2133 3226 2360 3281 secessit
2401 3226 2454 3278 in
2495 3224 2791 3284 Galilaram,
2814 3233 2870 3278 ut
2905 3239 3002 3278 nos
3024 3225 3242 3278 doceret
3272 3224 3522 3276 tentatio-

282 3313 507 3381 φεύγειν
538 3315 662 3375 τοὺς
692 3314 1060 3385 ιπειρασμούς
1089 3332 1102 3347 ·
1139 3315 1200 3367 ού
1235 3315 1341 3384 γὰρ
1389 3316 1643 3386 ἔγκλημα
1676 3317 1734 3368 τὸ
1777 3318 1850 3388 μὴ

284 3406 496 3474 ῥίπτειν
518 3403 708 3456 ἑαυτὸν
742 3406 822 3469 εἰς
868 3406 1230 3475 πειρασμοῦς,
1255 3407 1388 3458 ἀλλὰ
1446 3408 1506 3458 τὸ
1545 3409 1851 3477 ἐμπεσόντα

285 3498 360 3566 μὴ
401 3497 589 3565 στῆναι
632 3498 892 3564 γενναεως
931 3513 945 3529 ⁸
978 3496 1060 3548 ἔτι
1093 3497 1148 3550 δὲ
1174 3499 1267 3550 καί
1316 3498 1444 3560 τοῦς
1478 3499 1837 3561 διδασκάλους

280 3589 381 3656 τῆς
429 3590 753 3658 οἰκουμένης
807 3589 1084 3659 ζωγρῆσαι
1125 3588 1389 3653 σπεύδων,
1427 3590 1474 3642 οἳ
1535 3592 1713 3642 ἐκεῖσε
1774 3591 1852 3644 δι·

282 3675 495 3744 έτριὸον
517 3694 530 3708 ·
553 3676 703 3730 ἔτιδὲ
727 3677 816 3729 καὶ
837 3675 1170 3746 προφητείαν
1191 3677 1427 3745 πληρῶν*
1448 3679 1507 3733 Ἡ
1536 3683 1851 3744 Γαλιλαία,

282 3773 436 3840 φησὶ,
461 3771 580 3824 τῶν
605 3770 815 3837 ἐθνῶν,
849 3773 881 3824 ὁ
910 3769 1062 3838 λαὸς
1095 3773 1128 3825 ὀ
1159 3771 1492 3840 καθήμενος
1527 3773 1596 3825 ἐν
1623 3774 1848 3839 σκότει,

283 3863 451 3916 ἰδέτω
480 3863 605 3930 φῶς

353 3955 559 4025 Πέτρου
591 3955 683 4008 καὶ
725 3953 975 4024 Ἀνδρέου
990 3953 1184 4025 κλῆσις
1209 3954 1432 4025 δευτέρα
1460 3951 1527 4026 ἦν
1558 3957 1622 4027 ἢν
1655 3958 1850 4011 dbia:-

283 4051 432 4113 θαῖος
457 4051 604 4118 λέγει
633 4064 645 4077 ·
673 4052 700 4104 ὁ
731 4051 829 4120 μὲν
862 4049 970 4120 γὰρ
1018 4049 1270 4119 Ἰωάννης
1314 4052 1498 4119 φησιν,
1550 4051 1630 4103 ὅτι
1683 4050 1755 4103 Ού
1771 4070 1851 4103 πω

284 4145 571 4215 βληθέντος
600 4146 658 4197 ἐν
687 4147 750 4215 τῇ
785 4145 998 4215 φυλακῇ
1043 4143 1137 4196 τοῦ
1177 4143 1424 4196 Ἰωάννου
1486 4145 1794 4214 προσῆλθον
1832 4161 1846 4176 ·

283 4241 519 4295 ἐνταῦθα
545 4240 600 4293 δὲ
630 4241 767 4309 μετά
793 4239 852 4292 τδ
901 4239 1234 4309 ἐμϐληθῆναι
1271 4239 1431 4292 αὐτόν
1465 4255 1480 4271 ο
1517 4241 1675 4291 κακεῖ
1708 4239 1804 4307 μὲν
1825 4240 1852 4290 ὁ

293 4334 551 4403 Ἀνδρέας
567 4334 721 4387 καλεῖ
739 4334 829 4386 τὸν
855 4333 1079 4404 Πέτρον,
1107 4331 1340 4387 ἐνταῦθα
1371 4333 1428 4387 δὲ
1461 4333 1800 4403 ἀμφοτέρους
1825 4334 1852 4385 δ

282 4427 514 4497 Χριστός
549 4440 566 4456 ·
594 4426 731 4478 ὥστε
769 4424 1020 4496 δεύτερον
1045 4420 1208 4496 ἦλθον
1270 4425 1406 4494 πρὸς
1448 4423 1702 4496 Χριστόν.
1754 4425 1852 4478 Διὰ

281 4522 335 4575 τί
361 4522 500 4592 μετὰ
532 4521 633 4590 τὴν
671 4519 896 4589 πρώτην
925 4520 1139 4590 κλῆσιν,
1173 4519 1251 4582 εἰς
1273 4519 1372 4589 τὴν
1419 4521 1624 4570 οἰκείαν
1655 4521 1846 4589 τέχνην
1878 4553 1928 4611 D

283 4609 587 4679 ἐπανῆλθον
617 4610 803 4674 mihi);
833 4609 931 4662 Διὰ
952 4609 1012 4662 τὸ
1036 4609 1127 4662 τὸν
1168 4608 1417 4677 Ἰωάννην
1447 4609 1524 4669 εἰς
1569 4608 1850 4675 δεσμωτή-

286 4717 402 4771 ριον
448 4699 706 4752 εἰσελθεῖν
738 4716 751 4731 ·
809 4699 941 4763 τέως
997 4697 1355 4768 συγχυθέντες
1410 4696 1708 4767 εἴρχθησαν
1758 4696 1850 4748 τοῦ

291 4791 522 4846 σκοποῦ.

369 4883 456 4934 Ἐν
481 4884 599 4943 ταῖς
638 4881 880 4951 πρώταις
904 4881 1220 4952 θεραπείαις
1249 4881 1358 4934 τῶν
1380 4881 1553 4951 δχλων
1583 4882 1669 4935 διὰ
1699 4882 1755 4934 το
1780 4882 1854 4951 μὴ

288 4976 481 5041 πεῖραν
504 4972 791 5025 δεδωκέναι
820 4975 917 5042 τῆς
942 4971 1104 5025 αὑτοῦ
1146 4973 1429 5042 δυνάμεως
1459 4989 1469 4999 ·
1505 4973 1676 5034 ἄλλως
1717 4989 1774 5024 τε
1798 4973 1854 5024 δὲ.

287 5064 380 5116 καὶ
409 5062 470 5115 τὸ
499 5062 685 5131 πόῥρω
712 5063 906 5126 αὐτοὺς
941 5063 1194 5133 ἔρχεσθαι
1226 5063 1463 5116 ἐδείκνυε
1504 5064 1600 5133 τὴν
1638 5063 1845 5115 πίστιν.

883 5172 1132 5226 ΚΕΦΑᾹ.
1179 5170 1254 5224 Ε’.

371 5286 512 5351 Τοὺς
540 5285 763 5353 ὄχλους
787 5284 929 5338 ἰδὼν
953 5283 1135 5350 ἀνέϐη
1149 5287 1232 5349 εὶς
1252 5286 1323 5338 τὰ
1352 5285 1478 5352 ὄρη.
1515 5287 1611 5338 Διὰ
1638 5288 1688 5338 τί
1710 5303 1722 5349 ;
1758 5288 1854 5340 Διὰ

290 5380 350 5430 τὸ
370 5376 688 5445 ἀφιλότιμον
723 5374 814 5426 καὶ
839 5373 1190 5442 ἀκόμπαστον
1219 5372 1487 5425 παιδεύων
1510 5374 1656 5443 ἡμᾶς
1691 5373 1854 5442 μηδὲν

288 5470 426 5539 πρὸς
455 5467 711 5530 ἐπίδειξιν
741 5468 933 5520 ποιεῖν.

357 5561 456 5612 Διὰ
481 5561 535 5612 τί
563 5561 901 5630 πρόσκειται,
927 5561 1008 5614 ὅτι
1052 5560 1324 5626 Ἀνοίξας
1340 5559 1404 5614 τὸ
1442 5561 1634 5627 στόμα
1673 5559 1855 5613 αὑτοῦ

288 5652 611 5706 ἐδίδασκεν
639 5653 896 5718 αὑτούς;
937 5653 1052 5705 Ἵνα
1100 5653 1361 5722 μάθωμεν
1411 5653 1491 5705 ὅτι
1546 5653 1638 5704 καὶ
1688 5652 1856 5718 σιγῶν

290 5745 569 5796 ἐπαίδευεν
599 5747 816 5809 αὐτοὺς,
848 5745 959 5797 ἀλλ’
988 5744 1048 5797 οὐ
1077 5745 1254 5796 λαλῶν
1285 5745 1464 5810 μόνον.

367 5838 478 5889 Ηύκ
514 5840 565 5890 ὲν
599 5838 747 5903 τάξει
801 5839 1173 5907 παραινέσεως
1205 5838 1237 5905 ἢ
1280 5836 1586 5908 συμϐουλῆς
1639 5837 1814 5898 sisit?~
1842 5858 1846 5882 ε

1954 3334 2051 3373 nes
2092 3317 2298 3385 fugere.
2343 3315 2460 3369 Non
2510 3316 2656 3369 enim
2700 3317 2856 3384 culpa
2905 3325 2988 3368 est
3039 3316 3278 3382 seipsum
3310 3329 3417 3366 non
3467 3313 3520 3367 in

1955 3411 2284 3462 teutationes
2342 3406 2636 3474 conjicere,
2665 3405 2759 3460 sed
2791 3405 2877 3458 ubi
2913 3405 3172 3459 inciditur
3235 3420 3342 3457 non
3379 3415 3524 3457 stare

1956 3501 2204 3553 viriliter.
2236 3498 2428 3551 Adhuc
2469 3506 2647 3551 autem
2678 3497 2970 3564 magistros
2995 3497 3142 3549 orbis
3173 3497 3262 3563 qui
3309 3497 3395 3549 hic
3430 3496 3525 3548 dc-

1954 3591 2175 3659 gebaut,
2207 3588 2273 3641 ad
2305 3603 2363 3642 se
2387 3586 2655 3640 adducere
2684 3601 2884 3640 curans
2914 3603 2931 3651 ;
2978 3587 3311 3653 prophetiam
3360 3584 3518 3638 etiam

1955 3679 2212 3747 implebat
2242 3695 2254 3730 :
2291 3675 2539 3740 Galilcca,
2569 3674 2766 3743 inquit,
2799 3676 3048 3744 gentimn,
3086 3675 3306 3742 populus
3332 3675 3420 3744 qui
3444 3689 3515 3726 δε-

1953 3772 2106 3825 debat
2140 3773 2193 3825 in
2230 3771 2476 3835 tenebris,
2509 3770 2634 3824 vidit
2664 3770 2830 3822 lucem
2858 3784 3121 3838 magnam.

2024 3961 2187 4016 Vens.
2225 3961 2312 4012 19.
2362 3958 2502 4013 Petri
2533 3969 2582 4010 et
2612 3957 2842 4011 Andrea:
2875 3954 3086 4007 voeatio
3134 3955 3372 4010 secunda
3422 3951 3527 4010 fuit

1952 4070 2114 4123 quam
2178 4051 2463 4106 Mattiacas
2519 4049 2669 4103 dicit.
2706 4049 2838 4103 Nam
2880 4048 3123 4103 Joannes
3177 4055 3364 4100 narrat
3429 4061 3525 4100 eos

1953 4141 2192 4193 nomium
2231 4139 2284 4191 in
2323 4152 2592 4192 carcerem
2638 4152 2806 4190 misso
2860 4135 3067 4190 Joanne
3095 4145 3309 4192 secutos
3369 4150 3525 4201 esse;

1955 4232 2043 4286 hic
2067 4240 2245 4283 autem
2271 4240 2390 4298 post
2412 4229 2559 4283 illius
2589 4244 2867 4283 carcerem
2900 4232 3117 4284 dicitur.
3154 4229 3268 4283 illic
3305 4228 3523 4298 quidem

1952 4325 2196 4379 Andreas
2252 4323 2469 4377 Petrum
2528 4333 2704 4387 vocat,
2754 4322 2840 4377 hic
2898 4335 3078 4376 autem
3131 4323 3322 4376 ambos
3368 4328 3526 4374 vocat

1953 4418 2224 4481 christus,
2282 4416 2354 4469 ita
2409 4423 2466 4468 ut
2518 4414 2758 4469 secundo
2807 4415 2872 4469 ad
2919 4415 3196 4469 Christum
3258 4413 3525 4466 venerint.

1953 4510 2219 4576 Cur,post
2247 4507 2472 4575 primam
2505 4507 2865 4570 vacationem,
2901 4507 2965 4558 ad
2999 4521 3148 4558 suam
3185 4516 3528 4559 artemexer—

1955 4601 2177 4655 ceudam
2212 4599 2409 4652 reversi
2447 4607 2571 4651 sunt
2605 4598 2836 4650 iterum?
2863 4598 2998 4662 Quia
3038 4597 3275 4651 Joannes
3336 4597 3386 4648 in
3432 4612 3526 4649 cu-

1957 4695 2184 4747 stodiam
2215 4691 2492 4760 conjectus
2519 4689 2717 4751 fuerat,
2759 4698 2887 4742 tunc
2918 4688 3230 4742 conturbati
3268 4704 3293 4739 ιι
3326 4701 3526 4757 prope)-

1957 4785 2060 4839 sito
2082 4782 2320 4836 deterriti
2352 4789 2526 4836 erant.

2027 4872 2189 4926 Vens.
2221 4873 2310 4927 9.3.
2365 4871 2420 4926 ln
2475 4873 2664 4942 primis
2702 4872 2980 4926 turbarum
3033 4870 3527 4931 sanationibtts,ne

1957 4971 2208 5038 probaret
2237 4984 2392 5022 suam
2420 4968 2754 5036 potentiam;
2793 4965 2948 5018 aliter
3006 4973 3188 5018 autem
3249 4963 3327 5015 illi
3396 4975 3521 5016 cum

1959 5062 2111 5128 longe
2143 5073 2500 5129 sequerentur
2530 5061 2687 5112 [idem
2725 5057 3109 5110 ostendebant.

2584 5165 2809 5220 CAPUT
2846 5164 2904 5217 V.

2031 5281 2188 5335 Vens.
2229 5282 2275 5333 l.
2303 5281 2488 5330 Vilicus
2514 5279 2695 5330 turbas
2713 5276 2941 5329 ascendit
2960 5276 3013 5326 in
3042 5285 3286 5326 montem.
3309 5275 3484 5336 Quane
3507 5283 3521 5296 "

1963 5372 2028 5426 L‘t
2059 5389 2149 5442 per
2173 5373 2312 5424 hanc
2345 5371 2520 5424 laudis
2558 5379 2610 5423 et
2639 5368 2907 5422 facundia:
2925 5365 3241 5434 despccmm
3297 5365 3517 5417 doceret

1960 5481 2059 5517 nos
2086 5464 2216 5516 nihil
2245 5463 2308 5514 ad
2343 5461 2765 5514 ostentationem
2795 5457 2994 5510 faCere.

2033 5555 2190 5608 Vens.
2222 5557 2276 5607 ‘2.
2301 5554 2410 5608 Cur
2449 5555 2685 5614 additur,
2730 5551 2974 5615 Aperiens
3022 5561 3076 5599 os
3117 5561 3271 5597 suum
3313 5543 3522 5594 docebat

1959 5651 2073 5701 eos?
2096 5649 2159 5700 [ι
2185 5648 2462 5699 discamus
2483 5646 2561 5698 vel
2592 5645 2840 5696 siienlcm
2867 5643 2986 5694 illos
3026 5638 3297 5699 docuisse,
3333 5645 3384 5687 et
3415 5650 3520 5686 Hui!

1962 5745 2266 5805 loquentem
2302 5740 2482 5792 tuo-.lu.
3041 5793 3043 5797 ι

2032 5835 2141 5887 Non
2202 5833 2596 5886 cxhorlatiom:
2674 5839 2759 5880 .iut
2825 5826 3039 5879 consilii
3097 5819 3512 5891 dispositionem
