4220 6432
761 357 901 423 1095

1471 356 1865 418 OPUSCULA
1904 356 2536 420 SCRIPTURISTICA
2572 356 2921 417 INCERTE
2959 356 3261 418 .ETATIS.

3873 355 4001 420 1096

755 490 873 541 pro.
905 470 982 527 Ne
1017 472 1251 543 primum
1289 468 1630 536 simulantes,
1663 469 1859 525 deinde
1880 482 1979 524 vos
2004 478 2059 525 et
2089 478 2324 524 vestram
2356 476 2401 532 Α

2356 476 2401 532 Α
2429 467 2544 533 τοῦ,
2587 469 2702 522 Ἵνα
2736 469 2811 540 μὴ
2860 469 3126 539 πρότερον
3165 467 3577 538 ὑποκριθέντες,
3627 468 3863 542 ὕστερον
3914 473 4003 523 καὶ

749 566 1055 619 doctrinam
1087 564 1383 619 invideant.

827 652 990 709 Vens.
1027 654 1076 707 7.
1107 652 1221 708 Cur
1252 659 1498 721 petentes
1522 664 1632 705 non
1661 648 1987 719 accipimus,
2010 659 2064 705 et
2087 664 2323 719 praeser-

754 747 849 800 tim
902 745 1117 815 quando
1169 742 1472 814 spiritualia
1531 743 1807 814 petimus?
1861 742 1998 810 Quia
2051 758 2158 796 non
2195 728 2359 796 cum.

755 838 920 891 inulta
954 837 1002 889 vi
1034 836 1299 905 pulsasti;
1336 843 1433 889 aut
1496 833 1721 889 omnino
1762 835 2015 905 indignus
2044 849 2104 889 es
2132 848 2321 888 eorum

752 944 873 997 quze
912 927 1137 996 petiisti,
1173 936 1269 981 aut
1297 925 1443 996 quod
1471 926 1723 981 celeriter
1751 934 1932 996 petere
1964 924 2214 981 cessasti.

831 1017 991 1072 Vsus.
1052 1019 1142 1073 M.
1182 1018 1466 1085 Quomodo
1522 1029 1810 1087 angustam
1863 1025 2071 1085 portam
2127 1024 2182 1069 et
2239 1030 2327 1069 ar-

752 1121 894 1165 c‘am
947 1120 1128 1176 vocat,
1165 1124 1291 1164 cum
1338 1108 1391 1162 in
1444 1108 1552 1162 alio
1575 1108 1697 1163 loco
1730 1109 1876 1163 dicat
1919 1107 2107 1176 jugum
2163 1121 2324 1159 suum

754 1217 919 1255 suave
956 1210 1010 1255 et
1057 1215 1198 1254 onus
1253 1199 1402 1255 leve?
1451 1199 1749 1270 Gregorius
1798 1200 1950 1270 prius
1998 1200 2065 1254 de
2118 1200 2328 1267 labore,

755 1293 1023 1361 posterius
1052 1290 1118 1345 de
1148 1305 1245 1361 spe
1274 1290 1687 1362 interpretatur.
1728 1289 1967 1345 Joannes
1996 1302 2177 1345 autem
2241 1306 2330 1345 so.

756 1383 905 1436 brios
934 1397 1034 1436 nos
1064 1398 1185 1437 esse
1208 1382 1365 1452 jubet
1394 1391 1449 1436 et
1478 1383 1690 1451 vigiles,
1724 1390 1780 1436 et
1809 1384 2010 1437 excitat
2040 1386 2329 1453 cogitatio-

754 1490 852 1528 nes
884 1484 1122 1539 nostras,
1162 1489 1230 1527 ne
1266 1482 1520 1543 tanquam
1558 1472 1773 1528 lacilem
1814 1488 2191 1543 aspernemur,
2232 1476 2329 1531 sed

757 1578 1019 1636 tanquam
1060 1577 1345 1636 angustam
1375 1566 1605 1621 viriliter
1644 1568 2046 1637 aggrediamur.

827 1656 995 1713 Vsus.
1015 1659 1105 1711 2|.
1131 1656 1253 1711 Non
1279 1658 1448 1711 cuntis
1476 1658 1565 1727 qui
1587 1657 1716 1711 dicit
1759 1659 1906 1723 mihi,
1945 1658 2186 1720 Domine,
2221 1658 2329 1712 Do-

758 1750 919 1809 mine.
970 1749 1191 1801 intrabit
1234 1750 1290 1802 in
1320 1764 1536 1818 regnum
1594 1748 1868 1813 caelorum,
1924 1751 2015 1803 sed
2058 1751 2147 1820 qui
2198 1751 2329 1819 facit

2425 561 2571 630 ὑμᾶς
2605 563 2698 614 καὶ
2727 560 2827 632 τὴν
2856 562 3075 631 διδαχὴν
3106 562 3533 633 κωμῳδήσωσιν.

2493 651 2593 705 Διὰ
2622 652 2676 704 τί
2703 654 2978 717 αἰτοῦντες
2999 654 3061 707 οὐ
3088 654 3436 725 λαμϐάνομεν
3462 694 3478 719 ,
3501 653 3595 708 καὶ
3614 654 3857 725 μάλιστα
3880 655 4006 707 ὅταν

2425 740 2774 810 πνευματικὰ
2804 743 3044 812 αἰτῶμεν
3071 760 3085 806 ;
3115 742 3238 795 ’Ότι
3266 744 3328 796 οὐ
3360 742 3499 813 μετά
3535 742 3774 807 σπουδῆς
3797 742 4002 812 πολλῆς

2426 832 2714 904 ἔκρουσας’
2735 834 2766 903 ἢ
2788 834 3005 898 πάντως
3030 834 3249 900 ἀνάξιος
3267 834 3341 888 ὢν
3364 835 3593 906 ᾔτησας,
3619 834 3653 906 ἢ
3680 836 3765 888 ὅτι
3789 837 4007 905 ταχέως

2425 924 2671 994 ἀπέστης
2708 926 2859 979 αἱτού
2867 944 3049 997 μενος.

2497 1015 2620 1079 Πῶς
2655 1017 2846 1087 στενὴν
2869 1016 2969 1087 τὴν
2993 1017 3168 1089 πύλην
3195 1017 3286 1073 καὶ
3311 1018 3678 1088 τεθλιμμένην
3705 1017 3921 1083 καλῶν,
3949 1016 4004 1068 ἐν

2425 1108 2569 1179 ἄλλῳ
2603 1109 2750 1176 λέγει
2781 1110 2873 1163 τὸν
2895 1110 3060 1178 ζυγὸν
3097 1110 3262 1165 αὑτοῦ
3291 1113 3524 1183 χρηστὸν
3561 1111 3655 1165 καὶ
3687 1110 3751 1164 τὸ
3778 1110 4005 1179 φορτίον

2427 1200 2696 1269 ἐλαφρόνς
2734 1203 2793 1256 Ὀ
2827 1203 2926 1273 μὲν
2950 1202 3251 1274 Γρηγόριος
3279 1203 3339 1257 τὸ
3369 1203 3469 1274 μὲν
3495 1203 3583 1256 διὰ
3606 1203 3697 1256 τὸν
3729 1204 3921 1263 πόνον,
3946 1202 4004 1253 τὺ

2426 1291 2481 1345 δὲ
2516 1290 2603 1343 διὰ
2632 1291 2731 1362 τὴν
2772 1293 2963 1346 ἐλπίδα
2992 1290 3169 1348 εἶπεν.
3210 1294 3463 1365 Ἰωάννης
3488 1294 3576 1357 δὲ,
3610 1296 3805 1363 νήφειν
3856 1295 4005 1363 ἡμᾶς

2429 1381 2865 1451 παρασκευάζων
2889 1383 2984 1436 καὶ
3007 1383 3387 1453 ἐγρηγορέναι,
3419 1384 3513 1436 καὶ
3539 1383 3824 1452 διεγείρων
3846 1383 4007 1452 ἡμῶν

2426 1472 2497 1527 τὰ
2530 1475 2874 1544 φρονήματα,
2907 1474 2992 1527 ἵνα
3024 1474 3100 1545 μὴ
3124 1475 3199 1538 ὼς
3224 1474 3446 1528 εὐκόλου
3476 1476 4005 1546 ιαταφρονήσωμεν,

2429 1562 2543 1617 ἀλλ’
2577 1565 2650 1626 ὡς
2676 1565 2889 1634 στενῆς,
2912 1565 3290 1635 ἀντεχώμεθα.

2500 1654 2595 1718 Τὸ,
2636 1658 2717 1710 Οὐ
2748 1653 2869 1722 πᾶς
2914 1658 2946 1709 ὀ
2979 1655 3179 1726 λέγων
3200 1674 3325 1725 μοι,
3368 1656 3573 1725 Κύριε,
3614 1657 3823 1724 Κύριε,
3885 1659 4009 1710 εισ-

2430 1744 2744 1798 ελεύσεται
2768 1747 2851 1810 εις
2879 1745 2995 1813 τὴν
3007 1743 3339 1810 ,βασιλείαν
3359 1744 3478 1798 τῶν
3493 1743 3789 1812 οὐρανῶν,
3812 1744 3957 1797 ἀλλ’
3976 1745 4008 1796 ὸ

756 1841 1077 1894 roluntatem
1156 1857 1346 1894 meam.
1420 1839 1585 1907 Quasi
1646 1828 1893 1907 diceret,
1956 1840 2075 1894 Non
2133 1824 2403 1896 sullicitB

2361 1824 2403 1881 Β
2432 1834 2621 1889 ποιῶν
2669 1835 2737 1889 τὸ
2791 1835 3022 1905 θέλημὰ
3073 1854 3230 1906 μου,
3286 1835 3407 1889 ἀντὶ
3463 1834 3595 1903 τοῦ,
3643 1836 3719 1888 υὺ
3771 1835 3859 1887 δεῖ
3909 1835 4006 1904 μό-

757 1945 964 1988 tantum
1000 1933 1157 1989 tidem
1219 1933 1454 2002 habere,
1494 1933 1588 1990 sed
1613 1943 1668 1989 et
1700 1949 1864 2005 opera
1947 1934 2033 2003 pia
2086 1934 2333 2004 proferre

754 2036 986 2094 oportet.

830 2115 996 2169 Vens.
1028 2114 1117 2170 22.
1183 2115 1295 2170 Etsi
1351 2115 1497 2170 enim
1550 2116 1796 2186 prodigia
1852 2118 2021 2170 multa
2079 2116 2329 2183 iecerint,

756 2207 953 2275 inquit,
993 2206 1115 2261 Non
1140 2208 1257 2261 novi
1295 2222 1408 2262 vos.
1438 2206 1524 2261 Fit
1554 2218 1733 2262 autem
1781 2207 1883 2262 hoc
1917 2224 1946 2261 a
2001 2207 2117 2262 s'ola
2158 2209 2330 2276 gratia

759 2300 1151 2354 benevolentia:
1198 2298 1319 2368 ejus
1367 2299 1462 2370 qui
1497 2299 1678 2365 dedit;
1735 2301 1877 2355 unde
1905 2309 1960 2355 et
1998 2300 2325 2355 condemua—
2367 2294 2371 2298 ’

760 2391 907 2444 tione
954 2399 1080 2444 sinit
1126 2390 1296 2460 digni.
1333 2391 1654 2461 Magnopere
1690 2392 1761 2445 ita
1795 2393 2042 2446 honorati
2073 2401 2133 2445 ut
2163 2392 2330 2446 vitam

760 2494 963 2535 rectam
998 2485 1403 2551 proﬁterentur,
1438 2484 1633 2551 ingrati
1672 2485 1796 2538 lacti
1851 2493 2061 2539 suntet
2095 2484 2327 2539 insensi-

760 2573 937 2639 biles;
1004 2584 1102 2629 aut
1146 2586 1366 2646 pr0pter
1409 2576 1727 2631 adeuntium
1769 2576 1925 2631 ﬁdem
1968 2575 2169 2631 factum
2209 2586 2332 2642 est;

761 2680 867 2719 non
898 2665 1043 2717 enim
1082 2672 1188 2729 est,
1212 2674 1269 2719 ut
1295 2666 1386 2719 alii
1434 2666 1886 2737 interpretantur,
1918 2667 2064 2737 quod
2095 2666 2330 2735 primum

760 2756 979 2824 quidem
1004 2756 1074 2809 ob
1111 2760 1278 2811 vitam
1326 2744 1530 2813 rectam
1581 2759 1861 2814 miraculis
1916 2759 2168 2813 honorati
2213 2758 2332 2812 fue-

763 2849 893 2907 rint.
940 2858 1129 2917 postea
1160 2857 1340 2903 autem
1406 2849 1722 2921 peccatores
1776 2848 1902 2905 lacti
1936 2850 2334 2906 condemnandi

761 2948 892 2992 Sint.

1342 3062 1567 3121 CAPUT
1601 3065 1736 3121 Vili.

2434 1945 2523 1982 νον
2566 1926 2749 1982 πίστιν
2796 1928 2973 1999 ἔχειν,
3023 1929 3161 1985 ἀλλὰ
3207 1932 3303 1985 καὶ
3342 1928 3480 2000 ἔργα
3516 1928 3714 1997 εὐσεϐῆ
3768 1927 4013 1998 προϐάλ-

2433 2018 2643 2073 λεσθαι.

2506 2113 2624 2167 Κᾶν
2657 2112 2766 2184 γὰρ
2799 2114 3021 2185 σημεῖα,
3056 2116 3211 2184 φησι,
3241 2113 3411 2167 πολλὰ
3442 2113 3689 2175 ποιῶσιν,
3728 2111 3854 2164 Οὐκ
3876 2105 4010 2162 οἶδα

2434 2205 2591 2275 ὑμᾶς
2614 2223 2627 2236 ⁸
2659 2206 2869 2274 γίνεται
2900 2206 2957 2261 δὲ
2989 2206 3149 2261 τοῦτο
3175 2208 3285 2261 ἀπὸ
3316 2208 3540 2277 χάριτος
3578 2204 3749 2275 μόνης
3774 2202 3877 2271 τῆς
3914 2200 4005 2252 τοῦ

2432 2298 2730 2362 δεδωκότος
2776 2300 3019 2369 δωρεᾶςο
3070 2299 3193 2353 ὅθεν
3231 2296 3451 2352 καὶτοῦ
3500 2296 3826 2361 κολάζεσθαί
3868 2297 4006 2345 εἰσιν

2435 2388 2606 2454 ἄξιον
2651 2391 2906 2460 περιττὸν
2960 2391 3133 2455 οὕτως
3178 2389 3501 2462 τιμηθέντες
3552 2389 3639 2441 ἵνα
3691 2388 3809 2457 βίον
3849 2385 4009 2454 ὀρθὸν

2436 2480 2830 2545 ἐπιδείξωνται,
2867 2480 3183 2551 ἀγνώμονες
3214 2481 3501 2549 γεγόνασιν
3535 2479 3629 2532 καὶ
3663 2476 4007 2544 ἀναίσθητοι·

2436 2571 2469 2643 ἢ
2504 2573 2594 2626 διὰ
2636 2573 2737 2643 τὴν
2779 2572 2888 2626 τῶν
2920 2573 3374 2645 προσερχομένων
3413 2572 3593 2625 πίστιν
3619 2586 3634 2599 ·
3664 2569 3725 2621 οὐ
3768 2568 3904 2634 γὰρ,
3934 2565 4010 2627 ὥς

2435 2661 2616 2732 ἕτεροι
2665 2662 2957 2727 ὑπέλαϐον,
2992 2665 3170 2729 ἔστιν,
3201 2664 3284 2718 ὅτι
3323 2662 3589 2734 πρότερον
3625 2661 3726 2730 μὲν
3753 2658 3821 2711 δι’
3852 2658 4011 2727 ὀρθὸν

2440 2751 2552 2823 βίον
2604 2752 3169 2827 ὲϐαυματούργησαν,
3225 2754 3451 2826 ὕστερον
3484 2753 3541 2806 δὲ
3586 2752 4012 2822 ἁμαρτήσαντες

2437 2844 2953 2914 κατακριθήσονται.

3027 3064 3276 3117 ΚΕΦΔΛ.
3338 3065 3419 3118 ﬂ'.

831 3185 999 3242 Vens.
1052 3188 1107 3244 3.
1152 3189 1324 3259 Cujus
1371 3190 1449 3244 rei
1502 3206 1669 3246 causa
1728 3192 2003 3262 leprosum
2060 3179 2408 3251 mundansc

2364 3179 2408 3236 (ἶ
2511 3192 2670 3255 Τίνος
2716 3190 2877 3263 χάριν
2911 3191 3189 3262 καθαίρων
3234 3191 3326 3244 τὸν
3370 3189 3572 3261 λεπρὸν
3600 3188 3746 3258 λόγῳ
3771 3188 4011 3256 ἐπέθηκε

763 3281 930 3333 verbo
969 3297 1190 3335 manum
1221 3282 1466 3338 extendit
1492 3284 1516 3338 ?
1548 3284 1617 3339 Ut
1655 3286 1976 3347 ,ostenderet
2003 3300 2062 3341 se
2090 3304 2199 3341 non
2235 3289 2336 3357 legi

765 3372 1017 3433 subesse,
1056 3373 1147 3426 sed
1170 3388 1424 3441 prmesse,
1450 3384 1505 3430 et
1536 3376 1670 3429 nihil
1715 3391 1853 3447 puro
1889 3378 2163 3449 impurum
2190 3396 2334 3434 esse.

762 3462 846 3517 Ob
879 3463 979 3519 hoc
1016 3464 1244 3518 Eliszeus
1287 3464 1529 3521 Naaman
1562 3483 1670 3522 non
1718 3470 1873 3535 vidit,
1934 3487 2159 3527 servans
2208 3472 2340 3544 legis

772 3553 1031 3623 rigorem,
1062 3555 1223 3625 cujus
1247 3571 1441 3615 servus
1468 3568 1611 3624 erat,
1636 3575 1746 3616 non
1774 3561 2056 3618 dominus.

841 3737 1011 3793 Vens.
1044 3741 1098 3795 4.
1132 3739 1421 3806 Quomodo
1471 3742 1559 3799 hic
1602 3742 1799 3815 jubens
1844 3754 1899 3801 ut
1953 3747 2156 3802 nemini
2195 3749 2340 3804 dic-at

767 3833 1119 3893 miraculum,
1160 3833 1298 3889 alias
1340 3842 1401 3889 ut
1432 3834 1620 3889 dicant
1661 3835 1856 3905 jubet?
1888 3837 1985 3891 llic
2024 3840 2241 3901 quidem
2283 3850 2340 3894 ut

766 3925 899 3975 vitet
928 3925 1283 3991 jactationem
1312 3933 1366 3980 et
1406 3942 1601 3981 vanam
1631 3927 1858 3998 gloriam
1884 3946 1899 3994 ;
1934 3929 2045 3984 illic
2071 3940 2250 3985 autem
2282 3941 2341 3986 ut

773 4032 869 4067 nos
902 4024 1087 4083 gratos
1118 4016 1285 4071 Iaciat
1317 4018 1565 4074 videntes
1591 4030 1643 4075 et
1679 4029 1925 4076 curatos.

841 4108 1020 4172 Quare
1064 4109 1232 4178 legem
1284 4110 1449 4165 modo
1486 4113 1797 4179 conﬁrmat,
1831 4114 1975 4168 velut
2019 4130 2142 4169 cum
2183 4116 2339 4181 dicit,

774 4198 1001 4253 Ostende
1034 4212 1081 4254 te
1112 4203 1397 4271 sacerdoti,
1432 4206 1595 4260 modo
1632 4206 1812 4273 solvit,
1847 4216 1923 4271 ul,
1962 4206 2107 4261 Tolle
2144 4210 2340 4278 graba-

773 4301 881 4339 mm
929 4300 1074 4343 tuum
1103 4302 1152 4345 et
1188 4294 1424 4358 ambula,
1469 4295 1522 4349 in
1568 4295 1807 4352 Sabbato
1844 4298 1951 4352 tale
1979 4301 2186 4369 agens?
2228 4298 2342 4355 lloc

772 4377 990 4442 quidem
1034 4388 1091 4431 ut
1121 4382 1309 4449 gratiae
1340 4382 1513 4452 legem
1563 4384 1911 4452 introducat,
1950 4387 2081 4441 illud
2127 4404 2256 4443 vero
2283 4398 2342 4443 ut

2440 3284 2540 3354 τὴν
2570 3286 2762 3353 χεῖρας
2800 3284 2917 3338 Ἵνα
2948 3284 3098 3355 δείξῃ
3125 3285 3207 3337 ὅτι
3235 3284 3331 3352 οὐχ
3373 3282 3658 3335 ὑπόκειται
3691 3282 3871 3351 νόμῳ,
3895 3276 4014 3335 ἀλλ’

2441 3376 2735 3436 ἐπίκειται,
2770 3376 2865 3429 καὶ
2897 3374 2979 3427 ὅτι
3004 3374 3080 3442 τῷ
3109 3372 3331 3441 καθαρῷ
3363 3371 3515 3423 οὐδὲν
3555 3369 3865 3440 ἀκάθαρτον
3888 3386 3905 3401 °
3929 3368 4015 3420 διὰ

2440 3468 2599 3521 τοῦτο
2664 3467 2968 3528 Ἐλισσαῖος
3023 3466 3143 3518 οὐδὲ
3193 3463 3339 3533 ἑώρα
3389 3463 3479 3515 τὸν
3517 3461 3778 3529 Νεεμάν,
3826 3459 4015 3528 τηρῶν

2441 3558 2534 3612 τοῦ
2569 3558 2754 3629 ,νόμου
2790 3560 2889 3629 τὴν
2940 3557 3249 3628 ἀκρίϐειαν,
3298 3556 3380 3608 ὅτι
3414 3553 3597 3618 δοῦλος
3648 3549 3741 3623 ἦν,
3784 3553 3905 3607 ἀλλ’
3950 3553 4011 3604 οὐ

2441 3648 2729 3717 δεσπότης.

2514 3740 2640 3803 Πῶς
2669 3735 2770 3794 ὦδε
2802 3738 3040 3793 κελεύων
3073 3736 3263 3809 μηδενὶ
3312 3738 3484 3790 εἰπεῖν
3512 3735 3574 3788 τδ
3610 3732 3819 3804 θαῦμα,
3849 3733 4015 3787 ἀλλα-

2442 3832 2540 3903 χοῦ
2592 3831 2806 3885 κελεύει
2855 3833 3066 3896 εἰπείνς
3110 3823 3237 3882 Ὧδε
3293 3830 3391 3898 μὲν
3429 3828 3518 3880 διὰ
3550 3828 3611 3879 τὸ
3658 3827 4015 3895 ἁκόμπαστον

2440 3925 2538 3978 καὶ
2573 3922 2919 3988 άκενόδοξον,
2971 3923 3088 3975 ἐκεῖ
3121 3920 3176 3974 δὲ
3222 3920 3309 3973 δεὰ
3351 3918 3411 3972 τὸ
3454 3917 3809 3987 εὐγνώμονας
3869 3916 4014 3986 ἡμᾶς

2443 4010 2581 4069 εἶναι
2613 4016 2738 4078 τοὺς
2766 4014 3007 4083 ὁρῶντας
3036 4014 3128 4066 καὶ
3158 4012 3429 4073 ἱαῦέντας.

2518 4107 2620 4160 Διὰ
2645 4106 2699 4160 τί
2729 4107 2859 4159 ποτὲ
2891 4105 2988 4174 μὲν
3021 4104 3220 4175 ἐκύρου
3249 4104 3340 4157 τὸν
3379 4102 3563 4172 νόμον,
3594 4100 3669 4163 ὡς
3696 4098 3780 4162 τὸ,
3809 4098 4017 4161 Δεῖξον

2444 4200 2662 4255 ἑαυτὸν
2689 4199 2769 4264 τῷ
2798 4197 2974 4266 ἱερεῖο
3004 4197 3135 4250 ποτὲ
3186 4196 3242 4250 δὲ
3294 4196 3527 4264 ἀναιρεῖ,
3563 4193 3639 4255 ῶς
3683 4187 3877 4258 'Apor
3914 4192 4016 4241 τὸν

2444 4289 2775 4357 κράσὸατόν
2804 4307 2921 4342 σου
2968 4286 3066 4340 καὶ
3107 4284 3435 4353 περιπάτει,
3475 4285 3533 4335 ὲν
3566 4281 3826 4351 σαϐϐάτῳ
3861 4280 4017 4331 τοῦτο

2445 4379 2650 4445 ποιῶν;
2682 4378 2852 4430 Τοῦτο
2883 4377 2982 4447 μὲν
3010 4376 3268 4429 ὁδοποιῶν
3295 4375 3362 4428 τὰ
3386 4374 3487 4443 τῆς
3509 4373 3755 4443 χάριτος.
3782 4371 3944 4424 τοῦτο
3963 4371 4015 4423 δὲ

774 4461 1090 4520 ,Ιιιιιωοι-ιιιη
1143 4481 1335 4525 contra
1362 4486 1422 4526 se
1452 4472 1736 4528 audaciam
1771 4485 1826 4531 et
1856 4474 2094 4532 furorem
2143 4478 2342 4532 identi-
2374 4516 2419 4541 ,ς

2374 4516 2419 4541 η
2446 4473 2547 4541 τὴν
2577 4470 2697 4524 κατ’
2731 4472 2897 4523 αὑτοῦ
2936 4469 3045 4522 τῶν
3106 4467 3375 4521 Ἰουδαίων
3420 4466 3627 4535 τόλμαν
3670 4467 3767 4517 καὶ
3816 4464 4015 4534 μανίαν

771 4557 894 4609 dem
928 4568 1209 4628 temperet.

848 4647 1011 4703 Vens.
1041 4651 1091 4705 8.
1148 4652 1431 4721 Centurio,
1480 4658 1635 4724 quia
1684 4657 1939 4715 Mattliteo
1986 4671 2341 4727 memoratur,

775 4741 917 4796 idem
947 4754 1021 4797 est
1052 4760 1115 4799 ac
1145 4745 1234 4800 ille
1264 4749 1358 4817 qui
1409 4752 1553 4818 apud
1605 4751 1847 4821 Lucam;
1898 4754 1993 4825 qui
2044 4770 2171 4810 vero
2199 4758 2341 4828 apud

773 4830 1038 4889 Joannem
1069 4840 1320 4893 centurio
1347 4842 1485 4896 alter
1516 4850 1618 4896 est.

851 5020 1017 5079 Vens.
1070 5024 1156 5078 ιο.
1203 5024 1518 5083 Morborum
1554 5027 1803 5100 plerique
1826 5043 1855 5083 a
1884 5031 2122 5100 peccatis
2158 5033 2347 5088 oriun-

778 5122 888 5166 tur.

856 5204 1017 5260 Vnus.
1040 5208 1150 5262 Cur
1176 5209 1446 5267 dicentem
1474 5212 1743 5280 Scribam,
1781 5214 1986 5287 Sequar
2008 5226 2057 5270 te
2090 5233 2348 5285 quocum-

779 5312 877 5363 que
919 5298 1063 5359 ieris,
1100 5314 1205 5353 non
1236 5303 1491 5372 excepit?
1522 5302 1675 5370 Quod
1704 5307 1927 5375 putabat
1975 5307 2349 5369 curationibus

779 5388 1081 5455 ditescere;
1126 5392 1287 5446 verba
1332 5405 1510 5449 autem
1562 5396 1682 5465 ejus
1719 5413 1826 5453 non
1872 5400 2175 5454 aversantis
2200 5409 2347 5464 sunt,

781 5482 871 5533 sed
906 5484 1378 5552 repreliendentis.

859 5573 1022 5629 Vens.
1056 5578 1146 5632 2|.
1176 5579 1281 5645 Qui
1308 5580 1463 5644 dicit,
1503 5580 1761 5636 Permitte
1794 5581 2204 5643 tnilzi,Dominc.
2236 5583 2350 5649 pri-

783 5681 924 5719 mum
957 5668 1052 5730 ire,
1083 5678 1127 5720 et
1153 5671 1371 5739 sepelire
1394 5683 1597 5739 patrem
1627 5689 1819 5736 meum,
1848 5682 2098 5741 acceptus
2130 5673 2347 5741 quidem

784 5771 886 5825 est,
928 5761 1021 5816 sed
1050 5776 1154 5815 non
1211 5765 1544 5833 permissus;
1588 5764 1680 5822 sed
1711 5766 1879 5821 audiit
1911 5784 1923 5820 :
1962 5766 2173 5820 Dimitte
2210 5782 2347 5816 mor-

2371 4516 2420 4575 Β

2447 4566 2582 4624 τέως
2613 4562 2897 4632 κοιμίζων.
3047 4622 3069 4639 Α

2534 4655 2593 4707 '0
2643 4654 3040 4725 ἑκατόνταρχος
3079 4653 3108 4705 ὁ
3154 4650 3304 4721 παρὰ
3355 4648 3617 4717 Ματθαίῳ
3680 4644 4008 4717 μνημονευό-

2450 4765 2612 4820 μενος
2636 4790 2651 4813 ,
2679 4749 2707 4801 ὁ
2751 4747 2916 4809 αὐτός
2966 4748 3115 4799 ἐστιν
3144 4747 3172 4799 ό
3203 4743 3676 4815 μνημονευόμενος
3734 4740 3890 4808 ποιρά
3944 4737 4018 4805 τῷ

2444 4838 2662 4909 Λουκᾷ’
2698 4840 2726 4891 ὁ
2758 4837 2814 4890 δὲ
2843 4837 2993 4907 παρὰ
3017 4836 3094 4906 τῷ
3139 4836 3357 4906 Ἰωάννῃ
3388 4836 3782 4906 ἑκατόνταρχος
3823 4836 4009 4907 3:596;

2446 4932 2620 4984 ἔστιν.

2518 5022 2598 5076 Τὰ
2630 5021 2851 5077 πλείονα
2877 5021 2983 5077 τῶν
3006 5023 3329 5094 νοσημάτων
3358 5024 3468 5076 ἀπὸ
3490 5023 3913 5093 ἁμαρτημάτων
3939 5023 4018 5091 τε.

2447 5132 2617 5169 νεται.

2518 5205 2618 5260 Διά
2648 5207 2703 5261 τί
2730 5206 2809 5277 τῷ
2837 5206 3043 5260 εἰπόντι
3071 5204 3241 5274 αὐτῷ,
3284 5202 3708 5268 Ἀκολουθήσω
3738 5219 3836 5256 σοι
3869 5203 4019 5256 ὅπου

2448 5301 2559 5355 ἐὰν
2585 5300 2840 5370 ἀπέρχῃ,
2894 5299 2994 5352 οὐκ
3044 5297 3303 5363 ἱδὲξατος
3345 5298 3467 5350 Ὀτι
3520 5296 3773 5366 ἐνόμιζεν
3807 5299 3874 5348 ἐκ
3915 5299 4020 5348 τιῖν

2454 5395 2651 5447 ξάσεων
2681 5391 3117 5465 χρηματίζεσθαι
3138 5408 3153 5423 ο
3187 5391 3357 5445 ταῦτα
3387 5392 3441 5444 δὲ
3478 5394 3545 5443 τά
3577 5393 3795 5460 ῥήματα
3830 5392 3934 5444 οὐκ
3956 5386 4017 5460 ἦν

2451 5486 2924 5557 ἀποτρεπομένου,
2958 5484 3072 5537 ἀλλ’
3103 5483 3433 5552 ἐλέγχοντος.

2532 5580 2591 5631 Ὀ
2615 5578 2804 5640 εἰπὼν,
2823 5576 3183 5646 Ἐπίτρεψόν
3196 5593 3321 5645 μοι,
3356 5576 3551 5642 Κύριε,
3584 5573 3821 5641 ,πρῶτον
3840 5577 4008 5629 ἀπε-,ι-

2451 5672 2578 5725 θεῖν
2612 5671 2710 5723 καὶ
2751 5671 2937 5738 θάψαι
2972 5670 3077 5722 τὸν
3127 5668 3351 5735 πατέρα
3384 5684 3526 5735 μου,
3575 5667 3849 5737 ἀπεδέχθη
3903 5670 4016 5737 μὲν,

2456 5765 2555 5817 οἰκ
2614 5764 2901 5835 ἐπετράπη
2958 5761 3050 5815 δὲ’
3119 5760 3234 5815 ἀλλ’
3290 5761 3558 5830 ἣκουσεν·
3633 5761 3811 5827 ’Ἄρες
3884 5758 4011 5822 τοὺς
