4220 6432
192 416 327 476 1097

1179 408 1501 470 SCHOLIA
1540 406 1834 469 VETERA
1879 402 1957 462 [Ν
1999 403 2462 465 ΜΑΤΤΗᾸΞΠΜ.

3291 406 3427 469 1098

189 530 443 597 νεκροὺς
490 528 674 596 θάψαι
710 526 846 591 τοὺς
904 525 1132 580 ἑαυτῶν
1173 528 1425 593 νεκρούς
1451 542 1462 554 ·
1501 524 1664 590 ἔδειξε
1700 525 1754 579 δέ
1788 530 1830 587 Α

1788 530 1830 587 Α
1860 534 1976 577 tuos
2009 525 2225 593 seprlire
2255 533 2487 576 mortuos
2524 537 2666 573 suos.
2710 516 2960 575 Ostendit
2999 530 3178 576 autem
3204 536 3297 590 per
3326 528 3424 577 hoc

189 622 278 673 διὰ
312 619 504 671 τούτου
534 620 615 670 ὃτι
644 620 671 670 ὁ
695 618 866 669 εἰπὼν
891 612 956 687 ἦν
983 617 1203 679 πιστὸς,
1244 618 1273 668 ὁ
1298 617 1353 668 δέ
1390 615 1552 667 αὑτοῦ
1580 616 1759 685 πατὴρ

191 709 259 782 ἦν
312 716 373 763 ἐκ
426 710 533 762 τῶν
594 710 873 762 ἀπίστων·
926 708 1015 762 διὰ
1071 708 1225 761 τοῦτο
1284 706 1437 761 εἶπεν
1495 707 1757 779 νεκροὺςο

195 802 431 855 ἐκώλυσε
481 801 536 853 δὲ
588 799 751 852 αὑτὸν
790 799 851 851 οὑ
904 802 1002 869 τὴν
1052 801 1131 863 εἰς
1178 801 1305 862 τοὺς
1365 798 1761 868 γεγεννηκότας

200 894 358 963 τιμὴν
398 893 637 957 κωλύων,
668 892 801 945 ἀλλὰ
838 892 911 961 μὴ
953 894 1221 962 προτιμᾷν
1252 895 1423 945 ταῦτα
1467 892 1574 945 τῶν
1602 889 1764 959 οὐρα-

196 987 344 1037 νίων.

284 1075 603 1128 Ἐκάθευδεν
634 1077 662 1127 ὀ
703 1072 905 1143 Κύριος
949 1073 1309 1139 οἰκονομικῶς
1345 1074 1402 1123 ἐν
1444 1071 1520 1141 τῷ
1571 1071 1760 1139 πλοίῳ,

195 1169 298 1219 οὐκ
336 1167 545 1233 ἀγνοῶν
572 1166 632 1217 τὸ
675 1164 868 1234 μέλλον
916 1164 1184 1231 γίνεσθαι,
1225 1164 1324 1215 οὐκ
1362 1163 1639 1215 ἀδυνατῶν
1665 1164 1763 1233 τὴν

198 1260 422 1327 εἰρήνην
452 1256 751 1327 βραϐεῦσαι
775 1272 789 1285 ·
814 1256 974 1317 εἰδὼς
996 1256 1051 1307 δὲ
1074 1255 1370 1323 μέλλουσαν
1400 1255 1765 1322 ταράσσεσθαι

203 1350 306 1418 τὴν
368 1348 663 1407 θάλασσαν,
716 1345 856 1399 κατὰ
892 1345 985 1397 δύο
1023 1347 1201 1408 αἰτίας
1238 1345 1513 1407 ἐκάθευδε,
1547 1347 1632 1397 ἵνα
1672 1348 1767 1397 καὶ

195 1441 259 1491 τὸ
311 1439 508 1508 σαθρὸν
563 1439 663 1505 τῆς
714 1438 1087 1507 ὀλιγοπιστίας
1140 1438 1246 1489 τῶν
1289 1437 1545 1506 μαθητῶν
1591 1438 1649 1489 ἐν
1689 1436 1766 1507 τῷ

198 1530 427 1599 χειμῶνι
476 1529 746 1600 διελέγξῃ.
777 1528 957 1581 καὶτὸ
985 1528 1209 1581 δυνατὸν
1244 1528 1341 1597 τῆς
1379 1527 1631 1598 θεότητος
1671 1528 1764 1580 αὑ-

198 1624 292 1674 τοῦ
325 1622 570 1692 ἐναργῶς
601 1619 961 1689 ἐπιδείξηται.

274 1713 379 1764 Τὸν
411 1712 574 1780 φοϐον
604 1713 663 1765 οὐ
688 1713 749 1764 τὸ
774 1713 883 1764 τῶν
917 1711 1240 1780 πειρασμῶν
1282 1712 1422 1781 μέγα
1456 1710 1766 1781 ἐργάζεται,

202 1805 343 1856 ἀλλὰ
377 1806 436 1855 τὸ
480 1807 577 1874 τῆς
607 1805 845 1866 διανοίας
888 1803 1085 1873 σαθρὸν
1111 1819 1124 1833 ⁸
1174 1804 1261 1856 διὰ
1316 1805 1471 1857 τοῦτο
1502 1807 1770 1875 συγχωρεῖ

200 1897 641 1961 κλυδωνίζεσθαι.
679 1896 765 1948 ἴνα
805 1898 1009 1965 ποιήσῃ
1050 1895 1143 1950 καὶ
1176 1897 1374 1957 αὐτοὺς
1425 1899 1772 1967 πιστοτέρους

198 1988 287 2040 διὰ
314 1986 405 2039 τοῦ
433 1987 709 2055 θαύματος
730 2002 745 2017 ο
779 1988 839 2038 οὐ
872 1987 981 2055 γὰρ
1008 1986 1181 2048 οὕτως
1210 1986 1277 2037 τὰ
1311 1987 1417 2038 τῶν
1445 1986 1620 2040 ἄλλων
1644 1987 1774 2041 θαύ-

202 2096 373 2149 ματα,
406 2080 528 2131 ὅσον
558 2080 624 2131 τὰ
654 2079 743 2133 ἐπ’
776 2078 1008 2140 ἐκείνοις
1038 2078 1311 2148 διήγειρεν
1342 2078 1561 2141 αὐτούς.

275 2260 340 2314 τί
374 2265 489 2315 ἐστι
518 2260 894 2330 τὸλεγόμενον
940 2260 1044 2313 ὑπὸ
1072 2260 1181 2313 τῶν
1216 2261 1510 2331 δαιμόνων,
1562 2254 1775 2328 Ἦλθες

203 2356 319 2422 πρὸ
373 2354 579 2421 καιροῦ
621 2354 958 2417 ,βασανίσαι
984 2350 1180 2422 rustic;
1226 2353 1496 2423 Ἀοράτως
1534 2354 1641 2407 ἀπὸ
1676 2358 1776 2426 τῆς

205 2446 373 2499 αὑτοῦ
407 2446 709 2515 παρουσίας
774 2446 1075 2515 ἐπάσχοντο
1104 2447 1152 2497 οἱ
1182 2445 1433 2515 δαίμονες
1456 2461 1469 2475 ·
1506 2447 1620 2514 πρὸ
1648 2464 1775 2503 και·-

194 2537 313 2607 ροῦ
348 2539 403 2590 δὲ
433 2538 701 2606 λέγουσιν,
738 2538 813 2600 ὼς
858 2537 1058 2600 εἰδότες
1096 2537 1177 2590 ὅτι
1229 2538 1479 2607 μέλλουσι
1512 2539 1604 2592 καί
1642 2555 1774 2593 ποτε

206 2630 563 2700 κολασθῆναι.
601 2631 663 2683 Αἰ
697 2629 868 2699 ψυχαὶ
906 2629 1013 2681 τῶν
1051 2629 1277 2682 δικαίων
1313 2630 1372 2680 ἐν
1401 2632 1543 2700 χειρὶ
1595 2628 1732 2683 Θεοῦ
1756 2645 1774 2664 ⁶

206 2723 265 2772 αἱ
296 2721 351 2771 δὲ
385 2721 492 2771 τῶν
544 2720 757 2773 ἀσεϐῶν
804 2721 903 2772 οὐκ
934 2722 992 2771 ἐν
1030 2721 1329 2788 μνήμασιν,
1374 2718 1449 2780 ὼς
1487 2720 1536 2770 οἱ
1588 2718 1778 2773 πολλοὶ

206 2811 479 2878 λέγουσιν.
512 2812 628 2863 ἀλλ’
661 2811 907 2864 ἐντεῦθεν
958 2811 1157 2871 εὐθέως
1189 2810 1525 2877 ἀπάγονται·
1560 2811 1652 2863 καὶ
1679 2810 1777 2881 δῆ-

207 2904 301 2955 λον
330 2903 436 2956 ἀπὸ
465 2901 560 2955 τοῦ
596 2902 848 2972 Λαζάρου
884 2903 978 2955 καὶ
1011 2901 1107 2953 τοῦ
1148 2899 1406 2952 πλουσίου
1434 2915 1447 2929 ⁸
1484 2901 1579 2953 καὶ
1610 2900 1777 2953 ἀλλα-

207 2994 332 3065 χοῦ,
388 2994 656 3063 Σήμερον
702 2993 816 3059 τὴν
846 2991 1057 3061 ψυχήν
1101 3004 1218 3044 σου
1252 2990 1613 3045 ἀπαιτοῦσιν
1659 2990 1777 3045 ἀπὸ

206 3085 349 3138 σοῦ.
404 3088 512 3155 Οὐχ
559 3080 669 3138 οἷον
698 3103 759 3137 τε
804 3080 896 3137 οὖν
947 3084 1126 3153 ψυχὴν
1176 3081 1496 3149 ἐξελθοῦσαν
1548 3082 1778 3135 ἐνταῦθα

1864 615 2014 668 illum
2047 616 2139 684 qui
2186 613 2404 667 dicebat
2456 613 2766 667 credentem
2822 612 3013 677 fuisse,
3052 623 3260 682 patrem
3301 631 3427 669 vero

1862 706 1980 776 ejus
2009 721 2039 761 e
2076 721 2185 759 non
2235 704 2601 760 credentibus.
2655 704 2782 758 Ideo
2836 703 2967 758 dicit
3015 719 3110 758 cos
3162 716 3426 758 mortuos.

1865 798 2151 853 Prohibuit
2216 804 2399 849 autem
2441 810 2587 861 eum,
2640 813 2746 850 non
2804 797 3063 850 honorem
3099 797 3149 848 in
3181 807 3434 865 parentes

1868 901 2075 955 vetans,
2109 889 2201 944 sed
2237 904 2304 943 nc
2340 887 2428 941 illa
2456 888 2771 944 caelestibus
2801 887 3112 943 anteferret.

1939 1076 2100 1130 Vens.
2137 1076 2225 1129 24.
2261 1073 2573 1130 Dormiehat
2608 1072 2867 1127 Dominus
2895 1089 2921 1124 ιι
2949 1072 3227 1144 pr0posito
3258 1074 3309 1127 in
3338 1090 3435 1127 na-

1866 1169 2064 1231 viculn,
2120 1184 2224 1221 non
2266 1167 2525 1236 ignorans
2561 1164 2705 1235 quod
2756 1164 2869 1220 ﬁeri
2921 1166 3172 1231 debebat,
3221 1176 3276 1221 et
3325 1182 3433 1219 nun

1868 1259 2045 1328 impar
2074 1274 2259 1328 pacem
2289 1257 2669 1327 componendi.
2694 1255 2881 1312 Sciens
2914 1267 3092 1312 autem
3124 1259 3433 1327 agitandum

1868 1365 1990 1403 esse
2039 1364 2210 1412 mare,
2250 1350 2322 1403 ob
2350 1365 2548 1404 causas
2582 1350 2722 1405 duas
2752 1349 3078 1415 dormiebat,
3108 1361 3165 1403 ut
3191 1350 3439 1404 debilitas

1870 1442 2003 1496 levis
2032 1441 2426 1511 discipulorum
2471 1440 2592 1494 fidei
2624 1440 2676 1493 in
2707 1449 3027 1510 tempestate
3071 1440 3434 1495 confundere-

1870 1542 1987 1595 tur,
2036 1542 2088 1585 ct
2131 1534 2371 1601 potentia
2434 1530 2736 1586 divinitatis
2788 1530 2909 1601 ejus
2949 1532 3125 1600 palam
3185 1533 3441 1586 ostende-

1871 1638 2043 1679 TCIUI‘.

1945 1719 2109 1773 Vens.
2148 1718 2238 1773 25.
2278 1716 2551 1771 Timorem
2583 1732 2693 1772 non
2724 1715 3042 1784 magnitudo
3078 1715 3437 1769 tcntationum

1874 1810 2023 1877 facit,
2048 1810 2141 1865 sed
2171 1810 2370 1863 mentis
2396 1809 2744 1864 imbecillitas
2777 1826 2789 1861 :
2818 1807 2939 1861 ideo
2964 1807 3218 1862 ﬂuctibus
3244 1806 3439 1879 agitari

1875 1918 1933 1957 se
1962 1901 2244 1972 permittit,
2280 1910 2337 1954 ut
2363 1914 2457 1955 eos
2481 1900 2767 1955 credentes
2796 1899 2966 1968 magis
2994 1914 3088 1965 per
3112 1898 3440 1953 miraculum

1874 1994 2107 2059 eﬂiciat;
2160 2008 2263 2047 non
2305 1993 2449 2047 enim
2501 2002 2710 2046 tantum
2753 1990 3059 2061 patrata-in
3098 1990 3221 2045 aliis
3276 1990 3442 2043 mira-

1873 2086 2016 2149 cula,
2069 2093 2333 2155 quantum
2368 2085 2420 2138 in
2469 2084 2601 2152 ipsis
2655 2091 2806 2153 gesta
2861 2082 2959 2137 hos
3002 2082 3247 2137 excitare
3285 2087 3442 2151 pote-

1877 2186 2017 2231 l‘atot.

1950 2268 2112 2322 Vens.
2156 2268 2249 2323 29.
2280 2266 2420 2333 Quid
2447 2276 2534 2322 est
2559 2267 2705 2338 quod
2732 2280 2762 2321 a
2791 2265 3076 2323 daemoniis
3103 2264 3305 2321 dictum
3337 2272 3442 2332 est,

1885 2361 2083 2417 Venisti
2133 2370 2253 2414 ante
2287 2370 2485 2428 tempus
2532 2368 2770 2429 torquere
2803 2358 2934 2412 nos?
2982 2356 3332 2412 lnvisibiliter
3369 2372 3441 2410 ex

1876 2451 1999 2521 ejus
2029 2451 2316 2520 praesentia
2346 2448 2615 2503 daemonia
2645 2447 2991 2519 patiebantur
3016 2464 3031 2508 ;
3073 2454 3198 2502 ante
3229 2455 3445 2516 tempus

1876 2543 2083 2605 dicunt,
2142 2543 2323 2597 sciunt
2370 2557 2430 2596 se
2470 2541 2603 2594 olim
2661 2539 2915 2607 castigari
2967 2538 3185 2592 debere.
3237 2537 3446 2591 Animae

1872 2634 2145 2703 justorum
2195 2634 2248 2687 in
2286 2648 2453 2687 manu
2502 2630 2618 2697 Dei,
2675 2631 2964 2699 impiorum
3017 2636 3199 2683 autem
3249 2626 3445 2682 anima!

1877 2741 1985 2779 non
2030 2725 2083 2780 in
2135 2724 2527 2789 monumentis,
2578 2732 2637 2776 ut
2680 2722 2861 2788 plures
2909 2721 3119 2787 dicunt,
3175 2720 3267 2776 sed
3320 2718 3445 2774 inde

1876 2815 2162 2871 cenfestim
2196 2816 2549 2878 auferuntur;
2583 2823 2637 2867 et
2666 2820 2810 2883 patet
2841 2811 2895 2866 in
2919 2808 3128 2866 Lazaro
3151 2818 3206 2866 et
3232 2810 3443 2877 divite;

1877 2915 1931 2961 et
1961 2907 2119 2969 alias,
2167 2903 2341 2959 Hodie
2393 2907 2630 2957 animant
2689 2914 2836 2957 tuam
2887 2913 3173 2973 repetenta
3204 2913 3273 2957 te.
3321 2902 3439 2958 Non

1878 2998 2139 3069 possibile
2172 3008 2253 3053 est
2301 2998 2465 3067 igitur
2508 2997 2745 3051 animam
2784 3011 3056 3067 egressam
3098 2995 3185 3050 hic
3230 3010 3439 3057 erraro,

1879 3103 1970 3147 aut
2002 3092 2055 3146 in
2094 3106 2239 3157 aere,
2278 3098 2336 3145 ut
2373 3090 2583 3153 dicunt,
2634 3102 2778 3152 esse,
2805 3087 2899 3142 scd
2940 3087 2993 3143 in
3024 3086 3157 3142 locis
3186 3086 3446 3142 deterrui-

211 3176 538 3237 πλανᾶσθαι,
572 3176 605 3247 ἢ
637 3177 695 3227 ἐν
735 3176 876 3246 ἀέρι,
920 3175 994 3238 ὡς
1027 3175 1308 3241 λέγουσιν,
1367 3168 1526 3237 εἶναι,
1578 3173 1689 3227 ἀλλ’
1719 3176 1777 3227 ἐν
1805 3209 1850 3265 C
1883 3187 2049 3239 mus,

208 3263 539 3333 ὡρισμένοις
572 3266 777 3326 τόποις.

297 3356 606 3424 ἰ’πήκουσι
636 3355 762 3418 τοὺς
792 3355 1051 3423 δαίμονας
1074 3354 1101 3405 ὁ
1129 3354 1330 3425 Κύριος
1350 3358 1443 3411 καὶ
1466 3358 1542 3418 εἰς
1566 3354 1778 3424 χοίρους

208 3452 577 3522 ἀπεπέμψατο
628 3452 845 3515 αὐτοὺς,
887 3451 1102 3521 πρῶτον
1132 3452 1232 3521 μὲν
1262 3451 1349 3505 ἵνα
1383 3450 1530 3521 δείξῃ
1561 3448 1781 3503 ὂτιοὺδέ

212 3545 356 3598 κατὰ
382 3544 580 3613 χοίρων
606 3543 816 3609 ἔχουσιν
840 3542 1106 3606 ἐξουσίαν,
1132 3542 1205 3613 μή
1231 3559 1283 3594 τι
1312 3558 1374 3609 γε
1405 3543 1545 3594 κατὰ
1575 3537 1783 3609 ἀνθρώ-

213 3652 338 3687 πων
362 3651 375 3663 ·
412 3636 603 3686 ἔπειτα
631 3634 717 3684 ῖνα
746 3633 796 3685 οἱ
830 3632 953 3696 τοὺς
994 3634 1192 3694 τόπους
1218 3632 1497 3695 οἰκοῦντες
1528 3630 1780 3701 μάθωσιν

212 3728 378 3781 αὑτὸν
409 3727 556 3787 ὅστις
615 3721 719 3795 ἦν’
769 3724 990 3775 ἄπιστοι
1025 3724 1131 3793 γὰρ
1179 3718 1345 3794 ἦσαν’
1380 3721 1473 3775 καὶ
1514 3722 1781 3775 δείκνυται

214 3818 376 3873 τοῦτο
407 3821 468 3871 ἐκ
498 3817 588 3871 τοῦ
625 3818 807 3883 λέγειν
849 3816 1075 3878 αὐτοὺς,
1099 3816 1180 3866 ὃτι
1214 3816 1469 3867 "Aetatis
1499 3812 1617 3866 ἀπὸ
1664 3812 1784 3866 τῶν

212 3912 397 3979 ὁρίων
447 3909 637 3977 ήμῶν.
699 3910 801 3960 Διὰ
830 3906 988 3959 τοῦτο
1018 3906 1074 3959 δὲ
1104 3907 1229 3968 τοὺς
1260 3906 1473 3975 χοίρους
1506 3904 1711 3957 ἀνεῖλον
1732 3904 1784 3956 οι

211 4002 486 4071 δαίμονες,
516 4002 600 4052 ἵνα
633 4001 753 4061 τοὺς
777 3996 1186 4067 ἀνθρώπουςείς
1204 3997 1441 4065 ἀθυμίαν
1470 3995 1745 4065 ἐμϐάλωσι
1765 4011 1780 4025 ·

216 4091 492 4161 πανταχοῦ
525 4092 634 4161 γὰρ
668 4089 946 4159 χαίρουσιν
985 4090 1076 4140 ἐπὶ
1105 4090 1222 4150 ταῖς
1264 4087 1568 4156 συμφοραῖς
1606 4086 1782 4155 ἡμῶν.

818 4213 1067 4269 ΚΕΟΔΛ.
1110 4212 1189 4266 Θ’.

300 4346 367 4398 'll
426 4345 523 4414 μὲν
567 4341 815 4411 Βηθλεέμ
861 4342 1092 4411 ἧνεγκεν
1155 4339 1318 4392 αὑτὸν
1382 4338 1787 4408 παροδευὼτων

213 4438 325 4491 τῶν
397 4437 633 4503 γονέων*
689 4436 723 4503 ἡ
774 4432 832 4485 δὲ
903 4430 1156 4503 Ναζαρὲθ
1234 4429 1497 4500 ἔθρεψενο
1577 4428 1786 4481 ἐκεῖθεν

1954 3366 2118 3420 Vens.
2150 3361 2240 3417 32.
2267 3359 2558 3417 Exaudivit
2582 3358 2842 3414 Dominus
2869 3358 3142 3414 daemones
3163 3358 3291 3413 etin
3319 3373 3445 3429 por-

1882 3474 1979 3512 cos
2011 3456 2281 3520 immisit;
2317 3454 2494 3525 primo
2521 3452 2742 3522 quidem
2779 3464 2837 3506 ut
2865 3452 3176 3507 ostendeuet
3207 3467 3303 3507 eos
3338 3468 3444 3505 non

1884 3551 1937 3604 in
1964 3562 2157 3619 porcos
2180 3556 2496 3616 potestatem
2525 3545 2749 3609 habere,
2782 3558 2955 3613 neque
2986 3543 3148 3598 ullam
3186 3546 3239 3597 in
3269 3544 3447 3597 homi-

1882 3657 2014 3704 nes;
2036 3639 2233 3693 deinde
2259 3637 2573 3692 utlocorum
2609 3636 2799 3690 incola:
2827 3636 3098 3690 discerent
3118 3635 3244 3704 quis
3264 3644 3443 3698 esset;

1884 3747 1990 3785 non
2028 3732 2312 3784 credentes
2348 3727 2493 3781 enim
2523 3735 2701 3781 erant.
2738 3727 2807 3781 Et
2834 3726 3035 3780 indicat
3060 3726 3133 3789 id,
3175 3727 3325 3795 quod
3356 3726 3444 3779 isti

1882 3825 2091 3885 dicunt,
2120 3833 2180 3876 ut
2226 3821 2484 3875 transiret
2514 3835 2543 3872 a
2572 3820 2777 3873 (inibus
2814 3832 3025 3872 eorum.
3082 3817 3209 3872 Ideo
3251 3832 3445 3885 porcos

1881 3914 2223 3971 abstulerunt
2252 3914 2546 3976 dwoues,
2573 3921 2631 3966 ut
2658 3910 2907 3966 homines
2931 3912 2984 3964 in
3014 3908 3445 3980 desperationem

1886 4004 2219 4072 conjicerent
2247 4019 2261 4056 :
2288 4016 2412 4057 nam
2444 4016 2659 4071 semper
2690 4000 2743 4056 iu
2782 4001 2986 4056 nostris
3032 4001 3446 4055 adt'ersitatibus

1886 4093 2139 4163 gaudeuL

2482 4212 2710 4269 CAPUT
2755 4213 2847 4269 ιχ.

1955 4345 2115 4401 Vsus.
2152 4346 2202 4399 l.
2234 4344 2505 4399 Bethleem
2538 4343 2754 4412 quidem
2788 4343 2996 4413 peperit
3022 4356 3171 4408 eum,
3211 4342 3449 4411 parenti-

1886 4438 1989 4492 bus
2018 4438 2119 4491 iter
2150 4436 2504 4498 facieutibus;
2530 4434 2795 4489 Nazareth
2823 4448 2952 4486 vero
2981 4433 3257 4498 educavit,
3320 4433 3447 4486 inde

215 4533 329 4600 γὰρ
374 4532 422 4581 ot
476 4529 689 4595 γονείς’
728 4528 761 4595 ἡ
801 4524 859 4577 δὲ
902 4524 1277 4593 Καπερναοὺμ
1335 4519 1479 4591 εἶχεν
1532 4521 1784 4574 οἰκοῦντα
1814 4539 1862 4599 ι)

1781 4561 1784 4571 ι
1814 4539 1862 4599 ι)
1886 4530 2032 4582 enim
2060 4535 2215 4581 erant
2239 4532 2528 4596 parentes;
2554 4533 2608 4578 et
2637 4521 3020 4593 Capharuaum
3058 4522 3291 4577 incolam
3323 4536 3447 4576 eum

215 4622 499 4693 διηνεκῶς.

303 4717 363 4766 ’0
398 4714 495 4783 μὲν
526 4710 800 4771 Ματθαῖος
840 4707 968 4776 περὶ
1008 4706 1100 4759 τοῦ
1131 4703 1499 4775 παραλυτικοῦ
1533 4703 1786 4771 λέγειὸτι

220 4808 562 4879 προσέφερον
620 4802 779 4855 αὐτόν
800 4817 812 4829 ·
848 4803 895 4852 οἱ
925 4800 981 4853 δέ
1012 4800 1161 4855 ἄλλοι
1209 4801 1291 4852 ὅτι
1324 4798 1418 4851 καὶ
1446 4796 1542 4867 τὴν
1591 4797 1787 4863 στέγην

220 4898 567 4963 διατεμόντες
607 4892 857 4961 καθῆκαν
913 4892 1093 4944 αὐτόν.
1155 4889 1352 4959 Ἀληθῆ
1403 4887 1494 4941 οῦν
1540 4887 1607 4940 τὰ
1656 4887 1785 4940 δύο*

219 4996 438 5065 πρῶτον
475 4992 572 5061 μὲν
606 4988 1011 5057 ἀπεστέγασαν,
1047 4980 1165 5037 εἶτα
1207 4983 1442 5052 πλήθους
1489 4982 1635 5042 ὄντος
1662 4980 1789 5047 περὶ

221 5089 409 5151 αὑτὸν,
437 5086 842 5154 προσήνεγκαν.

294 5178 590 5237 Εἰπόντων,
628 5176 723 5237 Τίς
756 5170 1008 5223 δύναται
1038 5165 1273 5235 ἀφιέναι
1305 5164 1592 5233 ἁμαρτίας
1621 5164 1670 5215 εἰ
1699 5161 1786 5230 μὴ

214 5272 403 5342 μόνος
434 5270 466 5320 ό
498 5267 671 5330 Cede;
700 5262 860 5324 αὐτὸς
890 5261 1102 5321 δεικνὺς
1134 5258 1271 5309 κατὰ
1298 5256 1389 5309 τὸν
1419 5256 1572 5323 λόγον
1612 5255 1790 5306 αὐτῶν

219 5368 300 5417 ὅτι
324 5362 454 5422 Θεός
486 5363 622 5421 ἐστι,
651 5356 797 5423 λέγει
820 5370 833 5384 ·
865 5355 923 5405 Τί
945 5351 1114 5404 ἐστιν
1133 5347 1556 5414 εὐκολώτερον,
1579 5347 1788 5410 εἰπεῖν,

216 5453 557 5539 ΙἈφέωνταί
592 5466 729 5510 σου.
779 5447 817 5514 ἡ
846 5444 1055 5505 ειπεῐν.
1099 5439 1274 5511 Ἆρον
1313 5442 1420 5493 τὸν
1465 5441 1793 5507 κράϐαττόν

226 5556 345 5603 σου
380 5545 475 5598 καὶ
512 5540 855 5611 περιπάτει;
892 5539 957 5589 Ὃ
985 5536 1042 5589 δὲ
1076 5536 1245 5602 λέγει,
1281 5532 1519 5586 τοιοῦτόν
1548 5533 1697 5583 ἐστι·
1726 5529 1791 5583 Τί

224 5644 371 5695 δοκεῖ
400 5636 618 5691 εὔκολον
648 5635 777 5703 ὑμῖν
804 5627 963 5690 εἶναι,
996 5630 1055 5680 τὸ
1084 5628 1303 5696 σφίγξαι
1329 5623 1787 5695 παραλελυμένον,

223 5734 257 5804 ἢ
292 5732 468 5800 ψυχῆς
515 5726 883 5797 ἁμαρτήματα
930 5721 1123 5785 λῦσαι;
1156 5716 1390 5788 Εῦδηλον
1428 5717 1508 5769 ὅτι
1542 5716 1794 5785 ἁμαρτή-

227 5842 374 5898 ματα
401 5821 577 5874 λῦσαι.
620 5816 759 5870 Ἀλλ’
795 5814 980 5882 ἐπειδὴ
1006 5812 1066 5864 τὸ
1096 5812 1193 5880 μὲν
1212 5810 1433 5878 ἀφανὲς,
1459 5808 1517 5860 τὸ
1546 5808 1599 5860 δὲ
1626 5824 1792 5876 φανε-

543 5914 809 5975 ΡΑτιιοι..
856 5910 973 5969 (3n.
1004 5906 1157 5969 CVI.

1888 4618 2076 4674 habuit
2104 4626 2388 4687 perpetuo.

1961 4709 2122 4763 Vsus.
2158 4708 2214 4762 2.
2248 4708 2532 4761 Mattheus
2563 4706 2628 4759 de
2672 4703 2970 4774 paralytico
3014 4704 3147 4757 dicit
3192 4704 3336 4772 quod
3369 4701 3453 4755 of-

1890 4802 2134 4858 ferebant
2164 4816 2287 4852 eum
2315 4818 2329 4864 ;
2360 4800 2452 4853 alii
2485 4808 2665 4852 autem
2718 4797 2859 4865 quod
2899 4805 3099 4851 tectum
3139 4806 3451 4866 rumpentes

1890 4894 2039 4948 illum
2067 4889 2405 4960 proferrent;
2442 4904 2628 4943 verum
2685 4888 2846 4957 igitur
2877 4898 2960 4941 est
2990 4897 3313 4956 utrumque;
3344 4888 3453 4957 pri-

1892 4999 2037 5037 mum
2069 4980 2287 5052 quidem
2328 4996 2425 5047 per
2455 4988 2654 5033 tectum
2692 4978 3051 5041 demiserunt,
3081 4976 3297 5041 deinde,
3328 4992 3450 5031 cum

1891 5074 2180 5129 multitudo
2204 5073 2358 5141 juxta
2391 5070 2578 5125 Jesum
2616 5081 2784 5133 esset,
2834 5070 3167 5125 obtulerunt.

1963 5165 2126 5218 Vens.
2172 5163 2224 5217 5.
2258 5160 2571 5216 Dicentibus
2622 5161 2750 5222 illis,
2793 5159 2924 5225 Qui:
2979 5168 3147 5228 potest
3195 5160 3455 5213 remittere

1891 5266 2101 5328 peccata
2133 5256 2231 5308 nisi
2263 5254 2406 5308 solus
2436 5254 2617 5308 Deus?
2650 5254 2762 5323 ipse
2796 5253 3088 5307 ostendens
3114 5268 3177 5307 cx
3214 5251 3451 5320 ipsorum

1893 5364 2141 5405 sermone
2177 5364 2234 5403 sc
2263 5346 2431 5401 Deum
2464 5360 2607 5410 esse,
2640 5345 2811 5398 dicit:
2847 5342 2987 5409 Quid
3014 5351 3091 5395 est
3121 5341 3336 5410 facilius
3366 5341 3455 5394 dt-

1894 5459 2025 5507 σει-ε,
2059 5441 2410 5494 Dimittuntur
2460 5438 2574 5501 tibi,
2615 5452 2685 5488 an
2717 5436 2913 5500 dicere,
2973 5432 3119 5487 Tolle
3173 5432 3455 5503 grabatum

1896 5542 2041 5584 tuum
2070 5540 2116 5584 et
2147 5528 2403 5581 ambula?
2434 5525 2588 5593 Quod
2621 5535 2801 5579 autem
2836 5523 2989 5588 dicit,
3018 5522 3126 5579 tale
3161 5531 3280 5577 est:
3312 5520 3457 5587 Ouid

1895 5624 2107 5677 videtur
2136 5619 2291 5673 vobis
2321 5617 2479 5673 facile
2507 5632 2650 5682 esse,
2684 5616 3045 5687 paralyticum
3072 5612 3363 5684 stringere,
3388 5628 3457 5667 an

1896 5716 2089 5770 anima
2115 5721 2336 5782 peccata
2364 5709 2611 5765 solvere?
2638 5708 2949 5777 Patetquod
2974 5714 3195 5777 peccata
3224 5707 3458 5761 solvere.

1901 5808 2005 5862 Sed
2036 5805 2294 5875 quoniam
2346 5807 2448 5859 hoc
2475 5801 2695 5871 quidem
2749 5799 3039 5863 invisibile,
3091 5797 3223 5853 illud
3279 5809 3459 5851 autem

2998 5895 3081 5959 35
