4220 6432
796 389 931 454 1099

1515 384 1901 461 ODUSCULA
1950 382 2575 442 SCRIPTUIHSTICA
2616 384 2960 447 INCERTJE
2995 387 3302 448 .‘ETATIS.

3911 389 4040 448 1100

790 506 1000 559 visibile
1045 514 1147 569 est,
1185 502 1447 557 minorem
1481 518 1594 565 rem
1632 518 1865 570 expono,
1900 511 1959 555 ut
1994 503 2165 569 maior
2192 510 2242 553 et
2279 502 2363 553 ιιι·
2395 509 2435 562 Α

2395 509 2435 562 Α
2470 501 2584 569 ρον,
2619 503 2952 573 προστίθημι
2973 505 3035 556 τὸ
3062 504 3510 574 καταδεέστερον,
3531 504 3615 558 ἵνα
3646 503 3704 557 τὶ
3732 502 3927 574 μεῖζον
3956 506 4044 556 καὶ

790 599 1017 652 visibilis
1044 596 1317 651 credatur.

858 688 1024 743 Vens.
1056 689 1106 740 9.
1144 686 1465 742 insidiantes
1497 686 1712 749 evitans
1746 700 1854 740 non
1886 695 2129 739 moratur
2164 684 2354 738 iisdem

788 778 942 843 locis,
980 780 1069 831 sed
1106 776 1417 848 freqiteuter
1460 779 1713 832 imtnutat
1740 820 1753 843 ,
1805 778 1987 833 odium
2032 787 2089 831 ιιι
2141 774 2356 831 facilius

808 872 1044 924 daretur.

808 889 1044 924 ιιιιῡριιιγ.

788 889 803 942 Ι
862 961 1022 1015 Vens.
1064 960 1148 1013 ll.
1186 956 1472 1013 Matthzrus
1509 959 1870 1028 publicanus,
1912 956 2003 1026 qui
2033 964 2087 1010 et
2119 969 2354 1026 evange-

786 1054 930 1116 .ista,
964 1053 1215 1119 ingressu
1243 1050 1445 1105 Christi
1472 1051 1797 1113 honoratus,
1820 1062 2013 1101 omnes
2032 1046 2354 1117 publicanos

785 1142 1123 1197 convocavit.

859 1233 1024 1288 Vens.
1059 1234 1145 1286 15.
1186 1231 1310 1285 Ideo
1340 1228 1530 1282 dicunt
1575 1227 1833 1283 Phariszei
1864 1226 2149 1297 discipulis
2184 1244 2197 1279 :
2232 1225 2352 1279 Ma-

786 1325 944 1392 gister
970 1331 1135 1374 vester
1165 1321 1365 1372 amicus
1392 1318 1795 1384 publicanorum
1819 1327 1869 1371 et
1896 1326 2224 1386 peccatorum
2253 1325 2350 1382 est,

787 1417 1023 1470 volentes
1046 1422 1290 1468 avertere
1318 1412 1437 1466 illos
1459 1413 1527 1466 ab
1553 1426 1637 1465 eo.

855 1598 1019 1653 Vens.
1059 1597 1142 1651 ιι.
1190 1595 1368 1660 Quare
1407 1592 1637 1648 Joannis
1681 1590 1985 1663 discipulos
2029 1592 2352 1662 objicientes

783 1691 925 1759 quod
954 1689 1073 1758 ejus
1113 1686 1365 1756 discipuli
1403 1700 1511 1763 non
1548 1683 1899 1754 jejunarent,
1940 1698 2048 1737 non
2083 1685 2353 1754 vituperat

785 1790 843 1835 ut
871 1796 1004 1834 vane
1034 1779 1325 1849 gloriosos,
1361 1776 1453 1832 sed
1478 1775 1663 1845 sponsi
1682 1774 1991 1843 exemplum
2024 1776 2134 1829 illis
2164 1776 2352 1830 allcrt?

2465 593 2667 661 ἀφανὲς
2695 593 2980 665 πιστευθῇ.

2547 682 2839 738 Ἐκκλενων
2868 685 2997 748 τοὺς
3026 683 3497 747 ἐπιϐουλεύοντας,
3521 683 3620 736 οὐκ
3646 683 3904 751 ἐπιμένει
3938 684 4046 744 τῶς

2462 775 2669 839 τόποις,
2705 776 2842 830 ἀλλὰ
2876 776 3047 847 συχνὰ
3082 777 3493 847 μετανίσταται,
3523 774 3699 837 διδοὺς
3729 774 4046 844 ὑποχωρεῖν

2463 867 2556 921 τὸν
2582 867 2799 936 φθόνον.

2548 956 2606 1010 '0
2638 957 2915 1020 Ματθαῖος
2940 955 3178 1027 τελώνης
3202 996 3217 1018 ,
3245 954 3304 1017 δς
3351 954 3446 1008 καὶ
3476 951 3881 1021 εὐαγγελιστὴς
3914 953 4046 1004 καλ-

2461 1047 2832 1118 λωπιζόμενος
2850 1050 2915 1119 τῇ
2939 1049 3129 1118 εἰσόδῳ
3144 1046 3402 1120 Χριστοῦ,
3424 1046 3632 1109 πάντας
3647 1045 3776 1105 τοὺς
3799 1042 4045 1107 τελώνας

2463 1140 2839 1195 συνεκάλεσεν.

2530 1233 2628 1286 Διά
2671 1232 2830 1286 τοῦτο
2875 1232 3126 1300 λέγουσιν
3167 1233 3217 1287 οἱ
3262 1233 3546 1303 Φαρισαῖοι
3580 1233 3695 1296 τοῖς
3733 1231 4043 1302 μαθηταῖς,

2460 1323 2541 1376 ὃτι
2569 1323 2621 1375 Ὀ
2642 1321 3012 1388 διδάσκαλος
3039 1323 3209 1391 ὑμῶν
3230 1324 3409 1392 φίλος
3429 1323 3701 1376 τελωνῶν
3724 1325 3825 1377 καὶ
3854 1326 4043 1392 ἀμαι-

2461 1413 2663 1467 τωλῶν
2681 1416 2832 1480 ἐστι,
2858 1414 3174 1486 βουλόμενοι
3201 1415 3559 1485 ἀποχωρῆσαι
3588 1415 3790 1478 αὐτοὺς
3812 1417 3915 1469 ἀπ’
3948 1416 4045 1467 αύ-

2459 1503 2572 1556 τοῦ.

2531 1590 2689 1655 Τίνος
2712 1591 2901 1646 ἕνεκεν
2928 1594 3054 1656 τοὺς
3097 1595 3342 1649 Ἰωάννου
3376 1594 3627 1665 μαθητὰς
3666 1594 4039 1663 ἐγκαλοῦντας

2458 1682 2539 1736 ὅτι
2574 1684 2813 1755 μαθηταὶ
2848 1684 3011 1738 αὐτοῦ
3043 1686 3104 1737 οὐ
3135 1686 3521 1758 νηστεύουσιν,
3560 1687 3660 1740 οὐκ
3698 1689 3937 1757 ἐπιτιμᾷ
3965 1687 4039 1748 ὡς

2460 1771 2788 1838 κενοδόξους,
2815 1772 2948 1825 ἀλλὰ
2979 1774 3215 1843 νυμφίου
3243 1776 3546 1846 μέμνηταις
3572 1776 3687 1829 Ούκ
3714 1776 3953 1845 ἐπιτιμᾷ
3973 1774 4040 1828 δι’

783 1872 898 1927 Non
930 1874 1201 1941 vituperat
1246 1885 1340 1939 per
1380 1866 1894 1932 mansuetudinem;
1928 1882 2190 1938 sponsum
2225 1883 2352 1921 vero
2384 1871 2427 1928 Β

2384 1863 2796 1928 Βέπιείκειαν⁸
2851 1868 3086 1932 νυμφίου
3140 1863 3197 1917 δὲ
3260 1865 3534 1935 μέμνηται
3597 1867 4039 1936 ἀναμιμνήσκων

782 1963 1055 2033 proponit,
1082 1962 1188 2015 illis
1211 1961 1263 2014 iu
1290 1959 1606 2015 memoriam
1630 1971 1894 2012 revocans
1912 1957 2139 2013 Joannis
2167 1959 2349 2025 verba,

784 2070 908 2110 cum
962 2053 1100 2107 dixit
1147 2066 1159 2102 :
1199 2050 1302 2115 Qui
1338 2065 1584 2118 sponsam
1613 2047 1765 2102 habet
1800 2063 2023 2116 sponsus
2062 2058 2163 2102 est.
2195 2049 2351 2114 Quod

783 2155 959 2201 autem
992 2143 1123 2198 dicit
1156 2142 1261 2196 tale
1294 2152 1387 2196 est
1414 2158 1426 2194 :
1472 2138 1711 2207 Tempus
1746 2153 1924 2193 meum
1956 2148 2009 2193 et
2049 2154 2180 2193 mcze
2231 2142 2353 2196 vita)

782 2248 1017 2307 tempus,
1070 2235 1270 2290 laetitia:
1300 2243 1383 2288 est
1434 2233 1543 2288 illis
1592 2232 1849 2299 occasio;
1906 2231 2121 2286 venient
2168 2244 2346 2289 autem

780 2332 898 2387 dies
935 2328 1155 2400 quando
1185 2328 1253 2381 ab
1285 2326 1391 2381 illis
1424 2324 1705 2379 auferetur
1738 2338 1995 2393 sponsus.

851 2420 1019 2476 Vens.
1072 2420 1157 2474 Ni.
1209 2418 1351 2484 Quid
1399 2428 1484 2473 est
1514 2417 1658 2485 quod
1702 2418 1856 2483 dicit,
1905 2418 2072 2471 Nemo
2116 2419 2348 2472 immittit

780 2513 1178 2564 commissuram
1224 2509 1388 2579 panni
1440 2506 1588 2561 rudis
1644 2507 1700 2558 in
1745 2507 2109 2559 vestimentum
2160 2510 2349 2562 cetus?

779 2603 1030 2659 Ostendit
1058 2616 1164 2657 non
1202 2600 1376 2656 factos
1415 2614 1535 2655 esse
1571 2596 1777 2651 validos
1805 2598 1984 2653 adhuc
2013 2599 2345 2668 discipulos;

779 2706 835 2752 ct
870 2696 943 2749 ita
994 2695 1049 2748 in
1104 2694 1391 2764 praesentia
1437 2690 1612 2745 obviis
1658 2704 1764 2743 non
1819 2698 2029 2759 oportet
2067 2691 2347 2761 imponere

780 2794 1046 2855 prmcepta
1081 2796 1340 2837 ornet-osa.

850 2874 1017 2930 Vens.
1054 2875 1136 2927 Π.
1170 2872 1331 2928 Utres
1366 2882 1419 2927 et
1453 2874 1637 2927 viuu’m
1672 2873 1948 2945 proponit,
1989 2873 2249 2942 quoniam
2282 2872 2347 2927 de

781 2967 903 3036 gula
952 2979 1131 3020 sermo
1167 2974 1322 3030 erat;
1355 2963 1472 3018 ideo
1503 2964 1571 3017 ab
1620 2964 1811 3019 iisdem
1850 2964 2017 3036 sumit
2057 2964 2304 3033 exempla
2330 3001 2344 3026 ,

777 3066 832 3112 et
855 3055 1005 3126 quod.
1028 3054 1160 3108 nihil
1182 3064 1461 3109 austerum
1488 3055 1778 3124 praecipere
1801 3029 2042 3123 opor‘teat
2066 3069 2164 3109 nec
2187 3068 2346 3123 grave

779 3148 865 3203 his
895 3148 986 3220 qui
1018 3146 1301 3218 incipiunt.

856 3240 1016 3296 \‘eas.
1057 3241 1145 3294 20.
1210 3239 1318 3293 Cur
1370 3256 1474 3294 non
1506 3237 1678 3310 palam
1716 3236 2137 3294 hrcmorrhoissa
2163 3236 2345 3291 venit?
2372 3209 2416 3270 (ἶ

779 3335 934 3403 Quod
979 3334 1249 3401 impuram
1292 3348 1409 3385 esse
1444 3349 1501 3386 se
1548 3332 1771 3403 putabat
1813 3331 1883 3385 ob
1909 3324 2157 3397 'ﬂuxum;
2187 3320 2348 3400 atqu’e

778 3424 941 3480 etiam
960 3421 1102 3491 quod
1118 3422 1525 3475 convenientem
1544 3436 1649 3474 non
1673 3407 1907 3475 habebat
1927 3421 1993 3474 de
2013 3420 2103 3474 illo
2131 3421 2345 3489 opinio-

780 3529 925 3579 nem,
962 3527 1083 3566 nam
1121 3512 1285 3566 latere
1318 3527 1423 3566 non
1468 3519 1728 3579 putasset.
1754 3511 1847 3566 Ille
1883 3521 2063 3565 autem
2094 3525 2204 3565 non
2229 3526 2348 3580 per-

778 3604 930 3658 misit
955 3617 1073 3656 eam
1101 3603 1287 3661 latere,
1313 3611 1365 3655 ut
1399 3600 1631 3668 primum
1657 3600 1907 3654 timorem
1933 3599 2051 3666 ejus
2081 3601 2343 3665 solveret;

778 3694 1017 3750 set-uado
1052 3703 1109 3745 ut
1130 3693 1430 3760 corrigeret
1464 3707 1605 3757 eam,
1636 3691 1893 3760 quoniam
1931 3691 2098 3746 latere
2121 3701 2344 3760 putave-

778 3794 897 3850 rat;
926 3784 1084 3837 tertio
1115 3791 1173 3835 ut
1202 3782 1360 3835 tidem
1398 3781 1516 3849 ejus
1557 3781 1833 3850 publicam
1872 3766 2108 3847 faceret;
2149 3790 2345 3851 quarto

777 3886 980 3938 autem,
1007 3884 1063 3928 ut
1086 3873 1572 3941 archisyuagogum
1605 3873 1914 3927 credentem
1944 3871 2178 3927 ediceret
2200 3873 2343 3926 circa

776 3965 1231 4022 resurrectionem
1258 3964 1410 4027 tilia;
1449 3978 1573 4017 nam
1610 3972 1738 4017 tunc
1764 3962 1915 4017 illum
1944 3962 2046 4018 iste
2078 3963 2341 4033 implora-

777 4059 891 4111 Ital.

844 4150 1006 4204 Vens.
1046 4148 1135 4203 23.
1180 4145 1257 4203 Ne
1305 4147 1480 4203 latens
1527 4146 1953 4216 angustiaretur,
1992 4155 2135 4201 etut
2180 4144 2341 4200 ﬁdem

773 4241 1048 4311 publicam
1073 4239 1312 4304 faceret;
1347 4248 1400 4293 et
1428 4238 1680 4293 morbum
1711 4238 2072 4307 comprimere
2099 4251 2205 4291 non
2237 4237 2341 4290 mi-

776 4341 878 4379 nus
912 4333 995 4378 est
1023 4339 1181 4393 quam
1214 4326 1552 4395 perspicere.

843 4412 1011 4470 Vens.
1042 4415 1132 4469 25.
1174 4405 1248 4469 ne
1283 4415 1599 4470 tibicinibus
1630 4415 1684 4470 in
1716 4417 1880 4471 domo
1923 4416 2336 4487 archisynagogi
2367 4403 2381 4417 ’

2453 1955 2648 2016 αὐτοὺς
2677 1955 2788 2007 τῶν
2828 1955 3074 2013 Ἰωάννου
3111 1956 3412 2026 ῥημάτων,
3458 1957 3525 2010 δι’
3571 1951 3648 2011 ὧν
3688 1958 3880 2026 ἔλεγεν
3906 1974 3921 1988 ·
3977 1958 4039 2009 ’0

2452 2044 2608 2113 ἔχων
2630 2046 2745 2111 τὴν
2768 2046 3015 2115 νύμφην
3041 2048 3301 2117 νυμφίος
3329 2049 3520 2101 ἐστίν’
3550 2048 3579 2102 ὃ
3616 2050 3672 2102 δὲ
3700 2049 3857 2117 λέγει
3883 2090 3898 2111 ,
3930 2065 4037 2101 τοιο

2451 2137 2606 2191 οῦτόν
2648 2139 2816 2191 ἐστιν·
2859 2138 2917 2191 Ὀ
2944 2141 3134 2210 καιρδς
3164 2141 3193 2194 ὁ
3239 2141 3370 2211 ἐμὸς
3397 2141 3491 2195 καὶ
3520 2141 3625 2211 τῆς
3660 2142 3801 2211 ἐμῆς
3832 2141 4036 2208 διαγω-

2452 2229 2574 2300 γῆς,
2612 2231 2785 2300 χαρᾶς
2834 2231 2983 2282 ἐστιν
3023 2232 3204 2295 αὐτοῖς
3255 2234 3558 2298 ὑπόθεσις·
3607 2234 3930 2287 ἐλεύσονται
3977 2232 4035 2287 δὲ

2451 2322 2652 2392 ἡμέραι
2698 2323 2823 2375 ὅταν
2852 2321 2948 2375 ἀπ’
2983 2324 3163 2377 αὐτῶν
3189 2325 3331 2396 ὀρθῇ
3365 2328 3392 2380 ὁ
3426 2328 3682 2397 νυμφίος.

2522 2415 2588 2467 Τί
2618 2416 2767 2468 ἐστιν
2791 2417 2818 2468 ὃ
2850 2418 3019 2486 λέγει,
3046 2416 3128 2470 ὅτι
3154 2417 3365 2484 Οὐδεὶς
3394 2416 3705 2472 ἐπιϐάλλει
3729 2420 4033 2487 ἐπίϐλημα

2442 2505 2663 2573 ῥάκους
2702 2508 2976 2577 ἀγνάφου
3013 2509 3113 2562 ἐπὶ
3152 2509 3360 2578 ἱματίῳ
3406 2507 3672 2574 mutum;
3707 2510 3906 2579 Δηλῶν
3950 2513 4032 2563 ὅτι

2449 2599 2602 2652 οῦπω
2651 2601 2939 2671 γεγόνασιν
2977 2600 3193 2671 ἰσχυροὶ
3235 2602 3283 2654 οἱ
3322 2600 3582 2672 μαθηταί·
3617 2600 3764 2655 οὕτω
3802 2602 3861 2655 δὲ
3907 2603 4033 2672 ἄρτι

2449 2691 2825 2761 διακειμένους
2851 2733 2864 2757 ,
2900 2691 2959 2744 οὐ
2997 2691 3105 2762 χρὴ
3174 2692 3482 2746 ἐπιτιθέναι
3533 2695 3891 2764 ἐπιτάγματα
3935 2695 4032 2764 βα-

2452 2797 2667 2851 ρουντα.
3687 2839 3697 2848 _

2529 2871 2735 2925 Ἀσκῶν
2766 2871 3038 2942 μέμνηται
3070 2875 3165 2927 καὶ
3193 2873 3339 2928 οἴνου
3364 2912 3378 2937 ,
3416 2873 3605 2944 ἐπειδὴ
3630 2874 3762 2943 περὶ
3795 2892 4031 2944 γαστρι-

2451 2965 2689 3033 μαργίας
2720 2960 2788 3036 ἦν
2812 2966 2841 3017 ὁ
2870 2966 3047 3033 λόγος·
3081 2966 3169 3019 διὰ
3198 2966 3355 3018 τοῦτο
3386 2965 3494 3019 ἀπὸ
3528 2966 3637 3018 τῶν
3663 2966 3855 3019 αὖτῶν
3886 2968 4030 3036 λαμ-

2447 3054 2597 3107 6άνει
2635 3056 2702 3108 τὰ
2733 3056 3109 3125 ὑποδείγματα
3137 3070 3151 3085 ⁶
3186 3057 3279 3108 καὶ
3313 3056 3394 3107 ὅτι
3435 3054 3587 3107 οὐδὲν
3611 3055 3889 3127 αὐστηρὸν
3918 3060 4031 3111 ἐπι·

2446 3146 2658 3198 τάττειν
2678 3146 2782 3217 χρὴ
2814 3146 2908 3200 καὶ
2937 3146 3102 3217 βάρος
3132 3146 3255 3218 ἔχον
3286 3148 3405 3211 τοίς
3437 3146 3785 3218 ἀρχομένοις.

2524 3238 2623 3289 Διά
2669 3238 2722 3289 τί
2776 3237 2851 3309 μὴ
2898 3238 3145 3309 φανερῶς
3198 3242 3230 3310 ή
3269 3240 3639 3311 αἱμορροοῦσα
3670 3235 3886 3309 ἦλθεν;
3945 3243 4032 3304 Ὡς

2454 3325 2761 3399 ἀκάθαρτος
2795 3326 2933 3382 εἶναι
2960 3329 3257 3399 νομίζουσα
3278 3329 3367 3384 διὰ
3390 3329 3489 3400 τὴν
3518 3329 3703 3401 ῥύσιν·
3734 3329 3817 3382 ἔτι
3848 3331 3907 3383 δὲ
3939 3331 4030 3382 καὶ

2450 3419 2548 3487 τὴν
2583 3422 2965 3490 προσήκουσαν
3002 3422 3129 3491 περὶ
3161 3420 3327 3476 αὐτοῦ
3361 3422 3436 3492 μὴ
3462 3422 3658 3492 ἐγουσα
3686 3425 3875 3488 δόξαν,
3910 3423 4029 3477 ἐπεὶ

2450 3510 2548 3562 οὐκ
2577 3510 2641 3562 ἃν
2678 3510 2895 3579 ἐνόμισε
2926 3509 3211 3564 λανθάνειν
3236 3526 3250 3542 ν
3288 3511 3388 3563 οὐκ
3416 3512 3593 3581 ἀφῆκε
3623 3511 3677 3563 δὲ
3725 3512 3904 3579 αὐτὴν
3934 3512 4027 3565 λα-

2450 3600 2579 3665 θεῖν,
2611 3601 2695 3653 ἶνα
2720 3601 2936 3671 πρῶτον
2956 3602 3056 3671 μὲν
3077 3602 3212 3673 λύσῃ
3241 3604 3412 3671 αὐτῆς
3440 3604 3530 3655 τὸν
3563 3602 3748 3669 φόϐονο
3768 3603 4026 3671 δεύτερον

2449 3690 2536 3744 ἵνα
2562 3687 2923 3764 διορθώσηται
2951 3693 3178 3764 ταύτην,
3211 3695 3403 3764 ἐπειδὴ
3442 3695 3661 3763 ἐνόμισε
3692 3695 3987 3747 λανθάνειν
4011 3712 4025 3726 ·

2447 3783 2640 3851 τριτον
2670 3786 2757 3836 ἵνα
2790 3786 2889 3857 τὴν
2929 3786 3114 3837 πίστιν
3154 3786 3323 3855 αὐτῆς
3360 3785 3731 3856 δημοσιεύσῃ’
3762 3788 4026 3855 τέταρτον

2446 3871 2500 3924 δὲ
2539 3872 2624 3925 ἵνα
2653 3872 2747 3942 καὶ
2790 3874 2880 3925 τὸν
2926 3874 3382 3942 ἀρχισυνάγωγον
3432 3874 3624 3926 πιστὸν
3660 3877 3873 3947 ποιήσῃ
3905 3878 4027 3945 περὶ

2444 3966 2543 4037 τὴν
2568 3967 2861 4021 ἀνάστασιν
2888 3968 2980 4021 τοῦ
3004 3968 3211 4031 παιδός·
3238 3969 3360 4021 τότε
3384 3968 3491 4038 γάρ
3512 3970 3677 4021 αὑτὸν
3703 3970 3919 4038 ἐζήτει.

2516 4147 2630 4200 Ἵνα
2658 4147 2733 4218 μὴ
2766 4148 2978 4217 ἀγωνιᾷ
3030 4147 3359 4216 κεκλοφυῖα,
3395 4147 3486 4200 καὶ
3530 4146 3616 4198 ἵνα
3660 4146 4022 4220 δημιοσιεύσῃ

2441 4236 2537 4304 τὴν
2574 4236 2754 4289 πίστιν
2779 4253 2792 4267 ·
2832 4238 2924 4289 καὶ
2956 4237 3017 4289 τὸ
3056 4237 3250 4307 στῆσαι
3278 4238 3334 4289 δὲ
3380 4236 3479 4307 τὴν
3509 4238 3683 4303 νόσον,
3714 4238 3818 4290 οὐκ
3854 4240 4014 4293 ἐλατ-

2440 4346 2531 4380 τον
2559 4328 2649 4381 τοῦ
2677 4328 2869 4399 νοῆσαί
2892 4332 3061 4383 ἐστιν.

2523 4418 2799 4490 Ἐμνήσθη
2833 4419 2942 4473 τῶν
2974 4419 3228 4489 αὐλητῶν
3251 4419 3309 4472 ἐν
3336 4419 3415 4489 τῷ
3440 4419 3905 4491 ἀρχισυναγώγιει,
3938 4424 4020 4474 ἵνα

771 4514 1124 4571 memoratur,
1158 4516 1215 4558 ut
1246 4506 1297 4558 iu
1332 4505 1434 4559 hoc
1460 4521 1678 4576 quoque
1707 4508 1883 4577 palam
1905 4507 2227 4562 ostendatur
2252 4522 2338 4561 ar-
2370 4543 2414 4600 Β

2370 4543 2414 4600 D
2444 4510 2537 4564 καὶ
2580 4513 2638 4564 ἐν
2679 4511 2857 4583 τούτῳ
2891 4510 3228 4581 δημοσιεύσῃ
3262 4512 3364 4583 τὴν
3397 4512 3505 4565 τῶν
3544 4512 4019 4581 ἀρχισυναγώγων

768 4598 1262 4667 chisynagogorum
1297 4596 1529 4651 insania.

840 4686 1228 4741 Lamentautes
1258 4696 1312 4740 et
1345 4686 1596 4741 tibicines
1628 4700 1659 4741 a
1694 4691 1859 4742 domo
1886 4685 2112 4757 expulit.
2151 4696 2209 4741 ut
2249 4689 2335 4742 in-

767 4778 957 4846 dignos
999 4777 1089 4847 qui
1148 4778 1396 4832 miraculi
1440 4787 1606 4832 testes
1655 4780 1864 4834 essent.
1936 4776 1993 4833 lu
2057 4779 2220 4835 domo
2248 4794 2335 4833 ar-

766 4869 1120 4939 chisynagogi
1148 4868 1295 4923 foras
1321 4883 1512 4924 omnes
1545 4863 1748 4935 emisit,
1781 4880 1835 4925 et
1863 4870 2160 4940 discipulos
2190 4872 2333 4927 solos

766 4958 985 5011 admisit
1036 4957 1102 5010 ad
1159 4956 1469 5026 prodigium
1504 4957 1837 5025 videndum;
1888 4959 2091 5015 docens
2129 4976 2229 5015 nos
2276 4969 2335 5014 ut

767 5048 992 5117 gloriam
1023 5063 1146 5117 quae
1179 5063 1209 5102 a
1239 5049 1426 5103 multis
1469 5050 1618 5105 venit
1642 5050 1877 5106 vitemus
1901 5088 1917 5114 ,
1949 5060 2003 5105 et
2033 5050 2332 5121 discipulos

764 5140 950 5193 animo
988 5138 1259 5194 ﬁrmiores
1297 5139 1525 5195 faciens.

839 5229 1003 5284 Vens.
1038 5230 1129 5284 24.
1169 5229 1309 5284 Non.
1339 5240 1547 5284 mortua
1601 5232 1928 5314 esbpuella,
1977 5233 2067 5286 sed
2111 5232 2327 5286 dormit.

760 5321 1071 5379 Ostendunt
1108 5322 1224 5379 haec
1255 5323 1417 5379 verba
1467 5330 1697 5379 mortem
1728 5339 1835 5379 non
1874 5338 1996 5380 esse
2033 5339 2179 5379 nunc
2211 5339 2328 5379 me-

762 5415 1043 5470 tuendam.

831 5508 1137 5577 ldeojubet
1183 5516 1243 5561 ut
1270 5506 1348 5561 illi
1392 5506 1550 5562 detur
1579 5507 1944 5574 manducare,
1980 5523 2046 5563 ne
2080 5508 2328 5563 videatur

761 5601 1104 5669 phantasiam
1128 5614 1249 5656 esse
1268 5600 1413 5671 quod
1446 5600 1648 5656 factum
1675 5609 1777 5657 est.
1803 5599 2060 5670 (Pertinet
2094 5600 2157 5655 ad
2183 5598 2325 5654 Mar-

759 5707 907 5758 cum,
936 5709 985 5759 v,
1012 5693 1124 5764 45.)

830 5778 996 5839 Vens.
1036 5783 1127 5840 27.
1183 5783 1369 5844 Caecos
1416 5784 1642 5842 attrahit
1676 5784 2012 5853 clamantes,
2066 5800 2173 5841 non
2224 5801 2320 5856 per

2441 4602 2648 4656 ἄνοιαν.

2506 4694 2644 4756 Τοὺς
2692 4692 3024 4765 θρηνοῦντας
3083 4694 3178 4747 καὶ
3225 4693 3525 4757 αὐλοῦντας
3568 4693 3674 4759 ἔξω
3702 4695 3807 4764 τῆς
3836 4699 4018 4760 οἰκίας

2436 4781 2718 4849 ἐξέϐαλεν,
2752 4784 2828 4847 ὡς
2863 4785 3114 4850 ἀναξίους
3148 4784 3345 4847 αὐτοὺς
3372 4785 3466 4839 τοῦ
3500 4784 3779 4855 θαύματος
3810 4791 4017 4858 κρίνων

2435 4870 2594 4929 εἶναι.
2635 4875 2758 4927 Ἐπὶ
2789 4875 2883 4928 τοῦ
2906 4875 3363 4946 ἀρχισυναγώγου
3393 4877 3571 4931 πάντα
3600 4877 3860 4942 ἐξέϐαλεν
3888 4882 4011 4945 ἔξω,

2434 4965 2559 5027 τοὺς
2583 4965 2641 5017 δὲ
2678 4964 2929 5035 μαθητάς
2954 4965 3147 5034 μόνους
3180 4967 3497 5036 εἰσήνεγκεν
3529 4969 3662 5038 δρᾷν
3688 4968 3753 5020 τὸ
3787 4969 3977 5039 θαῦμα
3996 4987 4011 5000 ·

2432 5056 2696 5109 διδάσκων
2737 5059 2883 5127 ἡμᾶς
2913 5057 3013 5128 τὴν
3046 5059 3194 5127 παρὰ
3225 5057 3335 5110 τῶν
3365 5057 3576 5111 πολλῶν
3619 5059 4011 5127 διακρούεσθαι

2431 5146 2608 5211 δόξαν,
2641 5148 2767 5209 τοὺς
2803 5147 3048 5219 μαθητὰς
3077 5148 3134 5201 δὲ
3166 5148 3604 5218 προθυμοτέρους
3634 5149 3830 5204 ποιῶν.

2508 5237 2602 5301 Τὸ,
2643 5239 2724 5291 Οὐ
2760 5236 3070 5306 τέθνηκεν,
3107 5238 3271 5293 ἀλλὰ
3304 5237 3577 5292 καθεύδει
3598 5280 3611 5301 ,
3645 5238 3826 5306 λέγειν
3852 5282 3868 5305 ,
3902 5242 4008 5296 δει-

2430 5328 2581 5382 κνύει
2612 5328 2694 5381 ὅτι
2727 5329 2790 5382 ού
2819 5328 3048 5400 φοϐερὸς
3086 5331 3115 5383 δ
3145 5329 3374 5393 θάνατος
3407 5331 3516 5385 ἀπὸ
3546 5330 3641 5383 τοῦ
3672 5331 3791 5389 νῦν.

2504 5514 2602 5567 Διά
2628 5514 2790 5567 τοῦτο
2833 5512 3221 5601 κελεύειαύτῇ
3252 5514 3471 5584 δοθῆναι
3515 5518 3749 5583 φαγεῖν,
3796 5517 3887 5572 ἵνα
3931 5518 4003 5590 μὴ

2427 5605 2556 5678 δόξῃ
2592 5608 2861 5676 φαντασία
2901 5602 3039 5661 εἶναι
3073 5609 3134 5659 τὸ
3165 5609 3551 5679 γεγενημένον.

2499 5790 2638 5854 Τοὺς
2666 5790 2901 5860 τυφλοὺς
2938 5789 3203 5863 παρέλκει
3234 5792 3560 5862 κράζοντας,
3593 5795 3657 5849 οὐ
3686 5792 3992 5859 κενοδοξῶν,
