4220 6432
211 398 343 461 1101

1198 399 1518 459 SCIIOLIA
1559 396 1855 458 VETERA
1895 395 1972 455 ΙΝ
2010 391 2477 454 MATTll/EUM.

3301 397 3437 460 1102

204 510 322 561 ἀλλ’
346 510 432 562 ἴνα
454 509 603 581 δείξῃ
626 510 684 562 τὸ
712 510 902 563 πιστὸν
925 509 1124 564 αὐτῶν.
1151 511 1469 581 Κατηγορία
1505 512 1773 565 Ἰουδαίων
1802 517 1846 571 Α

1766 528 1773 559 ν
1802 517 1846 571 Α
1884 524 2080 561 uiuam
2109 508 2357 575 gloriam,
2392 508 2485 561 sed
2515 507 2580 559 ad
2612 504 3002 559 osu-udentlam
3034 521 3221 560 eorum
3254 509 3432 565 ﬁdem.

206 602 302 651 καὶ
336 599 495 651 τοῦτο
536 596 624 670 ἢν,
659 601 722 653 τὸ
766 602 826 666 ἐξ
859 601 1030 671 ἀκοῆς
1067 603 1235 671 μόνης
1267 603 1451 669 ζητεῖν
1487 602 1585 671 τὴν
1633 603 1775 653 ίασιν

203 694 318 752 τοῖς
351 692 571 761 τυφλοῖς
595 709 607 721 ·
644 694 846 762 ἢκουον
877 693 985 763 γὰρ
1032 693 1160 763 περ1⁵
1189 695 1283 746 τοῦ
1323 692 1557 763 Χριστοῦ
1598 693 1770 746 οὔτω-

206 784 407 836 ἐκεῖνοι
436 784 491 837 δὲ
526 786 619 838 καὶ
647 784 875 837 ἔϐλεπον
908 786 1002 839 καὶ
1031 786 1132 839 οὐκ
1160 786 1485 861 Exiet-suom.

278 963 405 1016 Υἰδν
438 964 601 1018 Δαϐὶδ
629 967 677 1017 οἱ
707 964 899 1034 τυψλοὶ
930 967 1177 1031 ἐκάλουν,
1202 968 1337 1023 διότι
1362 971 1527 1041 τιμῆς
1553 968 1693 1027 εἶναι
1718 974 1779 1027 τὸ

206 1050 380 1122 ὄνομα
415 1055 610 1109 ἐδόκει.

284 1146 552 1213 Δευτέραν
586 1145 853 1217 ἐρώτησιν
885 1151 1153 1218 προσάγει
1182 1153 1319 1221 πρὸς
1350 1152 1571 1217 αὐτοὺς,
1599 1154 1659 1207 ού
1688 1156 1777 1208 δο-

212 1236 482 1305 ξομανῶν,
537 1238 672 1292 ἀλλά
726 1243 1044 1305 σπουδάζων
1096 1244 1431 1298 ἱκετεύεσθαι
1483 1246 1776 1310 πολλάκιςο

214 1328 300 1378 ἵνα
332 1329 405 1398 μὴ
440 1329 635 1401 νομίσῃ
666 1348 747 1391 τις
779 1332 969 1387 τοῦτον
998 1333 1073 1397 ὡς
1104 1334 1386 1402 φιλότιμον
1422 1337 1551 1391 ὅντα
1576 1340 1778 1409 ἐπιπη-

209 1418 307 1488 δᾷν
341 1422 451 1482 τοῖς
484 1420 582 1473 Θαύ
591 1439 774 1490 μασιν.

288 1512 416 1564 Ὅτε
448 1513 508 1564 τὺ
543 1514 726 1583 μεῖζον
757 1515 918 1571 αὑτὸν
942 1517 1205 1571 ἐκάλεσαν
1231 1517 1401 1588 δνομα
1421 1519 1644 1589 ῂτοῦντο
1668 1520 1780 1574 Κύ-

216 1619 354 1672 ριον,
382 1603 502 1657 τότε
546 1607 689 1658 ἰᾶται
720 1608 938 1673 αὐτοὺς,
997 1608 1355 1680 ἐφελκόμενος
1388 1610 1465 1675 είς
1502 1610 1658 1664 τοῦτο
1694 1628 1783 1667 πι-

214 1692 429 1745 στεύειν
458 1694 581 1756 τοὺς
615 1697 931 1761 ἀκούοντας.

289 1786 663 1855 Παραγγέλλει
718 1788 909 1859 μηδενὶ
960 1792 1136 1844 εἰπεῖν
1186 1791 1275 1846 διὰ
1319 1792 1382 1845 τὸ
1432 1791 1637 1863 ἄτυφον
1690 1797 1782 1849 καὶ

213 1877 547 1942 ἀκενόδοξον.

299 1970 364 2021 ⁸11
411 1971 685 2039 κὼιρευσις
723 1973 825 2027 ούκ
866 1969 934 2044 ἦν
963 1976 1169 2047 φυσικὴ
1208 1976 1482 2046 ἀσθένεια,
1533 1979 1670 2035 ἀλλά
1720 1982 1783 2034 ὲκ

214 2059 469 2131 δαίμονος
500 2063 816 2134 ἐπιϐουλῆς.

808 2192 1056 2249 ΚΕΦΔΛ.
1134 2195 1188 2248 1’.

288 2320 386 2371 Διά
417 2319 469 2372 τί
498 2320 715 2389 Σίμωνα
750 2320 897 2391 λέγει
942 2323 1032 2376 τὸν
1080 2324 1372 2395 λεγόμενον
1420 2327 1660 2397 Πέτρονς
1695 2346 1787 2381 και

212 2411 305 2466 διά
347 2414 399 2466 τί
459 2413 715 2468 Ἰάκωϐον
759 2417 852 2468 τὸν
908 2416 1168 2488 Ἀλφέους
1201 2419 1328 2473 Ὂτι
1369 2415 1438 2490 ἦν
1486 2424 1580 2476 καὶ
1628 2423 1788 2486 ἄλλος

217 2505 402 2574 Σίμων
438 2507 531 2560 καὶ
552 2507 709 2571 ἄλλος
754 2508 1026 2572 Ἰάκωϐος.

294 2599 411 2650 Ἵνα
446 2600 519 2668 μὴ
560 2599 873 2669 ἐπαρθῶσιν
921 2602 1026 2655 ὑπὸ
1058 2603 1168 2656 τῶν
1206 2605 1509 2674 γινομένων
1556 2607 1648 2661 ὑπ’
1689 2609 1789 2662 αύο

216 2689 331 2741 τῶν
358 2689 652 2759 θαυμάτων
671 2730 686 2755 ,
716 2686 871 2744 εἶπεν
897 2708 911 2725 ·
955 2693 1186 2762 Δωρεὰν
1230 2694 1475 2750 ἐλάϐετε
1499 2734 1515 2761 ,
1566 2696 1793 2766 δωρεὰν

217 2782 379 2837 δότε.

299 2872 364 2926 Τί
389 2874 496 2945 γὰρ
522 2876 555 2945 ἡ
587 2876 779 2946 ῥάϐδος
808 2876 1009 2930 κωλύει
1036 2879 1172 2948 πρὸς
1201 2878 1262 2932 τδ
1286 2882 1547 2950 κήρυγμα
1570 2898 1585 2947 ;
1607 2882 1639 2952 ἢ
1664 2884 1796 2937 ποία

222 2966 467 3037 ἁμαρτία
495 2963 562 3037 ἦν
590 2968 624 3037 η
650 2966 749 3036 τῆς
780 2968 976 3038 ῥάϐδου
1007 2969 1310 3039 κράτησις;
1353 2972 1513 3025 ’Λλλά
1538 2973 1598 3026 τὸ
1620 2975 1794 3044 τραχὺ

222 3060 327 3128 τῆς
378 3058 625 3121 παιδείας
673 3061 740 3129 τῇ
790 3059 972 3131 ῥάϐδῳ
1024 3062 1411 3132 παρεικάζων,
1458 3065 1795 3135 ἀπαγορεύει

222 3152 365 3213 τέως
402 3147 479 3218 τῷ
528 3147 747 3220 σκληρῷ
787 3150 885 3218 τῆς
934 3151 1183 3216 παιδείας
1235 3153 1310 3223 μὴ
1356 3156 1591 3223 χρᾶσθαι
1644 3158 1794 3227 παρά

222 3241 326 3312 τὴν
355 3243 527 3314 ἀρχὴν
554 3245 653 3315 τῆς
687 3243 1055 3306 διδασκαλίας·
1089 3244 1170 3297 ὃτι
1197 3245 1253 3296 δέ
1286 3244 1380 3298 ἐπὶ
1412 3246 1608 3315 ράϐὃου
1649 3246 1792 3316 λαμ-

226 3333 448 3387 ϐάνεται
496 3335 555 3387 τὸ
597 3335 867 3403 αὐστηρὸν
906 3334 1005 3403 τῆς
1050 3335 1332 3401 παιδείας,
1390 3340 1795 3406 μαρτυρησάτω

228 3442 321 3495 μοι
353 3423 584 3488 Παῦλος·
619 3424 858 3485 ἀκούσας
893 3424 1002 3496 γάρ
1039 3426 1097 3477 ἐν
1140 3426 1390 3496 Κορίνθῳ
1435 3430 1584 3490 τινάς
1617 3431 1797 3501 ἁμαρ-

224 3518 537 3587 τήσαντας,
583 3517 786 3587 γράφει
833 3516 1045 3585 λέγων·
1100 3519 1161 3571 Τί
1204 3518 1442 3584 aelate;
1488 3521 1557 3573 ἐν
1598 3522 1799 3589 ῥάϐδῳ

226 3610 387 3665 ἔλθω
413 3611 563 3678 πρός
589 3609 765 3679 ὑμᾶς,
805 3610 843 3678 ἣ
872 3610 942 3663 ἐν
966 3610 1173 3679 ἀγάπῃ
1205 3612 1499 3680 πνεύματί
1528 3630 1590 3665 τε
1617 3615 1800 3681 πραό-

228 3718 442 3769 τητοςς
472 3702 570 3756 Διά
592 3702 751 3755 τοῦτο
777 3704 873 3756 καλ⁸
903 3703 931 3755 ὁ
954 3701 1156 3773 Κύριος
1179 3702 1305 3764 τοὺς
1337 3704 1533 3755 νεωστὶ
1563 3705 1798 3774 προσελ-

232 3796 427 3857 θόντας
477 3795 629 3865 αύτῷ
680 3793 1041 3864 ἀνθρώπους,
1090 3795 1152 3847 ού
1204 3796 1468 3865 πρότερον
1520 3797 1801 3866 νηστεύειν

229 3884 552 3953 ἐπιτρέπει,
590 3884 726 3937 άλλά
762 3885 1028 3955 πρότερον
1064 3884 1344 3937 πιστεύειν
1386 3885 1482 3937 καὶ
1532 3886 1653 3938 τότε
1701 3905 1798 3957 νη-

233 3977 467 4029 στεύεινο
510 3976 631 4029 ὅθεν
663 3974 1062 4045 ἐγκαλούμενος
1095 3975 1202 4028 ὑπὸ
1234 3974 1343 4029 τῶν
1372 3976 1683 4045 Φαρισαίων
1713 3977 1802 4030 διὰ

231 4069 284 4121 τί
310 4070 360 4120 οἱ
408 4068 650 4120 Ἰωάννου
686 4064 929 4136 μαθηταὶ
961 4066 1281 4135 νηστεύουσι
1302 4104 1319 4129 ,
1354 4067 1679 4135 προσφόρως
1709 4066 1804 4119 καὶ

234 4158 585 4228 ἁρμοζόντως
614 4156 970 4226 ἀποκρίνεται
1000 4155 1176 4223 λέγων
1198 4171 1214 4186 °
1252 4154 1465 4220 Οὐδείς
1492 4156 1803 4208 ἐπιϐάλλει

236 4251 537 4317 ἐπίϐλημα
555 4246 784 4315 ῥάκους
814 4244 1088 4314 ἀγνάφου
1116 4242 1212 4297 ἐπὶ
1236 4245 1443 4312 ίματίῳ
1475 4243 1727 4307 παλαιῷ·
1752 4246 1806 4297 εἰ

233 4342 305 4394 δὲ
324 4339 410 4410 μή
432 4356 516 4409 τε,
544 4339 757 4392 πλεῖον
779 4338 1012 4406 σχίσμα
1034 4337 1274 4405 γίνεται.
1293 4336 1530 4405 Ἰμάτιον
1554 4336 1802 4401 παλαιὸν,

234 4435 330 4486 τὸν
352 4433 408 4483 ἐν
430 4434 496 4498 τῇ
521 4429 838 4498 παλαιότητι
864 4428 1231 4496 παραϐάσεως
1252 4428 1347 4480 τοῦ
1363 4428 1595 4498 ἀρχαίου
1635 4427 1803 4497 ’Δδάμ

1877 599 2275 654 Condemnatio
2302 598 2611 650 Judxeornm
2646 599 2695 649 id
2726 613 2944 666 quoque
2970 608 3084 651 erat
3111 641 3124 662 ,
3151 600 3291 667 quod
3321 605 3439 653 solo

1878 692 2066 745 auditu
2114 701 2417 759 qua-rerent
2463 690 2797 743 curationem
2847 692 2999 744 etcei.
3045 690 3136 743 Sie.
3180 683 3322 745 enim
3374 695 3440 745 de

1877 782 2098 837 Christo
2130 782 2447 847 audierant;
2484 782 2560 835 illi
2586 791 2765 836 autem
2799 782 3054 836 videbant
3086 792 3140 836 et
3170 799 3278 839 non
3324 803 3443 840 cre-

1877 875 2095 929 dehant.

1950 966 2146 1020 Filium
2174 966 2342 1021 David
2364 964 2491 1020 eieci
2515 965 2802 1034 vocabant,
2825 969 2954 1037 quia
2987 969 3215 1024 honoris
3244 985 3439 1024 nomen

1878 1071 1998 1110 esse
2028 1057 2326 1110 videbatur.

1950 1145 2114 1200 Vens.
2144 1148 2232 1200 26.
2268 1147 2572 1201 Secundam
2606 1146 3079 1217 interrogationem
3118 1150 3183 1203 ad
3230 1153 3329 1204 hos
3358 1150 3443 1202 di-

1882 1238 2026 1306 rigit,
2055 1252 2160 1291 non
2185 1254 2278 1306 per
2297 1240 2639 1307 iactantiam,
2665 1237 2757 1291 sed
2788 1238 2975 1292 volens
2997 1242 3195 1308 saepius
3228 1243 3440 1307 rogati;

1882 1348 1949 1391 ne
1973 1332 2099 1400 quis
2129 1341 2280 1401 putet
2316 1332 2469 1385 illum
2493 1331 2563 1385 ob
2592 1331 2772 1387 laudis
2800 1333 3149 1387 ambitionem
3183 1336 3444 1389 miracula

1885 1432 2124 1492 patrare.
2210 1473 2214 1476 τ

1955 1513 2183 1579 Quando
2211 1514 2402 1584 majori
2426 1513 2580 1568 illum
2603 1523 2866 1569 vocarunt
2888 1517 3125 1581 nomine,
3158 1516 3446 1572 Dominum

1882 1606 2275 1676 supplicantes.
2309 1616 2439 1661 tunc
2461 1620 2558 1660 eos
2584 1616 2762 1672 curat,
2780 1607 3045 1663 adductus
3072 1608 3138 1662 ad
3168 1609 3217 1662 id
3242 1620 3300 1662 ut
3328 1624 3449 1662 cre-

1881 1700 2070 1754 derent
2091 1700 2394 1755 audientes.

1951 1789 2119 1844 Vens.
2150 1791 2239 1845 50.
2275 1792 2524 1863 Pl'ﬂ‘cipil
2558 1793 2766 1849 nemini
2795 1794 2978 1849 dicant
3007 1809 3102 1866 per
3131 1796 3448 1851 modestiam

1817 1862 1858 1918 Β
1884 1888 1940 1935 et
1964 1896 2113 1935 vana:
2142 1881 2328 1950 gloria:
2359 1884 2720 1939 aversionem.

1962 1970 2124 2027 Vsus.
2158 1973 2245 2027 52.
2283 1973 2570 2030 Mutistnus
2601 1992 2707 2030 non
2740 1976 3025 2033 inﬁrmitas
3053 1988 3170 2035 erat
3203 1978 3449 2049 physica,

1885 2066 1981 2120 sed
2014 2081 2044 2121 e
2075 2067 2339 2123 daemonis
2366 2068 2601 2123 artiﬁcio
2630 2068 2927 2125 oriebatur.

2502 2193 2731 2250 CAPUT
2767 2194 2829 2251 Χ.

1964 2320 2127 2375 Vens.
2158 2322 2212 2375 2.
2239 2320 2348 2375 Cur
2382 2320 2660 2375 Simonem
2687 2332 2862 2386 vocat,
2895 2323 2984 2391 qui
3005 2324 3201 2377 dicitur
3228 2324 3454 2380 Petrus?

1889 2423 1944 2468 et
1973 2430 2070 2467 cur
2098 2412 2357 2466 Iacobum
2393 2414 2635 2480 Αιμιιαιὶῒ
2668 2413 2805 2478 Quia
2841 2413 2979 2469 alter
3010 2424 3129 2470 erat
3168 2416 3358 2473 Simon
3399 2429 3456 2475 et

1893 2505 2029 2558 alter
2053 2502 2313 2559 Jacobus.

1965 2593 2131 2650 Vens.
2180 2595 2233 2650 8.
2281 2595 2359 2650 Ne
2407 2595 2751 2651 lucrifaciant
2788 2611 2851 2652 ex
2902 2599 3181 2655 miraculis
3214 2601 3283 2655 ab
3326 2602 3460 2673 ipsis

1878 2685 2143 2761 patratis,
2174 2690 2307 2747 dicit
2335 2710 2348 2747 :
2386 2691 2568 2747 Gratis
2609 2696 2908 2764 accepistis,
2940 2699 3108 2767 gratis
3138 2699 3279 2753 date.

1974 2877 2133 2931 Vens.
2183 2877 2269 2931 10.
2312 2876 2452 2942 Quid
2502 2878 2647 2932 enim
2695 2879 2901 2948 virgam
2955 2892 3099 2936 vetat
3147 2883 3347 2938 habere
3395 2885 3463 2937 ad

1897 2966 2364 3036 praedicationem,
2385 2978 2479 3021 aut
2494 2983 2614 3037 quae
2633 2968 2789 3037 culpa
2810 2980 2951 3025 esset
2973 2972 3134 3042 virga:
3160 2974 3467 3042 possessio?

1900 3057 2119 3113 Scilicet
2174 3074 2418 3113 severam
2474 3059 2876 3114 institutionem
2923 3063 3085 3131 virga:
3141 3066 3463 3129 conferens,

1898 3150 2148 3219 prohibet
2172 3166 2238 3204 ne
2262 3161 2479 3205 austera
2506 3152 2846 3207 institutione
2871 3163 3093 3207 utantur
3117 3155 3169 3207 in
3199 3174 3247 3224 pi
3264 3158 3464 3225 incipio

1902 3241 2324 3312 praedicationis.
2357 3240 2515 3306 Quod
2540 3253 2723 3296 autem
2756 3244 2808 3296 in
2843 3244 2991 3310 virga
3024 3246 3284 3301 severitas
3311 3246 3465 3300 insti-

1903 3333 2131 3387 tutionis
2162 3332 2554 3395 adumbretur,
2588 3334 2743 3387 testis
2793 3334 2926 3386 mihi
2974 3335 3045 3387 sit
3079 3333 3315 3401 Paulus;
3366 3353 3465 3389 att-

1900 3426 2056 3481 dieus
2106 3426 2251 3480 enim
2302 3426 2567 3494 quosdam
2613 3424 2861 3481 Corinthi
2896 3428 3239 3497 peccavisse,
3277 3432 3467 3483 sumat

1902 3512 2091 3566 dicens
2125 3531 2137 3566 :
2174 3512 2312 3576 Quid
2341 3512 2543 3567 vultis?
2567 3515 2620 3566 in
2643 3516 2787 3583 virga
2817 3518 3020 3569 veniam
3055 3518 3123 3569 ad
3148 3535 3255 3581 vos,
3279 3530 3366 3570 aut
3416 3520 3466 3570 iu

1903 3604 2163 3657 charitate
2186 3613 2235 3656 et
2262 3603 2453 3671 spiritu
2480 3607 2898 3658 mansuetudinis
2920 3608 2944 3659 Ζ)
2968 3607 3049 3660 0b
3072 3623 3191 3661 eam
3222 3624 3331 3661 rem
3366 3607 3469 3661 Do-

1904 3695 2089 3749 minus
2126 3694 2376 3749 homines
2406 3695 2577 3764 pritua
2605 3697 2721 3750 vice
2756 3698 2821 3751 ad
2853 3697 3003 3751 illum
3048 3700 3331 3760 adeuntes,
3362 3716 3469 3753 non

1904 3788 2138 3856 primum
2158 3786 2405 3855 jejunare
2428 3787 2696 3849 hortatur.
2713 3789 2804 3843 sed
2828 3790 3000 3857 primo
3022 3790 3260 3852 credere,
3283 3790 3475 3847 deinde

1901 3879 2169 3949 jejunare.
2204 3878 2355 3933 Unde
2383 3878 2751 3949 interrOgatus
2789 3896 2817 3933 a
2847 3880 3137 3935 l’harisans
3173 3899 3272 3935 cur
3304 3882 3465 3936 .lo..n-

1907 3971 1995 4023 nis
2026 3971 2277 4039 discipuli
2312 3972 2592 4040 jejuneut,
2628 3988 2923 4040 congruam
2963 3981 3018 4026 et
3063 3975 3471 4029 convenientem

1908 4063 2320 4127 responsionem
2353 4066 2445 4116 dat
2465 4064 2693 4117 dicendo
2723 4062 2926 4117 :Nemo
2962 4064 3194 4117 immittit
3224 4068 3472 4121 commis-

1908 4169 2089 4205 suram
2128 4155 2289 4221 ρωιηὶ
2324 4155 2471 4206 rudis
2496 4156 2550 4207 in
2585 4156 2942 4209 vestimentum
2969 4167 3108 4209 vetus
3132 4172 3149 4220 ,'
3174 4158 3250 4210 sin
3278 4170 3475 4223 autem,

1907 4245 2054 4313 pejor
2089 4248 2319 4298 scissura
2343 4247 2423 4313 ﬁt.
2453 4245 2555 4300 Per
2584 4248 2963 4301 vestimentum
2992 4258 3164 4311 vetus,
3198 4250 3474 4304 hominem

1909 4336 1963 4388 in
2000 4344 2268 4390 vetustate
2297 4337 2752 4405 transgressionis
2783 4339 2988 4408 antiqui
3020 4340 3191 4393 Adam
3234 4342 3473 4407 genitum

1909 4426 2217 4495 signiﬁcat;
2256 4442 2348 4494 per
2382 4442 2581 4480 novum
2622 4436 2804 4480 autem
2838 4443 3114 4495 pannum,
3147 4445 3338 4483 ret-ens
3373 4432 3476 4485 ista

234 4523 563 4593 γεννηθέντα
590 4521 877 4591 ἄνθρωπον
923 4519 1117 4586 λέγει’
1162 4519 1348 4571 καινὸν
1387 4517 1446 4570 δέ
1491 4518 1691 4587 ῥάκος,
1745 4516 1807 4569 τὸ
1840 4529 1884 4585 ι)

1840 4518 2101 4588 Djejunii
2131 4518 2466 4587 praedicatio.
2500 4518 2557 4572 Si
2599 4518 2745 4572 enim
2792 4520 3034 4575 volueris
3064 4523 3180 4574 seni
3228 4521 3371 4576 facto
3422 4523 3474 4575 in

235 4616 431 4685 νεαρὸν
470 4616 726 4684 κήρυγμα
755 4612 856 4682 τῆς
890 4611 1144 4682 νηστείας
1164 4626 1178 4640 ·
1210 4609 1306 4663 ἐὰν
1335 4609 1443 4680 γάρ
1474 4609 1704 4678 Θελήσῃς
1729 4608 1808 4677 τῷ

238 4705 605 4760 παλαιωθέντι
633 4707 691 4758 ἐν
716 4707 781 4774 τῇ
818 4702 1061 4773 ἁμαρτίᾳ
1093 4701 1314 4771 Ἕλληνι
1339 4700 1553 4771 πρῶτον
1584 4698 1808 4751 ἐπιϐάλ-

238 4799 355 4851 λειν
391 4799 451 4849 τὺ
483 4797 675 4866 νεαρὸν
710 4796 970 4865 κήρυγμα
996 4795 1094 4865 τῆς
1128 4792 1401 4864 νηστείας,
1436 4792 1598 4843 πλέον
1628 4789 1809 4859 σχίζε-

239 4910 329 4944 ται
359 4891 504 4960 ῆπερ
538 4889 888 4954 συνάπτεται,
915 4887 1078 4939 πλέον
1110 4884 1403 4956 χωρίζεται
1436 4885 1537 4954 τῆς
1580 4883 1807 4951 Ἐκκλη-

241 4984 386 5045 σίας.

306 5077 401 5140 Ί“ὸ,
444 5074 634 5139 Ἄξιος
685 5074 937 5141 ἐργάτης
985 5070 1091 5124 τοῦ
1124 5070 1345 5139 μισθοῦ
1390 5070 1606 5134 αὑτοῦ,
1637 5068 1810 5121 διὰτὸ

238 5168 305 5219 ἐκ
328 5166 435 5219 τῶν
468 5166 614 5217 ἰδίων
638 5163 897 5234 μαθητῶν
935 5160 1251 5232 τρέφεσθαι·
1291 5159 1441 5226 λέγει
1467 5158 1576 5230 γὰρ
1612 5158 1809 5219 αὐτοὺς

240 5258 368 5319 τοὺς
408 5256 738 5317 ἀποστόλους
768 5253 1030 5324 δηλονότι.

323 5351 385 5403 τὸ
433 5348 509 5419 μὴ
546 5348 722 5399 οἰκίαν
771 5345 830 5413 ἐξ
871 5345 1048 5407 οἰκίας
1089 5341 1360 5413 ἀμείϐειν,
1396 5340 1561 5394 ἕνεκα
1601 5338 1695 5393 τού
1736 5341 1809 5411 μὴ

238 5442 553 5508 δοξομανείν
595 5441 841 5509 εἴρηται,
872 5436 904 5508 ἧ
934 5436 1025 5489 τοῦ
1072 5434 1148 5506 μὴ
1177 5432 1466 5486 λυπεῖσθαι
1504 5431 1595 5485 τὸν
1640 5448 1811 5484 κατα-

242 5532 667 5602 λιμπανόμενον.

326 5623 400 5675 Τὸ
428 5622 774 5673 ἐκτινάσσειν
822 5618 916 5671 τὸν
955 5614 1231 5685 κονιορτὸν
1269 5611 1379 5664 τῶν
1412 5610 1589 5664 ποδῶν
1636 5611 1812 5664 αὐτῶν

246 5715 580 5769 ἐπετέτακτο
634 5713 728 5766 καὶ
767 5712 1067 5780 ἐπράττετο
1115 5708 1333 5769 αὐτοῖς,
1370 5705 1403 5773 ἢ
1452 5703 1592 5756 ὥστε
1643 5704 1812 5769 δεῖξαι

249 5805 418 5876 μηδὲν
449 5804 637 5859 λαϐεῖν
666 5803 862 5866 αὐτοὺς
898 5803 1027 5871 παρ’
1058 5799 1236 5856 αὐτῶν
1266 5796 1399 5867 μηδέ
1433 5793 1716 5864 βούλεσθαι
1737 5813 1750 5827 ο
1779 5794 1812 5861 ἢ

1912 4612 2147 4679 peccatis
2182 4610 2371 4665 Graeco
2414 4612 2647 4680 primum
2696 4612 2919 4679 injicere
2967 4624 3239 4666 recentem
3282 4615 3476 4683 jejuuii

1912 4703 2375 4770 przedieationem,
2403 4703 2670 4758 scinditur
2701 4704 2873 4774 magis
2898 4718 3062 4774 quam
3095 4707 3475 4771 counnittitur,

1915 4790 2195 4859 magisque
2228 4791 2297 4844 ab
2333 4790 2574 4846 Ecclesia
2603 4801 2904 4846 amovetur.

1984 5067 2141 5131 Illud,
2168 5066 2366 5136 Dignus
2396 5077 2470 5119 est
2510 5066 2780 5133 aperarius
2824 5063 2938 5117 cibo
2972 5081 3086 5129 suo,
3126 5081 3398 5135 quemque
3446 5084 3477 5121 a

1914 5159 2030 5213 suis
2063 5158 2344 5226 discipulis
2379 5157 2613 5225 propriis
2640 5155 2892 5208 alendum
2920 5170 3041 5210 esse
3078 5157 3315 5219 indu-at;
3349 5157 3480 5210 itii-it

1912 5251 2058 5304 enim
2093 5249 2192 5303 hos
2234 5248 2508 5316 apostolos
2542 5246 2740 5316 palam.

1988 5340 2150 5393 Vens.
2194 5339 2277 5392 1‘2.
2323 5338 2400 5391 Ne
2427 5338 2649 5391 domum
2700 5337 2863 5391 domo
2899 5346 3107 5392 mutent
3158 5351 3360 5401 monet,
3418 5351 3479 5394 ut

1915 5447 2023 5485 non
2054 5430 2369 5500 iactantiam
2408 5429 2735 5491 exhibeant,
2764 5436 2857 5481 aut
2889 5444 2997 5482 non
3040 5430 3218 5482 doleat
3248 5434 3336 5499 qui
3386 5448 3475 5485 re-

1916 5525 2075 5577 lictus
2101 5532 2263 5578 esset.

1989 5612 2150 5667 Vens.
2184 5611 2271 5664 H.
2296 5610 2563 5664 Excutere
2593 5608 2867 5677 pulverem
2896 5606 2963 5659 tle
2986 5607 3211 5676 pedibus
3236 5607 3473 5677 ipsorum

1916 5705 2249 5775 praecipitur,
2265 5712 2319 5756 et
2345 5710 2628 5755 exercetur
2649 5700 2716 5752 ab
2736 5700 2835 5761 eis,
2856 5698 2969 5753 sive
2996 5696 3061 5750 ad
3084 5700 3476 5754 ostendendum

1917 5813 2011 5854 eos
2035 5796 2167 5853 nihil
2194 5795 2298 5851 sibi
2332 5794 2578 5863 accipere
2607 5806 2671 5848 ex
2695 5792 2801 5849 illis
2820 5790 2973 5856 velle,
3000 5791 3113 5847 sive
3139 5800 3193 5844 ut
3225 5793 3295 5848 sit
3323 5792 3478 5847 testi-
