4220 6432
236 419 375 486 1109

1214 415 1536 477 SCHOLIA
1574 413 1876 476 VETERA
1909 413 1990 474 IN
2027 412 2494 474 MATTHEUM.

3351 408 3488 466 illi)

306 531 401 596 Τὸ,
462 526 962 599 Ἐξομολογοῦμαί
1036 540 1157 591 σοι,
1212 528 1426 596 Πάτερ,
1489 529 1613 582 ἀντὶ
1683 527 1800 591 τοῦ,
1833 533 1881 590 Α

1833 533 1881 590 Α
1981 527 2144 582 Vens.
2181 529 2270 582 25.
2307 527 2572 594 Conﬁteor
2605 524 2722 586 tibi,
2761 520 2942 581 Pater,
2976 532 3094 588 pro.
3137 517 3351 570 Gratias
3385 534 3485 588 ago

237 621 560 692 Εὖχαριστῶ
624 640 726 684 σοι,
763 624 961 674 κεῖταιο
1023 620 1106 673 ὅτι
1146 622 1233 684 Ἃ,
1291 621 1448 691 φησὶ,
1499 621 1656 689 σοφοὶ
1708 622 1810 674 οὐκ

1908 622 2028 685 tibi,
2065 621 2371 683 adhibetur,
2415 619 2538 687 quia
2581 632 2702 686 qua:
2748 613 3022 682 sapientes
3062 625 3168 664 non
3219 625 3491 677 cognove-

237 717 501 784 ἔγνωσαν,
534 718 708 783 νήπιοι
729 713 900 766 ταῦτα
924 713 1188 779 ἔγνωσαν,
1221 713 1391 782 ἡγουν
1417 715 1466 766 oi
1491 712 1806 768 ἀπόστολοι.

311 806 403 870 Τὸ,
474 805 743 866 Ἐγένετο
804 802 1049 856 εὐδοκία
1105 802 1451 870 ἔμπροσθέν
1498 818 1638 868 σου,
1690 801 1810 854 ἀντὶ

239 897 356 960 τοῦ,
401 895 602 965 ἸΙρεσέ
642 911 748 958 σοι,
783 896 981 949 κεῖται.

314 987 517 1040 Πάντα
549 1005 644 1055 μοι
675 985 972 1055 παρεδόθη
999 986 1118 1041 ὑπὸ
1145 985 1253 1041 τοῦ
1285 986 1533 1055 Πατρός,
1563 984 1808 1054 λέγεται,

242 1078 328 1130 ἵνα
367 1077 442 1148 μὴ
473 1076 714 1139 ἀντίθεος
745 1076 998 1146 νομισθῇ.

845 1220 1095 1275 ΚΕΦΑΛ.
1127 1218 1228 1274 IB'.

313 1346 562 1417 OJSapoﬁ
587 1347 834 1414 φαίνεται
858 1345 998 1398 λύων
1032 1345 1092 1398 τὸ
1114 1344 1390 1398 Σαὸϐατον
1413 1345 1582 1414 χωρὶς
1608 1343 1813 1406 αἰτίας,

244 1443 331 1495 ἵνα
362 1440 567 1493 καὶτὸν
594 1439 757 1509 νόμον
786 1438 1096 1506 ἀναπαύσῃ,
1131 1437 1369 1500 καὶτοὺς
1415 1435 1702 1497 Ἰουδαίους
1738 1435 1814 1504 μὴ

245 1531 458 1601 πλήξῃ,
491 1530 584 1583 καὶ⁹
614 1531 680 1583 τι
714 1527 967 1598 θαύματα
1001 1527 1211 1597 τελέσῃ.

317 1623 484 1674 Ὅταν
521 1621 595 1690 μὴ
637 1619 983 1688 ὲγκαλῆταιὸ
1026 1615 1362 1687 πεποιηκὼς,
1396 1616 1558 1686 νόμος
1607 1617 1818 1685 γίνεται

245 1712 280 1778 ὴ
335 1710 600 1776 ἀπολογία
651 1708 744 1760 τοῦ
791 1707 1157 1776 τολμήματος·
1218 1707 1377 1759 τοῦτο
1405 1706 1462 1759 δὲ
1516 1707 1649 1776 πρὸς
1694 1707 1820 1768 τοὺς

245 1805 442 1873 ἄρτους
466 1803 561 1871 τῆς
587 1800 897 1870 προθέσεως
923 1802 1119 1853 νοεῖται
1145 1797 1239 1861 οὓς
1264 1799 1432 1868 ἔφαγε
1459 1798 1642 1852 Δαϐίδ.

331 1894 418 1944 Ἐν
459 1893 565 1961 γὰρ
609 1893 717 1952 τοῖς
756 1890 995 1942 Σάϐϐασι
1028 1891 1229 1952 παντὸς
1262 1891 1424 1959 ἔργου
1453 1890 1818 1960 χειροκμήτου
1850 1884 1893 1940 Β

248 1985 663 2053 κεκωλυμένου,
708 1982 861 2036 αὐτοὶ
893 1985 950 2035 ἐν
981 1981 1056 2052 τῷ
1088 1981 1218 2052 ἱερῷ
1247 1983 1298 2034 oi
1355 1983 1520 2051 ἱερεῖς
1570 1979 1819 2045 ὲξυλοκὸ-

249 2097 412 2140 πουν,
449 2079 544 2130 καὶ
577 2077 686 2147 πῦρ
719 2072 892 2148 ἦτὲτον
927 2075 1022 2128 καὶ
1043 2074 1431 2145 ὲκρεανόμουν.

319 2170 418 2222 Διὰ
446 2169 635 2221 τούτου
689 2169 785 2238 τὴν
833 2166 998 2220 αὐτοῦ
1028 2168 1182 2236 ἰσχὺν
1211 2165 1304 2219 καὶ
1357 2166 1664 2236 πραότητα,
1724 2167 1820 2221 καὶ

246 2263 358 2314 τῶν
399 2262 667 2315 Ἰουδαίων
697 2261 758 2314 τὸ
794 2260 1018 2324 ἀσθενὲς
1053 2260 1385 2330 ὑπογράφει,
1431 2259 1512 2311 ὅτι
1545 2259 1621 2322 ὼς
1644 2260 1818 2312 κάλα-

251 2355 352 2424 μος
381 2356 496 2408 ἐστι
538 2353 994 2424 συντετριμμένος
1032 2350 1262 2405 ἐνώπιον
1291 2349 1480 2415 αὐτοῦ,
1514 2350 1566 2402 εί
1600 2366 1664 2418 γε
1698 2349 1823 2420 βού-

248 2445 394 2498 λοιτο
425 2447 620 2507 αὐτοὺς
655 2445 950 2512 ἀφανίσαν
986 2441 1122 2495 ἀλλὰ
1173 2441 1307 2505 τέως
1339 2442 1398 2493 ού
1433 2440 1666 2508 κατάγει
1725 2441 1822 2492 αύ-

247 2538 375 2599 τούς
393 2554 408 2568 ο
447 2539 540 2590 καὶ
573 2537 714 2599 λίνος
735 2538 790 2590 δὲ
823 2514 1362 2606 τυφόμενοαόουμδς
1392 2533 1570 2586 αὐτῶν
1601 2534 1629 2586 6
1655 2535 1822 2587 ἀκατ-

247 2631 472 2698 άσχετος
494 2629 755 2698 δηλωθείη
787 2630 870 2682 ἄν.

335 2721 393 2772 '0
421 2720 620 2786 τυφλὸς
654 2722 746 2772 καὶ
787 2719 968 2789 κωφὸς
998 2720 1063 2771 ἐκ
1097 2717 1191 2771 τοῦ
1221 2718 1470 2788 δαίμονος
1502 2718 1658 2772 τοῦτο
1683 2718 1819 2771 ἔπα-

250 2811 347 2864 θον
366 2827 380 2840 ο
411 2810 525 2862 ἀλλ’
550 2815 577 2865 6
610 2811 845 2882 Χριστὸς
895 2812 974 2873 είς
1017 2811 1079 2862 τὸ
1102 2809 1268 2862 αὐτὸν
1303 2809 1455 2875 ίδεῖν,
1479 2810 1574 2862 καὶ
1601 2810 1670 2862 τὰ
1696 2810 1824 2862 ἑαυ-

257 2900 354 2953 τοῦ
388 2901 642 2966 ἀκοῦσαι,
666 2902 965 2970 ὀμμάτωσε
991 2901 1087 2953 καὶ
1109 2898 1345 2952 ἀκοῦσαι
1374 2898 1819 2968 παρεσκεύασεν’

251 2992 286 3062 ἦ
318 2993 397 3053 εἰς
426 2992 484 3043 τὸ
499 2992 820 3062 δοξασῦἦναι
848 2990 1105 3062 Χριστόν.

324 3091 387 3140 Οί
414 3090 699 3142 ἀπόστολοι
727 3089 990 3159 δηλονότι.

1911 721 2060 772 runt,
2091 711 2296 780 parvuli
2320 718 2707 778 cognoverunt,
2751 707 2908 759 idest
2937 701 3186 770 apostoli.

1982 805 2147 859 Vens.
2173 803 2262 857 26.
2299 803 2454 864 Illud,
2513 800 2632 854 Fuit
2665 800 2921 868 placitum
2948 805 3068 848 ante
3099 805 3166 857 te,
3210 808 3328 863 pro,
3363 792 3481 861 pla-

1914 897 2027 953 cuit
2055 896 2174 957 tibi,
2211 894 2526 963 apponitur.

1984 986 2147 1040 Vens.
2172 986 2260 1038 27.
2298 984 2490 1038 Omnia
2519 982 2644 1034 mihi
2675 981 2874 1032 tradita
2905 987 3025 1031 sunt
3081 994 3113 1030 a
3138 975 3319 1040 Patre,
3350 973 3488 1029 dici-

1916 1089 2026 1144 tur,
2068 1095 2132 1134 ne
2167 1077 2258 1132 Dei
2280 1074 2625 1131 adversarius
2648 1082 2948 1141 reputetur.

2509 1213 2736 1273 CAPUT
2774 1213 2889 1269 XII.

1915 1404 1917 1407 .
1988 1349 2150 1404 Vens.
2185 1347 2236 1401 ‘I.
2265 1343 2462 1399 Nullibi
2516 1342 2761 1396 cernitur
2783 1339 3083 1394 Sabbatum
3131 1337 3347 1392 solvens
3368 1336 3487 1392 sine

1917 1457 2104 1505 causa,
2137 1449 2195 1494 ut
2218 1441 2386 1508 legem
2416 1451 2630 1491 cessare
2654 1433 2836 1498 iaciat,
2861 1430 3153 1486 etJutlzeos
3177 1445 3283 1483 non
3305 1430 3484 1492 liedat,

1917 1541 1970 1587 et
2004 1530 2262 1585 miracula
2298 1531 2563 1598 perlieiat.

1987 1620 2150 1675 Vens.
2191 1621 2242 1673 4.
2281 1619 2509 1685 Quando
2568 1617 2982 1686 reprehenditur
3011 1615 3092 1670 sic
3137 1617 3339 1683 egisse,
3401 1612 3480 1663 lex

1921 1714 1980 1767 lit
2015 1712 2258 1782 apologia
2307 1712 2426 1780 ejus
2481 1708 2754 1772 audaciaa;
2799 1709 2899 1760 hoc
2942 1716 3119 1760 autem
3170 1704 3488 1770 intelligitur

1920 1807 1987 1861 de
2019 1805 2246 1876 panibus
2267 1801 2657 1873 propositionis
2684 1807 2824 1868 quds
2862 1797 3026 1851 David
3055 1796 3312 1850 comedit.

1993 1900 2157 1955 Vens.
2187 1899 2240 1954 5.
2278 1897 2410 1951 Nam
2452 1897 2505 1951 in
2533 1893 2975 1958 Sabbatis,omni
3027 1906 3285 1945 manuum
3328 1904 3491 1957 opere

1919 1992 2215 2062 prohibito,
2273 1991 2374 2059 ipsi
2427 1989 2479 2043 in
2526 1987 2729 2055 templo
2781 1984 3092 2039 sacerdotes
3140 1983 3344 2051 lignum
3397 1995 3487 2034 se-

1920 2095 2068 2147 cant,
2120 2084 2298 2153 ignem
2360 2080 2676 2142 incendunt,
2717 2087 2772 2132 et
2817 2091 3012 2130 carnes
3043 2075 3309 2128 dividunt.

1923 2226 1928 2231 .
1990 2174 2156 2228 Vens.
2217 2174 2307 2226 29.
2343 2173 2445 2226 Per
2485 2173 2585 2225 hoc
2641 2170 2807 2223 robur
2840 2168 3057 2222 illiusct
3101 2166 3487 2230 umnsuetmlo,

1920 2276 1972 2323 et
2004 2264 2310 2321 Iudaeorum
2343 2264 2592 2319 debilitas
2632 2262 3012 2324 aluntbrattir,
3063 2258 3190 2328 quia
3231 2268 3288 2312 ut
3318 2273 3489 2310 aruu-

1921 2360 1991 2414 du
2040 2370 2294 2429 quassata
2343 2373 2529 2412 coram
2595 2357 2689 2408 illo
2754 2363 2900 2417 sunt,
2969 2353 3014 2406 si
3071 2352 3310 2405 voluerit
3367 2351 3494 2403 illos

1921 2451 2217 2512 destruere,
2282 2449 2375 2503 sed
2440 2449 2600 2502 modo
2659 2462 2766 2501 non
2826 2446 2948 2500 illos
3010 2444 3216 2514 dejieit.
3294 2442 3490 2496 Linum

1922 2554 2100 2597 autem
2171 2541 2474 2610 fnmigans,
2551 2554 2645 2594 cor
2706 2553 2896 2592 eorum
2959 2537 3193 2592 indocile
3261 2534 3489 2604 intelligi

1922 2643 2130 2702 posset.

1995 2722 2160 2776 Vens.
2219 2721 2310 2775 9.2.
2375 2720 2566 2774 Caecus
2631 2727 2686 2772 et
2744 2727 2930 2771 mutus
2988 2732 3016 2770 a
3076 2717 3322 2771 dmmone
3383 2717 3495 2769 l:a:c

1922 2815 2264 2884 patiebatur;
2309 2813 2710 2876 scd'Christus,
2764 2819 2824 2866 ut
2874 2809 3149 2865 videretur
3179 2819 3232 2863 et
3279 2807 3497 2861 audire-

1926 2913 2013 2958 tur
2040 2904 2108 2958 ab
2153 2919 2242 2969 eo,
2291 2905 2466 2957 visum
2524 2912 2577 2956 et
2621 2902 2870 2957 auditum
2922 2901 2970 2956 ei
3026 2900 3295 2971 prmstitit,
3326 2897 3409 2952 vel
3439 2905 3496 2951 ut

1921 2997 2198 3052 Christum
2240 2997 2651 3066 glorilicaretur.

1994 3089 2160 3146 Vens.
2211 3091 2299 3144 27.
2356 3091 2600 3160 Apostoli
2632 3087 2937 3144 evidenter.

337 3177 680 3247 Ἐλέγχοντες
747 3180 899 3248 ὑμῶν
968 3179 1069 3250 τὴν
1126 3178 1386 3233 ἀπιστίαν
1448 3177 1543 3234 καὶ
1616 3178 1818 3248 θριαμ-
1850 3215 1894 3275 c
1995 3188 2003 3231 t

1850 3215 1894 3275 ο
1995 3182 2442 3237 Condemnantes
2502 3189 2743 3235 vestram
2804 3177 3243 3233 incredulitatem
3299 3183 3354 3230 et
3425 3173 3493 3228 de

251 3267 525 3330 δεύοντες.

323 3355 436 3423 υύχ
463 3356 496 3424 ἡ
525 3354 772 3425 δευτέρα,
803 3355 917 3408 ἀλλ’
954 3357 986 3426 ἡ
1022 3354 1234 3427 πρώτη,
1275 3357 1361 3424 ἐφ’
1459 3358 1672 3428 χαίρειν
1702 3358 1823 3412 δέον

254 3449 350 3501 καὶ
378 3449 657 3517 ἁνυμνεῖν,
689 3448 844 3518 ὑμεῖς
873 3447 1158 3518 ὀργίζεσθε
1189 3449 1282 3501 καὶ
1303 3448 1643 3505 διαϐάλλετε.

324 3629 422 3693 Τὸ,
469 3629 602 3683 Ἐὰν
629 3627 716 3696 μὴ
771 3627 936 3697 δήσῃ
971 3630 1076 3683 τὸν
1107 3630 1381 3698 ίσχυρὸν,
1446 3631 1537 3684 τὸν
1603 3632 1826 3702 ἰσχυρὸν

253 3720 402 3789 λέγει
432 3721 522 3774 τὸν
556 3720 818 3786 διάϐολον,
848 3721 946 3773 οὐκ
996 3722 1061 3774 ὲκ
1083 3721 1183 3792 τῆς
1233 3720 1396 3776 αὐτοῦ
1432 3723 1671 3791 φύσεως,
1707 3724 1822 3778 ἀλλ’

255 3815 322 3870 ὲκ
352 3816 451 3884 τῆς
479 3816 751 3885 ἡμετέρας
781 3815 1062 3884 ἀμελείας.

344 3907 407 3960 Ὀ
432 3906 518 3974 μὴ
558 3905 642 3958 ὢν
661 3906 789 3974 μετ’
825 3907 993 3974 ἐμοῦ,
1037 3907 1165 3959 κατ’
1195 3905 1340 3974 ἐμοῦ
1387 3906 1596 3970 ἐστιν,’
1621 3909 1823 3962 σκοπὸν

257 3999 369 4069 ἔχει
400 3997 659 4062 τοιοῦτον,
688 3999 771 4050 ὅτι
815 3996 955 4064 Ἐγὼ
1004 3997 1103 4066 μὲν
1135 3998 1335 4066 ἀρετὴν
1371 3997 1632 4064 διδάσκω,
1686 4000 1736 4052 οἱ
1768 4000 1824 4053 δὲ

255 4091 510 4161 δαίμονες
541 4090 607 4143 τὰ
652 4088 869 4142 ὲναντία
916 4089 1146 4152 τούτοις.
1193 4088 1315 4150 Πῶς
1369 4083 1463 4141 οὖν
1506 4091 1534 4142 6
1589 4089 1664 4159 μὴ
1707 4093 1823 4160 μετ’

256 4181 393 4251 ἐμοῦ
425 4181 523 4243 ὢν,
552 4181 676 4249 ἐμοὶ
700 4180 1073 4250 συμπράττειν
1100 4179 1319 4248 ἔμελλεν
1343 4193 1358 4241 ς

341 4272 785 4342 Ἀπροφααίστως
801 4289 814 4302 ·
848 4269 1005 4325 τοῦτο
1027 4270 1207 4338 ’δῆλον
1231 4271 1615 4341 ἀμετανοήτων
1640 4270 1826 4340 μενόν-

258 4380 364 4421 των
395 4365 704 4432 ἑκατέρων·
746 4365 794 4416 εἰ
829 4362 892 4432 δή
923 4378 987 4430 γε
1020 4361 1178 4426 ἀξίαν
1198 4363 1300 4431 τῆς
1331 4363 1606 4433 ἁμαρτίας
1654 4365 1825 4431 μετά-

254 4472 408 4508 νοιαν
438 4454 816 4517 ἐπιδείξαιντο,
855 4453 1219 4523 ἀφεθήσεται·
1276 4456 1304 4506 6
1350 4455 1450 4522 μὲν
1476 4453 1572 4526 τὴν
1606 4455 1825 4524 ἐκείνην

1928 3273 2080 3327 vobis
2112 3273 2529 3341 triumphantes.

1999 3362 2164 3420 Vens.
2222 3363 2312 3417 28.
2364 3361 2479 3416 Non
2509 3362 2829 3427 secundum,
2859 3395 2893 3415 ο-
2921 3361 2952 3414 d
3001 3361 3235 3432 primum
3267 3371 3495 3428 regnum

1927 3457 1980 3511 in
2026 3471 2136 3525 quo
2184 3454 2353 3509 laztari
2402 3461 2617 3524 oportet
2659 3463 2713 3508 et
2761 3461 3002 3517 cantare,
3053 3465 3148 3522 vos
3196 3446 3495 3504 irascimini

1925 3557 1979 3602 et
2002 3547 2228 3617 rejicitis

1999 3637 2161 3693 Vens.
2217 3638 2308 3692 29.
2359 3636 2478 3691 Nisi
2517 3637 2666 3706 prius
2702 3635 3004 3706 alligaverit
3045 3635 3262 3704 fortem;
3301 3635 3492 3702 fortem

1925 3728 2201 3782 diabolum
2232 3727 2453 3792 indicat,
2486 3743 2593 3782 non
2620 3741 2684 3781 ex
2714 3726 2834 3798 ejus
2851 3736 3070 3791 natura,
3091 3725 3182 3780 sed
3211 3739 3274 3778 ex
3311 3732 3494 3777 nostra

1927 3819 2276 3888 negligentia.

1999 3908 2162 3965 Vens.
2225 3911 2314 3965 30.
2368 3910 2473 3975 Qui
2530 3925 2632 3963 non
2687 3919 2761 3962 cst
2795 3924 2994 3962 mecum
3041 3916 3224 3960 contra
3268 3920 3349 3958 me
3394 3916 3497 3967 est,

1927 3998 2088 4053 talem
2117 3998 2278 4053 habet
2308 3999 2764 4070 signiﬁcationem
2799 4015 2811 4051 ε
2848 3998 2958 4067 Ego
2990 3997 3206 4064 quidem
3240 3995 3495 4048 virtutem

1927 4089 2116 4151 doceo,
2166 4090 2442 4144 daemones
2469 4105 2597 4145 vero
2621 4089 2922 4143 contraria.
2976 4087 3264 4153 Quomolo
3334 4086 3498 4151 igitur

1927 4181 2018 4251 qui
2052 4197 2159 4234 non
2189 4190 2273 4234 est
2301 4196 2539 4245 mecum,
2600 4196 2814 4235 mecum
2851 4179 3063 4249 operari
3099 4177 3358 4232 deberet?

2000 4274 2164 4328 Vens.
2225 4274 2555 4342 5|.Absque
2608 4274 3004 4336 excusatione;
3034 4271 3165 4326 illud
3215 4269 3498 4324 evidenter

1926 4365 2057 4420 dum
2090 4375 2381 4435 utrumque
2416 4366 2537 4419 sine
2562 4364 2883 4434 pmnitcntia
2917 4362 3264 4426 remanserit;
3299 4361 3341 4414 si
3370 4376 3499 4413 vero

1928 4456 2145 4523 dignam
2169 4457 2373 4526 peccati
2395 4454 3146 4527 pmnitentiamexhibuerint,
3175 4455 3495 4515 remittetur;

253 4546 416 4614 δίκην
455 4548 520 4615 ἣν
551 4546 642 4597 καὶ
669 4545 922 4612 ,ὑπέτεινε
962 4545 1130 4613 μόνην
1154 4561 1168 4574 ·
1199 4546 1226 4598 6
1254 4544 1312 4598 δὲ
1366 4543 1433 4607 ἃς
1465 4539 1665 4614 ὦφλεν,
1726 4548 1824 4616 τήν
1856 4555 1900 4611 ι)

1856 4555 1900 4611 D
1929 4546 2005 4602 illi
2039 4546 2260 4615 quidem
2311 4562 2526 4616 pcenam
2563 4545 2615 4600 in
2645 4561 2808 4616 quam
2845 4546 3016 4600 solam
3058 4546 3317 4611 incurrit;
3373 4544 3497 4598 huic

256 4655 319 4691 τε
354 4637 586 4691 ἐνταῦθα
614 4638 706 4690 καὶ
729 4637 827 4705 τὴν
858 4635 1092 4690 ἐκεῖθεν.

343 4821 704 4892 ’Δφεοήσεται
759 4823 869 4884 τοῖς
899 4819 1265 4892 ἁνθρώποιςή
1306 4825 1386 4886 εἰς
1413 4823 1506 4875 τὸν
1557 4823 1682 4875 Υἱῦν
1731 4823 1827 4877 τοῦ

259 4915 552 4984 ἀνθρώπου
586 4913 829 4982 ἁμαρτία
857 4915 915 4966 ὲν
950 4913 1029 4982 τῷ
1057 4913 1150 4966 νῦν
1189 4915 1348 4967 αἰῶνι
1373 4931 1387 4945 ’
1425 4916 1518 4968 καὶ
1546 4915 1606 4967 ού
1645 4915 1830 4968 τίσου-

261 5027 349 5063 σιν
389 5008 527 5080 ύπὲρ
558 5008 726 5077 αὐτῆς
761 5007 994 5061 ἐνταῦθα
1033 5007 1210 5077 δίκην,
1246 5010 1305 5061 ὲν
1338 5008 1522 5077 μέντοι
1584 5008 1661 5078 τῷ
1699 5009 1830 5076 μέλ-

260 5096 409 5149 λοντι
452 5095 800 5148 ἀποτίσουσιν
820 5111 836 5125 ·
889 5096 922 5164 ἡ
949 5094 994 5147 δ’
1028 5097 1106 5158 είς
1139 5095 1200 5148 τδ
1230 5096 1454 5167 Πνεῦμα
1485 5097 1827 5166 βλασφημία,

260 5188 385 5243 οὔτε
415 5189 473 5240 ἐν
502 5187 581 5252 τῷ
611 5188 704 5241 νῦν
736 5187 860 5240 οὔτε
915 5190 972 5242 ὲν
1025 5187 1103 5258 τῷ
1156 5187 1400 5257 μέλλοντι
1457 5189 1787 5260 ἀφεθήσεται
1813 5204 1828 5219 ⁸

262 5281 486 5350 καὶγὰρ
511 5280 607 5349 ὂλη
638 5280 784 5332 ἐστὶν
816 5280 848 5347 ἡ
881 5279 1105 5348 τοιαύτη
1142 5279 1411 5347 ἁμαρτία.

335 5372 427 5442 Τῷ
457 5371 867 5440 βλασφημοῦντι
929 5372 1009 5434 εἰς
1071 5371 1131 5423 τὸ
1164 5371 1386 5440 Πνεῦμα
1431 5371 1531 5424 οὐκ
1565 5371 1834 5442 ἀφεθήσε-

262 5479 356 5515 ται
381 5479 394 5491 ο
428 5460 586 5513 τοῦτο
610 5461 666 5513 δὲ
697 5461 840 5527 λέγει
893 5460 1020 5529 περὶ
1051 5460 1145 5513 τοῦ
1178 5459 1336 5526 ἁγίου
1363 5459 1681 5530 Πνεύματος
1737 5461 1835 5513 καὶ

264 5554 373 5607 τῶν
407 5553 647 5622 σημείων
691 5546 766 5604 ὧν
794 5552 967 5605 ἐποίει
991 5570 1007 5586 ο
1068 5553 1128 5605 τὸ
1184 5552 1262 5614 δὲ,
1316 5555 1436 5606 Οὐκ
1467 5553 1835 5621 ἀφεθήσεται

264 5646 403 5700 οὕτε
428 5644 495 5696 ἐν
525 5643 602 5709 τῷ
635 5645 749 5698 νῦν
782 5644 918 5698 οὔτε
967 5644 1036 5697 ἐν
1093 5641 1169 5708 τῷ
1216 5643 1524 5712 μέλλοντι,
1585 5646 1698 5708 τοῖς
1760 5644 1836 5715 μὴ

267 5737 608 5809 μετανοοῦσι,
643 5737 812 5805 λέγει.

341 5827 435 5888 Τὸ.
469 5830 542 5883 Ἢ
566 5827 858 5897 ποιήσατε
909 5828 976 5883 τὸ
1009 5827 1261 5899 δένδρον
1283 5829 1548 5924 σαπρὸιίἰ
1576 5830 1672 5885 xui
1730 5830 1833 5885 τὸν

1931 4648 2111 4692 autem
2147 4653 2285 4708 quas
2314 4638 2562 4704 debebat,
2589 4653 2805 4708 ptenam
2836 4639 2891 4692 in
2923 4639 3026 4693 hoc
3065 4638 3288 4703 saeculo,
3311 4645 3362 4691 et
3385 4652 3497 4706 po:-

1930 4742 2055 4783 nam
2093 4728 2145 4781 in
2181 4727 2383 4783 futuro.

2005 4819 2328 4872 Remittetur
2351 4821 2662 4875 hominibus
2682 4821 2734 4874 in
2751 4820 2945 4874 Filium
2967 4819 3204 4874 hominis
3219 4828 3495 4887 peccatum

1932 4911 1986 4963 in
2018 4911 2120 4964 hoc
2156 4912 2408 4978 praesenti
2447 4913 2681 4978 smeulo;
2714 4922 2768 4966 et
2800 4928 2905 4966 non
2937 4928 3125 4982 pmnas
3164 4912 3231 4965 de
3277 4914 3368 4965 illo
3402 4913 3490 4966 hic

1932 5002 2102 5064 luent,
2133 5002 2185 5055 in
2225 5002 2408 5057 futuro
2442 5019 2575 5059 vero
2625 5006 2868 5069 solvent;
2923 5005 3257 5074 blasphemia
3311 5015 3492 5058 autem

1934 5094 1987 5148 in
2041 5093 2325 5163 Spiritum,
2364 5111 2541 5166 neque
2591 5097 2642 5149 in
2693 5096 2944 5164 przesenti
2993 5111 3168 5164 neque
3205 5097 3255 5148 in
3309 5095 3494 5148 futuro

1932 5187 2253 5250 remittetur;
2308 5187 2506 5240 ctenim
2570 5185 2883 5239 universum
2920 5197 3004 5241 est
3053 5187 3157 5241 tale
3190 5195 3493 5256 peccatum.

2004 5370 2402 5442 Blasphemanti
2436 5371 2488 5424 in
2553 5370 2815 5440 Spiritum
2856 5385 2966 5425 non
3014 5370 3349 5424 remittetur.
3385 5367 3496 5424 Hoc

1935 5473 2113 5518 autem
2143 5463 2271 5517 dicit
2311 5462 2377 5517 de
2408 5472 2600 5518 saneto
2632 5463 2837 5532 Spiritu
2873 5474 2928 5518 et
2965 5463 3136 5532 signis
3171 5478 3292 5532 qum
3329 5462 3494 5516 facie-

1935 5554 2042 5608 bat.
2115 5553 2348 5607 Diccndo
2404 5569 2573 5607 vero:
2618 5550 2738 5606 Non
2795 5554 3089 5605 rentiuetur
3117 5553 3357 5619 nequcin
3399 5552 3494 5607 hoc

1934 5647 2125 5700 sa'culo
2173 5663 2332 5715 neque
2369 5648 2423 5700 in
2463 5646 2663 5714 futuro,
2714 5645 2782 5701 de
2836 5661 2940 5701 non
2982 5645 3370 5716 pmnitcntibus
3421 5645 3491 5701 l0-

1936 5737 2140 5807 quitur.

2009 5827 2168 5884 Vens.
2206 5829 2292 5883 55.
2348 5828 2504 5898 Illud,
2542 5829 2642 5884 Aut
2693 5831 2849 5894 facile
2902 5831 3138 5888 arborem
3171 5833 3385 5892 malam.
3443 5842 3492 5886 ct
