4220 6432
765 377 902 443 1115

1470 381 1861 444 OPUSCULA
1896 384 2533 447 SCRIPTURISTICA
2574 387 2926 449 INCERTIE
2964 390 3279 451 lETATIS.

3873 390 4026 455 1116

832 494 1000 549 Vens.
1043 495 1135 550 55.
1179 494 1362 549 Simile
1388 504 1464 548 est
1503 513 1719 566 regnum
1756 497 1849 551 Dei
1881 499 2158 567 fernwnto,
2197 499 2336 570 quod

2512 501 2614 566 Τὸ,
2658 502 2855 571 Ὁμοία
2895 503 3072 557 ἐστὶν
3100 504 3139 571 ἡ
3178 504 3471 569 βασιλέα
3516 503 3622 559 τοῦ
3654 506 3804 561 Θεοῦ
3842 508 4024 579 ζύμῃ,

760 588 1021 654 accipiens
1071 588 1259 639 mulier
1308 588 1584 640 absromlit
1626 590 1679 641 in
1715 590 1909 657 farina:
1957 594 2093 645 salis
2123 594 2327 658 (ribus,

761 680 923 731 (innec
955 679 1325 746 {eruteutatum
1360 689 1435 731 est
1468 689 1660 731 totum.
1702 678 2051 735 Fermentum
2084 680 2328 737 divinum

760 772 987 824 verbum
1036 772 1088 823 iu
1121 771 1384 839 apostolis
1418 781 1522 834 est,
1555 771 1698 839 quod
1750 781 1998 841 penetrat
2032 787 2129 842 per
2171 789 2326 828 suam

761 864 1012 915 virtutem
1068 863 1382 917 universum
1436 863 1732 927 mundum,
1798 866 1942 918 velut
1998 864 2327 920 fermentum

762 974 853 1028 per
901 975 1056 1013 suam
1089 960 1198 1012 vim
1237 960 1492 1013 farinam.
1528 960 1655 1015 'I‘ria
1702 971 1841 1026 sata,
1889 968 1992 1030 prd
2021 962 2210 1016 multis
2244 963 2329 1016 di-

759 1060 999 1114 cuntur;
1031 1066 1129 1120 pro
1165 1050 1513 1104 multitudine
1545 1053 1691 1105 enim
1727 1053 1870 1107 hunc
1899 1068 2188 1107 numerum
2236 1070 2329 1109 su-

760 1155 907 1192 mere
942 1139 1227 1210 Scriptura
1252 1140 1466 1207 suevit;
1498 1143 1591 1195 ερά
1621 1142 1785 1196 etiam
1815 1143 2007 1207 exteri,
2044 1153 2139 1198 ttt:
2180 1165 2197 1196 ι
2224 1144 2330 1199 Ter

760 1229 899 1283 beati
934 1227 1121 1282 Danai.
1161 1249 1180 1279 ο
2093 1240 2128 1262 θ’

834 1320 993 1374 Vens.
1042 1320 1132 1374 56.
1189 1320 1326 1376 Cum
1386 1322 1442 1375 in
1506 1324 1783 1392 parabolis
1833 1324 2161 1394 loquebatur
2213 1327 2325 1394 eis,

761 1413 1112 1480 interrogans
1140 1412 1207 1465 ad
1259 1428 1354 1466 eos
1405 1428 1463 1466 se
1507 1413 1819 1481 dirigebat;
1849 1432 1972 1469 eum
2012 1418 2196 1471 nullus
2241 1418 2326 1470 itt-

760 1513 1087 1571 terrogarct,
1121 1503 1402 1557 dimittens
1429 1518 1525 1558 eos
1559 1504 1708 1558 abiit.

829 1596 942 1649 Cur
985 1596 1051 1648 ad
1101 1595 1252 1647 illum
1299 1594 1504 1649 adt-unt
1552 1611 1674 1650 cum
1720 1597 1970 1651 libertate
2025 1611 2328 1667 qurerentes

759 1685 1177 1753 explicationem
1240 1686 1514 1755 parabolte
1583 1689 1960 1743 zizaniorum?
2016 1692 2154 1755 Quia
2212 1693 2324 1761 jam

758 1777 1044 1830 audierant
1078 1796 1091 1831 :
1138 1775 1292 1829 Vobis
1321 1778 1502 1829 datum
1541 1788 1617 1831 est
1660 1782 1842 1832 audire
1878 1784 2126 1850 mysteria
2161 1785 2325 1852 regni.

2434 592 2516 661 ἢν
2558 594 2835 649 λαϐοῦσα
2893 598 3050 665 γυνὴ
3105 597 3377 677 ἔκρυψεν
3416 600 3504 663 εἰς
3549 601 3810 667 ἀλεύρου
3857 603 4025 655 σάτα

2434 688 2586 755 τρία,
2612 687 2723 753 ἕως
2750 684 2822 744 οὗ
2856 687 3119 758 ἐζυμώθη
3158 690 3328 744 ὅλον.
3368 689 3523 761 Ζύμη
3556 690 3585 741 ὀ
3622 691 3764 755 θεῖος
3798 691 3964 761 λόγος
3994 696 4026 747 ό

2435 765 2495 830 ιν
2521 779 2634 838 τοῖς
2672 777 3013 840 ἀποστόλοις,
3045 780 3074 831 ὁ
3115 780 3460 848 μεταστήσας
3509 779 3647 847 πρὸς
3679 780 3778 849 τὴν
3812 780 4024 834 ἑαυτοῦ

2434 869 2665 938 δύναμιν
2704 868 2796 921 τὸν
2840 872 3017 923 πάντα
3068 869 3311 939 κόσμον⁸
3354 868 3545 939 ῶσπερ
3599 873 3632 940 ἡ
3674 871 3824 941 ζύμη
3878 873 4026 941 πρὶς

2433 963 2532 1031 τὴν
2572 962 2773 1032 ἑαυτῆς
2815 963 2968 1032 ίσχύν
3017 962 3078 1015 τὸ
3115 962 3378 1032 ἀλευρον’
3431 963 3559 1033 τρία
3606 963 3663 1015 δὲ
3710 962 3889 1027 σάτα,
3948 967 4022 1015 τά

2435 1051 2606 1105 πολλά
2638 1051 2825 1120 λέγει’
2877 1053 2970 1106 ἐπὶ
3009 1053 3246 1123 πλήθους
3295 1053 3405 1124 γὰρ
3451 1055 3544 1107 τὴν
3582 1053 3818 1123 ἀριθμὸν
3861 1054 4022 1106 τόνδε

2433 1142 2729 1213 λαμϐάνειν
2778 1144 2812 1213 ἡ
2846 1144 3037 1214 Γραφὴ
3086 1145 3333 1213 πέφυκεθ
3378 1145 3514 1199 ἀλλᾶ
3547 1145 3639 1199 καὶ
3670 1147 3722 1198 oi
3765 1144 3896 1210 ἔξω,
3941 1143 4024 1207 ὥς

2433 1236 2515 1301 τὸ,
2551 1256 2570 1287 ι
2606 1236 2996 1308 Τρισμάκαρες
3024 1236 3242 1290 Δαναοί.
3285 1256 3305 1289 ι

2505 1327 2630 1379 Ὅτι
2666 1328 2724 1380 ἐν
2766 1325 3102 1396 παραϐολαῖς
3140 1325 3320 1379 ἐλάλει
3357 1326 3574 1389 αὐτοῖς,
3612 1326 3691 1388 εἰς
3738 1327 4022 1396 ἐρωῃσιν

2432 1418 2630 1482 αὐτοὺς
2665 1419 3107 1489 προτρεπόμενος
3126 1435 3139 1449 ·
3168 1417 3357 1489 ἐπειδὴ
3389 1418 3447 1471 δὲ
3485 1418 3661 1480 οὐδεὶς
3691 1416 4015 1489 ἠρώτησεν,

2432 1510 2593 1578 ἀφεὶς
2626 1510 2825 1573 αὐτοὺς
2854 1510 3117 1580 ἀπῆλθεν.

2501 1600 2597 1654 Διά
2627 1602 2678 1653 τί
2706 1601 3014 1671 προσῆλθον
3038 1600 3189 1670 αὐτῷ
3216 1603 3353 1671 μετά
3376 1602 3688 1674 παρρησίας
3716 1602 4018 1673 ζητοῦντες

2432 1692 2532 1761 τὴν
2570 1691 2722 1745 λύσιν
2755 1693 2854 1761 τῆς
2902 1692 3217 1765 παραϐολῆς
3256 1692 3367 1745 τῶν
3406 1693 3702 1759 ζιζανίωνς
3748 1696 3873 1747 Ὅτι
3909 1695 4017 1763 ἤδη

2437 1784 2698 1853 ἥκουσανθ
2738 1782 2912 1852 ’Υμῖν
2942 1784 3177 1837 δέδοται
3200 1784 3446 1838 ἀκούειν
3476 1785 3547 1837 τὰ
3571 1784 3882 1853 μυστήρια
3904 1784 4019 1852 τῆς

761 1870 825 1921 Et
847 1885 945 1921 cur
978 1869 1029 1922 in
1063 1869 1376 1937 particulari
1417 1871 1797 1939 interrogant?
1824 1872 1939 1927 Non
1966 1876 2111 1945 quod
2142 1878 2328 1930 multi-

2431 1873 2754 1939 ,ϐασιλείας
2779 1889 2791 1902 ’
2826 1873 2919 1926 καὶ
2946 1874 3034 1927 διὰ
3063 1874 3115 1927 τί
3146 1875 3268 1926 κατ’
3306 1874 3443 1927 ἰδίαν
3473 1873 3788 1943 ὲρωτῶσινς
3827 1874 3904 1925 Οὐ
3934 1873 4017 1939 τῷ

763 1961 933 2014 tudini
986 1959 1298 2023 invidet-int,
1339 1961 1431 2015 sed
1483 1971 1540 2015 ut
1582 1964 1786 2018 Christi
1833 1966 2003 2034 legem
2051 1978 2331 2024 servarent

760 2054 993 2106 dicentis
1031 2053 1153 2107 aliis
1190 2069 1297 2106 non
1329 2070 1449 2107 esse
1488 2055 1696 2110 datum.
1734 2056 2018 2128 Tanquam
2058 2061 2126 2114 de
2152 2071 2332 2115 extra-

764 2159 863 2197 nea
908 2144 1081 2213 magis
1115 2144 1450 2197 zizaniorum
1492 2148 1751 2215 parabola
1787 2149 2148 2219 interrogant,
2177 2169 2331 2218 para-

762 2236 918 2289 bolas
943 2251 1072 2288 vero
1097 2235 1301 2304 sinapis
1327 2247 1381 2291 et
1403 2236 1651 2291 tormenti
1686 2242 2124 2308 pnetermittunt.
2156 2243 2331 2313 Opor-

764 2337 841 2381 ιιιι
889 2328 1029 2379 seire
1064 2327 1206 2395 quod
1248 2322 1689 2397 quandoquide’in
1738 2333 1992 2396 seminat,
2025 2349 2120 2402 per
2159 2351 2217 2389 se
2248 2352 2331 2389 se-

764 2422 970 2485 minat;
1003 2421 1135 2473 dicit
1164 2420 1343 2473 enim:
1375 2419 1477 2485 Qui
1504 2423 1727 2474 seminat
1756 2423 2128 2478 bommtsemeu
2156 2424 2331 2480 Filius

762 2521 838 2565 est
873 2511 1134 2572 hominis;
1176 2511 1399 2578 quando
1448 2521 1630 2563 autem
1676 2515 1942 2581 castigat,
1979 2531 2072 2583 per
2112 2517 2332 2585 angelus

765 2602 898 2655 illud
927 2601 1076 2655 facit.
1104 2600 1353 2655 Ostendit
1382 2601 1458 2655 sic
1489 2602 1872 2671 benignitatem
1901 2604 1954 2657 in
1987 2606 2329 2673 seminando,

766 2695 817 2748 id
855 2704 938 2748 est
984 2694 1035 2746 in
1068 2693 1447 2763 praedicando,
1484 2703 1537 2747 et
1578 2708 1608 2747 a
1643 2696 1821 2763 poenis
1865 2697 2147 2753 sumendis
2178 2712 2332 2754 aver-

762 2786 995 2841 sionem.

835 2874 1001 2929 Vens.
1052 2875 1141 2931 57.
1175 2875 1309 2939 Cur,
1350 2878 1550 2931 amotis
1593 2877 2110 2949 turbis,diseipulos
2144 2881 2196 2936 in
2239 2898 2335 2953 pa-

730 2970 968 3023 'rabolis
1010 2970 1349 3039 alloquitur?
1398 2969 1670 3036 Quoniam
1720 2972 2080 3041 sapientiores
2121 2990 2187 3030 ex
2219 2975 2331 3046 jam

761 3060 923 3115 dietis
953 3060 1224 3130 parabolis
1258 3060 1384 3115 facti
1414 3072 1592 3116 erant.
2352 3069 2357 3076 '

2434 1966 2628 2036 πλήθει
2664 1965 3083 2036 βασκαίνοντες,
3130 1966 3265 2020 ἀλλά
3293 1966 3385 2019 τὸν
3427 1966 3588 2035 νόμον
3633 1964 3877 2034 Χριστοῦ
3908 1983 4016 2033 φυ-

2431 2060 2716 2121 λάττοντες
2764 2060 2855 2111 τὸν
2909 2059 3156 2127 λέγοντα,
3198 2060 3280 2111 ὅτι
3305 2058 3489 2121 αὐτοῖς
3526 2058 3588 2111 οὐ
3622 2057 3855 2110 δέδοται.
3925 2058 4017 2120 Ὡς

2431 2152 2738 2221 δεινοτέρας
2764 2150 2930 2215 οὔσης
2952 2153 3052 2220 τῆς
3082 2151 3188 2203 τῶν
3220 2150 3475 2215 ζιζανίων
3508 2151 3852 2221 παραϐολῆς,
3882 2151 4017 2203 ταὺ-

2430 2260 2532 2311 την
2561 2242 2843 2312 ἐρωτῶσι*
2875 2242 2975 2311 τὴν
3006 2242 3062 2295 δὲ
3096 2240 3193 2295 τοῦ
3232 2242 3506 2303 σινάπεως
3551 2242 3645 2293 καὶ
3692 2241 3791 2309 τῆς
3830 2239 4015 2309 ζύμης

2432 2338 2711 2407 παρῆκαν.
2748 2335 2869 2406 Χρὴ
2900 2336 3121 2399 εἰδέναι,
3169 2335 3252 2387 ὅτι
3284 2334 3371 2388 ὅτε
3391 2336 3487 2402 μὲν
3509 2332 3747 2402 σπείρει,
3777 2333 3848 2385 δι’
3888 2332 4017 2383 ἑαυ-

2431 2425 2526 2480 τοῦ
2581 2426 2834 2496 σπείρει*
2888 2426 3036 2494 λέγει
3078 2426 3186 2495 γάρ
3215 2443 3230 2457 ·
3292 2426 3356 2477 '0
3399 2425 3665 2491 σπείρων
3704 2424 3770 2477 τὸ
3816 2425 4015 2476 καλιῖν

2433 2517 2691 2585 σπέρμα,
2725 2516 2904 2569 ἐστιν
2943 2519 2976 2570 ό
3018 2516 3154 2581 Υἱὸς
3185 2515 3292 2569 τοῦ
3326 2514 3645 2582 (irarum-Iov
3672 2532 3685 2544 ·
3712 2515 3799 2567 ὅτε
3824 2514 3883 2565 δὲ
3918 2530 4014 2565 zo-

2433 2607 2607 2673 λάζει,
2639 2606 2725 2660 διὰ
2758 2606 2865 2658 τῶν
2900 2606 3150 2675 ἀγγέλων
3174 2604 3334 2658 τοῦτο
3368 2607 3539 2656 ποιεῖ·
3568 2602 3742 2657 οὖτωε
3767 2602 4012 2655 δείκνυσι

2434 2696 2529 2752 καὶ
2584 2697 2684 2768 τὴν
2730 2696 3143 2765 φιλανθρωπίαν
3182 2696 3242 2747 ἰν
3275 2695 3355 2763 τῷ
3410 2694 3676 2764 σπείρειν,
3716 2694 3889 2763 ἡγουν
3930 2691 4014 2761 τῷ

2433 2786 2730 2847 διδάσκειν.
2758 2787 2854 2839 καὶ
2878 2786 2941 2839 τὸ
2971 2786 3109 2857 πρὸς
3134 2785 3407 2854 τιμωρίαν
3440 2784 3901 2854 ἡλλοτριωμένον.

2510 2877 2613 2930 Διά
2630 2878 2703 2941 τί,
2734 2876 3210 2947 ἀναχωρησάντων
3242 2875 3351 2929 τῶν
3382 2874 3573 2943 mw,
3594 2874 3705 2935 τοῖς
3737 2873 4017 2943 μαθηταῖς

2434 2971 2493 3023 ὲν
2528 2969 2863 3040 παραϐολαῖς
2890 2968 3229 3036 διαλέγεται;
3255 2967 3472 3037 Ἐπειδὴ
3493 2966 3790 3037 σοφώτεροι
3812 2968 3879 3018 ἐκ
3905 2965 4017 3016 τῶν

2435 3063 2742 3134 εἰρημένων
2783 3061 2883 3131 ἤδη
2924 3060 3247 3131 παραϐολῶν
3280 3060 3552 3127 ἐγένοντο.

834 3150 998 3208 Vens.
1028 3152 1120 3205 42.
1151 3152 1205 3205 In
1233 3154 1502 3223 supplicio
1532 3153 1818 3211 sumendo.
1844 3153 2116 3211 Memento
2146 3166 2328 3213 autem

2467 3151 2485 3170 ⁹
2518 3155 2607 3207 Ἐν
2662 3154 2742 3222 τῷ
2791 3151 3041 3215 κολάζειν
3066 3168 3081 3183 ⁶
3120 3151 3393 3222 μνήσθητι
3434 3150 3491 3203 δὲ
3522 3150 3604 3201 ὅτι
3654 3148 3752 3200 καὶ
3789 3147 3885 3199 ἐπὶ
3917 3144 4015 3199 τοῦ

764 3241 909 3312 quod
940 3242 993 3296 in
1025 3242 1299 3296 Abraham
1332 3251 1385 3296 et
1417 3241 1720 3299 Sodomitis
1746 3244 1887 3299 idem
1918 3246 2125 3301 fecerit.

837 3331 1003 3387 Vens.
1048 3332 1139 3386 ιδ.
1189 3332 1370 3399 Quare
1413 3334 1549 3389 alias
1592 3334 1725 3401 justi
1770 3336 2115 3391 adducuntur
2149 3337 2332 3406 primi.

762 3422 853 3477 hic
914 3432 1095 3477 autem
1143 3434 1428 3494 postquam
1480 3427 1800 3496 praecipitati
1850 3435 1980 3483 sunt
2016 3438 2335 3498 peccatores

762 3514 816 3567 in
857 3515 1393 3583 condemnationem,
1444 3527 1575 3573 tunc
1625 3518 1754 3585 iusti
1804 3518 2120 3588 fulgebunt?
2151 3522 2333 3577 Addu-

761 3615 964 3658 cuntur
1004 3606 1165 3676 primi
1215 3608 1350 3677 justi
1396 3610 1633 3664 venienti
1668 3611 1887 3665 Christo
1917 3612 2133 3665 obviam
2166 3613 2330 3681 ituri;

760 3704 976 3751 astante
1032 3708 1212 3752 autem
1249 3700 1342 3753 illo
1381 3710 1435 3753 et
1473 3701 1687 3757 traditis
1729 3702 1795 3756 ad
1846 3703 2173 3773 supplicium
2206 3720 2333 3775 pec-

760 3787 1059 3853 catoribus,
1094 3799 1223 3847 tunc
1249 3793 1301 3847 ln
1326 3809 1551 3863 regnum
1581 3794 1845 3849 emlorum
1877 3796 2082 3850 intrant
2104 3796 2259 3867 justi.

842 3980 1004 4032 \‘ens.
1036 3976 1125 4032 45.
1165 3978 1446 4047 llargarita
1479 3979 1715 4048 pretiosa
1755 3994 1785 4034 a
1827 3981 1963 4035 mari
1994 3990 2098 4046 est,
2128 3990 2183 4036 et
2211 3997 2329 4035 ma-

764 4071 853 4142 gni
891 4070 1047 4141 pretii
1098 4070 1400 4123 azstimatur
1455 4070 1528 4124 ob
1580 4070 1955 4125 difﬁcultatem
1996 4073 2327 4129 inveniendi.

763 4160 881 4214 Non
934 4173 1115 4214 escam
1173 4158 1393 4227 praebet,
1448 4158 1539 4213 sed
1582 4159 1943 4228 jactantiam;
2001 4178 2109 4217 non
2171 4172 2332 4231 potus

759 4250 1154 4322 iucunditatem
1209 4248 1447 4318 praebet,
1510 4248 1605 4302 sed
1665 4252 1957 4304 multarum
2018 4251 2328 4306 divitiarmn

764 4342 991 4405 famam,
1031 4339 1341 4409 superbiam
1382 4338 1785 4407 producentem.
1827 4340 2024 4395 Eadem
2069 4342 2204 4396 levis
2246 4352 2332 4397 est

762 4432 1055 4503 ponderis;
1118 4445 1389 4500 parvaque
1437 4446 1561 4484 eum
1620 4431 1727 4495 sit,
1781 4446 1974 4499 magna
2014 4442 2227 4501 potest,
2277 4445 2332 4488 et

2448 3244 2698 3315 Ἀϐραὰμ
2731 3244 2826 3300 καὶ
2857 3244 2965 3297 τῶν
2994 3241 3300 3312 Σοδομιτῶν
3327 3240 3486 3295 τοῦτο
3521 3242 3687 3293 ποιεῖ.

2506 3337 2664 3399 τίνος
2689 3337 2849 3407 χάριν
2881 3335 3111 3404 ἀλλαχοῦ
3144 3336 3193 3387 οἱ
3229 3334 3427 3387 δίκαιοι
3466 3332 3807 3403 ἀρπάζονται
3857 3329 4011 3400 πρῶο

2432 3447 2536 3494 τοι,
2562 3428 2658 3482 νῦν
2684 3428 2741 3481 δὲ
2764 3429 2846 3482 ὅτι
2882 3429 3023 3498 μετά
3046 3416 3477 3494 τὸὶμϐληθῆναι
3503 3424 3630 3485 τούς
3652 3420 4012 3491 ἀμαρτωλούς
4102 3490 4116 3504 ι

2433 3520 2516 3583 εἰς
2556 3518 2777 3571 κόλασιν
2800 3555 2817 3581 ,
2853 3518 2974 3571 τότε
3021 3517 3071 3569 ot
3105 3516 3307 3569 δίκαιοι
3342 3512 3750 3583 ἐκλάμψουσινς
3803 3512 4010 3582 Ἀρπά-

2434 3613 2616 3676 ζονται
2651 3610 2750 3680 μὲν
2789 3608 2995 3678 πρῶτοι
3025 3611 3075 3663 οἱ
3104 3608 3302 3662 δίκαιοι
3334 3606 3633 3678 ἐρχομένου
3662 3605 3901 3675 Χριστοῦ
3929 3606 4009 3668 εἰς

2432 3704 2736 3772 ἀπάντησιν
2754 3716 2769 3730 ·
2804 3700 3250 3771 παραγενομένου
3280 3699 3337 3751 δὲ
3363 3696 3526 3752 αὐτοῦ
3550 3697 3647 3749 καὶ
3673 3696 4009 3766 παραδοθένο

2432 3811 2540 3847 των
2570 3796 2650 3856 εἰς
2674 3792 2895 3846 κόλασιν
2921 3791 3029 3845 τῶν
3060 3789 3424 3861 ἁμαρτωλῶν,
3456 3789 3578 3841 τότε
3614 3790 3693 3850 εἰς
3730 3787 4009 3857 βασιλείαν

2431 3885 2676 3955 οὐρανῶν
2704 3883 3036 3954 ἀπέρχονται
3067 3882 3116 3934 οἱ
3147 3881 3368 3935 δίκαιοι.

2518 3976 2577 4028 '0
2606 3976 2951 4047 μαργαρίτης
2981 3974 3010 4027 ὁ
3047 3972 3227 4042 τίμιος
3256 3973 3403 4026 ἐστιν
3432 3973 3539 4027 ἀπὸ
3568 3972 3874 4040 θαλάσσης,
3910 3970 4006 4023 καὶ

2432 4066 2634 4129 πολλῆς
2682 4066 2852 4134 τιμῆς
2897 4064 3047 4128 ἄξιός
3099 4064 3246 4116 ἐστιν
3285 4062 3374 4116 διὰ
3412 4064 3475 4116 τὸ
3524 4062 3874 4132 δυσεύρετον.
3927 4060 4001 4113 Uti

2433 4158 2662 4228 παρέχει
2701 4156 2925 4227 βρῶσιν,
2962 4156 3096 4209 ἀλλά
3134 4154 3430 4224 καύχημαο
3479 4155 3541 4208 οὐ
3569 4156 3799 4225 παρέχει
3840 4152 4002 4205 ποτοῦ

2432 4248 2751 4311 ἀπόλαυσιν,
2799 4246 2915 4301 ἀλλ’
2962 4246 3206 4312 εὐδοξίαν
3240 4245 3452 4298 πολλῶν
3481 4246 3780 4314 χρημάτων
3815 4242 4002 4296 ποιοῦ-

2434 4356 2534 4393 σαν
2576 4339 2738 4406 ὄγκον
2762 4354 2776 4369 ο
2821 4332 2976 4400 οὗτος
3002 4336 3048 4390 δ’
3079 4337 3426 4405 ἐπικουφίζει
3454 4336 3517 4389 τδ
3561 4336 3750 4405 βάρος.
3787 4335 4004 4405 Βραχίκ

2433 4430 2508 4484 ῶν
2549 4432 2759 4501 μεγάλα
2792 4430 3018 4483 δύναται
3038 4446 3054 4461 ο
3084 4430 3180 4484 καὶ
3208 4430 3473 4497 σύντομος
3504 4430 3584 4491 εἰς
3612 4428 3672 4480 τὸ
3699 4428 4004 4497 βασταχθῆ.

762 4523 985 4591 praecisa
1019 4520 1084 4576 ad
1118 4522 1625 4589 transportandum,
1666 4532 1720 4576 et
1760 4523 1978 4578 mobilis
2010 4523 2076 4578 ad
2112 4535 2321 4578 restau-

2434 4540 2556 4585 ναι,
2613 4522 2708 4576 καὶ
2754 4521 3116 4591 εὐμετάθετος
3162 4522 3243 4583 εἰς
3286 4520 3761 4581 ἀποκατάστασιν,
3805 4517 4002 4587 ῥᾳδίως

760 4614 991 4667 randum
1053 4612 1104 4665 in
1144 4612 1323 4665 locum
1381 4629 1566 4676 suum,
1622 4613 1781 4669 facile
1833 4616 2219 4681 absconditur,
2274 4626 2328 4671 et

760 4704 976 4758 diﬂieile
1031 4704 1327 4758 invenitur.
1378 4703 1451 4758 lta
1500 4715 1583 4759 est
1621 4722 1848 4775 regnum
1898 4708 2199 4771 emlorum;
2253 4707 2325 4761 ita

760 4805 843 4848 est
884 4794 1024 4849 Deus
1075 4792 1308 4847 Verbum
1360 4793 1412 4847 iu
1456 4810 1623 4864 parvo
1656 4802 1904 4865 magnum
1946 4796 2199 4851 virtutem
2244 4797 2327 4852 in-

760 4885 925 4939 dubie
984 4884 1303 4953 possidens;
1361 4899 1469 4937 non
1524 4884 1796 4953 profertur
1842 4886 1907 4940 ad
1960 4902 2180 4950 eseam,
2218 4902 2325 4940 non

759 4976 906 5028 enim
946 4982 1032 5028 est
1077 4982 1553 5039 momentaneum;
1611 4990 1717 5029 non
1756 4984 1840 5029 est
1890 4976 2219 5046 pauperibus
2271 4977 2324 5029 in

762 5080 955 5127 nsmn,
1009 5063 1101 5117 sed
1152 5065 1205 5116 in
1250 5064 1563 5133 cognitione
1608 5064 1870 5120 divitibus
1924 5066 1976 5119 in
2027 5066 2328 5134 possessio—

761 5169 927 5218 nem;
983 5154 1165 5208 nullus
1201 5168 1324 5207 eum
1370 5155 1571 5209 habere
1625 5165 1803 5225 potest
1851 5156 2051 5209 virtute
2082 5157 2327 5227 indigen-

762 5248 934 5309 tium;
1012 5246 1374 5314 perfectorum
1428 5262 1559 5301 vero
1614 5249 1906 5317 acquisitie
1965 5248 2042 5303 fit.
2104 5247 2172 5301 Et
2213 5258 2325 5316 post

761 5348 954 5407 maca.
1005 5336 1294 5406 Margarita
1351 5340 1489 5409 lapis
1526 5348 1611 5393 est
1652 5355 1682 5393 e
1725 5342 1982 5395 carnibus
2016 5351 2194 5405 ortus,
2233 5340 2327 5410 qui

765 5444 959 5498 nempe
1019 5443 1085 5483 ex
1144 5430 1340 5483 ostreis
1396 5430 1643 5499 provenit
1693 5449 1706 5483 :
1748 5433 1868 5500 quis
1914 5447 2040 5500 ergo
2086 5433 2329 5486 crederet

766 5522 936 5575 Deum
967 5535 1183 5591 quoque
1214 5535 1244 5573 e
1270 5536 1433 5573 carne
1463 5522 1739 5575 hominem
1780 5536 1962 5576 natum
1993 5525 2150 5578 esse?
2175 5524 2325 5577 Illam

767 5627 874 5664 non
915 5610 1243 5664 concharum
1297 5610 1475 5664 coitus
1527 5612 1807 5679 producit.
1856 5611 1949 5665 sed
1999 5610 2228 5678 fulguris
2274 5620 2327 5665 ct

766 5718 922 5771 aqute
949 5701 1289 5765 eommistio;
1328 5700 1399 5754 ita
1439 5711 1493 5755 et
1530 5701 1784 5756 Christus
1818 5713 2113 5771 conceptus
2147 5712 2229 5756 est
2272 5702 2324 5755 in

772 5794 1010 5867 Virgine,
1055 5808 1119 5848 ex
1157 5792 1473 5863 Operatione
1513 5791 1749 5864 Spiritus
1789 5793 1983 5858 sancti,
2026 5794 2324 5864 producen-

2429 4613 2754 4684 κρύπτεται,
2795 4611 2891 4666 καὶ
2922 4609 3194 4671 δυσκόλως
3239 4609 3572 4677 εὑρίσκεται.
3628 4606 3821 4668 Οὕτως
3854 4606 4001 4657 ἐστὶν

2428 4705 2462 4774 ἠ
2492 4703 2737 4774 βασιλεία
2789 4702 2899 4755 τῶν
2945 4700 3199 4771 οὐρανῶν
3220 4716 3236 4733 ο
3268 4698 3442 4761 οὕτως
3486 4697 3634 4751 ἐστὶν
3669 4702 3699 4749 6
3734 4696 3872 4759 Θεὸς
3901 4697 4000 4749 Δό-

2428 4808 2545 4859 γος,
2594 4792 2651 4844 ἐν
2692 4791 2887 4861 βραχεῖ
2936 4789 3137 4859 πολλὴν
3181 4788 3412 4857 δύναμιν
3464 4787 3737 4859 περιέχων
3789 4786 3999 4855 σαφῶς.

2398 4869 2411 4885 ’
2430 4882 2505 4933 Οὐ
2532 4881 2818 4951 πρόκειται
2848 4882 2927 4943 είς
2954 4879 3157 4950 βρῶσιν
3175 4895 3191 4911 ’
3217 4880 3279 4932 οὐ
3304 4880 3413 4949 γάρ
3445 4880 3591 4931 ἔστιν
3623 4878 3957 4947 πρόσκαιρος
3979 4893 3995 4908 ·

2429 4973 2529 5026 οὐκ
2564 4972 2711 5025 ἐστιν
2745 4972 2993 5043 πενήτων
3045 4971 3261 5041 χρῆσις,
3304 4971 3440 5025 ἀλλά
3472 4971 3580 5025 τῶν
3623 4970 3998 5024 πλουτούντων

2428 5064 2487 5115 ἐν
2514 5061 2713 5131 γνώσει
2748 5063 2781 5131 ἡ
2812 5060 3120 5131 κατάληψις
3142 5078 3156 5092 ο
3183 5060 3359 5123 οὐδεὶς
3389 5061 3551 5114 αὐτὸν
3586 5060 3734 5129 ἔχειν
3772 5060 3996 5113 δύναται

2428 5154 2536 5206 τῶν
2585 5152 2816 5222 πτωχῶν
2851 5154 2907 5205 ὲν
2945 5154 3147 5223 ἀρετῇ·
3190 5152 3412 5204 τελείων
3448 5152 3505 5203 δὲ
3536 5152 3726 5220 κτῆμα
3764 5151 3990 5218 γίνεται.

2430 5244 2540 5299 Καὶ
2560 5245 2687 5313 μετ’
2715 5245 2888 5312 ὀλίγα
2908 5259 2922 5274 ο
2959 5242 3017 5297 '0
3050 5243 3397 5313 μαργαρίτης
3419 5243 3563 5304 λίθος
3593 5243 3743 5295 ἐστὶν
3773 5242 3839 5294 ἐκ
3870 5258 3997 5308 σαρ-

2429 5335 2542 5389 κῶν
2570 5334 2878 5404 γενόμενος,
2909 5335 2991 5387 ὅτι
3023 5336 3089 5387 ὲκ
3121 5334 3228 5386 τῶν
3254 5335 3492 5404 ὀστρέων
3524 5332 3871 5402 προέρχεται.
3903 5333 3994 5393 Τίς

2427 5423 2521 5481 οὖν
2571 5426 2647 5496 μὴ
2704 5425 3048 5478 πιστεύσειεν
3101 5426 3184 5478 ὅτι
3224 5426 3319 5479 καὶ
3346 5424 3478 5486 Θεὸς
3514 5427 3577 5476 ὲκ
3620 5423 3871 5492 σώματος
3902 5423 3994 5476 ἄν-

2430 5518 2647 5586 θρωπος
2702 5518 3058 5588 γεγέννηταις
3107 5512 3313 5569 ἐκεῖνον
3368 5516 3466 5585 οὐχ
3510 5518 3542 5585 ἡ
3588 5516 3849 5569 συνουσία
3892 5515 3994 5567 τῶν

2430 5611 2641 5679 κόγχων
2676 5611 2920 5680 συνιστᾷ,
2953 5608 3067 5662 ἀλλ’
3099 5610 3132 5678 ή
3162 5608 3261 5677 τῆς
3291 5607 3577 5677 ἀστραπῆς
3620 5610 3716 5659 καὶ
3743 5608 3837 5659 τοῦ
3868 5606 3993 5659 ὓδαο

2429 5717 2519 5765 τος
2560 5701 2894 5772 σύγκρασις·
2931 5701 3101 5762 οὓτως
3130 5702 3223 5752 καὶ
3261 5700 3289 5751 ὁ
3332 5699 3565 5770 Χριστὸς
3599 5698 3907 5768 συνελήφθη
3939 5700 3992 5749 ὲν

2430 5795 2498 5864 τῇ
2550 5793 2807 5863 Παρθένῳ
2857 5794 2919 5846 ἐκ
2949 5793 3047 5863 τῆς
3096 5792 3288 5863 ἡδονῆς
3322 5790 3415 5845 τοῦ
3461 5789 3617 5859 ἁγίου
3660 5788 3991 5861 Πνεύματος.
