4220 6432
278 391 414 455 1129

1266 385 1588 447 SCIIOLIA
1630 385 1924 445 VETERA
1972 386 2048 444 IN
2091 386 2554 447 MATTIHEUM.

3381 380 3513 443 U30

277 507 362 557 ὅτι
397 502 488 554 δεῖ
532 501 717 553 αὐτὸν
754 499 954 552 πολλὰ
1002 497 1232 550 παθεῖν.
1297 497 1430 549 Ἀπὸ
1477 496 1620 560 τότε,
1682 495 1844 557 πότε;
1881 503 1918 552 Α

1881 503 1918 552 Α
1954 506 2151 564 oportet
2188 513 2304 549 eum
2332 496 2499 549 multa
2531 495 2646 564 pati
2681 507 2699 545 :
2728 491 2972 562 quando,
3014 490 3252 544 exinde?
3283 490 3513 556 Quando

278 598 407 648 Ὅτε
439 591 640 662 ἔπηξεν
675 594 732 645 ὲν
767 593 951 652 αὐτοῖς
977 590 1037 642 τὸ
1078 590 1252 657 δόγμα
1283 588 1344 640 τὸ
1374 587 1553 657 ὀρθόν·
1602 586 1850 655 ἐνόμιζον

277 687 383 754 γὰρ
415 683 596 752 πολλῷ
626 682 834 752 βέλτιον
859 682 920 734 τὺ
954 681 1028 750 μὴ
1060 681 1352 733 ἀποθανεῖν
1382 678 1566 733 αὐτόν.

369 779 464 842 Τὸ,
536 773 1002 843 Ἅπαρνησάσθω
1067 773 1305 836 ἑαυτὸν,
1368 770 1609 823 τοιοῦτόν
1680 772 1846 822 ἐστιν·

277 872 511 939 Ὠσπερ.
541 870 725 938 φησιν,
762 867 949 933 ἑτέρου
982 864 1343 934 τυπτομένου,
1379 864 1410 933 ἦ
1445 864 1544 930 τὴν
1609 863 1702 914 ἐπὶ
1745 863 1845 913 θα-

278 965 424 1032 vita)
470 964 740 1032 ἀγομένου
788 963 822 1032 ἦ
860 959 1276 1029 μαστιζομένου,
1334 960 1433 1010 οὐκ
1477 957 1562 1009 ἀεὶ
1583 957 1851 1025 παριστά-

284 1058 443 1126 μεθα,
469 1057 531 1108 οὐ
569 1050 894 1124 βοηθοῦμεν,
939 1053 1000 1104 οὐ
1035 1048 1231 1119 πάσχει
1278 1067 1331 1103 τι
1365 1048 1503 1119 πρὸς
1535 1048 1695 1100 αὑτὸν
1726 1064 1854 1099 τοσ-

279 1149 438 1201 οὖτον
485 1149 514 1199 6
543 1147 708 1217 ὁρῶν,
734 1145 877 1199 οὓτω
904 1145 1024 1197 οὐδὲ
1071 1144 1156 1212 ἐφ’
1192 1142 1423 1203 ἑαυτῶν,
1477 1139 1581 1192 κᾶν
1611 1137 1850 1191 ἐλαυνώ-

283 1240 447 1310 μεθα,
476 1239 577 1292 κᾶν
606 1238 950 1308 θνήσκωμεν,
979 1235 1060 1288 δεῖ
1094 1236 1239 1304 ἡμᾶς
1273 1230 1468 1288 πολλοῦ
1495 1230 1654 1297 λόγον
1684 1231 1853 1281 ποιεῖ-

282 1333 407 1386 σθαι
431 1332 658 1387 τούτων.

351 1420 446 1488 T6,
508 1423 718 1490 Ἀράτω
763 1423 872 1474 τὸν
920 1420 1189 1488 σταυρὸν
1218 1417 1406 1472 αὑτοῦ
1452 1419 1548 1470 καὶ
1595 1417 1855 1468 ἀκολου-

283 1517 452 1568 θείτω
480 1534 602 1585 μοι,
643 1515 734 1567 τὸν
761 1514 987 1567 Θάνατον
1017 1513 1188 1579 λέγει,
1223 1512 1315 1563 καὶ
1347 1510 1576 1562 θάνατον
1611 1506 1702 1560 τὸν
1759 1507 1853 1557 ἐπ-

283 1623 368 1658 ονε
379 1608 597 1659 ἱδιστον.

369 1697 464 1761 T6,
517 1700 622 1763 Ὃς
671 1697 747 1750 ἂν
779 1697 926 1763 θέλῃ
982 1694 1096 1761 τὴν
1145 1694 1359 1762 ψυχὴν
1409 1691 1596 1745 αὐτοῦ
1637 1691 1851 1755 σῶσαι,

283 1788 580 1842 ἀπολέσει
615 1788 834 1855 αὐτὴν,
866 1788 994 1857 περὶ
1021 1786 1118 1854 τῆς
1149 1785 1300 1856 παρὰ
1330 1784 1390 1837 τὸ
1435 1784 1550 1836 δέον
1583 1783 1854 1852 σωτηρίας

1953 591 2069 643 lixit
2102 590 2152 641 in
2186 589 2266 641 eis
2295 587 2494 657 dogma
2533 596 2784 651 rectum;
2820 583 3084 654 putabant
3137 585 3284 636 enim
3343 585 3514 637 multo

1954 679 2148 733 melius
2174 693 2297 732 esse
2329 679 2482 731 illum
2511 694 2620 732 non
2650 678 2811 731 mori.

2027 769 2194 824 Vsus.
2229 771 2314 823 24.
2356 769 2517 830 Illud,
2570 772 2800 839 Abneget
2848 768 3202 836 semetipsum,
3241 767 3347 819 tale
3387 775 3469 818 cst
3502 781 3515 816 :

1956 861 2129 924 Sicut,
2153 861 2347 930 inquit,
2369 859 2523 913 alteri
2548 875 2829 928 percusso,
2868 859 3044 914 autad
3067 867 3297 912 mortem
3330 858 3518 917 ducto,

1955 964 2048 1006 aut
2079 952 2368 1020 ﬂagellato,
2397 967 2506 1005 non
2540 966 2755 1018 semper
2776 951 3175 1011 succurrimus,
3204 966 3310 1002 non
3342 949 3521 1013 opitu—

1956 1045 2156 1106 lamur,
2203 1058 2311 1096 non
2356 1042 2540 1096 omnis
2581 1041 2674 1111 qui
2712 1042 2856 1095 videt
2891 1042 3016 1094 talia
3051 1041 3254 1109 patitur
3283 1053 3380 1106 pro
3408 1038 3522 1098 illo,

1956 1138 2036 1191 sic
2057 1150 2230 1205 neque
2260 1150 2360 1189 nos
2391 1136 2443 1188 in
2479 1134 2660 1198 nobis,
2690 1134 2816 1188 licet
2845 1135 3204 1201 expelluntur,
3241 1131 3365 1185 licet
3404 1145 3523 1183 mo-

1958 1229 2186 1292 riamur,
2221 1234 2436 1296 oportet
2468 1226 2622 1280 multi
2659 1225 2837 1280 facere
2873 1226 3021 1278 talia.

2032 1414 2204 1467 Tollat
2236 1428 2445 1467 crucem
2469 1427 2623 1466 suam
2659 1422 2707 1464 et
2739 1422 2991 1479 sequatur
3026 1427 3126 1475 me,
3177 1419 3405 1464 mortem
3442 1410 3526 1464 in-

1959 1505 2172 1574 telligit,
2201 1513 2255 1558 et
2286 1512 2518 1558 mortem
2556 1503 3037 1557 contumeliosam.

2039 1687 2205 1743 Vsus.
2246 1687 2336 1740 25.
2375 1686 2480 1751 Qui
2518 1688 2740 1740 voluerit
2773 1691 3008 1740 animum
3032 1704 3183 1740 suam
3218 1687 3416 1740 solvont
3443 1688 3529 1754 fa-

1961 1796 2099 1844 cere,
2133 1780 2312 1848 perdet
2329 1795 2468 1842 eam,
2507 1779 2572 1832 de
2603 1779 2777 1832 salute
2806 1781 2859 1832 in
2884 1779 3065 1833 oﬂicio
3098 1779 3424 1848 cornplendo
3447 1781 3527 1831 di-

283 1882 454 1949 λέγει,
477 1880 574 1950 τὴν
607 1883 669 1933 ὲκ
707 1848 1110 1932 των-κινδύνων
1139 1848 1411 1947 διαιρυγὴν
1449 1848 1854 1930 ἀπώλειαν-κα·
1892 1848 1931 1901 Β

1892 1848 1931 1901 Β
1961 1871 2056 1933 cit,
2098 1872 2463 1940 periculorum
2500 1869 2682 1940 fugam
2721 1871 3077 1940 perditionem
3110 1886 3353 1937 vocans;
3404 1881 3462 1923 ut
3502 1886 3532 1923 e

283 1972 413 2024 λῶνο
439 1973 630 2042 ὥσπερ
657 1973 750 2025 καὶ
778 1971 1086 2025 τούναντίον
1123 1969 1419 2040 σωτηρίαν,
1456 1971 1556 2036 τὴν
1595 1965 1859 2021 δοκοῦσαν

283 2063 583 2117 ἀπώλειαν.

360 2155 459 2218 τὸ,
493 2155 631 2209 Εἰσί
681 2170 842 2217 τινες
885 2152 1003 2205 τῶν
1034 2147 1150 2206 ὦδε
1183 2152 1525 2218 ἑστηκότων
1559 2151 1617 2205 οἲ
1659 2151 1732 2204 οὐ
1772 2150 1858 2219 μὴ

285 2247 614 2316 γεύσωνται
641 2246 906 2300 θανάτου
935 2244 1046 2310 ἕως
1069 2245 1146 2298 ἂν
1189 2244 1402 2297 ῑδωσιν
1427 2243 1537 2296 τὸν
1590 2243 1727 2295 Υιὸν
1753 2242 1858 2295 τοῦ

283 2338 600 2406 ἀνθρώπου
633 2337 961 2407 ἐρχόμενον
988 2338 1058 2390 ἐν
1097 2335 1173 2404 τῇ
1203 2335 1493 2403 ,βασιλείᾳ
1521 2335 1728 2399 αὑτοῦ,
1761 2335 1858 2405 βα-

285 2431 489 2484 σιλείαν
539 2430 705 2484 αὐτοῦ
757 2429 930 2498 λέγων
979 2430 1078 2498 τὴν
1147 2428 1592 2500 μεταμόρφωσιν,
1647 2427 1709 2479 οὐ
1764 2427 1860 2497 τὴν

283 2520 576 2590 ἀνάληψιν,
608 2520 682 2583 ὼς
707 2521 968 2590 ήγοῦμαι³
998 2515 1100 2574 ὦδε
1140 2519 1269 2588 γὰρ,
1304 2519 1468 2582 τινὲς,
1498 2519 1614 2570 ἐκεῖ
1639 2518 1696 2570 δὲ
1728 2517 1861 2570 πάν-

285 2631 399 2676 τες.
444 2615 553 2690 καὶ
594 2615 796 2681 ἄλλως
823 2631 837 2644 ·
861 2615 1040 2667 Εἱσίν
1092 2629 1248 2678 τινες
1304 2611 1422 2664 τῶν
1454 2610 1569 2664 ὦδε
1611 2610 1859 2677 ἑστηκό-

283 2721 424 2769 των,
455 2705 550 2758 καὶ
598 2705 745 2776 ἑξῆς
785 2703 876 2757 διὰ
923 2704 1014 2756 τὸν
1068 2704 1274 2774 Πέτρον
1307 2705 1402 2757 καὶ
1465 2704 1718 2757 Ἰάκωϐον
1770 2701 1862 2755 καὶ

294 2794 552 2863 Ἰωάννην
584 2794 766 2866 φησίν·
801 2789 947 2850 οὗτοι
971 2795 1078 2866 γὰρ
1104 2795 1160 2846 ἐν
1182 2798 1248 2863 τῇ
1276 2792 1699 2864 μεταμορςρώσει
1724 2809 1859 2862 συμ-

286 2885 738 2956 παρελήφθησαν,
773 2888 839 2958 ἢν
868 2887 1024 2940 καλεί
1047 2887 1324 2957 βασιλείαν
1351 2884 1542 2939 αὑτοῦ·
1588 2885 1661 2949 ὡς
1687 2885 1861 2954 ἐκφή-

1961 1963 2239 2018 contrario
2262 1963 2492 2018 salutem
2522 1963 2671 2028 dicit,
2702 1965 2847 2034 quod
2891 1965 3102 2019 videtur
3134 1964 3388 2034 perditio.

2039 2146 2201 2202 Vsus.
2236 2148 2326 2204 28.
2355 2147 2493 2203 Sunt
2526 2149 2743 2219 quidam
2775 2150 2839 2203 de
2885 2152 2970 2204 hic
3013 2152 3278 2205 stantibus
3309 2155 3398 2223 qui
3431 2171 3534 2206 non

1961 2240 2245 2308 gustabunt
2275 2251 2514 2309 mortem,
2535 2240 2699 2296 donec
2724 2243 2932 2296 uideant
2958 2243 3160 2297 Filium
3191 2246 3418 2299 hominis
3448 2263 3536 2300 ve-

1963 2329 2266 2381 nientemin
2299 2345 2456 2398 regno
2509 2346 2644 2394 suo;
2690 2346 2917 2400 regnum
2975 2349 3136 2387 suum
3187 2334 3322 2388 dicit
3377 2351 3533 2389 suam

1964 2422 2520 2492 transtiguratiouem,
2581 2438 2688 2476 non
2741 2425 3143 2491 ascensionem,
3201 2433 3261 2479 ut
3297 2428 3534 2497 Opinor;

1963 2529 2087 2569 nam
2113 2513 2257 2568 illam
2285 2515 2508 2583 quidam
2542 2514 2820 2579 ridebunt,
2860 2517 2998 2571 hanc
3020 2533 3148 2572 vero
3177 2535 3389 2574 omnes.
3419 2522 3537 2573 Ali-

1965 2615 2045 2661 ter
2073 2625 2085 2660 :
2117 2605 2252 2661 Sunt
2283 2608 2500 2674 quidam
2533 2607 2597 2660 de
2631 2608 2714 2660 hic
2745 2612 3025 2674 stantibus,
3078 2619 3211 2677 etc.;
3246 2611 3313 2668 de
3350 2613 3533 2678 Petro,

1961 2698 2163 2754 Jaeoho
2192 2697 2474 2753 etJoannc
2506 2700 2785 2768 loquitur;
2814 2702 2868 2754 hi
2907 2703 3052 2757 enim
3094 2703 3148 2757 in
3186 2706 3540 2776 transﬁgura-

1966 2792 2110 2845 tione
2135 2806 2260 2844 cum
2289 2791 2382 2844 illo
2422 2793 2694 2858 assumpti
2731 2803 2881 2857 sunt,
2917 2810 3082 2863 quam
3113 2806 3271 2851 vocat
3308 2813 3534 2868 regnum

1964 2898 2162 2947 suum;
2196 2881 2356 2952 quasi
2383 2881 2824 2938 manifestantem
2853 2890 3157 2954 potentiam
3186 2889 3309 2958 ejus
3341 2890 3534 2944 inell‘a-

287 2994 458 3030 vanv
503 2977 604 3046 τῆς
647 2977 899 3044 ὶξουσίας
943 2979 1007 3031 τὺ
1051 2979 1279 3046 ἄφατον,
1321 2975 1416 3030 καὶ
1455 2978 1554 3046 τῆς
1600 2976 1735 3045 πρὸς
1770 2975 1864 3028 τὸν

1965 2973 2147 3037 bilem,
2185 2982 2238 3028 et
2262 2972 2519 3028 unionem
2547 2987 2672 3028 cum
2703 2973 2865 3029 Patre
2899 2975 3205 3032 mirabilem
3246 2987 3301 3032 et
3325 2979 3535 3033 incom-

290 3065 508 3136 Πατέρα
543 3067 900 3136 γνησιότητος
941 3067 1002 3120 τὸ
1031 3067 1257 3137 σφοδρὸν
1289 3067 1380 3120 καὶ
1418 3066 1859 3135 ἀπαράλλακτον

1966 3064 2285 3134 parabilem.
2319 3063 2374 3118 In
2423 3064 2514 3118 illa
2539 3064 2686 3119 enim
2711 3066 2938 3120 secundi
2968 3068 3050 3121 sui
3080 3069 3344 3126 adventus
3371 3074 3538 3142 maj-v-

286 3159 345 3209 ὲν
373 3161 510 3229 αὐτῇ
538 3161 645 3230 γὰρ
670 3162 765 3215 καὶ
794 3162 892 3230 τῆς
928 3161 1190 3231 δευτέρας
1239 3160 1408 3213 αὑτοῦ
1453 3162 1758 3230 παρουσίας
1801 3160 1862 3213 τὸ
1888 3179 1930 3232 C

1888 3179 1930 3232 ο
1973 3167 2169 3212 statem
2199 3167 2254 3211 et
2279 3165 2548 3212 terrorem
2603 3158 2990 3228 subostendit;
3028 3164 3352 3232 prteludium
3389 3165 3534 3220 illam

287 3249 504 3318 ἀξίωμα
533 3252 624 3303 καὶ
667 3253 728 3304 τὸ
759 3252 986 3323 φρικτὸν
1026 3251 1364 3323 ὑπεδήλωσε·
1404 3254 1689 3322 προοίμιον
1726 3253 1858 3306 ταύ-

289 3358 390 3411 την
419 3343 654 3413 ἐκείνης,
681 3345 773 3397 καὶ
799 3340 910 3397 οἷον
939 3344 1229 3413 βεϐαίωσιν
1257 3345 1648 3415 ἐνδειξάμενος.

857 3455 1106 3511 ΚΕΦΑᾹ.
1163 3458 1260 3511 ΙΖ’.

367 3565 471 3617 Καὶ
499 3567 629 3633 μεθ’
681 3567 899 3634 ἡμέρας
941 3567 1010 3631 ἐξ
1043 3571 1489 3638 παραλαμϐάνει
1543 3575 1575 3624 ό
1625 3569 1864 3639 Ἰησοῦς

288 3656 399 3707 τὸν
431 3659 654 3724 Πέτρον
685 3658 781 3710 καὶ
820 3658 926 3711 τὸν
963 3659 1240 3714 Ἰάκωϐον
1272 3662 1372 3714 καὶ
1420 3662 1724 3729 Ἰωάννην,
1769 3663 1863 3715 καὶ

289 3752 356 3800 τὶ
390 3749 535 3818 ἑξῆς,
581 3752 640 3803 ὲν
673 3751 751 3820 τῷ
781 3751 1296 3821 μεταμορφοῦσθαι·
1343 3753 1502 3816 ἆθλος
1526 3753 1583 3806 δὲ
1627 3753 1859 3822 εὐαγγεο

290 3841 473 3907 luti};
513 3841 634 3908 μεθ’
665 3841 875 3912 ἡμέρας
900 3841 1045 3894 ὀκτὼ
1076 3843 1247 3910 λέγει,
1279 3844 1376 3896 οὐκ
1426 3844 1860 3914 ἐναντιούμενος,

288 3931 426 3983 ἀλλὰ
456 3931 552 4001 τὴν
578 3933 667 3984 ὅτε
703 3933 1023 4001 ἐφθέγξατο,
1065 3938 1157 3988 καὶ
1201 3936 1302 4006 τὴν
1342 3938 1429 3990 ὅτε
1475 3937 1752 4008 ἀνήγαγεν
1785 3939 1861 3990 εἰ·

288 4021 428 4073 πῶν·
456 4023 483 4074 6
509 4022 564 4074 δὲ
594 4022 692 4084 τὰς
721 4023 808 4076 διὰ
842 4025 1010 4094 μέσου
1042 4027 1212 4095 μόνας
1250 4026 1493 4096 εἴρηκεν.

355 4114 454 4164 Διά
500 4115 551 4166 τί
591 4116 716 4177 τοὺς
756 4117 903 4186 τρεῖς
941 4117 1138 4186 μόνους
1183 4118 1451 4188 λαμϐάνει
1496 4119 1576 4182 είς
1620 4119 1681 4172 τὸ
1713 4119 1857 4189 δροςς

299 4203 385 4265 Ὧς
428 4205 755 4275 ἀξιωτέρους
803 4206 898 4258 καὶ
946 4208 1151 4278 σφόδρα
1190 4209 1501 4277 φιλοῦνταςο
1545 4211 1640 4264 καὶ
1680 4210 1786 4282 γὰρ
1831 4212 1861 4263 6

289 4297 491 4365 Πέτρος
540 4298 742 4368 σφόδρα
792 4298 965 4366 ἐφίλει
1007 4300 1189 4351 αὐτόν·
1254 4301 1505 4372 Ἰωάννης
1549 4302 1606 4356 δὲ
1653 4303 1717 4355 ἐκ
1766 4303 1858 4356 τοῦ

289 4384 496 4457 σερόδρα
525 4388 819 4456 φιλεῖσθαι”
847 4390 1103 4454 Ἰάκωϐος
1148 4391 1204 4444 δὲ
1246 4393 1353 4452 ἀπὸ
1383 4393 1483 4463 τῆς
1512 4395 1860 4464 ἀποκρίσεως

1967 3250 2154 3320 hujus,
2181 3259 2236 3304 et
2266 3250 2427 3320 quasi
2457 3250 2931 3309 continuationem
2962 3269 3299 3326 proponens.

2542 3458 2772 3515 CAPUT
2795 3460 2958 3516 XVII.

2039 3566 2200 3620 Vrns.
2242 3569 2292 3622 1.
2331 3567 2395 3621 Et
2445 3579 2561 3636 post
2598 3572 2710 3625 dies
2735 3588 2827 3624 sex
2862 3577 3082 3626 assumit
3111 3572 3266 3630 Jt-sus
3297 3574 3538 3642 Petrum,

1965 3671 2011 3712 et
2037 3659 2315 3725 Iacobum,
2334 3672 2380 3714 et
2407 3660 2691 3726 Joannem,
2710 3677 2762 3717 et
2785 3666 3016 3736 reliqua,
3040 3676 3093 3721 et
3120 3669 3540 3740 transﬁguratus

1964 3762 2069 3807 est.
2099 3753 2254 3807 Alius
2282 3763 2461 3808 autem
2493 3756 2828 3825 evangelista
2861 3767 2986 3826 post
3041 3759 3158 3814 dies
3206 3771 3332 3815 octo
3382 3763 3539 3826 dicit,

1966 3859 2071 3896 non
2107 3845 2384 3898 contraria
2415 3845 2628 3910 dicens,
2661 3847 2755 3902 sed
2785 3849 2927 3902 diem
2969 3866 3080 3919 quo
3107 3851 3323 3908 loeutus
3345 3864 3450 3917 est,
3483 3866 3540 3910 et

1961 3937 2105 3990 diem
2161 3951 2273 4006 quo
2321 3938 2488 3992 subiit
2531 3939 2585 3992 in
2623 3948 2861 3995 montem
2897 3942 3202 4012 adjiciens;
3256 3945 3359 4000 iste
3413 3963 3542 4001 vero

1964 4026 2112 4081 Solos
2141 4027 2260 4081 dies
2291 4028 2643 4085 intermedios
2673 4032 2829 4086 dixit.

2034 4117 2145 4172 Cur
2173 4128 2285 4175 tres
2311 4121 2460 4176 solos
2509 4124 2677 4178 sumit
2725 4126 2778 4179 in
2819 4139 3062 4182 montem
3105 4131 3433 4188 subiturus?
3472 4133 3542 4188 Ut

1965 4211 2244 4281 digniores
2272 4224 2326 4269 et
2354 4215 2514 4270 valde
2547 4217 2699 4271 illum
2756 4230 3026 4276 amantes.
3083 4221 3296 4277 Etenim
3344 4227 3540 4281 Petrus

1965 4303 2198 4357 multum
2240 4304 2392 4358 illum
2427 4305 2720 4376 diligebat;
2754 4308 2995 4365 Joannes
3049 4315 3277 4369 multum
3322 4317 3391 4370 ab
3446 4321 3539 4372 illo

1962 4394 2322 4463 diligebatur;
2373 4396 2612 4454 Jacohus
2646 4411 2851 4463 autem.
2904 4405 2975 4458 oh
3013 4421 3336 4474 responsum
3389 4415 3534 4480 quod

285 4478 387 4544 τῆς
416 4479 554 4546 μετὰ
583 4479 677 4532 τοῦ
720 4481 948 4550 ἀδελφοῦ
980 4477 1046 4553 ἧς
1094 4483 1390 4554 ἀπεκρίθη,
1435 4487 1518 4538 ὅτι
1549 4485 1857 4553 Δυνάμεθα
1889 4513 1937 4572 D

1889 4513 1937 4572 ι)
1964 4501 2085 4540 cum
2117 4487 2286 4543 fratre
2323 4491 2701 4560 responderat,
2740 4491 3032 4551 Possumus
3072 4499 3245 4556 bibere
3291 4477 3531 4559 calicem.

287 4568 446 4621 πιεῖν
476 4573 540 4623 τὸ
581 4571 886 4639 ποτήριον.

357 4663 428 4713 Τὸ
459 4664 782 4731 φαινόμενον
821 4665 935 4732 φῶς
974 4666 1115 4737 ὑπὲρ
1142 4666 1293 4736 ἥλιον
1321 4663 1408 4737 ἦν’
1428 4665 1594 4722 εἶπεν
1629 4670 1685 4724 δὲ
1713 4673 1741 4724 6
1771 4673 1858 4725 εὖ·

285 4755 612 4825 ατγελιστὴς
640 4756 714 4817 ὼς
737 4757 766 4808 6
792 4756 964 4826 ἥλιος,
989 4759 1175 4828 ἐπειδὴ
1203 4759 1263 4811 τὸ
1293 4761 1491 4832 ἄστρον
1511 4762 1668 4815 τοῦτο
1699 4765 1859 4832 μόνον

284 4848 559 4915 γνύφίμάν
593 4848 740 4899 ἐστιν
784 4849 841 4899 ὲν
881 4849 1152 4920 ὐπερόολῇ
1191 4851 1393 4919 φωτός.
1428 4854 1636 4916 Λευκὸς
1676 4850 1742 4925 ἦν
1784 4855 1857 4919 ὡς

285 4935 439 5006 χιών·
468 4940 567 4991 οὐκ
590 4938 696 5008 ἔχω
725 4939 890 5009 ἀλλην
917 4939 1046 5010 ὓλην
1074 4942 1554 5014 λευκοτέραν.⁶’οτι
1584 4950 1691 5016 γὰρ
1721 4949 1857 5020 ὑπὲρ

283 5030 436 5098 ἥλιον
473 5031 745 5101 ἔλαμψεν,
781 5033 886 5086 ἀπὸ
919 5032 1011 5086 τοῦ
1042 5035 1166 5106 ἑξῆς
1187 5036 1461 5092 δείκνυται
1481 5079 1494 5100 .
1529 5040 1638 5093 Καὶ
1664 5042 1859 5095 ἔπεσον

283 5124 459 5190 χαμαὶ
498 5123 546 5174 οί
593 5122 868 5192 μαθηταί·
899 5128 945 5179 εί
993 5127 1048 5180 δὲ
1090 5128 1162 5190 ὡς
1193 5128 1220 5180 6
1265 5128 1416 5198 ἥλιος
1468 5130 1728 5201 ἔλαμψεν,
1757 5135 1858 5188 οὐκ

284 5212 512 5265 ἔπιπτον
559 5215 608 5266 οἱ
658 5215 930 5285 μαθηταί’
964 5219 1112 5288 ἣλιον
1159 5221 1279 5289 γᾶρξ
1312 5221 1539 5275 ἔϐλεπον
1571 5223 1692 5276 καθ’
1725 5225 1858 5292 ὴμέ-

288 5319 387 5372 ραν
431 5304 523 5354 καὶ¹
568 5305 667 5357 οὐκ
713 5305 976 5360 ἔπιπτονο
1021 5309 1137 5361 ἀλλ’
1170 5311 1358 5382 ἐπειδὴ
1388 5312 1529 5382 ὑπὲρ
1572 5315 1663 5368 τὸν
1704 5315 1855 5385 ἥλιον

283 5397 545 5466 ἔλαμψεν,
578 5400 670 5451 καὶ
703 5399 843 5468 ὑπὲρ
876 5399 970 5470 τὴν
992 5401 1167 5468 χιόνα,
1197 5402 1284 5456 διὰ
1313 5402 1471 5456 τοῦτο
1501 5405 1575 5475 μὴ
1597 5406 1854 5475 φέροντες

279 5489 380 5557 τὴν
426 5489 745 5558 λαμπηδόνα
786 5491 1106 5544 κατέπεσον.
1154 5489 1290 5545 Εἰπέ
1336 5511 1424 5563 μοι
1469 5491 1590 5560 οὖν,
1618 5498 1851 5565 εὐαγγεν

283 5582 461 5647 λιστά,
499 5585 637 5654 ὑπὲρ
677 5585 767 5636 τὸν
796 5586 946 5655 ἥλιον
992 5585 1221 5654 ἔλαμψε,
1251 5588 1344 5639 καὶ
1388 5590 1451 5642 σὺ
1490 5590 1665 5657 λέγεις
1709 5592 1784 5655 ὡς
1828 5594 1855 5645 6

283 5674 432 5743 ἥλιος
460 5693 473 5738 ;
501 5677 626 5728 Ναί·
650 5678 927 5747 γνώριμον
954 5695 1036 5731 σοι
1067 5678 1204 5730 θέλω
1235 5679 1460 5749 ποιῆσαι
1495 5684 1555 5734 τὸ
1585 5683 1720 5752 φῶς·
1753 5686 1854 5737 οὐκ

284 5765 392 5836 ἔχω
423 5767 548 5820 ἄλλο
577 5769 801 5839 ἄστρον⁹
841 5770 940 5821 οὐκ
974 5769 1083 5840 ἔχω
1115 5769 1279 5840 ἄλλην
1307 5772 1511 5840 εἰκόνα,
1537 5775 1630 5847 τὴν
1659 5779 1714 5830 ὲν
1740 5781 1853 5841 τοῖς

600 5866 866 5926 ΡΑτιιοι..
914 5868 1027 5928 Gn.
1075 5869 1226 5932 CVI.

2032 4674 2198 4732 Vens.
2229 4678 2282 4732 2.
2319 4681 2675 4750 Rcsplenduit
2704 4682 3057 4754 facicsmagis
3075 4705 3236 4758 quam
3274 4693 3536 4757 sol;dicit

1960 4778 2142 4823 autem
2174 4775 2505 4839 evangelista
2531 4775 2674 4829 sicut
2697 4775 2801 4840 sol,
2821 4779 3078 4846 quoniam
3099 4783 3251 4837 sidus
3275 4785 3416 4840 istud
3440 4803 3534 4842 so-

1963 4862 2075 4916 lum
2097 4865 2405 4934 exemplum
2454 4877 2536 4921 est
2570 4870 3200 4937 splendidissimaelucis.
3235 4877 3368 4931 Alba
3394 4880 3536 4936 sicut

1962 4957 2092 5021 nix;
2125 4972 2231 5011 non
2257 4973 2424 5012 nosco
2455 4959 2617 5014 aliam
2647 4963 2932 5018 materiam
2960 4965 3140 5020 albani
3162 4972 3354 5040 magis.
3374 4971 3531 5038 Quod

1960 5057 2142 5102 autem
2164 5049 2337 5118 magis
2353 5065 2518 5121 quam
2544 5052 2626 5106 sol
2661 5054 3015 5123 resplenduit,
3034 5064 3316 5127 sequentia
3344 5074 3532 5118 osten-

1961 5136 2098 5190 dunt
2131 5155 2143 5190 :
2178 5138 2491 5193 ceciderunt
2531 5141 2584 5193 in
2613 5151 2810 5194 terram
2839 5143 3113 5214 discipuli.
3147 5148 3202 5202 Si
3234 5166 3362 5205 vero
3389 5157 3533 5208 sicut

1961 5227 2044 5281 sol
2075 5228 2525 5298 resplenduisset,
2559 5246 2667 5284 non
2701 5235 3324 5307 eecidissentdiscipuli;
3356 5245 3528 5298 solem

1959 5321 2104 5374 enim
2132 5321 2363 5389 singulis
2393 5322 2588 5378 diebus
2616 5325 2872 5380 videbant
2897 5338 3078 5383 etnon
3103 5333 3399 5400 cadebant;
3435 5341 3527 5392 sed

1958 5411 2217 5480 quoniam
2245 5413 2419 5480 magis
2443 5428 2606 5481 quam
2633 5414 2712 5468 sol
2730 5416 3083 5484 resplenduit,
3097 5430 3152 5473 et
3172 5423 3345 5490 magis
3362 5439 3526 5492 quam

1961 5504 2218 5567 nix,ideo
2256 5518 2363 5557 non
2397 5506 2737 5561 sustinentes
2773 5509 3126 5577 splendorem
3192 5515 3526 5572 occiderunt.

1959 5595 2054 5648 Dic
2078 5595 2207 5647 mihi
2229 5596 2418 5663 igitur,
2436 5598 2790 5666 evangelista,
2813 5601 2984 5669 magis
2997 5617 3157 5671 quam
3179 5605 3260 5657 sol
3282 5605 3528 5675 resplen-

1958 5690 2078 5743 duit
2103 5704 2204 5744 cur
2235 5697 2290 5742 tu
2319 5689 2463 5744 dicis
2490 5692 2630 5745 sicut
2652 5691 3100 5760 sol?Exemplum
3134 5695 3229 5749 tibi
3252 5696 3370 5749 volo
3397 5696 3529 5750 dare

1958 5782 2114 5848 luris,
2159 5798 2268 5836 non
2305 5785 2478 5839 habeo
2506 5785 2657 5838 sidus
2688 5786 2860 5852 aliud,
2913 5801 3018 5840 non
3053 5788 3227 5842 habeo
3247 5789 3408 5842 aliam
3448 5790 3525 5845 si-

3096 5883 3172 5941 36
