4220 6432
291 396 429 460 1133

1275 392 1590 452 SCHOLU
1638 390 1926 451 VE'I‘ERA
1975 389 2045 445 IN
2093 387 2558 444 MAT'l‘IlAiUM.

3381 386 3516 443 1131,

292 513 400 562 lo'r
418 526 556 575 μου,
598 508 688 559 καὶ
738 508 804 560 τὰ
857 506 1001 575 ἑξῆς·
1049 507 1137 558 καὶ
1169 506 1324 558 τοῦτο
1355 507 1645 575 γενήσεται
1677 506 1751 558 ὅτ’
1784 505 1848 558 ἂν
1880 511 1923 565 Α
1955 519 1958 553 l

1880 511 1923 565 Α
1955 503 2208 570 reliquias
2245 501 2406 555 Israel
2453 497 2650 554 salvari
2679 497 2940 558 voluerit,
2973 510 3037 549 ne
3068 497 3281 563 penitus
3306 496 3516 563 disper-

294 606 354 651 τὰ
385 599 922 667 ἐγκαταλελειμμένα
947 597 1040 650 τοῦ
1076 597 1290 666 Ἰσραὴλ
1321 596 1566 665 βούλεται
1591 598 1847 665 σωθῆναι,

289 690 374 742 ίνα
422 689 496 756 μὴ
529 688 698 756 ἄρδην
747 688 1056 739 ἀπόλωνται
1113 689 1190 748 εἰς
1238 687 1337 753 τὴν
1376 686 1632 755 δευτέραν
1687 685 1848 738 αὑτοῦ

289 779 589 848 παρουσίαν
613 795 627 808 ·
654 779 778 830 ὅταν
817 775 910 830 οὖν
956 777 1110 846 λέγῃ,
1143 777 1223 828 ὅτι
1261 776 1466 840 ἰιλίας
1497 776 1728 843 ἔρχεται
1752 776 1850 827 καί

289 867 797 931 ἀποκαταστήσει,
824 867 950 933 περὶ
989 865 1083 918 τοῦ
1123 867 1180 916 ἐν
1213 867 1276 934 τῇ
1312 866 1536 934 δευτέρᾳ
1582 865 1851 934 παρουσίᾳ

290 959 455 1025 λέγει·
489 959 564 1010 ὅτ’
605 957 670 1011 ἂν
712 957 768 1010 δὲ
823 958 955 1028 λέγῃ
992 959 1019 1010 ὁ
1060 957 1266 1024 μέλλων
1315 955 1569 1024 ἔρχεσθαι
1629 956 1848 1016 Ἠλίας,

291 1044 480 1111 Οὗτός
521 1047 711 1105 ἐστιν,
758 1045 894 1098 κατὰ
939 1046 1030 1098 τὸν
1070 1045 1268 1115 τρόπον
1314 1045 1412 1115 τῆς
1454 1043 1726 1106 διακονίας
1762 1045 1851 1097 τὸν

301 1137 552 1206 Ἰωάννην
584 1137 768 1190 Ἠλίαν
789 1138 964 1190 καλεῖ.

359 1229 465 1281 Τοῦ
498 1229 955 1298 σεληνιαζομένου
988 1232 1016 1283 ὁ
1048 1232 1232 1301 πατὴρ
1272 1231 1476 1302 σφόδρα
1508 1222 1576 1302 ἦν
1604 1231 1849 1293 ἄπιστος·

288 1321 561 1373 ἐδείκνυτο
585 1322 639 1374 δὲ
668 1321 824 1373 τοῦτο
847 1321 910 1374 ἐκ
930 1339 987 1374 τε
1005 1321 1098 1375 τοῦ
1126 1325 1298 1376 είπεῖν
1328 1324 1464 1393 πρὸς
1487 1325 1576 1377 τὸν
1594 1324 1848 1394 Χριστόν·

293 1413 359 1464 ει
380 1413 658 1474 δύνασαι,
677 1413 1015 1479 βοήθησον.

361 1523 457 1574 Διὰ
485 1523 535 1574 τί
562 1522 842 1591 μέμφεται
870 1526 985 1584 τοῖς
1014 1522 1352 1589 ἀποστόλοις,
1381 1524 1428 1575 εί
1456 1522 1680 1586 ἄπιστός
1707 1523 1852 1575 ἐστιν

288 1615 366 1664 δτι
395 1612 486 1664 τὸν
511 1613 624 1664 υἱὸν
651 1613 816 1665 αὑτοῦ
838 1615 898 1665 οὐ
927 1612 1430 1680 τεθεραπεύκασινς
1465 1613 1689 1676 Δεικνὺς
1711 1614 1793 1666 ὅτι
1820 1614 1852 1682 ἡ

295 1705 504 1774 μεγάλη
554 1706 736 1768 πίστις
787 1707 884 1758 καὶ
926 1705 1108 1758 τελεία
1152 1705 1321 1775 ἁρετὴ
1358 1705 1467 1757 τῶν
1510 1704 1851 1775 θαυματουρ-

293 1795 530 1862 γούντων
565 1796 790 1851 δύναται
826 1797 918 1849 καὶ
957 1799 1128 1866 χωρὶς
1163 1797 1397 1858 πίστεως
1421 1795 1529 1850 τῶν
1555 1796 1854 1866 θεραπευο-

295 1890 474 1957 μένων
525 1889 787 1960 ἐνεργεῖν.
816 1888 1023 1956 Ὠσπερ
1051 1888 1157 1957 γὰρ
1187 1888 1220 1956 ἡ
1255 1887 1436 1949 πίστις
1480 1886 1585 1939 τῶν
1618 1902 1854 1956 προσερ-

289 1980 530 2050 χομένων
581 1981 674 2033 καὶ
707 1983 835 2051 παρ’
885 1980 1184 2034 ἐλαττόνων
1229 1979 1496 2050 λαμὸἀνει
1543 1981 1641 2050 τὴν
1676 1981 1852 2042 ῐασιν,

289 2071 364 2133 ὼς
393 2071 483 2124 ἐπὶ
511 2072 604 2124 τοῦ
636 2071 933 2143 Κορνηλίου
959 2090 970 2100 ·
1004 2071 1179 2134 οὕτως
1206 2072 1312 2125 τῶν
1342 2071 1638 2125 ποιούντων
1668 2070 1734 2122 τὰ
1760 2085 1855 2149 qn-

295 2166 423 2232 μεῖα
459 2165 695 2234 ἤρκεσεν
732 2167 765 2235 ἡ
800 2163 1030 2234 δύναμις
1061 2165 1153 2217 καὶ
1207 2165 1280 2234 μὴ
1306 2165 1667 2217 πιστευόντων
1694 2162 1855 2216 τινῶν

287 2255 363 2318 ὡς
403 2257 493 2308 ἐπὶ
530 2256 621 2308 τοῦ
679 2255 1013 2308 Ἐλισσαίου·
1048 2257 1130 2309 ὅτι
1174 2256 1386 2318 οὐδενὸς
1433 2257 1852 2318 πιστεύσαντος,

289 2348 480 2416 νεκρὸς
507 2349 727 2417 ἀνέστη·
756 2348 861 2419 χρὴ
886 2348 942 2401 δὲ
972 2349 1170 2402 εἰδέναι
1201 2350 1349 2418 ὅμως
1377 2349 1458 2400 ὅτι
1487 2347 1547 2399 ού
1579 2347 1778 2408 πάντες
1804 2346 1856 2398 oi

294 2440 531 2508 μαθηταὶ
580 2439 884 2508 ὴσθένησαν
927 2443 995 2511 τῇ
1029 2441 1248 2493 πίστει·
1276 2441 1324 2492 oi
1370 2439 1476 2508 γὰρ
1530 2439 1710 2491 στύλοι
1755 2437 1856 2490 οὐκ

289 2526 429 2598 ἦσαν
457 2533 588 2583 ἐκεῖ.

365 2621 462 2673 Διὰ
491 2622 542 2673 τί
585 2617 761 2687 εἶπεν,
803 2620 879 2674 Ὦ
915 2622 1089 2689 γενεὰ
1121 2621 1374 2687 ἄπιστος
1409 2621 1506 2674 καί
1545 2622 1854 2691 διεστραμο

285 2714 438 2782 μὲι-η
459 2715 478 2765 .’
522 2714 737 2782 Ἐπειδὴ
772 2714 799 2764 ὁ
830 2713 1058 2775 ἄπιστος
1089 2713 1226 2783 ἀνὴρ
1261 2708 1415 2775 οὗτος
1447 2712 1539 2765 ἐπὶ
1572 2712 1664 2766 τοῦ
1699 2713 1856 2782 ὄχλου

289 2802 606 2872 ἐντυγχάνει
651 2802 793 2855 κατὰ
846 2802 954 2855 τῶν
1018 2802 1316 2872 μαθητῶν’
1383 2802 1703 2873 βουλόμενος
1765 2803 1859 2855 οὖν

288 2892 593 2957 ἀπαλλάξαι
644 2894 886 2957 ἐκείνους
945 2895 1043 2962 μὲν
1101 2893 1484 2963 ἐγκλήματος,
1543 2896 1752 2948 ἐκεῖνον
1800 2896 1855 2949 δὲ

291 2986 521 3056 ὕϐρεως,
552 2985 636 3038 ’ίνα
669 2987 743 3054 μὴ
773 2985 1088 3055 ἐξαπορήση
1115 3026 1129 3048 ,
1159 2987 1543 3038 κοινοποιεῖται
1581 2985 1672 3038 τὸν
1705 2986 1859 3052 λόγον

289 3075 568 3144 ἀληθεύων
590 3075 680 3126 καὶ
707 3075 835 3142 περὶ
865 3074 975 3126 τῶν
1005 3074 1201 3128 ἄλλων·
1233 3076 1380 3136 εἰκὸς
1408 3074 1516 3145 γὰρ
1540 3069 1607 3146 ἦν
1633 3076 1858 3138 πολλοὺς

286 3165 395 3217 τῶν
421 3167 701 3235 παρόντων
729 3164 1202 3234 σκανδαλισθῆναι.

361 3275 453 3339 Τὸ,
485 3277 632 3340 Ἕως
675 3275 818 3327 πότε
848 3274 1060 3343 ἔσομαι
1085 3273 1215 3343 μεθ’
1239 3275 1435 3344 ὐμῶν;
1465 3275 1734 3328 δείκνυσιν
1777 3276 1857 3329 δτι

286 3366 565 3433 ἠσπάζετο
602 3365 695 3418 τὸν
726 3368 980 3431 θάνατον,
1015 3367 1108 3418 καὶ
1140 3367 1305 3435 βάρος
1343 3362 1484 3419 εἶναι
1516 3365 1577 3418 τὸ
1612 3367 1730 3436 μετ’
1763 3368 1857 3418 αύ-

285 3459 392 3512 τῶν
423 3459 716 3525 ἐλογίζετο.

289 3581 302 3591 ’
370 3571 454 3631 Ὡς
483 3570 681 3621 κόκκον
708 3567 976 3631 σινάπεως
1006 3569 1104 3638 τὴν
1139 3568 1322 3620 πίστιν
1352 3568 1520 3636 λέγει,
1545 3567 1755 3631 δεικνὺς
1778 3570 1856 3620 δτι

285 3661 347 3712 τὸ
388 3660 665 3729 ἐλάχιστον
693 3659 789 3727 τῆς
818 3661 1047 3728 γνησίας
1096 3659 1330 3721 πίστεως
1367 3660 1460 3711 καὶ
1502 3659 1603 3729 ὅρη
1637 3659 1856 3712 δύναται

290 3752 638 3822 μεταθεῖναισ
693 3753 740 3804 εί
787 3751 843 3804 δὲ
897 3754 992 3804 καὶ
1043 3749 1281 3819 οὐδαμοῦ
1321 3750 1422 3820 ὅρη
1460 3751 1756 3822 μετετέθη,
1797 3750 1856 3804 τὸ

285 3843 498 3910 ἐγεῖραι
533 3843 757 3913 νεκροὺς
786 3842 885 3893 οὐκ
915 3840 1155 3892 ἔλαττον.

359 3951 532 4003 Πόθεν
567 3950 635 4002 τὰ
667 3950 935 4020 δίδραχμα
970 3949 1244 4012 ἐτελεῖτο;
1285 3949 1412 4001 Ὀτε
1441 3950 1507 4001 τὰ
1537 3951 1856 4020 πρωτότοκα

287 4044 396 4095 τῶν
445 4042 757 4109 Αἰγυπτίων
801 4041 1119 4095 ἀπέκτεινεν
1164 4042 1191 4092 ὁ
1221 4039 1387 4104 Θεὸς,
1423 4042 1543 4095 τότε
1584 4042 1682 4112 τὴν
1726 4043 1856 4095 Λευῖ

287 4135 462 4205 φυλὴν
493 4136 607 4187 ἀντ’
645 4135 823 4186 αὐτῶν
855 4134 1064 4186 ἐλαϐεν.
1103 4128 1235 4185 Εἶτα
1259 4134 1441 4202 ἐπειδὴ
1473 4134 1579 4186 τῶν
1605 4151 1715 4203 παρ
1744 4137 1853 4187 ’ΛΞ-

288 4227 540 4292 γυπτίοις
565 4225 925 4295 πρωτοτόκων
953 4225 1192 4279 ἐλάττων
1216 4220 1283 4294 ἦν
1313 4227 1340 4278 ὁ
1371 4225 1467 4294 τῆς
1503 4226 1670 4297 φυλῆς
1699 4228 1855 4298 ἀριθ-

292 4315 390 4381 μὸς
421 4354 433 4375 ,
467 4314 588 4367 ἀντὶ
618 4312 725 4365 τῶν
769 4313 1061 4365 λειπόντων
1105 4314 1182 4375 εἰς
1217 4314 1308 4365 τὸν
1357 4315 1624 4383 ἀριθμὸν,
1673 4316 1856 4368 σίκλον

286 4405 577 4457 ἐκέλευσεν
609 4403 985 4472 εἰσενεχθῆναι
1011 4419 1023 4432 ·
1059 4404 1116 4469 ἐξ
1165 4403 1374 4456 ἐκείνου
1409 4400 1502 4456 οὖν
1544 4404 1662 4466 ἔθος
1695 4407 1855 4474 ἐκρά-

1952 594 2152 646 dantur
2205 594 2256 645 in
2303 592 2542 646 secumlo
2578 591 2699 658 ejus
2742 587 2997 641 adventu.
3029 585 3166 640 Cum
3208 600 3339 654 ergo
3387 586 3517 640 dicit

1953 686 2078 753 quia
2114 683 2262 736 Elius
2295 685 2427 736 venit
2455 691 2502 736 et
2529 681 2877 746 restituet,de
2896 681 2999 734 hoc
3018 677 3161 748 quod
3183 678 3242 737 in
3278 678 3518 732 secundo

1953 774 2184 826 adventu
2219 771 2307 826 ﬁet
2330 772 2589 840 loquitur.
2613 771 2749 824 Cum
2779 778 2958 824 autem
2984 768 3117 821 dicit
3143 767 3233 836 qui
3259 775 3518 818 venturus

1953 876 2036 918 est
2068 865 2216 919 Elias
2249 880 2264 916 :
2311 862 2417 916 Iste
2441 873 2548 928 est,
2591 862 2890 918 secundum
2924 859 3190 934 rationem
3229 857 3519 911 ministerii

1953 955 2214 1011 Joannem
2244 954 2416 1008 Eliam
2448 962 2624 1012 vocat.

2017 1228 2178 1282 Vens.
2225 1228 2306 1282 l4.
2359 1226 2608 1281 Lunatiei
2646 1234 2796 1295 pater
2841 1226 2991 1279 valde
3023 1225 3335 1280 incredulus
3367 1233 3517 1289 erat;

1953 1322 2100 1394 quod
2125 1321 2447 1376 ostendebat
2473 1319 2706 1374 dicendo
2735 1318 2954 1372 Christo
3009 1337 3021 1371 :
3056 1319 3115 1374 Si
3157 1329 3334 1386 potes,
3373 1334 3520 1386 opem

1955 1416 2053 1484 fer.

2027 1524 2191 1580 Vsus.
2220 1524 2306 1578 15.
2330 1523 2440 1578 Cur
2467 1524 2644 1593 arguit
2675 1520 2972 1592 apostolos,
2999 1520 3042 1574 si
3070 1518 3380 1573 incredulus
3410 1528 3515 1584 est,

1954 1616 2098 1684 quod
2129 1615 2298 1669 ﬁlium
2330 1629 2490 1668 suum
2529 1628 2636 1666 non
2681 1612 3026 1667 curaverint?
3056 1611 3362 1666 Ostendens
3399 1626 3518 1664 ma-

1956 1722 2116 1776 gnam
2147 1704 2302 1759 ﬁdem
2351 1712 2402 1757 et
2439 1703 2729 1773 perfectam
2768 1705 3022 1756 virtutem
3076 1701 3340 1755 miracula
3387 1716 3518 1768 0pc-

1957 1797 2194 1850 rantium
2227 1810 2384 1865 posse
2413 1795 2494 1848 vel
2536 1795 2742 1863 absque
2771 1794 2874 1848 ﬁde
2901 1807 3091 1848 corum
3123 1793 3215 1862 qui
3257 1802 3522 1845 curantur

1956 1888 2156 1942 valere.
2183 1888 2334 1942 Sicut
2355 1887 2498 1942 enim
2531 1887 2662 1942 ﬁdes
2690 1885 3060 1941 accedentium
3088 1887 3170 1941 vel
3198 1886 3266 1939 ab
3296 1885 3520 1939 inferiu-

1957 1977 2106 2032 ribus
2127 1978 2324 2048 accipit
2352 1977 2715 2042 curationem,
2757 1987 2815 2030 ut
2860 1978 2914 2030 in
2946 1976 3203 2031 Cornelio
3227 2018 3242 2042 ,
3279 1977 3352 2030 ita
3393 1992 3522 2047 ope-

1956 2070 2189 2123 rantium
2222 2067 2372 2137 signa
2413 2067 2612 2136 profuit
2655 2067 2739 2122 vis
2779 2066 2860 2120 vel
2906 2067 3234 2137 quibusdam
3264 2083 3368 2121 non
3399 2083 3522 2122 ere—

1958 2158 2228 2224 dentibus,
2265 2168 2323 2213 ut
2356 2159 2410 2212 in
2441 2156 2658 2224 Elisaao,
2689 2158 2837 2228 quia,
2879 2158 3028 2212 nullo
3060 2157 3336 2220 credente.
3373 2172 3525 2212 mor-

1958 2257 2085 2302 tuus
2115 2249 2382 2304 excitatus
2415 2258 2518 2304 est.
2550 2247 2773 2319 Oportet
2795 2259 2975 2303 autem
3001 2249 3144 2303 scire
3167 2249 3526 2304 nihilominus

1959 2356 2064 2394 non
2104 2355 2294 2396 omnes
2320 2340 2622 2409 discipulos
2664 2339 2906 2396 inﬁrmos
2951 2339 3120 2395 fuisse
3163 2339 3216 2393 in
3257 2339 3393 2405 ﬁde;
3439 2356 3527 2395 co-

1959 2433 2157 2486 lumnae
2186 2432 2331 2488 enim
2359 2446 2464 2486 non
2491 2431 2562 2486 ibi
2602 2440 2778 2486 erant.

2028 2617 2193 2670 Victis.
2228 2616 2313 2671 16.
2339 2616 2451 2671 Cur
2483 2616 2641 2682 dixit,
2674 2615 3004 2687 Ogeneralio
3031 2617 3302 2670 incredula
3327 2627 3374 2670 el
3405 2634 3525 2686 per-

1961 2725 2103 2761 versa
2128 2709 2147 2760 ί
2179 2707 2312 2773 Quia
2353 2708 2664 2762 incredulus
2694 2709 2776 2762 vir
2807 2709 2908 2763 iste
2931 2709 2984 2762 in
3016 2708 3174 2763 turba
3208 2709 3528 2762 versabatur

1960 2809 2146 2853 contra
2170 2799 2492 2869 discipulos.
2518 2797 2720 2855 Volens
2743 2815 2872 2870 ergo
2894 2803 3131 2856 eximere
3157 2801 3274 2854 illos
3299 2816 3326 2854 a
3344 2801 3524 2869 culpa,

1963 2891 2102 2942 hunc
2125 2896 2308 2943 autem
2345 2903 2374 2941 a
2403 2888 2733 2942 contumelia
2756 2930 2770 2953 ,
2803 2904 2870 2942 ne
2902 2889 3244 2958 desperaret,
3276 2902 3526 2941 commu-

1963 2995 2083 3033 ncm
2112 2979 2241 3032 facit
2270 2994 2601 3043 sermonem,
2630 2994 2756 3033 vera
2791 2995 3008 3049 quoque
3039 2979 3224 3033 dicens
3255 2979 3320 3033 de
3355 2979 3476 3033 aliis
3509 2997 3524 3033 :

1961 3068 2256 3124 verisimile
2284 3069 2428 3122 enim
2467 3077 2586 3123 erat
2629 3069 2832 3124 multos
2878 3069 3226 3138 pra‘sentium
3259 3071 3529 3123 scandali-

1883 3185 1925 3241 ο
1963 3170 2111 3214 zatos
2143 3175 2286 3215 esse.

2032 3267 2184 3335 Illud,
2214 3269 2497 3336 Quousque
2518 3284 2606 3321 ero
2637 3268 2899 3320 vobiscum
2921 3269 2944 3320 γ
2968 3268 3206 3322 ostendit
3235 3284 3358 3322 eum
3390 3286 3530 3323 mor-

1959 3371 2064 3413 trnt
2094 3360 2406 3428 amplexum
2440 3374 2581 3423 esse,
2619 3369 2670 3413 ct
2701 3360 2936 3428 graviter
2965 3358 3108 3414 ferre
3137 3361 3280 3428 quod
3317 3378 3439 3414 cum
3471 3363 3528 3417 il-

1961 3453 2027 3505 lis
2056 3460 2195 3505 erat.

2033 3557 2194 3612 Vens.
2230 3559 2314 3612 19.
2357 3558 2421 3612 Ut
2451 3573 2683 3627 granum
2715 3558 2922 3625 sinapis
2963 3557 3122 3611 ﬁdem
3153 3558 3318 3622 dicit,
3346 3571 3530 3613 σειρη-

1957 3650 2096 3706 dens
2128 3651 2209 3705 vel
2244 3651 2529 3705 minimum
2565 3668 2704 3705 vera:
2736 3652 2858 3705 ﬁdei
2907 3662 3120 3706 montes
3166 3667 3326 3721 posse
3361 3662 3531 3708 trans-

1961 3741 2132 3806 ferre;
2170 3744 2216 3798 si
2246 3759 2374 3797 vero
2406 3759 2674 3814 nusquam
2708 3753 2919 3798 montes
2952 3743 3328 3808 transtulerit,
3363 3748 3529 3800 susci-

1960 3841 2075 3886 tare
2098 3842 2342 3887 inortuos
2368 3848 2477 3887 non
2511 3833 2739 3887 inferius
2766 3844 2871 3886 est.

2025 3940 2190 3997 Vens.
2239 3943 2329 3997 25.
2363 3941 2543 4008 Quare
2575 3942 2890 3997 didrachma
2931 3944 3279 3997 solvebatur?
3304 3943 3531 4008 Quando

1959 4031 2313 4102 primogenita
2351 4030 2728 4102 Egyptiorum
2769 4035 3022 4088 mactavit
3064 4033 3204 4089 Deus
3226 4077 3240 4098 ,
3273 4045 3400 4089 tunc
3431 4037 3528 4090 tri-

1961 4125 2085 4177 bum
2116 4123 2242 4176 Levi
2280 4139 2378 4193 pro
2413 4125 2518 4179 illis
2550 4127 2871 4194 assumpsit.
2905 4127 3103 4181 Deinde
3136 4129 3395 4197 quoniam
3421 4132 3531 4200 pri-

1961 4215 2245 4284 Iuogeuitis
2290 4215 2662 4286 Egyptiorum
2717 4218 2944 4272 inferior
2982 4231 3098 4273 erat
3133 4221 3308 4276 tribus
3342 4237 3532 4275 nume-

1959 4321 2085 4370 rus,
2121 4322 2216 4374 pro
2257 4305 2634 4362 deﬁcientibus
2666 4323 2693 4361 a
2734 4323 2994 4372 numero,
3051 4311 3242 4363 siclum
3278 4313 3532 4380 przecepit

1958 4396 2195 4450 conferti
2227 4415 2237 4448 :
2270 4413 2334 4450 cx
2384 4397 2488 4452 hoc
2521 4398 2683 4467 igitur
2717 4414 2832 4452 mos
2862 4400 3098 4454 obtinuit
3139 4402 3530 4471 primogenitos

285 4517 452 4568 τησεν
483 4499 552 4550 τὰ
582 4499 904 4568 πρωτότοκα
935 4498 1027 4550 τὸν
1068 4499 1230 4568 φόρον
1254 4499 1441 4550 τοῦτον
1465 4501 1754 4569 εἰσφέρειν.
1791 4502 1851 4553 Oi
1885 4519 1928 4573 υ

1885 4519 1928 4573 D
1961 4488 2105 4541 hunc
2142 4490 2407 4543 tributum
2438 4490 2670 4544 solvere.
2703 4488 2806 4554 Qui
2832 4492 3148 4546 didrachma
3175 4494 3434 4562 colligunt
3463 4495 3528 4548 ad

284 4590 353 4642 τὰ
390 4589 658 4658 δίδραχμα
691 4588 1058 4658 λαμϐάνοντες
1094 4587 1169 4656 τῷ
1207 4587 1396 4658 Πέτρῳ
1424 4592 1852 4660 προσέρχονται·

286 4680 544 4742 ἐπιεικῶς
580 4680 635 4731 δὲ
662 4679 852 4749 ἐπειδὴ
883 4681 1158 4748 ἀπένεμον
1182 4678 1329 4748 αὑτῴ
1356 4682 1476 4732 τινὰ
1507 4681 1638 4732 αἰδὼ
1669 4684 1753 4736 διὰ
1792 4685 1856 4735 τὰ

286 4774 508 4840 σημεῖα.

370 4860 450 4929 [ᾧ
505 4860 728 4930 Χριστῷ
777 4863 869 4913 καὶ
926 4863 1118 4930 Πέτρῳ
1172 4860 1246 4923 ὡς
1295 4865 1656 4931 πρωτοτόκοις
1708 4865 1858 4919 οὖσιν

283 4950 598 5003 ἁπαιτεῖται
620 4952 678 5002 τὸ
707 4952 1022 5023 δίδραχμον.
1047 5010 1074 5033 ¹

359 5061 432 5112 Τὸ
462 5059 642 5126 λέγειν
675 5063 764 5114 τὸν
800 5063 1054 5132 Χριστὸν,
1114 5066 1172 5119 Τί
1212 5082 1309 5121 σοι
1339 5065 1521 5130 δοκεῖ,
1555 5067 1758 5135 Σίμων;
1800 5071 1854 5119 cl

277 5151 563 5214 ,Βασιλεῖς
602 5150 713 5218 τῆς
746 5153 856 5220 γῆς
894 5155 1014 5208 ἀπὸ
1057 5157 1234 5208 τίνων
1263 5158 1682 5225 λαμϐάνουσιν
1710 5157 1853 5224 τέλη

283 5242 322 5307 ἢ
360 5243 632 5309 κῆνσον;
661 5244 905 5298 τοιοῦτον
934 5248 1046 5315 ἔχει
1084 5249 1175 5300 τὸν
1205 5248 1347 5300 νοῦν·
1395 5248 1732 5318 Ἐλεύθερος,
1754 5267 1856 5316 φη-

285 5336 393 5399 σὶν,
428 5337 544 5405 εἰμὶ
569 5337 662 5389 τοῦ
690 5337 873 5391 δοῦναι
902 5339 1119 5407 κῆνσον·
1155 5342 1202 5391 εί
1230 5341 1336 5410 γὰρ
1365 5340 1601 5410 βασιλεῖς
1629 5342 1723 5411 τῆς
1753 5342 1855 5408 γῆς

280 5429 342 5480 οὐ
373 5430 522 5496 παρὰ
569 5429 677 5480 τῶν
707 5430 840 5482 υίῶν
872 5431 1051 5482 αύτῶν
1083 5431 1455 5499 λαμϐάνουσιν
1476 5474 1490 5494 ,
1526 5431 1659 5484 ἀλλὰ
1706 5433 1856 5500 παρα

279 5522 389 5573 τῶν
419 5522 737 5592 ἀρχομένων
765 5537 777 5548 ·
809 5523 873 5575 ού
896 5523 1072 5587 δώσω,
1107 5524 1294 5591 φησιν,
1323 5523 1451 5590 ἐγὼ,
1485 5524 1584 5575 οὐκ
1613 5523 1854 5589 ἐπιγείου

285 5614 548 5681 βασιλέως
572 5653 586 5676 ,
616 5615 750 5667 ἀλλὰ
773 5614 869 5667 τοῦ
900 5616 1007 5669 τῶν
1035 5616 1279 5685 οὐρανῶν
1307 5615 1381 5669 ὢν
1428 5618 1539 5677 υίὸς
1570 5613 1851 5684 βασιλέως.

353 5703 428 5756 Τὸ
453 5708 756 5773 προειπεῖν,
775 5706 856 5757 δτι
880 5707 1178 5772 Εὐρήσεις
1199 5707 1466 5774 στατῆρα
1490 5707 1559 5758 ἐν
1577 5705 1651 5769 τῴ
1673 5707 1851 5771 ὶχθιπϊ,

284 5795 378 5846 καὶ
413 5794 474 5846 τὸ
513 5796 742 5861 πρώτως
778 5797 868 5849 τὸν
901 5797 1052 5864 ίχθὺν
1092 5799 1380 5868 ἐμπεσεῖν,
1418 5800 1505 5850 καὶ
1539 5799 1724 5866 ὥσπερ
1757 5797 1852 5862 ἄγ-

1960 4577 2178 4632 Pctrum
2229 4582 2530 4646 accedunt;
2574 4583 2946 4637 verisimiliter
2997 4596 3178 4637 autem
3222 4586 3532 4641 tribuebant

1963 4670 2038 4724 illi
2071 4671 2346 4738 quoddam
2374 4673 2696 4742 obsequium
2730 4684 2946 4741 propter
2979 4677 3153 4742 signa.

2032 4855 2074 4908 Α
2103 4855 2320 4909 Christo
2353 4866 2402 4908 et
2441 4856 2634 4918 Petro,
2669 4866 2925 4923 tanquam
2962 4856 3367 4926 priumgmitis,
3405 4861 3531 4929 prti-

1961 4956 2047 5000 tur
2077 4947 2164 5000 did
2174 4947 2412 5001 racluna.

2029 5055 2192 5111 Vens.
2226 5058 2315 5111 ει.
2341 5056 2497 5123 Quod
2527 5059 2657 5112 dicit
2694 5058 2970 5124 Christus,
3001 5061 3144 5126 Quid
3177 5062 3274 5114 tibi
3302 5061 3526 5122 videtur,

1962 5148 2192 5201 Simon?
2223 5165 2363 5215 reges
2396 5161 2547 5202 terra:
2586 5167 2615 5200 α
2647 5150 2834 5218 quibus
2864 5153 3128 5221 accipiunt
3170 5153 3420 5205 tributum
3454 5153 3530 5205 vel

1959 5241 2210 5292 censum?
2257 5245 2326 5292 ita
2369 5240 2591 5310 intelligi
2629 5241 2790 5296 debet
2845 5260 2855 5293 :
2902 5241 3059 5296 Liber
3105 5257 3248 5305 sum,
3298 5241 3452 5305 dicit,
3499 5257 3528 5294 a

1959 5332 2140 5386 dando
2164 5347 2330 5387 censu
2360 5349 2374 5394 ς
2403 5332 2446 5385 si
2484 5333 2628 5386 enim
2666 5349 2819 5401 reges
2857 5342 3015 5387 terra:
3051 5349 3080 5386 a
3116 5333 3242 5388 ﬁliis
3269 5334 3384 5388 suis
3422 5350 3528 5387 non

1959 5427 2267 5495 accipiunt,
2302 5425 2394 5479 sed
2424 5441 2450 5478 α
2498 5425 2765 5490 subditis,
2804 5441 2912 5480 non
2951 5441 3053 5496 ego
3078 5466 3092 5489 ,
3125 5426 3327 5494 inquit.
3359 5426 3527 5487 dabo,

1960 5535 2082 5571 unm
2109 5533 2211 5571 non
2243 5519 2520 5574 terrestris
2555 5522 2698 5586 regis
2723 5559 2736 5582 ,
2769 5520 2862 5574 sed
2893 5521 3154 5574 malorum
3197 5519 3336 5589 regis
3363 5518 3531 5574 Filius

1959 5614 2082 5664 sim.

2038 5700 2199 5753 Vitas.
2242 5701 2330 5754 26.
2377 5702 2671 5757 Praedicere
2715 5705 2855 5771 quod
2900 5705 3130 5758 Invenies
3180 5699 3434 5756 siate'ram
3476 5702 3525 5752 iu

1959 5797 2117 5860 pisce,
2154 5804 2209 5847 et
2255 5796 2428 5863 primo
2478 5794 2528 5847 in
2567 5795 2763 5862 piscem
2818 5795 3072 5860 incidere,
3108 5805 3160 5849 et
3209 5805 3266 5848 ut
3311 5796 3528 5848 liamum
