4220 6432
265 410 398 472 1137

1252 410 1573 472 SCIIOIJA
1614 412 1910 472 VETERA
1954 413 2032 472 ΙΝ
2077 411 2544 472 ΜΑΤΤΗΕΗΜ.

3366 412 3420 470 ιί
3432 413 3502 472 38

263 518 400 570 θεοῦ
441 518 787 589 συγχώρησιν
819 519 916 572 καὶ⁸
964 520 1348 591 μακροθυμίαν
1384 523 1518 592 πρὸς
1562 523 1658 588 τὴν
1695 525 1835 594 ἠμε-

1950 525 2174 593 gentiam
2217 532 2271 576 et
2310 524 2774 591 Ionganimitatem
2826 530 3027 576 nostra!
3075 520 3504 589 pusillanimitati

265 607 428 678 τέρεν
458 609 822 679 μικροψυχίαν
860 610 1160 662 δείκνυσιν
1191 611 1507 673 ὅτισέκεῖνος
1556 611 1654 680 μὲν
1697 613 1834 682 ἀμε-

264 715 370 768 τρα
396 702 672 770 συγχωρεῖ
713 700 893 770 (τοῦτο
939 701 1047 771 γάρ
1079 704 1194 754 ἐστι
1234 700 1311 764 τὸ,
1341 703 1572 770 μυρίαν
1595 704 1756 773 ἡμεῖς
1780 703 1834 755 δὲ

265 787 385 840 οὐδὲ
432 788 498 841 τὰ
546 789 829 859 ἀριθμητά
882 789 1308 860 συγχωροῦμεν·
1364 791 1605 843 δείκνυσι
1652 792 1709 844 δέ
1749 792 1836 845 διὰ

266 879 458 932 τούτου
510 881 675 934 πόσον
724 881 857 945 Θεὸς
902 882 1043 950 ὑπὲρ
1094 881 1380 953 ἄνθρωπόν
1431 884 1579 934 ἐστιν
1632 882 1835 949 ἀγαθὸς

269 972 363 1022 καὶ
395 971 797 1042 φιλάνθρωπος.

343 1062 447 1113 Σὺν
479 1062 556 1131 τῷ
589 1064 857 1131 ὀφείλοντι
883 1064 948 1116 τὰ
979 1064 1148 1134 μυρία
1169 1062 1405 1117 τάλαντα
1433 1065 1520 1118 διὰ
1547 1065 1599 1117 τί
1623 1067 1716 1118 καὶ
1739 1066 1839 1132 τὴν

270 1152 435 1204 αὐτοῦ
487 1157 722 1220 γυναῖκα
753 1156 848 1208 καὶ
877 1155 944 1207 τὰ
979 1155 1168 1207 παιδία
1197 1156 1498 1210 διακελεύει
1527 1157 1838 1228 πραθῆναι;

269 1243 380 1311 Οὐχ
414 1243 489 1306 ὡς
512 1244 683 1313 ὠμὸς,
719 1245 834 1298 ἀλλ’
867 1246 954 1299 ἵνα
984 1246 1148 1299 αὑτὸν
1180 1249 1256 1309 είς
1306 1247 1585 1316 ἱκετηρίαν
1615 1247 1840 1316 ἀγαγὼν

271 1333 624 1406 συγχωρήσῃ,
653 1335 750 1403 οὐχ
785 1335 870 1387 ἵνα
905 1336 1086 1406 πραθῇ
1109 1352 1123 1366 ·
1157 1339 1205 1389 εί
1234 1337 1340 1406 γὰρ
1365 1337 1452 1389 διά
1484 1337 1544 1389 τὸ
1567 1338 1840 1407 πραθῆναι

268 1421 426 1474 τοῦτο
459 1425 654 1489 ἐποίει,
686 1426 785 1478 οὐκ
805 1425 869 1478 ἀν
894 1426 1188 1497 συνεχώρει
1207 1442 1222 1457 ⁸
1263 1429 1323 1481 ού
1357 1431 1628 1498 συγχωρεῖ
1654 1429 1709 1481 δέ
1738 1430 1841 1498 πρὸ

269 1512 366 1577 τῆς
396 1511 744 1579 ἀποφάσεως,
788 1514 874 1567 ἵνα
914 1515 1077 1568 αὑτὸν
1120 1515 1393 1588 ἐλευθεροῖ
1435 1518 1839 1587 ὀφειλημάτων,

272 1601 360 1655 ἵνα
385 1604 635 1669 κάκεῖνος
663 1606 752 1658 τὸν
783 1606 1070 1677 ὁμόδουλον
1103 1609 1456 1681 συγχωρήσῃ.

872 1850 1125 1904 ΚΕΦΑΔ.
1152 1849 1253 1904 ΙΘ’.

357 1974 415 2026 Ὀ
461 1975 694 2045 Χριστὸς
748 1978 1099 2049 ἐρωτώμενος
1127 1978 1251 2032 οὔτε
1305 1979 1392 2033 ἀεὶ
1428 1981 1576 2048 σιγᾷ,
1629 1979 1716 2034 ἵνα
1767 1980 1841 2050 μὴ

272 2065 569 2134 νομίσωσιν
595 2066 901 2136 λανθάνειν,
955 2071 1078 2124 οὔτε
1109 2071 1196 2124 ἀεὶ
1223 2070 1439 2140 ἐλέγχει
1468 2071 1554 2123 ἵνα
1578 2072 1844 2142 παιδεύσῃ

271 2157 336 2207 ἐκ
368 2154 462 2208 τοῦ
496 2157 720 2229 ἡμέρως
767 2159 956 2231 φέρειν
987 2160 1172 2225 αὑτὸν,
1228 2159 1514 2223 κάκείνους
1544 2161 1606 2214 τὸ
1638 2163 1844 2232 μακρό-

271 2247 337 2300 θυ
347 2266 466 2319 μον.

344 2339 410 2389 Τί
431 2339 581 2410 δηλοῖ
603 2340 687 2404 τὸ,
719 2343 786 2395 Ei
811 2342 999 2409 οὕτως
1027 2343 1200 2396 ἐστίν
1220 2344 1258 2413 ἡ
1294 2346 1454 2398 altla
1482 2344 1588 2399 τοῦ
1619 2344 1842 2413 ἀνθρώ-

270 2444 389 2482 που
402 2433 552 2499 μετὰ
574 2432 683 2501 τῆς
713 2437 997 2503 γυναικός
1019 2454 1039 2501 ;
1062 2436 1234 2490 Τοῦτο
1259 2437 1430 2506 λέγει,
1461 2439 1541 2491 ὅτι
1565 2438 1664 2492 Διά
1688 2438 1846 2490 τοῦτο

275 2523 520 2595 συνήφθη
557 2527 641 2579 ἵνα
669 2526 727 2580 ἓν
758 2521 922 2580 ὦσιν·
956 2529 989 2600 ἢ
1025 2530 1221 2594 ἐκεῖνο,
1251 2531 1334 2583 ὅτι
1374 2530 1437 2585 Ei
1463 2530 1640 2583 αἰτίαν
1680 2529 1846 2600 λήψε-

272 2629 364 2666 ται
393 2617 486 2667 καὶ
516 2622 823 2688 παρανομεῖ
847 2620 876 2670 ὁ
898 2619 1036 2691 ἀνὴρ
1070 2622 1159 2674 ἐπὶ
1195 2622 1405 2686 τούτοις
1441 2622 1721 2676 ἐκόάλλων
1745 2621 1846 2692 τὴν

273 2709 526 2770 γυναῖκα,
563 2710 891 2781 κουφότερόν
932 2713 1078 2765 ἐστιν
1123 2713 1326 2782 μᾶλλον
1354 2713 1492 2782 πρὸς
1534 2713 1838 2784 ἐπιθυμίαν

275 2795 543 2865 μάχεσθαι
590 2800 825 2867 φύσεως,
860 2803 892 2873 ἢ
929 2804 1065 2874 πρὸς
1113 2807 1349 2873 γυναῖκα
1414 2806 1682 2875 πονηράν.
1734 2803 1846 2859 Καὶ

272 2885 450 2950 ἄλλως
466 2891 576 2958 ’,Εί
601 2890 774 2955 οὕτως
805 2894 954 2947 ἐστὶν
990 2896 1022 2964 ὴ
1053 2897 1200 2948 αἰτία
1225 2895 1320 2948 τοῦ
1369 2895 1660 2965 ἀνθρώπου
1706 2896 1847 2967 μετά

274 2981 372 3047 τῆς
395 2983 670 3049 γυναικὸς,
707 2987 982 3039 τουτέστιν
1009 2989 1056 3039 εί
1087 2987 1174 3041 διά
1199 2987 1357 3041 τοῦτο
1379 2988 1653 3057 συνήφθη,
1676 2989 1762 3040 ἵνα
1788 2989 1846 3041 ἓν

273 3062 429 3134 ὦσιν,
464 3072 558 3125 καὶ
601 3074 960 3128 ἀδιάσπαστοι
1006 3076 1240 3146 μένωσιν
1282 3078 1410 3148 παρ’
1438 3078 1559 3131 ὅλον
1592 3078 1682 3130 τὸν
1711 3077 1846 3146 βίον,

276 3160 378 3212 κᾶν
410 3163 659 3233 μοχθηρά
707 3165 826 3218 λίαν
859 3169 950 3220 καὶ
982 3167 1253 3238 θηριώδης
1286 3171 1319 3238 ἠ
1346 3170 1505 3237 γυνὴ,
1538 3169 1600 3221 ού
1635 3170 1843 3238 συμφέο

1939 623 2198 684 pr:estare
2234 616 2492 669 ostendit.
2541 613 2675 668 Nam
2718 615 2806 668 ille
2835 613 3050 683 quidem
3087 612 3503 666 innumerabilia

1939 706 2186 768 remittit.
2219 706 2269 760 id
2301 706 2444 760 enim
2482 716 2641 762 sonat
2672 707 2861 762 decem
2912 705 3122 770 millia;
3174 718 3274 758 nos
3325 711 3504 757 autem

1939 812 2006 851 ne
2045 797 2405 851 numerabilia
2434 797 2652 865 quidem
2680 797 3031 852 remittimus.
3059 794 3161 849 Per
3192 796 3295 848 hoc
3324 804 3508 848 osten-

1939 887 2088 941 ditur
2137 898 2402 957 quantum
2443 887 2586 942 Deus
2625 903 2734 958 pra:
2777 887 3092 943 hominibus
3137 886 3315 942 bonus
3357 885 3428 939 sit
3456 893 3509 938 et

1940 979 2228 1048 benignus.

2013 1068 2149 1125 Cum
2190 1069 2281 1124 illo
2311 1071 2404 1140 qui
2449 1070 2686 1126 debebat
2727 1069 2914 1124 decem
2953 1066 3121 1124 millia
3153 1066 3376 1130 talenta,
3411 1081 3510 1120 cur

1942 1162 2089 1216 illius
2161 1161 2441 1216 mulierem
2477 1171 2544 1218 ,ct
2591 1162 2733 1216 ﬁlios
2775 1161 3076 1214 venundari
3128 1160 3332 1230 jussit?
3390 1156 3509 1210 Non

1943 1259 2202 1321 tanquam
2260 1250 2502 1305 crudelis
2528 1253 2621 1315 sit,
2674 1250 2768 1305 sed
2810 1259 2871 1304 ut
2899 1249 3053 1304 illum
3088 1249 3154 1302 ad
3194 1247 3510 1318 supplican-

1943 1341 2070 1394 dum
2101 1339 2381 1394 adducens
2415 1341 2488 1392 illi
2536 1341 2801 1408 ignoscat,
2841 1354 2949 1393 non
2991 1349 3050 1393 ut
3075 1338 3411 1401 vendantur;
3463 1336 3511 1388 si

1941 1431 2086 1484 enim
2126 1441 2184 1484 ut
2219 1430 2525 1485 vendantur
2574 1431 2678 1484 hoc
2726 1431 2965 1495 fecisset,
3019 1445 3127 1483 non
3184 1428 3507 1499 ignosceret.

1942 1520 2063 1573 Non
2097 1520 2332 1588 ignoscit
2382 1529 2564 1574 autem
2598 1529 2890 1591 antequam
2932 1521 3198 1574 rationem
3231 1526 3419 1588 ponat,
3454 1525 3514 1569 ut

1943 1611 2097 1665 illum
2152 1613 2344 1669 liberet
2385 1629 2416 1668 a
2447 1613 2684 1681 debitis,
2728 1621 2783 1668 et
2831 1622 2890 1668 ut
2937 1613 3027 1668 ille
3078 1624 3346 1667 conservo
3412 1622 3512 1663 suo

1943 1705 2208 1772 ignoscat.

2528 1847 2757 1905 CAPUT
2787 1847 2927 1903 XIX.

2013 1966 2180 2022 Vsus.
2215 1970 2270 2024 4.
2318 1968 2572 2026 Christus
2615 1987 2739 2026 cum
2790 1972 3175 2042 interrogatur,
3225 1985 3333 2025 non
3369 1985 3514 2026 sem-

1944 2077 2039 2132 per
2073 2071 2234 2128 tacet,
2266 2079 2337 2118 ne
2372 2064 2625 2134 ignorare
2681 2074 2932 2136 putetur;
2963 2079 3072 2119 non
3122 2079 3337 2134 semper
3377 2079 3511 2119 con-

1944 2152 2140 2221 fundit,
2175 2164 2232 2208 ut
2265 2154 2482 2220 doceat,
2509 2155 2734 2211 ferendo
2758 2158 2873 2228 ipse
2915 2172 3040 2212 cum
3074 2155 3511 2219 mansuetudine,

1942 2256 1998 2300 et
2029 2246 2178 2316 ipsos
2208 2247 2702 2317 longanimitatem.

2016 2339 2181 2394 Vens.
2211 2340 2299 2395 10.
2330 2340 2470 2406 Quid
2517 2339 2754 2395 ostendit
2805 2341 2974 2404 istud,
3007 2340 3066 2395 Si
3114 2343 3190 2394 ita
3219 2349 3297 2395 est
3350 2356 3515 2393 causa

1945 2431 2170 2484 hominis
2200 2447 2316 2484 cum
2347 2433 2550 2485 uxore?
2583 2441 2685 2486 etc.
2740 2431 2948 2486 Dicitur
2999 2430 3145 2486 istud
3170 2474 3184 2498 ,
3225 2432 3370 2500 quod
3421 2447 3517 2500 per

1945 2522 2050 2576 hoc
2070 2521 2398 2590 conjunctus
2429 2523 2501 2576 sit
2535 2531 2596 2576 ut
2623 2538 2792 2576 unum
2810 2523 2959 2587 sint;
2991 2522 3264 2586 autillud,
3297 2523 3442 2590 quod
3471 2523 3518 2575 si

1944 2621 2238 2667 accusatus
2293 2610 2494 2677 fuerit,
2529 2621 2584 2666 ct
2633 2612 2803 2682 legem
2863 2611 3150 2665 violaverit
3201 2613 3283 2664 vir
3329 2612 3382 2665 in
3433 2612 3519 2665 liis

1946 2718 2171 2759 uxorem
2197 2703 2545 2768 dimittendo,
2583 2705 2740 2774 longe
2768 2705 2942 2759 levius
2985 2706 3056 2761 sit
3088 2713 3278 2759 contra
3312 2714 3519 2758 natura:

1946 2796 2445 2867 concupiscentiam
2477 2812 2719 2868 pugnare
2751 2813 2915 2867 quam
2944 2807 3135 2852 contra
3167 2797 3366 2850 malam
3402 2812 3494 2849 mu

1949 2890 2159 2945 Iierem.
2211 2889 2275 2944 Et
2327 2890 2529 2944 aliter:
2560 2890 2606 2944 si
2647 2890 2720 2944 ita
2761 2898 2844 2944 est
2894 2905 3064 2945 causa
3115 2888 3353 2944 hominis
3394 2902 3520 2943 cum
3559 2889 3561 2891 ’

1949 2997 2140 3047 uxore,
2177 2981 2229 3035 id
2261 2991 2346 3036 cst
2373 2981 2416 3033 si
2457 2996 2554 3051 per
2599 2983 2702 3036 hoc
2748 2982 3079 3051 coniunctus
3126 2989 3210 3035 est
3259 2988 3318 3034 ut
3352 2995 3520 3034 unum

1947 3073 2078 3137 sint,
2111 3081 2167 3125 et
2219 3072 2614 3141 inseparabiles
2667 3082 2893 3127 manent
2955 3089 3053 3143 per
3106 3081 3280 3126 totam
3332 3071 3524 3137 vitam,

1948 3165 2049 3218 etsi
2082 3177 2336 3233 perversa
2369 3172 2422 3217 et
2455 3162 2690 3233 maligna
2738 3163 2971 3216 multum
3027 3163 3191 3217 fuerit
3225 3177 3378 3226 uxor,
3414 3176 3522 3215 non

275 3269 382 3322 ρει,
419 3256 512 3307 καὶ
541 3256 690 3326 ἐξῆς.
729 3260 796 3311 Ἢ
830 3259 924 3312 καὶ
954 3260 1126 3322 οὕτως
1149 3277 1164 3291 ⁸
1200 3261 1261 3312 Et
1296 3260 1473 3313 αἰτίαν
1502 3260 1731 3332 λήψεται
1754 3263 1848 3315 καὶ

1953 3258 2192 3324 expedit,
2223 3264 2329 3309 etc.
2365 3254 2460 3309 Vel
2498 3256 2573 3309 ita
2611 3274 2623 3310 :
2656 3256 2700 3309 si
2734 3265 3029 3310 accusatus
3069 3255 3233 3309 fuerit
3261 3266 3316 3309 et
3345 3255 3519 3322 legem

279 3348 637 3415 παρανομεῖὸ
659 3349 797 3421 ἀνὴρ
822 3350 915 3401 ἐπὶ
932 3350 1140 3414 τούτοις
1169 3351 1447 3405 ἐκϐάλλων
1472 3353 1568 3422 τὴν
1589 3355 1848 3420 γυναῖκα,

271 3434 335 3486 ού
368 3437 636 3507 συμφέρει
664 3439 948 3509 γαμῆσαι·
987 3443 1322 3512 κουφότερον
1351 3444 1462 3512 γάρ
1489 3444 1628 3514 πρδς
1659 3445 1853 3498 ἐπιθυ.-

276 3526 408 3594 μίαν
459 3528 733 3597 μάχεσθαι
784 3532 879 3584 καὶ
918 3531 1056 3602 πρὸς
1109 3533 1321 3598 ἐαυτὸν,
1359 3534 1391 3604 ἢ
1429 3536 1564 3602 πρὸς
1614 3540 1851 3604 γυναῖκα

274 3618 519 3687 πονηρὰν
550 3620 644 3672 καὶ
679 3620 880 3688 πολλῆς
911 3623 1186 3691 γέμουσαν
1233 3625 1638 3694 ἀναισχυντίας.

345 3705 502 3769 Τίνος
548 3708 735 3762 ἕνεκεν
774 3712 821 3764 οί
877 3713 1119 3782 μαθηταὶ
1187 3715 1495 3768 ἀπεσόσουν
1543 3716 1612 3769 τά
1663 3718 1851 3773 παιδία

275 3799 420 3869 ειπερ
448 3805 790 3874 προσηνέχθη
817 3806 966 3876 αύτῷ
991 3808 1082 3860 ἐπὶ
1104 3809 1182 3879 τῷ
1204 3808 1468 3874 εὖξασθαι
1497 3811 1715 3876 αύτοῖς;
1745 3813 1850 3863 Τύ-

276 3909 378 3958 (pou
429 3895 614 3948 ἕνεκεν
639 3913 654 3928 ο
693 3899 854 3962 αὐτὸς
887 3900 944 3953 δὲ
971 3899 1238 3955 διδάσκων
1283 3905 1482 3967 αὐτοὺς
1537 3906 1854 3976 μετριάζειν

278 3985 373 4035 καὶ
401 3985 568 4054 τῦφον
617 3994 973 4056 καταπατεῖν,
1005 3992 1273 4064 λαμϐάνει
1305 3995 1398 4048 καὶ
1436 3997 1849 4064 ἐναγκαλίζεται

279 4074 374 4124 καὶ
404 4076 792 4145 προσεύχεται⁵
837 4081 931 4134 καὶ
973 4081 1237 4147 διδάσκει,
1271 4083 1359 4139 ἵνα
1387 4084 1422 4136 ἂ
1456 4088 1520 4156 τῇ
1553 4086 1712 4153 φύσει
1737 4086 1849 4156 ἔχει

274 4163 345 4215 τά
367 4166 573 4234 παιδία,
606 4171 672 4240 τῇ
702 4172 1022 4242 προαιρέσει
1053 4173 1421 4246 ἐργαζώμεθα
1451 4177 1634 4248 ἡμεῖς.

350 4347 456 4398 Τὸν
505 4349 870 4419 προσελθόντα
929 4353 1213 4407 νεανίσκον
1246 4354 1322 4425 τῷ
1352 4356 1576 4427 Χριστῷ
1631 4357 1724 4410 καὶ
1769 4359 1847 4409 εί-

277 4439 468 4490 πόντα·
522 4440 859 4495 Διδάσκαλε
895 4442 1099 4510 ἀγαθὲ,
1152 4446 1297 4508 τινὲς
1348 4446 1448 4515 μὲν
1498 4447 1573 4509 ὠς
1618 4446 1850 4500 ὓπουλον

1953 3347 2235 3403 violaverit
2263 3349 2348 3401 vir
2377 3348 2430 3401 in
2457 3347 2543 3401 bis
2577 3361 2802 3401 uxorem
2833 3345 3178 3412 dimittendo,
3210 3361 3316 3401 non
3360 3361 3522 3414 expe-

1951 3438 2030 3493 dit
2058 3438 2292 3504 nubere;
2323 3438 2493 3493 levius
2522 3437 2665 3492 enim
2695 3446 2778 3492 est
2804 3447 2995 3492 contra
3025 3437 3523 3507 concupiscentiam

1951 3544 2194 3599 pugnare
2223 3538 2277 3583 et
2309 3538 2499 3583 contra
2529 3530 2791 3598 seipsum,
2822 3545 2989 3598 quam
3015 3514 3206 3586 contra
3237 3529 3523 3586 mulierem
3615 3545 3617 3548 ‘

1952 3620 2149 3672 malam
2189 3629 2242 3673 et
2272 3619 2609 3689 impudentia
2642 3620 2810 3674 multa
2852 3619 3132 3674 refertam.

2024 3709 2188 3764 Vens.
2224 3711 2311 3767 l3.
2338 3710 2509 3775 Quam
2540 3711 2610 3764 ob
2629 3727 2853 3767 causam
2880 3710 3136 3780 discipuli
3169 3711 3526 3781 increpabant

1953 3803 2211 3872 parvulos
2241 3803 2334 3870 Qui
2366 3803 2432 3856 ad
2473 3803 2626 3856 illum
2662 3801 3030 3858 aﬂ'erebantur
3063 3814 3122 3856 ut
3146 3802 3252 3858 illis
3303 3804 3526 3858 ovaret?

1954 3893 2238 3962 Superbia:
2273 3909 2461 3949 causa.
2491 3893 2583 3947 llle
2612 3902 2795 3950 autem
2835 3895 3039 3948 docens
3067 3909 3161 3949 eos
3191 3895 3524 3949 moderatio-

1952 3999 2075 4037 nem
2122 3993 2174 4038 et
2221 3984 2494 4052 superbia)
2526 3993 2926 4054 contemptum,
2986 3986 3243 4054 parvulos
3299 3988 3524 4056 excipit,

1951 4091 2148 4130 manus
2207 4075 2441 4144 imponit
2490 4086 2545 4131 et
2577 4079 2658 4130 eis
2713 4088 2872 4143 orat;
2943 4079 3102 4132 (locet
3175 4078 3384 4145 etiam,
3465 4089 3525 4134 ut

1951 4182 2076 4231 nos,
2111 4168 2257 4237 quod
2293 4177 2486 4223 natura
2517 4170 2731 4240 parvuli
2781 4178 2930 4234 sunt,
2986 4169 3290 4226 intentione
3318 4172 3523 4228 etlicia~

1953 4275 2096 4312 mur.

2026 4347 2186 4405 Vens.
2223 4352 2307 4405 16.
2334 4352 2692 4406 Accedentem
2718 4353 2784 4407 ad
2808 4353 3087 4408 Christum
3117 4354 3519 4410 adolescentem

1951 4451 2005 4495 et
2032 4441 2302 4496 dicentem
2335 4461 2348 4498 :
2379 4443 2635 4514 Magister
2663 4449 2814 4509 bone,
2861 4446 3085 4514 quidam
3119 4456 3179 4502 ut
3206 4447 3524 4502 dissimula-

276 4530 687 4593 διαϐάλλουσιν,
738 4533 851 4602 ἐγὼ
880 4535 938 4588 δὲ
979 4537 1279 4606 χρημάτων
1331 4537 1517 4592 δοῦλον
1587 4539 1844 4609 μόνον.ού

1955 4540 2067 4584 tum
2109 4534 2557 4601 reprehendunt;
2594 4551 2695 4607 ego
2724 4546 2908 4591 autem
2959 4538 3274 4593 divitiarum
3303 4555 3522 4594 servum

277 4624 731 4694 παραιτησαίμην
759 4628 932 4679 εἰπεῖν
953 4643 967 4656 ’
1003 4628 1195 4699 ἐπειδὴ
1225 4629 1321 4681 ml.
1343 4632 1370 4682 ὁ
1397 4630 1630 4700 Χριστὸς
1672 4631 1850 4698 τοιού-

276 4731 371 4766 τον
415 4717 579 4770 αὑτὸν
630 4718 758 4773 ὄντα
807 4719 1042 4789 ἧλεγξεο
1093 4723 1216 4774 ἐπεὶ⁵
1269 4724 1361 4774 καὶ
1410 4725 1638 4793 Μάρκος
1679 4725 1850 4793 λέγει,

292 4807 626 4876 Έμϐλέψας
646 4810 805 4874 αὐτῷ
833 4806 964 4864 οἷον
985 4813 1306 4881 ἠγάπησεν
1328 4816 1513 4868 αὐτόν
1537 4833 1547 4844 ·
1574 4818 1668 4869 καὶ
1696 4819 1778 4871 ὃτι
1805 4819 1852 4870 εί

280 4897 441 4951 τοῦτο
479 4895 545 4970 ἦν
569 4940 584 4964 ,
641 4901 910 4971 ἐδήλωσεν
957 4903 1024 4956 ἂν
1058 4904 1220 4968 αὐτὸς
1247 4908 1276 4958 ὁ
1314 4907 1706 4977 εύαγγελιστὴς
1730 4949 1743 4970 ,
1779 4909 1854 4973 ὡς

279 4989 376 5040 ἐπὶ
401 4989 495 5041 τοῦ
529 4991 754 5060 νομικοῦ
778 4993 871 5045 καὶ
895 4992 988 5045 ἐπὶ
1012 4993 1122 5046 τῶν
1143 4995 1317 5047 ἄλλων
1340 5012 1356 5027 ·
1390 4997 1485 5050 καὶ
1512 4999 1560 5049 εί
1586 4997 1742 5050 τοῦτο
1763 4994 1852 5069 ἦν,

278 5079 382 5130 οὐκ
427 5078 638 5146 ἀπῆλθε
691 5080 1065 5151 λυπούμενος’
1101 5084 1194 5136 καὶ
1245 5085 1568 5156 ἐλεγχθῆναι
1605 5085 1662 5139 δὲ
1707 5082 1854 5156 εἶχεν

287 5170 564 5237 πειράζων
591 5170 667 5232 ὡς
701 5172 798 5223 καὶ
823 5173 873 5223 οί
907 5171 1079 5225 ἄλλοι.

356 5259 479 5321 Πῶς
502 5261 718 5330 νοητέον
745 5262 826 5324 τὸ,
851 5262 1061 5328 Οὐδείς
1091 5263 1314 5332 ἀγαθὸς
1334 5267 1384 5318 el
1399 5266 1486 5334 μὴ
1509 5263 1596 5331 εἷς
1617 5271 1650 5321 ό
1672 5269 1851 5332 Θεός;

286 5353 362 5421 μή
402 5369 529 5404 ποτε
559 5352 616 5404 δέ
648 5354 741 5406 καὶ
768 5353 959 5406 ἐαυτὸν
993 5354 1246 5410 ἐκϐάλλει
1283 5357 1379 5410 τού
1424 5355 1564 5412 εἶναι
1607 5341 1852 5428 ἀγαθόνς

284 5443 508 5512 Πρῶτον
539 5445 638 5514 μὲν
666 5447 764 5516 οὐχ
791 5447 873 5499 ὅτι
907 5447 1007 5499 ούκ
1048 5447 1161 5500 ἐστι
1188 5464 1271 5511 τις
1301 5449 1602 5520 ἀνθρώπων
1630 5449 1856 5518 ἀγαθὸς,

283 5536 444 5589 τοῦτο
481 5537 650 5605 λέγει,
680 5538 815 5591 ἀλλά
847 5538 1214 5608 παραὸάλλων
1245 5540 1343 5609 τὴν
1367 5541 1462 5593 τοῦ
1483 5541 1619 5594 Θεοῦ
1648 5542 1857 5610 ἀγαθό-

285 5647 426 5700 τητα
453 5634 592 5701 πρὸς
623 5634 768 5701 ἡμᾶς
796 5647 810 5662 ’
853 5633 1042 5686 ἔπειτα
1063 5634 1119 5686 δέ
1145 5635 1245 5686 ούκ
1277 5629 1451 5697 εἶπεν,
1475 5635 1556 5687 ὅτι
1598 5636 1714 5688 Οὐκ
1739 5638 1857 5707 εἰμὶ

285 5721 512 5786 ἀγαθὸς,
534 5723 647 5773 ἀλλ’
667 5722 728 5775 '0
739 5722 897 5787 ὺδείς
913 5723 1010 5775 ἀνθ
1021 5723 1239 5792 ρώπων,
1267 5724 1456 5792 ἐπειδὴ
1482 5725 1556 5788 ὼς
1585 5725 1858 5796 ἀνθρώπῳ

291 5814 439 5880 αύτῷ
481 5814 650 5882 ψιλῶς
685 5814 989 5885 προσῆλθεο
1031 5815 1190 5870 τοῦτο
1229 5815 1374 5885 λέγει
1415 5816 1587 5887 δῆθεν
1607 5818 1698 5870 καὶ
1729 5818 1856 5888 περὶ

1958 4627 2336 4680 tantummodo
2365 4642 2468 4680 non
2498 4627 2782 4681 abnuerim
2811 4629 2996 4683 dicere
3028 4647 3041 4682 :
3075 4630 3335 4698 quoniam
3364 4630 3524 4684 Citri-

1957 4725 2076 4770 stus
2103 4717 2262 4770 talem
2301 4716 2451 4771 illum
2481 4732 2602 4771 esse
2633 4720 3023 4784 pronuntiavit.
3059 4717 3194 4773 Nam
3229 4729 3284 4774 ct
3306 4722 3526 4777 Marcus

1957 4808 2109 4870 dicit,
2159 4805 2382 4860 lntuens
2436 4824 2554 4861 eum
2600 4809 2788 4862 dilexit
2834 4827 2972 4864 eum.
3011 4809 3075 4864 Et
3110 4812 3155 4865 si
3189 4812 3320 4866 illud
3365 4812 3525 4878 foret,

1958 4897 2306 4970 patefecisset
2353 4899 2467 4967 ipse
2514 4901 2870 4971 evangelista,
2903 4912 2960 4956 ut
2996 4903 3050 4956 in
3085 4903 3219 4974 legis
3264 4905 3440 4974 perito
3473 4917 3528 4959 et

1956 4991 2111 5055 aliis;
2136 4990 2179 5043 si
2209 4989 2340 5043 illud
2379 4990 2536 5055 foret,
2568 5007 2675 5046 non
2709 4993 2934 5048 abiisset
2959 4995 3164 5058 tristis;
3196 5005 3250 5049 et
3279 4997 3529 5052 accusari

1959 5085 2246 5138 meruisset
2281 5092 2341 5138 ut
2368 5091 2610 5140 tentator
2640 5087 2784 5139 velut
2820 5087 3043 5156 quidam
3084 5089 3198 5143 alii.

2031 5265 2196 5319 Vens.
2234 5265 2318 5318 Π.
2349 5263 2633 5329 Quomodo
2679 5265 3116 5336 intelligendum,
3149 5266 3319 5322 Nemo
3362 5271 3526 5324 bonus

1960 5358 2064 5410 nisi
2119 5357 2264 5410 solus
2297 5356 2475 5409 Deus?
2513 5371 2697 5410 nonne
2740 5356 2990 5411 fortassis
3021 5358 3090 5412 de
3117 5373 3177 5414 se
3214 5358 3334 5429 ipso
3367 5374 3529 5429 negat

1958 5464 2079 5503 esse
2123 5464 2180 5503 se
2219 5446 2464 5500 bonum?
2530 5446 2776 5502 Primum
2831 5449 3074 5517 quidem,
3107 5465 3216 5504 non
3255 5452 3402 5520 quod
3457 5455 3530 5506 sit

1960 5541 2143 5594 nullus
2173 5539 2337 5591 homo
2366 5537 2569 5601 bonus,
2605 5541 2708 5594 hoc
2742 5540 2895 5604 dicit,
2928 5541 3021 5594 sed
3057 5540 3271 5596 confert
3303 5541 3394 5596 Dei
3426 5544 3527 5598 bo-

1961 5632 2185 5687 nitatem
2219 5645 2347 5684 cum
2401 5641 2588 5685 nostra
2619 5648 2635 5696 ;
2671 5630 2866 5686 deinde
2899 5647 3007 5686 non
3038 5633 3194 5697 dixit,
3246 5632 3366 5687 Non
3405 5650 3528 5688 sum

1961 5725 2159 5787 bonus,
2200 5723 2293 5777 sed
2347 5737 2509 5776 nemo
2565 5723 2869 5788 hominum,
2919 5725 3178 5792 quoniam
3236 5726 3336 5779 iste
3371 5735 3429 5779 ut
3461 5728 3526 5779 ad

1964 5817 2236 5873 hominem
2289 5829 2499 5870 merum
2543 5817 2608 5870 ad
2651 5815 2801 5870 illum
2853 5826 3176 5872 accesserat.
3228 5815 3342 5873 lloc
3387 5818 3525 5873 dixit
