  <div class='ocr_page' id='page_1' title='image "/cluster/home/n/w/nwhite01/storage/ocr_20150623/106/nnc1.0046979980/599.png"; bbox 0 0 4220 6432; ppageno 0'>
   <div class='ocr_carea' id='block_1_1' title="bbox 714 423 853 488">
    <p class='ocr_par' dir='ltr' id='par_1_1' title="bbox 714 423 853 488">
     <span class='ocr_line' id='line_1_1' title="bbox 714 423 853 488; baseline -0.007 0"><span class='ocrx_word' id='word_1_1' title='bbox 714 423 853 488; x_wconf 74' lang='grc'>1139</span> 
     </span>
    </p>
   </div>
   <div class='ocr_carea' id='block_1_2' title="bbox 1422 425 3232 492">
    <p class='ocr_par' dir='ltr' id='par_1_2' title="bbox 1422 425 3232 492">
     <span class='ocr_line' id='line_1_2' title="bbox 1422 425 3232 492; baseline 0.003 -8"><span class='ocrx_word' id='word_1_2' title='bbox 1422 425 1809 485; x_wconf 77' lang='lat' dir='ltr'><strong>OPUSCULA</strong></span> <span class='ocrx_word' id='word_1_3' title='bbox 1854 428 2486 487; x_wconf 76' lang='lat' dir='ltr'><strong>SCRIPTURISTICA</strong></span> <span class='ocrx_word' id='word_1_4' title='bbox 2534 428 2883 489; x_wconf 64' lang='grc' dir='ltr'><strong>ΙΝΕΕΒΤίΕ</strong></span> <span class='ocrx_word' id='word_1_5' title='bbox 2922 429 3232 492; x_wconf 70' lang='grc' dir='ltr'><strong>ιΕΤΑΤΙΞ.</strong></span> 
     </span>
    </p>
   </div>
   <div class='ocr_carea' id='block_1_3' title="bbox 3824 428 3975 492">
    <p class='ocr_par' dir='ltr' id='par_1_3' title="bbox 3824 428 3975 492">
     <span class='ocr_line' id='line_1_3' title="bbox 3824 428 3975 492; baseline 0.02 -3"><span class='ocrx_word' id='word_1_6' title='bbox 3824 428 3975 492; x_wconf 80' lang='lat' dir='ltr'><strong>mo</strong></span> 
     </span>
    </p>
   </div>
   <div class='ocr_carea' id='block_1_4' title="bbox 709 538 2375 613">
    <p class='ocr_par' dir='ltr' id='par_1_4' title="bbox 709 538 2358 610">
     <span class='ocr_line' id='line_1_4' title="bbox 709 538 2358 610; baseline 0 -16"><span class='ocrx_word' id='word_1_7' title='bbox 709 556 840 594; x_wconf 91' lang='lat' dir='ltr'><strong>sane</strong></span> <span class='ocrx_word' id='word_1_8' title='bbox 868 538 934 592; x_wconf 81' lang='lat' dir='ltr'><strong>de</strong></span> <span class='ocrx_word' id='word_1_9' title='bbox 965 538 1147 610; x_wconf 77' lang='lat' dir='ltr'><strong>seipso</strong></span> <span class='ocrx_word' id='word_1_10' title='bbox 1179 554 1415 609; x_wconf 59' lang='lat' dir='ltr'><strong>quoque.</strong></span> <span class='ocrx_word' id='word_1_11' title='bbox 1457 539 1593 592; x_wconf 83' lang='lat' dir='ltr'><strong>[llud</strong></span> <span class='ocrx_word' id='word_1_12' title='bbox 1626 549 1828 603; x_wconf 84' lang='lat' dir='ltr'><strong>autem,</strong></span> <span class='ocrx_word' id='word_1_13' title='bbox 1877 539 1999 605; x_wconf 63' lang='grc' dir='ltr'>νοτ,</span> <span class='ocrx_word' id='word_1_14' title='bbox 2023 542 2143 593; x_wconf 81' lang='lat' dir='ltr'><strong>licet</strong></span> <span class='ocrx_word' id='word_1_15' title='bbox 2168 543 2284 595; x_wconf 73' lang='lat' dir='ltr'><strong>sitis</strong></span> <span class='ocrx_word' id='word_1_16' title='bbox 2316 556 2358 607; x_wconf 71' lang='grc' dir='ltr'>Α</span> 
     </span>
    </p>
   </div>
   <div class='ocr_carea' id='block_1_5' title="bbox 2300 538 3966 613">
    <p class='ocr_par' dir='ltr' id='par_1_5' title="bbox 2316 542 3966 613">
     <span class='ocr_line' id='line_1_5' title="bbox 2316 542 3966 613; baseline 0.002 -18"><span class='ocrx_word' id='word_1_17' title='bbox 2316 556 2358 607; x_wconf 73' lang='grc' dir='ltr'>Α</span> <span class='ocrx_word' id='word_1_18' title='bbox 2392 542 2621 595; x_wconf 53' lang='grc' dir='ltr'>ἑαυτοῦ·</span> <span class='ocrx_word' id='word_1_19' title='bbox 2663 546 2872 597; x_wconf 79' lang='grc' dir='ltr'>τοιοῦτο</span> <span class='ocrx_word' id='word_1_20' title='bbox 2907 544 2961 599; x_wconf 79' lang='grc' dir='ltr'>δὲ</span> <span class='ocrx_word' id='word_1_21' title='bbox 2998 546 3111 609; x_wconf 74' lang='grc' dir='ltr'>καὶ,</span> <span class='ocrx_word' id='word_1_22' title='bbox 3162 546 3231 597; x_wconf 78' lang='lat' dir='ltr'><strong>El</strong></span> <span class='ocrx_word' id='word_1_23' title='bbox 3274 542 3437 613; x_wconf 81' lang='grc' dir='ltr'><strong>ὑμεῖς</strong></span> <span class='ocrx_word' id='word_1_24' title='bbox 3490 544 3737 613; x_wconf 74' lang='grc' dir='ltr'>πονηροί</span> <span class='ocrx_word' id='word_1_25' title='bbox 3790 546 3966 611; x_wconf 71' lang='grc' dir='ltr'>ὄντες</span> 
     </span>
    </p>
   </div>
   <div class='ocr_carea' id='block_1_6' title="bbox 709 631 2281 695">
    <p class='ocr_par' dir='ltr' id='par_1_6' title="bbox 709 631 2281 695">
     <span class='ocr_line' id='line_1_6' title="bbox 709 631 2281 695; baseline 0.003 -14"><span class='ocrx_word' id='word_1_26' title='bbox 709 631 873 695; x_wconf 86' lang='lat' dir='ltr'><strong>mali,</strong></span> <span class='ocrx_word' id='word_1_27' title='bbox 929 634 1094 685; x_wconf 73' lang='lat' dir='ltr'><strong>nostis</strong></span> <span class='ocrx_word' id='word_1_28' title='bbox 1156 632 1289 683; x_wconf 84' lang='lat' dir='ltr'><strong>bona</strong></span> <span class='ocrx_word' id='word_1_29' title='bbox 1342 632 1500 694; x_wconf 73' lang='lat' dir='ltr'><strong>dare,</strong></span> <span class='ocrx_word' id='word_1_30' title='bbox 1550 647 1656 685; x_wconf 92' lang='lat' dir='ltr'><strong>non</strong></span> <span class='ocrx_word' id='word_1_31' title='bbox 1711 633 1959 686; x_wconf 90' lang='lat' dir='ltr'><strong>omnium</strong></span> <span class='ocrx_word' id='word_1_32' title='bbox 2017 632 2281 687; x_wconf 73' lang='lat' dir='ltr'><strong>malitiam</strong></span> 
     </span>
    </p>
   </div>
   <div class='ocr_carea' id='block_1_7' title="bbox 710 724 2284 793">
    <p class='ocr_par' dir='ltr' id='par_1_7' title="bbox 710 724 2284 793">
     <span class='ocr_line' id='line_1_7' title="bbox 710 724 2284 793; baseline 0.003 -17"><span class='ocrx_word' id='word_1_33' title='bbox 710 724 911 793; x_wconf 74' lang='lat' dir='ltr'><strong>arguit,</strong></span> <span class='ocrx_word' id='word_1_34' title='bbox 945 725 1035 779; x_wconf 90' lang='lat' dir='ltr'><strong>sed</strong></span> <span class='ocrx_word' id='word_1_35' title='bbox 1069 724 1351 778; x_wconf 85' lang='lat' dir='ltr'><strong>hominum</strong></span> <span class='ocrx_word' id='word_1_36' title='bbox 1406 725 1705 779; x_wconf 76' lang='lat' dir='ltr'><strong>bonitatem</strong></span> <span class='ocrx_word' id='word_1_37' title='bbox 1744 741 1869 780; x_wconf 90' lang='lat' dir='ltr'><strong>cum</strong></span> <span class='ocrx_word' id='word_1_38' title='bbox 1904 725 1996 780; x_wconf 86' lang='lat' dir='ltr'><strong>Dei</strong></span> <span class='ocrx_word' id='word_1_39' title='bbox 2041 725 2284 781; x_wconf 91' lang='lat' dir='ltr'><strong>bonitate</strong></span> 
     </span>
    </p>
   </div>
   <div class='ocr_carea' id='block_1_8' title="bbox 713 814 943 868">
    <p class='ocr_par' dir='ltr' id='par_1_8' title="bbox 713 814 943 868">
     <span class='ocr_line' id='line_1_8' title="bbox 713 814 943 868; baseline 0.013 -3"><span class='ocrx_word' id='word_1_40' title='bbox 713 814 943 868; x_wconf 76' lang='lat' dir='ltr'><strong>c0ulert.</strong></span> 
     </span>
    </p>
   </div>
   <div class='ocr_carea' id='block_1_9' title="bbox 780 904 2284 977">
    <p class='ocr_par' dir='ltr' id='par_1_9' title="bbox 780 904 2284 977">
     <span class='ocr_line' id='line_1_9' title="bbox 780 904 2284 977; baseline 0.003 -20"><span class='ocrx_word' id='word_1_41' title='bbox 780 904 943 959; x_wconf 71' lang='lat' dir='ltr'><strong>Vens.</strong></span> <span class='ocrx_word' id='word_1_42' title='bbox 980 905 1071 958; x_wconf 73' lang='lat'><strong>25.</strong></span> <span class='ocrx_word' id='word_1_43' title='bbox 1106 906 1216 959; x_wconf 87' lang='lat' dir='ltr'><strong>Cur</strong></span> <span class='ocrx_word' id='word_1_44' title='bbox 1246 907 1310 960; x_wconf 92' lang='lat' dir='ltr'><strong>ad</strong></span> <span class='ocrx_word' id='word_1_45' title='bbox 1344 907 1644 976; x_wconf 85' lang='lat' dir='ltr'><strong>discipulus</strong></span> <span class='ocrx_word' id='word_1_46' title='bbox 1672 908 1923 977; x_wconf 85' lang='lat' dir='ltr'><strong>loquens,</strong></span> <span class='ocrx_word' id='word_1_47' title='bbox 1955 922 2079 961; x_wconf 90' lang='lat' dir='ltr'><strong>cum</strong></span> <span class='ocrx_word' id='word_1_48' title='bbox 2118 909 2284 962; x_wconf 79' lang='lat' dir='ltr'><strong>abiis-</strong></span> 
     </span>
    </p>
   </div>
   <div class='ocr_carea' id='block_1_10' title="bbox 709 998 2286 1068">
    <p class='ocr_par' dir='ltr' id='par_1_10' title="bbox 709 998 2286 1068">
     <span class='ocr_line' id='line_1_10' title="bbox 709 998 2286 1068; baseline 0.002 -17"><span class='ocrx_word' id='word_1_49' title='bbox 709 1008 786 1051; x_wconf 86' lang='lat' dir='ltr'><strong>sel</strong></span> <span class='ocrx_word' id='word_1_50' title='bbox 822 998 913 1063; x_wconf 89' lang='lat' dir='ltr'><strong>qui</strong></span> <span class='ocrx_word' id='word_1_51' title='bbox 947 998 1395 1068; x_wconf 83' lang='lat' dir='ltr'><strong>interrogaverat,</strong></span> <span class='ocrx_word' id='word_1_52' title='bbox 1448 1000 1701 1055; x_wconf 88' lang='lat' dir='ltr'><strong>Christus</strong></span> <span class='ocrx_word' id='word_1_53' title='bbox 1732 1001 1861 1053; x_wconf 90' lang='lat' dir='ltr'><strong>dicit</strong></span> <span class='ocrx_word' id='word_1_54' title='bbox 1891 1002 1969 1052; x_wconf 84' lang='lat' dir='ltr'><strong>eis</strong></span> <span class='ocrx_word' id='word_1_55' title='bbox 2001 1016 2107 1053; x_wconf 88' lang='lat' dir='ltr'><strong>non</strong></span> <span class='ocrx_word' id='word_1_56' title='bbox 2139 1010 2286 1054; x_wconf 88' lang='lat' dir='ltr'><strong>certe</strong></span> 
     </span>
    </p>
   </div>
   <div class='ocr_carea' id='block_1_11' title="bbox 708 1090 2281 1163">
    <p class='ocr_par' dir='ltr' id='par_1_11' title="bbox 708 1090 2281 1163">
     <span class='ocr_line' id='line_1_11' title="bbox 708 1090 2281 1163; baseline 0.003 -22"><span class='ocrx_word' id='word_1_57' title='bbox 708 1090 989 1154; x_wconf 76' lang='lat' dir='ltr'><strong>divitibus,</strong></span> <span class='ocrx_word' id='word_1_58' title='bbox 1048 1093 1176 1160; x_wconf 92' lang='lat' dir='ltr'><strong>quia</strong></span> <span class='ocrx_word' id='word_1_59' title='bbox 1226 1092 1378 1146; x_wconf 83' lang='lat' dir='ltr'><strong>dives</strong></span> <span class='ocrx_word' id='word_1_60' title='bbox 1413 1091 1633 1147; x_wconf 89' lang='lat' dir='ltr'><strong>dillicile</strong></span> <span class='ocrx_word' id='word_1_61' title='bbox 1690 1092 1913 1146; x_wconf 77' lang='lat' dir='ltr'><strong>intrabit</strong></span> <span class='ocrx_word' id='word_1_62' title='bbox 1952 1093 2005 1146; x_wconf 93' lang='lat' dir='ltr'><strong>in</strong></span> <span class='ocrx_word' id='word_1_63' title='bbox 2059 1109 2281 1163; x_wconf 80' lang='lat' dir='ltr'><strong>regnum</strong></span> 
     </span>
    </p>
   </div>
   <div class='ocr_carea' id='block_1_12' title="bbox 710 1180 2281 1255">
    <p class='ocr_par' dir='ltr' id='par_1_12' title="bbox 710 1180 2281 1255">
     <span class='ocr_line' id='line_1_12' title="bbox 710 1180 2281 1255; baseline 0.003 -22"><span class='ocrx_word' id='word_1_64' title='bbox 710 1180 844 1235; x_wconf 82' lang='lat' dir='ltr'><strong>Dei?</strong></span> <span class='ocrx_word' id='word_1_65' title='bbox 903 1180 969 1235; x_wconf 85' lang='lat' dir='ltr'><strong>Ut</strong></span> <span class='ocrx_word' id='word_1_66' title='bbox 1024 1192 1269 1237; x_wconf 89' lang='lat' dir='ltr'><strong>moueret</strong></span> <span class='ocrx_word' id='word_1_67' title='bbox 1320 1198 1416 1239; x_wconf 89' lang='lat' dir='ltr'><strong>eos</strong></span> <span class='ocrx_word' id='word_1_68' title='bbox 1486 1200 1593 1237; x_wconf 89' lang='lat' dir='ltr'><strong>non</strong></span> <span class='ocrx_word' id='word_1_69' title='bbox 1659 1194 2031 1255; x_wconf 83' lang='lat' dir='ltr'><strong>paupertatem</strong></span> <span class='ocrx_word' id='word_1_70' title='bbox 2086 1186 2281 1239; x_wconf 80' lang='lat' dir='ltr'><strong>erube-</strong></span> 
     </span>
    </p>
   </div>
   <div class='ocr_carea' id='block_1_13' title="bbox 708 1288 881 1327">
    <p class='ocr_par' dir='ltr' id='par_1_13' title="bbox 708 1288 881 1327">
     <span class='ocr_line' id='line_1_13' title="bbox 708 1288 881 1327; baseline 0.012 -2"><span class='ocrx_word' id='word_1_71' title='bbox 708 1288 881 1327; x_wconf 64' lang='grc'><strong>5061⁸1⁵.</strong></span> 
     </span>
    </p>
   </div>
   <div class='ocr_carea' id='block_1_14' title="bbox 784 1380 2283 1455">
    <p class='ocr_par' dir='ltr' id='par_1_14' title="bbox 784 1380 2283 1455">
     <span class='ocr_line' id='line_1_14' title="bbox 784 1380 2283 1455; baseline 0.005 -24"><span class='ocrx_word' id='word_1_72' title='bbox 784 1380 943 1433; x_wconf 73' lang='lat' dir='ltr'><strong>Vnus.</strong></span> <span class='ocrx_word' id='word_1_73' title='bbox 976 1382 1064 1437; x_wconf 75' lang='lat'><strong>25.</strong></span> <span class='ocrx_word' id='word_1_74' title='bbox 1099 1386 1235 1438; x_wconf 75' lang='lat' dir='ltr'><strong>Cum</strong></span> <span class='ocrx_word' id='word_1_75' title='bbox 1294 1401 1563 1455; x_wconf 82' lang='lat' dir='ltr'><strong>pauperes</strong></span> <span class='ocrx_word' id='word_1_76' title='bbox 1614 1396 1819 1448; x_wconf 87' lang='lat' dir='ltr'><strong>essent,</strong></span> <span class='ocrx_word' id='word_1_77' title='bbox 1878 1388 2153 1455; x_wconf 89' lang='lat' dir='ltr'><strong>quomodo</strong></span> <span class='ocrx_word' id='word_1_78' title='bbox 2202 1386 2283 1439; x_wconf 85' lang='lat' dir='ltr'><strong>di-</strong></span> 
     </span>
    </p>
   </div>
   <div class='ocr_carea' id='block_1_15' title="bbox 708 1473 2284 1549">
    <p class='ocr_par' dir='ltr' id='par_1_15' title="bbox 708 1473 2284 1549">
     <span class='ocr_line' id='line_1_15' title="bbox 708 1473 2284 1549; baseline 0.004 -22"><span class='ocrx_word' id='word_1_79' title='bbox 708 1484 862 1539; x_wconf 85' lang='lat' dir='ltr'><strong>cunt,</strong></span> <span class='ocrx_word' id='word_1_80' title='bbox 914 1473 1046 1539; x_wconf 79' lang='lat' dir='ltr'><strong>Quis</strong></span> <span class='ocrx_word' id='word_1_81' title='bbox 1101 1492 1223 1546; x_wconf 78' lang='lat' dir='ltr'><strong>ergo</strong></span> <span class='ocrx_word' id='word_1_82' title='bbox 1277 1481 1465 1545; x_wconf 82' lang='lat' dir='ltr'><strong>poterit</strong></span> <span class='ocrx_word' id='word_1_83' title='bbox 1517 1480 1692 1531; x_wconf 78' lang='lat' dir='ltr'><strong>salvus</strong></span> <span class='ocrx_word' id='word_1_84' title='bbox 1742 1479 1907 1532; x_wconf 75' lang='lat' dir='ltr'><strong>esse?</strong></span> <span class='ocrx_word' id='word_1_85' title='bbox 1958 1477 2094 1549; x_wconf 75' lang='lat' dir='ltr'><strong>Erga</strong></span> <span class='ocrx_word' id='word_1_86' title='bbox 2147 1480 2284 1534; x_wconf 85' lang='lat' dir='ltr'><strong>alios</strong></span> 
     </span>
    </p>
   </div>
   <div class='ocr_carea' id='block_1_16' title="bbox 710 1562 2284 1639">
    <p class='ocr_par' dir='ltr' id='par_1_16' title="bbox 710 1562 2284 1639">
     <span class='ocr_line' id='line_1_16' title="bbox 710 1562 2284 1639; baseline 0.004 -24"><span class='ocrx_word' id='word_1_87' title='bbox 710 1562 982 1629; x_wconf 81' lang='lat' dir='ltr'><strong>homines,</strong></span> <span class='ocrx_word' id='word_1_88' title='bbox 1060 1582 1254 1635; x_wconf 82' lang='lat' dir='ltr'><strong>nempe</strong></span> <span class='ocrx_word' id='word_1_89' title='bbox 1316 1567 1565 1623; x_wconf 81' lang='lat' dir='ltr'><strong>dolentes</strong></span> <span class='ocrx_word' id='word_1_90' title='bbox 1606 1578 1865 1638; x_wconf 80' lang='lat' dir='ltr'><strong>tanquam</strong></span> <span class='ocrx_word' id='word_1_91' title='bbox 1922 1584 2049 1639; x_wconf 75' lang='lat' dir='ltr'><strong>erga</strong></span> <span class='ocrx_word' id='word_1_92' title='bbox 2087 1578 2284 1625; x_wconf 81' lang='lat' dir='ltr'><strong>semet-</strong></span> 
     </span>
    </p>
   </div>
   <div class='ocr_carea' id='block_1_17' title="bbox 709 1671 878 1720">
    <p class='ocr_par' dir='ltr' id='par_1_17' title="bbox 709 1671 878 1720">
     <span class='ocr_line' id='line_1_17' title="bbox 709 1671 878 1720; baseline 0 -13"><span class='ocrx_word' id='word_1_93' title='bbox 709 1671 878 1720; x_wconf 83' lang='lat' dir='ltr'><strong>ipsos.</strong></span> 
     </span>
    </p>
   </div>
   <div class='ocr_carea' id='block_1_18' title="bbox 782 1746 2280 1817">
    <p class='ocr_par' dir='ltr' id='par_1_18' title="bbox 782 1746 2280 1817">
     <span class='ocr_line' id='line_1_18' title="bbox 782 1746 2280 1817; baseline 0.005 -19"><span class='ocrx_word' id='word_1_94' title='bbox 782 1746 947 1803; x_wconf 68' lang='lat' dir='ltr'><strong>Vens.</strong></span> <span class='ocrx_word' id='word_1_95' title='bbox 982 1748 1069 1803; x_wconf 70' lang='lat'><strong>28.</strong></span> <span class='ocrx_word' id='word_1_96' title='bbox 1108 1749 1367 1804; x_wconf 79' lang='lat' dir='ltr'><strong>Sedebitis</strong></span> <span class='ocrx_word' id='word_1_97' title='bbox 1417 1766 1573 1817; x_wconf 76' lang='lat' dir='ltr'><strong>super</strong></span> <span class='ocrx_word' id='word_1_98' title='bbox 1606 1749 1749 1802; x_wconf 75' lang='lat' dir='ltr'><strong>sedes</strong></span> <span class='ocrx_word' id='word_1_99' title='bbox 1783 1750 2078 1815; x_wconf 78' lang='lat' dir='ltr'><strong>duodecim,</strong></span> <span class='ocrx_word' id='word_1_100' title='bbox 2139 1751 2280 1805; x_wconf 88' lang='lat' dir='ltr'><strong>idem</strong></span> 
     </span>
    </p>
   </div>
   <div class='ocr_carea' id='block_1_19' title="bbox 708 1837 2278 1907">
    <p class='ocr_par' dir='ltr' id='par_1_19' title="bbox 708 1837 2278 1907">
     <span class='ocr_line' id='line_1_19' title="bbox 708 1837 2278 1907; baseline 0.004 -19"><span class='ocrx_word' id='word_1_101' title='bbox 708 1847 790 1889; x_wconf 84' lang='lat' dir='ltr'><strong>est</strong></span> <span class='ocrx_word' id='word_1_102' title='bbox 843 1853 905 1891; x_wconf 89' lang='lat' dir='ltr'><strong>ac</strong></span> <span class='ocrx_word' id='word_1_103' title='bbox 958 1837 1561 1906; x_wconf 74' lang='lat' dir='ltr'><strong>Conglm-ilicabimini;</strong></span> <span class='ocrx_word' id='word_1_104' title='bbox 1597 1838 1928 1906; x_wconf 79' lang='lat' dir='ltr'><strong>judicantes,</strong></span> <span class='ocrx_word' id='word_1_105' title='bbox 1998 1854 2095 1907; x_wconf 91' lang='lat' dir='ltr'><strong>pro</strong></span> <span class='ocrx_word' id='word_1_106' title='bbox 2145 1855 2278 1894; x_wconf 84' lang='lat' dir='ltr'><strong>eon-</strong></span> 
     </span>
    </p>
   </div>
   <div class='ocr_carea' id='block_1_20' title="bbox 709 1927 2276 2000">
    <p class='ocr_par' dir='ltr' id='par_1_20' title="bbox 709 1927 2276 2000">
     <span class='ocr_line' id='line_1_20' title="bbox 709 1927 2276 2000; baseline 0.004 -21"><span class='ocrx_word' id='word_1_107' title='bbox 709 1930 1047 1984; x_wconf 82' lang='lat' dir='ltr'><strong>demnautes.</strong></span> <span class='ocrx_word' id='word_1_108' title='bbox 1097 1927 1214 1984; x_wconf 82' lang='lat' dir='ltr'><strong>Non</strong></span> <span class='ocrx_word' id='word_1_109' title='bbox 1266 1931 1411 1984; x_wconf 88' lang='lat' dir='ltr'><strong>enim</strong></span> <span class='ocrx_word' id='word_1_110' title='bbox 1449 1941 1595 1986; x_wconf 88' lang='lat' dir='ltr'><strong>certe</strong></span> <span class='ocrx_word' id='word_1_111' title='bbox 1637 1930 1851 2000; x_wconf 82' lang='lat' dir='ltr'><strong>judices</strong></span> <span class='ocrx_word' id='word_1_112' title='bbox 1890 1946 2013 1985; x_wconf 85' lang='lat' dir='ltr'><strong>esse</strong></span> <span class='ocrx_word' id='word_1_113' title='bbox 2044 1932 2276 2000; x_wconf 85' lang='lat' dir='ltr'><strong>debent;</strong></span> 
     </span>
    </p>
   </div>
   <div class='ocr_carea' id='block_1_21' title="bbox 708 2021 2281 2093">
    <p class='ocr_par' dir='ltr' id='par_1_21' title="bbox 708 2021 2281 2093">
     <span class='ocr_line' id='line_1_21' title="bbox 708 2021 2281 2093; baseline 0.004 -22"><span class='ocrx_word' id='word_1_114' title='bbox 708 2035 835 2072; x_wconf 79' lang='lat' dir='ltr'><strong>nam</strong></span> <span class='ocrx_word' id='word_1_115' title='bbox 903 2021 953 2073; x_wconf 90' lang='lat' dir='ltr'><strong>in</strong></span> <span class='ocrx_word' id='word_1_116' title='bbox 1011 2022 1524 2076; x_wconf 88' lang='lat' dir='ltr'><strong>condemnationem</strong></span> <span class='ocrx_word' id='word_1_117' title='bbox 1598 2024 1905 2076; x_wconf 87' lang='lat' dir='ltr'><strong>concivium</strong></span> <span class='ocrx_word' id='word_1_118' title='bbox 1957 2033 2138 2087; x_wconf 90' lang='lat' dir='ltr'><strong>erunt,</strong></span> <span class='ocrx_word' id='word_1_119' title='bbox 2188 2025 2281 2093; x_wconf 88' lang='lat' dir='ltr'><strong>qui</strong></span> 
     </span>
    </p>
   </div>
   <div class='ocr_carea' id='block_1_22' title="bbox 705 2112 1079 2166">
    <p class='ocr_par' dir='ltr' id='par_1_22' title="bbox 705 2112 1079 2166">
     <span class='ocr_line' id='line_1_22' title="bbox 705 2112 1079 2166; baseline 0.005 -2"><span class='ocrx_word' id='word_1_120' title='bbox 705 2112 1079 2166; x_wconf 86' lang='lat' dir='ltr'><strong>crediderunt.</strong></span> 
     </span>
    </p>
   </div>
   <div class='ocr_carea' id='block_1_23' title="bbox 778 2223 2281 2296">
    <p class='ocr_par' dir='ltr' id='par_1_23' title="bbox 778 2223 2281 2296">
     <span class='ocr_line' id='line_1_23' title="bbox 778 2223 2281 2296; baseline 0.007 -22"><span class='ocrx_word' id='word_1_121' title='bbox 778 2223 934 2279; x_wconf 69' lang='lat' dir='ltr'><strong>Vsus.</strong></span> <span class='ocrx_word' id='word_1_122' title='bbox 972 2226 1059 2278; x_wconf 64' lang='lat'><strong>:29.</strong></span> <span class='ocrx_word' id='word_1_123' title='bbox 1112 2225 1219 2291; x_wconf 82' lang='lat' dir='ltr'><strong>Qui</strong></span> <span class='ocrx_word' id='word_1_124' title='bbox 1250 2228 1519 2296; x_wconf 78' lang='lat' dir='ltr'><strong>reliquerit</strong></span> <span class='ocrx_word' id='word_1_125' title='bbox 1572 2243 1813 2294; x_wconf 74' lang='lat' dir='ltr'><strong>uxorem,</strong></span> <span class='ocrx_word' id='word_1_126' title='bbox 1871 2239 2002 2294; x_wconf 88' lang='lat' dir='ltr'><strong>etc.,</strong></span> <span class='ocrx_word' id='word_1_127' title='bbox 2039 2246 2147 2284; x_wconf 86' lang='lat' dir='ltr'><strong>non</strong></span> <span class='ocrx_word' id='word_1_128' title='bbox 2198 2231 2281 2284; x_wconf 85' lang='lat' dir='ltr'><strong>di—</strong></span> 
     </span>
    </p>
   </div>
   <div class='ocr_carea' id='block_1_24' title="bbox 708 2318 2280 2388">
    <p class='ocr_par' dir='ltr' id='par_1_24' title="bbox 708 2318 2280 2388">
     <span class='ocr_line' id='line_1_24' title="bbox 708 2318 2280 2388; baseline 0.005 -22"><span class='ocrx_word' id='word_1_129' title='bbox 708 2318 946 2370; x_wconf 88' lang='lat' dir='ltr'><strong>vorlium</strong></span> <span class='ocrx_word' id='word_1_130' title='bbox 977 2319 1045 2372; x_wconf 88' lang='lat' dir='ltr'><strong>ab</strong></span> <span class='ocrx_word' id='word_1_131' title='bbox 1071 2318 1333 2371; x_wconf 81' lang='lat' dir='ltr'><strong>uxoribus</strong></span> <span class='ocrx_word' id='word_1_132' title='bbox 1388 2318 1619 2383; x_wconf 86' lang='lat' dir='ltr'><strong>inducit,</strong></span> <span class='ocrx_word' id='word_1_133' title='bbox 1663 2320 1757 2374; x_wconf 88' lang='lat' dir='ltr'><strong>sed</strong></span> <span class='ocrx_word' id='word_1_134' title='bbox 1794 2320 1972 2376; x_wconf 85' lang='lat' dir='ltr'><strong>simile</strong></span> <span class='ocrx_word' id='word_1_135' title='bbox 2001 2334 2084 2376; x_wconf 84' lang='lat' dir='ltr'><strong>est</strong></span> <span class='ocrx_word' id='word_1_136' title='bbox 2131 2324 2280 2388; x_wconf 77' lang='lat' dir='ltr'><strong>huic,</strong></span> 
     </span>
    </p>
   </div>
   <div class='ocr_carea' id='block_1_25' title="bbox 707 2410 2282 2478">
    <p class='ocr_par' dir='ltr' id='par_1_25' title="bbox 707 2410 2282 2478">
     <span class='ocr_line' id='line_1_25' title="bbox 707 2410 2282 2478; baseline 0.006 -17"><span class='ocrx_word' id='word_1_137' title='bbox 707 2410 810 2473; x_wconf 75' lang='lat' dir='ltr'><strong>Qui</strong></span> <span class='ocrx_word' id='word_1_138' title='bbox 864 2414 1032 2478; x_wconf 79' lang='lat' dir='ltr'><strong>perdit</strong></span> <span class='ocrx_word' id='word_1_139' title='bbox 1086 2412 1321 2465; x_wconf 84' lang='lat' dir='ltr'><strong>animum</strong></span> <span class='ocrx_word' id='word_1_140' title='bbox 1362 2428 1537 2477; x_wconf 77' lang='lat' dir='ltr'><strong>suam,</strong></span> <span class='ocrx_word' id='word_1_141' title='bbox 1580 2414 1804 2467; x_wconf 73' lang='lat' dir='ltr'><strong>inveniet</strong></span> <span class='ocrx_word' id='word_1_142' title='bbox 1843 2430 1995 2478; x_wconf 86' lang='lat' dir='ltr'><strong>eam;</strong></span> <span class='ocrx_word' id='word_1_143' title='bbox 2028 2417 2164 2470; x_wconf 90' lang='lat' dir='ltr'><strong>utin</strong></span> <span class='ocrx_word' id='word_1_144' title='bbox 2199 2416 2282 2470; x_wconf 90' lang='lat' dir='ltr'><strong>his</strong></span> 
     </span>
    </p>
   </div>
   <div class='ocr_carea' id='block_1_26' title="bbox 704 2504 2281 2574">
    <p class='ocr_par' dir='ltr' id='par_1_26' title="bbox 704 2504 2281 2574">
     <span class='ocr_line' id='line_1_26' title="bbox 704 2504 2281 2574; baseline 0.005 -21"><span class='ocrx_word' id='word_1_145' title='bbox 704 2518 824 2569; x_wconf 67' lang='lat' dir='ltr'><strong>quae</strong></span> <span class='ocrx_word' id='word_1_146' title='bbox 874 2504 1256 2572; x_wconf 79' lang='lat' dir='ltr'><strong>persequimur</strong></span> <span class='ocrx_word' id='word_1_147' title='bbox 1309 2505 1624 2573; x_wconf 81' lang='lat' dir='ltr'><strong>religionem</strong></span> <span class='ocrx_word' id='word_1_148' title='bbox 1669 2520 1779 2574; x_wconf 75' lang='lat' dir='ltr'><strong>prze</strong></span> <span class='ocrx_word' id='word_1_149' title='bbox 1814 2521 2006 2570; x_wconf 77' lang='lat' dir='ltr'><strong>uxore,</strong></span> <span class='ocrx_word' id='word_1_150' title='bbox 2037 2507 2203 2561; x_wconf 88' lang='lat' dir='ltr'><strong>domo</strong></span> <span class='ocrx_word' id='word_1_151' title='bbox 2227 2516 2281 2561; x_wconf 91' lang='lat' dir='ltr'><strong>ct</strong></span> 
     </span>
    </p>
   </div>
   <div class='ocr_carea' id='block_1_27' title="bbox 704 2595 2278 2666">
    <p class='ocr_par' dir='ltr' id='par_1_27' title="bbox 704 2595 2278 2666">
     <span class='ocr_line' id='line_1_27' title="bbox 704 2595 2278 2666; baseline 0.006 -21"><span class='ocrx_word' id='word_1_152' title='bbox 704 2595 898 2648; x_wconf 81' lang='lat' dir='ltr'><strong>amicis</strong></span> <span class='ocrx_word' id='word_1_153' title='bbox 930 2595 1317 2662; x_wconf 77' lang='lat' dir='ltr'><strong>pra-feramus;</strong></span> <span class='ocrx_word' id='word_1_154' title='bbox 1361 2597 1442 2649; x_wconf 91' lang='lat' dir='ltr'><strong>vel</strong></span> <span class='ocrx_word' id='word_1_155' title='bbox 1487 2596 1709 2666; x_wconf 87' lang='lat' dir='ltr'><strong>quando</strong></span> <span class='ocrx_word' id='word_1_156' title='bbox 1739 2612 1877 2650; x_wconf 82' lang='lat' dir='ltr'><strong>uxor</strong></span> <span class='ocrx_word' id='word_1_157' title='bbox 1905 2597 2138 2653; x_wconf 82' lang='lat' dir='ltr'><strong>inﬁdelis</strong></span> <span class='ocrx_word' id='word_1_158' title='bbox 2174 2609 2278 2665; x_wconf 92' lang='lat' dir='ltr'><strong>est,</strong></span> 
     </span>
    </p>
   </div>
   <div class='ocr_carea' id='block_1_28' title="bbox 703 2685 2278 2753">
    <p class='ocr_par' dir='ltr' id='par_1_28' title="bbox 703 2685 2278 2753">
     <span class='ocr_line' id='line_1_28' title="bbox 703 2685 2278 2753; baseline 0.006 -18"><span class='ocrx_word' id='word_1_159' title='bbox 703 2693 798 2736; x_wconf 89' lang='lat' dir='ltr'><strong>aut</strong></span> <span class='ocrx_word' id='word_1_160' title='bbox 845 2685 940 2746; x_wconf 86' lang='lat' dir='ltr'><strong>vir,</strong></span> <span class='ocrx_word' id='word_1_161' title='bbox 995 2692 1124 2739; x_wconf 80' lang='lat' dir='ltr'><strong>tiinc</strong></span> <span class='ocrx_word' id='word_1_162' title='bbox 1153 2686 1223 2741; x_wconf 86' lang='lat' dir='ltr'><strong>ob</strong></span> <span class='ocrx_word' id='word_1_163' title='bbox 1258 2686 1577 2752; x_wconf 68' lang='lat' dir='ltr'><strong>religionem</strong></span> <span class='ocrx_word' id='word_1_164' title='bbox 1635 2687 1933 2741; x_wconf 76' lang='lat' dir='ltr'><strong>divortium</strong></span> <span class='ocrx_word' id='word_1_165' title='bbox 1969 2688 2047 2753; x_wconf 75' lang='lat' dir='ltr'><strong>fit,</strong></span> <span class='ocrx_word' id='word_1_166' title='bbox 2093 2691 2137 2744; x_wconf 90' lang='lat' dir='ltr'><strong>si</strong></span> <span class='ocrx_word' id='word_1_167' title='bbox 2173 2706 2278 2744; x_wconf 90' lang='lat' dir='ltr'><strong>non</strong></span> 
     </span>
    </p>
   </div>
   <div class='ocr_carea' id='block_1_29' title="bbox 706 2779 2280 2851">
    <p class='ocr_par' dir='ltr' id='par_1_29' title="bbox 706 2779 2280 2851">
     <span class='ocr_line' id='line_1_29' title="bbox 706 2779 2280 2851; baseline 0.004 -21"><span class='ocrx_word' id='word_1_168' title='bbox 706 2788 881 2845; x_wconf 80' lang='lat' dir='ltr'><strong>potest</strong></span> <span class='ocrx_word' id='word_1_169' title='bbox 919 2779 1007 2832; x_wconf 90' lang='lat' dir='ltr'><strong>illa</strong></span> <span class='ocrx_word' id='word_1_170' title='bbox 1034 2779 1340 2834; x_wconf 87' lang='lat' dir='ltr'><strong>emendari.</strong></span> <span class='ocrx_word' id='word_1_171' title='bbox 1383 2781 1459 2834; x_wconf 87' lang='lat' dir='ltr'><strong>lla</strong></span> <span class='ocrx_word' id='word_1_172' title='bbox 1494 2780 1691 2835; x_wconf 84' lang='lat' dir='ltr'><strong>Paulus</strong></span> <span class='ocrx_word' id='word_1_173' title='bbox 1737 2782 1913 2835; x_wconf 79' lang='lat' dir='ltr'><strong>dixit:</strong></span> <span class='ocrx_word' id='word_1_174' title='bbox 1948 2780 2006 2836; x_wconf 87' lang='lat' dir='ltr'><strong>Si</strong></span> <span class='ocrx_word' id='word_1_175' title='bbox 2046 2784 2280 2851; x_wconf 71' lang='lat' dir='ltr'><strong>inﬁdelis</strong></span> 
     </span>
    </p>
   </div>
   <div class='ocr_carea' id='block_1_30' title="bbox 703 2881 1337 2941">
    <p class='ocr_par' dir='ltr' id='par_1_30' title="bbox 703 2881 1337 2941">
     <span class='ocr_line' id='line_1_30' title="bbox 703 2881 1337 2941; baseline 0.013 -21"><span class='ocrx_word' id='word_1_176' title='bbox 703 2881 1003 2938; x_wconf 75' lang='lat' dir='ltr'><strong>separatur,</strong></span> <span class='ocrx_word' id='word_1_177' title='bbox 1041 2884 1337 2941; x_wconf 75' lang='lat' dir='ltr'><strong>separetur.</strong></span> 
     </span>
    </p>
   </div>
   <div class='ocr_carea' id='block_1_31' title="bbox 777 3060 2277 3132">
    <p class='ocr_par' dir='ltr' id='par_1_31' title="bbox 777 3060 2277 3132">
     <span class='ocr_line' id='line_1_31' title="bbox 777 3060 2277 3132; baseline 0 -19"><span class='ocrx_word' id='word_1_178' title='bbox 777 3060 939 3115; x_wconf 80' lang='lat' dir='ltr'><strong>Vnns.</strong></span> <span class='ocrx_word' id='word_1_179' title='bbox 972 3060 1059 3116; x_wconf 76' lang='lat'><strong>30.</strong></span> <span class='ocrx_word' id='word_1_180' title='bbox 1095 3062 1251 3116; x_wconf 76' lang='lat' dir='ltr'><strong>Multi</strong></span> <span class='ocrx_word' id='word_1_181' title='bbox 1283 3074 1434 3116; x_wconf 85' lang='lat' dir='ltr'><strong>erunt</strong></span> <span class='ocrx_word' id='word_1_182' title='bbox 1466 3065 1753 3127; x_wconf 72' lang='lat' dir='ltr'><strong>novissimi,</strong></span> <span class='ocrx_word' id='word_1_183' title='bbox 1798 3064 1994 3130; x_wconf 85' lang='lat' dir='ltr'><strong>primi;</strong></span> <span class='ocrx_word' id='word_1_184' title='bbox 2024 3070 2071 3116; x_wconf 83' lang='lat' dir='ltr'><strong>et</strong></span> <span class='ocrx_word' id='word_1_185' title='bbox 2098 3063 2277 3132; x_wconf 83' lang='lat' dir='ltr'><strong>primi,</strong></span> 
     </span>
    </p>
   </div>
   <div class='ocr_carea' id='block_1_32' title="bbox 704 3146 1923 3217">
    <p class='ocr_par' dir='ltr' id='par_1_32' title="bbox 704 3146 1923 3217">
     <span class='ocr_line' id='line_1_32' title="bbox 704 3146 1923 3217; baseline -0.001 -10"><span class='ocrx_word' id='word_1_186' title='bbox 704 3146 995 3217; x_wconf 73' lang='lat' dir='ltr'><strong>novissimi,</strong></span> <span class='ocrx_word' id='word_1_187' title='bbox 1033 3154 1098 3208; x_wconf 92' lang='lat' dir='ltr'><strong>dc</strong></span> <span class='ocrx_word' id='word_1_188' title='bbox 1127 3153 1330 3209; x_wconf 61' lang='lat' dir='ltr'><strong>Iudaeis</strong></span> <span class='ocrx_word' id='word_1_189' title='bbox 1357 3162 1411 3208; x_wconf 88' lang='lat' dir='ltr'><strong>et</strong></span> <span class='ocrx_word' id='word_1_190' title='bbox 1437 3155 1672 3209; x_wconf 84' lang='lat' dir='ltr'><strong>ethnicis</strong></span> <span class='ocrx_word' id='word_1_191' title='bbox 1707 3154 1923 3208; x_wconf 87' lang='lat' dir='ltr'><strong>dicitur.</strong></span> 
     </span>
    </p>
   </div>
   <div class='ocr_carea' id='block_1_33' title="bbox 1303 3302 1691 3358">
    <p class='ocr_par' dir='ltr' id='par_1_33' title="bbox 1303 3302 1691 3358">
     <span class='ocr_line' id='line_1_33' title="bbox 1303 3302 1691 3358; baseline 0 0"><span class='ocrx_word' id='word_1_192' title='bbox 1303 3302 1530 3358; x_wconf 70' lang='lat' dir='ltr'><strong>CAPUT</strong></span> <span class='ocrx_word' id='word_1_193' title='bbox 1581 3304 1691 3358; x_wconf 75' lang='grc' dir='ltr'><strong>ΧΧ.</strong></span> 
     </span>
    </p>
   </div>
   <div class='ocr_carea' id='block_1_34' title="bbox 778 3443 2275 3515">
    <p class='ocr_par' dir='ltr' id='par_1_34' title="bbox 778 3443 2275 3515">
     <span class='ocr_line' id='line_1_34' title="bbox 778 3443 2275 3515; baseline 0.003 -20"><span class='ocrx_word' id='word_1_194' title='bbox 778 3444 940 3499; x_wconf 72' lang='lat' dir='ltr'><strong>Vsus.</strong></span> <span class='ocrx_word' id='word_1_195' title='bbox 972 3447 1021 3498; x_wconf 86' lang='lat' dir='ltr'><strong>l.</strong></span> <span class='ocrx_word' id='word_1_196' title='bbox 1056 3443 1127 3499; x_wconf 89' lang='lat' dir='ltr'><strong>De</strong></span> <span class='ocrx_word' id='word_1_197' title='bbox 1158 3446 1424 3515; x_wconf 79' lang='lat' dir='ltr'><strong>Operariis</strong></span> <span class='ocrx_word' id='word_1_198' title='bbox 1456 3446 1755 3515; x_wconf 78' lang='lat' dir='ltr'><strong>intelligere</strong></span> <span class='ocrx_word' id='word_1_199' title='bbox 1780 3455 2017 3515; x_wconf 88' lang='lat' dir='ltr'><strong>oportet,</strong></span> <span class='ocrx_word' id='word_1_200' title='bbox 2062 3447 2275 3500; x_wconf 85' lang='lat' dir='ltr'><strong>vineam</strong></span> 
     </span>
    </p>
   </div>
   <div class='ocr_carea' id='block_1_35' title="bbox 704 3537 2274 3607">
    <p class='ocr_par' dir='ltr' id='par_1_35' title="bbox 704 3537 2274 3607">
     <span class='ocr_line' id='line_1_35' title="bbox 704 3537 2274 3607; baseline 0.001 -18"><span class='ocrx_word' id='word_1_201' title='bbox 704 3552 826 3591; x_wconf 82' lang='lat' dir='ltr'><strong>esse</strong></span> <span class='ocrx_word' id='word_1_202' title='bbox 885 3538 1101 3590; x_wconf 82' lang='lat' dir='ltr'><strong>virtutis</strong></span> <span class='ocrx_word' id='word_1_203' title='bbox 1153 3539 1567 3603; x_wconf 85' lang='lat' dir='ltr'><strong>operationem;</strong></span> <span class='ocrx_word' id='word_1_204' title='bbox 1630 3550 1845 3606; x_wconf 85' lang='lat' dir='ltr'><strong>tempus</strong></span> <span class='ocrx_word' id='word_1_205' title='bbox 1920 3537 2274 3607; x_wconf 88' lang='lat' dir='ltr'><strong>operationis,</strong></span> 
     </span>
    </p>
   </div>
   <div class='ocr_carea' id='block_1_36' title="bbox 705 3630 2274 3698">
    <p class='ocr_par' dir='ltr' id='par_1_36' title="bbox 705 3630 2274 3698">
     <span class='ocr_line' id='line_1_36' title="bbox 705 3630 2274 3698; baseline 0.001 -18"><span class='ocrx_word' id='word_1_206' title='bbox 705 3630 846 3683; x_wconf 90' lang='lat' dir='ltr'><strong>hanc</strong></span> <span class='ocrx_word' id='word_1_207' title='bbox 880 3637 1201 3697; x_wconf 72' lang='lat' dir='ltr'><strong>przeseutem</strong></span> <span class='ocrx_word' id='word_1_208' title='bbox 1234 3630 1396 3683; x_wconf 81' lang='lat' dir='ltr'><strong>vitam</strong></span> <span class='ocrx_word' id='word_1_209' title='bbox 1423 3647 1437 3695; x_wconf 90' lang='lat'><strong>;</strong></span> <span class='ocrx_word' id='word_1_210' title='bbox 1490 3631 1771 3698; x_wconf 82' lang='lat' dir='ltr'><strong>operarios</strong></span> <span class='ocrx_word' id='word_1_211' title='bbox 1802 3640 1980 3684; x_wconf 90' lang='lat' dir='ltr'><strong>autem</strong></span> <span class='ocrx_word' id='word_1_212' title='bbox 2009 3631 2274 3692; x_wconf 85' lang='lat' dir='ltr'><strong>diversos,</strong></span> 
     </span>
    </p>
   </div>
   <div class='ocr_carea' id='block_1_37' title="bbox 707 3716 2275 3785">
    <p class='ocr_par' dir='ltr' id='par_1_37' title="bbox 707 3716 2275 3785">
     <span class='ocr_line' id='line_1_37' title="bbox 707 3716 2275 3785; baseline 0.001 -16"><span class='ocrx_word' id='word_1_213' title='bbox 707 3718 956 3770; x_wconf 86' lang='lat' dir='ltr'><strong>homines</strong></span> <span class='ocrx_word' id='word_1_214' title='bbox 1001 3718 1341 3771; x_wconf 90' lang='lat' dir='ltr'><strong>diversarum</strong></span> <span class='ocrx_word' id='word_1_215' title='bbox 1383 3728 1624 3771; x_wconf 67' lang='lat' dir='ltr'><strong>aetatum.</strong></span> <span class='ocrx_word' id='word_1_216' title='bbox 1669 3718 1821 3782; x_wconf 80' lang='lat' dir='ltr'><strong>Quod</strong></span> <span class='ocrx_word' id='word_1_217' title='bbox 1875 3727 2056 3772; x_wconf 87' lang='lat' dir='ltr'><strong>autem</strong></span> <span class='ocrx_word' id='word_1_218' title='bbox 2109 3716 2275 3785; x_wconf 82' lang='lat' dir='ltr'><strong>aliqtti</strong></span> 
     </span>
    </p>
   </div>
   <div class='ocr_carea' id='block_1_38' title="bbox 705 3809 2278 3877">
    <p class='ocr_par' dir='ltr' id='par_1_38' title="bbox 705 3809 2278 3877">
     <span class='ocr_line' id='line_1_38' title="bbox 705 3809 2278 3877; baseline 0.001 -16"><span class='ocrx_word' id='word_1_219' title='bbox 705 3818 1112 3863; x_wconf 77' lang='lat' dir='ltr'><strong>murmurantes</strong></span> <span class='ocrx_word' id='word_1_220' title='bbox 1169 3809 1515 3872; x_wconf 87' lang='lat' dir='ltr'><strong>inducantur,</strong></span> <span class='ocrx_word' id='word_1_221' title='bbox 1581 3824 1689 3862; x_wconf 93' lang='lat' dir='ltr'><strong>non</strong></span> <span class='ocrx_word' id='word_1_222' title='bbox 1747 3818 2003 3877; x_wconf 80' lang='lat' dir='ltr'><strong>putemus</strong></span> <span class='ocrx_word' id='word_1_223' title='bbox 2058 3820 2278 3863; x_wconf 83' lang='lat' dir='ltr'><strong>sanctos</strong></span> 
     </span>
    </p>
   </div>
   <div class='ocr_carea' id='block_1_39' title="bbox 705 3900 2276 3969">
    <p class='ocr_par' dir='ltr' id='par_1_39' title="bbox 705 3900 2276 3969">
     <span class='ocr_line' id='line_1_39' title="bbox 705 3900 2276 3969; baseline -0.003 -15"><span class='ocrx_word' id='word_1_224' title='bbox 705 3902 961 3955; x_wconf 87' lang='lat' dir='ltr'><strong>invidiam</strong></span> <span class='ocrx_word' id='word_1_225' title='bbox 993 3902 1102 3955; x_wconf 88' lang='lat' dir='ltr'><strong>illic</strong></span> <span class='ocrx_word' id='word_1_226' title='bbox 1149 3903 1471 3969; x_wconf 82' lang='lat' dir='ltr'><strong>concipere;</strong></span> <span class='ocrx_word' id='word_1_227' title='bbox 1511 3916 1632 3954; x_wconf 91' lang='lat' dir='ltr'><strong>uam</strong></span> <span class='ocrx_word' id='word_1_228' title='bbox 1688 3902 1795 3954; x_wconf 87' lang='lat' dir='ltr'><strong>illic</strong></span> <span class='ocrx_word' id='word_1_229' title='bbox 1842 3902 2021 3954; x_wconf 82' lang='lat' dir='ltr'><strong>munia</strong></span> <span class='ocrx_word' id='word_1_230' title='bbox 2078 3900 2276 3953; x_wconf 74' lang='lat' dir='ltr'><strong>invidia</strong></span> 
     </span>
    </p>
   </div>
   <div class='ocr_carea' id='block_1_40' title="bbox 706 3993 2276 4062">
    <p class='ocr_par' dir='ltr' id='par_1_40' title="bbox 706 3993 2276 4062">
     <span class='ocr_line' id='line_1_40' title="bbox 706 3993 2276 4062; baseline -0.001 -13"><span class='ocrx_word' id='word_1_231' title='bbox 706 4004 912 4050; x_wconf 80' lang='lat' dir='ltr'><strong>carent.</strong></span> <span class='ocrx_word' id='word_1_232' title='bbox 959 3994 1063 4048; x_wconf 84' lang='lat' dir='ltr'><strong>Sed</strong></span> <span class='ocrx_word' id='word_1_233' title='bbox 1117 4010 1224 4048; x_wconf 89' lang='lat' dir='ltr'><strong>non</strong></span> <span class='ocrx_word' id='word_1_234' title='bbox 1270 4010 1459 4048; x_wconf 79' lang='lat' dir='ltr'><strong>omnes</strong></span> <span class='ocrx_word' id='word_1_235' title='bbox 1503 3994 1774 4062; x_wconf 61' lang='lat' dir='ltr'><strong>parabolae</strong></span> <span class='ocrx_word' id='word_1_236' title='bbox 1811 4005 1993 4062; x_wconf 84' lang='lat' dir='ltr'><strong>partes</strong></span> <span class='ocrx_word' id='word_1_237' title='bbox 2019 3993 2276 4061; x_wconf 75' lang='lat' dir='ltr'><strong>explirari</strong></span> 
     </span>
    </p>
   </div>
   <div class='ocr_carea' id='block_1_41' title="bbox 704 4084 2277 4154">
    <p class='ocr_par' dir='ltr' id='par_1_41' title="bbox 704 4084 2277 4154">
     <span class='ocr_line' id='line_1_41' title="bbox 704 4084 2277 4154; baseline 0 -17"><span class='ocrx_word' id='word_1_238' title='bbox 704 4087 923 4146; x_wconf 79' lang='lat' dir='ltr'><strong>debent,</strong></span> <span class='ocrx_word' id='word_1_239' title='bbox 978 4086 1231 4154; x_wconf 84' lang='lat' dir='ltr'><strong>parabola</strong></span> <span class='ocrx_word' id='word_1_240' title='bbox 1272 4086 1416 4137; x_wconf 86' lang='lat' dir='ltr'><strong>enim</strong></span> <span class='ocrx_word' id='word_1_241' title='bbox 1458 4094 1570 4149; x_wconf 89' lang='lat' dir='ltr'><strong>est;</strong></span> <span class='ocrx_word' id='word_1_242' title='bbox 1610 4085 1701 4139; x_wconf 78' lang='lat' dir='ltr'><strong>sed</strong></span> <span class='ocrx_word' id='word_1_243' title='bbox 1756 4099 1878 4152; x_wconf 75' lang='lat' dir='ltr'><strong>qua:</strong></span> <span class='ocrx_word' id='word_1_244' title='bbox 1940 4084 2168 4137; x_wconf 90' lang='lat' dir='ltr'><strong>tendunt</strong></span> <span class='ocrx_word' id='word_1_245' title='bbox 2214 4086 2277 4137; x_wconf 89' lang='lat' dir='ltr'><strong>ad</strong></span> 
     </span>
    </p>
   </div>
   <div class='ocr_carea' id='block_1_42' title="bbox 706 4177 2281 4247">
    <p class='ocr_par' dir='ltr' id='par_1_42' title="bbox 706 4177 2281 4247">
     <span class='ocr_line' id='line_1_42' title="bbox 706 4177 2281 4247; baseline 0.001 -20"><span class='ocrx_word' id='word_1_246' title='bbox 706 4180 997 4243; x_wconf 74' lang='lat' dir='ltr'><strong>amandum</strong></span> <span class='ocrx_word' id='word_1_247' title='bbox 1024 4178 1305 4247; x_wconf 79' lang='lat' dir='ltr'><strong>proposito</strong></span> <span class='ocrx_word' id='word_1_248' title='bbox 1334 4177 1591 4231; x_wconf 77' lang='lat' dir='ltr'><strong>invidiam</strong></span> <span class='ocrx_word' id='word_1_249' title='bbox 1635 4177 1714 4229; x_wconf 84' lang='lat' dir='ltr'><strong>vel</strong></span> <span class='ocrx_word' id='word_1_250' title='bbox 1751 4187 2129 4245; x_wconf 72' lang='lat' dir='ltr'><strong>exaggeratam</strong></span> <span class='ocrx_word' id='word_1_251' title='bbox 2162 4177 2281 4244; x_wconf 80' lang='lat' dir='ltr'><strong>ejus</strong></span> 
     </span>
    </p>
   </div>
   <div class='ocr_carea' id='block_1_43' title="bbox 707 4267 2277 4338">
    <p class='ocr_par' dir='ltr' id='par_1_43' title="bbox 707 4267 2277 4338">
     <span class='ocr_line' id='line_1_43' title="bbox 707 4267 2277 4338; baseline -0.002 -17"><span class='ocrx_word' id='word_1_252' title='bbox 707 4271 798 4338; x_wconf 90' lang='lat' dir='ltr'><strong>qui</strong></span> <span class='ocrx_word' id='word_1_253' title='bbox 833 4270 1154 4323; x_wconf 77' lang='lat' dir='ltr'><strong>beneﬁcium</strong></span> <span class='ocrx_word' id='word_1_254' title='bbox 1193 4269 1425 4338; x_wconf 89' lang='lat' dir='ltr'><strong>accepit,</strong></span> <span class='ocrx_word' id='word_1_255' title='bbox 1456 4267 1802 4323; x_wconf 90' lang='lat' dir='ltr'><strong>solummodo</strong></span> <span class='ocrx_word' id='word_1_256' title='bbox 1842 4268 2049 4321; x_wconf 92' lang='lat' dir='ltr'><strong>inducit</strong></span> <span class='ocrx_word' id='word_1_257' title='bbox 2080 4283 2277 4322; x_wconf 86' lang='lat' dir='ltr'><strong>sermo.</strong></span> 
     </span>
    </p>
   </div>
   <div class='ocr_carea' id='block_1_44' title="bbox 780 4376 2282 4448">
    <p class='ocr_par' dir='ltr' id='par_1_44' title="bbox 780 4376 2282 4448">
     <span class='ocr_line' id='line_1_44' title="bbox 780 4376 2282 4448; baseline 0.003 -20"><span class='ocrx_word' id='word_1_258' title='bbox 780 4377 1005 4432; x_wconf 73' lang='lat' dir='ltr'><strong>Vineam</strong></span> <span class='ocrx_word' id='word_1_259' title='bbox 1034 4376 1123 4432; x_wconf 87' lang='lat' dir='ltr'><strong>Dei</strong></span> <span class='ocrx_word' id='word_1_260' title='bbox 1151 4389 1417 4448; x_wconf 82' lang='lat' dir='ltr'><strong>praecepta</strong></span> <span class='ocrx_word' id='word_1_261' title='bbox 1462 4388 1513 4432; x_wconf 88' lang='lat' dir='ltr'><strong>et</strong></span> <span class='ocrx_word' id='word_1_262' title='bbox 1541 4393 1637 4431; x_wconf 90' lang='lat' dir='ltr'><strong>sua</strong></span> <span class='ocrx_word' id='word_1_263' title='bbox 1666 4379 1918 4431; x_wconf 73' lang='lat' dir='ltr'><strong>mandata</strong></span> <span class='ocrx_word' id='word_1_264' title='bbox 1951 4377 2113 4442; x_wconf 84' lang='lat' dir='ltr'><strong>dicit;</strong></span> <span class='ocrx_word' id='word_1_265' title='bbox 2142 4388 2282 4432; x_wconf 85' lang='lat' dir='ltr'><strong>tem-</strong></span> 
     </span>
    </p>
   </div>
   <div class='ocr_carea' id='block_1_45' title="bbox 706 4471 2283 4541">
    <p class='ocr_par' dir='ltr' id='par_1_45' title="bbox 706 4471 2283 4541">
     <span class='ocr_line' id='line_1_45' title="bbox 706 4471 2283 4541; baseline 0.002 -19"><span class='ocrx_word' id='word_1_266' title='bbox 706 4489 808 4541; x_wconf 79' lang='lat' dir='ltr'><strong>pus</strong></span> <span class='ocrx_word' id='word_1_267' title='bbox 826 4473 1178 4540; x_wconf 89' lang='lat' dir='ltr'><strong>operationis,</strong></span> <span class='ocrx_word' id='word_1_268' title='bbox 1194 4481 1513 4541; x_wconf 70' lang='lat' dir='ltr'><strong>praesentem</strong></span> <span class='ocrx_word' id='word_1_269' title='bbox 1538 4472 1725 4535; x_wconf 85' lang='lat' dir='ltr'><strong>vitam;</strong></span> <span class='ocrx_word' id='word_1_270' title='bbox 1743 4471 2026 4539; x_wconf 84' lang='lat' dir='ltr'><strong>operarios</strong></span> <span class='ocrx_word' id='word_1_271' title='bbox 2041 4471 2283 4525; x_wconf 86' lang='lat' dir='ltr'><strong>diversos</strong></span> 
     </span>
    </p>
   </div>
   <div class='ocr_carea' id='block_1_46' title="bbox 710 4560 2281 4628">
    <p class='ocr_par' dir='ltr' id='par_1_46' title="bbox 710 4560 2281 4628">
     <span class='ocr_line' id='line_1_46' title="bbox 710 4560 2281 4628; baseline -0.003 -13"><span class='ocrx_word' id='word_1_272' title='bbox 710 4575 932 4617; x_wconf 77' lang='lat' dir='ltr'><strong>vocatos</strong></span> <span class='ocrx_word' id='word_1_273' title='bbox 956 4564 1020 4616; x_wconf 90' lang='lat' dir='ltr'><strong>ad</strong></span> <span class='ocrx_word' id='word_1_274' title='bbox 1046 4564 1296 4617; x_wconf 86' lang='lat' dir='ltr'><strong>mandata</strong></span> <span class='ocrx_word' id='word_1_275' title='bbox 1326 4562 1595 4628; x_wconf 86' lang='lat' dir='ltr'><strong>implenda</strong></span> <span class='ocrx_word' id='word_1_276' title='bbox 1622 4562 1764 4614; x_wconf 86' lang='lat' dir='ltr'><strong>circa</strong></span> <span class='ocrx_word' id='word_1_277' title='bbox 1787 4560 2024 4623; x_wconf 87' lang='lat' dir='ltr'><strong>tertiam,</strong></span> <span class='ocrx_word' id='word_1_278' title='bbox 2051 4569 2281 4617; x_wconf 79' lang='lat' dir='ltr'><strong>sextam.</strong></span> 
     </span>
    </p>
   </div>
   <div class='ocr_carea' id='block_1_47' title="bbox 714 4651 2285 4715">
    <p class='ocr_par' dir='ltr' id='par_1_47' title="bbox 714 4651 2285 4715">
     <span class='ocr_line' id='line_1_47' title="bbox 714 4651 2285 4715; baseline -0.002 -7"><span class='ocrx_word' id='word_1_279' title='bbox 714 4673 913 4709; x_wconf 81' lang='lat' dir='ltr'><strong>uuuaui</strong></span> <span class='ocrx_word' id='word_1_280' title='bbox 954 4664 1007 4707; x_wconf 84' lang='lat' dir='ltr'><strong>et</strong></span> <span class='ocrx_word' id='word_1_281' title='bbox 1054 4656 1395 4708; x_wconf 86' lang='lat' dir='ltr'><strong>undecimam</strong></span> <span class='ocrx_word' id='word_1_282' title='bbox 1430 4653 1642 4715; x_wconf 89' lang='lat' dir='ltr'><strong>horam,</strong></span> <span class='ocrx_word' id='word_1_283' title='bbox 1679 4652 1928 4705; x_wconf 88' lang='lat' dir='ltr'><strong>homines</strong></span> <span class='ocrx_word' id='word_1_284' title='bbox 1965 4652 2017 4705; x_wconf 93' lang='lat' dir='ltr'><strong>in</strong></span> <span class='ocrx_word' id='word_1_285' title='bbox 2054 4651 2285 4705; x_wconf 78' lang='lat' dir='ltr'><strong>diversis</strong></span> 
     </span>
    </p>
   </div>
   <div class='ocr_carea' id='block_1_48' title="bbox 710 4741 2102 4813">
    <p class='ocr_par' dir='ltr' id='par_1_48' title="bbox 710 4741 2102 4813">
     <span class='ocr_line' id='line_1_48' title="bbox 710 4741 2102 4813; baseline -0.005 -14"><span class='ocrx_word' id='word_1_286' title='bbox 710 4746 957 4799; x_wconf 65' lang='lat' dir='ltr'><strong>aetatibus</strong></span> <span class='ocrx_word' id='word_1_287' title='bbox 989 4746 1308 4798; x_wconf 59' lang='lat' dir='ltr'><strong>accedentes</strong></span> <span class='ocrx_word' id='word_1_288' title='bbox 1344 4755 1394 4797; x_wconf 89' lang='lat' dir='ltr'><strong>et</strong></span> <span class='ocrx_word' id='word_1_289' title='bbox 1424 4744 1703 4813; x_wconf 66' lang='lat' dir='ltr'><strong>praemium</strong></span> <span class='ocrx_word' id='word_1_290' title='bbox 1741 4741 2102 4808; x_wconf 83' lang='lat' dir='ltr'><strong>acquirenles.</strong></span> 
     </span>
    </p>
   </div>
   <div class='ocr_carea' id='block_1_49' title="bbox 790 4924 2285 4990">
    <p class='ocr_par' dir='ltr' id='par_1_49' title="bbox 790 4924 2285 4990">
     <span class='ocr_line' id='line_1_49' title="bbox 790 4924 2285 4990; baseline -0.003 -11"><span class='ocrx_word' id='word_1_291' title='bbox 790 4925 956 4979; x_wconf 65' lang='lat' dir='ltr'><strong>Vtilis.</strong></span> <span class='ocrx_word' id='word_1_292' title='bbox 996 4928 1047 4979; x_wconf 78' lang='grc' dir='ltr'><strong>ὖ.</strong></span> <span class='ocrx_word' id='word_1_293' title='bbox 1098 4925 1251 4990; x_wconf 86' lang='lat' dir='ltr'><strong>Quod</strong></span> <span class='ocrx_word' id='word_1_294' title='bbox 1310 4933 1569 4978; x_wconf 85' lang='lat' dir='ltr'><strong>vocentur</strong></span> <span class='ocrx_word' id='word_1_295' title='bbox 1610 4924 1791 4984; x_wconf 71' lang='lat' dir='ltr'><strong>tertia,</strong></span> <span class='ocrx_word' id='word_1_296' title='bbox 1833 4933 2005 4982; x_wconf 80' lang='lat' dir='ltr'><strong>sexta,</strong></span> <span class='ocrx_word' id='word_1_297' title='bbox 2048 4932 2100 4975; x_wconf 92' lang='lat' dir='ltr'><strong>et</strong></span> <span class='ocrx_word' id='word_1_298' title='bbox 2147 4936 2285 4975; x_wconf 90' lang='lat' dir='ltr'><strong>nona</strong></span> 
     </span>
    </p>
   </div>
   <div class='ocr_carea' id='block_1_50' title="bbox 713 5014 2287 5086">
    <p class='ocr_par' dir='ltr' id='par_1_50' title="bbox 713 5014 2287 5086">
     <span class='ocr_line' id='line_1_50' title="bbox 713 5014 2287 5086; baseline -0.007 -12"><span class='ocrx_word' id='word_1_299' title='bbox 713 5022 868 5079; x_wconf 75' lang='lat' dir='ltr'><strong>hora,</strong></span> <span class='ocrx_word' id='word_1_300' title='bbox 922 5032 1028 5071; x_wconf 89' lang='lat' dir='ltr'><strong>non</strong></span> <span class='ocrx_word' id='word_1_301' title='bbox 1081 5016 1489 5086; x_wconf 61' lang='lat' dir='ltr'><strong>prmjudicantis</strong></span> <span class='ocrx_word' id='word_1_302' title='bbox 1539 5025 1623 5069; x_wconf 89' lang='lat' dir='ltr'><strong>est</strong></span> <span class='ocrx_word' id='word_1_303' title='bbox 1678 5014 1898 5081; x_wconf 86' lang='lat' dir='ltr'><strong>injuste,</strong></span> <span class='ocrx_word' id='word_1_304' title='bbox 1939 5014 2029 5067; x_wconf 86' lang='lat' dir='ltr'><strong>scd</strong></span> <span class='ocrx_word' id='word_1_305' title='bbox 2087 5026 2287 5081; x_wconf 78' lang='lat' dir='ltr'><strong>cogno-</strong></span> 
     </span>
    </p>
   </div>
   <div class='ocr_carea' id='block_1_51' title="bbox 714 5104 2287 5177">
    <p class='ocr_par' dir='ltr' id='par_1_51' title="bbox 714 5104 2287 5177">
     <span class='ocr_line' id='line_1_51' title="bbox 714 5104 2287 5177; baseline -0.004 -11"><span class='ocrx_word' id='word_1_306' title='bbox 714 5115 917 5166; x_wconf 86' lang='lat' dir='ltr'><strong>scentis</strong></span> <span class='ocrx_word' id='word_1_307' title='bbox 970 5108 1114 5177; x_wconf 86' lang='lat' dir='ltr'><strong>quod</strong></span> <span class='ocrx_word' id='word_1_308' title='bbox 1145 5109 1199 5162; x_wconf 92' lang='lat' dir='ltr'><strong>hi</strong></span> <span class='ocrx_word' id='word_1_309' title='bbox 1236 5108 1467 5161; x_wconf 83' lang='lat' dir='ltr'><strong>debeant</strong></span> <span class='ocrx_word' id='word_1_310' title='bbox 1521 5106 1620 5175; x_wconf 89' lang='lat' dir='ltr'><strong>ipsi</strong></span> <span class='ocrx_word' id='word_1_311' title='bbox 1667 5108 2065 5174; x_wconf 88' lang='lat' dir='ltr'><strong>ohtemperare.</strong></span> <span class='ocrx_word' id='word_1_312' title='bbox 2102 5104 2192 5159; x_wconf 89' lang='lat' dir='ltr'><strong>Sic</strong></span> <span class='ocrx_word' id='word_1_313' title='bbox 2234 5116 2287 5159; x_wconf 88' lang='lat' dir='ltr'><strong>et</strong></span> 
     </span>
    </p>
   </div>
   <div class='ocr_carea' id='block_1_52' title="bbox 716 5196 2280 5265">
    <p class='ocr_par' dir='ltr' id='par_1_52' title="bbox 716 5196 2280 5265">
     <span class='ocr_line' id='line_1_52' title="bbox 716 5196 2280 5265; baseline -0.004 -8"><span class='ocrx_word' id='word_1_314' title='bbox 716 5203 917 5257; x_wconf 75' lang='lat' dir='ltr'><strong>Paulus</strong></span> <span class='ocrx_word' id='word_1_315' title='bbox 948 5216 1052 5253; x_wconf 88' lang='lat' dir='ltr'><strong>non</strong></span> <span class='ocrx_word' id='word_1_316' title='bbox 1099 5201 1151 5253; x_wconf 89' lang='lat' dir='ltr'><strong>in</strong></span> <span class='ocrx_word' id='word_1_317' title='bbox 1196 5200 1363 5253; x_wconf 90' lang='lat' dir='ltr'><strong>initiis</strong></span> <span class='ocrx_word' id='word_1_318' title='bbox 1396 5199 1497 5251; x_wconf 86' lang='lat' dir='ltr'><strong>l&#39;uit</strong></span> <span class='ocrx_word' id='word_1_319' title='bbox 1526 5208 1769 5253; x_wconf 90' lang='lat' dir='ltr'><strong>vocatus.</strong></span> <span class='ocrx_word' id='word_1_320' title='bbox 1797 5198 1890 5251; x_wconf 81' lang='lat' dir='ltr'><strong>sed</strong></span> <span class='ocrx_word' id='word_1_321' title='bbox 1937 5196 2158 5265; x_wconf 87' lang='lat' dir='ltr'><strong>quando</strong></span> <span class='ocrx_word' id='word_1_322' title='bbox 2189 5197 2280 5251; x_wconf 84' lang='lat' dir='ltr'><strong>de-</strong></span> 
     </span>
    </p>
   </div>
   <div class='ocr_carea' id='block_1_53' title="bbox 715 5286 2287 5355">
    <p class='ocr_par' dir='ltr' id='par_1_53' title="bbox 715 5286 2287 5355">
     <span class='ocr_line' id='line_1_53' title="bbox 715 5286 2287 5355; baseline -0.003 -12"><span class='ocrx_word' id='word_1_323' title='bbox 715 5293 831 5344; x_wconf 81' lang='lat' dir='ltr'><strong>buit</strong></span> <span class='ocrx_word' id='word_1_324' title='bbox 866 5289 1107 5343; x_wconf 87' lang='lat' dir='ltr'><strong>obedire.</strong></span> <span class='ocrx_word' id='word_1_325' title='bbox 1149 5288 1304 5351; x_wconf 81' lang='lat' dir='ltr'><strong>Quod</strong></span> <span class='ocrx_word' id='word_1_326' title='bbox 1362 5297 1541 5340; x_wconf 86' lang='lat' dir='ltr'><strong>autem</strong></span> <span class='ocrx_word' id='word_1_327' title='bbox 1603 5286 1833 5340; x_wconf 88' lang='lat' dir='ltr'><strong>voluerit</strong></span> <span class='ocrx_word' id='word_1_328' title='bbox 1897 5286 1948 5339; x_wconf 90' lang='lat' dir='ltr'><strong>in</strong></span> <span class='ocrx_word' id='word_1_329' title='bbox 2022 5286 2287 5355; x_wconf 88' lang='lat' dir='ltr'><strong>principio</strong></span> 
     </span>
    </p>
   </div>
   <div class='ocr_carea' id='block_1_54' title="bbox 717 5375 2286 5446">
    <p class='ocr_par' dir='ltr' id='par_1_54' title="bbox 717 5375 2286 5446">
     <span class='ocr_line' id='line_1_54' title="bbox 717 5375 2286 5446; baseline -0.004 -10"><span class='ocrx_word' id='word_1_330' title='bbox 717 5382 1042 5442; x_wconf 78' lang='lat' dir='ltr'><strong>conducere,</strong></span> <span class='ocrx_word' id='word_1_331' title='bbox 1076 5380 1206 5433; x_wconf 89' lang='lat' dir='ltr'><strong>dicit</strong></span> <span class='ocrx_word' id='word_1_332' title='bbox 1238 5381 1400 5432; x_wconf 84' lang='lat' dir='ltr'><strong>etiam</strong></span> <span class='ocrx_word' id='word_1_333' title='bbox 1430 5378 1710 5446; x_wconf 84' lang='lat' dir='ltr'><strong>parabola,</strong></span> <span class='ocrx_word' id='word_1_334' title='bbox 1737 5378 1864 5445; x_wconf 87' lang='lat' dir='ltr'><strong>quia</strong></span> <span class='ocrx_word' id='word_1_335' title='bbox 1904 5375 2038 5430; x_wconf 81' lang='lat' dir='ltr'><strong>exiit</strong></span> <span class='ocrx_word' id='word_1_336' title='bbox 2077 5378 2286 5430; x_wconf 90' lang='lat' dir='ltr'><strong>condu-</strong></span> 
     </span>
    </p>
   </div>
   <div class='ocr_carea' id='block_1_55' title="bbox 714 5470 2288 5541">
    <p class='ocr_par' dir='ltr' id='par_1_55' title="bbox 714 5470 2288 5541">
     <span class='ocr_line' id='line_1_55' title="bbox 714 5470 2288 5541; baseline -0.004 -11"><span class='ocrx_word' id='word_1_337' title='bbox 714 5490 874 5535; x_wconf 86' lang='lat' dir='ltr'><strong>cere;</strong></span> <span class='ocrx_word' id='word_1_338' title='bbox 908 5483 959 5525; x_wconf 84' lang='lat' dir='ltr'><strong>et</strong></span> <span class='ocrx_word' id='word_1_339' title='bbox 994 5476 1135 5541; x_wconf 86' lang='lat' dir='ltr'><strong>quod</strong></span> <span class='ocrx_word' id='word_1_340' title='bbox 1188 5472 1290 5526; x_wconf 91' lang='lat' dir='ltr'><strong>iste</strong></span> <span class='ocrx_word' id='word_1_341' title='bbox 1330 5472 1559 5525; x_wconf 85' lang='lat' dir='ltr'><strong>voluerit</strong></span> <span class='ocrx_word' id='word_1_342' title='bbox 1611 5471 1879 5534; x_wconf 87' lang='lat' dir='ltr'><strong>conduci,</strong></span> <span class='ocrx_word' id='word_1_343' title='bbox 1937 5470 2090 5535; x_wconf 87' lang='lat' dir='ltr'><strong>dicit,</strong></span> <span class='ocrx_word' id='word_1_344' title='bbox 2130 5484 2288 5524; x_wconf 86' lang='lat' dir='ltr'><strong>nemo</strong></span> 
     </span>
    </p>
   </div>
   <div class='ocr_carea' id='block_1_56' title="bbox 717 5563 1127 5620">
    <p class='ocr_par' dir='ltr' id='par_1_56' title="bbox 717 5563 1127 5620">
     <span class='ocr_line' id='line_1_56' title="bbox 717 5563 1127 5620; baseline -0.012 0"><span class='ocrx_word' id='word_1_345' title='bbox 717 5581 815 5620; x_wconf 89' lang='lat' dir='ltr'><strong>nos</strong></span> <span class='ocrx_word' id='word_1_346' title='bbox 844 5563 1127 5618; x_wconf 78' lang='lat' dir='ltr'><strong>conduxit.</strong></span> 
     </span>
    </p>
   </div>
   <div class='ocr_carea' id='block_1_57' title="bbox 785 5667 2284 5737">
    <p class='ocr_par' dir='ltr' id='par_1_57' title="bbox 785 5667 2284 5737">
     <span class='ocr_line' id='line_1_57' title="bbox 785 5667 2284 5737; baseline -0.003 -14"><span class='ocrx_word' id='word_1_347' title='bbox 785 5671 948 5725; x_wconf 59' lang='lat' dir='ltr'><strong>Vens.</strong></span> <span class='ocrx_word' id='word_1_348' title='bbox 990 5670 1070 5724; x_wconf 77' lang='grc'><strong>16.</strong></span> <span class='ocrx_word' id='word_1_349' title='bbox 1122 5669 1274 5733; x_wconf 84' lang='lat' dir='ltr'><strong>Quod</strong></span> <span class='ocrx_word' id='word_1_350' title='bbox 1304 5668 1589 5723; x_wconf 74' lang='lat' dir='ltr'><strong>confestim</strong></span> <span class='ocrx_word' id='word_1_351' title='bbox 1642 5677 1763 5737; x_wconf 85' lang='lat' dir='ltr'><strong>post</strong></span> <span class='ocrx_word' id='word_1_352' title='bbox 1802 5668 2116 5735; x_wconf 81' lang='lat' dir='ltr'><strong>parabolam</strong></span> <span class='ocrx_word' id='word_1_353' title='bbox 2149 5667 2284 5721; x_wconf 88' lang='lat' dir='ltr'><strong>dici-</strong></span> 
     </span>
    </p>
   </div>
   <div class='ocr_carea' id='block_1_58' title="bbox 716 5759 2290 5829">
    <p class='ocr_par' dir='ltr' id='par_1_58' title="bbox 716 5759 2290 5829">
     <span class='ocr_line' id='line_1_58' title="bbox 716 5759 2290 5829; baseline -0.003 -13"><span class='ocrx_word' id='word_1_354' title='bbox 716 5774 825 5822; x_wconf 82' lang='lat' dir='ltr'><strong>tur,</strong></span> <span class='ocrx_word' id='word_1_355' title='bbox 854 5764 932 5815; x_wconf 90' lang='lat' dir='ltr'><strong>sic</strong></span> <span class='ocrx_word' id='word_1_356' title='bbox 954 5771 1111 5815; x_wconf 85' lang='lat' dir='ltr'><strong>erunt</strong></span> <span class='ocrx_word' id='word_1_357' title='bbox 1136 5760 1415 5814; x_wconf 86' lang='lat' dir='ltr'><strong>novissimi</strong></span> <span class='ocrx_word' id='word_1_358' title='bbox 1444 5759 1626 5829; x_wconf 85' lang='lat' dir='ltr'><strong>primi,</strong></span> <span class='ocrx_word' id='word_1_359' title='bbox 1656 5774 1759 5813; x_wconf 85' lang='lat' dir='ltr'><strong>non</strong></span> <span class='ocrx_word' id='word_1_360' title='bbox 1792 5759 2049 5812; x_wconf 87' lang='lat' dir='ltr'><strong>admirari</strong></span> <span class='ocrx_word' id='word_1_361' title='bbox 2074 5766 2290 5827; x_wconf 79' lang='lat' dir='ltr'><strong>oportet</strong></span> 
     </span>
    </p>
   </div>
   <div class='ocr_carea' id='block_1_59' title="bbox 714 5849 2286 5927">
    <p class='ocr_par' dir='ltr' id='par_1_59' title="bbox 714 5849 2286 5927">
     <span class='ocr_line' id='line_1_59' title="bbox 714 5849 2286 5927; baseline -0.003 -20"><span class='ocrx_word' id='word_1_362' title='bbox 714 5866 969 5927; x_wconf 80' lang='lat' dir='ltr'><strong>tanquam</strong></span> <span class='ocrx_word' id='word_1_363' title='bbox 1001 5868 1104 5906; x_wconf 57' lang='lat' dir='ltr'><strong>ean</strong></span> <span class='ocrx_word' id='word_1_364' title='bbox 1148 5868 1209 5907; x_wconf 81' lang='lat' dir='ltr'><strong>ex</strong></span> <span class='ocrx_word' id='word_1_365' title='bbox 1242 5850 1497 5922; x_wconf 84' lang='lat' dir='ltr'><strong>parabola</strong></span> <span class='ocrx_word' id='word_1_366' title='bbox 1529 5865 1901 5919; x_wconf 82' lang='lat' dir='ltr'><strong>consequens,</strong></span> <span class='ocrx_word' id='word_1_367' title='bbox 1954 5849 2045 5904; x_wconf 87' lang='lat' dir='ltr'><strong>sed</strong></span> <span class='ocrx_word' id='word_1_368' title='bbox 2090 5849 2286 5903; x_wconf 84' lang='lat' dir='ltr'><strong>intelli-</strong></span> 
     </span>
    </p>
   </div>
   <div class='ocr_carea' id='block_1_60' title="bbox 2388 634 3971 706">
    <p class='ocr_par' dir='ltr' id='par_1_60' title="bbox 2388 634 3971 706">
     <span class='ocr_line' id='line_1_60' title="bbox 2388 634 3971 706; baseline 0 -21"><span class='ocrx_word' id='word_1_369' title='bbox 2388 634 2899 697; x_wconf 70' lang='grc' dir='ltr'>οἵδατεζδιδόναι,</span> <span class='ocrx_word' id='word_1_370' title='bbox 2940 636 3001 687; x_wconf 86' lang='grc' dir='ltr'><strong>ού</strong></span> <span class='ocrx_word' id='word_1_371' title='bbox 3051 637 3268 689; x_wconf 88' lang='grc' dir='ltr'>πάντων</span> <span class='ocrx_word' id='word_1_372' title='bbox 3324 634 3590 704; x_wconf 77' lang='grc' dir='ltr'>πονηρίαν</span> <span class='ocrx_word' id='word_1_373' title='bbox 3638 639 3971 706; x_wconf 76' lang='grc' dir='ltr'>κατηγορεῖ,</span> 
     </span>
    </p>
   </div>
   <div class='ocr_carea' id='block_1_61' title="bbox 2386 724 3968 798">
    <p class='ocr_par' dir='ltr' id='par_1_61' title="bbox 2386 724 3968 798">
     <span class='ocr_line' id='line_1_61' title="bbox 2386 724 3968 798; baseline 0.001 -21"><span class='ocrx_word' id='word_1_374' title='bbox 2386 726 2519 777; x_wconf 74' lang='grc' dir='ltr'>ἀλλὰ</span> <span class='ocrx_word' id='word_1_375' title='bbox 2551 728 2648 796; x_wconf 80' lang='grc' dir='ltr'><strong>τὴν</strong></span> <span class='ocrx_word' id='word_1_376' title='bbox 2677 727 2734 780; x_wconf 85' lang='grc' dir='ltr'>ὲν</span> <span class='ocrx_word' id='word_1_377' title='bbox 2762 726 3068 796; x_wconf 78' lang='grc' dir='ltr'>ἀνθρώποις</span> <span class='ocrx_word' id='word_1_378' title='bbox 3094 727 3410 798; x_wconf 83' lang='grc' dir='ltr'>ἁγαθότητα</span> <span class='ocrx_word' id='word_1_379' title='bbox 3441 729 3506 797; x_wconf 78' lang='grc' dir='ltr'>τῇ</span> <span class='ocrx_word' id='word_1_380' title='bbox 3532 724 3629 778; x_wconf 77' lang='grc' dir='ltr'>τοῦ</span> <span class='ocrx_word' id='word_1_381' title='bbox 3656 724 3792 779; x_wconf 75' lang='grc' dir='ltr'>Θεοῦ</span> <span class='ocrx_word' id='word_1_382' title='bbox 3818 728 3968 794; x_wconf 77' lang='grc' dir='ltr'>ἀγα-</span> 
     </span>
    </p>
   </div>
   <div class='ocr_carea' id='block_1_62' title="bbox 2388 815 2986 887">
    <p class='ocr_par' dir='ltr' id='par_1_62' title="bbox 2388 815 2986 887">
     <span class='ocr_line' id='line_1_62' title="bbox 2388 815 2986 887; baseline 0.003 -19"><span class='ocrx_word' id='word_1_383' title='bbox 2388 815 2571 885; x_wconf 87' lang='grc' dir='ltr'>θότητι</span> <span class='ocrx_word' id='word_1_384' title='bbox 2604 818 2986 887; x_wconf 81' lang='grc' dir='ltr'>παραϐάλλων.</span> 
     </span>
    </p>
   </div>
   <div class='ocr_carea' id='block_1_63' title="bbox 2457 906 3969 977">
    <p class='ocr_par' dir='ltr' id='par_1_63' title="bbox 2457 906 3969 977">
     <span class='ocr_line' id='line_1_63' title="bbox 2457 906 3969 977; baseline 0.001 -20"><span class='ocrx_word' id='word_1_385' title='bbox 2457 907 2553 959; x_wconf 71' lang='grc' dir='ltr'><strong>Διὰ</strong></span> <span class='ocrx_word' id='word_1_386' title='bbox 2582 906 2635 958; x_wconf 86' lang='grc' dir='ltr'><strong>τί</strong></span> <span class='ocrx_word' id='word_1_387' title='bbox 2660 907 2794 977; x_wconf 82' lang='grc' dir='ltr'>πρὸς</span> <span class='ocrx_word' id='word_1_388' title='bbox 2825 907 2949 968; x_wconf 76' lang='grc' dir='ltr'>τοὺς</span> <span class='ocrx_word' id='word_1_389' title='bbox 3002 906 3271 977; x_wconf 81' lang='grc' dir='ltr'>μαθητὰς,</span> <span class='ocrx_word' id='word_1_390' title='bbox 3322 907 3648 971; x_wconf 80' lang='grc' dir='ltr'><strong>ἀπελθόντος</strong></span> <span class='ocrx_word' id='word_1_391' title='bbox 3673 906 3766 960; x_wconf 80' lang='grc' dir='ltr'>τοῦ</span> <span class='ocrx_word' id='word_1_392' title='bbox 3806 909 3969 977; x_wconf 75' lang='grc' dir='ltr'>ἔρω-</span> 
     </span>
    </p>
   </div>
   <div class='ocr_carea' id='block_1_64' title="bbox 2385 997 3970 1069">
    <p class='ocr_par' dir='ltr' id='par_1_64' title="bbox 2385 997 3970 1069">
     <span class='ocr_line' id='line_1_64' title="bbox 2385 997 3970 1069; baseline -0.002 -18"><span class='ocrx_word' id='word_1_393' title='bbox 2385 998 2669 1068; x_wconf 78' lang='grc' dir='ltr'>τήσαντος,</span> <span class='ocrx_word' id='word_1_394' title='bbox 2706 1000 2733 1051; x_wconf 86' lang='grc' dir='ltr'>ὁ</span> <span class='ocrx_word' id='word_1_395' title='bbox 2763 998 2995 1068; x_wconf 81' lang='grc' dir='ltr'>Χριστὸς</span> <span class='ocrx_word' id='word_1_396' title='bbox 3037 998 3186 1065; x_wconf 84' lang='grc' dir='ltr'>λέγει</span> <span class='ocrx_word' id='word_1_397' title='bbox 3233 998 3507 1061; x_wconf 78' lang='grc' dir='ltr'>πλουσίοις</span> <span class='ocrx_word' id='word_1_398' title='bbox 3555 1001 3629 1069; x_wconf 72' lang='grc' dir='ltr'>μὴ</span> <span class='ocrx_word' id='word_1_399' title='bbox 3657 998 3799 1058; x_wconf 79' lang='grc' dir='ltr'>οὖσι,</span> <span class='ocrx_word' id='word_1_400' title='bbox 3840 997 3970 1060; x_wconf 81' lang='grc' dir='ltr'><strong>πῶς</strong></span> 
     </span>
    </p>
   </div>
   <div class='ocr_carea' id='block_1_65' title="bbox 2385 1087 3970 1159">
    <p class='ocr_par' dir='ltr' id='par_1_65' title="bbox 2385 1087 3970 1159">
     <span class='ocr_line' id='line_1_65' title="bbox 2385 1087 3970 1159; baseline -0.002 -18"><span class='ocrx_word' id='word_1_401' title='bbox 2385 1087 2658 1151; x_wconf 77' lang='grc' dir='ltr'><strong>δυσκόλως</strong></span> <span class='ocrx_word' id='word_1_402' title='bbox 2710 1089 2961 1151; x_wconf 85' lang='grc' dir='ltr'>πλούσιος</span> <span class='ocrx_word' id='word_1_403' title='bbox 3011 1088 3377 1142; x_wconf 81' lang='grc' dir='ltr'><strong>εἰσελεύσεται</strong></span> <span class='ocrx_word' id='word_1_404' title='bbox 3408 1090 3488 1152; x_wconf 81' lang='grc' dir='ltr'><strong>εἰς</strong></span> <span class='ocrx_word' id='word_1_405' title='bbox 3538 1090 3635 1159; x_wconf 82' lang='grc' dir='ltr'>τὴν</span> <span class='ocrx_word' id='word_1_406' title='bbox 3679 1088 3970 1157; x_wconf 80' lang='grc' dir='ltr'>βασιλείαν</span> 
     </span>
    </p>
   </div>
   <div class='ocr_carea' id='block_1_66' title="bbox 2385 1179 3967 1251">
    <p class='ocr_par' dir='ltr' id='par_1_66' title="bbox 2385 1179 3967 1251">
     <span class='ocr_line' id='line_1_66' title="bbox 2385 1179 3967 1251; baseline 0.001 -20"><span class='ocrx_word' id='word_1_407' title='bbox 2385 1179 2480 1233; x_wconf 81' lang='grc' dir='ltr'>τοῦ</span> <span class='ocrx_word' id='word_1_408' title='bbox 2538 1180 2709 1246; x_wconf 83' lang='grc' dir='ltr'><strong>Θεοῦ;</strong></span> <span class='ocrx_word' id='word_1_409' title='bbox 2784 1181 3058 1234; x_wconf 85' lang='grc' dir='ltr'>Παιδεύων</span> <span class='ocrx_word' id='word_1_410' title='bbox 3128 1181 3324 1245; x_wconf 72' lang='grc' dir='ltr'>αὐτοὺς</span> <span class='ocrx_word' id='word_1_411' title='bbox 3374 1181 3449 1251; x_wconf 82' lang='grc' dir='ltr'>μὴ</span> <span class='ocrx_word' id='word_1_412' title='bbox 3486 1181 3853 1251; x_wconf 55' lang='grc' dir='ltr'>,αἰσχύνεσθαι</span> <span class='ocrx_word' id='word_1_413' title='bbox 3891 1183 3967 1250; x_wconf 75' lang='grc' dir='ltr'>τῇ</span> 
     </span>
    </p>
   </div>
   <div class='ocr_carea' id='block_1_67' title="bbox 2386 1288 2567 1342">
    <p class='ocr_par' dir='ltr' id='par_1_67' title="bbox 2386 1288 2567 1342">
     <span class='ocr_line' id='line_1_67' title="bbox 2386 1288 2567 1342; baseline 0.022 -20"><span class='ocrx_word' id='word_1_414' title='bbox 2386 1288 2567 1342; x_wconf 81' lang='grc' dir='ltr'>πενιᾳ.</span> 
     </span>
    </p>
   </div>
   <div class='ocr_carea' id='block_1_68' title="bbox 2467 1376 3968 1453">
    <p class='ocr_par' dir='ltr' id='par_1_68' title="bbox 2467 1376 3968 1453">
     <span class='ocr_line' id='line_1_68' title="bbox 2467 1376 3968 1453; baseline 0.001 -21"><span class='ocrx_word' id='word_1_415' title='bbox 2467 1380 2618 1433; x_wconf 76' lang='grc' dir='ltr'>Ἐπεί</span> <span class='ocrx_word' id='word_1_416' title='bbox 2653 1383 2881 1450; x_wconf 85' lang='grc' dir='ltr'>πένητες</span> <span class='ocrx_word' id='word_1_417' title='bbox 2921 1376 3084 1453; x_wconf 82' lang='grc' dir='ltr'>ἦσαν,</span> <span class='ocrx_word' id='word_1_418' title='bbox 3115 1382 3231 1447; x_wconf 86' lang='grc' dir='ltr'><strong>πῶς</strong></span> <span class='ocrx_word' id='word_1_419' title='bbox 3261 1383 3532 1450; x_wconf 80' lang='grc' dir='ltr'>λέγουσιν,</span> <span class='ocrx_word' id='word_1_420' title='bbox 3589 1384 3684 1449; x_wconf 80' lang='grc' dir='ltr'>Τίς</span> <span class='ocrx_word' id='word_1_421' title='bbox 3718 1384 3834 1451; x_wconf 77' lang='grc' dir='ltr'>ἄρα</span> <span class='ocrx_word' id='word_1_422' title='bbox 3859 1383 3968 1434; x_wconf 73' lang='grc' dir='ltr'><strong>δύο</strong></span> 
     </span>
    </p>
   </div>
   <div class='ocr_carea' id='block_1_69' title="bbox 2384 1474 3969 1546">
    <p class='ocr_par' dir='ltr' id='par_1_69' title="bbox 2384 1474 3969 1546">
     <span class='ocr_line' id='line_1_69' title="bbox 2384 1474 3969 1546; baseline -0.001 -21"><span class='ocrx_word' id='word_1_423' title='bbox 2384 1489 2555 1525; x_wconf 82' lang='grc' dir='ltr'>ναται</span> <span class='ocrx_word' id='word_1_424' title='bbox 2594 1474 2902 1541; x_wconf 75' lang='grc' dir='ltr'>σωθῆναι;</span> <span class='ocrx_word' id='word_1_425' title='bbox 2954 1474 3125 1546; x_wconf 79' lang='grc' dir='ltr'>’Υπὲρ</span> <span class='ocrx_word' id='word_1_426' title='bbox 3175 1475 3282 1529; x_wconf 72' lang='grc' dir='ltr'><strong>τῶν</strong></span> <span class='ocrx_word' id='word_1_427' title='bbox 3310 1475 3486 1529; x_wconf 74' lang='grc' dir='ltr'>ἄλλων</span> <span class='ocrx_word' id='word_1_428' title='bbox 3532 1475 3839 1546; x_wconf 79' lang='grc' dir='ltr'>ἀνθρώπων</span> <span class='ocrx_word' id='word_1_429' title='bbox 3864 1474 3969 1526; x_wconf 80' lang='grc' dir='ltr'><strong>ἀλ-</strong></span> 
     </span>
    </p>
   </div>
   <div class='ocr_carea' id='block_1_70' title="bbox 2383 1558 3110 1634">
    <p class='ocr_par' dir='ltr' id='par_1_70' title="bbox 2383 1558 3110 1634">
     <span class='ocr_line' id='line_1_70' title="bbox 2383 1558 3110 1634; baseline 0.006 -21"><span class='ocrx_word' id='word_1_430' title='bbox 2383 1561 2608 1631; x_wconf 79' lang='grc' dir='ltr'>γοῦντες</span> <span class='ocrx_word' id='word_1_431' title='bbox 2638 1558 2711 1627; x_wconf 84' lang='grc' dir='ltr'><strong>ῶς</strong></span> <span class='ocrx_word' id='word_1_432' title='bbox 2736 1564 2877 1634; x_wconf 77' lang='grc' dir='ltr'>ὑπὲρ</span> <span class='ocrx_word' id='word_1_433' title='bbox 2908 1564 3110 1618; x_wconf 78' lang='grc' dir='ltr'>αὐτῶν.</span> 
     </span>
    </p>
   </div>
   <div class='ocr_carea' id='block_1_71' title="bbox 2453 1745 3967 1814">
    <p class='ocr_par' dir='ltr' id='par_1_71' title="bbox 2453 1745 3967 1814">
     <span class='ocr_line' id='line_1_71' title="bbox 2453 1745 3967 1814; baseline 0 -16"><span class='ocrx_word' id='word_1_434' title='bbox 2453 1746 2547 1811; x_wconf 84' lang='grc' dir='ltr'><strong>Τὸ,</strong></span> <span class='ocrx_word' id='word_1_435' title='bbox 2578 1745 2931 1811; x_wconf 79' lang='grc' dir='ltr'>Καθήσεσθε</span> <span class='ocrx_word' id='word_1_436' title='bbox 2962 1746 3058 1799; x_wconf 79' lang='grc' dir='ltr'><strong>ἐπὶ</strong></span> <span class='ocrx_word' id='word_1_437' title='bbox 3104 1745 3332 1800; x_wconf 81' lang='grc' dir='ltr'>δώδεκα</span> <span class='ocrx_word' id='word_1_438' title='bbox 3370 1750 3621 1814; x_wconf 76' lang='grc' dir='ltr'>θρόνων,</span> <span class='ocrx_word' id='word_1_439' title='bbox 3671 1748 3795 1801; x_wconf 71' lang='grc' dir='ltr'>ἀντὶ</span> <span class='ocrx_word' id='word_1_440' title='bbox 3842 1748 3967 1811; x_wconf 70' lang='grc' dir='ltr'>τοῦ,</span> 
     </span>
    </p>
   </div>
   <div class='ocr_carea' id='block_1_72' title="bbox 2385 1836 3967 1908">
    <p class='ocr_par' dir='ltr' id='par_1_72' title="bbox 2385 1836 3967 1908">
     <span class='ocr_line' id='line_1_72' title="bbox 2385 1836 3967 1908; baseline 0.002 -20"><span class='ocrx_word' id='word_1_441' title='bbox 2385 1836 2883 1908; x_wconf 78' lang='grc' dir='ltr'>Συνδοξασθήσεσθε</span> <span class='ocrx_word' id='word_1_442' title='bbox 2915 1851 2929 1867; x_wconf 76' lang='grc'><strong><em>⁸</em></strong></span> <span class='ocrx_word' id='word_1_443' title='bbox 2977 1838 3039 1890; x_wconf 83' lang='grc' dir='ltr'><strong>τὸ</strong></span> <span class='ocrx_word' id='word_1_444' title='bbox 3081 1839 3175 1904; x_wconf 86' lang='grc' dir='ltr'>δὲ,</span> <span class='ocrx_word' id='word_1_445' title='bbox 3246 1840 3561 1907; x_wconf 57' lang='grc' dir='ltr'>κρίνοντες</span> <span class='ocrx_word' id='word_1_446' title='bbox 3586 1881 3600 1902; x_wconf 89' lang='grc'><strong>,</strong></span> <span class='ocrx_word' id='word_1_447' title='bbox 3653 1840 3773 1891; x_wconf 81' lang='grc' dir='ltr'>ἀντί</span> <span class='ocrx_word' id='word_1_448' title='bbox 3824 1838 3922 1891; x_wconf 72' lang='grc' dir='ltr'>τοῦ</span> <span class='ocrx_word' id='word_1_449' title='bbox 3950 1879 3967 1905; x_wconf 90' lang='grc'><strong>,</strong></span> 
     </span>
    </p>
   </div>
   <div class='ocr_carea' id='block_1_73' title="bbox 2384 1928 3966 2001">
    <p class='ocr_par' dir='ltr' id='par_1_73' title="bbox 2384 1928 3966 2001">
     <span class='ocr_line' id='line_1_73' title="bbox 2384 1928 3966 2001; baseline 0.003 -20"><span class='ocrx_word' id='word_1_450' title='bbox 2384 1930 2803 2001; x_wconf 86' lang='grc' dir='ltr'>κατακρίνοντες</span> <span class='ocrx_word' id='word_1_451' title='bbox 2830 1948 2842 1961; x_wconf 90' lang='grc'><strong>·</strong></span> <span class='ocrx_word' id='word_1_452' title='bbox 2875 1932 2935 1984; x_wconf 85' lang='grc' dir='ltr'><strong>ού</strong></span> <span class='ocrx_word' id='word_1_453' title='bbox 2960 1932 3067 2001; x_wconf 77' lang='grc' dir='ltr'>γὰρ</span> <span class='ocrx_word' id='word_1_454' title='bbox 3100 1933 3165 2001; x_wconf 85' lang='grc' dir='ltr'>δὴ</span> <span class='ocrx_word' id='word_1_455' title='bbox 3186 1932 3439 1985; x_wconf 78' lang='grc' dir='ltr'>δικασταὶ</span> <span class='ocrx_word' id='word_1_456' title='bbox 3473 1932 3764 2000; x_wconf 78' lang='grc' dir='ltr'>μέλλουσιν</span> <span class='ocrx_word' id='word_1_457' title='bbox 3790 1928 3934 1985; x_wconf 78' lang='grc' dir='ltr'>εἶναι</span> <span class='ocrx_word' id='word_1_458' title='bbox 3951 1950 3966 1962; x_wconf 90' lang='grc'><strong>·</strong></span> 
     </span>
    </p>
   </div>
   <div class='ocr_carea' id='block_1_74' title="bbox 2387 2021 3968 2094">
    <p class='ocr_par' dir='ltr' id='par_1_74' title="bbox 2387 2021 3968 2094">
     <span class='ocr_line' id='line_1_74' title="bbox 2387 2021 3968 2094; baseline 0.001 -21"><span class='ocrx_word' id='word_1_459' title='bbox 2387 2022 2465 2083; x_wconf 84' lang='grc' dir='ltr'>εἰς</span> <span class='ocrx_word' id='word_1_460' title='bbox 2500 2021 2606 2093; x_wconf 76' lang='grc' dir='ltr'>γὰρ</span> <span class='ocrx_word' id='word_1_461' title='bbox 2658 2024 2984 2094; x_wconf 75' lang='grc' dir='ltr'>κατάκρισιν</span> <span class='ocrx_word' id='word_1_462' title='bbox 3012 2022 3120 2076; x_wconf 87' lang='grc' dir='ltr'><strong>τῶν</strong></span> <span class='ocrx_word' id='word_1_463' title='bbox 3168 2022 3454 2091; x_wconf 76' lang='grc' dir='ltr'><strong>ὁμοφύλων</strong></span> <span class='ocrx_word' id='word_1_464' title='bbox 3482 2025 3531 2075; x_wconf 81' lang='grc' dir='ltr'><strong>οἰ</strong></span> <span class='ocrx_word' id='word_1_465' title='bbox 3563 2022 3968 2085; x_wconf 71' lang='grc' dir='ltr'>πιστεύσαντες</span> 
     </span>
    </p>
   </div>
   <div class='ocr_carea' id='block_1_75' title="bbox 2385 2113 2615 2166">
    <p class='ocr_par' dir='ltr' id='par_1_75' title="bbox 2385 2113 2615 2166">
     <span class='ocr_line' id='line_1_75' title="bbox 2385 2113 2615 2166; baseline 0.004 -1"><span class='ocrx_word' id='word_1_466' title='bbox 2385 2113 2615 2166; x_wconf 76' lang='grc' dir='ltr'>ἔσονται.</span> 
     </span>
    </p>
   </div>
   <div class='ocr_carea' id='block_1_76' title="bbox 2455 2226 3969 2305">
    <p class='ocr_par' dir='ltr' id='par_1_76' title="bbox 2455 2226 3969 2305">
     <span class='ocr_line' id='line_1_76' title="bbox 2455 2226 3969 2305; baseline 0.003 -28"><span class='ocrx_word' id='word_1_467' title='bbox 2455 2226 2547 2288; x_wconf 83' lang='grc' dir='ltr'><strong>Τὸ,</strong></span> <span class='ocrx_word' id='word_1_468' title='bbox 2586 2226 2794 2291; x_wconf 83' lang='grc' dir='ltr'>Ὅστις</span> <span class='ocrx_word' id='word_1_469' title='bbox 2848 2226 3086 2296; x_wconf 58' lang='grc' dir='ltr'><strong>ἀφῆκεν</strong></span> <span class='ocrx_word' id='word_1_470' title='bbox 3127 2230 3399 2299; x_wconf 78' lang='grc' dir='ltr'>γυναῖκα,</span> <span class='ocrx_word' id='word_1_471' title='bbox 3436 2231 3469 2300; x_wconf 75' lang='grc' dir='ltr'>ἢ</span> <span class='ocrx_word' id='word_1_472' title='bbox 3506 2232 3623 2285; x_wconf 78' lang='grc' dir='ltr'>τόδε</span> <span class='ocrx_word' id='word_1_473' title='bbox 3659 2233 3691 2305; x_wconf 76' lang='grc' dir='ltr'>ἢ</span> <span class='ocrx_word' id='word_1_474' title='bbox 3728 2233 3868 2296; x_wconf 79' lang='grc' dir='ltr'>τόδε,</span> <span class='ocrx_word' id='word_1_475' title='bbox 3901 2231 3969 2282; x_wconf 73' lang='grc' dir='ltr'>οὗ</span> 
     </span>
    </p>
   </div>
   <div class='ocr_carea' id='block_1_77' title="bbox 2382 2316 3970 2391">
    <p class='ocr_par' dir='ltr' id='par_1_77' title="bbox 2382 2316 3970 2391">
     <span class='ocr_line' id='line_1_77' title="bbox 2382 2316 3970 2391; baseline 0.003 -22"><span class='ocrx_word' id='word_1_476' title='bbox 2382 2316 2656 2382; x_wconf 77' lang='grc' dir='ltr'>διάζευξιν</span> <span class='ocrx_word' id='word_1_477' title='bbox 2702 2319 2913 2385; x_wconf 75' lang='grc' dir='ltr'>εἰσάγει</span> <span class='ocrx_word' id='word_1_478' title='bbox 2941 2320 3049 2371; x_wconf 91' lang='grc' dir='ltr'><strong>τῶν</strong></span> <span class='ocrx_word' id='word_1_479' title='bbox 3084 2322 3384 2387; x_wconf 85' lang='grc' dir='ltr'>γυναικῶν,</span> <span class='ocrx_word' id='word_1_480' title='bbox 3419 2323 3532 2374; x_wconf 82' lang='grc' dir='ltr'>ἀλλ’</span> <span class='ocrx_word' id='word_1_481' title='bbox 3584 2324 3769 2391; x_wconf 83' lang='grc' dir='ltr'>ὅμοιόν</span> <span class='ocrx_word' id='word_1_482' title='bbox 3815 2326 3970 2375; x_wconf 80' lang='grc' dir='ltr'>ἐστιν</span> 
     </span>
    </p>
   </div>
   <div class='ocr_carea' id='block_1_78' title="bbox 2382 2405 3969 2478">
    <p class='ocr_par' dir='ltr' id='par_1_78' title="bbox 2382 2405 3969 2478">
     <span class='ocr_line' id='line_1_78' title="bbox 2382 2405 3969 2478; baseline 0.003 -20"><span class='ocrx_word' id='word_1_483' title='bbox 2382 2405 2479 2474; x_wconf 83' lang='grc' dir='ltr'>τῷ,</span> <span class='ocrx_word' id='word_1_484' title='bbox 2523 2405 2586 2458; x_wconf 88' lang='grc'><strong>’0</strong></span> <span class='ocrx_word' id='word_1_485' title='bbox 2614 2406 2919 2472; x_wconf 75' lang='grc' dir='ltr'><strong>ἀπολέσας</strong></span> <span class='ocrx_word' id='word_1_486' title='bbox 2956 2408 3067 2473; x_wconf 76' lang='grc' dir='ltr'><strong>τὴν</strong></span> <span class='ocrx_word' id='word_1_487' title='bbox 3098 2409 3311 2477; x_wconf 75' lang='grc' dir='ltr'><strong>ψυχὴν</strong></span> <span class='ocrx_word' id='word_1_488' title='bbox 3336 2409 3545 2474; x_wconf 78' lang='grc' dir='ltr'>αὑτοῦ,</span> <span class='ocrx_word' id='word_1_489' title='bbox 3574 2411 3823 2478; x_wconf 78' lang='grc' dir='ltr'>εὑρήσει</span> <span class='ocrx_word' id='word_1_490' title='bbox 3855 2414 3969 2462; x_wconf 55' lang='lat' dir='ltr'><strong>ab.</strong></span> 
     </span>
    </p>
   </div>
   <div class='ocr_carea' id='block_1_79' title="bbox 2383 2496 3967 2572">
    <p class='ocr_par' dir='ltr' id='par_1_79' title="bbox 2383 2496 3967 2572">
     <span class='ocr_line' id='line_1_79' title="bbox 2383 2496 3967 2572; baseline 0.002 -23"><span class='ocrx_word' id='word_1_491' title='bbox 2383 2496 2533 2562; x_wconf 81' lang='grc' dir='ltr'><strong>τήν·</strong></span> <span class='ocrx_word' id='word_1_492' title='bbox 2578 2498 2663 2550; x_wconf 82' lang='grc' dir='ltr'><strong>ἶνα</strong></span> <span class='ocrx_word' id='word_1_493' title='bbox 2698 2500 3055 2569; x_wconf 85' lang='grc' dir='ltr'>προτιμῶμεν</span> <span class='ocrx_word' id='word_1_494' title='bbox 3103 2502 3160 2553; x_wconf 83' lang='grc' dir='ltr'>ὲν</span> <span class='ocrx_word' id='word_1_495' title='bbox 3203 2503 3317 2565; x_wconf 82' lang='grc' dir='ltr'>τοῖς</span> <span class='ocrx_word' id='word_1_496' title='bbox 3360 2503 3620 2572; x_wconf 75' lang='grc' dir='ltr'><strong>διωγμοῖς</strong></span> <span class='ocrx_word' id='word_1_497' title='bbox 3665 2502 3766 2572; x_wconf 82' lang='grc' dir='ltr'>τὴν</span> <span class='ocrx_word' id='word_1_498' title='bbox 3808 2503 3967 2553; x_wconf 73' lang='grc' dir='ltr'>εὗσέ-</span> 
     </span>
    </p>
   </div>
   <div class='ocr_carea' id='block_1_80' title="bbox 2383 2587 3970 2663">
    <p class='ocr_par' dir='ltr' id='par_1_80' title="bbox 2383 2587 3970 2663">
     <span class='ocr_line' id='line_1_80' title="bbox 2383 2587 3970 2663; baseline 0.003 -23"><span class='ocrx_word' id='word_1_499' title='bbox 2383 2587 2558 2650; x_wconf 81' lang='grc' dir='ltr'>ϐειαν,</span> <span class='ocrx_word' id='word_1_500' title='bbox 2610 2589 2750 2659; x_wconf 75' lang='grc' dir='ltr'>ὑπὲρ</span> <span class='ocrx_word' id='word_1_501' title='bbox 2788 2594 3025 2658; x_wconf 86' lang='grc' dir='ltr'>γυναῖκα</span> <span class='ocrx_word' id='word_1_502' title='bbox 3055 2594 3147 2645; x_wconf 80' lang='grc' dir='ltr'><strong>καὶ</strong></span> <span class='ocrx_word' id='word_1_503' title='bbox 3182 2594 3362 2657; x_wconf 80' lang='grc' dir='ltr'>οἰκίας</span> <span class='ocrx_word' id='word_1_504' title='bbox 3396 2595 3491 2646; x_wconf 77' lang='grc' dir='ltr'><strong>καὶ</strong></span> <span class='ocrx_word' id='word_1_505' title='bbox 3531 2594 3716 2661; x_wconf 68' lang='grc' dir='ltr'>φίλους</span> <span class='ocrx_word' id='word_1_506' title='bbox 3745 2610 3758 2623; x_wconf 90' lang='grc'><strong>·</strong></span> <span class='ocrx_word' id='word_1_507' title='bbox 3783 2594 3818 2663; x_wconf 81' lang='grc' dir='ltr'><strong>ἧ</strong></span> <span class='ocrx_word' id='word_1_508' title='bbox 3840 2596 3970 2645; x_wconf 74' lang='grc' dir='ltr'>ὅταν</span> 
     </span>
    </p>
   </div>
   <div class='ocr_carea' id='block_1_81' title="bbox 2383 2680 3969 2753">
    <p class='ocr_par' dir='ltr' id='par_1_81' title="bbox 2383 2680 3969 2753">
     <span class='ocr_line' id='line_1_81' title="bbox 2383 2680 3969 2753; baseline 0.002 -22"><span class='ocrx_word' id='word_1_509' title='bbox 2383 2680 2521 2751; x_wconf 83' lang='grc' dir='ltr'>γυνὴ</span> <span class='ocrx_word' id='word_1_510' title='bbox 2546 2681 2771 2743; x_wconf 77' lang='grc' dir='ltr'>ἄπιστός</span> <span class='ocrx_word' id='word_1_511' title='bbox 2798 2683 2947 2736; x_wconf 71' lang='grc' dir='ltr'>ἐστιν</span> <span class='ocrx_word' id='word_1_512' title='bbox 2968 2683 3000 2751; x_wconf 80' lang='grc' dir='ltr'>ἢ</span> <span class='ocrx_word' id='word_1_513' title='bbox 3020 2683 3178 2753; x_wconf 83' lang='grc' dir='ltr'>ἀνὴρ.</span> <span class='ocrx_word' id='word_1_514' title='bbox 3206 2684 3326 2737; x_wconf 86' lang='grc' dir='ltr'>τότε</span> <span class='ocrx_word' id='word_1_515' title='bbox 3351 2684 3420 2736; x_wconf 82' lang='grc' dir='ltr'>δι’</span> <span class='ocrx_word' id='word_1_516' title='bbox 3444 2685 3730 2737; x_wconf 71' lang='grc' dir='ltr'>εὐσέϐειαν</span> <span class='ocrx_word' id='word_1_517' title='bbox 3753 2684 3969 2747; x_wconf 77' lang='grc' dir='ltr'>διαζεύο</span> 
     </span>
    </p>
   </div>
   <div class='ocr_carea' id='block_1_82' title="bbox 2383 2770 3970 2844">
    <p class='ocr_par' dir='ltr' id='par_1_82' title="bbox 2383 2770 3970 2844">
     <span class='ocr_line' id='line_1_82' title="bbox 2383 2770 3970 2844; baseline 0.001 -23"><span class='ocrx_word' id='word_1_518' title='bbox 2383 2785 2595 2837; x_wconf 80' lang='grc' dir='ltr'>γνυται,</span> <span class='ocrx_word' id='word_1_519' title='bbox 2627 2770 2675 2822; x_wconf 84' lang='grc' dir='ltr'><strong>εἰ</strong></span> <span class='ocrx_word' id='word_1_520' title='bbox 2705 2771 2779 2839; x_wconf 82' lang='grc' dir='ltr'>μὴ</span> <span class='ocrx_word' id='word_1_521' title='bbox 2808 2770 3035 2825; x_wconf 85' lang='grc' dir='ltr'>δύναται</span> <span class='ocrx_word' id='word_1_522' title='bbox 3064 2772 3354 2844; x_wconf 80' lang='grc' dir='ltr'>διορθῶσαι</span> <span class='ocrx_word' id='word_1_523' title='bbox 3387 2774 3482 2825; x_wconf 70' lang='grc' dir='ltr'><strong>καὶ</strong></span> <span class='ocrx_word' id='word_1_524' title='bbox 3530 2772 3702 2841; x_wconf 78' lang='grc' dir='ltr'>αὐτήν</span> <span class='ocrx_word' id='word_1_525' title='bbox 3722 2788 3737 2801; x_wconf 77' lang='grc' dir='ltr'><strong>ο</strong></span> <span class='ocrx_word' id='word_1_526' title='bbox 3780 2771 3970 2833; x_wconf 79' lang='grc' dir='ltr'>καθὼς</span> 
     </span>
    </p>
   </div>
   <div class='ocr_carea' id='block_1_83' title="bbox 2384 2861 3970 2934">
    <p class='ocr_par' dir='ltr' id='par_1_83' title="bbox 2384 2861 3970 2934">
     <span class='ocr_line' id='line_1_83' title="bbox 2384 2861 3970 2934; baseline 0.001 -22"><span class='ocrx_word' id='word_1_527' title='bbox 2384 2862 2478 2913; x_wconf 75' lang='grc' dir='ltr'><strong>καὶ</strong></span> <span class='ocrx_word' id='word_1_528' title='bbox 2500 2861 2709 2925; x_wconf 82' lang='grc' dir='ltr'>Παῦλος</span> <span class='ocrx_word' id='word_1_529' title='bbox 2739 2864 2925 2932; x_wconf 74' lang='grc' dir='ltr'>ἔλεγεν</span> <span class='ocrx_word' id='word_1_530' title='bbox 2953 2882 2964 2893; x_wconf 87' lang='grc'><strong>·</strong></span> <span class='ocrx_word' id='word_1_531' title='bbox 2996 2866 3043 2916; x_wconf 88' lang='grc' dir='ltr'><strong>εἰ</strong></span> <span class='ocrx_word' id='word_1_532' title='bbox 3074 2863 3130 2917; x_wconf 81' lang='grc' dir='ltr'>δὲ</span> <span class='ocrx_word' id='word_1_533' title='bbox 3152 2865 3180 2916; x_wconf 85' lang='grc' dir='ltr'>ὀ</span> <span class='ocrx_word' id='word_1_534' title='bbox 3206 2865 3434 2929; x_wconf 81' lang='grc' dir='ltr'>ἄπιστος</span> <span class='ocrx_word' id='word_1_535' title='bbox 3460 2865 3774 2934; x_wconf 74' lang='grc' dir='ltr'>χωρίζεται,</span> <span class='ocrx_word' id='word_1_536' title='bbox 3802 2879 3970 2933; x_wconf 79' lang='grc' dir='ltr'>χωρι-</span> 
     </span>
    </p>
   </div>
   <div class='ocr_carea' id='block_1_84' title="bbox 2386 2952 2579 3016">
    <p class='ocr_par' dir='ltr' id='par_1_84' title="bbox 2386 2952 2579 3016">
     <span class='ocr_line' id='line_1_84' title="bbox 2386 2952 2579 3016; baseline 0.016 -12"><span class='ocrx_word' id='word_1_537' title='bbox 2386 2952 2579 3016; x_wconf 79' lang='grc' dir='ltr'>ζέσθω.</span> 
     </span>
    </p>
   </div>
   <div class='ocr_carea' id='block_1_85' title="bbox 2455 3045 3969 3117">
    <p class='ocr_par' dir='ltr' id='par_1_85' title="bbox 2455 3045 3969 3117">
     <span class='ocr_line' id='line_1_85' title="bbox 2455 3045 3969 3117; baseline 0.002 -21"><span class='ocrx_word' id='word_1_538' title='bbox 2455 3045 2498 3096; x_wconf 87' lang='grc' dir='ltr'><strong>Τ</strong></span> <span class='ocrx_word' id='word_1_539' title='bbox 2501 3046 2548 3108; x_wconf 82' lang='grc' dir='ltr'><strong>δ,</strong></span> <span class='ocrx_word' id='word_1_540' title='bbox 2584 3046 2801 3099; x_wconf 69' lang='grc' dir='ltr'>Πολλοὶ</span> <span class='ocrx_word' id='word_1_541' title='bbox 2836 3046 3078 3100; x_wconf 80' lang='grc' dir='ltr'>ἔσονται</span> <span class='ocrx_word' id='word_1_542' title='bbox 3106 3049 3376 3116; x_wconf 79' lang='grc' dir='ltr'>ἔσχατοι,</span> <span class='ocrx_word' id='word_1_543' title='bbox 3404 3048 3621 3117; x_wconf 76' lang='grc' dir='ltr'>πρῶτοι</span> <span class='ocrx_word' id='word_1_544' title='bbox 3642 3064 3656 3077; x_wconf 92' lang='grc'><strong>·</strong></span> <span class='ocrx_word' id='word_1_545' title='bbox 3684 3048 3783 3101; x_wconf 81' lang='grc' dir='ltr'><strong>καί</strong></span> <span class='ocrx_word' id='word_1_546' title='bbox 3816 3046 3969 3115; x_wconf 68' lang='grc' dir='ltr'>πρῶ·</span> 
     </span>
    </p>
   </div>
   <div class='ocr_carea' id='block_1_86' title="bbox 2385 3138 3750 3209">
    <p class='ocr_par' dir='ltr' id='par_1_86' title="bbox 2385 3138 3750 3209">
     <span class='ocr_line' id='line_1_86' title="bbox 2385 3138 3750 3209; baseline 0.003 -21"><span class='ocrx_word' id='word_1_547' title='bbox 2385 3153 2494 3201; x_wconf 80' lang='grc' dir='ltr'>τοι,</span> <span class='ocrx_word' id='word_1_548' title='bbox 2528 3138 2798 3206; x_wconf 76' lang='grc' dir='ltr'>ἔσχατοι,</span> <span class='ocrx_word' id='word_1_549' title='bbox 2850 3138 3136 3202; x_wconf 71' lang='grc' dir='ltr'>Ἰουδαίους</span> <span class='ocrx_word' id='word_1_550' title='bbox 3171 3142 3265 3193; x_wconf 75' lang='grc' dir='ltr'>καὶ</span> <span class='ocrx_word' id='word_1_551' title='bbox 3305 3141 3551 3204; x_wconf 70' lang='grc' dir='ltr'>ὲθνικοὶις</span> <span class='ocrx_word' id='word_1_552' title='bbox 3578 3141 3750 3209; x_wconf 82' lang='grc' dir='ltr'>λέγει.</span> 
     </span>
    </p>
   </div>
   <div class='ocr_carea' id='block_1_87' title="bbox 2987 3282 3356 3339">
    <p class='ocr_par' dir='ltr' id='par_1_87' title="bbox 2987 3282 3356 3339">
     <span class='ocr_line' id='line_1_87' title="bbox 2987 3282 3356 3339; baseline 0.005 -2"><span class='ocrx_word' id='word_1_553' title='bbox 2987 3284 3239 3338; x_wconf 72' lang='grc' dir='ltr'><strong>ΚΕΦΑΛ.</strong></span> <span class='ocrx_word' id='word_1_554' title='bbox 3273 3282 3356 3339; x_wconf 73' lang='grc' dir='ltr'><strong>ις’.</strong></span> 
     </span>
    </p>
   </div>
   <div class='ocr_carea' id='block_1_88' title="bbox 2457 3428 3968 3500">
    <p class='ocr_par' dir='ltr' id='par_1_88' title="bbox 2457 3428 3968 3500">
     <span class='ocr_line' id='line_1_88' title="bbox 2457 3428 3968 3500; baseline -0.002 -18"><span class='ocrx_word' id='word_1_555' title='bbox 2457 3431 2592 3500; x_wconf 79' lang='grc' dir='ltr'>Περὶ</span> <span class='ocrx_word' id='word_1_556' title='bbox 2650 3430 2757 3482; x_wconf 87' lang='grc' dir='ltr'><strong>τῶν</strong></span> <span class='ocrx_word' id='word_1_557' title='bbox 2804 3428 3052 3498; x_wconf 74' lang='grc' dir='ltr'>ἐργατῶν</span> <span class='ocrx_word' id='word_1_558' title='bbox 3109 3429 3216 3500; x_wconf 81' lang='grc' dir='ltr'><strong>χρὴ</strong></span> <span class='ocrx_word' id='word_1_559' title='bbox 3271 3432 3447 3493; x_wconf 86' lang='grc' dir='ltr'>νοεῖν,</span> <span class='ocrx_word' id='word_1_560' title='bbox 3494 3429 3803 3499; x_wconf 84' lang='grc' dir='ltr'>ἀμπελῶνα</span> <span class='ocrx_word' id='word_1_561' title='bbox 3864 3429 3968 3498; x_wconf 70' lang='grc' dir='ltr'>τὴν</span> 
     </span>
    </p>
   </div>
   <div class='ocr_carea' id='block_1_89' title="bbox 2384 3521 3967 3592">
    <p class='ocr_par' dir='ltr' id='par_1_89' title="bbox 2384 3521 3967 3592">
     <span class='ocr_line' id='line_1_89' title="bbox 2384 3521 3967 3592; baseline -0.001 -20"><span class='ocrx_word' id='word_1_562' title='bbox 2384 3521 2650 3590; x_wconf 77' lang='grc' dir='ltr'>ἐργασίαν</span> <span class='ocrx_word' id='word_1_563' title='bbox 2692 3521 2791 3591; x_wconf 80' lang='grc' dir='ltr'><strong>τῆς</strong></span> <span class='ocrx_word' id='word_1_564' title='bbox 2844 3522 3085 3592; x_wconf 77' lang='grc' dir='ltr'>ἀρετῆς·</span> <span class='ocrx_word' id='word_1_565' title='bbox 3144 3521 3336 3591; x_wconf 83' lang='grc' dir='ltr'>χρόνον</span> <span class='ocrx_word' id='word_1_566' title='bbox 3389 3524 3487 3591; x_wconf 83' lang='grc' dir='ltr'>τῆς</span> <span class='ocrx_word' id='word_1_567' title='bbox 3529 3524 3817 3590; x_wconf 78' lang='grc' dir='ltr'>ἐργασίας,</span> <span class='ocrx_word' id='word_1_568' title='bbox 3872 3523 3967 3572; x_wconf 75' lang='grc' dir='ltr'><strong>τον</strong></span> 
     </span>
    </p>
   </div>
   <div class='ocr_carea' id='block_1_90' title="bbox 2385 3611 3965 3681">
    <p class='ocr_par' dir='ltr' id='par_1_90' title="bbox 2385 3611 3965 3681">
     <span class='ocr_line' id='line_1_90' title="bbox 2385 3611 3965 3681; baseline -0.001 -17"><span class='ocrx_word' id='word_1_569' title='bbox 2385 3613 2629 3681; x_wconf 85' lang='grc' dir='ltr'>παρόντα</span> <span class='ocrx_word' id='word_1_570' title='bbox 2664 3612 2778 3681; x_wconf 77' lang='grc' dir='ltr'>βίον</span> <span class='ocrx_word' id='word_1_571' title='bbox 2803 3629 2817 3643; x_wconf 88' lang='grc'>·</span> <span class='ocrx_word' id='word_1_572' title='bbox 2847 3612 3087 3679; x_wconf 76' lang='grc' dir='ltr'>ἐργάτας</span> <span class='ocrx_word' id='word_1_573' title='bbox 3112 3611 3168 3663; x_wconf 81' lang='grc' dir='ltr'>δὲ</span> <span class='ocrx_word' id='word_1_574' title='bbox 3193 3611 3507 3680; x_wconf 80' lang='grc' dir='ltr'>διαφόρους,</span> <span class='ocrx_word' id='word_1_575' title='bbox 3534 3613 3661 3673; x_wconf 74' lang='grc' dir='ltr'>τοὺς</span> <span class='ocrx_word' id='word_1_576' title='bbox 3692 3614 3751 3663; x_wconf 76' lang='grc' dir='ltr'>ἐν</span> <span class='ocrx_word' id='word_1_577' title='bbox 3773 3612 3965 3679; x_wconf 72' lang='grc' dir='ltr'>διαφό-</span> 
     </span>
    </p>
   </div>
   <div class='ocr_carea' id='block_1_91' title="bbox 2385 3700 3963 3772">
    <p class='ocr_par' dir='ltr' id='par_1_91' title="bbox 2385 3700 3963 3772">
     <span class='ocr_line' id='line_1_91' title="bbox 2385 3700 3963 3772; baseline 0 -19"><span class='ocrx_word' id='word_1_578' title='bbox 2385 3718 2498 3772; x_wconf 86' lang='grc' dir='ltr'>ροις</span> <span class='ocrx_word' id='word_1_579' title='bbox 2525 3701 2767 3771; x_wconf 65' lang='grc' dir='ltr'>ἡλικίαις</span> <span class='ocrx_word' id='word_1_580' title='bbox 2790 3718 2803 3731; x_wconf 68' lang='grc'><strong>⁸</strong></span> <span class='ocrx_word' id='word_1_581' title='bbox 2836 3702 2898 3754; x_wconf 84' lang='grc' dir='ltr'><strong>τὸ</strong></span> <span class='ocrx_word' id='word_1_582' title='bbox 2926 3701 2983 3755; x_wconf 87' lang='grc' dir='ltr'>δὲ</span> <span class='ocrx_word' id='word_1_583' title='bbox 3014 3700 3255 3769; x_wconf 83' lang='grc' dir='ltr'>εἰσάγειν</span> <span class='ocrx_word' id='word_1_584' title='bbox 3293 3701 3667 3769; x_wconf 74' lang='grc' dir='ltr'>γογγύζοντάς</span> <span class='ocrx_word' id='word_1_585' title='bbox 3697 3719 3876 3765; x_wconf 89' lang='grc' dir='ltr'>τινας,</span> <span class='ocrx_word' id='word_1_586' title='bbox 3899 3702 3963 3753; x_wconf 71' lang='grc' dir='ltr'>οὗ</span> 
     </span>
    </p>
   </div>
   <div class='ocr_carea' id='block_1_92' title="bbox 2384 3792 3965 3863">
    <p class='ocr_par' dir='ltr' id='par_1_92' title="bbox 2384 3792 3965 3863">
     <span class='ocr_line' id='line_1_92' title="bbox 2384 3792 3965 3863; baseline -0.002 -16"><span class='ocrx_word' id='word_1_587' title='bbox 2384 3794 2683 3863; x_wconf 81' lang='grc' dir='ltr'>νομίσομεν</span> <span class='ocrx_word' id='word_1_588' title='bbox 2728 3793 2913 3860; x_wconf 79' lang='grc' dir='ltr'>ἁγίους</span> <span class='ocrx_word' id='word_1_589' title='bbox 2962 3793 3177 3861; x_wconf 80' lang='grc' dir='ltr'>φθονεῖν</span> <span class='ocrx_word' id='word_1_590' title='bbox 3203 3792 3449 3846; x_wconf 80' lang='grc' dir='ltr'>ἐκεῖθεν·</span> <span class='ocrx_word' id='word_1_591' title='bbox 3488 3793 3705 3861; x_wconf 67' lang='grc' dir='ltr'>καθαρά</span> <span class='ocrx_word' id='word_1_592' title='bbox 3749 3795 3859 3863; x_wconf 69' lang='grc' dir='ltr'>γὰρ</span> <span class='ocrx_word' id='word_1_593' title='bbox 3896 3796 3965 3844; x_wconf 72' lang='grc' dir='ltr'><strong>τα</strong></span> 
     </span>
    </p>
   </div>
   <div class='ocr_carea' id='block_1_93' title="bbox 2386 3882 3965 3953">
    <p class='ocr_par' dir='ltr' id='par_1_93' title="bbox 2386 3882 3965 3953">
     <span class='ocr_line' id='line_1_93' title="bbox 2386 3882 3965 3953; baseline -0.001 -17"><span class='ocrx_word' id='word_1_594' title='bbox 2386 3885 2594 3936; x_wconf 77' lang='grc' dir='ltr'>ἐκεῖθεν</span> <span class='ocrx_word' id='word_1_595' title='bbox 2648 3884 2876 3951; x_wconf 75' lang='grc' dir='ltr'>φθόνου*</span> <span class='ocrx_word' id='word_1_596' title='bbox 2928 3883 3064 3936; x_wconf 80' lang='grc' dir='ltr'>ἀλλὰ</span> <span class='ocrx_word' id='word_1_597' title='bbox 3110 3882 3177 3936; x_wconf 81' lang='grc' dir='ltr'>τὰ</span> <span class='ocrx_word' id='word_1_598' title='bbox 3231 3885 3331 3951; x_wconf 82' lang='grc' dir='ltr'>τῆς</span> <span class='ocrx_word' id='word_1_599' title='bbox 3382 3882 3699 3953; x_wconf 82' lang='grc' dir='ltr'>παραϐολῆς</span> <span class='ocrx_word' id='word_1_600' title='bbox 3745 3884 3806 3935; x_wconf 88' lang='grc' dir='ltr'><strong>ού</strong></span> <span class='ocrx_word' id='word_1_601' title='bbox 3860 3884 3965 3953; x_wconf 73' lang='grc' dir='ltr'><strong>χρὴ</strong></span> 
     </span>
    </p>
   </div>
   <div class='ocr_carea' id='block_1_94' title="bbox 2389 3974 3963 4045">
    <p class='ocr_par' dir='ltr' id='par_1_94' title="bbox 2389 3974 3963 4045">
     <span class='ocr_line' id='line_1_94' title="bbox 2389 3974 3963 4045; baseline -0.003 -16"><span class='ocrx_word' id='word_1_602' title='bbox 2389 3978 2567 4030; x_wconf 84' lang='grc' dir='ltr'>πάντα</span> <span class='ocrx_word' id='word_1_603' title='bbox 2604 3977 2816 4044; x_wconf 77' lang='grc' dir='ltr'>ζητεῖν·</span> <span class='ocrx_word' id='word_1_604' title='bbox 2869 3975 3156 4044; x_wconf 79' lang='grc' dir='ltr'>παραϐολὴ</span> <span class='ocrx_word' id='word_1_605' title='bbox 3208 3975 3316 4045; x_wconf 86' lang='grc' dir='ltr'><strong>γάρ</strong></span> <span class='ocrx_word' id='word_1_606' title='bbox 3346 3977 3524 4029; x_wconf 79' lang='grc' dir='ltr'>ἐστιν·</span> <span class='ocrx_word' id='word_1_607' title='bbox 3577 3974 3723 4027; x_wconf 72' lang='grc' dir='ltr'>τὰδὲ</span> <span class='ocrx_word' id='word_1_608' title='bbox 3754 3977 3963 4026; x_wconf 80' lang='grc' dir='ltr'>συντεί-</span> 
     </span>
    </p>
   </div>
   <div class='ocr_carea' id='block_1_95' title="bbox 2386 4066 3965 4136">
    <p class='ocr_par' dir='ltr' id='par_1_95' title="bbox 2386 4066 3965 4136">
     <span class='ocr_line' id='line_1_95' title="bbox 2386 4066 3965 4136; baseline -0.004 -15"><span class='ocrx_word' id='word_1_609' title='bbox 2386 4086 2541 4122; x_wconf 87' lang='grc' dir='ltr'>νοντα</span> <span class='ocrx_word' id='word_1_610' title='bbox 2602 4070 2738 4136; x_wconf 70' lang='grc' dir='ltr'>προς</span> <span class='ocrx_word' id='word_1_611' title='bbox 2792 4069 2994 4120; x_wconf 75' lang='grc' dir='ltr'>σκοπὸν</span> <span class='ocrx_word' id='word_1_612' title='bbox 3051 4068 3211 4136; x_wconf 86' lang='grc' dir='ltr'>μόνον</span> <span class='ocrx_word' id='word_1_613' title='bbox 3278 4066 3575 4135; x_wconf 80' lang='grc' dir='ltr'>δρέπεσθαι</span> <span class='ocrx_word' id='word_1_614' title='bbox 3628 4066 3722 4118; x_wconf 79' lang='grc' dir='ltr'><strong>τὸν</strong></span> <span class='ocrx_word' id='word_1_615' title='bbox 3768 4066 3965 4134; x_wconf 76' lang='grc' dir='ltr'>φθόνον</span> 
     </span>
    </p>
   </div>
   <div class='ocr_carea' id='block_1_96' title="bbox 2388 4157 3965 4229">
    <p class='ocr_par' dir='ltr' id='par_1_96' title="bbox 2388 4157 3965 4229">
     <span class='ocr_line' id='line_1_96' title="bbox 2388 4157 3965 4229; baseline -0.001 -17"><span class='ocrx_word' id='word_1_616' title='bbox 2388 4161 2481 4213; x_wconf 78' lang='grc' dir='ltr'><strong>καὶ</strong></span> <span class='ocrx_word' id='word_1_617' title='bbox 2524 4161 2601 4222; x_wconf 82' lang='grc' dir='ltr'><strong>εἰς</strong></span> <span class='ocrx_word' id='word_1_618' title='bbox 2660 4159 2969 4229; x_wconf 80' lang='grc' dir='ltr'>ὑπερϐολὴν</span> <span class='ocrx_word' id='word_1_619' title='bbox 3018 4157 3112 4211; x_wconf 74' lang='grc' dir='ltr'><strong>τοῦ</strong></span> <span class='ocrx_word' id='word_1_620' title='bbox 3168 4158 3622 4227; x_wconf 78' lang='grc' dir='ltr'>εύεργετηθέντος</span> <span class='ocrx_word' id='word_1_621' title='bbox 3694 4158 3965 4225; x_wconf 80' lang='grc' dir='ltr'>εἰσάγειὲ</span> 
     </span>
    </p>
   </div>
   <div class='ocr_carea' id='block_1_97' title="bbox 2386 4253 2563 4319">
    <p class='ocr_par' dir='ltr' id='par_1_97' title="bbox 2386 4253 2563 4319">
     <span class='ocr_line' id='line_1_97' title="bbox 2386 4253 2563 4319; baseline 0.011 -16"><span class='ocrx_word' id='word_1_622' title='bbox 2386 4253 2563 4319; x_wconf 86' lang='grc' dir='ltr'>λόγος.</span> 
     </span>
    </p>
   </div>
   <div class='ocr_carea' id='block_1_98' title="bbox 2472 4358 3965 4431">
    <p class='ocr_par' dir='ltr' id='par_1_98' title="bbox 2472 4358 3965 4431">
     <span class='ocr_line' id='line_1_98' title="bbox 2472 4358 3965 4431; baseline -0.001 -18"><span class='ocrx_word' id='word_1_623' title='bbox 2472 4362 2794 4431; x_wconf 85' lang='grc' dir='ltr'>Ἀμπελῶνα</span> <span class='ocrx_word' id='word_1_624' title='bbox 2832 4361 2900 4414; x_wconf 78' lang='grc' dir='ltr'><strong>τά</strong></span> <span class='ocrx_word' id='word_1_625' title='bbox 2954 4362 3303 4430; x_wconf 79' lang='grc' dir='ltr'>ἐπιτάγματα</span> <span class='ocrx_word' id='word_1_626' title='bbox 3351 4360 3445 4413; x_wconf 77' lang='grc' dir='ltr'>τοῦ</span> <span class='ocrx_word' id='word_1_627' title='bbox 3486 4358 3621 4412; x_wconf 76' lang='grc' dir='ltr'>Θεοῦ</span> <span class='ocrx_word' id='word_1_628' title='bbox 3673 4359 3827 4425; x_wconf 77' lang='grc' dir='ltr'>λέγει</span> <span class='ocrx_word' id='word_1_629' title='bbox 3872 4376 3965 4411; x_wconf 82' lang='grc' dir='ltr'><strong>και</strong></span> 
     </span>
    </p>
   </div>
   <div class='ocr_carea' id='block_1_99' title="bbox 2387 4448 3966 4523">
    <p class='ocr_par' dir='ltr' id='par_1_99' title="bbox 2387 4448 3966 4523">
     <span class='ocr_line' id='line_1_99' title="bbox 2387 4448 3966 4523; baseline -0.004 -18"><span class='ocrx_word' id='word_1_630' title='bbox 2387 4453 2485 4515; x_wconf 67' lang='grc' dir='ltr'><strong>τὰς</strong></span> <span class='ocrx_word' id='word_1_631' title='bbox 2534 4452 2754 4515; x_wconf 74' lang='grc' dir='ltr'>ἐντολὰς</span> <span class='ocrx_word' id='word_1_632' title='bbox 2802 4452 3006 4504; x_wconf 78' lang='grc' dir='ltr'>αύτοῦο</span> <span class='ocrx_word' id='word_1_633' title='bbox 3052 4453 3242 4523; x_wconf 83' lang='grc' dir='ltr'>χρόνον</span> <span class='ocrx_word' id='word_1_634' title='bbox 3285 4452 3340 4503; x_wconf 82' lang='grc' dir='ltr'>δὲ</span> <span class='ocrx_word' id='word_1_635' title='bbox 3386 4451 3479 4517; x_wconf 77' lang='grc' dir='ltr'>τῆς</span> <span class='ocrx_word' id='word_1_636' title='bbox 3532 4449 3817 4520; x_wconf 77' lang='grc' dir='ltr'>ἐργασίας,</span> <span class='ocrx_word' id='word_1_637' title='bbox 3874 4448 3966 4500; x_wconf 66' lang='grc' dir='ltr'>τὶν</span> 
     </span>
    </p>
   </div>
   <div class='ocr_carea' id='block_1_100' title="bbox 2392 4539 3965 4613">
    <p class='ocr_par' dir='ltr' id='par_1_100' title="bbox 2392 4539 3965 4613">
     <span class='ocr_line' id='line_1_100' title="bbox 2392 4539 3965 4613; baseline -0.003 -19"><span class='ocrx_word' id='word_1_638' title='bbox 2392 4544 2634 4613; x_wconf 86' lang='grc' dir='ltr'>παρόντα</span> <span class='ocrx_word' id='word_1_639' title='bbox 2672 4542 2815 4611; x_wconf 82' lang='grc' dir='ltr'>βίον·</span> <span class='ocrx_word' id='word_1_640' title='bbox 2866 4542 3105 4613; x_wconf 81' lang='grc' dir='ltr'>ἐργάτας</span> <span class='ocrx_word' id='word_1_641' title='bbox 3154 4542 3209 4593; x_wconf 67' lang='grc' dir='ltr'>δὲ</span> <span class='ocrx_word' id='word_1_642' title='bbox 3260 4542 3549 4611; x_wconf 77' lang='grc' dir='ltr'>διαφόρους</span> <span class='ocrx_word' id='word_1_643' title='bbox 3598 4539 3965 4608; x_wconf 80' lang='grc' dir='ltr'>καλουμένους</span> 
     </span>
    </p>
   </div>
   <div class='ocr_carea' id='block_1_101' title="bbox 2392 4631 3964 4705">
    <p class='ocr_par' dir='ltr' id='par_1_101' title="bbox 2392 4631 3964 4705">
     <span class='ocr_line' id='line_1_101' title="bbox 2392 4631 3964 4705; baseline -0.003 -19"><span class='ocrx_word' id='word_1_644' title='bbox 2392 4636 2483 4687; x_wconf 71' lang='grc' dir='ltr'>ἐπὶ</span> <span class='ocrx_word' id='word_1_645' title='bbox 2514 4635 2581 4687; x_wconf 84' lang='grc' dir='ltr'>τὰ</span> <span class='ocrx_word' id='word_1_646' title='bbox 2614 4635 3011 4705; x_wconf 83' lang='grc' dir='ltr'>προστάγματα</span> <span class='ocrx_word' id='word_1_647' title='bbox 3039 4634 3162 4703; x_wconf 74' lang='grc' dir='ltr'>περὶ</span> <span class='ocrx_word' id='word_1_648' title='bbox 3186 4634 3373 4703; x_wconf 88' lang='grc' dir='ltr'>τρίτην</span> <span class='ocrx_word' id='word_1_649' title='bbox 3399 4636 3490 4684; x_wconf 75' lang='grc' dir='ltr'>καὶ</span> <span class='ocrx_word' id='word_1_650' title='bbox 3510 4632 3675 4700; x_wconf 73' lang='grc' dir='ltr'>ἕκτην</span> <span class='ocrx_word' id='word_1_651' title='bbox 3700 4631 3793 4683; x_wconf 75' lang='grc' dir='ltr'><strong>καὶ</strong></span> <span class='ocrx_word' id='word_1_652' title='bbox 3816 4632 3964 4683; x_wconf 71' lang='grc' dir='ltr'>ἐννά-</span> 
     </span>
    </p>
   </div>
   <div class='ocr_carea' id='block_1_102' title="bbox 2391 4722 3964 4798">
    <p class='ocr_par' dir='ltr' id='par_1_102' title="bbox 2391 4722 3964 4798">
     <span class='ocr_line' id='line_1_102' title="bbox 2391 4722 3964 4798; baseline -0.005 -18"><span class='ocrx_word' id='word_1_653' title='bbox 2391 4745 2489 4798; x_wconf 87' lang='grc' dir='ltr'><strong>την</strong></span> <span class='ocrx_word' id='word_1_654' title='bbox 2515 4727 2662 4796; x_wconf 88' lang='grc' dir='ltr'>ῶραν</span> <span class='ocrx_word' id='word_1_655' title='bbox 2688 4728 2781 4778; x_wconf 77' lang='grc' dir='ltr'>καὶ</span> <span class='ocrx_word' id='word_1_656' title='bbox 2817 4726 3131 4794; x_wconf 80' lang='grc' dir='ltr'>ἑνδεκάτην,</span> <span class='ocrx_word' id='word_1_657' title='bbox 3166 4728 3292 4787; x_wconf 78' lang='grc' dir='ltr'>τοὺς</span> <span class='ocrx_word' id='word_1_658' title='bbox 3322 4726 3378 4776; x_wconf 82' lang='grc' dir='ltr'>ὲν</span> <span class='ocrx_word' id='word_1_659' title='bbox 3405 4724 3681 4794; x_wconf 63' lang='grc' dir='ltr'>διαιρόροις</span> <span class='ocrx_word' id='word_1_660' title='bbox 3723 4722 3964 4793; x_wconf 70' lang='grc' dir='ltr'>ἡλικίαις</span> 
     </span>
    </p>
   </div>
   <div class='ocr_carea' id='block_1_103' title="bbox 2392 4818 3309 4888">
    <p class='ocr_par' dir='ltr' id='par_1_103' title="bbox 2392 4818 3309 4888">
     <span class='ocr_line' id='line_1_103' title="bbox 2392 4818 3309 4888; baseline -0.001 -17"><span class='ocrx_word' id='word_1_661' title='bbox 2392 4820 2789 4888; x_wconf 77' lang='grc' dir='ltr'>προσελθόντας</span> <span class='ocrx_word' id='word_1_662' title='bbox 2818 4818 3309 4888; x_wconf 73' lang='grc' dir='ltr'>εὐδοκιμήσαντας.</span> 
     </span>
    </p>
   </div>
   <div class='ocr_carea' id='block_1_104' title="bbox 2447 4903 3964 4979">
    <p class='ocr_par' dir='ltr' id='par_1_104' title="bbox 2447 4903 3964 4979">
     <span class='ocr_line' id='line_1_104' title="bbox 2447 4903 3964 4979; baseline -0.004 -19"><span class='ocrx_word' id='word_1_663' title='bbox 2447 4909 2520 4960; x_wconf 80' lang='grc' dir='ltr'><strong>Τὸ</strong></span> <span class='ocrx_word' id='word_1_664' title='bbox 2550 4907 2975 4979; x_wconf 79' lang='grc' dir='ltr'>προσκαλεῖσθαι</span> <span class='ocrx_word' id='word_1_665' title='bbox 3008 4910 3098 4959; x_wconf 76' lang='grc' dir='ltr'><strong>τον</strong></span> <span class='ocrx_word' id='word_1_666' title='bbox 3142 4907 3240 4975; x_wconf 81' lang='grc' dir='ltr'><strong>μὲν</strong></span> <span class='ocrx_word' id='word_1_667' title='bbox 3282 4905 3496 4975; x_wconf 84' lang='grc' dir='ltr'>τρίτην,</span> <span class='ocrx_word' id='word_1_668' title='bbox 3534 4905 3627 4955; x_wconf 83' lang='grc' dir='ltr'><strong>τδν</strong></span> <span class='ocrx_word' id='word_1_669' title='bbox 3663 4903 3721 4955; x_wconf 76' lang='grc' dir='ltr'><strong>δὲ</strong></span> <span class='ocrx_word' id='word_1_670' title='bbox 3776 4904 3964 4971; x_wconf 78' lang='grc' dir='ltr'>ἕκτην,</span> 
     </span>
    </p>
   </div>
   <div class='ocr_carea' id='block_1_105' title="bbox 2389 4980 3945 5070">
    <p class='ocr_par' dir='ltr' id='par_1_105' title="bbox 2389 4980 3945 5070">
     <span class='ocr_line' id='line_1_105' title="bbox 2389 4980 3945 5070; baseline -0.005 -16"><span class='ocrx_word' id='word_1_671' title='bbox 2389 5002 2479 5054; x_wconf 74' lang='grc' dir='ltr'>τὸν</span> <span class='ocrx_word' id='word_1_672' title='bbox 2510 5002 2567 5053; x_wconf 78' lang='grc' dir='ltr'>δὲ</span> <span class='ocrx_word' id='word_1_673' title='bbox 2596 5001 2844 5068; x_wconf 78' lang='grc' dir='ltr'>ὲννάτην,</span> <span class='ocrx_word' id='word_1_674' title='bbox 2869 5002 2929 5052; x_wconf 82' lang='grc' dir='ltr'><strong>ού</strong></span> <span class='ocrx_word' id='word_1_675' title='bbox 2951 4998 3336 5070; x_wconf 72' lang='grc' dir='ltr'>προκρίνοντος</span> <span class='ocrx_word' id='word_1_676' title='bbox 3364 4980 3511 5049; x_wconf 63' lang='grc' dir='ltr'>ἔστιν</span> <span class='ocrx_word' id='word_1_677' title='bbox 3543 4996 3768 5057; x_wconf 79' lang='grc' dir='ltr'>ἀδίκως,</span> <span class='ocrx_word' id='word_1_678' title='bbox 3806 4996 3945 5049; x_wconf 77' lang='grc' dir='ltr'>ἀλλᾶ</span> 
     </span>
    </p>
   </div>
   <div class='ocr_carea' id='block_1_106' title="bbox 2390 5080 3964 5158">
    <p class='ocr_par' dir='ltr' id='par_1_106' title="bbox 2390 5080 3964 5158">
     <span class='ocr_line' id='line_1_106' title="bbox 2390 5080 3964 5158; baseline -0.009 -14"><span class='ocrx_word' id='word_1_679' title='bbox 2390 5092 2748 5158; x_wconf 82' lang='grc' dir='ltr'>γινώσκοντος</span> <span class='ocrx_word' id='word_1_680' title='bbox 2790 5092 2877 5143; x_wconf 80' lang='grc' dir='ltr'><strong>ὅτε</strong></span> <span class='ocrx_word' id='word_1_681' title='bbox 2908 5088 3131 5158; x_wconf 76' lang='grc' dir='ltr'>ἔμελλον</span> <span class='ocrx_word' id='word_1_682' title='bbox 3165 5084 3474 5140; x_wconf 73' lang='grc' dir='ltr'>ὑπακοῦσαι</span> <span class='ocrx_word' id='word_1_683' title='bbox 3534 5082 3683 5150; x_wconf 81' lang='grc' dir='ltr'>αὐτῷ</span> <span class='ocrx_word' id='word_1_684' title='bbox 3713 5099 3726 5111; x_wconf 79' lang='grc'><em>’</em></span> <span class='ocrx_word' id='word_1_685' title='bbox 3791 5080 3964 5141; x_wconf 72' lang='grc' dir='ltr'>οὕτως</span> 
     </span>
    </p>
   </div>
   <div class='ocr_carea' id='block_1_107' title="bbox 2394 5171 3964 5248">
    <p class='ocr_par' dir='ltr' id='par_1_107' title="bbox 2394 5171 3964 5248">
     <span class='ocr_line' id='line_1_107' title="bbox 2394 5171 3964 5248; baseline -0.01 -11"><span class='ocrx_word' id='word_1_686' title='bbox 2394 5186 2485 5237; x_wconf 69' lang='grc' dir='ltr'><strong>καὶ</strong></span> <span class='ocrx_word' id='word_1_687' title='bbox 2537 5186 2564 5237; x_wconf 88' lang='grc' dir='ltr'><strong>ό</strong></span> <span class='ocrx_word' id='word_1_688' title='bbox 2622 5182 2833 5245; x_wconf 77' lang='grc' dir='ltr'>Παῦλος</span> <span class='ocrx_word' id='word_1_689' title='bbox 2887 5182 2987 5233; x_wconf 79' lang='grc' dir='ltr'><strong>οὐκ</strong></span> <span class='ocrx_word' id='word_1_690' title='bbox 3035 5184 3099 5233; x_wconf 85' lang='grc' dir='ltr'>ὲκ</span> <span class='ocrx_word' id='word_1_691' title='bbox 3155 5178 3459 5248; x_wconf 83' lang='grc' dir='ltr'>προοιμίων</span> <span class='ocrx_word' id='word_1_692' title='bbox 3509 5174 3797 5241; x_wconf 77' lang='grc' dir='ltr'>ἐκέκλητο.</span> <span class='ocrx_word' id='word_1_693' title='bbox 3849 5171 3964 5223; x_wconf 80' lang='grc' dir='ltr'>ἀλλ’</span> 
     </span>
    </p>
   </div>
   <div class='ocr_carea' id='block_1_108' title="bbox 2390 5263 3965 5345">
    <p class='ocr_par' dir='ltr' id='par_1_108' title="bbox 2390 5263 3965 5345">
     <span class='ocr_line' id='line_1_108' title="bbox 2390 5263 3965 5345; baseline -0.011 -16"><span class='ocrx_word' id='word_1_694' title='bbox 2390 5280 2475 5329; x_wconf 76' lang='grc' dir='ltr'><strong>ὅτε</strong></span> <span class='ocrx_word' id='word_1_695' title='bbox 2496 5276 2717 5345; x_wconf 81' lang='grc' dir='ltr'>ἔμελλεν</span> <span class='ocrx_word' id='word_1_696' title='bbox 2740 5272 3157 5342; x_wconf 79' lang='grc' dir='ltr'>πεισθήσεσθαι·</span> <span class='ocrx_word' id='word_1_697' title='bbox 3191 5272 3272 5323; x_wconf 77' lang='grc' dir='ltr'>ὅτι</span> <span class='ocrx_word' id='word_1_698' title='bbox 3350 5269 3406 5321; x_wconf 79' lang='grc' dir='ltr'>δὲ</span> <span class='ocrx_word' id='word_1_699' title='bbox 3441 5268 3648 5328; x_wconf 83' lang='grc' dir='ltr'>πάντας</span> <span class='ocrx_word' id='word_1_700' title='bbox 3678 5264 3873 5334; x_wconf 72' lang='grc' dir='ltr'>ἧθελεν</span> <span class='ocrx_word' id='word_1_701' title='bbox 3911 5263 3965 5327; x_wconf 71' lang='grc' dir='ltr'>ἐξ</span> 
     </span>
    </p>
   </div>
   <div class='ocr_carea' id='block_1_109' title="bbox 2392 5352 3963 5439">
    <p class='ocr_par' dir='ltr' id='par_1_109' title="bbox 2392 5352 3963 5439">
     <span class='ocr_line' id='line_1_109' title="bbox 2392 5352 3963 5439; baseline -0.013 -17"><span class='ocrx_word' id='word_1_702' title='bbox 2392 5360 2564 5439; x_wconf 74' lang='grc' dir='ltr'>ἀρχῆς</span> <span class='ocrx_word' id='word_1_703' title='bbox 2611 5366 3006 5437; x_wconf 81' lang='grc' dir='ltr'>μισθώσασθαι,</span> <span class='ocrx_word' id='word_1_704' title='bbox 3086 5362 3233 5430; x_wconf 78' lang='grc' dir='ltr'>λέγει</span> <span class='ocrx_word' id='word_1_705' title='bbox 3299 5361 3393 5412; x_wconf 73' lang='grc' dir='ltr'><strong>καὶ</strong></span> <span class='ocrx_word' id='word_1_706' title='bbox 3440 5360 3471 5429; x_wconf 78' lang='grc' dir='ltr'>ὴ</span> <span class='ocrx_word' id='word_1_707' title='bbox 3544 5354 3853 5425; x_wconf 64' lang='grc' dir='ltr'>παραϐολὴ,</span> <span class='ocrx_word' id='word_1_708' title='bbox 3889 5352 3963 5403; x_wconf 76' lang='grc' dir='ltr'>ὅτι</span> 
     </span>
    </p>
   </div>
   <div class='ocr_carea' id='block_1_110' title="bbox 2404 5444 3963 5528">
    <p class='ocr_par' dir='ltr' id='par_1_110' title="bbox 2404 5444 3963 5528">
     <span class='ocr_line' id='line_1_110' title="bbox 2404 5444 3963 5528; baseline -0.013 -13"><span class='ocrx_word' id='word_1_709' title='bbox 2404 5461 2695 5528; x_wconf 70' lang='grc' dir='ltr'><strong>Ἐξῆλθεν</strong></span> <span class='ocrx_word' id='word_1_710' title='bbox 2736 5459 2840 5511; x_wconf 87' lang='grc' dir='ltr'>τοῦ</span> <span class='ocrx_word' id='word_1_711' title='bbox 2857 5454 3301 5526; x_wconf 81' lang='grc' dir='ltr'>μισθώσασθαι.</span> <span class='ocrx_word' id='word_1_712' title='bbox 3324 5452 3414 5505; x_wconf 72' lang='grc' dir='ltr'><strong>καὶ</strong></span> <span class='ocrx_word' id='word_1_713' title='bbox 3440 5453 3521 5503; x_wconf 82' lang='grc' dir='ltr'><strong>ὅτι</strong></span> <span class='ocrx_word' id='word_1_714' title='bbox 3544 5452 3750 5509; x_wconf 73' lang='grc' dir='ltr'>ἐκεῖνος</span> <span class='ocrx_word' id='word_1_715' title='bbox 3777 5444 3963 5515; x_wconf 69' lang='grc' dir='ltr'>ἧθελεν</span> 
     </span>
    </p>
   </div>
   <div class='ocr_carea' id='block_1_111' title="bbox 2396 5539 3833 5623">
    <p class='ocr_par' dir='ltr' id='par_1_111' title="bbox 2396 5539 3833 5623">
     <span class='ocr_line' id='line_1_111' title="bbox 2396 5539 3833 5623; baseline -0.011 -17"><span class='ocrx_word' id='word_1_716' title='bbox 2396 5552 2733 5623; x_wconf 81' lang='grc' dir='ltr'>μισθωθῆναι</span> <span class='ocrx_word' id='word_1_717' title='bbox 2797 5551 2981 5617; x_wconf 81' lang='grc' dir='ltr'>λέγει·</span> <span class='ocrx_word' id='word_1_718' title='bbox 3025 5544 3233 5610; x_wconf 80' lang='grc' dir='ltr'>Οὐδεὶς</span> <span class='ocrx_word' id='word_1_719' title='bbox 3254 5542 3410 5613; x_wconf 70' lang='grc' dir='ltr'>ἡμᾶς</span> <span class='ocrx_word' id='word_1_720' title='bbox 3434 5539 3833 5611; x_wconf 81' lang='grc' dir='ltr'>ἐμισθώσατο.</span> 
     </span>
    </p>
   </div>
   <div class='ocr_carea' id='block_1_112' title="bbox 2448 5650 3962 5728">
    <p class='ocr_par' dir='ltr' id='par_1_112' title="bbox 2448 5650 3962 5728">
     <span class='ocr_line' id='line_1_112' title="bbox 2448 5650 3962 5728; baseline -0.01 -14"><span class='ocrx_word' id='word_1_721' title='bbox 2448 5662 2521 5715; x_wconf 76' lang='grc' dir='ltr'><strong>Τὸ</strong></span> <span class='ocrx_word' id='word_1_722' title='bbox 2569 5660 2730 5721; x_wconf 71' lang='grc' dir='ltr'>εὐθὺς</span> <span class='ocrx_word' id='word_1_723' title='bbox 2780 5657 2915 5726; x_wconf 75' lang='grc' dir='ltr'>μετὰ</span> <span class='ocrx_word' id='word_1_724' title='bbox 2963 5656 3063 5728; x_wconf 81' lang='grc' dir='ltr'><strong>τὴν</strong></span> <span class='ocrx_word' id='word_1_725' title='bbox 3138 5653 3455 5722; x_wconf 80' lang='grc' dir='ltr'>παραϐολὴν</span> <span class='ocrx_word' id='word_1_726' title='bbox 3515 5650 3836 5718; x_wconf 81' lang='grc' dir='ltr'>λεγόμενον,</span> <span class='ocrx_word' id='word_1_727' title='bbox 3886 5651 3962 5701; x_wconf 82' lang='grc' dir='ltr'>ὅτι</span> 
     </span>
    </p>
   </div>
   <div class='ocr_carea' id='block_1_113' title="bbox 2398 5742 3962 5819">
    <p class='ocr_par' dir='ltr' id='par_1_113' title="bbox 2398 5742 3962 5819">
     <span class='ocr_line' id='line_1_113' title="bbox 2398 5742 3962 5819; baseline -0.008 -14"><span class='ocrx_word' id='word_1_728' title='bbox 2398 5754 2591 5819; x_wconf 77' lang='grc' dir='ltr'>οὕτως</span> <span class='ocrx_word' id='word_1_729' title='bbox 2610 5753 2852 5806; x_wconf 83' lang='grc' dir='ltr'>ἔσονται</span> <span class='ocrx_word' id='word_1_730' title='bbox 2879 5752 2933 5803; x_wconf 79' lang='lat' dir='ltr'><strong>ot</strong></span> <span class='ocrx_word' id='word_1_731' title='bbox 2950 5750 3196 5817; x_wconf 82' lang='grc' dir='ltr'>ἔσχατοι</span> <span class='ocrx_word' id='word_1_732' title='bbox 3224 5745 3465 5815; x_wconf 75' lang='grc' dir='ltr'>πρῶτοι,</span> <span class='ocrx_word' id='word_1_733' title='bbox 3487 5744 3547 5795; x_wconf 76' lang='grc' dir='ltr'><strong>ού</strong></span> <span class='ocrx_word' id='word_1_734' title='bbox 3566 5744 3646 5795; x_wconf 80' lang='grc' dir='ltr'><strong>δεῖ</strong></span> <span class='ocrx_word' id='word_1_735' title='bbox 3669 5742 3962 5811; x_wconf 71' lang='grc' dir='ltr'>θαυμάζειν</span> 
     </span>
    </p>
   </div>
   <div class='ocr_carea' id='block_1_114' title="bbox 2393 5834 3959 5915">
    <p class='ocr_par' dir='ltr' id='par_1_114' title="bbox 2393 5834 3959 5915">
     <span class='ocr_line' id='line_1_114' title="bbox 2393 5834 3959 5915; baseline -0.01 -15"><span class='ocrx_word' id='word_1_736' title='bbox 2393 5848 2467 5910; x_wconf 80' lang='grc' dir='ltr'>ὡς</span> <span class='ocrx_word' id='word_1_737' title='bbox 2498 5846 2569 5915; x_wconf 82' lang='grc' dir='ltr'><strong>μὴ</strong></span> <span class='ocrx_word' id='word_1_738' title='bbox 2599 5843 2961 5913; x_wconf 78' lang='grc' dir='ltr'>συναγόμενον</span> <span class='ocrx_word' id='word_1_739' title='bbox 2982 5842 3045 5895; x_wconf 74' lang='grc' dir='ltr'>ὲκ</span> <span class='ocrx_word' id='word_1_740' title='bbox 3066 5842 3161 5911; x_wconf 79' lang='grc' dir='ltr'>τῆς</span> <span class='ocrx_word' id='word_1_741' title='bbox 3198 5835 3529 5908; x_wconf 78' lang='grc' dir='ltr'>παραϐολῆς,</span> <span class='ocrx_word' id='word_1_742' title='bbox 3560 5834 3695 5888; x_wconf 72' lang='grc' dir='ltr'>ἀλλὰ</span> <span class='ocrx_word' id='word_1_743' title='bbox 3729 5836 3811 5889; x_wconf 74' lang='grc' dir='ltr'><strong>δεῖ</strong></span> <span class='ocrx_word' id='word_1_744' title='bbox 3831 5835 3959 5886; x_wconf 64' lang='grc' dir='ltr'>νοεῖν</span> 
     </span>
    </p>
   </div>
  </div>
