4220 6432
266 514 349 564 ὅτι
372 512 559 580 ὥσπερ
582 512 732 563 τοῦτο
763 530 822 564 συ
839 513 955 568 ,σέϐη

270 619 442 656 σεται.

335 692 455 762 Χρὴ
487 693 686 747 εἰδέναι
748 695 830 747 ὅτι
856 696 910 747 αἱ
963 697 1258 766 παραϐολα·
1304 691 1460 751 α’ίται
1517 698 1627 753 οἷον
1661 703 1694 771 ή
1730 701 1838 754 τῶν

268 781 576 849 παρθένων,
604 785 637 853 ἡ
669 784 764 853 τῆς
792 787 1052 856 σαγήνης,
1113 791 1144 857 ἡ
1195 791 1302 841 των
1358 792 1630 856 ἀκανθῶν,
1678 795 1710 861 ἡ
1743 791 1838 845 τοῦ

267 871 484 940 δένδρου
531 873 626 926 τοῦ
668 874 941 946 ἀκάρπου,
973 879 1072 948 τὴν
1103 881 1210 933 ἀπὸ
1258 882 1362 933 τίεν
1408 882 1583 953 ἔργων
1639 886 1841 956 ἀρετήν

267 963 636 1032 ἐπιζητοῦσιν.

338 1077 436 1129 Διὰ
460 1078 515 1129 τί
552 1079 693 1147 μετὰ
721 1081 989 1151 τοσαύτης
1047 1087 1365 1152 περιουσίας
1418 1089 1512 1140 νῦν
1572 1090 1841 1143 ἐπιϐαίνει

269 1168 379 1228 τοῖς
418 1165 843 1239 Ἰεροσολύμοις;
889 1173 1040 1226 Ἐπεὶ
1085 1174 1206 1226 τότε
1272 1180 1369 1246 μὲν
1449 1180 1712 1249 προοίμια
1769 1176 1839 1251 ἦν

270 1259 602 1329 οἰκονομίας,
628 1261 721 1314 νῦν
769 1264 824 1316 δὲ
847 1265 936 1316 ὅτε
965 1264 1063 1334 τῆς
1089 1267 1254 1319 αὑτοῦ
1301 1269 1585 1338 δυνάμεως
1645 1275 1868 1343 πεῖραν-ν

270 1349 460 1412 ἔδωκε,
490 1352 626 1420 μετὰ
655 1354 898 1417 πλείονος
922 1358 1278 1426 περιφανείας
1309 1360 1522 1429 ἔρχεται
1545 1379 1558 1390 ·
1595 1365 1718 1415 ἐπεὶ
1750 1366 1843 1418 καὶ

268 1443 296 1492 ὁ
329 1445 557 1512 σταυρὸς
585 1447 642 1496 ἐν
672 1444 864 1515 θύραις
896 1443 986 1518 ἦν,
1018 1449 1086 1502 τὰ
1112 1449 1377 1519 μέλλοντα
1425 1455 1606 1518 αὐτοῖς
1659 1456 1843 1510 ἑκϐαί.

269 1549 382 1584 νειν
409 1535 899 1612 ἐπιδεικνύμενος.
1850 1565 1880 1582 ⁸⁸

330 1613 428 1674 Διὰ
452 1622 566 1676 τίοί
586 1626 691 1678 υἱοὶ
723 1626 1008 1681 Ζεσεδαίου
1032 1630 1331 1701 προσῆλθον
1360 1633 1510 1703 αὐτῷ
1558 1635 1686 1703 περὶ
1715 1652 1844 1703 προ-

270 1710 455 1781 εδρίας
490 1714 898 1785 διαλεγόμενοι;
934 1719 1176 1791 Ἐπειδὴ,
1200 1722 1382 1783 καθώς
1437 1741 1603 1792 φησιν
1655 1726 1843 1796 ἔτερος

270 1803 680 1877 εὐαγγελιστὴς,
714 1809 804 1862 διὰ
832 1812 892 1862 τὺ
922 1812 1088 1880 ἐγγὺς
1143 1809 1282 1868 εἶναι
1326 1815 1424 1886 τὴν
1467 1816 1839 1887 Ἰερουσαλὴμ,

268 1897 416 1950 δοκεῖ
440 1901 521 1952 ὅτι
552 1899 645 1954 καὶ
679 1902 710 1970 ἠ
745 1901 989 1971 βασιλεία
1020 1907 1184 1959 αὑτοῦ
1211 1907 1374 1974 ἐγγύς
1413 1910 1592 1961 ἐστιν·
1649 1912 1696 1962 εἰ
1725 1910 1781 1962 δὲ
1814 1910 1841 1961 ό

269 1987 659 2061 εὐαγγελιστὴς
685 1987 837 2054 οὗτος
861 1994 989 2064 περὶ
1021 1996 1119 2064 τῆς
1151 1998 1356 2069 μητρὸς
1382 2000 1560 2053 αὐτῶν
1581 2001 1729 2068 λέγει
1759 2001 1841 2054 ὅτι

269 2079 403 2147 αὑτὴ
432 2082 690 2150 ᾐτήσατο,
734 2083 811 2148 ὡς
859 2082 919 2148 ἐξ
972 2085 1299 2158 ἀμφοτέρων
1341 2091 1631 2159 γενόμενον
1688 2089 1842 2144 τοῦτο

268 2166 442 2234 εἶπεν,
479 2173 564 2226 ἵνα
590 2175 752 2228 πλέον
806 2176 1138 2249 δυσωπηθῇ·
1191 2181 1485 2252 ᾐσχύνοντο
1535 2185 1642 2254 γὰρ
1693 2183 1841 2254 μόνοι

271 2261 427 2316 τοῦτο
449 2265 649 2333 λέγειν.

331 2373 404 2426 Τὸ
435 2377 609 2430 εἰπεῖν
641 2379 823 2443 αὐτὸν,
877 2385 998 2438 Οὐκ
1040 2386 1240 2441 οἴδατε
1267 2388 1323 2440 τί
1380 2386 1658 2450 αἰτεῖσθε,
1721 2388 1842 2440 ἀντὶ

270 2465 385 2533 τοῦ,
417 2466 570 2520 οὐδὲν
611 2476 999 2543 πνευματικὸν,
1040 2478 1224 2545 φησίν.
1259 2478 1321 2531 Ei
1366 2478 1422 2532 δὲ
1466 2480 1712 2549 καὶπερὶ
1744 2479 1842 2547 τῆς

270 2558 384 2612 ἄνω
415 2559 573 2630 δόξης
611 2563 795 2632 ᾔτουν,
831 2567 950 2620 οὐδὲ
979 2569 1150 2632 οὕτως
1186 2569 1366 2633 καλῶς
1414 2570 1596 2641 ᾔτουν.
1647 2571 1759 2640 Τὴν
1787 2570 1844 2622 δὲ

270 2654 562 2723 προεδρίαν
588 2659 811 2726 ἐζήτουν
837 2659 944 2712 τῶν
963 2661 1157 2727 ἄλλων,
1182 2663 1367 2732 ἐπειδὴ
1392 2660 1671 2727 είπεν,’ὅτι
1699 2666 1846 2717 Καθ-

272 2742 458 2796 ιεῖσθε
506 2745 605 2797 ἐπὶ
633 2746 861 2800 δώδεκα
888 2750 1163 2816 θρόνους,
1191 2752 1266 2821 μὴ
1294 2752 1613 2821 νομίσαντες
1634 2752 1715 2816 τὸ,
1750 2756 1844 2806 Δο-

271 2835 629 2904 ξασθήσεσθε,
657 2839 724 2891 δι’
752 2840 975 2910 ἀρετὴν,
1004 2841 1139 2894 ἀλλὰ
1163 2843 1247 2906 τὸ,
1281 2841 1518 2896 Καθίσαι
1540 2859 1552 2872 ·
1586 2843 1682 2897 καὶ
1719 2844 1841 2914 κρί-

272 2942 474 2989 νοντες,
502 2929 576 2998 μὴ
602 2931 892 3000 νοήσαντες
937 2934 1015 2997 τὸ,
1076 2933 1532 3004 Κατακρίνοντες,
1568 2936 1704 2988 ἀλλὰ
1759 2935 1840 3000 τὺ,

273 3016 615 3083 Δικάζοντες.

1262 408 1577 464 ςςαιιιιωΑ
1623 411 1912 468 VETEHA
1959 411 2032 468 IN
2080 410 2542 468 MA'l"l‘ll.EUM.

1021 532 1200 582 ‘t‘7‘.t"~,.
1229 521 1394 578 “nec”,
1427 521 1646 570 κάκεῖνο
1682 523 1836 589 γενή-
1870 525 1913 581 Α
1943 534 2067 588 gere
2119 518 2266 587 quia,
2301 519 2440 572 sicut
2475 518 2606 572 illud
2639 533 2687 570 at

1870 525 1913 581 Α
1943 534 2067 588 gere
2119 518 2266 587 quia,
2301 519 2440 572 sicut
2475 518 2606 572 illud
2639 517 2858 581 accidit,
2908 518 2986 571 sic
3037 527 3088 572 et
3137 518 3237 571 hoc
3295 535 3510 590 quoque

3376 411 3512 475 11-12

1939 614 2049 666 lict.

2009 705 2235 775 Oportet
2268 706 2409 760 scire
2459 705 2556 760 has
2605 705 2915 775 parabolas,
2955 705 3149 774 quales
3183 716 3312 760 sunt
3351 706 3514 774 virgi-

1941 812 2093 856 num,
2126 811 2360 865 sagente,
2413 795 2713 863 spinarum,
2751 805 2845 851 aut
2878 795 3090 850 arboris
3128 795 3334 850 sterilis
3358 833 3373 859 ,
3405 795 3517 847 vir-

1940 894 2109 939 tutcm
2143 887 2210 940 ab
2237 885 2498 956 operibus
2528 886 2762 954 exigere.

2015 1085 2180 1141 Vens.
2220 1088 2303 1141 l7.
2330 1089 2440 1143 Cur
2471 1103 2591 1143 cum
2630 1096 2781 1141 tanto
2809 1091 3066 1144 comitatu
3098 1103 3244 1143 nunc
3268 1087 3518 1142 ascendit

1945 1179 2411 1250 Hierosolymam?
2462 1181 2598 1235 Cum
2669 1190 2798 1235 tunc
2860 1181 3079 1249 quidem
3140 1182 3294 1235 initia
3351 1185 3510 1233 erant

1945 1273 2379 1342 praedicationis,
2425 1289 2567 1327 nunc
2617 1282 2836 1334 autem,
2897 1287 3021 1324 cum
3065 1287 3177 1325 suae
3230 1270 3514 1340 potestatis

1946 1364 2297 1432 probationes
2338 1362 2504 1428 dedit,
2564 1378 2685 1416 cum
2747 1364 2953 1432 majore
3003 1362 3288 1429 splendore
3341 1362 3513 1415 venit.

1947 1454 2078 1508 Nam
2108 1463 2162 1506 et
2193 1469 2324 1507 crux
2368 1453 2615 1522 proxima
2645 1464 2780 1517 erat,
2816 1468 2937 1524 qua:
2971 1453 3077 1507 illis
3102 1453 3318 1507 evenire
3348 1453 3514 1506 debe-

1946 1543 2078 1598 bant
2107 1543 2418 1596 ostendens.

2019 1632 2176 1686 Vsus.
2204 1631 2294 1686 20.
2330 1634 2441 1686 Cur
2473 1634 2568 1688 lilii
2596 1634 2844 1689 Zebed.ei
2879 1636 2944 1689 ad
2969 1636 3120 1688 illum
3158 1641 3517 1688 accesserunt

1947 1726 2014 1779 de
2045 1727 2449 1796 przeeminentia
2476 1729 2818 1797 alloquentes
2849 1727 2872 1780 ἲ
2907 1726 3069 1791 Quia,
3101 1734 3160 1778 ut
3207 1723 3342 1778 dicit
3373 1724 3515 1776 alius

1949 1819 2306 1887 evangelista,
2347 1814 2821 1890 apprOpinquahat
2847 1814 3265 1887 Hierosolymis,
3301 1813 3516 1868 videtur

1948 1910 2072 1978 quia
2097 1925 2321 1980 regnum
2348 1910 2468 1980 ejus
2524 1925 2691 1979 prope
2716 1917 2860 1964 est:
2914 1908 2958 1962 si
3018 1922 3145 1961 vero
3187 1903 3520 1973 evangelista

1945 2001 2045 2055 iste
2067 2002 2132 2054 de
2172 2012 2342 2055 matre
2376 2017 2566 2056 eorum
2593 2000 2726 2054 dicit
2764 1998 2910 2068 quod
2947 1998 3062 2067 ipsa
3091 1995 3328 2068 petierit,
3359 1995 3519 2062 quasi

1942 2107 2006 2145 ex
2039 2093 2296 2164 utrinque
2343 2092 2538 2148 factam
2563 2108 2684 2148 esse
2703 2093 3018 2162 petitionem
3048 2088 3243 2150 innuit,
3265 2097 3323 2140 ut
3349 2083 3523 2154 magis

1945 2183 2119 2253 turpis
2177 2183 2470 2248 videatur;
2535 2184 2769 2251 pudebat
2823 2182 2970 2236 enim
3037 2180 3160 2234 illos
3187 2177 3335 2234 solos
3389 2177 3516 2231 talia

1943 2277 2149 2332 dicere.

2020 2388 2182 2443 Vens.
2209 2388 2299 2442 ἓξ.
2331 2387 2456 2444 lizec
2488 2388 2672 2452 verba,
2733 2386 2962 2441 Nescitis
2992 2386 3116 2456 quid
3148 2384 3365 2454 petatis,
3400 2397 3521 2452 pro,

1948 2479 2084 2533 nihil
2116 2480 2404 2550 spirituale
2424 2481 2628 2550 petitis,
2677 2481 2922 2535 adhibet.
2962 2478 3021 2533 Si
3073 2493 3202 2532 vero
3225 2478 3292 2533 de
3342 2477 3516 2548 gloria

1946 2572 2158 2626 caelesti
2207 2572 2548 2642 petivissent,
2615 2589 2721 2626 non
2776 2572 3000 2641 pulchre
3044 2571 3115 2625 ita
3178 2570 3517 2640 petivissent;

1947 2660 2410 2730 praeminentiam
2452 2671 2631 2714 autem
2697 2661 3020 2729 expetebant
3059 2675 3166 2728 prae
3202 2657 3345 2722 aliis,
3386 2673 3524 2728 quo-

1948 2751 2093 2804 niam
2117 2749 2292 2802 dixit:
2316 2747 2574 2802 Sedebitis
2607 2767 2762 2817 super
2789 2749 2934 2804 sedes
2967 2749 3262 2814 duodecim,
3292 2763 3400 2802 non
3437 2748 3524 2802 in-

1948 2840 2249 2910 telligentes
2292 2840 2447 2906 illud,
2498 2841 2955 2911 gloriﬁcabimiui,
2986 2840 3055 2894 ob
3079 2840 3362 2904 virtutem,
3424 2839 3519 2894 sed

1948 2932 2019 2985 ob
2049 2932 2212 2986 altam
2244 2932 2426 2987 sedem
2455 2950 2470 2998 ;
2502 2941 2576 2998 et,
2597 2933 2751 2995 illud,
2787 2932 3115 3002 iudicantes,
3172 2947 3278 2985 non
3321 2929 3523 2984 intelli-

1948 3034 2138 3093 gentes
2175 3033 2233 3079 ut
2264 3025 2710 3088 condemnantes,
2740 3024 2832 3079 sed
2867 3032 2925 3078 ut
2951 3022 3221 3093 judicium
3256 3036 3520 3077 exercen-

1951 3122 2055 3167 tes.

347 3220 440 3285 Τὸ,
479 3222 747 3276 Δύνασθε
797 3223 865 3275 τὸ
924 3224 1231 3292 ποτήριον.
1267 3227 1297 3278 ὃ
1321 3227 1436 3295 ἐγὼ
1478 3228 1632 3281 πίνω
1662 3229 1840 3291 πιεῖν,
1875 3201 1920 3262 C

1875 3201 1920 3262 Ο
2027 3220 2257 3275 Potestis
2280 3224 2450 3277 bibere
2480 3223 2696 3277 calicem
2745 3239 2897 3292 quem
2944 3239 3034 3292 ego
3065 3223 3326 3275 bibiturus
3370 3221 3525 3274 sunt?

272 3308 371 3371 τὰς
414 3310 628 3378 σφαγὰς
662 3311 754 3365 καὶ
774 3312 869 3375 τὰς
909 3313 1175 3382 βασάνους
1233 3314 1496 3383 λέγεικαὶ
1544 3319 1604 3369 τὸ
1639 3318 1849 3388 μαρτύ-

275 3414 423 3467 ριον·
465 3402 729 3470 ποτήριον
760 3403 818 3454 δὲ
850 3398 1003 3455 εἶπεν
1037 3406 1192 3467 αὐτὸ,
1255 3407 1343 3460 ἵνα
1396 3408 1846 3479 προθυμοτέρους

273 3489 476 3559 ποιήσῃ
504 3489 582 3558 τῷ
598 3489 802 3559 εὐκόλῳ
819 3490 910 3542 τοῦ
941 3492 1120 3559 λόγου,
1141 3496 1229 3547 καὶ
1255 3493 1388 3564 πρὸς
1412 3498 1602 3553 ἑαυτὸν
1622 3499 1849 3568 ἐφελκύ-

273 3591 434 3645 σηται
466 3595 480 3608 ·
510 3581 604 3631 καὶ
632 3580 912 3650 βάπτισμα
946 3583 1001 3636 δὲ
1025 3587 1157 3638 ttst
1207 3588 1383 3655 καλεῖ,
1423 3590 1499 3652 ὡς
1549 3591 1849 3663 καθάρσιον

273 3670 370 3734 τῆς
410 3671 755 3741 οἰκουμένης.

328 3762 436 3814 Καὶ
466 3764 580 3825 πῶς
608 3765 774 3833 λέγει,
799 3771 920 3821 Οὐκ
945 3772 1119 3823 ἐστιν
1140 3772 1286 3840 ἐμὸν
1302 3773 1551 3840 δοῦναι;
1586 3779 1848 3851 Ἐπείπερ

272 3851 372 3902 οὐκ
400 3851 545 3902 εστιν
567 3852 690 3905 οὔτε
717 3856 924 3908 ὲκεῖθεν
951 3858 1172 3929 τοιαύτη
1208 3862 1445 3933 καθέδρα
1472 3880 1485 3894 ·
1517 3866 1549 3936 ἦ
1579 3867 1738 3936 δῆλον
1765 3870 1848 3922 ὅτι

275 3943 411 4012 πρὸς
439 3944 536 4014 τὴν
558 3947 813 4001 ὑπόνοιαν
839 3949 984 4016 λέγει
1017 3955 1484 4018 συγκαταϐαίνων.
1509 3959 1583 4011 Τὸ
1625 3960 1704 4025 δὲ,
1748 3957 1848 4028 Οἷς

273 4034 651 4103 ἡτοίμασται,
685 4041 748 4092 ὲκ
779 4041 888 4092 τῶν
913 4042 1092 4093 πόνων
1120 4045 1210 4095 καὶ
1245 4047 1352 4098 τῶν
1380 4048 1620 4117 ἱδρώτων
1643 4069 1656 4083 ο
1692 4054 1849 4107 τοῦτο

273 4127 330 4179 δὲ
370 4128 471 4181 οὐκ
523 4129 774 4183 ἐκϐάλλει
805 4132 909 4195 ἔξω
937 4135 1036 4202 τὴν
1061 4135 1328 4201 ἐξουσίαν,
1370 4138 1504 4193 ἀλλά
1538 4141 1598 4194 τὸ
1642 4143 1849 4198 δίκαιον

275 4220 442 4272 αὐτοῦ
483 4221 774 4276 δείκνυσιν.
808 4225 927 4277 Ὀτι
961 4226 1018 4277 δὲ
1065 4228 1314 4293 ἐξουσίαν
1371 4231 1504 4300 ἔχει,
1565 4235 1798 4289 ἄκουσον
1830 4254 1844 4267 ο

288 4311 436 4377 Ἐγὼ
470 4311 536 4366 δέ
574 4329 673 4366 σοι
712 4314 883 4369 δώσω
913 4318 1017 4383 τὰς
1070 4320 1235 4385 κλεῖς
1266 4320 1385 4374 τῶν
1410 4324 1684 4390 οὐρανῶν
1705 4341 1717 4354 ·
1754 4328 1848 4380 καὶ

274 4403 302 4452 ὁ
335 4401 544 4465 Παῦλος
592 4405 650 4457 δὲ
678 4406 819 4460 οὕτω
841 4409 1015 4477 δηλῶν
1046 4409 1259 4476 ἔλεγεν·
1293 4414 1849 4488 Λοιπὸνοπόκειταί

267 4507 371 4560 μοι
407 4496 441 4545 ό
476 4493 586 4562 τῆς
632 4495 1022 4564 δικαιοσύνης
1071 4500 1394 4568 στέφανος,
1434 4505 1506 4557 ὅν
1545 4507 1845 4560 ἀποδώσει

1882 4554 1924 4608 1)

1957 3313 2266 3376 violentias,
2297 3324 2350 3368 et
2382 3315 2689 3378 cruciatus,
2746 3325 2801 3370 et
2851 3313 3176 3385 martyrium
3232 3313 3523 3384 signiﬁcat.

1956 3409 2193 3462 Calicem
2224 3419 2407 3462 autem
2435 3420 2593 3464 vorat
2637 3409 2804 3473 istud,
2861 3416 2920 3462 ut
2975 3407 3192 3462 animos
3247 3407 3419 3476 magis
3448 3406 3527 3460 eis

1956 3500 2120 3554 addat
2153 3502 2423 3556 sermonis
2448 3502 2690 3566 lenitate,
2726 3511 2781 3556 et
2833 3501 2900 3555 ad
2940 3517 2998 3556 se
3028 3515 3127 3555 eos
3163 3500 3442 3566 attrahat;
3473 3507 3528 3553 et

1956 3593 2225 3662 baptisma
2261 3594 2393 3649 illud
2429 3604 2606 3659 vocat,
2636 3594 2789 3664 quasi
2820 3594 2968 3650 orbis
3000 3593 3243 3648 lustrale.

2028 3779 2192 3833 Vsus.
2214 3779 2304 3833 25.
2339 3777 2402 3833 Et
2426 3779 2699 3849 quomodo
2735 3778 2904 3844 dicit;
2936 3795 3035 3832 non
3063 3789 3138 3834 est
3169 3794 3335 3831 meum
3362 3779 3531 3831 dare?

1957 3869 2220 3939 siquidem
2257 3882 2363 3922 uou
2396 3877 2479 3922 est
2517 3883 2585 3922 ne
2612 3869 2720 3922 illic
2753 3867 2970 3937 quidem
3007 3868 3131 3923 talis
3179 3867 3337 3922 sedes
3367 3883 3381 3931 ;
3439 3876 3532 3920 aut

1958 3971 2105 4030 patet
2139 3961 2292 4015 illum
2345 3960 2411 4014 ad
2467 3960 2779 4028 allegoriam
2841 3960 3116 4029 loquendo
3164 3958 3532 4015 descendisse.

1959 4051 2092 4106 Illud
2156 4061 2360 4114 autem,
2405 4049 2605 4115 Quibus
2670 4061 2920 4120 paratum
2966 4061 3064 4117 est,
3122 4066 3218 4119 per
3289 4050 3530 4111 labores,

1956 4152 2108 4211 puta,
2139 4151 2194 4196 et
2223 4141 2449 4195 sudores
2478 4157 2490 4192 :
2527 4141 2631 4195 hoc
2662 4156 2790 4194 vero
2827 4156 2932 4194 nou
2995 4139 3115 4209 ejus
3144 4141 3338 4195 adimit
3380 4151 3532 4211 pote-

1957 4243 2172 4298 statem,
2191 4233 2283 4288 sed
2305 4233 2425 4302 ejus
2435 4232 2707 4301 justitiam
2732 4231 2951 4286 exhibet
2975 4249 2990 4295 ;
3023 4231 3166 4301 quod
3189 4232 3333 4285 enim
3376 4241 3532 4301 pote-

1957 4332 2150 4378 statem
2189 4322 2402 4387 habeat,
2447 4321 2569 4376 audi
2609 4337 2621 4373 :
2659 4319 2769 4389 Ego
2821 4330 2997 4374 autent
3050 4319 3143 4373 tibi
3182 4321 3320 4374 dabo
3361 4321 3528 4373 dares

1959 4414 2100 4482 regni
2119 4411 2365 4465 caelorum
2389 4429 2408 4475 ;
2432 4421 2483 4465 et
2510 4408 2714 4464 Paulus
2735 4409 2877 4464 idem
2903 4409 3152 4463 indicans
3169 4408 3325 4461 dixit:
3355 4405 3420 4459 In
3446 4425 3530 4460 re-

1959 4504 2100 4573 liquo
2127 4503 2354 4571 reposita
2379 4511 2458 4555 est
2477 4501 2606 4554 mihi
2626 4517 2822 4553 corona
2844 4500 3093 4568 justitiae,
3144 4515 3303 4568 quam
3352 4498 3528 4550 reddet

272 4600 371 4651 μοι
423 4587 660 4654 Κύριος,
717 4590 814 4643 καί
873 4589 1063 4646 πᾶσιν
1119 4594 1236 4660 τοῖς
1287 4595 1668 4665 ἠγαπηκόσιν
1736 4597 1850 4664 τὴν
1885 4587 1923 4608 ν

1885 4587 1923 4608 ¹¹
1955 4597 2083 4649 mihi
2147 4595 2422 4658 Dominus,
2468 4606 2516 4647 et
2562 4595 2800 4647 omnibus
2837 4593 2925 4662 qui
2978 4593 3206 4662 diligunt
3251 4593 3528 4646 adventum

271 4677 628 4744 ἐπιφάνειαν
668 4682 875 4737 αὑτοῦ.

334 4792 396 4844 Εἰ
437 4793 487 4843 οι
537 4793 630 4846 δύο
669 4796 778 4847 τῶν
810 4797 943 4849 δέκα
984 4797 1455 4864 κατεξανίσταντο,
1502 4802 1596 4854 καὶ
1635 4804 1686 4854 οί
1718 4803 1849 4856 δέκα

273 4884 534 4953 ἐφθόνουν
579 4889 689 4949 τοῖς
717 4888 889 4952 δυσὶν,
937 4891 997 4942 οὐ
1029 4891 1134 4962 χρὴ
1161 4892 1218 4944 δὲ
1246 4891 1403 4945 τοῦτο
1441 4896 1682 4960 σκοπεῖν,
1715 4895 1848 4948 ἀλλά

273 4977 339 5028 τὰ
371 4976 653 5030 τελευταῖα
682 4978 880 5033 αὐτῶν.

339 5068 439 5121 Διὰ
472 5069 521 5121 τί
578 5070 872 5140 συνεχώρει
926 5073 1157 5142 Χριστὸς
1221 5075 1667 5145 ἐπιστομίζεσθαι
1723 5080 1849 5142 τοὺς

271 5160 505 5225 τυφλοὺς
536 5161 639 5212 ὑπὸ
666 5161 758 5213 τοῦ
785 5162 941 5231 ὄχλου
969 5181 981 5226 ;
1013 5165 1128 5217 Ἵνα
1152 5166 1415 5235 μειζόνως
1440 5167 1616 5221 αὐτῶν
1640 5171 1671 5238 ή
1709 5187 1842 5239 προ-

275 5251 442 5319 θυμία
527 5252 830 5321 φαίνηται·
867 5255 954 5308 διὰ
1037 5255 1192 5310 τοῦτο
1269 5258 1387 5311 οὐδὲ
1450 5260 1630 5329 ἐρωτᾷ
1674 5301 1690 5325 ,
1750 5263 1848 5314 Πι-

275 5357 495 5395 στευετε
532 5358 547 5409 ;

332 5454 431 5507 Διὰ
458 5454 509 5508 τί
547 5457 748 5526 ἐρωτᾷ,
792 5457 851 5510 Τί
884 5458 1086 5512 θέλετε
1137 5459 1368 5525 ποιήσω
1391 5461 1569 5529 ὐμῖγ;
1617 5463 1729 5517 Ἶνα
1772 5469 1846 5534 μή

271 5563 355 5609 τις
378 5546 593 5618 νομίσῃ,
626 5548 706 5601 ὅτι
734 5548 902 5601 Ἀλλα
926 5548 1268 5618 βουλομένοις
1288 5549 1484 5617 λαλεῖς,
1508 5555 1642 5608 ἄλλα
1667 5555 1845 5619 δίδως·

274 5640 369 5690 καὶ
387 5639 472 5691 ἵνα
496 5642 618 5703 τοὺς
640 5640 832 5703 ἄλλους
857 5642 936 5703 είς
955 5642 1175 5710 μείζονα
1199 5642 1362 5711 ζῆλον
1390 5645 1592 5717 ἀγάγῃ.
1617 5646 1846 5714 Ἕτερον

272 5731 328 5782 δὲ
360 5732 442 5783 ἵνα
469 5733 615 5802 δείξῃ
638 5733 733 5800 τῆς
753 5733 960 5804 δωρεᾶς
990 5734 1215 5798 δικαίως
1245 5736 1638 5802 ἀπολαύοντας
1657 5740 1846 5812 ὥσπερ

273 5824 366 5875 ἐπὶ
397 5827 490 5892 τῆς
525 5825 835 5888 Χαναναίας
891 5827 982 5880 καὶ
1028 5827 1118 5880 τοῦ
1184 5829 1580 5901 ἑκατοντάρχου
1632 5834 1844 5902 καὶτῆς

1949 4688 2084 4755 ejus.

2026 4795 2186 4850 Vsus.
2216 4795 2306 4849 9.5.
2341 4794 2397 4849 Si
2430 4795 2540 4850 duo
2571 4793 2756 4849 decem
2783 4792 2906 4847 aliis
2927 4791 3238 4862 insurgunt,
3267 4800 3319 4846 et
3338 4791 3526 4847 decem

1952 4891 2042 4943 alii
2077 4891 2214 4944 duos
2248 4890 2506 4955 oderunt,
2549 4903 2657 4941 non
2689 4895 2905 4956 oportet
2956 4885 3023 4940 ad
3053 4885 3184 4939 illud
3213 4886 3521 4951 attendere,

1953 4981 2042 5036 sel
2063 4981 2128 5034 ad
2162 4995 2351 5034 eorum
2383 4989 2647 5034 extrema.

2029 5069 2191 5125 Vsus.
2292 5069 2380 5124 3i.
2439 5069 2548 5124 Cur
2603 5073 2874 5126 consentit
2927 5070 3180 5125 Christus
3254 5069 3523 5140 increpari

1953 5179 2127 5218 cazcos
2155 5178 2184 5216 a
2218 5164 2377 5217 turba
2415 5163 2437 5215 ?
2469 5173 2527 5218 ut
2566 5163 2738 5233 magis
2776 5176 2967 5217 eorum
3028 5164 3192 5216 ardor
3228 5171 3512 5232 appareat.

1952 5255 2078 5309 Ideo
2109 5270 2216 5308 non
2263 5256 2580 5324 interrogat,
2615 5254 2877 5310 creditis?

2019 5459 2281 5513 \‘rns.52.
2315 5457 2424 5513 Cur
2466 5458 2804 5526 interrogat:
2847 5456 2986 5521 Quid
3025 5457 3184 5512 vultis
3223 5469 3277 5510 ut
3324 5458 3522 5527 faciam

1953 5555 2091 5608 vobis
2118 5555 2142 5606 .’
2173 5568 2241 5608 ne
2265 5551 2387 5622 quis
2414 5559 2564 5621 putet
2594 5555 2723 5621 quia
2755 5550 2858 5604 alia
2894 5551 3200 5605 volentibus
3248 5552 3518 5621 loqueris,

1952 5647 2055 5700 alia
2084 5645 2182 5700 das
2213 5662 2227 5709 ;
2262 5651 2316 5698 et
2347 5649 2405 5696 ut
2431 5641 2569 5696 alios
2593 5642 2644 5695 in
2671 5641 2933 5709 majorem
2969 5641 3222 5695 invidiam
3248 5641 3470 5696 inducat
3497 5661 3516 5704 ;

1953 5745 2106 5798 aliter
2134 5748 2316 5794 autem
2358 5747 2417 5790 ut
2473 5735 2727 5791 ostendat
2785 5735 2884 5790 hos
2939 5736 3086 5803 jusle
3137 5734 3512 5790 benevolentia

1954 5835 2214 5892 fruentes,
2246 5837 2298 5881 ut
2329 5825 2380 5879 in
2410 5824 2736 5890 Chauana‘a,
2765 5834 2816 5879 ct
2843 5824 3178 5889 centurione,
3210 5835 3262 5881 et
3291 5825 3518 5881 haemor-
