4220 6432
245 456 383 520 1149

1227 452 1546 511 SCHOLIA
1589 448 1888 509 VETERA
1934 448 2009 506 ΙΝ
2054 447 2529 508 ΜΑΤΤΙΗΞΙῘΜ.

3349 448 3486 514 1150

246 570 347 621 τῶν
385 565 582 637 χειρῶν
626 565 823 621 αὐτῶν,
854 564 944 618 Διὸ
977 566 1067 618 καὶ
1119 564 1304 633 ἔλεγεν
1333 581 1347 594 °
1396 568 1611 619 Ἔσται
1664 564 1812 617 ἀσά-
1841 589 1890 645 Λ

1841 589 1890 645 Α
1918 563 2047 619 brize
2089 570 2269 616 autem
2326 562 2737 631 hyacinthinum
2788 570 3044 616 ornatum
3081 561 3399 632 designant;
3434 567 3482 619 id

243 664 423 713 λευτα
448 660 518 711 ἐν
545 659 874 726 ὀφθαλμοῖς
902 672 1038 718 σου,
1068 657 1227 709 ἅτινα
1268 656 1494 711 ἐκάλουν
1541 656 1813 726 φυλακτή-

1915 657 2059 711 enim
2089 666 2145 711 ut
2163 656 2402 725 parvulis
2419 656 2583 724 jussit
2608 654 2808 719 facere,
2831 665 2886 708 et
2912 654 2965 707 iu
2992 663 3143 708 veste
3160 655 3304 709 circa
3332 672 3483 712 oram

241 768 335 820 ρια
364 767 378 780 ⁸
406 751 475 803 10
499 750 555 803 δὲ
584 748 866 818 κράσπεδα
900 750 1155 816 σημαίνει
1183 746 1414 817 κλῶσμα
1464 747 1770 800 ὑακίνθινον
1794 762 1808 777 ³

1910 748 2064 817 juxta
2088 748 2253 818 pedes
2277 746 2548 815 adaptari,
2579 756 2639 800 ut
2660 747 2731 801 ob
2753 746 2944 801 oculos
2974 744 3237 800 habentes
3263 748 3483 801 manda-

248 839 399 892 τοῦτο
425 841 535 908 γὰρ
570 837 758 907 ὥσπερ
799 836 1031 899 παιδίοις
1071 836 1323 888 ἐκέλευσε
1356 838 1552 899 ποιεῖν,
1590 837 1680 888 καὶ
1720 838 1811 889 ἐπὶ

1918 850 2094 895 torum
2127 856 2235 895 non
2266 840 2678 895 obliviscantur.
2711 839 2965 895 Ostendit
3006 853 3139 907 ergo
3169 840 3249 894 eis
3291 854 3482 893 vanam

249 930 315 998 τῷ
346 930 543 999 ίματίῳ
572 931 697 996 περὶ
728 929 825 999 τὴν
858 928 969 981 ὣαν
1002 929 1130 998 περὶ
1164 929 1289 991 τοὺς
1346 928 1513 990 πόδας
1564 929 1810 999 ἀπορρά-

240 1022 497 1083 0150001,
526 1024 613 1076 ἶνα
638 1021 993 1092 προσέχοντες
1034 1022 1548 1090 άναμιμνήσκωνται
1577 1020 1683 1074 τῶν
1720 1025 1809 1074 ὲν·-

1915 946 2011 986 eos
2042 946 2146 984 nou
2178 933 2230 984 in
2255 932 2465 1001 magnis
2494 940 2547 985 et
2577 932 2905 987 necessariis
2929 930 3180 1001 gloriam,
3202 930 3295 985 sed
3326 931 3378 982 in
3404 930 3485 983 his

1918 1022 2130 1076 levibus
2164 1022 2438 1078 alit-ctare.

244 1117 419 1171 τελῶν.
451 1116 732 1170 Δείκνυσιν
770 1116 861 1170 οὖν
888 1119 1092 1182 αὐτοῖς,
1121 1117 1220 1170 οὐκ
1248 1117 1339 1169 ἐπὶ
1369 1119 1481 1182 τοῖς
1539 1118 1795 1188 μεγάλοις
1828 1119 1941 1171 ’καὶ
1985 1118 2305 1187 ἀναγκαίοις
2360 1119 2794 1187 κενοδοξοῦντας,
2853 1121 2966 1172 011‘
3003 1120 3094 1173 ἐπὶ
3126 1120 3335 1179 τούτοις
3374 1119 3484 1177 τοῖς

237 1211 531 1263 εὐτελέσιν.

306 1302 510 1367 Εἰπὼν,
552 1301 781 1369 Πατέρα
813 1298 898 1369 μὴ
946 1300 1270 1367 καλέσητε,
1296 1301 1356 1353 οὗ
1408 1298 1570 1354 τοῦτο
1624 1301 1801 1368 λέγει,

235 1392 349 1446 011‘
389 1394 474 1447 ἵνα
521 1394 860 1460 γινώσκωσιν
910 1392 998 1445 τὸν
1043 1393 1245 1457 κυρίως
1277 1393 1515 1461 Πατέρα,
1554 1392 1697 1457 λέγω
1734 1393 1804 1451 δὲ

236 1486 487 1539 τὸνθεόν
514 1503 527 1517 ·
562 1485 735 1548 οὕτως
786 1485 892 1557 χρὴ
940 1488 1079 1538 νοεῖν
1123 1488 1216 1539 καὶ
1267 1486 1348 1549 τὸ,
1376 1486 1472 1554 Μὴ
1539 1484 1805 1554 κληθῆτε

253 1578 467 1630 Ῥασὸί.

302 1673 397 1737 Τὸ,
432 1673 669 1726 [meiere
706 1670 819 1733 τὴν
844 1668 1176 1732 ,ϐασιλείαν
1222 1667 1341 1721 τῶν
1381 1666 1654 1737 οὐρανῶν
1702 1669 1805 1738 ἔμε

231 1767 499 1830 προσθεν
528 1761 645 1816 τῶν
674 1762 1020 1828 ἀνθρώπων,
1051 1758 1210 1812 τοῦτο
1255 1758 1427 1827 λέγει,
1466 1760 1547 1813 ὅτι
1582 1760 1807 1823 Ἄλλους

231 1856 492 1917 κωλύετε,
537 1856 691 1910 αὐτοὶ
742 1856 816 1924 μὴ
863 1856 1254 1925 εἰσερχόμενοι.
1287 1852 1351 1906 Τί
1397 1854 1453 1906 δέ
1504 1853 1806 1918 0011,1004-

1988 1300 2157 1354 Vsns.
2191 1300 2243 1355 9.
2291 1300 2503 1363 Dicens,
2541 1299 2750 1353 Putrem
2782 1301 2944 1353 nolite
2969 1316 3193 1363 vocare;
3248 1315 3352 1352 non
3411 1299 3480 1352 ita

1914 1390 2138 1461 intelligi
2166 1391 2343 1455 debet,
2378 1392 2470 1444 sed
2526 1400 2583 1444 ut
2633 1401 2968 1459 cognoscant
3016 1392 3286 1459 praecipua
3316 1406 3477 1442 tuun-

1913 1492 2071 1543 trem,
2106 1481 2155 1533 id
2188 1490 2271 1533 est
2296 1480 2486 1534 Deum.
2513 1477 2713 1533 Eodem
2749 1480 2911 1533 modo
2944 1478 3354 1548 intelligendum
3376 1488 3483 1541 est,

1914 1570 2095 1626 Nolite
2123 1589 2306 1626 vocare
2336 1572 2521 1625 Rubbi.

1986 1664 2150 1719 Vens.
2197 1665 2279 1717 l5.
2321 1663 2587 1719 Clauditis
2620 1679 2838 1733 regnum
2866 1662 3116 1716 cwlorum
3152 1671 3272 1714 ante
3307 1662 3479 1713 Immi-

1915 1772 2025 1821 nes,
2061 1756 2217 1826 quasi
2248 1756 2473 1820 diceret,
2510 1756 2636 1826 quia
2682 1755 2820 1809 alios
2858 1754 3182 1823 prohibetis,
3220 1754 3319 1818 ipsi
3370 1768 3476 1804 non

1916 1847 2150 1902 intratis.
2192 1847 2332 1913 Quid
2380 1858 2462 1903 est
2506 1857 2685 1904 autem
2740 1847 2901 1901 illud:
2958 1844 3343 1899 Introeuntes?
3391 1844 3481 1911 qui

230 1947 695 2016 εἰσερχομένους
716 1964 733 2011 ;
781 1946 919 2010 Τοὺς
944 1946 1260 2016 ἐπιτηδείως
1282 1944 1501 2015 ἔχοντας
1522 1944 1803 1998 εἰσελθεῖν.
1839 1934 1885 1993 Β

1839 1934 1885 1993 Β
1916 1938 2073 1995 facile
2108 1940 2313 1993 intrare
2341 1950 2584 2008 possunt.
2623 1938 2909 2004 Quomodo
2934 1938 3287 2007 prohibebant
3319 1938 3342 1990 ?
3371 1937 3482 1989 uul-

232 2039 358 2102 Πῶς
387 2038 441 2091 δὲ
483 2037 756 2103 ὲκώλυονς
788 2038 886 2092 Διὰ
916 2039 977 2092 τὸ
1019 2037 1187 2107 μηδὲν
1226 2037 1423 2100 αὐτοὺς
1471 2036 1801 2107 ἐργάζεσθαι

229 2130 470 2197 ἀγαθόν·
525 2132 765 2195 ἐκείνους
819 2127 927 2201 γάρ
982 2130 1195 2200 βλέπων
1247 2132 1275 2183 ὁ
1329 2130 1457 2193 λαὸς
1505 2128 1805 2199 ὡμοιοῦντο

229 2225 437 2286 αὐτοῖς.

301 2318 394 2377 Τδ,
427 2316 738 2386 Περιὰγετε
776 2314 892 2379 τὴν
924 2314 1249 2369 θάλασσαν
1293 2315 1392 2368 καὶ
1444 2314 1559 2382 τὴν
1611 2313 1804 2381 ξηρὰν

226 2409 479 2478 ποιῆσαι
525 2409 634 2463 ἕνα
682 2408 1111 2478 προσήλυτον·
1142 2407 1238 2461 καί
1286 2407 1369 2463 ὅτ’
1402 2408 1480 2462 ἂν
1538 2408 1802 2478 γένηται,

228 2500 450 2555 ποιεῖτε
494 2498 683 2554 αὐτὸν
728 2499 863 2553 υἱὸν
915 2499 1166 2568 γεέννης
1209 2497 1572 2566 διπλότερον
1608 2496 1802 2566 ὑμῶν,

225 2591 388 2647 τοῦτο
416 2592 585 2661 λέγει,
617 2592 699 2645 ὅτι
730 2592 852 2645 οὐδὲ
901 2591 988 2645 διὰ
1020 2591 1083 2643 τὸ
1124 2591 1275 2662 μόλις
1328 2588 1491 2642 αὐτὸν
1525 2589 1796 2659 σαγηνεῦ-

231 2704 342 2745 σαι,
375 2686 468 2739 καὶ
504 2684 643 2754 μετὰ
689 2685 899 2755 μυρίων
929 2685 1111 2737 πόνων
1154 2682 1313 2735 τοῦτο
1363 2682 1516 2747 αὐτὸ,
1554 2681 1800 2746 φείδεσθε

225 2777 415 2839 αὑτοῦ,
441 2776 576 2831 0110
605 2776 1057 2847 παρασκευάζετε
1088 2776 1251 2828 αὐτὸν
1290 2775 1406 2826 υἱὸν
1442 2775 1670 2841 γεέννης
1713 2773 1802 2827 διὰ

224 2868 323 2937 τῆς
380 2868 534 2938 ὑμῶν
586 2867 843 2939 πράξεως
886 2867 1164 2935 γενέσθαι.
1211 2866 1303 2928 Τὸ,
1343 2865 1478 2920 υἱὸν
1524 2866 1800 2935 γεέννης,

223 2957 379 3027 δηλοῖ
406 2958 765 3024 αὑτογέενναν
788 2974 802 2989 ·
845 2958 1052 3028 ὥσπερ,
1074 2956 1215 3022 τοὺς
1250 2955 1421 3021 υἱοὺς
1451 2954 1799 3025 ἀνθρώπων,
1833 2949 1854 2962 ’

224 3051 351 3111 τοὺς
392 3048 736 3120 ἀνθρώπους.

292 3142 358 3195 Τί
393 3142 539 3195 ἐστιν
562 3143 642 3207 τὸ,
683 3141 1149 3196 Ἀποδεκατοῦτε
1179 3140 1245 3194 τὸ
1273 3141 1585 3209 ἡδύοσμον
1606 3142 1699 3196 καί
1732 3141 1798 3213 ζὸ

221 3234 473 3299 ἄνηθον,
511 3234 605 3286 καὶ
637 3234 703 3286 10
738 3233 865 3303 ἑξῆς
891 3251 904 3297 ς
936 3234 1055 3285 Ὀτι
1089 3233 1158 3285 τά
1192 3234 1363 3303 μικρά
1390 3232 1796 3285 άπώεκατοῦν·

221 3342 337 3387 τες,
360 3326 428 3377 10
448 3325 502 3377 δὲ
527 3324 737 3395 μεγάλα
764 3323 1015 3393 οὐδαμῶς
1048 3340 1061 3354 ·
1090 3324 1231 3378 ὥστε
1253 3324 1341 3377 διὰ
1365 3325 1425 3377 τὸ
1446 3324 1685 3394 φανῆναι
1713 3326 1797 3377 ὅτι

220 3416 315 3469 τὸν
363 3415 527 3482 νόμον
572 3415 890 3485 φυλάττετε,
922 3415 983 3468 οὐ
1019 3414 1107 3468 διὰ
1154 3414 1212 3467 τὸ
1246 3415 1350 3468 ἀπὸ
1381 3416 1559 3486 ψυχῆς
1602 3414 1788 3469 δοῦναι

224 3510 341 3562 ἔστι
372 3507 550 3562 τοῦτο.

306 3601 567 3671 Ὀδηγοὺς
591 3600 806 3669 τυφλῶν
838 3600 993 3653 καλεῖ
1014 3600 1231 3663 αὐτοὺς,
1269 3601 1350 3654 ὅτι
1373 3600 1494 3654 οὔτε
1530 3602 1684 3654 αὐτοὶ
1739 3600 1799 3653 τδ

220 3693 388 3747 καλὸν
431 3693 747 3759 ἐγίνωσκον,
782 3691 877 3744 καλ⁵
942 3690 1133 3755 ἄλλους
1199 3691 1519 3761 ὁδηγοῦντες
1577 3692 1800 3745 ἐνέπαι-

222 3784 338 3849 ζον.
365 3784 618 3839 Κώνωπα
642 3783 901 3836 ἐκάλεσεν
928 3783 1053 3845 τοὺς
1079 3785 1422 3852 σωματικοὺς
1443 3784 1794 3853 καθαρμούς⁸

226 3878 402 3948 μικρὰ
430 3876 539 3945 γάρ
560 3871 627 3946 ἦν
651 3875 745 3928 καὶ
774 3874 947 3928 οὐδέν.
982 3874 1247 3944 Κάμηλον
1279 3874 1356 3937 δὲ,
1388 3876 1489 3944 τὴν
1528 3876 1798 3947 κάθαρσιν

221 3970 319 4036 τῆς
367 3966 565 4037 ψυχῆς,
596 3967 733 4036 ὅπερ
775 3966 922 4019 ἐστὶν
957 3966 1126 4037 ἀρετή
1157 3983 1170 3998 ·
1214 3967 1425 4037 μεγάλη
1493 3968 1599 4038 γάρ
1648 3970 1795 4021 ἐστιν

222 4060 319 4113 καὶ
362 4057 563 4127 ὑψηλὴ,
598 4051 665 4128 ἦς
710 4056 944 4125 ἠμέλουν
965 4058 1060 4109 καὶ
1093 4057 1277 4127 ἀφανῆ
1327 4057 1573 4122 ἐποίουν,
1607 4058 1796 4127 ὥσπερ

221 4148 688 4210 καταπεπωκότες
714 4149 780 4201 τὰ
815 4147 1048 4217 ψυχικά.

294 4240 521 4294 Μέλλων
556 4238 724 4304 δεῖξαι
753 4240 828 4300 ὼς
862 4242 927 4310 τῇ
968 4239 1114 4292 ἔνδον
1135 4237 1475 4309 καθαρότητι
1506 4238 1798 4292 ἀκολουθεῖ

221 4335 316 4389 καὶ
374 4334 407 4403 ἡ
448 4332 571 4398 ἔξω,
604 4327 636 4401 ἡ
673 4331 729 4384 δὲ
780 4329 884 4395 ἔξω
922 4331 1109 4383 οὐκέτι
1156 4331 1221 4393 τῇ
1285 4329 1453 4393 ινδον,
1490 4329 1636 4397 λέγει
1688 4330 1796 4383 άπὸ

219 4420 665 4493 πράγματος,ὄτι
704 4417 1048 4487 Καθαρίζετε
1092 4418 1157 4471 τὸ
1203 4417 1319 4481 ἔξω
1363 4418 1469 4472 τοῦ
1502 4420 1794 4486 ποτηρίου

222 4513 315 4566 κη)
339 4511 439 4580 τῆς
473 4510 830 4580 παροψίδος,
862 4510 1089 4564 ἔσωθεν
1120 4510 1187 4563 δὲ
1209 4510 1371 4579 γέμει
1395 4508 1673 4580 ἁρπαγῆς
1696 4511 1794 4564 καὶ

1908 2033 2018 2086 lum
2062 2036 2264 2086 bonum
2313 2030 2600 2097 faciendo;
2659 2046 2782 2084 nam
2824 2045 2920 2085 eos
2951 2030 3221 2100 aspiciens
3250 2028 3481 2099 populus

1908 2124 2248 2179 imitabatur.

1979 2310 2141 2365 Vens.
2166 2311 2250 2365 15.
2271 2309 2522 2363 Circuitis
2545 2327 2687 2363 mare
2707 2320 2755 2363 et
2779 2308 2987 2363 aridum
3016 2318 3069 2361 ut
3089 2310 3304 2379 faciatis
3319 2327 3479 2362 unum

1904 2407 2256 2474 proaelytam;
2282 2417 2328 2458 et
2377 2422 2495 2458 cum
2524 2404 2683 2473 fuerit
2715 2406 2911 2473 factus,
2943 2406 3121 2474 facitis
3154 2422 3270 2457 eum
3308 2404 3479 2473 ﬁlium

1903 2496 2151 2567 gehennae
2191 2497 2352 2562 duplo
2376 2513 2535 2565 quant
2568 2512 2687 2559 vos;
2717 2496 2819 2551 hoc
2848 2497 2999 2563 dicit,
3024 2498 3151 2566 quia
3179 2514 3282 2549 non
3331 2508 3482 2567 post-

1904 2605 2069 2659 quam
2116 2605 2259 2658 aegre
2304 2590 2466 2643 istum
2500 2590 2779 2659 ceperitis,
2812 2600 3012 2644 etcum
3062 2590 3249 2644 multis
3281 2589 3481 2643 labori-

1904 2682 2026 2745 bus,
2062 2681 2153 2735 illo
2174 2681 2478 2747 abstinetis,
2506 2682 2597 2737 sed
2625 2682 2827 2751 paratis
2856 2683 3005 2735 illum
3032 2682 3197 2735 ﬁlium
3222 2682 3481 2751 gehennae

1904 2790 2001 2844 per
2031 2786 2270 2828 vestrum
2307 2775 2497 2845 agendi
2531 2775 2751 2827 modum
2789 2775 2924 2828 lieri.
2965 2773 3167 2827 Filium
3212 2774 3477 2845 geltenna'.

1904 2864 2045 2918 idem
2090 2876 2245 2920 sonat
2269 2880 2335 2921 ac
2376 2867 2679 2936 gehennam
2712 2865 2913 2936 ipsam,
2953 2875 3009 2919 ut
3048 2864 3142 2918 lilii
3175 2864 3476 2930 hominum,

1904 2956 2173 3012 homines.

1977 3142 2137 3198 Vens.
2168 3144 2257 3198 25.
2279 3143 2417 3209 Quid
2445 3155 2549 3206 est,
2575 3143 2850 3196 deeimatis
2871 3144 3136 3195 ment/tam
3159 3152 3205 3195 et
3231 3143 3476 3195 anethum

1902 3247 1955 3289 et
1982 3235 2229 3304 reliqua?
2267 3234 2403 3301 Quia
2447 3248 2611 3301 parva
2664 3234 3003 3288 decimantes
3053 3243 3231 3295 erant,
3282 3250 3475 3299 magna

1902 3339 2080 3382 autem
2124 3328 2375 3381 minime:
2417 3328 2488 3381 ita
2528 3336 2605 3390 ut,
2637 3326 2701 3379 ad
2727 3326 3122 3380 ostendendum
3156 3325 3281 3394 quia
3306 3327 3474 3395 legem

1902 3420 2149 3482 servatis,
2185 3434 2290 3472 nou
2314 3418 2378 3472 ad
2406 3418 2643 3472 dandum
2672 3432 2736 3471 ex
2770 3417 2977 3483 animo,
3004 3415 3106 3471 hoc
3135 3415 3370 3471 faciatis.

1972 3605 2139 3659 Vens.
2182 3603 2272 3658 24.
2311 3602 2484 3657 Duces
2516 3617 2785 3656 caecorqu
2830 3612 2987 3657 vocat
3025 3586 3142 3664 eos.
3181 3603 3323 3673 quod
3367 3619 3474 3658 non

1904 3696 2006 3764 ipsi
2041 3696 2242 3748 bonum
2270 3692 2693 3763 cognoscebant,
2740 3703 2793 3747 et
2825 3691 2963 3747 alios
3017 3692 3280 3747 ducentes
3325 3692 3473 3747 deci-

1901 3787 2139 3857 piebant.
2160 3785 2401 3839 Culicem
2437 3794 2594 3838 vocat
2615 3800 2908 3854 corporeas
2936 3783 3283 3852 ablutiones;
3310 3800 3472 3855 parva

1900 3878 2044 3934 enim
2070 3890 2226 3932 erant
2257 3886 2309 3931 et
2339 3878 2496 3947 quasi
2547 3878 2678 3931 nihil
2707 3921 2720 3943 ,
2751 3878 3019 3931 cautelum
3053 3886 3234 3931 autem
3269 3880 3466 3932 anima:

1898 3969 2252 4033 ablutionem,
2281 3983 2400 4038 qua:
2426 3969 2595 4022 virtus
2619 3976 2722 4022 est.
2755 3967 2941 4037 Magna
2977 3969 3122 4021 enim
3155 3977 3237 4022 est
3262 3977 3315 4022 et
3343 3968 3471 4033 alta,

1899 4075 2063 4129 quam
2088 4060 2427 4130 uegligebant
2454 4069 2507 4113 et
2544 4059 2872 4114 invisibileui
2897 4059 3471 4129 iaciebant,.tanquam

1900 4150 2189 4220 glutientes
2211 4150 2527 4230 .spritualia.

1970 4239 2133 4294 Vens.
2153 4239 2555 4296 26.05Iendere
2576 4241 2781 4295 debens
2808 4251 2890 4295 est
2915 4242 3321 4296 mundationem
3354 4243 3471 4311 ejus

1897 4332 2039 4401 quod
2082 4334 2226 4387 intus
2270 4341 2377 4396 est,
2409 4332 2563 4401 sequi
2616 4332 3024 4386 inundationem
3060 4335 3180 4402 ejus
3210 4334 3351 4400 quod
3388 4341 3472 4387 est

1898 4422 2051 4488 l’oris,
2088 4438 2194 4476 non
2214 4433 2393 4477 autem
2415 4424 2529 4477 vice
2556 4438 2732 4488 \ersa,
2764 4423 2897 4478 dicit
2922 4424 2987 4477 ad
3024 4439 3173 4477 rem:
3196 4423 3471 4477 Mundatis

1896 4514 2035 4583 quod
2059 4515 2256 4583 deforis
2312 4525 2387 4568 est
2418 4516 2597 4567 calicis
2654 4527 2701 4569 et
2745 4517 3041 4583 paropsidis
3068 4531 3086 4578 ,°
3116 4518 3256 4569 intus
3292 4526 3467 4568 autem

220 4605 454 4670 ἀδικίας
486 4621 500 4633 ·
543 4602 872 4671 καθάρισον
930 4602 1163 4671 πρῶτον
1206 4600 1272 4654 τὸ
1309 4601 1509 4665 ἔνδον,
1571 4603 1663 4655 καὶ
1724 4602 1789 4656 τὰ
1826 4619 1866 4673 ο

1826 4619 1866 4673 ο
1896 4605 2035 4675 pleni
2086 4608 2210 4657 estis
2258 4606 2446 4673 rapina
2509 4617 2556 4660 et
2600 4608 3003 4661 immunditiis:
3050 4607 3244 4660 munda
3321 4608 3468 4675 prius

219 4697 365 4760 ἑξῆς.

252 4716 402 4842 ςηιξαι
434 4790 638 4858 τάςςους
667 4789 1092 4858 κεκονιαμένους
1124 4788 1321 4857 λέγων,
1353 4788 1541 4860 ὅμοιον
1563 4789 1657 4843 τοῦ
1693 4807 1792 4843 πο-

219 4879 409 4952 τηρίου
443 4880 787 4951 νοηθὴσεται,
814 4879 900 4934 διὰ
924 4881 1233 4947 κενοδοξίαν
1259 4883 1580 4953 λεγόμενον.

294 5067 667 5137 Οἰκοδομεῖτε
698 5066 838 5132 τοὺς
873 5067 1100 5137 τάφους
1151 5067 1271 5121 τῶν
1310 5068 1650 5137 προφητῶν.
1679 5069 1791 5139 Οὐχ

222 5160 295 5223 ὡς
327 5160 755 5227 οἱκοδομούντων
780 5160 1062 5229 μνήματα,
1090 5159 1205 5212 011’
1228 5158 1303 5222 ὡς
1324 5160 1790 5229 ἀντιποιουμένων

223 5251 404 5305 αὐτῶν
444 5253 537 5305 καὶ
566 5252 853 5320 λεγόντων,
883 5252 964 5304 ὃτι
994 5251 1057 5304 Εἰ
1106 5247 1249 5321 ἦμεν
1292 5252 1351 5303 ὲν
1386 5254 1505 5315 ταῖς
1556 5251 1792 5321 ἡμέραις

222 5343 418 5404 αὐτῶν,
450 5344 549 5395 οὐκ
587 5341 652 5395 ἂν
679 5337 823 5412 ἦμεν
871 5345 1120 5396 κοινωνοὶ
1165 5344 1278 5406 τοῖς
1314 5343 1587 5413 πατράσιν
1634 5342 1791 5413 ἡμῶν

223 5434 280 5486 ιν
310 5436 421 5496 τοῖς
452 5433 681 5503 αἴμασιν
704 5432 903 5486 αὐτῶν.
950 5431 1197 5485 Ἐποίουν
1240 5433 1296 5485 δὲ
1326 5431 1505 5497 τοῦτο,
1537 5434 1791 5504 κρείττοο

224 5542 310 5587 νες
352 5526 447 5579 καὶ
477 5525 669 5591 ἀγαθοὶ
709 5524 908 5593 μᾶλλον
933 5524 1040 5577 τῶν
1092 5524 1345 5593 πατέρων
1382 5524 1564 5577 αὐτῶν
1615 5525 1793 5594 φαίνε-

227 5618 345 5670 σθαι
382 5615 716 5687 βουλόμενοι.

292 5708 449 5771 Τίνος
481 5708 667 5762 ἕνεκεν
696 5708 1094 5777 καταγινώσκει
1128 5708 1307 5761 αὐτῶν
1346 5708 1421 5772 ὼς
1452 5708 1585 5761 υίῶν
1623 5708 1792 5761 ὄντων

224 5797 330 5851 τῶν
350 5799 721 5867 φονευσάντων
755 5800 879 5861 τοὺς
913 5801 1223 5869 προφήτας;
1246 5798 1364 5853 οὐδὲ
1400 5800 1508 5870 γὰρ
1540 5800 1793 5869 ἔγκλημα

226 5888 401 5957 τοῦτο,
424 5891 519 5944 ἐὰν
549 5889 623 5959 μὴ
654 5893 881 5960 κοινωνῇ
915 5894 979 5960 τῇ
1008 5893 1198 5961 γνώμη
1235 5892 1326 5946 τοῦ
1362 5894 1621 5964 πατρὸς-ὀ
1654 5895 1787 5958 υἱός*

1895 4697 2033 4767 quod
2065 4697 2205 4750 intus
2228 4707 2303 4751 est
2324 4740 2337 4761 ,
2369 4707 2423 4751 et
2447 4697 2677 4767 reliqua.
2706 4718 2710 4725 ·

1966 4789 2132 4844 Vens.
2164 4790 2255 4843 Ἦ.
2290 4790 2546 4859 Sepulcra
2572 4790 2817 4844 dealbata
2855 4805 3077 4852 vocans.
3130 4790 3469 4860 intelligetur

1894 4880 2083 4935 eodem
2127 4881 2288 4935 modo
2319 4896 2429 4952 quo
2463 4882 2686 4935 calicem
2724 4882 2879 4945 dicit,
2909 4882 2979 4938 ob
3015 4898 3205 4936 vanam
3238 4883 3465 4952 gloriam

1896 4973 1966 5026 ita
2000 4973 2233 5027 locutus.

1966 5062 2131 5118 Vens.
2163 5064 2251 5117 ἓξ).
2287 5063 2597 5131 didi/iratis
2639 5066 2876 5132 sepulcra
2913 5065 3327 5133 prophetarum;
3356 5080 3463 5116 non

1893 5157 2037 5226 quod
2066 5157 2338 5210 aediﬁcent
2380 5167 2756 5222 monumenta,
2791 5158 2883 5211 sed
2914 5158 3059 5225 quod
3092 5173 3187 5226 per
3207 5158 3465 5211 ambitio-

1895 5265 2017 5303 uetu
2047 5251 2268 5304 dicant:
2314 5250 2367 5302 Si
2405 5251 2698 5304 fuissemus
2747 5253 2799 5304 in
2855 5252 3048 5305 diebus
3098 5260 3312 5320 patrum
3360 5266 3464 5303 uo-

1894 5351 2153 5405 strorum,
2184 5358 2290 5395 non
2316 5357 2565 5398 essemus
2594 5345 2729 5397 socii
2751 5358 2939 5397 eorum
2965 5344 3015 5396 in
3044 5345 3311 5413 sanguine
3337 5359 3465 5412 pro-

1894 5436 2199 5504 phetarum.
2248 5433 2379 5488 Illud
2416 5445 2596 5489 autem
2642 5435 2911 5489 faciebant
2950 5435 3181 5489 voleudo
3225 5435 3463 5504 majores

1893 5536 1947 5581 et
1974 5527 2225 5581 meliores
2260 5528 2508 5595 patrihus
2538 5528 2654 5582 suis
2682 5528 2874 5581 videri.

1970 5711 2127 5767 Vens.
2160 5713 2250 5767 51.
2280 5713 2457 5781 Quare
2485 5715 2601 5768 illos
2628 5714 2806 5781 arguit
2838 5714 2982 5783 quod
3011 5714 3101 5768 tilii
3126 5716 3237 5768 sint
3260 5730 3449 5769 eorum

1893 5805 1986 5874 qui
2038 5806 2328 5875 prophetas
2367 5806 2720 5860 occiderunt?
2756 5825 2861 5863 non
2892 5807 3039 5862 enim
3070 5808 3227 5875 culpa
3268 5822 3459 5861 eorum

1896 5905 1999 5961 est,
2052 5897 2154 5951 nisi
2206 5898 2693 5955 communicaverit
2748 5902 3011 5958 voluntati
3075 5902 3241 5958 oatris
3276 5901 3461 5957 ﬁlius;
