4220 6432
748 382 883 448 1151

1467 390 1859 449 OPUSCULA
1899 388 2533 448 SCRIPTURISTICA
2575 389 2923 450 INCERT/E
2959 391 3266 453 ΑΞΤΑΤΙΞ.

3872 391 4015 457 1152

751 494 1231 549 communicabant
1252 505 1431 550 autem
1452 497 1781 562 occidendo;
1806 496 1928 551 ideo
1950 497 2072 552 illos
2111 496 2311 565 arguit.
2345 536 2353 554 ε

2432 495 2744 551 ἐκοινώνουν
2779 499 2836 551 δὲ
2869 498 3225 565 φονεύοντεςο
3267 498 3357 553 διὰ
3392 498 3551 553 τοῦτο
3593 502 3879 572 μέμφεται
3908 507 4010 557 αύο

816 678 980 733 Vens.
1026 680 1114 733 32.
1150 678 1291 744 Quid
1342 688 1446 745 est,
1498 678 1723 748 lmplete
1777 688 1829 734 et
1883 696 1969 734 vos
2019 694 2320 733 mensuram

741 782 951 837 pnlrttm
1006 782 1299 825 vestrorum
1328 772 1353 825 .’
1380 772 1500 826 Non
1545 772 1789 842 praecipit
1832 783 1889 826 ut
1912 771 2192 841 impleant,
2226 769 2321 825 sed

746 863 988 932 praedicit
1013 863 1157 932 quod
1190 862 1434 918 futurum
1475 873 1580 931 est,
1610 864 1664 918 id
1696 872 1801 929 est,
1829 879 1986 917 suam
2016 863 2190 934 ipsius
2218 862 2322 916 im-

746 954 1119 1008 molationem.

817 1041 982 1097 Vens.
1012 1044 1101 1098 3'5.
1136 1042 1248 1097 Cur
1288 1043 1422 1098 dicit
1468 1044 1588 1098 illos
1622 1042 1898 1097 Genimina
1963 1045 2264 1115 viperarum
2300 1051 2325 1103 .’

744 1135 1284 1205 consanguinitalem
1338 1151 1432 1205 per
1480 1134 1740 1188 malitiam
1785 1135 2000 1202 innuit;
2049 1137 2202 1206 quasi
2238 1138 2324 1192 di-

745 1238 935 1282 ceret:
976 1226 1136 1282 Sicut
1166 1229 1271 1283 illa:
1300 1228 1621 1297 parentibus
1674 1230 1883 1285 similes
1924 1242 2053 1286 sunt
2093 1248 2188 1300 per
2227 1246 2323 1286 ve-

748 1321 873 1374 neni
914 1321 1114 1382 tabem,
1155 1320 1228 1372 ita
1254 1329 1308 1372 et
1353 1335 1449 1374 vos
1490 1321 1739 1389 patribus
1774 1322 1987 1388 vestris,
2036 1339 2132 1393 per
2174 1325 2326 1379 occi-

748 1413 936 1465 siones
968 1411 1176 1465 similes
1213 1411 1368 1466 estis.

824 1500 985 1556 Vens.
1014 1502 1104 1555 54.
1139 1502 1211 1556 De
1250 1503 1450 1572 quibus
1488 1503 1619 1558 dicit
1653 1520 1667 1556 :
1704 1503 1837 1558 Ecce
1878 1522 1972 1575 ego
2012 1507 2163 1560 mitto
2198 1523 2327 1577 pro-

747 1594 929 1660 phetas
973 1603 1021 1645 et
1063 1594 1327 1659 sapientes
1368 1604 1417 1648 et
1457 1596 1701 1649 scribas?
1740 1597 1811 1651 De
1837 1599 2103 1666 apostolis
2134 1609 2189 1653 et
2233 1614 2327 1653 eo-

750 1701 872 1739 rum
898 1686 1206 1756 discipulis.
1233 1685 1365 1740 Nam
1405 1687 1560 1741 multi
1605 1703 1796 1742 eorum
1845 1689 2329 1759 prophetaverunt.

2428 604 2578 651 τους.

2500 678 2567 731 Τί
2595 680 2743 732 ἐστιν
2760 678 3215 747 τδ,Πληρώσατε
3244 682 3341 736 καὶ
3367 681 3531 752 ὑμεῖς
3555 682 3621 736 τὸ
3638 682 3866 752 μέτρον
3891 682 4011 736 τῶν

2430 770 2699 840 πατέρων
2724 770 2929 841 enim;
2959 774 3075 826 υύκ
3113 774 3418 828 ἐπιτάττων
3450 774 3609 828 τοῦτό
3650 777 4010 846 incrimine

2432 864 2842 933 πρωναφωνῶν
2875 864 2938 918 τὸ
2986 865 3268 936 ἐσόμενον,
3324 866 3471 920 τοῦτ’
3506 866 3655 920 ἐστιν
3701 867 3804 939 τὴν
3842 866 4011 920 αὑτοῦ

2433 955 2672 1025 σφαγήν.

2500 1041 2597 1092 Διὰ
2612 1041 2664 1093 τί
2688 1041 2835 1110 λέγει
2850 1044 3046 1106 αὐτοὺς
3064 1044 3418 1113 Γεννήματα
3431 1045 3715 1114 elidi-dir;
3736 1046 3852 1116 Τὴν
3869 1049 4012 1101 κατὰ

2432 1134 2630 1185 κακίαν
2664 1135 2984 1202 συγγένειαν
3015 1136 3410 1206 αἱνιττόμενος⁶
3443 1137 3519 1201 ώς
3547 1138 3612 1190 ἂν
3643 1138 3858 1206 ἔλεγεν,
3926 1140 4014 1193 ὅτι

2435 1222 2646 1293 Ὠσπερ
2674 1223 2857 1276 ὲκεῐνα
2885 1224 3063 1279 ἔοικεν
3088 1227 3199 1288 τοῖς
3225 1226 3477 1293 γονεῦσιν
3509 1230 3649 1282 κατὰ
3680 1228 3784 1298 τὴν
3802 1227 3902 1282 τοῦ
3934 1229 4015 1282 lci

2433 1310 2632 1382 λύμην,
2667 1312 2811 1367 οὕτω
2843 1316 2940 1368 καὶ⁵
2970 1318 3129 1387 ὑμεῖς
3158 1320 3269 1381 τοῖς
3317 1317 3473 1387 ὑμῶν
3502 1320 3741 1389 πατράσι
3776 1321 3927 1374 κατὰ
3958 1320 4016 1373 τὸ

2433 1406 2656 1475 φονικὸν
2694 1408 2929 1464 ἐοίκατε.

2505 1498 2639 1567 Περὶ
2670 1500 2837 1551 ποίων
2860 1499 3010 1567 λέγει
3034 1516 3049 1532 ·
3070 1500 3228 1555 Ἰδοὺ
3252 1500 3368 1571 ἐγὼ
3387 1501 3748 1557 ἀποστέλλω
3774 1504 4018 1573 προεσή-

2431 1602 2538 1653 τας
2567 1588 2664 1641 καί
2685 1589 2917 1658 σοφοὺς
2942 1590 3037 1644 καὶ
3062 1593 3418 1662 γραμματεῖς
3441 1611 3459 1658 ;
3487 1594 3622 1663 Περὶ
3643 1595 3753 1648 τῶν
3778 1596 4022 1649 ἀποστάς

2433 1674 2539 1728 λων
2601 1678 2695 1731 καὶ
2746 1678 2853 1732 τῶν
2911 1671 3169 1750 μαθητῶν
3203 1681 3384 1735 αὐτῶν
3406 1698 3423 1713 ⁸
3454 1681 3551 1736 καὶ
3580 1682 3689 1753 γάρ
3726 1682 3927 1737 πολλοὶ
3963 1682 4021 1746 ἐξ

2435 1768 2617 1821 αὐτῶν
2657 1772 3093 1844 προεφήτευσαν.

824 1866 989 1921 Vens.
1023 1868 1112 1922 55.
1153 1869 1290 1934 Quis
1349 1879 1435 1925 est
1480 1874 1585 1925 iste
1614 1869 1908 1927 Zacharias
1948 1872 2016 1927 de
2056 1888 2166 1944 quo
2195 1876 2329 1929 dicit

2513 1864 2610 1926 Τίς
2642 1863 2697 1917 δέ
2732 1865 2880 1918 ἐστιν
2924 1857 3079 1930 οὗτος
3140 1866 3169 1919 ὀ
3222 1868 3497 1939 Ζαχαρίας
3529 1867 3658 1938 περὶ
3714 1860 3780 1921 οὗ
3838 1863 4023 1929 εἶπεν,

756 1957 929 2028 Usque
977 1960 1045 2013 ad
1080 1962 1390 2030 sanguinem
1432 1960 1713 2016 Zacltariw
1739 1965 1841 2031 ﬁlii
1869 1963 2188 2021 Buracltia'?
2223 1968 2327 2022 Alii

751 2052 969 2119 quidem
1013 2050 1240 2105 Joannis
1283 2062 1492 2120 patrem
1536 2054 1756 2121 dicunt;
1794 2056 1888 2110 alii
1932 2073 2061 2111 vero
2093 2062 2331 2129 prophe-

753 2151 894 2205 tam;
924 2142 1145 2210 quidam
1176 2142 1412 2211 denique
1452 2144 1685 2198 alterum
1719 2146 1828 2198 duo
1864 2147 2082 2200 nomina
2122 2148 2330 2203 haben-

766 2241 874 2286 tem
902 2238 1266 2299 sacerdotem,
1296 2250 1457 2304 quem
1484 2236 1648 2290 etiam
1682 2234 1832 2291 Jodte
1858 2237 2141 2308 Scriptura
2175 2241 2329 2297 dicit.

825 2323 989 2379 Vens.
1015 2325 1101 2379 '59.
1136 2325 1293 2391 lllud,
1326 2325 1447 2379 Non
1476 2344 1556 2382 me
1584 2328 1826 2383 videbitis
1858 2332 2070 2397 amodo,
2103 2333 2172 2389 de
2205 2344 2335 2389 tem-

752 2434 883 2488 pore
935 2419 1067 2474 dicit
1123 2420 1267 2489 quod
1322 2432 1408 2476 est
1447 2437 1621 2490 usque
1673 2422 1740 2477 ad
1790 2424 2230 2491 crucilixionem;
2281 2437 2335 2481 et

755 2510 908 2575 illud,
942 2510 1112 2565 Donec
1168 2513 1364 2566 dicatis
1398 2528 1417 2567 :
1451 2510 1767 2567 Benedictus
1818 2516 1909 2580 qui
1967 2517 2100 2568 venit
2143 2518 2199 2569 in
2232 2534 2330 2570 no-

754 2605 892 2656 mine
932 2604 1165 2670 Domini,
1212 2604 1280 2659 de
1326 2606 1569 2659 secundo
1620 2606 1741 2675 ejus
1794 2608 2029 2664 adventu
2085 2611 2331 2666 dicitur:

755 2704 887 2752 tunc
912 2697 1058 2751 enim
1092 2714 1282 2753 omnes
1313 2698 1465 2753 illum
1495 2698 1825 2755 adorabunt.

1316 2841 1547 2898 CAPUT
1582 2842 1779 2898 XXIV.

831 2969 995 3025 Vsus.
1014 2970 1097 3025 14.
1120 2970 1262 3036 Quid
1287 2972 1469 3037 est,ln
1495 2974 1851 3028 testimonium
1901 2975 2139 3029 omnibus
2168 2978 2340 3045 genti-

758 3060 853 3114 bus
871 3062 896 3114 .9
912 3062 1050 3127 Quia
1066 3062 1417 3131 praedicatum
1439 3073 1523 3120 est
1544 3064 1759 3133 quidem
1790 3065 2009 3136 ubique,
2030 3083 2135 3120 non
2157 3076 2337 3122 autem

758 3154 1033 3207 creditum
1068 3162 1152 3209 est
1187 3155 1408 3226 ubique.

835 3244 1290 3313 Consummatio;
1348 3263 1480 3303 sane
1528 3247 1829 3304 Jerusalem
1884 3252 2338 3322 expugnationem

763 3336 994 3400 indicat.
1022 3353 1128 3391 non
1158 3347 1338 3392 autem
1371 3339 1556 3393 mundi
1580 3340 1764 3396 linem.

832 3427 997 3483 Vens.
1056 3431 1145 3484 15.
1188 3429 1327 3497 Quid
1395 3440 1498 3497 est,
1558 3432 1899 3489 Abominatio
1968 3436 2344 3492 desolationis?

762 3519 1001 3586 Elligiem
1026 3522 1157 3575 dicit
1181 3522 1289 3577 Titi
1318 3525 1410 3592 qui
1444 3525 1632 3579 urbem
1658 3542 1898 3594 ceperat,
1929 3539 1982 3582 et
2007 3541 2132 3599 post
2168 3546 2342 3600 expu-

764 3622 991 3679 gnatum
1025 3612 1329 3669 Jerusalem
1362 3626 1598 3671 statuam
1640 3636 1792 3673 suam
1824 3621 2017 3675 erexit.
2054 3622 2344 3676 Abomina—

764 3702 838 3754 tio
870 3703 1233 3767 desolationis,
1263 3704 1464 3775 emgies
1500 3707 1648 3761 illius
1672 3710 1763 3776 qui
1814 3718 1941 3764 tunc
1968 3711 2155 3765 urbem
2201 3715 2345 3781 repit

764 3793 1003 3859 dicitur;
1058 3796 1318 3849 desolatio
1358 3805 1538 3853 autem
1586 3809 1830 3866 vocatur,
1860 3802 2004 3870 quod
2065 3802 2344 3859 desolatus

763 3896 842 3936 est
877 3884 1147 3941 civitatem
1179 3897 1231 3941 et
1268 3888 1550 3957 templum.

838 3974 1001 4030 \"Ens.
1030 3976 1120 4031 20.
1161 3977 1300 4044 Quid
1352 3988 1455 4045 est,
1506 3979 1669 4035 Orate
1701 3992 1756 4035 ut
1820 4000 1921 4037 non
1961 3984 2057 4053 ﬁat
2116 3985 2243 4055 fuga
2289 3986 2343 4039 in

769 4064 938 4118 hieme
994 4066 1072 4119 rel
1131 4066 1407 4125 Sabbato?
1464 4071 1516 4124 in
1596 4072 1793 4137 hieme,
1850 4074 1921 4127 ob
1973 4075 2342 4130 dillicullatem

766 4159 941 4227 l'ugre;
985 4159 1039 4213 iu
1075 4158 1340 4225 Sabbato,
1370 4162 1442 4216 ob
1501 4162 1670 4234 legem
1718 4164 2093 4234 prohibentem
2130 4167 2231 4222 hac
2258 4168 2346 4223 die

768 4253 869 4303 iter
896 4250 1099 4305 facere.

840 4339 1005 4395 VERS.
1047 4343 1143 4397 22.
1183 4342 1324 4408 Quid
1374 4354 1478 4410 est,
1539 4344 1660 4399 Nisi
1700 4348 1919 4402 breviati
1965 4351 2190 4418 fuissent
2234 4350 2344 4405 dies

768 4433 878 4488 illi?
904 4433 959 4486 Si
995 4434 1187 4505 magis,
1216 4435 1413 4507 inquit,
1440 4437 1695 4493 durasset
1753 4440 2343 4510 bellumRomanorum

2441 1954 2595 2021 Ἕως
2623 1955 2728 2009 τοῦ
2764 1958 3013 2025 αἳματος
3038 1961 3335 2028 Ζαχαρίου
3376 1960 3511 2014 υἱοῦ
3571 1961 3928 2029 Βαραχίους
3960 1962 4022 2014 Οἱ

2441 2046 2541 2116 μὲν
2571 2051 2662 2101 τδν
2700 2048 2948 2102 Ἰωάννου
2974 2052 3185 2122 πατέρα
3218 2052 3400 2120 φασίν·
3434 2052 3555 2107 οίδὲ
3585 2054 3677 2105 τὸν
3703 2053 4019 2122 προφήτην·

2438 2140 2489 2192 οἱ
2519 2139 2574 2193 δὲ
2604 2141 2792 2211 ἔτερόν
2832 2159 2953 2195 τινα
3001 2139 3271 2214 διώνυμον
3327 2144 3501 2214 ἱερέα,
3556 2144 3617 2198 ὃν
3672 2146 3768 2198 καὶ
3828 2144 4017 2198 Ἰωδαι

2441 2250 2607 2303 φησιν
2637 2235 2908 2307 ὴΓραφήο

2512 2324 2608 2391 τὸ,
2651 2328 2735 2382 Οὐ
2756 2328 2844 2397 μὴ
2866 2328 3034 2397 ιδητε
3055 2329 3159 2385 ἀπ’
3197 2330 3351 2399 ἄρτι,
3378 2331 3507 2400 περὶ
3529 2327 3624 2382 τοῦ
3650 2328 3853 2399 καιροῦ
3873 2328 4023 2397 λέγει

2441 2419 2537 2473 τού
2590 2422 2754 2494 μέχρι
2794 2423 2889 2476 τοῦ
2925 2424 3191 2494 σταυροῦ·
3246 2425 3307 2479 τὸ
3361 2425 3439 2489 δὲ,
3481 2426 3632 2491 Ἕως
3665 2424 3744 2478 ἂν
3783 2425 4021 2490 stante,

2445 2514 2871 2582 Εὐλογημένος
2915 2518 2949 2569 ό
2993 2516 3320 2586 ἐρχόμενος
3359 2520 3430 2569 ἐν
3483 2515 3730 2583 ὀνόματι
3776 2515 4023 2583 Κυρίου.

2445 2602 2695 2674 περὶτῆς
2726 2605 2987 2676 δευτέρας
3018 2607 3185 2660 αὐτοῦ
3220 2606 3523 2677 παρουσίας
3556 2605 3725 2673 λέγει·
3756 2604 3889 2658 τότε
3919 2604 4023 2672 γὰρ

2446 2695 2644 2760 πάντες
2674 2697 2838 2751 αὐτὸν
2870 2701 3364 2770 προσκυνήσουσιν.

3012 2842 3265 2896 ΚΕΦᾹΛ.
3318 2844 3448 2897 KA'.

2516 2971 2582 3023 Τί
2610 2972 2779 3037 ἐστιν,
2824 2973 2929 3036 Εἰς
2964 2972 3294 3039 μαρτύριον
3314 2968 3508 3026 πᾶσιν
3555 2968 3684 3035 τοῖς
3735 2969 4026 3029 ἔθνεσινς

2449 3062 2573 3114 Ὅτι
2607 3061 2885 3132 ἐκηρύχθη
2940 3061 3039 3131 μὲν
3082 3060 3381 3131 πανταχοῦ,
3440 3061 3543 3115 οὐκ
3603 3060 3912 3131 ἐπιστεύθη
3974 3061 4028 3113 δὲ

2450 3152 2751 3222 πανταχοῦ.

2524 3244 2595 3298 Τὸ
2627 3243 2821 3309 τέλος·
2858 3244 2975 3313 ἦτοι
2998 3244 3032 3313 ἡ
3060 3242 3161 3312 τῆς
3199 3241 3554 3314 Ἰερουσαλὴμ
3578 3242 3807 3308 ἅλωσις,
3842 3242 4029 3312 φησὶν,

2449 3335 2565 3389 ἀλλ’
2590 3336 2689 3407 οὐχ
2718 3337 2749 3405 ἡ
2778 3335 2870 3389 τοῦ
2903 3337 3113 3403 κόσμου
3151 3335 3455 3389 συντέλεια.

2518 3430 2585 3482 Τί
2622 3431 2771 3482 ἔστιν
2792 3430 2875 3496 τὸ,
2906 3428 3225 3497 Βδέλυγμα
3250 3426 3354 3496 τῆς
3388 3427 3775 3497 ἐρημώσεως-ς
3813 3428 3923 3481 Τδν
3943 3429 4026 3482 άν-

2448 3522 2676 3591 δριάντα
2700 3522 2849 3589 λέγει
2878 3522 3039 3574 Τίτου
3063 3520 3158 3574 τοῦ
3199 3522 3413 3584 ἑλόντος
3438 3521 3540 3591 τὴν
3573 3522 3751 3584 πόλιν,
3777 3521 3841 3583 ὃς
3894 3522 4027 3590 μετὰ

2450 3612 2512 3665 τὸ
2543 3613 2733 3667 λαϐεῖν
2767 3615 2867 3683 τὴν
2934 3613 3292 3683 Ἰερουσαλὴμ
3322 3613 3548 3683 ἔστησεν
3588 3613 3649 3665 τὸ
3682 3612 3906 3665 εἴδωλον
3938 3615 4026 3666 αύο

2450 3705 2566 3759 τοῦ.
2596 3704 2914 3773 Βδέλυγμα
2970 3704 3027 3756 δὲ
3062 3702 3440 3772 ἐρημώσεως,
3475 3702 3566 3754 τὸν
3605 3702 3907 3771 ἀνδριάντα
3938 3702 4027 3753 τοῦ

2450 3796 2571 3850 τότε
2604 3797 2816 3859 ἑλόντος
2840 3797 2940 3866 τὴν
2965 3795 3121 3849 πόλιν
3142 3795 3295 3862 λέγει
3320 3810 3334 3825 ο
3386 3794 3739 3862 ἐρημώσεως
3797 3794 3860 3848 δί
3900 3795 4027 3848 αὐτὶ

2451 3884 2626 3954 λέγει,
2657 3886 2734 3949 ὼς
2764 3885 3126 3957 ὲρημώσαντα
3156 3884 3256 3956 τὴν
3297 3882 3451 3936 πόλιν
3481 3883 3573 3936 καὶ
3600 3884 3693 3936 τὸν
3732 3885 3887 3938 ναόν.

2523 3977 2588 4031 Τί
2622 3978 2766 4031 ἔστιν
2812 3978 2893 4043 τὸ,
2921 3977 3199 4041 Εῠξασθε
3234 3975 3320 4045 μὴ
3352 3977 3594 4043 γένηται
3636 3977 3676 4043 ἡ
3744 3976 3916 4044 φυγὴ
3965 3978 4027 4030 h

2453 4070 2695 4140 χειμῶνι
2746 4070 2846 4124 καὶ
2907 4069 2985 4123 ἐν
3034 4068 3350 4139 Σαὸὄάτῳ;
3404 4070 3493 4122 Ἑν
3541 4068 3802 4139 χειμῶνι,
3862 4069 3951 4122 διά
3977 4071 4027 4121 τί

2455 4165 2712 4218 δύσκολον
2740 4164 2840 4234 τῆς
2865 4164 3074 4234 φυγῆςο
3106 4165 3165 4217 ιν
3200 4163 3491 4234 Σαὸσάτῳ,
3516 4164 3604 4217 διὰ
3635 4163 3731 4215 τὸν
3755 4164 4028 4218 κωλύοντα

2455 4258 2616 4326 νόμον
2647 4254 2852 4308 ὁδεύειν
2885 4258 2951 4327 τῇ
2980 4256 3165 4328 ἡμέρᾳ
3186 4256 3382 4327 ταύτῃ.

2526 4348 2590 4398 Τί
2638 4349 2787 4399 ἐστιν
2826 4347 2909 4410 τὸ,
2954 4348 3023 4399 El
3070 4345 3157 4416 μὴ
3210 4347 3673 4414 ἐκολοϐώθησαν
3711 4348 3773 4399 αι
3828 4346 4031 4415 ἡμέραι

2452 4436 2675 4491 ἐκεῖναι
2695 4452 2714 4499 ;
2750 4437 2814 4490 El
2851 4438 2945 4490 ἐπὶ
2970 4436 3152 4497 πλέον,
3187 4439 3374 4507 φησὶν,
3407 4438 3713 4507 ἐκράτησεν
3747 4440 3777 4490 ὁ
3802 4439 4028 4508 πόλεμος

772 4533 965 4578 contra
1033 4526 1331 4591 civitatem,
1385 4544 1576 4585 omnes
1635 4532 1922 4599 periissem
1968 4531 2161 4587 Judaei.
2238 4533 2344 4588 Sed

2457 4530 2565 4582 τῶν
2609 4529 2902 4599 Ῥωμαίων
2956 4529 2987 4581 ὀ
3039 4527 3183 4582 κατὰ
3227 4529 3328 4597 τῆς
3391 4530 3622 4593 πόλεως,
3685 4529 3938 4590 ἅπαντες
3974 4528 4029 4581 ἂν

772 4627 991 4684 propter
1020 4619 1221 4673 electos
1257 4620 1652 4675 breviahuntur
1694 4623 1810 4677 dies
1834 4623 1949 4690 illi;
1995 4626 2198 4680 electos
2225 4625 2357 4679 dicit

775 4707 865 4777 qui
916 4708 1029 4776 jam
1085 4713 1254 4778 gratia
1312 4715 1678 4768 crediderant.
1737 4714 1848 4769 Cur
1917 4715 1985 4770 de
2048 4714 2354 4772 Jerusalem

769 4802 1170 4870 «expugnatione
1197 4819 1305 4856 non
1349 4804 1600 4874 loquitur
1651 4804 1928 4862 Joannes?
1980 4805 2058 4861 Ne
2104 4808 2357 4863 videatur

771 4890 1099 4957 quibusdam
1151 4908 1217 4945 ex
1276 4893 1501 4948 historia
1556 4897 1839 4965 scripsisse
1887 4899 1990 4953 ista
2022 4907 2118 4953 aut
2159 4915 2224 4953 ex
2256 4916 2358 4954 au-

771 4983 907 5034 ditu.
959 4982 1103 5035 Vixit
1139 4985 1283 5036 enim
1316 4987 1502 5040 multis
1556 4991 1746 5053 annis;
1775 4989 1867 5043 sed
1900 4992 1992 5059 qui
2032 5001 2157 5046 ante
2183 5007 2357 5059 expu-

773 5076 1083 5142 gnationem
1110 5078 1307 5131 mortui
1336 5087 1511 5143 erant,
1554 5096 1675 5151 qua:
1716 5080 1815 5151 ipsi
1840 5096 1869 5135 a
1918 5081 2138 5139 Christo
2169 5084 2358 5139 audie-

776 5174 922 5228 rant,
950 5167 1316 5236 scripserunt.

860 5345 1018 5402 Vens.
1048 5348 1139 5403 ‘23.
1165 5347 1433 5414 Quoniam
1467 5349 1604 5404 duas
1632 5352 2085 5423 interrogationes
2110 5356 2358 5425 protule-

783 5447 905 5489 rant
935 5438 1000 5491 ad
1036 5437 1312 5492 Christum
1341 5440 1620 5509 discipuli,
1673 5459 1835 5496 uuam
1884 5444 1950 5498 de
2010 5460 2360 5501 consumma-

783 5530 931 5584 tione
955 5528 1285 5593 Jerusalem,
1325 5532 1548 5586 alteram
1585 5534 1649 5587 de
1672 5534 1776 5588 line
1811 5537 2018 5598 mundi,
2070 5548 2356 5608 postquam

780 5623 848 5674 de
896 5620 1192 5677 Jerusalem
1251 5623 1624 5681 destructione
1678 5637 1731 5681 et
1783 5628 2145 5696 prieccdentia
2203 5631 2359 5702 signa

783 5712 1059 5781 patefecit,
1090 5725 1143 5768 et
1172 5732 1292 5784 qua:
1316 5716 1684 5772 calamitatem
1710 5720 2117 5777 comitabuntur
2144 5736 2196 5779 et
2212 5727 2359 5780 cala-

785 5805 989 5861 uzitatis
1016 5807 1457 5874 ituincusilatrm,
1484 5818 1537 5864 et
1580 5807 1671 5865 Dei
1714 5822 1831 5877 post
1860 5813 2227 5870 CdldllllLthﬂl
2258 5817 2354 5871 lie-

2459 4620 2740 4676 άπώλοντο
2778 4620 3045 4673 Ἰουδαῖοι.
3072 4620 3170 4673 Διὰ
3201 4619 3259 4673 δὲ
3282 4621 3410 4683 τοὺς
3438 4620 3732 4683 ἐκλεκτοὺς
3772 4620 4015 4674 ὲκολοσώ

2459 4712 2633 4777 θησαν
2653 4712 2709 4764 αἱ
2739 4710 2949 4781 ἡμέραι
2996 4711 3206 4764 ἐκεῖναι
3229 4724 3243 4739 ·
3300 4710 3591 4774 ἐκλεκτοὺς
3615 4711 3764 4778 λέγει
3813 4711 3944 4774 τοὺς
3972 4714 4027 4779 τῇ

2459 4803 2641 4874 χάριτι
2677 4801 2778 4873 ήδη
2816 4798 3238 4863 πιστεύσαντας.
3268 4800 3367 4854 Διά
3389 4800 3443 4852 τί
3470 4801 3601 4869 περὶ
3642 4801 3745 4870 τῆς
3777 4801 4028 4863 ἁλώσεως

2470 4893 2829 4965 Ἰερουσαλὴμ
2857 4894 2919 4946 ού
2941 4892 3091 4960 λέγει
3129 4892 3423 4962 ’1ωάννης;
3464 4892 3585 4946 Ἵνα
3618 4892 3696 4963 μὴ
3728 4892 3864 4965 δόξῃ
3897 4893 4029 4945 τισὶν

2458 4987 2566 5038 άπὸ
2591 4987 2688 5055 τῆς
2726 4985 2966 5054 ἱστορίας
2992 4984 3329 5053 γεγραφέναι
3354 4984 3529 5038 ταῦτα
3567 4984 3601 5054 ἢ
3637 4983 3715 5046 ὡς
3752 4984 3993 5047 ἀκούσας
4015 5000 4029 5014 ·

2460 5076 2620 5144 ἔζησε
2675 5075 2783 5145 γάρ
2824 5073 2986 5143 μέχρι
3017 5073 3238 5127 πολλοῦ.
3307 5073 3473 5127 Ἀλλὰ
3521 5075 3572 5127 οἱ
3620 5074 3732 5143 πρὸ
3758 5074 3867 5142 τῆς
3903 5076 4028 5127 ἁλώ-

2462 5186 2598 5231 σεως
2643 5167 3086 5235 τελευτήσαντες,
3120 5166 3264 5219 ιιιύτο⁸Ι
3301 5165 3338 5220 ἃ
3390 5166 3632 5236 ἥκουσαν
3685 5165 3753 5217 ὲκ
3799 5162 4028 5234 Χριστοὶ

2460 5259 2826 5327 γεγράφασιν.

2544 5349 2765 5421 Ἐπειδὴ
2785 5350 2879 5404 δύο
2925 5350 3227 5419 ἐρωτήσεις
3273 5348 3656 5419 προσήνεγκαν
3701 5348 3753 5401 οι
3802 5349 4031 5418 μαθηται

2459 5444 2538 5514 τῷ
2567 5444 2810 5516 Χριστῷ,
2853 5444 2987 5514 μίαν
3020 5443 3149 5512 περὶ
3176 5445 3274 5511 τῆς
3308 5441 3623 5502 συντελείας
3655 5442 3767 5493 τῶν
3813 5442 4019 5513 Ἰεροσο

2459 5538 2670 5607 λύμων,
2694 5538 2789 5590 κα)⁵
2814 5537 3006 5605 ἑτέραν
3042 5537 3171 5603 περὶ
3198 5535 3297 5604 τῆς
3340 5535 3649 5597 συντελείας
3677 5534 3777 5587 τοῦ
3812 5537 4031 5604 κόσμο),

2461 5629 2631 5683 εἰπὼν
2658 5630 2785 5700 περὶ
2806 5629 2907 5698 τῆς
2932 5628 3038 5682 τῶν
3079 5626 3468 5697 Ἱεροσολύμων
3507 5627 3575 5679 τά
3619 5643 3678 5678 τε
3730 5630 4029 5696 προάγοντα

2465 5724 2688 5791 σημεῖα,
2721 5720 2817 5773 καὶ
2854 5719 2920 5772 τὰ
2954 5720 3012 5771 ὲν
3043 5717 3194 5787 αὐτῷ
3220 5716 3301 5787 τῷ
3331 5716 3514 5781 πάθει,
3559 5717 3653 5770 καὶ
3681 5716 3781 5787 τὴν
3817 5716 4015 5787 ὑπερδο

2463 5813 2559 5883 λὴν
2591 5812 2682 5867 τού
2716 5812 2938 5875 πάθους,
2974 5809 3069 5864 καὶ
3090 5808 3186 5880 τὴν
3213 5808 3351 5879 μετὰ
3372 5809 3430 5862 τὸ
3462 5807 3629 5872 πάθος
3654 5809 3752 5861 ἐπὶ
3790 5812 3859 5879 τῇ
3892 5808 4020 5869 mh;
