4220 6432
271 427 403 489 1153

1251 429 1574 489 SCIIOLIA
1618 429 1911 486 VETERA
1955 427 2032 488 1N
2078 429 2540 488 MATTHzEUM.

3358 437 3493 496 1154

263 539 430 591 ϐὡσει
458 536 564 589 τῶν
591 538 810 606 ἡμερῶν
839 538 1063 591 ἐκείνων
1094 541 1503 609 φιλανθρωπίαν
1541 539 1632 593 τοῦ
1665 539 1822 603 Θεοῦ,
1856 550 1895 602 Α

1856 550 1895 602 Α
1931 540 2286 594 nevolentiam
2325 542 2376 594 in
2416 539 2708 595 brevianilo
2726 539 2840 593 dies
2871 541 3011 605 illos,
3033 556 3175 595 nunc
3205 549 3394 599 transit
3426 545 3490 601 ad

263 626 357 678 νῦν
393 625 703 696 μεταδαίνει
741 628 832 678 καὶ
859 629 947 679 ἐπί
983 629 1080 697 τὴν
1111 629 1201 681 τοῦ
1241 631 1444 697 κόσμου
1484 630 1821 681 συντέλειαν·

260 719 321 770 τὸ
344 718 420 778 δὲ,
457 719 610 784 τότε,
637 717 738 769 οὐκ
773 717 917 769 ἔστιν
941 719 1270 786 ἐμφαντικὸν
1310 719 1402 771 τοῦ
1436 721 1573 788 μετὰ
1617 721 1698 783 τι,
1739 723 1825 774 εὖ·

263 811 420 874 θέως,
452 811 584 864 ἀλλὰ
621 812 779 880 μόνον
803 810 994 880 καιροῦ
1037 813 1445 881 παραστατικὸν
1489 815 1635 864 ἐστιν
1686 815 1825 865 ὲκεί-

262 918 374 965 νου,
414 903 532 955 καθ’
570 903 627 954 ὂν
681 901 749 953 τὰ
793 901 1139 971 ῥηθησόμενα
1186 902 1370 971 μέλλει
1417 903 1691 970 γίνεσθαι*
1728 903 1824 955 καὶ

259 996 434 1066 τούτῳ
465 998 727 1066 κέχρηται
748 995 1005 1058 πολλάκις
1035 995 1110 1065 τῷ
1141 995 1390 1064 ἰδιώματι
1416 998 1447 1065 ἡ
1472 995 1561 1047 τοῦ
1582 996 1822 1063 Εὐάγγε-

261 1086 374 1137 λίου
407 1088 614 1155 Γραφὴ.
1571 1079 1574 1082 ⁴

335 1178 635 1246 Πληρώσας
693 1178 818 1247 περὶ
864 1177 970 1230 τῶν
1015 1176 1423 1246 Ἰεροσολύμων,
1453 1175 1530 1237 είς
1568 1175 1664 1242 τὴν
1695 1177 1820 1226 ἑαυ-

258 1265 352 1317 τοῦ
385 1267 646 1318 διαϐαίνει
698 1267 954 1334 δευτέραν
1007 1268 1330 1338 παρουσίαν,
1371 1268 1459 1319 καὶ
1510 1266 1658 1330 λέγει
1712 1269 1822 1327 τοῖς

262 1357 532 1425 μαθηταῖς
577 1360 643 1409 τά
676 1361 913 1426 σημεῖα·
962 1353 1098 1418 εἶτα,
1141 1361 1296 1420 Τότε,
1354 1359 1538 1426 φησὶν,
1569 1355 1678 1408 ἐάν
1737 1373 1821 1420 τις

256 1449 419 1514 εἴπῃ,
455 1442 591 1500 Ὧδε
646 1451 676 1501 ό
737 1450 1008 1514 Χριστὸς,
1056 1449 1142 1515 μὴ
1199 1450 1582 1513 πιστεύσητε.
1623 1447 1695 1498 Τὸ
1741 1448 1817 1510 δὲ,

257 1541 410 1600 τότε.
449 1540 506 1592 οὐ
543 1541 638 1608 τῆς
669 1539 988 1601 ἀκολουθίας
1030 1541 1145 1591 ἐστὶ
1183 1539 1276 1591 τοῦ
1317 1538 1530 1608 καιροῦ,
1584 1539 1718 1590 ἀλλὰ
1752 1539 1820 1590 τὰ

257 1631 348 1681 τοῦ
375 1632 493 1682 τότε
527 1629 716 1698 καιροῦ
743 1631 896 1698 μόνα·
921 1630 1052 1682 ὅπου
1083 1632 1188 1700 γὰρ
1223 1630 1544 1683 ἀκολουθίαν
1569 1629 1818 1681 ὲὸορλετο

255 1722 435 1772 είπεῖν
497 1721 574 1782 τὸ,
629 1721 848 1785 ευθέως,
892 1720 1060 1786 λέγει·
1091 1720 1325 1774 ἐνταῦθα
1381 1721 1436 1773 δὲ
1471 1722 1566 1789 οὐχ
1623 1720 1813 1782 οὕτως,

253 1813 388 1865 ἀλλά
419 1813 495 1873 τὸ,
525 1811 676 1864 τότε.
702 1810 858 1866 Οῦτω
886 1814 977 1865 καὶ
1021 1811 1097 1862 ὅτ’
1132 1812 1194 1863 ἂν
1221 1812 1371 1881 λέγῃο
1421 1814 1522 1863 Ἐν
1561 1811 1816 1875 ἐκείναις

1928 633 2113 685 mundi
2135 633 2315 684 linem.
2341 634 2450 686 Vox
2469 643 2648 686 autem
2682 633 2908 685 illatunc
2929 649 3033 686 non
3066 636 3333 702 signiﬁcat
3372 649 3494 706 post

1928 723 2028 775 hoc
2057 723 2264 784 statim,
2299 723 2584 777 sedsolum
2632 724 2834 778 indicat
2895 734 3109 794 tempus
3167 727 3317 789 illud,
3385 744 3494 796 quo

1927 812 2012 864 illa
2043 829 2159 880 qua:
2187 814 2435 866 dicturus
2475 824 2554 866 est
2585 815 2776 867 debent
2803 816 2916 868 ﬁeri
2944 833 2955 869 :
2986 826 3037 868 et
3066 817 3153 869 illa
3176 819 3373 888 saepius
3398 836 3493 872 tua

1923 911 2006 954 est
2049 902 2442 980 signiﬁcatione
2467 901 2738 973 Evangelii
2768 907 3072 974 Scriptura.
3175 893 3184 898 ’

1994 1177 2127 1228 Cum
2153 1179 2502 1245 compleverit
2540 1194 2662 1248 quae
2687 1180 2752 1233 de
2808 1179 3179 1252 Jerosnlymis,
3214 1185 3278 1238 ad
3331 1201 3490 1239 suum

1922 1270 2116 1320 transit
2134 1270 2428 1322 secundum
2448 1271 2761 1334 adventura,
2787 1273 2981 1326 etdieit
3002 1277 3282 1344 discipulis
3314 1278 3487 1345 signa.

1927 1357 2146 1422 Deinde,
2203 1359 2366 1421 Tunc,
2399 1363 2594 1429 inquit,
2642 1364 2686 1414 si
2720 1365 2835 1432 quis
2873 1367 3011 1416 vobis
3038 1367 3268 1431 dixerit,
3289 1371 3388 1421 Hic
3413 1382 3488 1421 est

1922 1448 2183 1514 Christus,
2214 1451 2376 1502 nolite
2412 1452 2640 1514 credere,
2677 1453 2762 1505 Illa
2798 1469 2901 1506 vox
2945 1462 3087 1517 tunc,
3120 1472 3224 1509 non
3281 1467 3491 1526 tempus

1919 1544 2168 1609 proxime
2199 1557 2432 1610 sequens
2462 1544 2739 1610 exprimit,
2770 1546 2859 1597 sed
2904 1546 3247 1599 solummodo
3280 1557 3489 1616 tempus

1916 1633 2056 1698 quod
2091 1644 2274 1700 postea
2329 1645 2456 1688 tunc
2495 1635 2791 1701 continget.
2826 1634 2958 1689 Nam
2995 1638 3086 1691 ubi
3117 1647 3328 1708 tempus
3363 1655 3489 1707 pro-

1918 1725 2059 1776 xime
2116 1739 2350 1792 sequens
2404 1727 2514 1778 vult
2595 1725 2928 1794 signiﬁcare,
2953 1730 3132 1782 statim
3169 1740 3356 1795 sonat;
3406 1731 3492 1784 ltic

1918 1821 2098 1865 autem
2136 1828 2241 1865 non
2275 1813 2368 1875 ita,
2407 1814 2498 1866 sed
2531 1825 2650 1866 tunc
2684 1816 2860 1870 habet.
2899 1816 2988 1869 Sic
3014 1833 3231 1886 quoque
3255 1819 3359 1873 dici
3395 1835 3490 1887 po-

253 1905 380 1970 ταῖς
442 1906 688 1973 ἡμέραις
749 1907 1133 1974 παραγίνεται
1201 1905 1488 1969 Ἰωάννης·
1534 1905 1707 1956 καίτοι
1755 1920 1815 1970 γε
1851 1896 1889 1951 Β

1851 1896 1889 1951 Β
1924 1911 2062 1954 test:
2109 1902 2170 1955 In
2203 1903 2312 1955 illis
2370 1905 2681 1970 temporibus
2723 1907 2857 1958 venit
2915 1906 3187 1970 Joannes;
3251 1919 3489 1963 attamen

255 2000 456 2067 μεταξὺ
485 2001 705 2066 γέγονεν
738 2001 853 2064 ἐτη·
885 1996 995 2048 ἀλλ’
1027 1995 1143 2056 ἔθος
1174 1995 1238 2062 τῇ
1273 1993 1459 2062 Γραφῇ
1512 1991 1684 2061 τούτῳ
1723 2009 1814 2043 χε-

253 2091 484 2160 χρῆσθαι
535 2091 630 2159 τῆς
663 2089 899 2160 ἱστορίας
953 2087 1031 2156 τῷ
1060 2086 1267 2155 τρόπῳ.
1301 2085 1453 2136 Οὕτω
1481 2083 1544 2153 δὴ
1583 2085 1676 2135 καὶ
1727 2085 1815 2134 ἐν·

249 2185 442 2246 ταῦθα,
469 2185 559 2235 τὸν
597 2183 757 2250 μέσον
782 2181 996 2234 ἅπαντα
1023 2179 1214 2248 χρόνον
1255 2176 1543 2246 παρελθὼν
1567 2176 1674 2229 άπὸ
1713 2177 1811 2245 τῆς

251 2274 503 2334 ἁλώσεως
530 2271 636 2323 τῶν
678 2270 1065 2341 Ἰεροσολύμων
1100 2268 1202 2330 ἕως
1232 2267 1339 2319 τῶν
1373 2268 1675 2335 προοιμίων
1712 2266 1810 2335 τῆς

252 2366 559 2428 συντελείας
607 2364 701 2416 τοῦ
742 2363 1051 2431 σύμπαντος
1085 2364 1287 2430 κόσμου
1320 2360 1492 2424 λέγει,
1529 2358 1662 2410 Τότε
1705 2357 1813 2410 ἐάν

247 2476 338 2524 τις
363 2458 502 2526 ὑμῖν
521 2458 681 2523 εἴπῃ,
709 2456 798 2510 ὅτι
823 2451 965 2509 Ὧδε
993 2458 1024 2508 ὀ
1049 2454 1324 2520 Χριστός.

321 2553 438 2614 Πῶς
466 2552 685 2621 νοητέον
709 2552 788 2614 τὸ,
821 2551 1007 2603 Ὅπου
1046 2548 1113 2601 τὸ
1152 2547 1378 2614 πτῶμα,
1412 2545 1537 2598 ἐκεῖ
1563 2550 1613 2600 οἱ
1650 2546 1809 2600 ἀετοί

247 2642 740 2709 συναχθήσονται
765 2658 780 2698 :
810 2639 977 2692 Τοῦτό
1005 2641 1172 2698 ὲστιν,
1197 2637 1255 2688 τὸ
1289 2637 1492 2705 πλῆθος
1517 2637 1622 2687 τῶν
1642 2637 1811 2703 ἀγγέ-

246 2735 353 2785 λὼν
389 2734 479 2786 καὶ
513 2731 619 2783 τῶν
646 2729 936 2799 μαρτύρων
967 2728 1059 2780 καὶ
1092 2727 1198 2780 τῶν
1229 2727 1402 2794 άγίων
1430 2728 1645 2781 πάντων
1675 2726 1811 2794 μετὰ

243 2821 484 2891 Χριστοῦ
512 2821 923 2890 εὑρεθήσονται.
1744 2870 1764 2878 _

320 2912 554 2975 Εὐθέως
584 2909 652 2962 δὲ
695 2909 844 2978 μετὰ
871 2908 986 2974 τὴν
1024 2909 1234 2975 θλίψιν
1262 2907 1380 2958 τῶν
1409 2906 1642 2974 ἡμερῶν
1663 2906 1809 2960 ἐκεί-

244 3021 390 3067 νων,
412 3005 444 3056 ό
469 3002 642 3069 ἣλιος
662 2999 1220 3068 μεταστραφήσεται
1251 3000 1335 3062 εὶς
1361 2994 1520 3064 αἷμα.
1553 2998 1688 3049 Πότε
1719 2998 1809 3050 λέ-

243 3114 368 3165 rei;
421 3095 574 3150 Μετά
618 3094 716 3164 τὴν
762 3093 856 3145 τοῦ
922 3092 1286 3160 Ἀντιχρίστου
1348 3090 1579 3142 ἔλευσιν.
1623 3089 1727 3142 Καὶ
1777 3090 1809 3140 ό

246 3190 420 3256 ἣλιος
455 3187 940 3251 σκοτισθήσεταιι
993 3185 1092 3237 οὐκ
1121 3184 1533 3251 ἀφανιζόμενος,
1575 3182 1705 3234 ἀλλὰ
1730 3199 1807 3232 νι-

245 3283 490 3350 κώμενος
512 3278 743 3351 τῷφωτὶ
756 3279 852 3347 τῆς
882 3278 1178 3347 παρουσίας
1211 3275 1397 3329 αὑτοῦ.
1431 3275 1505 3328 Τὰ
1529 3274 1597 3325 δὲ
1618 3274 1808 3339 ἄστρα

246 3373 536 3433 πεσεῖται,
595 3373 677 3423 ὅτι
727 3372 826 3422 οὐκ
863 3369 1010 3420 ἕσται
1062 3367 1238 3420 αὐτῶν
1284 3366 1439 3435 χρεία
1489 3363 1678 3425 νυκτὸς
1709 3365 1808 3415 οὐκ

244 3464 433 3534 οὔσηςο
462 3463 494 3532 ἢ
532 3463 728 3532 μᾶλλον
752 3460 812 3514 οὺ
865 3462 1132 3522 πεσεῖται,
1162 3457 1297 3510 ἀλλὰ
1338 3456 1415 3524 τῷ
1447 3455 1586 3522 φωτὶ
1629 3457 1809 3523 ἀμαυ-

247 3557 580 3626 ρωθήσεται,
613 3555 688 3616 ὡς
726 3553 966 3622 νομίζειν
1003 3553 1207 3612 πεσεῖν,
1237 3547 1419 3609 καθὼς
1459 3547 1551 3599 καὶ
1579 3547 1605 3597 ὁ
1635 3545 1804 3614 ἥλιος.

319 3650 451 3717 Περὶ
492 3647 645 3699 ποίου
689 3644 914 3714 σημείου
966 3643 1132 3708 λέγει,
1185 3642 1266 3692 ὅτι
1305 3640 1602 3707 φανήσεται
1645 3639 1702 3689 ὲν
1734 3637 1808 3706 τῷ

242 3739 458 3812 οὐρανῷ
486 3757 501 3804 ;
534 3739 668 3806 Περὶ
698 3735 792 3788 τοῦ
832 3732 1088 3802 σταυροῦ·
1128 3733 1267 3786 ὥστε
1293 3729 1386 3783 τοῦ
1415 3730 1563 3798 ἡλίου
1589 3728 1810 3796 φαιδρό-

244 3848 400 3902 τερος
434 3831 582 3881 ἔσται
608 3845 622 3858 ·
661 3828 958 3896 φανήσεται
990 3823 1048 3876 δὲ
1077 3822 1172 3891 τὴν
1202 3822 1309 3873 τῶν
1371 3819 1636 3873 Ἰουδαίων
1689 3821 1809 3871 tm-

244 3921 516 3989 στομίζων
546 3918 749 3972 ἄνοιαν.

326 4011 734 4067 Ἀναστὰντων
784 4005 1200 4070 συλλέξουσιν
1257 4005 1496 4074 ἄγγελοι
1524 4019 1538 4035 ο
1579 4001 1804 4057 συλλέ·

243 4120 461 4175 τον-τας
484 4102 551 4154 δὲ
579 4099 822 4168 νεφέλαι
846 4097 1244 4164 ἀρπὰξουσιν.

317 4197 449 4264 Περὶ
487 4192 643 4254 ποίας
675 4192 868 4258 γενεᾶς
898 4186 1071 4251 εἶπεν,
1112 4189 1191 4240 ὅτι
1229 4189 1309 4240 Ob
1327 4185 1412 4255 μὴ
1456 4185 1724 4254 παρέλθῃ
1768 4185 1805 4251 ἠ

239 4288 418 4357 γενεὰ
467 4286 639 4350 αὕτη,
670 4283 781 4346 ἕως
838 4281 915 4335 ἂν
955 4279 1149 4332 πάντα
1198 4278 1385 4332 ταῦτα
1422 4278 1693 4345 γένηται;
1731 4277 1804 4329 Οὐ

243 4380 372 4448 περὶ
402 4380 500 4446 τῆς
531 4377 652 4428 τότε
679 4375 870 4441 γενεᾶς
905 4372 1079 4426 ταῦτα
1124 4371 1294 4439 λέγει,
1351 4371 1485 4424 ἀλλὰ
1541 4372 1668 4439 περὶ
1711 4372 1807 4439 τῆς

241 4472 351 4525 τῶν
390 4467 613 4521 πιστῶν.
638 4461 791 4518 Οἶδεν
829 4465 940 4533 γὰρ
995 4463 1188 4530 γενεάν
1239 4464 1339 4514 οὐκ
1390 4462 1499 4514 ἀπὸ
1552 4465 1652 4531 τῆς
1700 4461 1807 4513 τῶν

1891 1995 2124 2048 —interea
2165 1996 2290 2048 anni
2331 1995 2698 2050 ellluxerant:
2761 2000 2853 2050 sed
2890 2014 3012 2052 mox
3066 2010 3150 2054 est
3180 2001 3482 2068 Scriptura

1919 2085 1993 2138 uti
2027 2087 2126 2138 bac
2183 2087 2509 2140 narrationis
2565 2087 2753 2140 forma.
2807 2088 2881 2140 lta
2906 2088 2976 2141 ibi
3025 2089 3185 2142 etiam
3233 2092 3486 2144 omittens

1917 2191 2077 2227 omne
2121 2185 2335 2244 tempus
2359 2177 2426 2228 ab
2444 2179 2840 2246 expugnatione
2873 2177 3174 2234 Jerusalem
3213 2186 3484 2250 usquetad

1917 2266 2069 2320 initia
2142 2269 2632 2323 consummationis
2707 2271 2945 2324 universi
3007 2273 3229 2338 mundi,
3316 2275 3486 2329 dit-it:

1921 2357 2085 2424 Tunc,
2114 2361 2291 2429 siquis
2327 2362 2470 2413 nobis
2502 2363 2732 2415 dixerit:
2763 2363 2862 2416 llic
2895 2374 2968 2417 est
3001 2366 3262 2421 Christus.

1995 2542 2158 2598 Vens.
2196 2542 2284 2597 28.
2346 2543 2632 2609 Quomodo
2691 2546 3132 2615 intelligendum;
3188 2547 3286 2600 Ubi
3330 2550 3492 2616 fuerit

1915 2653 2122 2703 corpus,
2158 2637 2269 2690 illic
2301 2639 2757 2707 congregabantur
2786 2648 2833 2690 et
2873 2639 3105 2706 aquilte?
3137 2641 3190 2692 Id
3225 2650 3326 2705 est,
3353 2643 3492 2694 mul-

1915 2732 2086 2784 titudo
2153 2733 2468 2801 angelorum
2521 2742 2576 2787 et
2657 2735 2901 2787 omnium
2977 2745 3288 2789 sanctorum
3360 2753 3482 2791 cum

1913 2825 2506 2879 Clu-istoinvenientur.
2547 2868 2562 2879 .

1989 2915 2149 2968 Vens.
2197 2914 2286 2968 29.
2329 2914 2527 2969 Statim
2561 2926 2735 2970 autem
2777 2929 2899 2986 post
2952 2919 3345 2974 tribulationem
3372 2923 3482 2976 dte-

1913 3023 2030 3058 rum
2099 3006 2332 3068 illorum,
2380 3007 2462 3058 sol
2519 3018 2848 3060 convertetur
2892 3011 2944 3062 in
2964 3014 3295 3079 sanguinem;
3350 3015 3486 3081 forte

1913 3098 2039 3150 dicit
2060 3106 2174 3163 post
2205 3097 2525 3150 Antechristi
2552 3099 2854 3151 aduentum.
2884 3098 2950 3152 Et
2985 3101 3061 3151 sol
3093 3102 3486 3181 obscurabitttt';

1855 3237 1876 3259 π
1916 3207 2020 3243 non
2048 3189 2336 3242 invisibilis
2378 3189 2684 3252 lactus,sed
2727 3198 3013 3258 superatus
3050 3193 3252 3247 lumine
3282 3195 3486 3250 adven-

1915 3291 1998 3335 tus
2032 3281 2257 3335 Christi.
2319 3281 2497 3335 Stellte
2564 3292 2738 3335 autem
2812 3284 3047 3347 cadent,
3079 3286 3203 3353 quia
3245 3301 3351 3340 non
3405 3289 3484 3342 eis

1918 3388 2056 3441 opus
2102 3374 2227 3439 erit,
2261 3387 2382 3426 cum
2419 3389 2523 3426 nox
2579 3388 2683 3426 non
2735 3373 2940 3438 aderit;
2996 3386 3088 3429 aut
3131 3379 3330 3445 potius,
3379 3396 3485 3433 non

1911 3469 2122 3530 cadent,
2181 3465 2270 3520 sed
2298 3466 2410 3519 luce
2438 3465 2831 3534 privabantur,
2859 3467 2930 3521 ita
2983 3478 3041 3522 ut
3083 3478 3345 3539 putentur
3397 3488 3488 3526 ea-

1911 3557 2055 3617 dere,
2082 3558 2222 3611 velut
2249 3557 2326 3610 sol
2355 3557 2487 3624 ipse.

1985 3649 2148 3703 Vens.
2199 3650 2289 3703 30.
2330 3649 2405 3701 De
2471 3663 2580 3717 quo
2635 3649 2790 3717 signo
2832 3649 2963 3704 dicit
3007 3654 3147 3720 quod
3204 3657 3486 3723 apparebit

1912 3739 1965 3794 iu
1987 3740 2158 3793 creto?
2196 3739 2268 3792 De
2292 3755 2472 3803 cruce,
2499 3755 2622 3808 qua:
2651 3742 2766 3794 sole
2793 3742 3124 3810 splendidior
3145 3746 3282 3810 erit;
3319 3762 3484 3814 appa-

1910 3833 2051 3887 rebit
2099 3839 2275 3886 autem
2318 3833 2384 3885 ad
2427 3833 2860 3902 exprobrandam
2910 3834 3232 3890 'Judaeorum
3306 3839 3484 3891 stulti-

1910 3923 2064 3976 tiam.

1981 4013 2144 4067 Vens.
2175 4013 2264 4067 3|.
2293 4012 2590 4067 Suscitatos
2611 4016 2996 4083 congregabunt
3023 4018 3218 4086 angeli,
3268 4035 3485 4088 congre-

1911 4112 2190 4174 gantesque
2214 4103 2370 4156 nubes
2394 4105 2652 4169 auferent.

1983 4195 2146 4247 Vens.
2178 4195 2267 4246 54.
2316 4192 2388 4246 De
2415 4210 2520 4263 qua
2580 4197 2930 4264 generatione
2964 4198 3116 4263 dicit,
3155 4201 3323 4268 quoi,
3360 4201 3478 4254 Non

1909 4287 2194 4354 prateribit
2222 4287 2488 4353 generatio
2515 4285 2647 4350 hate,
2705 4287 2870 4339 donec
2929 4288 3107 4340 omnia
3167 4289 3276 4341 lucc
3309 4291 3484 4356 ﬁant?

1910 4375 2026 4428 Non
2072 4376 2139 4430 de
2167 4376 2512 4445 generatione
2546 4385 2674 4428 tunc
2701 4377 2916 4430 vivente
2973 4377 3060 4430 illa
3088 4379 3242 4442 dicit,
3271 4382 3363 4434 sed
3416 4383 3482 4435 de

1912 4468 2256 4536 generatione
2308 4468 2664 4521 credentium.
2729 4466 2844 4520 Scit
2895 4469 3040 4522 enim
3078 4472 3479 4538 generationem

242 4563 450 4634 χρόνων
483 4557 821 4618 ἀκολουθίας,
859 4555 973 4608 ἀλλ’
1006 4553 1113 4605 ἀπὸ
1137 4553 1233 4619 τῆς
1265 4551 1373 4604 τῶν
1419 4553 1636 4622 τρόπων
1668 4553 1796 4622 θρη-
1836 4565 1879 4621 ο

1836 4565 1879 4621 ι)
1908 4571 2015 4608 non
2050 4571 2079 4608 a
2108 4557 2455 4610 successione
2483 4565 2812 4625 temporum,
2836 4563 2932 4612 sed
2959 4574 2988 4612 a
3027 4575 3238 4614 morum
3285 4561 3481 4630 pietate

244 4652 432 4713 σκείας
463 4647 903 4720 χαρακτηρίζειν.
939 4646 1072 4697 Ποία
1105 4645 1296 4712 γενεά,
1347 4644 1409 4696 'H
1458 4645 1565 4696 τῶν
1602 4646 1806 4697 πιστῶν

241 4745 508 4814 δηλονότι.
537 4742 654 4793 ’Ὶνα
685 4739 794 4808 γὰρ
869 4738 941 4808 μή
994 4754 1078 4800 τις
1123 4738 1251 4806 εἴπῃ
1305 4736 1385 4788 ὅτι
1434 4736 1678 4804 σημείων
1715 4737 1806 4789 καὶ

240 4836 482 4905 τεράτων
509 4829 991 4898 ἐπιδεικνυμένων,
1031 4827 1232 4890 πάντες
1263 4826 1381 4880 κατ’
1411 4829 1586 4879 ἐκεῖνο
1611 4828 1804 4897 καιροῦ

241 4923 706 4993 ἀπατηθήσονται,
746 4921 1054 4988 ἐπήγαγεν·
1089 4921 1171 4972 Ob
1194 4919 1279 4987 μὴ
1334 4919 1604 4986 παρέλθῃ
1645 4918 1682 4985 ἡ
1713 4937 1806 4986 γε..

240 5018 369 5073 νεά·
400 5015 530 5075 οἷον,
574 5013 784 5074 Πολλοὶ,
819 5011 1006 5079 φησὶν,
1046 5011 1228 5062 πιστοὶ
1274 5010 1367 5062 καὶ
1408 5011 1806 5080 ἀνεξαπάτητοι

241 5105 587 5176 διαμενοῦσιν
617 5104 708 5158 καὶ
741 5102 827 5155 ἐπ’
854 5101 1022 5169 αὐτῆς
1054 5100 1152 5168 τῆς
1188 5100 1495 5162 συντελείας
1523 5116 1535 5130 ·
1580 5101 1612 5169 ἢ
1647 5101 1806 5166 γενεά

239 5200 300 5250 τὸ
329 5195 670 5265 ἀνθρώπινον
696 5193 874 5259 γένος,
905 5191 1048 5243 τοῦτ’
1079 5192 1246 5256 ἔστιν,
1277 5192 1357 5244 ὃτι
1389 5193 1569 5245 Πάντα
1593 5193 1628 5246 ἃ.
1655 5191 1806 5246 εἷπον

242 5289 562 5356 ὲκόήσεται,
603 5284 699 5336 καὶ
726 5283 921 5352 ὄψεται
951 5282 1090 5335 αὐτὰ
1113 5283 1172 5334 τὸ
1199 5281 1559 5351 ἀνθρώπινον.

314 5379 438 5441 Πῶς
485 5380 685 5430 νοεῖται
714 5376 795 5438 τὸ,
840 5375 902 5426 '0
927 5376 1185 5441 οὐρανὸς
1218 5374 1314 5426 καί
1339 5374 1376 5440 ἡ
1407 5373 1478 5442 γῆ
1511 5376 1806 5441 παρελεύ-

239 5486 474 5532 σονται,
504 5471 557 5520 οὶ
576 5467 643 5520 δὲ
671 5469 841 5535 ,λόγοι
863 5483 982 5535 μου
1005 5468 1078 5519 οὑ
1105 5465 1189 5533 μή
1215 5483 1233 5529 ;
1265 5465 1642 5536 Εὑκολώτερον
1675 5467 1804 5535 γὰρ.

242 5562 431 5631 φησὶν,
480 5560 841 5629 ἀφανισθῆναι
891 5559 960 5612 τὰ
1005 5560 1292 5627 πεπηγότα
1354 5558 1447 5610 καὶ
1486 5557 1739 5627 ἀκίνητα,
1770 5559 1805 5628 ἢ

241 5656 350 5708 τῶν
377 5654 525 5723 ὲμῶν
552 5671 605 5706 τι
638 5654 932 5707 διαπεσεῖν.

315 5839 503 5893 Ἔστιν
546 5839 605 5893 τὸ
667 5839 868 5908 λέγειν,
919 5840 998 5893 ὃτι
1055 5839 1226 5893 οἶδεν
1255 5838 1383 5906 περὶ
1433 5837 1541 5907 τῆς
1584 5838 1804 5907 ἡμέρας

1909 4657 2118 4701 notare.
2142 4648 2400 4714 Quaenam
2426 4649 2736 4718 generatio?
2766 4647 3114 4704 Credentium
3145 4653 3262 4707 sine
3291 4655 3478 4708 dubio.

1907 4739 2119 4793 Etenim
2161 4753 2227 4794 ne
2274 4740 2398 4808 quis
2438 4740 2582 4793 dicat
2629 4754 2838 4803 omnes,
2883 4742 3054 4810 signis
3091 4752 3143 4795 et
3223 4745 3481 4812 prodigiis

1909 4830 2087 4893 factis.
2114 4835 2214 4884 hoc
2242 4840 2481 4898 tempore
2499 4831 2846 4900 decipiendos
2891 4833 3026 4896 lore,
3059 4831 3261 4902 atljeeit
3296 4854 3307 4888 :
3358 4836 3478 4890 Non

1907 4924 2193 4991 prater-ibit
2229 4924 2529 4991 generatio;
2560 4925 2939 4991 quasidicerct
2971 4941 2984 4977 :
3020 4927 3172 4979 multi
3200 4929 3481 4984 credentes

1908 5026 1959 5070 et
2003 5015 2070 5069 ab
2109 5029 2290 5069 errore
2330 5016 2444 5084 tuti;
2466 5016 2860 5084 permanebunt
2915 5018 2966 5071 in
3007 5022 3480 5075 consummatione

1911 5109 2057 5176 ipsa:
2091 5117 2183 5160 aut
2225 5108 2503 5176 generatio
2543 5110 2606 5161 de
2658 5108 2895 5161 humano
2948 5125 3143 5178 genere
3175 5112 3399 5175 dicitur,
3427 5113 3479 5166 id

1909 5211 2013 5264 est,
2055 5199 2237 5254 omnia
2271 5215 2390 5267 quae
2429 5200 2540 5252 dixi
2572 5200 2845 5264 evenient,
2879 5209 2933 5255 et
2965 5202 3250 5256 videbitca
3284 5204 3480 5258 buma-

1911 5308 2040 5345 tium
2076 5307 2266 5361 genus.

1982 5382 2143 5436 Vens.
2187 5384 2303 5437 55..
2339 5382 2624 5447 Quomodo
2651 5383 2966 5452 intelligitur
2998 5383 3230 5437 :Caelun:
3261 5395 3308 5436 ,τι
3343 5395 3481 5439 terra

1910 5474 2229 5536 transibunt,
2297 5475 2452 5526 rerba
2496 5482 2671 5526 autem
2720 5491 2836 5526 mea
2871 5490 2974 5526 non
3007 5474 3356 5529 transibunt?
3402 5477 3481 5529 fa-

1907 5565 2065 5619 cilius
2106 5565 2250 5616 enitu
2292 5573 2396 5628 est,
2451 5563 2648 5632 inquit,
2684 5578 2714 5616 e
2757 5573 3050 5631 conspectu
3114 5565 3226 5616 tolli
3284 5565 3385 5616 ﬁxa
3427 5574 3482 5618 et

1908 5654 2225 5708 immobilia.
2254 5669 2415 5723 quam
2454 5653 2656 5722 aliquid
2705 5668 2949 5706 meorum
3005 5653 3296 5705 verborum
3359 5652 3478 5706 fru-

1911 5747 2088 5800 strari.

1987 5837 2146 5894 Vens.
2177 5839 2264 5893 56.
2300 5839 2593 5896 Dicendum
2624 5849 2706 5893 est
2739 5858 2750 5892 :
2788 5837 2858 5890 De
2908 5838 2988 5889 die
3021 5838 3113 5891 illa
3172 5854 3318 5890 nemo
3357 5839 3479 5900 scit.
