4220 6432
755 391 887 453 1155
1457 386 1848 445 OPUSCULA
1893 383 2538 443 SCRIPTURISTICA
2575 384 2924 445 meeum
2967 387 3276 449 lE'I‘ATIS.
3881 383 4024 444 1156

750 525 912 577 neque
935 507 1106 575 angeli
1141 508 1408 565 caelorum,
1437 519 1602 570 neque
1637 500 1827 562 Filius,
1855 502 1957 552 nisi
1980 501 2123 553 solus
2148 499 2326 553 Pater.

2442 501 2670 567 ἐκείνης
2716 502 2860 555 οὐδὲ
2888 505 2942 554 οἱ
2990 503 3231 570 ἄγγελοι
3282 501 3398 554 τῶν
3441 499 3735 568 οἰφανὼν,
3793 500 3948 551 οὐδὲ
3991 505 4026 552 ό

746 599 984 652 Dicendo
1044 597 1288 667 quidem,
1339 609 1514 662 neque
1544 592 1746 657 angeli,
1779 607 1841 644 os
1882 590 2199 659 comprimit
2260 604 2327 642 ne

2442 595 2566 659 nec
2586 593 2741 662 εἰμὴ
2771 599 2958 663 μόνος
2988 599 3020 648 ὁ
3059 599 3262 662 Πατὴρ
3294 595 3411 648 ’διὰ
3445 595 3544 663 μὲν
3582 594 3642 646 τδ
3691 594 3878 660 λέγειν
3919 597 4018 658 ἁγ-

743 693 1116 757 iutcrrogcnt;
1174 686 1405 740 dicendo
1461 700 1590 738 vero
1632 699 1792 752 neque
1828 680 2022 746 Filius,
2060 690 2204 734 vetat
2263 695 2329 732 nc

2442 687 2644 754 τέλους,
2677 687 3022 754 ἐπιστομίζει
3074 685 3169 738 τοῦ
3207 694 3282 756 μη
3318 687 3520 753 ζητείνο
3557 684 3644 737 διά
3694 685 3752 737 δὲ
3810 684 3912 737 τοῦ
3946 685 4024 735 εί-

748 783 1094 834 meditentur.
1166 778 1291 831 lgleo
1338 787 1465 846 post
1506 777 1963 831 resurrectionem
2005 775 2138 828 dicit
2197 772 2324 825 eis:

2442 781 2574 840 πεῖν,
2609 778 2752 832 οὐδὲ
2775 781 2806 831 ό
2852 780 3003 844 Υίὸς,
3031 778 3229 831 κωλύει
3265 778 3402 848 μηδὲ
3447 780 3671 831 ἐννοεῖν.
3719 779 3821 829 Διὰ
3852 779 4023 830 τοῦτο

752 874 867 927 Non
904 883 976 925 est
1007 882 1234 924 vestrum
1283 887 1435 922 nosse
1499 883 1737 935 tempora
1774 876 1821 920 et
1875 875 2161 928 momenta,
2210 880 2326 934 qua:

2442 871 2575 937 μετά
2601 871 2699 939 τὴν
2741 870 3038 922 ἀνάστασιν
3067 871 3216 937 λέγει
3243 872 3448 932 αὐτοῖς’
3485 871 3606 936 Οὐχ
3643 868 3807 936 ὑμῶν
3839 869 4025 922 ἐστιν

747 967 1097 1034 Pnterposuit
1126 966 1180 1018 in
1222 981 1317 1018 sua
1346 973 1620 1031 potestate.
1674 963 1792 1015 Non
1854 962 2069 1030 ignorat
2127 960 2327 1029 igitur;

2442 961 2651 1028 γνῶναι
2682 963 2940 1030 χρόνους
2960 963 2998 1030 ἢ
3028 962 3289 1030 καιροὺς,
3309 962 3415 1027 οὓς
3440 965 3509 1015 ἐν
3529 961 3599 1028 τῇ
3620 961 3737 1027 ἰδίᾳ
3757 961 4023 1026 ἐξουσίᾳ

747 1053 1020 1122 quomodo
1047 1053 1192 1105 enim
1227 1053 1500 1120 ignoraret
1535 1051 1624 1102 ille
1654 1065 1748 1118 per
1777 1064 1938 1117 quem
1965 1048 2148 1100 omnia
2186 1047 2326 1100 facta

2442 1053 2599 1107 ἔθετο
2653 1053 2684 1107 ὃ
2731 1053 2953 1121 Πατήρ.
3005 1056 3118 1107 Οὐκ
3167 1056 3353 1122 ἀγνοεῖ
3383 1050 3496 1108 οὖν’
3556 1053 3670 1116 πῶς
3703 1055 3815 1121 γὰρ
3849 1052 3924 1103 δι’
3957 1047 4019 1103 οἱ

747 1148 894 1202 sunt,
925 1138 1018 1206 qui
1078 1135 1358 1206 cognoscit
1423 1132 1662 1197 Patrem,
1702 1143 1754 1188 et
1787 1132 2051 1200 profunda
2112 1131 2226 1194 Dei,
2277 1141 2331 1184 et

750 1228 1075 1281 abscondita
1137 1227 1530 1294 qumsitorum?
1574 1224 1676 1278 Sed
1717 1223 2020 1276 arbitratur
2079 1221 2179 1274 hoc
2207 1234 2330 1274 esse

750 1323 856 1377 illis
885 1323 1256 1391 profuturum.

820 1414 982 1467 Vens.
1016 1413 1104 1466 40.
1142 1412 1306 1474 Tunc,
1343 1412 1538 1480 inquit,
1581 1414 1686 1463 duo
1742 1419 1894 1464 erunt
1923 1411 1974 1462 in
2004 1409 2169 1478 lngro,
2198 1422 2329 1459 unus

749 1517 1066 1570 assumatur,
1099 1515 1146 1560 et
1203 1522 1335 1558 unus
1373 1504 1712 1572 relinquetur.
1755 1509 1920 1571 Ager,
1955 1500 2192 1554 mundus
2225 1506 2328 1562 cst;

751 1616 892 1654 unus
925 1600 1089 1668 igitur
1131 1600 1390 1658 salvatur,
1425 1596 1564 1650 alter
1616 1610 1749 1649 vero
1810 1595 1863 1648 iu
1919 1593 2328 1648 damnationem

749 1695 1021 1754 mittitur;
1071 1693 1136 1745 de
1201 1691 1418 1743 illorum
1473 1689 1877 1758 expugnatione
1911 1695 1965 1740 et
2020 1686 2334 1756 captiiitate

750 1783 892 1837 istud
930 1781 1082 1833 dicit.

2434 1145 2611 1197 πάντα
2660 1145 2897 1213 ἐγένετο,
2944 1145 3002 1209 ὃς
3056 1145 3444 1223 γινώσκενιδν
3499 1145 3740 1213 Πατέρα,
3796 1144 3896 1195 καὶ
3954 1143 4021 1194 τὰ

2436 1236 2574 1305 βάθη
2605 1239 2698 1289 τοῦ
2737 1238 2895 1304 Θεοῦ,
2925 1241 3020 1291 καὶ
3047 1239 3116 1291 τὰ
3146 1240 3366 1307 κρυπτᾶ
3397 1239 3507 1290 τῶν
3564 1236 4020 1305 ἐξεταζομένωνς

2437 1330 2550 1382 ἀλλ’
2578 1330 2792 1398 ἡγεῖται
2824 1332 2983 1384 τοῦτο
3022 1333 3309 1401 συμφέρον
3338 1332 3548 1393 αὐτοῖς.

2510 1423 2671 1486 Τότε,
2713 1423 2900 1492 φησὶν,
2951 1423 3063 1477 δύο
3117 1425 3360 1479 ἔσονται
3389 1424 3459 1476 ἐν
3490 1424 3571 1487 τῷ
3605 1421 3794 1491 ἀγρῷ*
3860 1425 3898 1475 ὀ
3934 1417 4024 1487 εἷς

2437 1512 2981 1579 παραλαμϐάνεται,
3009 1513 3106 1566 καὶ
3142 1509 3282 1579 delc
3303 1515 3560 1580 ἀφίεται.
3614 1513 3833 1582 Ἀγρὸς,
3868 1515 3900 1564 ὁ
3934 1514 4022 1563 κόο

2441 1617 2597 1670 σμος⁶
2620 1597 2699 1663 εἷς
2743 1598 2837 1655 οὖν
2872 1602 3125 1667 σώζεται,
3180 1601 3262 1666 εἷς
3304 1605 3349 1656 δ’
3374 1605 3455 1666 είς
3505 1603 3724 1656 κόλασιν
3755 1604 3987 1670 ἀφίεται
4009 1619 4021 1631 ·

2439 1694 2567 1762 περὶ
2623 1693 2723 1763 τῆς
2775 1693 3030 1757 ἁλώσεως
3091 1694 3252 1748 τοῦτο
3316 1697 3412 1748 καὶ
3477 1696 3578 1765 τῆς
3635 1696 4025 1766 αἰχμαλωσίας

2439 1801 2638 1839 αυτων.

819 1873 986 1927 Vsus.
1017 1872 1107 1924 Η.
1143 1870 1272 1924 Diue
1304 1871 1552 1922 molentes
1597 1871 1648 1922 in
1687 1867 1867 1931 mola;
1901 1884 2005 1920 una
2040 1866 2330 1919 assumitur

2504 1876 2618 1928 Δύο
2652 1875 2991 1942 ἀλήθουσαι
3024 1875 3096 1928 ἐν
3146 1874 3225 1940 τῷ
3259 1877 3449 1942 mixto
3485 1877 3594 1945 μία
3626 1876 4027 1944 παραλαμᾶὶυ

744 1977 793 2020 et
822 1982 927 2017 una
967 1963 1304 2032 relinquitur.
1334 1959 1595 2014 Molentes
1631 1957 1975 2026 vocavit,qui
2009 1957 2063 2010 in
2099 1971 2328 2026 pauper-

749 2064 858 2111 tate
909 2055 1137 2122 degunt.
1208 2047 1324 2102 Una
1383 2050 1694 2111 assumitur,
1730 2056 1778 2102 et
1829 2064 1936 2100 una
1981 2047 2328 2116 relinquitur;

750 2144 1008 2200 similiter
1032 2143 1098 2197 de
1140 2142 1358 2196 homine
1382 2140 1728 2210 intelligitur.
1754 2139 1932 2195 Lucas
1950 2146 2132 2192 autem
2168 2137 2325 2191 dicit:

750 2238 871 2292 Duo
901 2245 1055 2292 erunt
1091 2237 1142 2288 in
1175 2235 1356 2297 cubili,
1388 2232 1536 2303 quod
1565 2231 1838 2302 signiﬁcat
1864 2245 1960 2286 eos
1987 2231 2082 2301 qui
2114 2230 2168 2284 in
2193 2229 2330 2284 divi-

751 2333 842 2386 tiis
892 2332 1113 2398 degunt.
1152 2325 1404 2382 Ostendit
1430 2333 1612 2381 autem
1653 2339 1747 2396 per
1814 2323 1918 2378 hoc
1966 2338 2236 2393 pauperes
2279 2329 2330 2376 et

749 2425 968 2486 divites,
999 2435 1187 2475 servos
1219 2428 1272 2471 et
1302 2418 1556 2472 dominos
1585 2416 1788 2471 assumi
1823 2426 1877 2471 et
1932 2416 2190 2484 relinqui,
2219 2415 2334 2469 sive

751 2513 1136 2583 spiritualiter,
1176 2511 1290 2564 sive
1345 2509 1568 2564 realiter
1592 2509 1659 2564 de
1697 2507 2102 2579 expugnatione
2134 2504 2334 2561 intelli-

749 2614 928 2675 gatur.

825 2697 989 2750 Vens.
1022 2695 1110 2749 42.
1142 2694 1251 2748 Cur
1299 2708 1428 2762 ergo
1464 2692 1636 2746 dicit:
1668 2691 1815 2745 Diem
1865 2698 1914 2744 et
1949 2690 2172 2743 horam?
2224 2689 2336 2743 vult

755 2804 966 2856 semper
993 2801 1114 2840 esse
1152 2794 1396 2854 paratos.

828 2878 992 2932 Vens.
1023 2879 1117 2931 43.
1153 2875 1293 2942 Quid
1340 2873 1611 2943 signiﬁcat
1654 2871 1782 2924 illud
1823 2890 1836 2928 :
1884 2872 1944 2926 Si
1992 2872 2148 2925 sciret
2188 2881 2338 2940 pater

753 2973 991 3041 [uinilias
1022 2987 1124 3041 qua
1142 2969 1320 3038 rigilia
1353 2968 1711 3036 furﬁventurus
1737 2967 1899 3018 esset?
1928 2965 2087 3034 quasi
2117 2965 2333 3019 dicere:

759 3064 813 3115 Si
844 3063 1047 3117 scirent
1097 3059 1251 3114 multi
1302 3056 1521 3126 quando
1547 3056 1802 3108 morituri
1839 3055 1973 3118 sint,
2023 3070 2241 3126 semper
2270 3056 2336 3109 ad

757 3156 902 3209 illam
938 3153 1112 3208 solum
1147 3153 1342 3205 horam
1378 3149 1642 3219 pcenitere
1668 3147 1973 3202 studerent.

831 3245 995 3299 Vens.
1026 3244 1116 3297 45.
1175 3241 1446 3297 Dicendo:
1481 3240 1611 3305 Quis
1664 3249 1741 3292 est
1783 3239 1955 3306 ﬁdelis
1999 3237 2339 3293 servusl'uou

759 3340 973 3408 ignorat
1008 3334 1159 3397 illud,
1195 3332 1287 3386 sed
1349 3333 1463 3385 vult
1501 3330 1790 3384 ostendere
1831 3345 1992 3400 quam
2052 3347 2235 3384 rarum
2289 3339 2342 3383 et

760 3434 1083 3504 pretiosum.
1122 3432 1200 3483 lta
1236 3427 1400 3497 igitur
1451 3427 1518 3480 ad
1563 3425 1735 3479 Adam
1793 3424 2068 3494 loquens:
2131 3421 2228 3476 Ubi
2261 3422 2344 3473 es?

760 3528 920 3588 dicit,
951 3538 1055 3576 non
1092 3524 1372 3593 ignorans,
1398 3519 1490 3574 sed
1521 3520 1665 3572 hunc
1709 3517 1980 3572 adducere
2039 3514 2226 3568 volens
2274 3514 2342 3566 ad

759 3617 1133 3674 excusandum
1168 3631 1246 3669 se.
1279 3611 1610 3667 Prudentem
1647 3620 1700 3664 et
1721 3609 1932 3664 ﬁdelem
1962 3607 2094 3661 dicit
2122 3620 2339 3660 servum

761 3709 1049 3781 parabole:
1076 3707 1285 3761 ﬁdelem
1312 3704 1558 3774 quidem,
1604 3699 1749 3771 quod
1768 3697 2342 3766 servaveritcapitale;

765 3805 1086 3872 prudentem
1112 3815 1262 3860 vero,
1305 3791 1451 3865 quod
1478 3803 1734 3863 operatus
1759 3800 1841 3846 est
1865 3792 1916 3844 iu
1943 3791 2164 3846 talento.
2209 3787 2343 3842 Etin

764 3895 1014 3950 Sodomis
1065 3891 1270 3945 idcirco
1305 3889 1481 3943 dicit:
1554 3885 1878 3939 Descendens
1927 3883 2105 3936 videbo
2163 3893 2342 3934 utrum

762 3987 1046 4039 secundum
1075 3984 1356 4037 clamorem
1389 3995 1570 4034 eorum
1634 3977 2036 4046 compleverint;
2063 3989 2237 4026 annon
2267 3983 2342 4026 est

764 4078 862 4140 ita,
900 4086 955 4127 ut
987 4075 1174 4136 sciam;
1215 4083 1267 4126 ut
1301 4086 1402 4126 nos
1465 4077 1682 4124 moneat
1745 4085 1812 4122 ne
1862 4082 2099 4136 unquam
2130 4073 2345 4117 senten-

766 4171 898 4223 tiam
949 4170 1002 4222 iu
1051 4168 1213 4221 rebus
1262 4165 1477 4228 demus,
1523 4162 1841 4232 priusquam
1880 4158 2116 4228 perfecte
2145 4172 2233 4210 res
2257 4155 2343 4208 di-

759 4259 1209 4330 iudicaverimus.
1274 4257 1333 4312 In
1388 4256 1649 4325 propheta
1711 4253 1833 4306 ideo
1884 4251 2016 4307 dicit
2048 4268 2061 4303 :
2093 4247 2156 4303 Si
2208 4249 2344 4318 forte

771 4353 1073 4412 audierint;
1103 4359 1175 4413 et,
1210 4348 1267 4404 Si
1297 4349 1429 4417 forte
1447 4346 1826 4407 consenserint,
1847 4357 1914 4396 ne
1948 4342 2198 4396 videatur
2219 4341 2341 4393 data

769 4447 838 4497 ab
869 4443 1161 4497 insensatis
1186 4441 1363 4509 jussio
1389 4439 1455 4494 ad
1489 4437 1866 4491 necessitatem
1902 4435 2119 4503 adigere
2150 4447 2343 4501 paren-

2432 1983 2614 2031 νεται,
2649 1969 2745 2020 καὶ
2776 1968 2886 2036 μία
2915 1966 3171 2037 ἆφίεται.
3219 1967 3550 2035 ’Λλῃθούσας
3599 1968 3865 2020 ἐκάλεσεν
3897 1969 4025 2028 τοὺς

2434 2062 2491 2112 ἐν
2552 2058 2792 2129 πτωχείᾳ
2826 2058 3136 2128 διάγοντας.
3173 2059 3289 2113 Μία
3319 2058 3872 2127 παραλαμϐάνεται,
3929 2057 4028 2109 καὶ

2428 2153 2540 2221 μία
2574 2151 2809 2219 ἀφίεται
2832 2165 2844 2180 ⁸
2877 2152 3081 2220 ὁμοίιος
3116 2154 3317 2205 νοεῖται
3347 2151 3440 2204 τοῦ
3477 2151 3792 2221 ἀνθρώπου.
3864 2153 3927 2203 '0
3973 2150 4027 2202 δέ

2433 2242 2670 2305 Λουκᾶς,
2703 2243 2809 2295 Καὶ
2850 2241 2960 2295 δύο
2992 2243 3091 2294 ἐπὶ
3129 2241 3240 2309 τῆς
3270 2241 3506 2309 κλίνης,
3550 2241 3719 2309 λέγει,
3747 2243 3889 2311 ὅπερ
3926 2257 4026 2308 σῃ-

2439 2333 2619 2401 μαίνει
2657 2334 2784 2396 τοὺς
2815 2334 2873 2387 ἐν
2905 2332 3144 2402 πλούτῳ.
3173 2333 3458 2387 Δείκνυται
3490 2333 3546 2386 δὲ
3580 2333 3670 2386 διὰ
3704 2333 3904 2385 τούτου
3941 2335 4025 2384 ὅτι

2436 2427 2531 2479 καὶ
2577 2428 2781 2496 πτωχοὶ.
2814 2427 2908 2479 καὶ
2943 2425 3186 2479 πλούσιοι
3236 2429 3331 2480 καὶ
3377 2427 3554 2480 δοῦλοι
3613 2429 3707 2479 καὶ
3755 2427 4025 2478 δεσπόται

2437 2516 2962 2588 παραλαμϐάνονται
3014 2517 3108 2571 καὶ
3160 2517 3431 2584 ἀφίενται,
3485 2517 3594 2568 εἴτε
3649 2516 3858 2585 νοητῶς
3919 2517 4027 2566 sits

2437 2609 2712 2679 αἰσθητῶς
2739 2610 2826 2661 διὰ
2849 2611 2950 2678 τὴν
2981 2607 3184 2662 ἅλωσιν
3211 2609 3454 2678 νοηθείη.

2507 2700 2605 2752 Διά
2631 2699 2683 2750 τί
2714 2699 2806 2751 οὖν
2836 2699 3001 2767 λέγει,
3045 2699 3163 2765 Τὴν
3205 2699 3437 2766 ἡμέραν
3465 2698 3562 2751 καί
3595 2697 3794 2768 ῶρανς
3836 2702 4027 2770 βουλό-

2442 2808 2601 2861 μενος
2634 2794 2851 2854 πάντως
2885 2791 3208 2858 ἐναγωνίους
3242 2787 3404 2846 εἶναι.

2513 2885 2577 2938 Τί
2606 2885 2756 2956 δηλοῖ
2783 2883 2864 2948 τὸ,
2901 2885 2970 2936 ει
3004 2881 3135 2951 ᾔδει
3170 2886 3204 2936 ό
3239 2883 3675 2949 οἰκοδεσπότης
3724 2885 3866 2950 ,ποίᾳ
3915 2903 4030 2952 ρυ-

2440 2974 2602 3043 λακῇ
2647 2976 2678 3027 ὁ
2719 2973 2983 3039 κλέπτης
3031 2972 3302 3041 ἓρχεται;
3355 2975 3498 3026 Ἀντί
3536 2973 3648 3037 τοῦ,
3689 2975 3748 3025 Εἰ
3780 2974 4029 3043 ᾔδεισαν,

2443 3069 2632 3137 φησὶν,
2656 3067 2706 3118 οἱ
2734 3066 2919 3118 πολλοὶ
2957 3066 3084 3119 πότε
3111 3064 3532 3131 ἀποθανοῦνται,
3561 3068 3780 3129 πάντως
3814 3069 3880 3118 ἂν
3909 3067 4031 3119 κατ’

2445 3155 2661 3223 ἐκείνην
2697 3155 2872 3223 μόνην
2902 3154 2998 3224 τὴν
3030 3154 3179 3225 ὥραν
3205 3155 3546 3208 ἐσπούδασαν
3574 3156 3936 3225 μετανοῆσαι.

2516 3246 2718 3310 Εἰπὼν,
2760 3247 2852 3312 Τίς
2894 3247 3007 3314 ἄρα
3033 3249 3065 3300 ό
3102 3246 3318 3312 πιστὸς
3363 3247 3624 3312 ὃοῦλος;
3654 3249 3769 3300 Οὐκ
3813 3248 4033 3316 ἀγνοῶν

2442 3334 2599 3388 τοῦτο
2626 3331 2769 3397 εἷπε,
2802 3335 2915 3389 ἀλλ’
2945 3336 3031 3389 ἴνα
3054 3337 3200 3408 δείξῃ
3232 3339 3291 3390 τὸ
3325 3338 3551 3392 σπάνιον
3577 3342 3671 3393 καὶ
3703 3341 4028 3412 πολύτιμον.

2443 3426 2630 3490 Οὕτως
2651 3423 2744 3479 οὖν
2772 3430 2866 3481 καὶ
2891 3427 2968 3497 τῷ
3007 3429 3177 3497 Ἀδὰμ
3207 3429 3399 3481 εἰπών’
3427 3431 3552 3484 Ποῦ
3577 3427 3654 3494 εἷς
3681 3433 3782 3485 οὐκ
3818 3435 4032 3502 ἀγνοῶν

2445 3515 2620 3581 εἶπεν,
2659 3517 2771 3570 ἀλλ’
2807 3519 2892 3572 ἵνα
2937 3519 3100 3573 αὐτὸν
3147 3521 3363 3593 ἐμϐάλῃ
3408 3526 3486 3586 εἰς
3532 3524 3858 3592 ἀπολογίαν.
3892 3528 4033 3597 Φρό-

2443 3629 2601 3681 νιμον
2633 3614 2729 3665 καὶ
2765 3613 2953 3666 πιστὸν
2984 3613 3130 3682 λέγει
3162 3616 3254 3669 τὸν
3281 3616 3466 3669 δοῦλον
3496 3619 3528 3688 ἠ
3559 3619 3849 3690 παραϐολή
3880 3639 3895 3685 ;
3942 3640 4030 3674 πι-

2445 3705 2569 3757 στὸν
2604 3704 2723 3773 μὲν,
2773 3705 2848 3768 ὼς
2897 3704 3140 3768 σώζοντα
3179 3707 3240 3759 τὸ
3272 3710 3587 3777 κεφάλαιον
3624 3712 3897 3781 φρόνιμον
3952 3715 4029 3774 δὲ,

2443 3797 2521 3858 ὡς
2569 3797 3045 3868 κατεργαζόμενον
3083 3799 3144 3852 τὸ
3172 3799 3452 3856 τάλαντον.
3500 3803 3611 3856 Καὶ
3650 3805 3744 3855 ἐπὶ
3781 3805 3892 3856 τῶν
3942 3808 4035 3857 Σο-

2443 3887 2624 3957 δόμων
2669 3888 2759 3941 διὰ
2806 3889 2968 3943 τοῦτο
3002 3887 3175 3945 εἶπεν·
3229 3896 3500 3960 Καταόὰς
3535 3895 3758 3963 ὄψομαι
3799 3899 3852 3950 εί
3883 3900 4036 3950 κατὰ

2445 3977 2560 4045 τὴν
2594 3978 2864 4048 κραυγὴν
2892 3979 3091 4034 αὐτῶν
3113 3984 3573 4038 συντελοῦνται·
3608 3989 3659 4038 εὶ
3700 3985 3771 4038 δὲ
3799 3988 3912 4055 μὴ,
3940 3990 4038 4040 ἵνα

2447 4068 2586 4136 γνῶ,
2623 4070 2773 4133 ὅπως
2823 4072 2974 4139 ἡμᾶς
3005 4072 3274 4144 παιδεύσῃ
3327 4075 3401 4144 μή
3453 4093 3585 4129 ποτε
3633 4078 3924 4146 ἀπόφασιν
3979 4083 4034 4131 ἐν

2446 4162 2732 4230 πράγματι
2779 4160 3000 4225 διδόναι,
3038 4163 3166 4231 πρὶν
3204 4164 3426 4228 τελείως
3471 4168 3909 4237 ἀνακρινόμενον
3961 4173 4034 4224 τὰ

2446 4252 2769 4321 πράγματα.
2815 4251 2936 4305 Ἐπὶ
2967 4253 3024 4305 δέ
3074 4253 3168 4308 τοῦ
3203 4259 3489 4327 προφήτου
3533 4259 3624 4312 διὰ
3653 4259 3818 4314 τοῦτο
3853 4259 4033 4325 εἶπεν,

2463 4343 2599 4398 Ἐὰν
2621 4343 2733 4412 ἄρα
2762 4345 3132 4410 ἀκούσωσιν,
3167 4351 3285 4411 καὶ,
3302 4350 3438 4404 Ἐὰν
3463 4352 3578 4419 ἄρα
3605 4353 3909 4418 συνῶσιν,
3953 4357 4036 4408 ἶνα

2451 4437 2525 4506 μὴ
2561 4436 2688 4506 δόξῃ
2721 4438 2752 4505 ἡ
2783 4437 3092 4507 πρόρρησις
3139 4441 3288 4510 παρά
3318 4445 3428 4504 τοῖς
3462 4445 3711 4514 ἀνοήτοις
3783 4449 4035 4513 ἀναγκα-

765 4539 842 4591 di.
863 4533 919 4589 In
946 4535 1234 4604 Evangelio
1258 4541 1436 4586 autem
1471 4530 1593 4585 ideo
1623 4528 1757 4583 dicit
1793 4545 1805 4580 ι
1846 4525 2006 4579 Forte
2032 4529 2337 4578 verebuntur

2450 4529 2605 4598 στική
2639 4544 2721 4591 τις
2757 4527 2896 4582 εἶναι
2930 4532 3065 4600 πρὸς
3091 4533 3392 4602 παρακοήν.
3414 4533 3500 4584 Ἐν
3522 4535 3577 4586 δέ
3604 4534 3680 4604 τῷ
3714 4536 4037 4606 Εὑαγγελίῳ

767 4629 960 4683 Filium
985 4642 1174 4690 meum,
1203 4633 1262 4678 ut
1297 4623 1549 4679 ostendat
1589 4622 1736 4691 quod
1778 4619 2068 4674 debuerint
2106 4617 2158 4670 id
2185 4631 2345 4686 agere

767 4730 824 4776 et
855 4719 1052 4775 Filium
1082 4718 1274 4773 vereri.

842 4903 1006 4956 Vens.
1044 4901 1109 4954 47
1168 4897 1546 4955 Ωώνιίηόὶοαι
1581 4895 1758 4951 illud:
1800 4893 1968 4964 Super
2001 4895 2175 4947 omnia
2213 4895 2348 4945 bona

768 5010 869 5048 sua
918 4993 1198 5045 constituet
1238 4989 1400 5043 eum?
1461 4988 1514 5042 id
1545 4997 1648 5052 est,
1685 5002 1913 5058 regnum
1962 4985 2228 5039 caalorum
2271 4984 2347 5038 illi

768 5084 1069 5155 prastabit.

1333 5226 1563 5284 CAPUT
1617 5225 1780 5281 XXV.

846 5357 1012 5411 Vens.
1047 5358 1095 5410 l.
1129 5353 1397 5409 Parabola
1428 5354 1700 5423 virginum
1746 5351 1812 5406 de
1838 5350 2181 5422 eleemosyna
2219 5352 2352 5405 diei-

772 5457 883 5503 tur.
918 5447 1024 5501 Sed
1053 5449 1105 5501 in
1147 5446 1292 5501 ﬁdeli
1324 5454 1376 5498 et
1413 5445 1466 5498 in
1495 5445 1778 5498 insensato
1809 5457 1988 5507 servo,
2021 5445 2351 5514 generaliter

771 5543 946 5613 magis
973 5542 1039 5595 de
1088 5539 1237 5593 omni
1269 5537 1456 5592 ollieio
1486 5538 1748 5606 loquitur,
1777 5537 1924 5606 quod
1961 5537 2014 5590 in
2040 5537 2350 5606 proximum

774 5636 1000 5700 implere
1026 5641 1244 5703 oportet
1270 5649 1282 5683 :
1309 5632 1361 5684 in
1391 5631 1494 5684 ista
1519 5639 1700 5683 autem
1733 5630 1798 5684 de
1820 5630 2191 5698 eleemosyua.
2211 5629 2350 5695 Quid

779 5735 862 5778 est
901 5725 1044 5793 quod
1073 5724 1207 5778 dicit
1229 5721 1550 5790 Apostolus,
1587 5718 1659 5771 De
1678 5719 1968 5787 virginibus
2004 5729 2178 5772 autem
2211 5736 2351 5787 prce-

775 5825 979 5884 ceptun:
1017 5812 1232 5866 Domini
1260 5828 1360 5865 non
1411 5811 1616 5865 habeo?
1657 5808 1840 5865 Laudo
1879 5811 2122 5880 quidem,
2153 5811 2349 5882 inquit,

2447 4619 2535 4670 διά
2565 4618 2722 4672 τοῦτο
2749 4615 2924 4673 εἶπενο
2984 4623 3165 4686 Ἴσως
3215 4623 3697 4691 ἐντραπήσονται
3735 4628 3847 4677 τὸν
3902 4628 4037 4680 Υἱόν

2448 4729 2581 4779 μου,
2617 4712 2705 4765 ἵνα
2734 4712 2882 4786 δείξῃ
2910 4714 2991 4766 ὅτι
3019 4714 3250 4783 ὤφειλον
3274 4715 3432 4768 τοῦτο
3457 4717 3680 4785 ποιῆσαι
3719 4720 3817 4771 καὶ
3847 4722 4037 4786 ἐντρα-

2459 4804 2627 4873 τιήναι
2653 4805 2745 4857 τὸν
2772 4805 2916 4859 Υἱόν.

2525 4894 2589 4948 Τί
2621 4895 2770 4966 δῃλοί
2795 4896 2872 4960 τὸ,
2943 4897 3074 4951 Ἐπὶ
3107 4897 3298 4953 πᾶσιν
3343 4898 3466 4964 τοῖς
3515 4899 3902 4968 ὑπάρχουσιν
3933 4904 4035 4956 αὑ-

2451 4985 2560 5040 τοῦ
2583 4987 2956 5053 καταστήσει
2997 4990 3219 5052 αὑτόνς
3281 4990 3428 5042 ’Δντὶ
3457 4990 3573 5056 τοῦ,
3609 4991 3723 5061 Τὴν
3755 4991 4037 5061 βασιλείαν

2451 5077 2560 5130 τῶν
2589 5079 2839 5149 οὐρανῶν
2874 5081 3100 5148 παρέξει
3128 5081 3299 5152 αὐτῷ.

3049 5226 3302 5284 ΚΕΦΑΛ.
3337 5228 3464 5285 κε’.

2543 5350 2606 5404 'H
2664 5352 2944 5421 παραϐολὴ
2995 5353 3106 5405 τῶν
3156 5355 3442 5423 παρθένων
3484 5358 3613 5425 περὶ
3659 5358 4040 5431 timeam;

2454 5444 2624 5512 λέγει·
2656 5445 2771 5498 ἀλλ’
2813 5446 2905 5497 ἐπὶ
2951 5445 3045 5497 τοῦ
3079 5445 3274 5499 πιστοῦ
3301 5446 3490 5500 δούλου
3532 5451 3624 5502 καὶ
3651 5451 3749 5504 τοῦ
3783 5454 4038 5523 ἀγνώμο·

2455 5553 2566 5601 νος,
2598 5536 3030 5606 καθολικώτερον
3062 5539 3192 5607 περὶ
3237 5540 3418 5609 πάσης
3450 5541 3722 5609 ὠφελείας
3758 5543 3935 5612 λέγει,
3976 5548 4039 5613 ἦν

2456 5630 2536 5689 είς
2582 5628 2673 5680 τὸν
2720 5627 2947 5696 πλησίον
2997 5629 3406 5684 ἐπιδείκνυσθαι
3449 5634 3578 5701 χρή·
3620 5635 3716 5684 ἐπὶ
3759 5635 3820 5686 δὲ
3875 5637 4038 5704 αὐτῆς

2459 5719 2585 5787 περὶ
2617 5719 3009 5787 ἐλεημοσύνῃς.
3040 5721 3105 5772 Τί
3140 5723 3286 5776 ἐστιν
3328 5724 3356 5776 δ
3406 5725 3551 5791 λέγει
3599 5729 3626 5779 ό
3693 5727 4035 5788 Ἀπόστολος,

2460 5811 2594 5877 Περὶ
2619 5810 2686 5861 δὲ
2714 5809 2830 5863 τῶν
2854 5812 3168 5880 παρθένων
3193 5814 3486 5886 ἐπιταγὴν
3522 5820 3746 5884 Κυρίου
3769 5820 3886 5872 οὐκ
3906 5819 4036 5885 ἐκωὶ
