4220 6432
235 382 366 446 llE'l

1217 375 1535 434 Si?llOl.lA
1579 372 1874 431 VETERA
1921 372 1998 430 IN
2043 373 2513 433 ΜΑΤΤΙΗΞΠΜ.

242 487 478 541 Ἐπαινῶ
538 484 631 553 μὲν
686 483 813 550 γὰρ,
876 483 1058 549 φησὶν,
1112 482 1202 532 τὸν
1263 480 1652 549 κατορθοῦντα,
1705 481 1800 532 ούκ
1836 483 1875 537 Α

1836 483 1875 537 Α
1908 479 2042 533 bene
2075 494 2512 544 conversantem,
2558 496 2665 534 non
2703 495 2840 550 cogo
2873 496 2979 535 non
3034 483 3323 550 volentem,
3350 506 3476 542 non

227 578 520 645 ἀναγκάζω
555 576 608 626 δὲ
641 575 727 626 τον
768 573 841 643 μὴ
885 572 1227 642 βουλόμενον,
1278 573 1398 623 ούδε
1432 571 1711 639 ἐπίταγμα
1744 570 1802 620 τὸ

231 673 462 740 πρᾶγμα
501 667 658 718 ποιῶ.

307 781 402 831 Δια
451 778 500 829 τί
538 778 693 845 ¹λέγει
746 777 930 846 μωρὰς
965 775 1060 838 τας
1107 774 1410 844 παρθένους
1458 773 1556 836 τας
1599 773 1800 839 πέντε;

230 868 371 918 Διοτι
405 865 492 917 τὸν
543 865 868 934 δριμύτερον
909 864 998 914 καὶ
1050 861 1490 930 πολεμικώτερον
1543 861 1651 913 τῶν
1701 878 1804 913 σω-

233 959 417 1026 μάτων
445 955 678 1024 πόλεμον
710 953 972 1021 βαστασαι
997 952 1325 1022 δυνηθείσαι,
1356 954 1445 1006 τὸν
1473 953 1802 1021 κουφότερον

230 1049 325 1110 τῆς
371 1049 705 1116 μεταδόσεως
734 1046 933 1116 τρόπον
981 1046 1079 1097 ούκ
1134 1045 1484 1112 ἐφυλάξαντο.
1542 1046 1690 1111 Ὂσῳ
1724 1060 1802 1104 τις

232 1141 309 1198 εἰς
340 1139 398 1190 τὸ
431 1133 592 1206 ἦττον
622 1139 874 1207 ἥττηται,
912 1137 1133 1188 τοσοῦτο
1171 1137 1368 1203 μᾶλλον
1395 1135 1798 1202 ἁσύγγνωστος·

228 1229 314 1280 διὰ
359 1229 512 1281 τοῦτο
566 1225 656 1280 οὖν
689 1229 886 1296 μωραί.
929 1228 988 1280 ΕΞ
1028 1229 1082 1280 δὲ
1119 1224 1271 1280 αὗται
1312 1227 1519 1296 μωραὶ,
1569 1227 1618 1278 οἱ
1670 1224 1803 1294 μηδὲ

232 1322 522 1392 παρθενίαν
557 1320 887 1387 ςυλαξαντες
931 1323 1022 1371 καὶ
1061 1320 1339 1389 πλεονεξία
1376 1318 1801 1388 κεκρατημένοι,

228 1415 280 1466 τί
314 1413 675 1482 κληθήσονται
714 1415 806 1465 καὶ
835 1415 1155 1477 πείσονται;

308 1526 370 1577 Δί
418 1525 696 1592 λαμπάδες
743 1521 834 1575 οὖν
873 1524 1217 1592 σημαίνουσι,
1254 1523 1351 1591 τῆς
1402 1521 1697 1588 παρθενίας
1745 1522 1804 1573 τὸ

231 1617 502 1685 λαμπρόν·
528 1617 621 1667 τὸν
654 1616 822 1678 ἔλεον,
856 1616 952 1683 τὴν
1001 1612 1392 1683 ἐλεημοσύνην·
1435 1611 1492 1664 τὸ
1537 1612 1590 1664 δὲ
1628 1610 1806 1680 χρονί·

233 1709 344 1771 ζειν
369 1708 460 1758 τὸν
519 1707 790 1775 Νυμφίον.
819 1708 909 1758 τὸν
941 1707 1036 1757 ούκ
1068 1706 1247 1772 ὀλίγον
1274 1705 1462 1774 χρόνον
1501 1705 1580 1766 είς
1614 1703 1674 1754 τὸ
1701 1720 1801 1769 φα·

230 1798 406 1864 νῆναιι
461 1797 522 1848 τὸ
562 1797 615 1848 δὲ
667 1796 972 1859 καθεύδειν,
1025 1795 1116 1847 τὸν
1166 1795 1420 1848 θάνατον’
1469 1793 1529 1845 τὸ
1576 1793 1630 1846 δὲ
1678 1796 1802 1862 περῖ
1839 1825 1877 1876 Β

232 1891 400 1958 μέσας
454 1888 742 1956 νύκτας,ἢ
791 1890 872 1940 ὅτι
919 1889 973 1940 ὲν
1024 1887 1179 1939 νυκτὶ
1225 1887 1257 1956 ή
1307 1885 1684 1955 ἀνάστασις,ῆ
1724 1886 1802 1937 ὅτι

228 1981 586 2050 ἀπροοράτως
617 1981 709 2031 καὶ
739 1978 1054 2046 ἀγνὼστως·
1090 1979 1150 2031 τὸ
1181 1979 1235 2030 δὲ
1267 1979 1485 2047 αἰτῆσαι
1518 1979 1664 2046 παρὰ
1701 1977 1805 2029 τῶν

227 2075 502 2144 φρονίμων
551 2073 642 2127 καὶ
693 2073 767 2142 μὴ
821 2071 1004 2124 λαϐεῖν
1043 2070 1211 2132 ἔλεον,
1254 2072 1333 2122 ὅτι
1378 2069 1548 2131 ουδεὶς
1579 2069 1689 2120 τῶν
1725 2068 1803 2120 δι-

227 2167 396 2220 καίων
445 2169 560 2218 ἐκεῖ
592 2167 711 2218 τότε
768 2162 1069 2234 προστῆναί
1118 2179 1262 2224 τινος
1313 2161 1533 2214 δύναται
1590 2162 1622 2232 ἢ
1679 2159 1802 2229 βοη-

189 2257 411 2327 ,θῆσαμ

309 2348 372 2401 Τί
424 2351 570 2401 ἐστιν
607 2346 686 2410 τδ,
740 2347 1069 2414 Πορεύεσθε
1099 2345 1193 2396 καί
1227 2343 1562 2411 ἀγοράσατε
1594 2339 1804 2404 ςΤούτο

226 2441 378 2493 εἶπεν
415 2442 478 2510 τῇ
517 2440 801 2510 παραϐολῇ
827 2437 1182 2507 παραμένων,
1219 2436 1309 2488 καὶ
1346 2434 1583 2502 ύφαίνων
1613 2433 1799 2504 αὐτὴν·

225 2533 254 2601 ἦ
292 2531 585 2603 εἰρωνικῶς
615 2531 850 2602 νοητέον,
883 2530 992 2591 ὅτε,
1025 2529 1210 2598 φησιν.
1239 2528 1337 2579 ούκ
1371 2526 1538 2578 ἔστιν.

313 2642 445 2695 Κατ’
493 2641 725 2708 ἔλλειψιν
782 2639 1096 2710 περιοδικὴν
1150 2642 1387 2708 εἴρηται·
1455 2636 1628 2710 λείπει
1698 2635 1805 2704 γὰρ

225 2738 417 2794 οὕτως·
456 2739 566 2790 Καὶ
615 2739 641 2789 ὁ
683 2736 883 2806 Κύριος
914 2735 1235 2788 ἐπιτελέσει·
1279 2736 1310 2803 ἦ
1349 2737 1380 2803 ἡ
1422 2731 1702 2804 παραϐολὴ
1743 2730 1803 2781 οὐ

226 2830 360 2899 πρὸς
389 2830 762 2890 ἀνταπόδοσιν,
797 2827 909 2881 ἀλλ’
940 2828 1014 2890 ὡς
1063 2825 1355 2894 αὐτοτελὴς
1405 2828 1498 2878 καὶ
1539 2823 1631 2876 τοῦ
1669 2839 1804 2892 προ-

231 2925 538 2991 ηγουμένου
573 2923 737 2991 ῥητοῦ
772 2919 917 2973 αίτία
945 2912 1439 2988 εἴρηταιὌῖονρὺκ
1465 2916 1665 2968 οἴδατε
1689 2915 1804 2980 τὴν

224 3014 452 3082 ἡμέρην
478 3014 619 3067 οὐδὲ
650 3013 764 3080 τὴν
787 3013 944 3080 ὥραν
965 3013 1036 3063 ἐν
1060 3007 1094 3082 ᾖ
1123 3015 1154 3063 o'
1200 3010 1330 3073 Υἱὸς
1358 3008 1461 3061 τοῦ
1491 3008 1804 3075 ἀνθρώπου

223 3108 478 3176 ἔρχεται.
511 3107 608 3158 Δια
641 3107 689 3158 τί
719 3127 732 3167 ;
769 3108 980 3173 Ὠσπερ
1022 3105 1128 3173 γὰρ
1164 3102 1451 3171 ἄνθρωπος
1483 3101 1799 3170 ἀποδημῶν,

224 3200 395 3261 οὕτως
431 3200 669 3268 ἔρχεταιο
706 3199 813 3250 ἀπὸ
863 3197 1043 3248 κοινοῦ
1084 3198 1189 3266 γὰρ
1222 3195 1302 3256 τὸ,
1339 3194 1592 3260 ἔρχεται·
1627 3193 1686 3244 τὸ
1720 3194 1802 3243 αί-

225 3290 431 3360 φνίδιον
461 3292 516 3342 δὲ
546 3290 633 3341 διὰ
666 3289 824 3340 τοῦτο
858 3289 1185 3358 παρίστησιν
1217 3287 1315 3355 τῆς
1367 3285 1673 3354 παρουσίας
1707 3285 1803 3336 αύ-

224 3383 341 3438 τοῦ.
382 3377 511 3434 Εἶτα
547 3382 821 3446 ὲξυςαίνει
856 3382 912 3432 τὸ
957 3380 1326 3449 παράδειγμα.
1383 3381 1485 3442 Ὃς
1523 3378 1799 3441 ἐκάλεσε,

226 3475 412 3544 φησιν,
446 3475 583 3537 τοί-ς
613 3473 802 3536 ἰδίους
831 3471 1110 3535 δούλους,
1143 3472 1234 3524 καὶ
1283 3471 1427 3540 ἑξῆς·
1460 3472 1572 3522 ἔστι
1611 3471 1664 3522 δὲ
1711 3470 1804 3521 καὶ

226 3568 394 3637 χωρὶς
443 3565 532 3619 τοῦ
571 3566 674 3617 ἀπο
725 3564 904 3616 κοινοῦ
958 3565 1018 3616 τὸ
1065 3565 1226 3634 ῥητὸν
1272 3565 1344 3624 ὡς
1391 3564 1500 3631 ἔχει
1552 3563 1804 3632 φράσεως

225 3659 491 3711 ἐκλαϐεῖν·
527 3654 658 3719 οἷον,
696 3657 1021 3725 Γρηγορεῖτε
1063 3653 1176 3717 οὗ),
1227 3657 1306 3706 ὅτι
1361 3655 1459 3707 οὐκ
1494 3655 1671 3706 οἴδατε
1707 3654 1802 3723 τὴν

226 3753 438 3821 ἡμέραν
459 3750 575 3803 οὐδὲ
601 3750 696 3818 τὴν
719 3748 864 3818 ὥραν
887 3751 942 3799 ἐν
1025 3751 1050 3800 ὁ
1076 3748 1199 3810 Υἱὸς
1221 3746 1312 3800 τοῦ
1338 3745 1621 3815 ἀνθρώπου
1660 3747 1802 3816 ἔρχε-

225 3860 334 3894 ται,
358 3843 452 3893 Διὰ
467 3842 516 3892 τί
539 3861 551 3905 ;
571 3843 739 3891 Ὤσπε
755 3857 781 3908 ρ
801 3840 907 3908 γὰρ
929 3839 1209 3906 ἄνθρωπος
1231 3838 1523 3907 ἀποδημῶν
1548 3838 1803 3889 ἐκάλεσεν

225 3942 349 3996 τους
379 3934 537 3995 ἰδίους
567 3933 785 3995 δούλους
829 3935 920 3985 καὶ
951 3932 1265 4001 παρέδωκεν
1297 3931 1478 3991 αὐτοῖς
1526 3933 1592 3982 τὰ
1625 3930 1801 3997 ὑπαρ-

226 4042 391 4094 χοντα
453 4025 638 4076 αὐτοῦ·
699 4025 791 4074 καὶ
848 4023 953 4092 γὰρ
984 4021 1327 4090 ύποστιγμῆς
1381 4021 1478 4088 μὲν
1531 4021 1671 4072 κατὰ
1708 4021 1802 4088 την

228 4121 530 4186 ἀνάγνωσιν
561 4113 1125 4184 παραλαμϐανομένης
1158 4114 1214 4163 ὲν
1241 4115 1335 4179 τῷ,
1357 4111 1803 4178 ἀ.·ιοὸημῶν,τε-

225 4209 373 4268 λείας
407 4209 462 4259 δὲ
499 4211 553 4258 ὲν
605 4205 679 4274 τῷ
711 4203 919 4269 αὑτοῦ,
976 4204 1230 4265 ἀϐίαστος
1278 4206 1305 4255 ὁ
1341 4201 1461 4264 νοῦς
1506 4205 1599 4254 καὶ
1633 4207 1665 4271 ἡ
1709 4201 1801 4254 τοῦ

225 4299 386 4364 λόγου
423 4295 698 4358 σύνταξις.

299 4406 396 4456 Δια
419 4405 470 4456 τί
494 4405 640 4470 λέγει
665 4406 746 4456 ὅτι
777 4403 1050 4472 παραδοὺς
1085 4402 1152 4454 τὰ
1179 4403 1419 4455 τάλαντα
1452 4404 1562 4464 τοῖς
1597 4401 1803 4464 δούλοις

1911 584 2240 640 ιιι-ιυςίιιιιιιιιι
2275 574 2413 628 hanc
2451 590 2560 627 rem
2601 574 2760 627 facio.

1976 768 2139 821 Vens.
2162 768 2213 822 2.
2246 769 2358 822 Cur
2388 769 2517 822 dicit
2566 772 2742 826 fatuas
2775 773 3017 842 virgines
3054 773 3173 828 illas
3200 778 3481 846 quanue?

1905 854 2037 918 Quia
2073 858 2323 911 acerbius
2359 868 2410 910 et
2443 859 2710 913 ditlicilius
2742 862 2792 914 iu
2817 879 3046 932 corpora
3080 864 3280 918 hellutu
3323 871 3480 921 susti-

1906 961 2032 998 nere
2063 962 2185 1000 cum
2225 953 2548 1016 potuissent,
2599 953 2770 1008 levius
2827 956 2930 1009 olei
2993 960 3323 1026 sumptionis
3359 961 3475 1014 olli-

1905 1038 2047 1090 cium
2083 1055 2188 1093 non
2221 1044 2577 1111 expleverint.
2607 1045 2825 1110 Quanto
2856 1051 2979 1117 quis
3031 1052 3082 1104 in
3132 1053 3328 1107 minori
3359 1056 3475 1107 viu-

1907 1130 2079 1193 citur,
2113 1141 2271 1185 tanto
2301 1136 2483 1188 minus
2518 1136 2906 1205 iguosccndus.
2944 1142 3066 1194 Ideo
3102 1144 3266 1211 igitur
3294 1147 3476 1201 stulta:

1907 1233 2032 1275 sunt
2056 1241 2070 1286 ;
2095 1225 2138 1277 si
2174 1239 2305 1278 vero
2334 1227 2448 1281 istae
2478 1229 2680 1290 stulta},
2701 1232 2794 1297 qui
2830 1246 2937 1284 non
2964 1233 3324 1299 virginitatem
3357 1255 3474 1292 ser-

1907 1324 2166 1365 vaverunt
2215 1325 2270 1367 et
2321 1319 2562 1372 avaritia:
2611 1331 2930 1388 paruerunt,
2985 1327 3258 1391 quomodo
3317 1344 3476 1382 \oca-

1907 1401 2108 1455 buntur
2131 1413 2182 1457 et
2213 1407 2474 1458 credent?

1979 1508 2141 1565 Vens.
2191 1514 2242 1566 5.
2276 1514 2578 1585 Lampades
2610 1534 2738 1587 ergo
2775 1522 3087 1591 signiﬁcant
3147 1528 3476 1595 virginitatis

1907 1601 2280 1669 splendorem;
2333 1609 2511 1661 oleum
2573 1625 2719 1674 vero,
2775 1615 3208 1686 eleemosynam;
3276 1621 3470 1687 Sponsi

1909 1710 2084 1756 mora,
2118 1705 2333 1766 tempus
2360 1716 2465 1753 non
2500 1703 2660 1757 breve
2684 1705 2749 1756 ad
2785 1719 2842 1758 se
2863 1709 3296 1772 ostendendum;
3325 1726 3473 1764 som-

1909 1800 2032 1848 nus,
2060 1798 2330 1849 mortem;
2367 1791 2541 1844 media
2593 1809 2722 1856 nox,
2758 1796 2930 1849 autin
2987 1807 3144 1851 nocte
3199 1815 3478 1854 resurrec-

1911 1881 2136 1945 tionem,
2160 1895 2250 1937 aut
2280 1901 2386 1938 non
2416 1888 2589 1940 visam
2619 1904 2791 1958 neque
2812 1893 3083 1960 cognitam
3110 1895 3326 1962 ;petitio
3348 1910 3478 1949 vero

1910 1974 2012 2026 0Ιυὶ
2045 1989 2071 2027 a
2096 1979 2432 2045 sapientibus
2462 1989 2514 2033 et
2553 1984 2787 2050 negatio,
2824 1987 3029 2039 nullum
3052 1987 3331 2055 justorum
3366 1988 3476 2043 illic

1911 2067 2172 2134 prodesse
2198 2080 2291 2122 aut
2326 2086 2486 2139 opem
2529 2071 2668 2127 ferre
2701 2075 2865 2129 alicui
2894 2085 3020 2132 tunc
3047 2093 3230 2147 posse.

1980 2344 2144 2400 Vens.
2183 2347 2234 2400 9.
2271 2348 2407 2412 Quid
2437 2361 2518 2403 est
2551 2369 2562 2403 :
2603 2353 2680 2404 Ite
2711 2364 2758 2405 et
2793 2355 2988 2407 emite?
3042 2355 3094 2410 Id
3136 2357 3268 2410 dicit
3317 2373 3476 2428 para-

1909 2440 2043 2492 bolae.
2103 2441 2407 2494 insistendo
2447 2454 2498 2496 et
2538 2445 2683 2499 illam
2736 2448 3096 2516 explicando;
3134 2459 3226 2503 aut
3269 2451 3477 2506 ironice

1909 2531 2292 2599 intelligendus
2321 2546 2403 2588 est
2437 2537 2591 2603 quasi
2625 2551 2730 2591 non
2765 2539 3074 2604 invenietis,
3117 2541 3340 2596 diceret.

1980 2641 2140 2698 Vens.
2172 2644 2255 2698 ll.
2287 2645 2387 2699 Per
2421 2647 2634 2716 phrasis
2664 2649 2875 2718 ellipsin
2903 2651 3137 2719 dicitur;
3160 2652 3306 2707 deest
3329 2656 3474 2708 enim

1909 2734 2054 2789 istud
2095 2753 2107 2788 :
2142 2737 2404 2792 Dominus
2455 2740 2721 2794 retribuet
2754 2742 2915 2804 sicut,
2954 2753 3076 2807 etc;
3109 2744 3188 2796 vel
3225 2747 3474 2813 parabola

1908 2842 2013 2881 non
2045 2827 2462 2884 correlationem
2493 2832 2718 2896 obtinet,
2751 2835 2843 2888 sed
2883 2844 2940 2888 ιιι
2975 2835 3392 2905 independentis
3423 2849 3478 2893 et

1908 2919 2267 2987 przecedentis
2288 2923 2416 2976 dirti
2454 2928 2762 2994 exemplum
2790 2928 3079 2995 exponitur
3109 2945 3123 2991 ;
3157 2931 3314 2996 quale
3355 2941 3474 2984 est:

1907 3010 2134 3065 Nescitis
2161 3014 2298 3067 diem
2344 3032 2503 3085 neque
2536 3018 2724 3070 horam
2777 3021 2967 3088 inqua
3023 3018 3195 3073 Filius
3255 3022 3479 3076 hominis

1909 3104 2096 3156 reniet.
2124 3103 2338 3169 Quare?
2373 3104 2439 3160 Ut
2466 3109 2609 3161 enim
2649 3109 2814 3161 homo
2851 3113 3224 3178 peregrinans,
3278 3113 3357 3166 sic
3387 3129 3477 3165 ve-

1914 3196 2056 3260 niet;
2104 3196 2522 3251 indeterminate
2571 3202 2715 3252 enim
2761 3202 2996 3254 sumitur
3043 3203 3169 3256 illud
3211 3222 3222 3254 :
3279 3203 3477 3258 Veniet.

1912 3285 2276 3356 Repentiuum
2310 3300 2489 3343 autem
2518 3307 2626 3361 per
2653 3293 2754 3346 hoc
2778 3295 2974 3347 statuit
2997 3295 3114 3362 ejus
3146 3294 3480 3361 adventum;

1911 3379 2104 3433 deinde
2135 3382 2370 3450 explicat
2400 3386 2707 3454 exeinplum
2746 3403 2756 3436 :
2797 3388 2886 3453 qui
2918 3388 3139 3449 vocarit,
3178 3389 3276 3450 ait,
3308 3406 3480 3442 servos

1911 3487 2054 3534 suos,
2088 3481 2191 3526 etc.
2229 3475 2321 3528 Est
2355 3485 2531 3530 autem
2587 3479 2962 3530 necessarium
3015 3495 3122 3531 non
3163 3479 3480 3534 indetermi-

1913 3576 2058 3626 nate,
2095 3576 2151 3618 ut
2189 3567 2405 3634 phrasis
2435 3584 2490 3621 se
2527 3568 2707 3632 habet,
2751 3570 2958 3623 dictum
2992 3571 3291 3639 intelligere
3322 3589 3334 3624 :
3371 3573 3480 3626 sei-

1914 3659 2059 3721 licet,
2100 3661 2319 3728 vigilate
2351 3676 2501 3730 ergo,
2543 3664 2674 3730 quia
2723 3664 2950 3717 nescitis
2996 3664 3137 3716 diem
3177 3679 3351 3732 neque
3378 3665 3478 3716 ho-

1914 3769 2050 3816 ram,
2077 3754 2126 3805 in
2159 3770 2262 3821 qua
2293 3755 2436 3808 ﬁlius
2463 3756 2701 3808 hominis
2733 3756 2934 3808 veniet.
2965 3757 3142 3821 Quare
3168 3757 3309 3809 sicut
3336 3758 3479 3809 enim

1913 3847 2075 3898 homo
2104 3861 2326 3915 peregre
2380 3848 2731 3914 proﬁciscens
2778 3848 2992 3900 vocavit
3047 3863 3236 3901 servos
3275 3863 3404 3900 suos
3430 3857 3478 3901 et

1910 3937 2133 3990 tradidit
2159 3937 2263 3991 illis
2289 3938 2426 3989 bona
2456 3953 2573 3991 sua.
2597 3936 2810 3992 Etenim
2839 3953 2931 4006 per
2961 3938 3230 4007 virgulam
3258 3939 3480 4007 legendo

1912 4026 2218 4092 appositam
2254 4033 2372 4092 post
2413 4042 2621 4095 peregre
2653 4027 3005 4094 proﬁciscens,
3062 4038 3322 4096 punctum
3354 4043 3480 4081 vero

1912 4127 2032 4185 post
2066 4133 2182 4177 sna,
2225 4131 2329 4168 non
2368 4130 2552 4169 coacta
2581 4127 2662 4170 est
2707 4117 3059 4187 intelligentia
3114 4125 3169 4170 et
3215 4117 3480 4172 orationis

1911 4216 2177 4260 svulams.

1988 4398 2150 4453 Vrns.
2190 4401 2271 4453 19.
2322 4400 2433 4453 Cur
2480 4403 2608 4455 dicit
2660 4403 2785 4470 quia
2833 4418 2954 4455 cum
3001 4404 3236 4457 dedisset
3281 4405 3478 4457 talenta

225 4497 586 4566 ἀπεδήμησες
620 4497 686 4546 Ἦ
735 4496 831 4563 τὴν
865 4492 1247 4564 μακροθυμίαν
1293 4493 1719 4562 ἐνδεικνύμενος,
1771 4493 1802 4561 ἢ
1834 4503 1883 4561 1)

1834 4503 1883 4561 Ι)
1913 4495 2104 4556 servis,
2143 4493 2419 4562 proici-tus
2452 4494 2568 4546 est?
2589 4496 2694 4546 Aut
2724 4503 2781 4547 ut
2812 4493 3060 4548 ostendat
3095 4495 3477 4565 longanimita-

226 4592 318 4643 τὸν
349 4589 801 4658 παρατεταμένον
844 4585 1057 4656 καιρὸν,
1094 4587 1260 4655 μέχρι
1293 4586 1389 4654 τῆς
1435 4587 1801 4646 ἀναστάσεως.

226 4681 498 4733 Τάλαντον
517 4675 610 4731 οὖν
640 4680 672 4748 ἡ
697 4678 925 4730 ἑκάστου
953 4678 1176 4746 δύναμις
1197 4679 1260 4746 ἣν
1284 4677 1440 4728 ἔλαϐε
1465 4678 1615 4746 παρᾶ
1637 4676 1794 4729 Θεοῦ.

227 4773 298 4823 Τὸ
323 4770 568 4833 δὲ,Ἓδει
593 4787 666 4823 σε
691 4768 1050 4821 καταϐαλεῖν
1086 4769 1149 4820 τὸ
1172 4765 1474 4819 τάλαντόν
1488 4783 1629 4832 μου,
1650 4763 1806 4816 τοῦτο

225 4865 394 4931 λέγει,
419 4864 477 4915 τὸ
498 4864 673 4914 εἰπεῖν
703 4863 796 4914 καὶ
839 4861 1168 4929 παραινέσαι
1204 4861 1297 4913 καὶ
1331 4858 1724 4928 συμϐουλεῦσαι
1774 4858 1803 4926 ἢ

227 4955 700 5024 συμϐουλευθῆναι
743 4957 774 5022 ἢ
808 4952 1224 5022 παραινεθῆναι.
1264 4953 1552 5021 Ἀργύριον
1568 4950 1622 5002 δὲ
1651 4950 1806 5002 καλεῖ

225 5051 497 5115 ταΛὸγια·
520 5046 852 5118 τραπεζίτας
875 5047 953 5109 δὲ,
970 5049 1091 5107 τοὺς
1114 5045 1428 5107 ἀκούοντας·
1453 5045 1609 5096 τόκον
1626 5043 1803 5111 δὲ,τὴν

225 5140 334 5193 τῶν
373 5141 549 5209 ἔργων
584 5139 842 5202 ἐπίδειξιν
876 5138 970 5190 καὶ
1019 5139 1284 5206 ἐργασίαν
1314 5137 1404 5188 ἐπὶ
1438 5136 1497 5187 τὸ
1536 5137 1799 5205 κρεῖττον·

224 5230 456 5299 ἀρθῆναι
484 5230 539 5281 δὲ
572 5228 782 5280 κελεύει
815 5227 874 5279 τὸ
905 5228 1056 5279 δοθὲν
1084 5228 1368 5289 τάλαντον,
1392 5225 1534 5278 τοῦτ’
1563 5227 1708 5277 ἔστιν
1740 5225 1800 5276 τὸ

226 5324 488 5390 χάρισμα,
525 5320 616 5372 ἀπ’
647 5319 831 5382 αὑτοῦ,
869 5320 964 5371 καὶ
995 5321 1357 5389 προστεθῆναι
1383 5319 1461 5387 τῷ
1496 5318 1688 5388 ἔχοντι·
1722 5319 1806 5367 λέ-

225 5429 310 5479 γει
351 5412 406 5463 δὲ
437 5415 560 5480 περὶ
591 5411 704 5463 διδα
719 5412 929 5463 σκαλων
956 5413 1027 5473 ὡς
1054 5413 1146 5464 ἐπὶ
1179 5413 1240 5464 τὸ
1274 5411 1427 5462 πολύ.

298 5619 395 5670 Δια
425 5617 475 5668 τί
507 5618 727 5686 ἐρίφους
758 5617 880 5678 τοὺς
911 5615 1292 5684 ἁμαρτωλοὺς,
1324 5612 1571 5682 πρόϐατα
1595 5612 1650 5663 δὲ
1681 5612 1803 5672 τοὶς

227 5711 467 5772 δικαίους
511 5711 694 5778 λέγεις
750 5710 873 5760 Ὅτι
917 5710 972 5773 ἐξ
1008 5707 1208 5777 ἰρίςων
1250 5707 1508 5778 πρόσοδος
1547 5705 1800 5774 οὐδεμία,

227 5808 292 5857 ὲκ
347 5801 400 5856 δὲ
459 5805 741 5873 προϐάτων
778 5803 966 5871 πολλὴ,
1004 5802 1060 5864 ἐξ
1110 5801 1276 5871 ἐρίου,
1333 5803 1394 5852 ἐκ
1434 5797 1687 5861 τοκετῶν,
1741 5797 1802 5846 ἐκ

1914 4593 2041 4645 tem,
2069 4594 2158 4637 aut
2193 4595 2405 4652 tempus
2441 4600 2550 4651 quo
2580 4586 2818 4639 distabat
2849 4600 2877 4638 a
2918 4587 3341 4640 resurrectione.
3377 4585 3477 4638 Ta-

1911 4676 2115 4729 lentum
2142 4689 2270 4742 ergo
2313 4683 2393 4726 est
2424 4673 2689 4743 cujusque
2717 4677 2795 4728 vis
2827 4690 2989 4742 quam
3021 4690 3050 4728 ει
3086 4674 3194 4728 Deo
3227 4676 3473 4742 recepit;

1912 4765 2039 4818 illud
2065 4775 2247 4818 autem
2279 4783 2290 4817 :
2320 4763 2566 4830 Oportuit
2588 4775 2633 4817 te
2659 4766 2979 4818 committere
3003 4764 3254 4818 talentum
3284 4782 3476 4828 meum,

1910 4859 2108 4911 dicitur
2148 4857 2213 4908 ad
2266 4856 2684 4925 signiﬁcandum
2720 4857 2922 4909 monita
2958 4867 3009 4911 et
3062 4856 3289 4910 consilia
3325 4856 3476 4921 dare,

1909 4959 2003 5002 aut
2039 4949 2242 5002 monita
2283 4960 2335 5000 et
2388 4948 2614 5001 consilia
2654 4949 2901 5016 excipere
2935 4967 2947 5001 :
2978 4948 3262 5015 pecuniam
3296 4957 3475 5000 autem

1911 5050 2066 5093 vocat
2096 5039 2294 5103 verba;
2329 5039 2747 5100 nummularius,
2787 5053 2883 5091 eos
2908 5038 3000 5105 qui
3049 5037 3311 5102 audiunt;
3345 5053 3477 5089 usu-

1909 5146 2025 5182 ram
2055 5143 2183 5182 vero
2224 5143 2450 5197 operum
2479 5127 2978 5180 manifestationetn
3009 5133 3062 5178 ct
3097 5126 3468 5194 operationem

1911 5222 1962 5272 in
1999 5220 2216 5274 melius.
2250 5219 2390 5273 Tolli
2423 5229 2602 5273 autem
2653 5220 2808 5287 jubet
2855 5215 2997 5285 quod
3039 5216 3262 5269 dederat
3298 5214 3474 5267 talen-

1910 5325 2049 5378 tum,
2077 5317 2127 5368 id
2156 5326 2260 5376 est,
2289 5315 2514 5382 gratiam
2551 5327 2669 5382 quae
2692 5329 2754 5366 ex
2804 5313 2894 5364 illo
2926 5318 3027 5372 est,
3063 5317 3117 5361 et
3143 5306 3264 5361 addi
3295 5306 3342 5360 ei
3383 5307 3475 5374 qui

1911 5407 2103 5473 habet;
2167 5406 2406 5474 loquitur
2463 5407 2527 5459 de
2583 5404 2901 5459 doctoribus
2952 5410 3012 5453 ut
3071 5402 3123 5452 in
3192 5396 3476 5466 superiore

1909 5501 2099 5567 gradu.

1986 5609 2144 5663 Vens.
2187 5609 2276 5662 55.
2337 5609 2445 5662 Cur
2502 5608 2681 5662 haedos
2723 5615 3058 5676 peccatores.
3117 5615 3244 5654 oves
3295 5590 3475 5650 autem

1903 5701 2083 5766 justos
2113 5698 2458 5766 vocat?Quia
2500 5716 2563 5754 ex
2619 5700 2789 5753 hzedis
2822 5707 3113 5766 proventus
3164 5691 3367 5753 nullus,
3411 5705 3474 5740 ex

1911 5795 2104 5847 ovibus
2162 5803 2340 5848 autem
2388 5795 2612 5854 multus.
2679 5793 2733 5845 in
2767 5792 2910 5851 lana,
2963 5785 3249 5854 partubus,
3317 5784 3468 5846 laete,

3341 379 3476 442 115::
3553 394 3558 398 '
