4220 6432
825 367 960 429 1159

1497 360 1883 420 OPUSCULA
1930 356 2564 418 SCRIPTURISTICA
2606 356 2957 415 INCERT/E
2991 357 3296 419 ᾸΞΤΛΤΙΒ.

3959 372 4079 432 llis

798 493 963 532 casco
992 494 1004 530 :
1040 476 1146 530 alia
1185 475 1404 544 quidem
1440 474 1594 525 bruta
1621 488 1651 524 a
1685 481 1880 526 natura
1909 488 2031 536 sua,
2068 487 2170 525 nos
2192 479 2369 524 autem

2481 469 2774 538 γάλακτος,
2815 473 2879 524 ὲκ
2915 475 3107 544 τυροῦ.
3173 477 3332 529 Ἀλλὰ
3370 480 3436 531 τά
3470 480 3571 547 μὲν
3600 482 3792 550 ἄλογα,
3824 486 3947 537 ἀπὸ
3990 492 4082 555 ςι-

807 589 835 623 a
868 577 1060 624 nostra
1087 567 1381 621 voluntate.

871 658 1039 714 Visus.
1079 658 1168 712 51.
1215 655 1484 709 l’ossidete
1516 663 1764 723 paratum
1793 653 1936 706 vobis
1989 669 2238 722 regnum;
2271 666 2379 704 non

801 753 932 805 dicit
976 769 989 804 τ
1020 749 1285 816 Accipite,
1305 747 1399 803 sed
1430 758 1490 802 ut
1524 755 1749 816 paterna
1779 753 1836 802 et
1863 745 1976 814 jam
2008 755 2209 808 vestra,
2244 741 2381 797 Pos-

804 845 986 895 sidete.

876 932 1038 988 Vens.
1080 932 1169 986 42.
1206 931 1280 986 De
1333 932 1677 1000 elcemosyna
1728 930 1971 1000 loquitur
2019 945 2034 982 :
2072 927 2226 992 Quod
2278 944 2379 980 uou

2484 579 2642 626 σεως·
2680 564 2843 633 ἡμεῖς
2876 563 2931 618 δὲ
2963 566 3027 619 ὲκ
3059 569 3454 638 προαιρέσεως.

2555 657 3066 724 κληρονομήσατε
3089 660 3204 726 τὴν
3237 664 3686 733 ἡτοιμασμένην
3719 672 3867 739 ὑμῖν
3899 675 4085 736 ,ϐαι-ι-

2481 748 2674 802 λείαν.
2727 751 2841 802 Οὐκ
2891 747 3068 814 εἶπεν.
3114 753 3357 819 Λάϐετε,
3404 757 3521 809 ἀλλ’
3568 759 3642 822 ὼς
3696 766 3940 833 πατρῷα
3998 770 4084 817 καὶ

2482 839 2634 907 ὑμῶν
2661 841 2762 910 ήδη
2802 842 2953 908 δντα,
2989 845 3522 915 κληρονομήσατε.

2558 930 2667 999 Τὴν
2697 932 3070 1002 ἐλεημοσύνην
3111 936 3278 1002 λέγει,
3333 939 3453 990 Ὀτι
3505 942 3614 991 οὐκ
3662 943 3932 997 ἐδώκατέ
3977 966 4077 1014 μοι

797 1026 1020 1079 dedistis
1056 1023 1183 1077 mihi
1221 1024 1583 1087 manducare;
1612 1031 1667 1076 et
1689 1038 1797 1076 non
1827 1023 1928 1074 hoc
1954 1029 2165 1073 tantum
2204 1020 2369 1073 admi-

2479 1021 2722 1090 φαγεῖν
2758 1026 2852 1077 καὶ
2877 1025 2939 1077 οὐ
2962 1024 3117 1078 τοῦτο
3153 1027 3314 1094 μόνον
3343 1023 3508 1096 εἶχον,
3553 1030 3666 1081 ἀλλ’
3712 1035 3831 1086 οὐδὲ
3864 1043 4080 1105 regem

799 1127 1010 1180 serunt,
1037 1117 1130 1170 sed
1172 1131 1276 1167 non
1311 1115 1518 1166 nudum
1547 1119 1915 1181 Operucrunt;
1941 1118 1995 1164 et
2024 1109 2170 1180 quod
2207 1109 2369 1163 levius

2481 1111 2831 1181 περιέϐαλον·
2867 1116 2960 1167 καὶ
3015 1116 3044 1168 ὃ
3093 1116 3424 1188 κουφότερον
3475 1115 3562 1188 ἦν,
3614 1121 3732 1174 οὐδὲ
3785 1125 4080 1194 ἄρρωστον

797 1220 901 1272 est,
933 1224 1042 1263 non
1075 1208 1349 1262 inﬁrmum
1387 1206 1773 1260 visitaverunt.

1359 1351 1589 1406 CAPUT
1630 1350 1826 1406 XXVI.

872 1481 1036 1535 Vens.
1071 1481 1125 1533 3.
1155 1479 1295 1545 Quid
1335 1489 1417 1534 est
1456 1477 1813 1548 :Cougregati
1835 1486 1957 1530 sunt
1986 1475 2253 1544 principes
2284 1493 2376 1529 sa-

2481 1205 2872 1274 ἐπεσκέψαντο.

3058 1353 3311 1406 usus.
3345 1353 3491 1422 κεῖ.

2563 1475 2628 1526 Τί
2654 1477 2798 1530 ἐστιν
2827 1479 2910 1542 τὸ,
2940 1479 3352 1548 Συνήχθησαν
3384 1486 3441 1536 οι
3476 1485 3796 1553 ἀρχιερεῖς
3827 1488 4074 1554 Ἐδιιξεν

795 1574 1107 1628 eerdotum.’
1160 1572 1535 1628 Ostenduntur
1583 1570 1807 1624 Judaica
1871 1568 2087 1623 initium
2152 1583 2369 1623 sumere

2476 1568 2558 1620 ὅτι
2607 1571 2675 1621 τά
2732 1572 3001 1624 Ἰουδαῖκά
3038 1574 3216 1646 ἀρχὴν
3263 1575 3572 1644 ἐλάμϐανεν
3617 1578 3970 1635 διαλύεσθαι.
4016 1585 4071 1635 Ὀ

795 1664 1196 1718 dissolutionis.
1228 1661 1362 1716 Nam
1395 1660 1610 1732 Moyses
1656 1675 1825 1713 unum
1862 1674 1987 1714 esse
2018 1659 2368 1714 sacerdotum

796 1756 1094 1825 principem
1143 1751 1345 1821 jussit;
1403 1764 1457 1809 et
1507 1754 1611 1806 hoc
1664 1761 1905 1816 mortuo,
1956 1758 2089 1806 tunc
2144 1751 2374 1804 alterum

2480 1658 2576 1727 μὲν
2603 1659 2711 1729 γὰρ
2739 1661 2942 1729 Μωσῆς
2982 1661 3079 1715 ἕνα
3131 1658 3276 1716 εἶναι
3316 1666 3578 1735 ἀρχιερέα
3619 1669 3936 1723 ἐκέλευσεν·
3986 1675 4071 1724 καὶ

2477 1753 2923 1823 τελευτήσαντος,
2955 1755 3076 1808 τότε
3101 1756 3290 1826 ἓτερον
3319 1759 3588 1825 γίνεσθαι.
3620 1763 3751 1815 Τότε
3785 1764 3840 1816 δὲ
3879 1767 4068 1818 πολλοὶ

797 1822 988 1902 statui.
1014 1845 1118 1900 Sed
1161 1855 1275 1900 tum
1307 1855 1463 1900 erant
1489 1844 1647 1898 multi
1686 1845 2030 1899 sacerdotum
2075 1843 2369 1912 principes,

2474 1837 2614 1911 ἦσαν
2645 1844 2943 1914 ἀρχιερεῖς
2980 1847 3241 1900 ἐνιαύσιοι
3289 1850 3400 1918 γάρ
3448 1851 3707 1919 ἐγίνοντο·
3761 1858 3856 1907 καὶ
3911 1857 4068 1910 τοῦτο

799 1941 1063 1995 annuales
1084 1940 1230 1994 enim
1259 1939 1460 1993 liehant
1491 1956 1504 1992 :
1535 1948 1589 1993 et
1621 1938 1724 1991 hoc
1751 1937 1954 1992 clarius
1981 1934 2222 1988 ostendit
2264 1934 2371 1987 Lu-

795 2049 890 2086 cas
916 2033 1128 2096 dicens,
1184 2030 1458 2101 loquendo
1501 2030 1569 2086 de
1621 2029 1886 2084 Zacharia
1919 2046 1931 2082 :
1969 2027 2124 2081 Hum:
2153 2027 2217 2081 de
2264 2028 2371 2080 vice

792 2127 926 2177 Al-ia
953 2141 1086 2179 esse.

869 2218 1030 2272 Vens.
1067 2218 1120 2271 5.
1147 2217 1289 2283 Quid
1324 2218 1514 2272 dicunt
1566 2235 1579 2271 :
1624 2215 1746 2270 Non
1773 2217 1826 2268 iu
1865 2218 1947 2269 die
1995 2215 2149 2285 festo,
2191 2230 2252 2266 ne
2284 2223 2372 2267 tu-

794 2308 990 2361 multus
1016 2309 1164 2377 ﬁeret
1196 2310 1249 2361 in
1276 2309 1506 2377 populo?
1536 2308 1801 2361 timebant
1823 2307 1968 2360 enim
1999 2306 2283 2376 populum,
2305 2319 2372 2358 eo

793 2404 939 2470 quod
977 2400 1136 2455 tidem
1165 2401 1396 2455 habebat
1426 2401 1479 2452 in
1517 2399 1838 2464 Christum;
1865 2399 1988 2453 ideo
2009 2398 2151 2452 diem
2169 2397 2368 2452 festum

791 2501 1251 2562 exspectaverunt
1282 2501 1341 2546 ut
1376 2493 1701 2561 prmteriret.

867 2584 1031 2638 Vsus.
1067 2585 1120 2639 6.
1161 2583 1270 2638 Cur
1303 2585 1356 2638 in
1386 2584 1554 2638 domo
1576 2585 1818 2638 SimOnis
1847 2582 2050 2654 lcprosi
2082 2583 2134 2636 id
2158 2595 2368 2636 memo-

791 2689 948 2733 ratur
978 2677 1181 2732 factum
1211 2679 1371 2732 esse!
1410 2675 1479 2730 Ut
1522 2678 1906 2730 ostenderetur
1948 2689 2126 2745 quare
2171 2674 2370 2727 mulier

797 2773 862 2823 ad
897 2769 1181 2824 Christum
1213 2770 1527 2834 accesserit,
1563 2769 1706 2838 quod
1761 2783 1955 2838 nempe
2004 2769 2106 2823 iste
2145 2775 2369 2822 curatus

792 2860 972 2914 fuerat
1003 2874 1175 2928 nuper
1205 2868 1261 2914 et
1289 2869 1410 2913 erat
1438 2860 1502 2912 de
1528 2859 1632 2912 hoc
1666 2857 1834 2912 fama.

867 2951 1032 3006 Vens.
1062 2951 1115 3004 7.
1156 2951 1349 3004 Mulier
1386 2950 1476 3003 illa
1511 2951 1728 3004 videtur
1772 2950 1994 3020 quidem
2027 2965 2134 3004 una
2190 2959 2245 3004 et
2274 2965 2368 3004 eas

794 3047 917 3098 dem
954 3043 1007 3097 in
1033 3043 1290 3098 omnibus
1325 3041 1700 3112 evangelistis,
1754 3055 1862 3094 non
1900 3050 1985 3095 est
2030 3050 2212 3094 autem
2245 3042 2364 3094 sic:

794 3138 884 3190 sed
921 3153 1043 3206 qua:
1100 3137 1153 3190 in
1206 3135 1382 3190 trihus
1409 3134 1629 3204 legitur,
1683 3149 1788 3186 una
1821 3133 1950 3186 mihi
1988 3131 2200 3186 videtur
2247 3148 2368 3187 esse

790 3230 1093 3292 eteadem;
1119 3227 1340 3282 minime
1383 3241 1512 3281 vero
1548 3225 1690 3294 apud
1726 3223 1992 3278 Joannem
2040 3224 2230 3276 eadem
2264 3233 2368 3286 est,

792 3321 884 3374 sed
940 3320 1109 3372 altera
1150 3319 1401 3388 quaedam
1447 3316 1770 3370 admiranda
1812 3315 2002 3368 Lazari
2042 3330 2220 3371 soror.
2259 3315 2371 3368 Cur

796 3427 903 3466 non
934 3411 985 3464 in
1022 3411 1258 3479 publico,
1288 3409 1379 3464 sed
1437 3408 1576 3462 intra
1635 3410 1858 3460 domum
1892 3405 2046 3461 adest
2078 3409 2372 3460 meretrix?

795 3503 932 3568 Quia
960 3503 1136 3571 turpis
1181 3510 1299 3554 erat
1343 3511 1397 3554 et
1443 3507 1667 3570 propter
1711 3499 1927 3552 turbam
1967 3491 2366 3553 erubescebat:

793 3611 900 3649 non
917 3595 1060 3648 enim
1090 3603 1150 3648 ut
1175 3593 1620 3655 hmmorrhoissa,
1639 3601 1732 3645 aut
1759 3601 1816 3645 ut
1838 3591 2024 3656 vidua,
2041 3601 2133 3644 aut
2154 3600 2210 3645 ut
2231 3591 2372 3645 Mar-

792 3695 885 3740 tlia
911 3687 1127 3740 obviam
1155 3685 1285 3739 adit.
1322 3683 1432 3739 Cur
1486 3684 1701 3754 capillis
1743 3682 1941 3737 tersit?
2003 3683 2141 3748 Quia
2195 3685 2370 3752 magis

791 3793 954 3847 quam
987 3793 1085 3846 pro
1109 3777 1332 3831 homine
1368 3777 1520 3830 illum
1554 3775 1986 3842 honoriﬁcahat;
2017 3776 2164 3846 quod
2197 3776 2371 3830 hono-

791 3869 1090 3923 riﬁcentius
1113 3868 1241 3937 egit,
1267 3865 1501 3921 aﬂ‘erens
1544 3882 1705 3921 suum
1742 3879 1907 3936 caput
1944 3883 2042 3936 pro
2074 3867 2261 3922 linteo.

867 3957 1031 4013 Vens.
1074 3957 1131 4012 8.
1179 3957 1291 4011 Cur
1349 3956 1706 4026 indignantur
1766 3957 2023 4027 discipuli
2084 3958 2366 4012 dicentes:

795 4049 990 4121 thuid
1038 4049 1263 4118 perditio
1311 4049 1462 4103 hac?
1510 4049 1648 4114 Quia
1699 4047 1767 4102 de
1804 4048 2150 4119 eleemosyua
2200 4051 2370 4104 multa

790 4145 1035 4206 sciebat;
1068 4142 1312 4209 permisit
1339 4153 1522 4194 autem
1554 4155 1718 4210 super
1752 4149 1913 4207 caput
1961 4156 2119 4194 suum
2151 4140 2357 4196 eﬂ‘undi

790 4241 1153 4298 unguentum,
1187 4247 1282 4302 per
1313 4246 1567 4301 magnam
1597 4231 2166 4287 condescendentiam.

865 4414 1028 4470 Vens.
1063 4415 1151 4469 i0.
1204 4415 1314 4470 Cur
1359 4415 1674 4472 dicentibus
1725 4417 1834 4471 illis
1882 4419 2072 4486 potuit,
2113 4420 2369 4490 objurga-

2475 1937 2810 2007 σαφέστερον
2861 1937 3013 2008 δηλοί
3058 1943 3296 2005 Λουκᾶς,
3357 1944 3452 2007 Ἐξ
3503 1945 3830 2014 ἐφημερίας
3879 1952 4069 2002 αὐτὸν

2472 2025 2624 2082 εἶναι
2686 2029 2850 2085 Ἀὄιᾶ
2900 2030 3096 2098 λέγων,
3144 2033 3272 2103 περὶ
3322 2033 3417 2087 τοῦ
3485 2037 3758 2107 Ζαχαρίου
3813 2039 4065 2109 διαλεγόο

2475 2138 2655 2190 μενος.

2543 2212 2608 2267 Τί
2643 2213 2912 2283 λέγουσιν,
2949 2217 3042 2285 Μὴ
3095 2218 3164 2270 ἐν
3190 2217 3264 2285 τῇ
3309 2219 3509 2286 ἑορτῇ,
3545 2222 3645 2276 ἵνα
3685 2223 3774 2290 μὴ
3812 2226 4065 2292 θόρυϐος

2484 2303 2723 2372 γένηται
2756 2304 2824 2357 ἐν
2863 2304 2942 2369 τῷ
2974 2305 3137 2370 dati);
3189 2308 3590 2363 Ἐδεδοίκεισαν
3640 2311 3749 2380 γάρ
3797 2314 3890 2364 τὸν
3940 2315 4065 2366 λαὸν

2471 2396 2554 2448 ὅτι
2582 2395 2761 2448 πίστιν
2808 2392 2953 2465 εἶχον
2989 2399 3070 2461 εἰς
3117 2401 3373 2470 Χριστόν·
3433 2402 3514 2455 διὸ
3565 2404 3661 2456 καὶ
3710 2403 3814 2474 τὴν
3863 2406 4059 2474 ἑορτὴν

2471 2487 2736 2556 ἀνέμενον
2766 2487 3079 2557 παρελθεῖν.

2553 2577 2650 2630 Διὰ
2680 2577 2732 2630 τί
2775 2580 2832 2630 ἐν
2863 2579 3010 2649 οἰκίᾳ.
3057 2579 3300 2648 Σίμωνος
3346 2581 3440 2634 τοῦ
3485 2583 3688 2653 λεπροῦ
3722 2584 3888 2636 τοῦτο
3932 2603 4063 2654 μνη-

2475 2672 2690 2739 μονεύει
2723 2671 3010 2736 γενέσθαιι
3041 2673 3159 2724 Ἱνα
3193 2673 3344 2743 δείξῃ
3380 2674 3544 2727 πόθεν
3581 2678 3835 2746 παροῦσα
3864 2680 3899 2747 ἡ
3925 2681 4061 2747 γυνὴ

2471 2761 2549 2831 τῷ
2584 2762 2803 2833 Χριστῷ
2848 2763 3173 2833 προσῆλθεν,
3219 2768 3280 2817 ὲκ
3310 2765 3403 2818 τοῦ
3436 2767 3642 2820 ἐκεῖνον
3673 2769 3895 2837 ἰαθῆναί
3927 2788 4056 2823 ποτε

2473 2855 2566 2906 καὶ
2592 2853 2687 2923 τὴν
2718 2855 2906 2924 φήμην
2937 2851 3097 2909 εἶναι.

2570 2947 2631 2999 Ἢ
2665 2949 2804 3019 γυνὴ
2852 2950 2991 3018 αὕτη
3040 2949 3187 3002 δοκεῖ
3228 2951 3328 3019 μὲν
3365 2946 3506 3006 εἶναι
3558 2956 3658 3021 μία
3707 2954 3802 3005 καὶ
3851 2956 3886 3024 ἡ
3926 2955 4065 3022 αὑτὴ

2474 3038 2626 3109 παρὰ⁵
2647 3043 2757 3103 τοῖς
2790 3041 3204 3110 εὐαγγελισταῖς
3238 3043 3464 3108 ἅπασιν,
3498 3045 3598 3097 οὐκ
3627 3046 3742 3099 ἔστι
3769 3045 3846 3098 δέ·
3885 3046 4005 3098 ἀλλ’
4033 3049 4064 3114 ἡ

2474 3131 2622 3200 παρὰ
2656 3131 2756 3200 μὲν
2778 3135 2891 3196 τοῖς
2922 3133 3090 3203 τρισὶ,
3129 3135 3228 3202 μία
3277 3153 3358 3198 τις
3397 3132 3535 3190 εἶναί
3586 3154 3676 3205 μοι
3709 3138 3860 3190 δοκεῖ
3892 3141 3992 3191 καὶ
4036 3142 4066 3207 ἡ

2476 3227 2635 3295 αὑτήο
2667 3226 2850 3278 οὐκέτι
2881 3226 2936 3278 δὲ
2971 3228 3065 3278 καὶ
3098 3226 3248 3294 παρὰ
3279 3227 3356 3296 τῷ
3394 3228 3615 3298 Ἰωάννῃ
3645 3228 3796 3280 ἐστὶν
3830 3231 3862 3298 ἡ
3902 3231 4062 3300 αὐτὴ,

2474 3316 2589 3370 ἀλλ’
2637 3318 2798 3387 ἑτέρα
2843 3335 2927 3379 τις
2967 3318 3258 3388 θαυμαστὴ
3309 3323 3338 3389 ἡ
3391 3320 3484 3372 τοῦ
3528 3321 3784 3392 Λαζάρου
3835 3323 4064 3393 ἀδελφή.

2475 3409 2572 3459 Διὰ
2601 3408 2651 3460 τί
2685 3410 2744 3462 οὐ
2777 3409 3035 3480 δημοσίᾳ,
3067 3410 3181 3463 ἀλλ’
3213 3413 3270 3464 ὲν
3307 3411 3457 3480 οἰκίᾳ
3500 3411 3720 3481 ἔρχεται
3755 3414 3791 3482 ἡ
3841 3414 4018 3482 πόρνη
4049 3431 4062 3474 ;

2487 3499 2702 3569 Ἐπειδὴ
2738 3500 3073 3570 αἰσχροτάτη
3105 3497 3172 3570 ἦν
3223 3503 3313 3552 καὶ
3350 3501 3616 3571 ᾐσχύνετο
3651 3503 3743 3554 ἐπὶ
3771 3503 3957 3571 ὄχλου·
4007 3504 4062 3554 οὐ

2476 3591 2581 3660 γάρ
2610 3591 2684 3654 ὡς
2719 3593 2752 3660 ἠ
2785 3593 3110 3663 αἱμόρρους,
3149 3592 3181 3663 ἢ
3215 3594 3286 3652 ὡς
3323 3594 3352 3662 ἡ
3390 3594 3554 3662 χήρα,
3601 3593 3633 3662 ἦ
3681 3594 3756 3656 ὡς
3793 3596 3826 3662 ἡ
3861 3596 4064 3664 Μάρθα

2475 3682 2710 3750 ἀπαντᾷ.
2763 3682 2861 3734 Διὰ
2916 3683 2966 3735 τί
3018 3686 3137 3745 ταῖς
3185 3685 3359 3754 Θριξὶν
3420 3685 3778 3753 ἀπέμασσεν;
3844 3687 4062 3755 Ἐπειδὴ

2476 3774 2639 3825 πλέον
2669 3775 2700 3844 ἦ
2755 3775 2892 3827 κατὰ
2922 3775 3206 3845 ἄνθρωπον
3237 3776 3399 3827 αὐτὸν
3427 3776 3613 3846 stipa:
3656 3776 3686 3828 ὃ
3730 3777 4062 3847 τιμιὼτερον

2475 3859 2587 3933 εἶχε
2633 3866 3018 3936 προσφέρουσα
3072 3866 3167 3937 τὴν
3218 3867 3419 3935 ἑαυτῆς
3471 3867 3717 3937 κεφαλὴν
3773 3871 3898 3922 ἀντὶ
3955 3889 4061 3923 σιν-

2473 3953 2641 4016 δόνος.

2552 4045 2651 4098 Διὰ
2678 4046 2729 4096 τί
2761 4047 3164 4113 ἁγανακτοὶσιν
3192 4048 3242 4098 οἱ
3271 4047 3514 4116 μαθηταὶ
3555 4048 3830 4116 λέγοντες·
3870 4055 3976 4115 εἰς
4010 4053 4062 4103 τί

2474 4136 2512 4203 ἡ
2535 4134 2800 4190 ἀπώλεια
2830 4138 3020 4205 αὕτη;
3058 4139 3276 4209 Ἐπειδὴ
3301 4141 3425 4209 περὶ
3452 4139 3822 4209 ἐλεημοσύνης
3859 4143 4060 4212 ἤκουσε

2474 4230 2668 4284 πολλά”
2704 4232 3050 4302 συνεχώρησε
3081 4232 3138 4285 δὲ
3169 4232 3261 4284 καὶ
3292 4233 3433 4284 κατὰ
3466 4232 3565 4301 τῆς
3598 4233 3848 4300 κεφαλῆς
3897 4234 4060 4286 αὑτοῦ

2473 4323 2701 4394 χεΟῆναι
2732 4323 2794 4375 τὸ
2823 4323 3014 4393 μῦρον,
3060 4322 3169 4374 άπὸ
3200 4322 3404 4391 πολλῆς
3437 4314 3938 4389 συγκαταδάσεως.

2547 4413 2646 4466 Διὰ
2671 4413 2723 4467 τί
2757 4414 3010 4480 λέγουσιν
3038 4412 3223 4474 αὐτοῖς
3255 4413 3339 4478 τὸ,
3386 4412 3690 4475 Ἐδύνατο,
3725 4417 4060 4484 ἐπετίμησεν

789 4506 993 4561 tionem
1025 4507 1193 4562 facit?
1223 4523 1289 4562 ne
1316 4509 1564 4562 mulieris
1592 4524 1779 4562 curam
1809 4518 1862 4564 et
1886 4510 2043 4565 fidem
2068 4513 2134 4566 ad
2168 4521 2368 4566 metum

2480 4507 2704 4568 αὖτοῖςς
2739 4506 2856 4558 ’Ἱνα
2887 4505 2962 4574 μὴ
2994 4505 3096 4574 τῆς
3123 4505 3383 4572 γυναικὸς
3413 4505 3511 4574 τὴν
3555 4507 3793 4574 σπουδὴν
3829 4510 3929 4560 καὶ
3966 4509 4059 4578 τὴν

791 4600 866 4654 illi
896 4600 1204 4654 iaciendum
1244 4602 1561 4656 adhibeant.

869 4687 1036 4743 Vens.
1079 4691 1165 4744 15.
1201 4690 1312 4743 Cur
1351 4691 1562 4744 nullum
1611 4692 1897 4761 spirituale
1931 4693 2165 4761 pretium
2199 4694 2364 4758 dedit,

791 4782 884 4837 sed
916 4781 1238 4835 memoriam
1270 4783 1630 4851 perpetuam?
1662 4785 1800 4849 Quia
1829 4784 2132 4839 suﬂiciehat
2156 4785 2258 4839 hoc
2281 4785 2363 4839 vel

792 4874 845 4928 in
877 4872 995 4926 istis
1039 4871 1103 4924 ad
1148 4874 1588 4941 persuadendum
1615 4885 1674 4929 ut
1695 4877 1939 4929 animum
1972 4887 2213 4931 sumeret
2253 4878 2364 4932 illa.

790 4963 939 5030 Opus
974 4961 1178 5014 bonum
1229 4974 1452 5031 operata
1485 4974 1624 5029 erat,
1657 4975 1716 5019 ut
1765 4967 1844 5019 ait
1893 4967 2184 5033 Christus;
2222 4977 2370 5038 patet

790 5051 937 5105 illam
983 5051 1202 5120 dignam
1239 5054 1545 5108 mercedem
1570 5065 1909 5125 recepturam
1934 5073 2072 5113 esse.
2092 5057 2364 5116 Dicendo:

788 5145 870 5195 Ad
894 5144 1248 5210 sepeliendum
1275 5162 1354 5198 me
1382 5147 1529 5214 fecit,
1560 5149 1800 5218 loquitur
1821 5151 2123 5220 pradicens
2153 5152 2366 5220 passio-

790 5251 938 5297 nem,
972 5238 1124 5304 quasi
1178 5252 1393 5307 semper
1441 5255 1560 5294 eam
1598 5257 1832 5297 cernens
1868 5250 1921 5297 et
1957 5243 2065 5298 illis
2094 5245 2146 5298 in
2178 5259 2362 5298 recor-

788 5325 1064 5378 dationem
1097 5327 1393 5382 adducens.

857 5413 1028 5469 Vsus.
1063 5415 1146 5469 M.
1192 5416 1365 5483 Quam
1399 5419 1469 5474 ob
1487 5437 1704 5476 causam
1739 5422 1944 5477 dicitur
1985 5442 1996 5477 :
2046 5422 2196 5476 Tunc
2235 5424 2364 5477 atiit

784 5525 919 5566 unm
962 5509 1022 5560 de
1051 5509 1350 5575 duodecim,
1388 5511 1560 5566 ludas
1599 5516 1688 5584 qui
1728 5516 2003 5570 dicebatur
2049 5516 2369 5571 lscariotes?

787 5599 857 5652 Ut
891 5604 1208 5657 ostendatur
1258 5605 1501 5661 mulieris
1545 5608 1646 5662 lide
1689 5608 1838 5662 illum
1880 5625 1989 5662 non
2033 5609 2202 5664 fuisse
2247 5626 2368 5678 per-

787 5700 1028 5756 motum;
1065 5693 1382 5758 Duodecim,
1405 5706 1462 5750 ut
1485 5700 1804 5753 ostendatur
1829 5700 1978 5754 illum
2012 5716 2041 5754 e
2074 5703 2361 5771 praecipuis

787 5793 944 5849 esse;
977 5779 1143 5839 Judas
1179 5783 1464 5844 Iscariotes
1493 5789 1692 5845 dicitur
1721 5833 1734 5855 ,
1767 5794 1890 5862 quia
1935 5794 2071 5849 alter
2113 5802 2232 5849 erat
2274 5792 2368 5848 Ju-

2478 4601 2660 4653 πίστιν
2689 4601 2769 4662 είς
2795 4600 2854 4652 τὸ
2893 4599 3296 4668 ἐξαπορηθῆναι
3331 4597 3663 4667 ἐμϐάλωσιν.

2541 4692 2638 4744 Διά
2675 4691 2726 4743 τί
2773 4690 2964 4742 οὐδένα
3008 4685 3168 4741 ἆθλον
3219 4688 3590 4756 πνευματικὸν
3636 4686 3878 4751 τέθεικε,
3932 4691 4059 4741 ἀλλά

2481 4785 2581 4853 τὴν
2613 4784 2692 4846 εἰς
2726 4782 2813 4835 ἀεὶ
2857 4782 3116 4852 μνήμην;
3167 4780 3388 4847 Ἐπειδὴ
3420 4780 3582 4849 ἤρκει
3612 4779 3773 4832 τοῦτο
3811 4783 3907 4833 καὶ
3935 4784 4060 4851 περὶ

2473 4875 2699 4929 ἐκείνων
2748 4875 2930 4927 πεῖσαι
2964 4873 3186 4942 Θαρρεῖν
3227 4872 3420 4939 αὑτήν.
3459 4873 3681 4939 Ἔργον
3713 4873 3912 4924 καλὸν
3949 4876 4059 4938 εἶρα

2470 4967 2719 5036 γάσατο,
2748 4965 2821 5026 ὡς
2879 4961 3032 5017 εἶπεν
3079 4964 3311 5034 Χριστός
3336 4982 3348 4994 ·
3371 4961 3592 5031 εὔδηλον
3623 4963 3705 5015 ὅτι
3742 4966 3837 5015 καὶ
3871 4965 4058 5032 μισοτν

2474 5059 2624 5124 ἄξιον
2656 5058 2910 5127 λήψεται.
2946 5057 3020 5109 Τὸ
3052 5056 3107 5108 δὲ
3132 5059 3330 5116 εἰπεῖν,
3360 5059 3463 5121 Εἷς
3494 5056 3601 5108 τὸν
3642 5057 4059 5124 ἐνταφιασμόν

2468 5167 2588 5218 μου
2618 5150 2936 5216 ἐποίησεν,
2968 5147 3130 5201 τοῦτο
3159 5143 3314 5201 εἶπεν
3359 5147 3646 5218 προλέγων
3673 5148 3733 5200 τὸ
3763 5149 3960 5212 πάθος,
3987 5150 4056 5211 ὡς

2472 5244 2688 5306 πάντως
2718 5240 2876 5305 εἰδὼς
2910 5242 3004 5294 καὶ
3033 5240 3192 5294 τοῦτο
3223 5243 3661 5312 ἀναμιμνήσκων
3691 5243 3903 5304 αὐτοῖς.

2543 5430 2701 5490 Τίνος
2733 5428 2893 5498 χάριν
2936 5422 3113 5478 εἶπεν
3177 5425 3320 5478 Τότε
3349 5427 3663 5493 πορευθεὶς
3717 5429 3952 5494 Ἰούδας
3974 5423 4054 5494 εἷς

2470 5522 2589 5574 τῶν
2615 5521 2844 5573 δώδεκα
2877 5523 2909 5574 ό
2945 5521 3276 5587 λεγόμενος
3311 5520 3691 5586 Ἰσκαριώτης
3719 5539 3735 5584 ;
3774 5522 3890 5573 Ἰνα
3911 5524 4051 5592 δείξῃ

2480 5613 2561 5664 ὅτι
2594 5612 2714 5664 οὐδὲ
2746 5613 2779 5680 ἡ
2811 5610 2991 5672 πίστις
3023 5610 3119 5678 τῆς
3149 5609 3407 5676 γυναικὸς
3438 5609 3687 5680 ἔκαμψεν
3727 5614 3910 5666 αὐτόν.
3946 5616 4048 5665 Δώ-

2472 5707 2625 5767 δεκα,
2656 5701 2830 5766 εἶπεν,
2866 5703 2958 5757 ἵνα
2999 5703 3154 5773 δείξῃ
3187 5704 3271 5756 ὅτι
3313 5705 3377 5756 ὲκ
3428 5705 3536 5756 τῶν
3590 5709 3910 5774 κορυφαίων
3955 5703 4044 5775 ἦν

2489 5798 2692 5851 Ἰούδαν
2733 5796 2790 5850 δὲ
2845 5793 3208 5866 Ἰσκαριώτην
3252 5790 3427 5863 εἶπεν,
3462 5797 3586 5849 ἐπεὶ
3639 5801 3734 5852 καὶ
3789 5801 3943 5861 ἄλλος
3982 5794 4044 5868 ἦν
