4220 6432
287 410 416 471 1161

1271 409 1586 466 StlllOlJA
1633 407 1923 465 VE'I‘EHA
1965 407 2042 466 IN
2087 407 2554 468 lilATTIL'EUM.

3395 411 3533 474 1162

292 524 521 584 Ἰούδας.
555 521 656 572 Διὶ
693 515 786 573 οὖν
819 520 917 588 τῆς
950 522 1268 590 ἐπωνυμίας
1300 522 1526 591 χωρίζει
1559 523 1743 586 αὑτὸν,
1780 523 1862 572 ἵνα
1895 527 1932 580 Α

1895 527 1932 580 Α
1966 521 2097 582 das;
2137 538 2229 589 per
2261 537 2580 591 cognomen)
2613 522 2801 591 igitur,
2826 524 3162 594 designatur,
3189 542 3254 580 ne
3289 528 3531 584 vid-eatur

286 615 365 682 μὴ
397 612 525 683 δόξῃ
552 612 758 674 ἐκεῖνος
784 607 942 664 εἶναι.
971 612 1090 681 Χρὴ
1111 613 1166 663 δὲ
1190 612 1410 676 εἰδέναι,
1445 613 1537 665 καὶ
1567 613 1859 684 αὐτομάτῳ

281 709 496 778 κινήσει
527 707 684 759 τοῦτο
710 709 856 758 ποιεῖ
891 707 984 758 καὶ
1015 708 1242 776 χρυσίου
1269 707 1476 774 ὀλίγον.

357 798 587 866 Πρώτην
650 799 760 848 τῶν
824 797 1079 865 ’Λζύμων
1125 798 1225 865 τὴν
1279 799 1385 868 πρὸ
1429 800 1538 852 τῶν
1609 797 1859 868 Ἀξύμων

283 889 451 955 φησίν
476 906 488 919 ·
531 888 752 941 εἰώθασι
797 890 903 957 γὰρ
941 891 1050 942 ἀπὸ
1085 890 1184 958 τῆς
1218 892 1458 961 ἑσπέρας
1493 892 1579 943 ἀεὶ
1607 893 1859 962 ἀριθμεῖν

279 983 381 1047 τὴν
405 979 640 1049 ἡμέραν,
687 982 780 1032 καὶ
805 981 1010 1049 ταύτης
1044 982 1431 1050 μνημονεύειν,
1466 981 1585 1035 καθ’
1611 985 1674 1052 ἣν
1706 985 1763 1036 ἐν
1793 986 1856 1052 τῇ

279 1070 493 1138 ἑσπέρα
533 1071 591 1123 τὸ
628 1072 819 1139 Πάσχα
861 1071 1086 1139 ἔμελλεν
1116 1072 1345 1126 θύεσθαι
1367 1087 1382 1102 ⁸
1413 1076 1476 1144 τῇ
1501 1074 1609 1144 γὰρ
1634 1076 1858 1144 πέμπτῃ

282 1162 396 1213 τῶν
437 1162 732 1214 Σαϐδάτων
785 1163 1129 1232 προσῆλθον·
1180 1167 1272 1217 καὶ
1301 1164 1506 1234 ταύτην
1538 1167 1568 1216 ὁ
1613 1165 1714 1234 μὲν
1759 1165 1859 1235 τὴν

281 1254 388 1320 πρὸ
429 1254 537 1304 τῶν
589 1255 839 1322 ’Λζύμων
880 1256 1058 1316 καλεῖ,
1097 1256 1185 1307 τὸν
1217 1258 1409 1324 καιρὸν
1449 1258 1621 1322 λέγων
1650 1257 1772 1310 καθ’
1797 1257 1855 1309 ὃν

278 1346 583 1412 προσῆλθον
607 1363 619 1374 ·
671 1349 697 1398 ὁ
726 1347 780 1397 δὲ
815 1345 956 1397 οὕτω
987 1347 1136 1412 λέγει
1163 1364 1174 1377 ·
1222 1344 1450 1403 Ἠλθεν
1488 1349 1556 1400 δὲ
1597 1350 1635 1414 ἡ
1666 1351 1855 1416 ἡμέρα

278 1437 397 1489 τῶν
439 1439 706 1507 Ἀζύμων,
740 1440 810 1490 ἐν
837 1434 874 1509 ᾖ
903 1439 1022 1490 ἔδει
1055 1441 1300 1494 θύεσθαι
1348 1442 1414 1493 τὸ
1451 1441 1663 1508 Πάσχα
1699 1459 1711 1471 ο
1740 1444 1767 1493 ὁ
1797 1443 1853 1495 δὲ

279 1528 442 1590 ἄλλος
488 1528 893 1596 εύαγγελιστὴς
946 1531 1042 1598 τὴν
1095 1531 1334 1599 ἑσπέραν
1381 1531 1562 1596 λέγει’
1603 1534 1709 1584 ἀπὸ
1746 1534 1852 1605 γὰρ

277 1619 375 1685 τῆς
403 1619 640 1686 ἑσπέρας
672 1619 870 1685 ἧρχετο
902 1619 964 1670 τὸ
998 1621 1206 1688 Πάσχα.
1249 1623 1346 1674 Διὰ
1390 1623 1440 1673 τί
1479 1625 1721 1693 ἐρωτῶσι
1749 1625 1851 1676 πού

283 1713 600 1777 ποιήσουσιν
639 1710 696 1761 τὸ
730 1712 918 1780 Πάσχα
950 1727 964 1772 ;
998 1711 1099 1763 Διὰ
1126 1712 1184 1763 τὸ
1221 1713 1294 1783 μὴ
1343 1714 1486 1782 ἔχειν
1529 1715 1693 1767 αὑτὸν
1720 1733 1852 1768 κατ·

277 1799 519 1867 αγώγιον
553 1803 690 1870 μήτε
709 1802 906 1854 οἰκίαν.
934 1806 1030 1854 Διὰ
1056 1804 1106 1855 τί
1134 1805 1375 1856 ἐπιτελεῖ
1389 1807 1448 1858 τὸ
1478 1807 1704 1876 "ﬁexa;
1732 1808 1850 1861 ’Ὶνα

276 1894 430 1964 δείξῃ
453 1897 533 1946 ὅτι
570 1896 644 1963 μὴ
675 1896 994 1958 ὑπεναντίος
1021 1897 1098 1965 τῷ
1128 1899 1277 1968 νόμῳ
1314 1899 1483 1951 ἐστίν.

350 1987 449 2036 Διά
486 1988 537 2036 τί
570 1987 705 2056 πρὸς
736 1988 1012 2054 ἄγνωστον
1047 1989 1255 2056 πέμπει
1288 1991 1599 2061 ἄνθρωπον;
1625 1997 1847 2058 Δεικνὺς

273 2080 356 2130 δτι
409 2078 581 2130 πάντα
629 2079 934 2132 ὑπακούει⁸
974 2083 1070 2134 καὶ
1121 2083 1169 2132 εἰ
1206 2081 1419 2152 ἤθελεν,
1467 2085 1586 2137 οὐδὲ
1622 2087 1842 2140 ἔπαθεν.

278 2171 427 2220 ’Ᾱνω
456 2168 565 2239 γὰρ
592 2169 692 2234 τὴν
721 2168 960 2222 διάνοιαν
987 2170 1081 2222 τοῦ
1123 2172 1196 2241 μὴ
1242 2175 1599 2244 γνωρίζοντος
1628 2176 1844 2240 πείσας,

274 2259 465 2330 ὥσπερ
495 2261 589 2312 καὶ
650 2260 745 2312 τοῦ
791 2259 981 2328 κυρίου
1015 2261 1114 2330 τῆς
1145 2260 1289 2326 ὄνου,
1335 2263 1451 2325 πῶς
1478 2265 1576 2315 ούκ
1611 2265 1676 2316 ἂν
1723 2265 1847 2327 τοὺς

275 2351 596 2420 σταυρωτὰς
626 2351 864 2416 ἕπεισεν,
897 2353 944 2403 εί
992 2353 1278 2416 Modiam;
1328 2355 1469 2420 Ἐγὼ
1497 2355 1553 2406 δὲ
1607 2355 1666 2407 οὐ
1719 2355 1847 2408 θαυο

273 2446 434 2513 μάξω
467 2445 626 2513 μόνον
653 2447 733 2498 ὅτι
767 2447 1042 2512 ἄγνωστος
1069 2445 1143 2497 ὢν
1170 2446 1484 2522 ύπεδέξατο,
1509 2446 1620 2498 ἀλλ’
1650 2449 1728 2499 δτι
1752 2449 1846 2500 καὶ

1491 2541 1718 2608 σημεῖον
1789 2540 1845 2592 δὲ

269 2633 453 2692 αὐτοῖς
484 2632 668 2682 δίδωσι
706 2631 797 2682 τὸν
831 2633 892 2682 τ’)
941 2630 1211 2698 κεράμιον
1263 2630 1624 2698 βαστάζοντα,
1657 2632 1844 2700 ἐπειδὴ

268 2724 362 2775 τὸν
415 2723 580 2773 τόπον
619 2724 872 2789 ἠγνόουν.
930 2723 1025 2784 Τὸ,
1088 2723 1300 2789 Ῥἰψον
1333 2721 1404 2773 τὰ
1439 2722 1730 2790 χρήματα,
1785 2724 1843 2774 ού

272 2813 588 2874 κελεύοντός
621 2814 792 2874 ἐστιν,
821 2813 956 2866 ἀλλὰ
987 2814 1295 2881 συμϐούλου
1319 2813 1492 2875 ὄντος.
1529 2815 1585 2864 '0
1617 2815 1846 2883 πορνεύ-

273 2923 370 2968 σας
403 2906 508 2971 πρὸ
531 2906 696 2972 νόμου
723 2907 816 2956 καὶ
866 2905 924 2957 ἐν
955 2905 1107 2974 νόμῳ
1130 2906 1225 2957 καὶ
1259 2906 1395 2974 μετὰ
1423 2905 1607 2974 νόμον,
1645 2907 1844 2974 πολλὴν

272 2538 513 2588 κίνδυνον
580 2537 930 2606 ὑφορώμενος
1009 2539 1415 2607 κατεφρόνησε·

269 2999 383 3066 ἔχει
422 3000 520 3069 τὴν
564 3000 830 3070 διαφορὰν
871 3000 1085 3053 καὶτοῦ
1118 3001 1519 3072 ἁμαρτήματος
1559 3004 1652 3054 καὶ
1684 3021 1846 3056 κατα-

272 3091 563 3160 κρέματος.
626 3093 991 3162 Ἐπὸρνευσέν
1025 3111 1109 3156 τις
1147 3094 1326 3162 ἱερεὺς
1354 3092 1460 3146 ὧν·
1519 3095 1843 3163 ὲπόρνευσέν

1966 612 2069 666 iste
2095 615 2232 666 alter
2272 628 2414 666 esse.
2443 613 2669 682 Oportet
2699 626 2881 670 autem
2908 619 3049 670 scire
3084 619 3235 670 illum
3273 620 3372 672 hoc
3415 638 3531 687 pro.

1963 705 2082 773 prio
2119 715 2268 758 motu
2319 714 2374 758 et
2420 707 2491 758 ob
2542 707 2714 760 levem
2752 710 3037 776 pecuniam
3066 725 3247 768 agere.

2035 794 2197 850 Vens.
2218 795 2303 848 17.
2331 795 2567 848 Primam
2596 799 2948 868 Azymorum,
2981 801 3122 854 diem
3154 813 3279 855 ante
3299 804 3532 872 Azyinos

1959 888 2110 942 dicit.
2149 887 2411 942 Solebant
2449 892 2592 942 enim
2629 907 2658 944 a
2691 907 2914 960 vespera
2948 909 3162 962 semper
3221 894 3362 947 diem
3429 913 3534 948 nn-

1962 990 2192 1039 merare,
2225 986 2278 1030 et
2309 979 2375 1030 de
2425 978 2526 1031 ista
2574 979 2744 1047 loqui,
2798 982 2849 1032 in
2883 999 2986 1048 qua
3027 985 3092 1034 ad
3125 999 3405 1052 vesperam
3437 985 3535 1038 Pa-

1959 1068 2087 1120 scha
2117 1069 2387 1122 immolari
2418 1071 2671 1124 debebat.
2697 1071 2828 1124 Nam
2865 1077 2928 1125 ad
2956 1077 3200 1142 quintam
3229 1092 3258 1129 a
3291 1079 3533 1130 Sahhato

1958 1169 2357 1224 processerant,
2391 1172 2444 1214 et
2468 1164 2626 1214 istam
2657 1179 2798 1217 unus
2815 1165 3033 1232 quidem
3062 1169 3205 1220 diem
3231 1178 3358 1222 ante
3388 1169 3531 1238 Διγ-

1958 1265 2075 1301 mos
2113 1261 2288 1313 vocat,
2326 1263 2540 1322 tempus
2576 1255 2826 1308 indicans
2851 1256 2916 1309 ad
2939 1260 3083 1325 quod
3112 1273 3530 1327 processerant;

1955 1341 2093 1392 alter
2133 1356 2259 1393 V830
2288 1343 2367 1395 sic
2393 1345 2524 1396 dicit
2552 1364 2562 1397 :
2607 1346 2828 1399 Venerat
2861 1362 3036 1402 autent
3060 1353 3171 1404 dies
3190 1353 3529 1420 Azymorum,

1954 1431 2006 1481 in
2061 1449 2165 1497 qua
2210 1437 2478 1500 oportebat
2543 1438 2809 1493 immolari
2852 1440 3100 1505 Pascha;
3159 1444 3300 1498 alius
3346 1455 3531 1499 autem

1952 1524 2284 1589 evangelista
2319 1541 2602 1594 vesperam
2629 1529 2782 1595 dicit,
2819 1548 2945 1584 nam
2979 1549 3008 1585 a
3045 1548 3273 1602 vespera
3301 1535 3534 1604 incipie-

1955 1612 2044 1666 bat
2079 1612 2312 1667 Pascha.
2351 1617 2464 1669 Cur
2501 1619 2841 1688 interrogant
2879 1640 2892 1675 ε
2925 1621 3024 1676 Ubi
3049 1625 3400 1678 comedemus
3425 1624 3532 1679 Pa-

1953 1706 2126 1759 scha?
2159 1705 2234 1760 Eo
2274 1710 2420 1776 quod
2485 1725 2590 1762 non
2644 1711 2872 1765 haberet
2928 1713 3318 1769 habitationem
3357 1733 3531 1786 neque

1951 1796 2196 1851 domum.
2235 1801 2344 1852 Cur
2379 1802 2620 1856 celebrat
2647 1803 2895 1858 Pascha?
2940 1806 3010 1861 Ut
3041 1809 3294 1862 ostendat
3326 1824 3385 1862 se
3425 1810 3527 1879 legi

1883 1874 1922 1927 Β
1953 1888 2332 1945 adversantem
2360 1907 2466 1946 non
2505 1908 2648 1947 esse.

2026 1977 2322 2035 \"Ens.18.
2379 1984 2492 2036 Cur
2554 1986 2620 2037 ad
2684 1986 2925 2053 ignotum
2989 1989 3266 2046 hominem
3322 1998 3528 2054 mittit?

1952 2068 2261 2127 Ostendens
2278 2077 2459 2129 omnia
2479 2077 2552 2129 illi
2570 2078 2824 2141 subesse;
2851 2086 2962 2134 etsi
2996 2084 3244 2152 voluerit,
3273 2104 3378 2144 non
3399 2107 3526 2161 pas-

1951 2177 2046 2215 sus
2078 2161 2275 2229 fuerit;
2313 2182 2435 2219 nam
2474 2183 2715 2238 superno
2751 2181 2899 2225 motu
2954 2173 3198 2232 hominis
3242 2194 3349 2234 non
3395 2197 3520 2236 eum

1951 2257 2228 2312 noscentis
2279 2271 2511 2313 mentem
2567 2264 2901 2330 persuadens
2959 2275 3018 2320 ut
3074 2269 3279 2324 domini
3332 2275 3522 2334 asinae.

1948 2350 2352 2426 quonmdogron
2372 2355 2728 2408 crucitixores
2748 2356 3134 2424 persuasisset,
3157 2363 3202 2415 si
3219 2365 3483 2421 voluisset
3501 2370 3525 2421 ?

1951 2439 2064 2508 Ego
2088 2458 2237 2506 vero,
2267 2459 2374 2497 non
2395 2447 2570 2499 solum
2596 2448 2842 2502 admiror
2871 2453 3014 2520 quod
3049 2453 3265 2522 ignotus
3289 2471 3413 2513 cum
3445 2462 3526 2516 illi

1951 2529 2133 2591 luerit.
2171 2534 2317 2589 hunc
2356 2539 2644 2606 acet-parit,
2689 2541 2948 2611 sedquod
2993 2548 3305 2613 periculum
3340 2555 3524 2624 suspi-

1949 2627 2100 2680 ciens
2137 2643 2329 2694 parum
2359 2632 2652 2684 curaverit.
2683 2635 2781 2687 His
2825 2650 2952 2690 vero
2989 2641 3207 2706 signum
3234 2643 3326 2697 dat
3355 2645 3518 2699 Chri-

1949 2732 2068 2773 Slus
2099 2719 2374 2772 hominem
2433 2737 2627 2776 urnam
2678 2739 2998 2793 gerentem,
3033 2734 3294 2799 quoniam
3344 2735 3521 2792 locum

1951 2826 2056 2864 non
2099 2813 2528 2880 cognoscebant.
2580 2813 2885 2871 Libationes
2925 2820 3108 2891 funde,
3160 2839 3270 2878 non
3329 2831 3525 2899 preci-

1952 2901 2174 2967 pientis,
2210 2902 2304 2955 sed
2356 2905 2698 2959 eonsiliantis
2731 2916 2834 2962 est.
2868 2908 2970 2973 Qui
3007 2916 3386 2972 meretricatus
3438 2928 3524 2975 est

1948 3002 2075 3045 ante
2117 2993 2315 3062 legem,
2343 2994 2396 3048 in
2430 2995 2547 3066 lege
2600 3008 2653 3051 et
2685 3011 2811 3067 post
2852 3001 3020 3070 legem
3056 3006 3280 3061 multam
3320 3010 3524 3077 prazhet

1946 3083 2306 3138 diﬂ’erentiam
2336 3099 2388 3140 et
2408 3088 2459 3140 in
2485 3089 2640 3157 culpa
2662 3105 2674 3141 :
2695 3091 2817 3144 etin
2847 3096 3321 3154 condemnatione.
3346 3100 3522 3158 Mere-

268 3200 437 3246 τινος.
466 3184 656 3253 ἱερέως
707 3184 981 3254 Θυγάτηρ’
1017 3187 1050 3255 ἢ
1099 3187 1198 3255 μὲν
1230 3186 1467 3256 ἀνῄρητο
1489 3227 1503 3252 ν
1531 3188 1563 3256 ἡ
1606 3187 1661 3239 δὲ
1707 3205 1843 3240 κατ’
1874 3202 1919 3265 C

1874 3202 1919 3265 C
1953 3173 2180 3229 tricatus
2200 3185 2282 3230 est
2299 3179 2519 3244 quidam
2544 3182 2836 3245 Sacerdos;
2862 3187 3204 3242 nteretricata
3231 3192 3520 3262 estcnjus-

267 3276 574 3341 επρήθετοο
607 3278 666 3328 οὐ
724 3278 883 3345 μόνον
919 3278 993 3340 ὡς
1044 3278 1227 3341 πλέον,
1282 3273 1458 3347 οἶμαι,
1513 3277 1838 3346 διδαχθεῖσα,

268 3368 403 3420 ἀλλὰ
435 3371 529 3421 καὶ
577 3369 671 3421 τὸν
723 3370 872 3438 ἱερέα
940 3369 1195 3422 δεικνῦσα
1245 3370 1343 3439 ὅση
1404 3372 1438 3440 ή
1493 3370 1838 3440 κατάκρισις,

273 3459 474 3525 μᾶλλον
539 3461 587 3512 εί
638 3462 847 3525 ἐκεῖνος
925 3461 1297 3530 ⁶ιτορνεύσειεν.
1370 3463 1702 3533 Ἐπορνεύθη
1759 3481 1842 3526 τις

269 3549 482 3617 βιαίως,
515 3551 818 3622 ἐπορνεύθη
868 3570 952 3614 τις
986 3552 1240 3618 πλουσία,
1276 3553 1546 3622 πενομένη
1572 3571 1585 3582 ο
1625 3554 1756 3607 πολὺ
1783 3553 1844 3606 τὸ

266 3641 541 3710 διάφορον.
603 3642 960 3712 Ἐπόρνευσέν
984 3661 1067 3706 τις
1089 3643 1444 3706 ὰὸάπτιστος,
1473 3644 1842 3714 βεϐαπτισμέ-

269 3735 391 3793 νος”
428 3733 564 3785 πολὺ
586 3733 648 3786 τὸ
687 3735 851 3803 μέσον
872 3735 1098 3789 τούτων.

341 3918 437 3969 Δια
467 3918 520 3970 τί
547 3913 723 3982 εἶπεν,
755 3912 857 3984 Εἷς
890 3918 958 3982 ἐξ
1003 3918 1170 3986 ὑμῶν
1199 3920 1536 3988 παραδώσει
1573 3938 1649 3989 με
1667 3938 1685 3984 ;
1711 3923 1844 3975 Βου-

270 4008 497 4076 λόμενος
532 4009 693 4061 αὑτὸν
736 4007 811 4079 μὴ
854 4009 1212 4079 αἰσχυνθέντα
1254 4011 1350 4063 καὶ
1390 4011 1717 4078 ἀπογνόντα,
1769 4014 1844 4076 ὡς

273 4102 373 4171 ἤδη
398 4101 682 4168 νοηθέντα,
715 4105 1046 4171 μετανοῆσαι
1072 4105 1164 4155 καὶ
1205 4103 1464 4155 διασῶσαι
1508 4105 1687 4156 αὐτόν.
1735 4105 1843 4156 Καὶ

267 4191 358 4244 διὰ
379 4193 432 4244 τί
457 4192 620 4245 αὑτὸν
645 4191 975 4261 ὲξεκάλυψεν
997 4210 1009 4256 ;
1043 4193 1262 4263 Ἐπειδὴ
1283 4195 1469 4260 ἔλεγον
1491 4210 1504 4224 °
1527 4195 1679 4260 Μήτι
1731 4196 1842 4263 ἐγώ

268 4283 406 4348 εἰμι,
441 4283 650 4348 Κύριε;
683 4282 778 4334 καὶ
803 4282 1244 4342 άπετεθνήκεσαν
1275 4282 1351 4353 τῷ
1371 4284 1482 4337 δέει
1508 4301 1522 4316 ·
1550 4286 1633 4337 ἴνα
1668 4285 1741 4355 μὴ
1773 4289 1839 4354 τῇ

274 4370 638 4441 περισσοτέρᾳ
667 4370 812 4441 λύπῃ
839 4372 1245 4424 καταποθῶσιν.

340 4461 498 4521 Τίνος
527 4460 716 4514 ἕνεκεν
767 4462 886 4530 μετ’
943 4461 1111 4514 αὑτοῦ
1166 4461 1402 4514 ἔδαπτεν
1447 4465 1476 4515 δ
1535 4463 1838 4534 προδότηςς

1953 3265 2078 3318 dam
2115 3268 2416 3322 sacerdotis
2467 3269 2605 3333 (ilia;
2667 3271 2753 3324 illa
2789 3273 3008 3340 quidem
3050 3278 3226 3333 ablata
3275 3294 3380 3347 est,
3427 3286 3518 3339 illa

1945 3366 2126 3409 autem
2159 3360 2465 3412 venundata
2495 3371 2603 3426 est;
2641 3379 2746 3416 non
2772 3365 2949 3419 solum
2983 3371 3178 3438 magis,
3213 3383 3271 3426 ut
3298 3375 3517 3443 opinor,

1945 3449 2157 3515 educta,
2184 3451 2278 3504 sed
2293 3452 2561 3506 sacerdoti
2577 3457 2870 3511 ostendens
2885 3475 3005 3528 quae
3023 3460 3185 3517 fuerit
3198 3467 3522 3523 condemna-

1949 3540 2042 3601 tio.
2070 3543 2370 3608 praesertim
2399 3545 2445 3596 si
2479 3545 2582 3599 iste
2617 3550 2996 3606 merctrieatus
3017 3554 3107 3608 sit.
3135 3555 3520 3615 Meretricatur

1947 3633 2195 3700 quaedam
2217 3635 2498 3698 violenter.
2521 3642 2900 3696 meretricatur
2915 3647 3162 3713 quaedam
3193 3651 3367 3714 dives,
3386 3669 3519 3721 pau-

1947 3740 2074 3792 per:
2110 3727 2276 3778 multa
2306 3737 2389 3781 est
2415 3728 2738 3786 dim-rentia.
2768 3733 3138 3793 Meretricatus
3173 3751 3258 3794 est
3289 3759 3394 3796 non
3425 3745 3517 3797 ba-

1945 3816 2206 3882 ptizatus,
2237 3829 2330 3871 aut
2355 3819 2693 3887 baptizatus:
2721 3827 2944 3880 nmltum
2977 3830 3201 3887 interest
3229 3835 3370 3889 inter
3395 3853 3513 3891 eos.

2021 3909 2190 3964 Vens.
2213 3911 2303 3963 2|.
2334 3912 2446 3966 Cur
2475 3914 2609 3967 dicit
2637 3931 2650 3967 :
2683 3914 2827 3970 Unus
2848 3931 3078 3974 vestrum
3107 3942 3187 3978 me
3217 3929 3516 3983 traditurus

1943 4003 2070 4053 est?
2122 3997 2241 4052 Vult
2267 4000 2439 4064 illum,
2477 4005 2578 4056 etsi
2631 4020 2737 4057 non
2774 4009 3043 4065 ernbesc‘t
3092 4023 3146 4066 et
3179 4027 3359 4084 negat,
3402 4021 3514 4089 jam

1947 4091 2282 4144 intellectum
2327 4107 2387 4146 se
2428 4094 2757 4148 sentientem
2797 4102 3060 4165 poenitere
3093 4115 3147 4158 et
3181 4108 3402 4163 salvari.
3453 4112 3519 4166 lit

1945 4194 2046 4233 cur
2098 4180 2246 4232 illum
2279 4180 2580 4250 patefecit?
2617 4185 2758 4249 Quia
2791 4188 3049 4245 dicebant
3083 4210 3096 4246 :
3137 4195 3388 4265 Nunquid
3426 4217 3518 4268 ego

1943 4285 2081 4333 sum,
2124 4271 2379 4324 Domine?
2401 4281 2455 4326 et
2483 4273 2677 4330 timore
2700 4277 3056 4349 disperibant,
3084 4300 3150 4339 ne
3174 4287 3344 4342 nimio
3369 4290 3517 4347 luetu

1950 4361 2056 4413 allii
2065 4373 2344 4427 gerentur.

2018 4452 2184 4508 Vens.
2217 4454 2308 4508 25.
2340 4455 2519 4520 Quare
2548 4472 2671 4512 cum
2715 4459 2805 4512 illo
2836 4461 3051 4533 intingit
3099 4470 3345 4535 proditor
3383 4474 3406 4525 τ
3437 4475 3520 4529 Ob

282 4553 416 4605 Ἀπὸ
448 4553 652 4620 πολλῆς
705 4554 1064 4622 ίταμότητος’
1117 4555 1237 4607 οὐδὲ
1285 4556 1394 4623 γάρ
1442 4556 1628 4610 λοιπὸν
1681 4559 1840 4628 ὲτίμα
1877 4538 1917 4590 θ

1877 4538 1917 4590 D
1952 4561 2204 4615 magnam
2259 4547 2678 4616 impudentiam,
2733 4567 2858 4604 nam
2907 4555 3019 4621 jam
3073 4573 3180 4612 non
3218 4561 3520 4620 honorabat

271 4646 364 4697 τὸν
413 4646 767 4701 Διδάσκαλον.
822 4647 1054 4711 Χριστὸς
1101 4647 1157 4699 δὲ
1208 4647 1518 4716 ἐκαρτέρει,
1557 4648 1840 4702 λανθάνειν

271 4736 620 4806 βουλόμενος,
652 4737 738 4789 ἴνα
769 4737 855 4790 διὰ
887 4737 1076 4790 τούτου
1111 4739 1414 4809 ἐπιστρέψῃ
1456 4740 1618 4791 αὐτόν
1643 4755 1658 4770 ο
1692 4739 1842 4809 ἢκαὶ

270 4827 416 4896 ἡμᾶς
447 4826 723 4879 παιδεύων
752 4827 1132 4897 μακροθυμεῖν
1165 4829 1303 4899 πρὸς
1328 4831 1838 4898 ἀναισχυντοῦντας.

333 4919 430 4970 Διὰ
462 4917 514 4970 τί
537 4917 707 4985 λέγει,
741 4917 802 4970 '0
827 4918 944 4986 μὲν
979 4920 1111 4982 Υἱὸς
1143 4920 1249 4972 τοῦ
1275 4917 1589 4988 ἀνθρώπου
1603 4920 1838 4990 ὑπάγει,

273 5007 468 5074 καθὼς
511 5010 836 5077 τέπραπται
881 5010 1014 5079 περὶ
1064 5011 1292 5076 ιιὺτοῦ;
1356 5011 1696 5081 Προσέθηκεν
1757 5013 1840 5076 τὸ,

270 5103 614 5170 γέγραπται,
671 5103 758 5156 ἵνα
815 5103 890 5174 μὴ
942 5104 1238 5172 νομίσωσιν
1273 5105 1557 5157 ἀσθένειαν
1615 5100 1843 5158 εἶναιτὸ

275 5196 542 5262 πρᾶγμαο
582 5194 662 5246 ἐτι
710 5195 767 5247 δὲ
823 5197 916 5248 καὶ
963 5198 1056 5248 τὸν
1113 5196 1378 5265 προδότην
1427 5197 1839 5266 διορθούμενος·

281 5286 368 5337 ἵνα
403 5287 634 5353 νομίσας
662 5287 1026 5356 ἀποκείμενον
1058 5287 1204 5355 αὐτῷ
1244 5288 1304 5339 τὸ
1339 5289 1552 5352 παθεῖν,
1577 5288 1650 5349 ὡς
1683 5289 1756 5357 μὴ
1785 5289 1846 5339 τὸ

276 5376 382 5427 πᾶν
411 5373 666 5437 πταίσας,
694 5375 854 5435 αὐτὸς
875 5377 1101 5446 καμφθῇ
1127 5377 1261 5446 πρὸς
1295 5381 1604 5447 μετάνοιαν.

349 5466 494 5535 Ποίῳ
542 5467 732 5536 σκοπῷ
783 5467 930 5535 λέγει
978 5468 1176 5530 Ἰούδας
1215 5468 1296 5532 τὸ,
1329 5469 1482 5536 Μήτι
1532 5467 1646 5538 ἐγώ
1688 5471 1845 5536 sim;

290 5559 659 5628 Ἀναισχύντῳ
709 5563 802 5611 κατ.
863 5560 1090 5630 ύπὸπτῳ
1140 5562 1439 5630 συνειδήσει
1485 5563 1840 5630 τυπτόμενος.

278 5651 373 5703 Διὰ
406 5651 455 5704 τί
487 5652 657 5713 οὕτως
687 5647 841 5704 εἶπεν
869 5654 1125 5722 Χριστὸς,
1171 5654 1252 5706 Σὺ
1296 5649 1490 5720 εἶπας,
1540 5653 1653 5707 ἀλλ’
1705 5654 1845 5723 ούχί,

275 5736 344 5795 Ὦ
372 5743 537 5812 μιαρὲ
593 5744 685 5796 καὶ
734 5743 1032 5812 ἅχάριστε;
1086 5747 1458 5812 ’Δνεξικακίας
1510 5748 1668 5818 ὅρους
1715 5751 1848 5816 ἡμῖν

270 5833 581 5898 τιθεις.Διέι
616 5835 668 5885 τί
718 5835 1026 5902 ἐγκαλεῖται
1087 5839 1309 5904 Ἰούδας,
1361 5841 1429 5892 τὰ
1477 5839 1848 5910 γεγραμμένα

585 5932 857 5995 Parum.
895 5938 1011 5998 (in.
1049 5940 1194 6000 CVI.

1950 4634 2293 4704 Magistrum.
2350 4637 2606 4693 Christus
2653 4652 2834 4695 autem
2865 4646 3192 4714 sustinebat,
3241 4656 3519 4708 occultare

1946 4728 2158 4791 volens,
2199 4737 2257 4780 nt
2283 4744 2376 4797 per
2423 4729 2527 4783 hoc
2573 4731 2725 4784 illum
2767 4747 3147 4805 converteret;
3190 4755 3283 4798 aut
3325 4756 3383 4800 ut
3417 4765 3517 4802 nos

1948 4831 2194 4874 moneret
2230 4821 2575 4891 longanimos
2605 4839 2726 4878 esse
2763 4825 2816 4878 in
2848 4827 3212 4896 impudentes.

2021 4911 2187 4966 Vens.
2216 4913 2306 4968 24.
2349 4915 2460 4968 Cur
2493 4915 2626 4970 dicit
2658 4934 2672 4971 :
2709 4915 2885 4970 Filius
2927 4922 3139 4988 quidmt
3168 4925 3396 4983 hominis
3426 4948 3517 4984 ινι-

1944 5006 2044 5069 dit,
2071 5006 2204 5058 sicut
2250 5007 2507 5073 scriptum
2543 5016 2618 5060 est
2652 5007 2714 5060 de
2743 5009 2838 5060 illo
2860 5011 2885 5062 .’
2920 5012 3140 5067 Addidit
3186 5016 3339 5079 illud,
3387 5024 3522 5074 scri-

1945 5109 2091 5164 ptum
2119 5107 2217 5158 est,
2246 5112 2316 5150 ne
2342 5109 2595 5167 putarent
2636 5115 2748 5152 rem
2780 5101 3109 5158 debilitatem
3147 5123 3306 5175 esse;
3337 5113 3516 5167 adhuc

1909 5193 1913 5197 ’
1951 5201 2132 5242 autent
2163 5197 2222 5240 ut
2275 5188 2603 5257 proditorem
2652 5190 2984 5260 corrigeret,
3031 5205 3086 5246 ut
3126 5198 3421 5254 arbitratus
3466 5205 3516 5256 ei

1953 5289 2288 5333 reservatum
2326 5292 2450 5330 esse
2505 5277 2615 5344 pati
2667 5287 2926 5346 tanquam
2963 5283 3148 5335 omnia
3195 5288 3516 5355 complenti,

1954 5373 2068 5438 ipse
2096 5369 2397 5422 adducatur
2432 5368 2498 5424 ad
2537 5369 2935 5438 pcenitentiam.

2028 5460 2191 5516 Vens.
2225 5461 2316 5514 25.
2356 5459 2472 5524 Qua
2507 5461 2720 5512 ratione
2750 5460 2882 5514 dicit
2910 5462 3080 5517 Judas
3107 5483 3119 5518 :
3146 5465 3399 5536 Nunquid
3422 5491 3519 5543 ego

1950 5570 2062 5605 sum
2087 5552 2432 5620 ?lmpndenti
2465 5561 2516 5605 et
2543 5551 2802 5604 dillidenti
2825 5555 3157 5609 conscientia
3183 5571 3384 5616 motus.
3408 5564 3520 5618 Cur

1952 5650 2023 5701 ita
2055 5648 2185 5700 dicit
2222 5646 2473 5699 Christus
2517 5660 2530 5698 :
2568 5643 2643 5696 Tu
2677 5643 2888 5711 dixisti,
2923 5657 2974 5699 et
3009 5664 3137 5710 non,
3191 5651 3431 5710 Sceleste
3462 5671 3515 5712 ρι

1955 5739 2204 5809 ingrate?
2241 5736 2525 5791 Patientim
2580 5737 2845 5792 terminos
2901 5737 3056 5791 nobis
3102 5751 3366 5799 statuens.
3407 5747 3519 5801 Cur

1952 5817 2197 5901 arguitur
2257 5827 2425 5883 ludas
2480 5827 2675 5882 fecisse
2724 5843 2844 5894 quae
2900 5844 2927 5881 a
2976 5831 3256 5898 prophetis
3312 5839 3517 5908 scripta

3065 5929 3142 5986 37
