4220 6432
288 410 419 472 H37

1274 409 1594 470 SCIIOIJA
1635 411 1931 470 VETERA
1977 411 2053 470 ΙΝ
2098 409 2565 470 ΜΑΤΤΗΑΞΗΜ.

3387 410 3442 468 ιί
3453 410 3523 469 38

285 519 421 570 θεοῦ
463 517 809 589 συγχώρησιν
841 519 937 571 καὶ
986 520 1370 591 μακροθυμίαν
1406 523 1540 591 πρὸς
1583 522 1680 586 τὴν
1717 524 1856 592 ἡμε·
1886 528 1929 583 Α

1886 528 1929 583 Α
1961 523 2195 591 gentiam
2239 531 2293 574 et
2331 522 2795 589 longanimitatem
2847 529 3049 574 nostra:
3097 517 3524 587 pusillanimitati

286 607 450 678 τέραν
480 609 844 679 μικροψυχίαν
881 610 1182 662 δείκνυσιν·
1213 611 1307 663 ὅτι·
1325 611 1528 672 ἐκεῖνος
1578 610 1675 679 μὲν
1719 612 1856 680 ἄμε-

286 715 392 768 τρα
418 702 693 770 συγχωρεῖ
735 700 915 770 (τοῦτο
961 701 1069 771 γάρ
1101 703 1215 753 ἐστι
1256 700 1333 764 τδ,
1363 702 1594 770 μυρίαν
1617 703 1777 772 ἡμεῖς
1801 702 1856 753 δὲ

287 787 407 840 οὐδὲ
454 789 520 841 τὰ
569 789 850 859 ἀριθμητά
904 788 1330 860 συγχωρούμενο
1386 790 1627 842 δείκνυσι
1674 791 1731 843 δέ
1770 791 1858 843 διὰ

288 879 480 932 τούτου
532 881 696 934 πόσον
745 881 879 945 Θεὸς
923 882 1065 950 ὑπὲρ
1116 881 1402 952 ἄνθρωπόν
1453 882 1601 933 ἐστιν
1654 881 1858 949 ἀγαθὸς

291 972 385 1023 ml.
417 971 820 1043 φιλάνθρωπος.

365 1063 469 1114 Σὺν
501 1062 578 1132 τῷ
611 1064 878 1130 ὀφείλοντι
905 1064 970 1116 τὰ
1001 1063 1170 1134 μυρία
1190 1062 1427 1116 τάλαντα
1455 1064 1542 1117 διὰ
1569 1064 1620 1116 τί
1645 1065 1738 1117 καὶ
1761 1064 1861 1130 τὴν

292 1152 458 1204 αὐτοῦ
509 1157 744 1221 γυναῖκα
775 1155 870 1208 καὶ
899 1155 966 1207 τά
1001 1154 1190 1207 παιδία
1218 1155 1520 1209 διακελεύει
1549 1155 1860 1226 πραθῆναι;

292 1243 403 1311 Οὐχ
437 1243 512 1306 ὡς
534 1244 705 1313 ὠμὸς,
741 1245 856 1298 ἀλλ’
889 1246 976 1299 ἵνα
1006 1246 1170 1298 αὑτὸν
1202 1248 1277 1308 είς
1328 1246 1607 1315 ἱκετηρίαν
1637 1245 1862 1315 ἀγαγὼν

293 1333 647 1406 συγχωρήσῃ,
675 1335 772 1403 οὐχ
807 1335 892 1387 ἵνα
926 1336 1108 1406 πραθῇ
1131 1352 1145 1365 ·
1179 1337 1227 1388 εί
1257 1335 1362 1406 γὰρ
1387 1336 1473 1388 διὰ
1507 1336 1566 1388 τὸ
1590 1336 1862 1406 πραθῆναι

291 1421 449 1474 τοῦτο
482 1425 676 1489 ἐποίει,
708 1426 807 1478 οὐκ
827 1424 892 1478 ἂν
916 1425 1210 1496 συνεχώρει
1229 1441 1243 1456 °
1284 1428 1345 1480 οὐ
1379 1430 1650 1496 συγχωρεῖ
1677 1428 1731 1480 δέ
1760 1429 1864 1496 πρὸ

291 1512 389 1577 τῆς
418 1511 766 1579 ἀποφάσεως,
810 1514 897 1567 ἵνα
937 1515 1099 1567 αὐτὸν
1142 1515 1416 1587 ἐλευθεροῖ
1457 1516 1861 1586 ὀφειλημάτων,

294 1601 384 1655 ἴνα
408 1603 658 1668 κάκεῖνος
686 1605 775 1658 τὸν
805 1605 1092 1677 ὁμόδουλον
1125 1609 1479 1681 συγχωρήσῃ.

895 1849 1147 1904 ΚΕΦΑΔ.
1174 1849 1275 1904 ΙΘ’.

379 1974 437 2026 '0
484 1975 717 2045 Χριστὸς
771 1977 1121 2048 ἐρωτώμενος
1150 1977 1274 2032 οὔτε
1328 1978 1415 2032 ἀεὶ
1451 1979 1599 2047 σιγᾷ,
1652 1978 1738 2032 ἵνα
1789 1979 1863 2049 μὴ

295 2066 592 2134 νομίσωσιν
618 2066 924 2135 λανθάνειν,
978 2070 1101 2123 οὗτε
1132 2070 1218 2123 ἀεὶ
1246 2069 1460 2140 ἐλέγχει
1491 2070 1576 2122 ἵνα
1600 2071 1866 2142 παιδεύσῃ

293 2157 359 2207 ἐκ
391 2153 485 2208 τοῦ
519 2157 742 2229 ἡμέρως
790 2159 980 2231 φέρειν
1010 2160 1195 2226 αὑτὸν,
1251 2158 1537 2223 κάκείνους
1567 2161 1628 2213 τὸ
1661 2162 1866 2232 μακρό-

295 2247 361 2300 θυ
370 2267 488 2319 μον.

368 2339 433 2390 Τί
455 2339 605 2410 δηλοῖ
627 2340 710 2404 τὺ,
742 2343 808 2395 El
834 2342 1022 2409 οὕτως
1050 2343 1223 2396 ἐστίν
1243 2343 1281 2412 ἠ
1317 2345 1477 2397 alsia
1505 2343 1611 2398 τοῦ
1642 2343 1864 2412 ἀνθρώ-

293 2444 413 2483 που
426 2434 575 2499 μετὰ
598 2432 706 2501 τῆς
737 2437 1021 2503 γυναικός
1042 2453 1062 2501 ;
1085 2436 1257 2489 Τοῦτο
1283 2436 1453 2506 λέγει,
1484 2438 1564 2490 ὃτι
1589 2437 1686 2491 Διὰ
1711 2437 1869 2490 τοῦτο

299 2523 544 2595 συνήιρθη
581 2527 664 2579 ἵνα
691 2526 750 2580 ἓν
781 2520 946 2580 ὦσιν
979 2528 1012 2600 ἢ
1048 2530 1244 2593 ἐκεῖνο,
1274 2529 1358 2582 ὃτι
1397 2529 1460 2584 El
1487 2529 1662 2582 αἰτίαν
1703 2528 1870 2598 λήψε-

295 2630 388 2666 ται
417 2617 509 2668 καὶ
539 2621 846 2688 παρανομεῖ
871 2619 900 2670 ό
921 2619 1060 2690 ἀνὴρ
1093 2621 1182 2673 ἐπὶ
1218 2621 1428 2685 τούτοις
1464 2621 1744 2675 ἐκϐάλλων
1769 2621 1869 2691 τὴν

296 2709 550 2770 γυναῖκα,
586 2710 914 2780 κουφότερόν
956 2713 1101 2764 ἐστιν
1146 2712 1349 2782 μᾶλλον
1377 2712 1514 2781 πρὸς
1557 2711 1861 2782 ἐπιθυμίαν

299 2796 566 2865 μάχεσθαι
613 2800 848 2867 φύσεως,
883 2802 916 2873 ἢ
953 2804 1089 2874 πρὸς
1136 2807 1372 2872 γυναῖκα
1437 2805 1706 2874 πονηράν.
1757 2802 1869 2858 Καὶ

296 2886 599 2958 ἄλλωςχΕί
624 2889 798 2955 οὕτως
828 2894 978 2946 ἐστὶν
1013 2896 1045 2964 ή
1077 2896 1223 2948 αἰτία
1248 2893 1343 2946 τοῦ
1393 2895 1683 2964 ἀνθρώπου
1729 2895 1870 2966 μετὰ

298 2981 396 3046 τῆς
419 2982 694 3048 γυναικὸς,
731 2986 1005 3038 τουτέστιν
1033 2987 1080 3038 εί
1111 2986 1198 3040 διὰ
1223 2985 1381 3040 τοῦτο
1403 2987 1676 3056 συνήφθη,
1699 2987 1786 3039 ἴνα
1811 2987 1870 3039 ἓν

298 3062 453 3134 ὦσιν,
487 3072 581 3125 καὶ
625 3073 985 3128 άδιάσπαστοι
1029 3076 1263 3145 μένωσιν
1306 3077 1434 3147 παρ’
1461 3077 1583 3130 ὅλον
1615 3077 1705 3129 τὸν
1734 3075 1869 3145 βίον,

299 3159 401 3212 κᾶν
433 3162 682 3232 μοχθηρὰ
730 3164 850 3218 λίαν
882 3167 974 3219 καὶ
1006 3166 1277 3236 θηριώδης
1309 3169 1343 3237 ὴ
1370 3169 1529 3236 γυνὴ,
1562 3168 1624 3219 ού
1658 3169 1867 3237 συμφέ-

1961 621 2220 683 pnestare
2255 615 2513 668 ostendit.
2562 612 2696 666 Nam
2739 613 2827 666 ille
2856 611 3071 681 quidem
3109 609 3526 663 innumerabilia

1961 704 2207 765 remittit,
2241 704 2291 758 id
2322 704 2466 758 enim
2503 714 2663 760 sonat
2693 705 2882 759 decem
2933 702 3144 767 millia;
3195 716 3295 755 nos
3347 709 3526 754 autem

1961 810 2028 849 ne
2066 795 2427 850 numerabilia
2456 795 2673 862 quidem
2701 795 3053 849 remittimus.
3079 791 3182 846 Per
3214 794 3316 846 hoc
3346 801 3530 845 osten-

1961 886 2109 939 ditur
2158 897 2424 955 quantum
2464 885 2608 941 Deus
2646 901 2755 956 pra:
2798 885 3114 941 hominibus
3159 884 3337 938 bonus
3379 882 3449 937 sit
3477 891 3530 936 et

1962 977 2250 1046 benignus.

2035 1067 2170 1124 Cum
2212 1068 2303 1122 illo
2333 1069 2427 1137 qui
2471 1067 2707 1123 debebat
2749 1067 2936 1122 decem
2975 1064 3142 1121 millia
3175 1064 3398 1127 talenta,
3433 1078 3532 1118 cur

1964 1160 2111 1214 illius
2182 1159 2463 1214 mulierem
2499 1168 2566 1214 et
2613 1160 2755 1214 ﬁlios
2797 1158 3098 1212 venundari
3150 1157 3354 1228 jussit?
3412 1154 3532 1208 Non

1965 1258 2224 1319 tanquam
2282 1248 2524 1303 crudelis
2551 1251 2642 1313 sit,
2695 1247 2790 1303 sed
2831 1257 2892 1302 ut
2921 1247 3074 1301 illum
3110 1247 3176 1300 ad
3215 1245 3532 1316 supplican-

1965 1340 2092 1392 dum
2123 1337 2403 1392 adducens
2437 1338 2509 1390 illi
2558 1339 2823 1406 ignoscat,
2862 1352 2971 1391 non
3013 1346 3072 1390 ut
3097 1335 3432 1398 vendantur;
3485 1333 3532 1386 si

1962 1429 2108 1483 enim
2148 1440 2206 1483 ut
2240 1428 2548 1483 vendantur
2596 1429 2700 1482 hoc
2748 1429 2986 1493 fecisset,
3041 1443 3148 1481 non
3206 1426 3529 1496 ignosceret.

1964 1519 2085 1572 Non
2120 1518 2354 1587 ignoscit
2404 1527 2586 1573 autem
2620 1527 2913 1588 antequam
2954 1519 3220 1571 rationem
3253 1523 3440 1586 ponat,
3476 1522 3536 1566 ut

1965 1610 2118 1664 illum
2175 1611 2366 1667 liberet
2408 1627 2439 1667 a
2469 1611 2706 1678 debitis,
2750 1619 2804 1666 et
2853 1619 2912 1666 ut
2958 1611 3049 1665 ille
3101 1621 3368 1665 conservo
3434 1619 3534 1660 suo

1965 1703 2230 1771 ignoscat.

2551 1845 2780 1902 CAPUT
2809 1845 2949 1901 XIX.

2036 1965 2202 2021 Vens.
2237 1969 2292 2022 4.
2340 1967 2594 2024 Christus
2637 1985 2761 2024 cum
2812 1970 3198 2039 interrogatur,
3247 1982 3356 2022 non
3392 1983 3537 2023 sem-

1966 2075 2062 2130 per
2095 2069 2257 2126 tacet,
2288 2077 2360 2116 ne
2395 2063 2647 2132 ignorare
2704 2072 2955 2133 putetur;
2987 2077 3094 2117 non
3145 2077 3359 2132 semper
3399 2076 3534 2117 con-

1966 2151 2163 2219 fundit,
2198 2163 2254 2207 ut
2287 2153 2504 2218 doceat,
2532 2153 2756 2209 ferendo
2781 2155 2896 2225 ipse
2938 2170 3062 2209 cum
3098 2153 3534 2216 mansuetudine,

1965 2255 2021 2299 et
2051 2245 2201 2314 ipsos
2231 2246 2723 2315 longanimitatem.

2039 2337 2204 2393 Vens.
2234 2338 2322 2393 ιο.
2353 2339 2493 2404 Quid
2539 2338 2776 2393 ostendit
2827 2338 2997 2402 istud,
3030 2337 3088 2393 Si
3137 2341 3213 2391 ita
3243 2345 3320 2392 est
3373 2353 3538 2390 causa

1967 2430 2193 2482 hominis
2222 2446 2340 2482 cum
2370 2431 2572 2483 uxore?
2605 2439 2707 2484 etc.
2763 2429 2970 2484 Dicitur
3021 2427 3168 2483 istud
3193 2471 3207 2496 ,
3248 2429 3393 2498 quod
3443 2444 3539 2498 per

1968 2521 2072 2574 hoc
2092 2520 2421 2588 coujunctus
2451 2522 2524 2574 sit
2557 2530 2618 2574 ut
2646 2536 2814 2575 unum
2833 2521 2981 2584 sint;
3014 2519 3286 2584 autillud,
3320 2520 3465 2587 quod
3495 2520 3540 2572 si

1967 2619 2260 2666 accusatus
2316 2609 2517 2675 fuerit,
2552 2619 2607 2665 ct
2655 2611 2825 2680 legem
2885 2609 3173 2663 violaverit
3223 2611 3306 2662 vir
3351 2609 3405 2662 in
3455 2609 3542 2662 his

1969 2717 2194 2757 uxorem
2220 2702 2567 2766 dimittendo,
2606 2704 2762 2771 longe
2791 2704 2965 2757 levius
3008 2704 3079 2759 sit
3111 2711 3301 2757 contra
3335 2711 3542 2756 natura:

1969 2795 2468 2865 concupiscentiam
2499 2810 2742 2866 pugnare
2775 2811 2938 2865 quam
2966 2805 3158 2850 contra
3189 2794 3389 2848 malam
3425 2809 3516 2846 mu

1973 2889 2183 2944 lierem.
2234 2888 2298 2942 Et
2350 2889 2552 2943 aliter:
2583 2888 2629 2942 si
2670 2888 2743 2941 ita
2784 2897 2867 2942 est
2917 2903 3086 2943 causa
3138 2886 3376 2941 hominis
3417 2899 3542 2940 cum

1973 2995 2163 3045 uxore,
2201 2979 2253 3034 id
2285 2979 2439 3034 estsi
2480 2995 2577 3050 per
2623 2981 2725 3034 hoc
2771 2980 3102 3048 coniunctus
3149 2988 3233 3033 est
3282 2985 3341 3031 ut
3375 2992 3543 3030 unum

1971 3071 2102 3137 sint,
2135 3079 2190 3124 et
2242 3070 2637 3140 inseparabiles
2690 3080 2916 3125 manent
2977 3087 3076 3141 per
3129 3080 3303 3123 totam
3355 3069 3547 3133 vitam,

1972 3163 2073 3216 etsi
2106 3176 2360 3232 perversa
2392 3169 2445 3214 et
2479 3161 2712 3230 maligna
2761 3161 2994 3214 multttm
3050 3160 3214 3214 fuerit
3248 3173 3401 3223 uxor,
3437 3174 3545 3211 non

299 3268 406 3322 ρει,
443 3255 535 3307 καὶ
565 3255 713 3325 ἑξῆς.
752 3259 820 3310 Ἥ
853 3259 948 3310 καὶ
977 3259 1150 3321 οὕτως
1173 3276 1188 3290 ο
1223 3261 1284 3311 Εἰ
1319 3259 1497 3312 αἰτίαν
1526 3259 1754 3330 λήψεται
1778 3261 1872 3314 καὶ
1902 3266 1947 3326 C

1902 3266 1947 3326 ο
1977 3256 2216 3322 expedit,
2247 3262 2352 3308 etc.
2389 3252 2484 3307 Vel
2522 3254 2596 3307 ita
2634 3272 2646 3308 :
2679 3253 2724 3308 si
2758 3263 3052 3308 accusatus
3093 3252 3256 3307 fuerit
3284 3263 3339 3307 et
3369 3252 3541 3319 legem

302 3347 616 3415 παρανομεῖ
633 3350 660 3400 ὁ
682 3348 820 3420 ἀνὴρ
846 3348 938 3400 ἐπὶ
956 3349 1164 3412 τούτοις
1193 3350 1471 3404 ἐκϐάλλων
1497 3351 1592 3421 τὴν
1613 3353 1872 3418 γυναῖκα,

296 3435 359 3486 ού
391 3437 660 3507 συμφέρει
687 3439 972 3508 γαμῆσαι·
1011 3442 1346 3511 κουφότερον
1375 3442 1487 3510 γὰρ
1514 3442 1652 3513 πρδς
1682 3443 1877 3497 ἐπιθυ·

301 3525 432 3594 μίαν
482 3528 756 3596 μάχεσθαι
808 3530 1080 3601 καὶπρὸς
1133 3532 1346 3596 ἐαυτὸν,
1383 3533 1415 3602 ἢ
1453 3535 1588 3601 πρὸς
1638 3538 1875 3603 γυναῖκα

299 3617 542 3686 πονηράν
574 3619 668 3671 καὶ
703 3619 904 3688 πολλῆς
936 3622 1209 3691 γέμουσαν
1257 3624 1662 3693 ἀναισχυντίας.

368 3705 526 3769 Τίνος
571 3707 759 3762 ἕνεκεν
797 3711 845 3763 οί
902 3712 1144 3781 μαθηταὶ
1212 3714 1519 3767 ἀπεσόϐουν
1567 3715 1636 3768 τά
1687 3716 1876 3772 παιδία

299 3799 444 3869 ἆπερ
472 3804 814 3874 προσηνέχθη
841 3806 992 3875 αύτῷ
1016 3807 1106 3859 ἐπὶ
1128 3809 1206 3878 τῷ
1228 3807 1492 3873 εὖξασθαι
1522 3810 1740 3876 αὐτοῖς
1770 3811 1874 3862 Τύ-

300 3909 402 3957 φου
452 3894 638 3948 ἕνεκεν
664 3913 679 3928 ο
717 3898 878 3962 αὐτὸς
912 3899 969 3953 δὲ
996 3899 1263 3954 διδάσκων
1308 3904 1506 3965 αὐτοὺς
1561 3905 1877 3975 μετριάζειν

302 3985 396 4035 καὶ
425 3985 592 4054 τῦφον
642 3993 998 4054 καταπατεῖν,
1030 3991 1297 4062 λαμϐάνει
1329 3994 1422 4046 καὶ
1461 3996 1874 4062 ἐναγκαλίζεται

303 4073 398 4124 καὶ
428 4075 817 4144 προσεύχεταν
862 4080 955 4132 καὶ
999 4080 1262 4145 διδάσκει,
1295 4082 1384 4138 ἵνα
1411 4083 1446 4135 a
1481 4086 1543 4154 τῇ
1577 4084 1736 4152 φύσει
1762 4085 1874 4154 ἔχει

299 4163 370 4215 τὰ
391 4165 598 4234 παιδία,
630 4170 696 4238 τῇ
727 4171 1046 4241 προαιρέσει
1078 4171 1445 4244 ἐργαζώμεθα
1476 4176 1658 4246 ἡμεῖς.

375 4346 481 4398 Τὸν
529 4349 895 4418 προσελθόντα
954 4352 1237 4406 νεανίσκον
1270 4353 1346 4424 τῷ
1377 4355 1601 4426 Χριστῷ
1655 4355 1748 4408 καὶ
1795 4357 1872 4408 sl-

303 4439 493 4489 πόντα’
547 4439 884 4494 Διδάσκαλε
921 4441 1124 4510 ἀγαθὲ,
1177 4444 1321 4507 τινές
1373 4445 1472 4514 μὲν
1522 4446 1598 4508 ώς
1643 4444 1874 4498 ὓπουλον

1977 3345 2258 3401 violaverit
2287 3347 2371 3399 vir
2401 3346 2453 3398 iu
2481 3345 2567 3399 his
2601 3359 2825 3399 uxorem
2857 3343 3201 3408 dimittendo,
3233 3359 3339 3398 non
3383 3357 3545 3411 expe-

1975 3437 2054 3491 dit
2082 3436 2316 3502 nubere;
2347 3436 2517 3491 levius
2546 3435 2690 3490 enim
2719 3444 2802 3490 est
2828 3445 3018 3491 contra
3049 3435 3546 3518 concupiscentiam

1976 3542 2218 3597 pugnare
2246 3535 2302 3581 et
2333 3536 2524 3581 contra
2553 3529 2814 3596 seipsum,
2846 3543 3012 3595 quam
3039 3536 3228 3584 contra
3260 3527 3546 3584 mulierem
3638 3542 3641 3546 ·

1976 3618 2173 3671 malam
2213 3627 2266 3671 et
2296 3617 2633 3686 impudentia
2666 3618 2833 3671 multa
2876 3617 3156 3672 refertam.

2047 3707 2213 3762 Vens.
2248 3710 2335 3765 l5.
2361 3709 2533 3773 Quam
2565 3708 2634 3762 ob
2653 3724 2876 3765 causam
2903 3707 3159 3778 discipuli
3193 3708 3548 3778 increpabant

1977 3801 2235 3870 parvulos
2266 3801 2358 3868 qui
2391 3801 2456 3854 ad
2498 3801 2650 3853 illum
2686 3798 3054 3856 all'erebnutur
3086 3810 3145 3854 ut
3170 3800 3276 3855 illis
3326 3802 3549 3854 ovaret?

1978 3892 2262 3962 Superbiae
2298 3907 2485 3946 causa.
2515 3891 2607 3945 Ille
2636 3899 2818 3947 autem
2859 3892 3063 3946 docens
3090 3906 3184 3946 eos
3214 3891 3547 3945 moderatio-

1977 3997 2099 4036 nem
2147 3991 2199 4036 et
2246 3982 2518 4050 superbia'
2549 3990 2950 4050 contemptum,
3011 3983 3267 4051 parvulos
3322 3985 3548 4053 excipil,

1976 4089 2172 4128 manus
2232 4073 2465 4142 imponit
2514 4084 2569 4129 et
2601 4077 2681 4128 eis
2737 4085 2896 4140 orat;
2967 4076 3127 4130 docet
3199 4075 3407 4142 etiam,
3489 4087 3550 4131 ut

1977 4180 2101 4229 nos,
2136 4166 2281 4235 quod
2317 4175 2510 4220 natura
2540 4167 2755 4237 parvuli
2806 4175 2954 4231 sunt,
3010 4166 3314 4222 intentione
3343 4169 3548 4224 ellicia-

1978 4273 2120 4310 mur.

2050 4345 2210 4402 Vens.
2248 4349 2331 4402 l6.
2359 4349 2716 4404 Accedentem
2743 4350 2808 4404 ad
2832 4350 3111 4405 Christum
3142 4351 3544 4407 adolescentem

1975 4449 2030 4493 et
2057 4439 2327 4494 dicentem
2359 4458 2372 4495 :
2403 4441 2658 4511 Magister
2687 4446 2839 4506 boue,
2886 4443 3109 4511 quidam
3144 4453 3204 4498 ut
3231 4444 3549 4499 dissimula-

302 4530 712 4592 διαϐάλλουσιν,
763 4533 877 4600 ἐγὼ
905 4533 964 4586 δὲ
1005 4535 1304 4605 χρημάτων
1355 4536 1542 4590 δοῦλον
1612 4537 1869 4608 μόνον.οὑ
1907 4546 1949 4601 ι)

1907 4546 1949 4601 ι)
1980 4538 2091 4582 tum
2133 4531 2540 4599 reprehendunt
2567 4550 2582 4598 ;
2618 4548 2719 4603 ego
2748 4543 2932 4588 autem
2984 4534 3299 4589 divitiarum
3328 4551 3546 4590 servum

304 4623 756 4693 παραιτησαίμην
785 4627 958 4677 εἰπεῖν
979 4641 992 4655 ·
1029 4626 1220 4697 ἐπειδὴ
1250 4627 1346 4680 καὶ
1368 4630 1395 4680 ό
1421 4629 1654 4698 Χριστὸς
1697 4629 1876 4695 totou-

301 4731 396 4766 τον
440 4716 604 4769 αὐτὸν
655 4717 784 4772 ὄντα
831 4718 1026 4788 ῆλεγξε
1054 4737 1067 4750 ·
1118 4721 1241 4772 ἐπεὶ
1294 4722 1386 4772 καὶ
1434 4723 1662 4792 Μάρκος
1703 4724 1875 4791 λέγει,

318 4806 652 4876 Ἐμϐλέψας
671 4810 830 4873 αὺτῷ
859 4805 989 4863 οἷον
1011 4812 1331 4880 ἠγάπησεν
1353 4815 1538 4866 αὐτόν
1562 4831 1572 4842 ·
1598 4815 1693 4867 καὶ
1721 4817 1803 4869 ὅτι
1830 4817 1878 4867 εί

305 4897 466 4951 τοῦτο
503 4895 570 4969 ἦν
594 4939 610 4964 ,
667 4900 935 4971 ἐδήλωσεν
983 4903 1050 4955 ἂν
1083 4903 1246 4966 αὐτὸς
1272 4906 1301 4956 6
1339 4905 1731 4975 εύαγγελιστὴς
1755 4947 1768 4968 ,
1804 4907 1879 4971 ὡς

305 4988 401 5040 ἐπὶ
426 4988 520 5040 τοῦ
554 4990 779 5060 νομικού
803 4993 896 5044 καὶ
921 4991 1014 5044 ἐπὶ
1037 4992 1148 5044 τῶν
1169 4993 1342 5046 ἄλλων
1365 5011 1381 5025 ο
1415 4996 1510 5048 καὶ
1538 4997 1586 5048 εί
1611 4995 1766 5048 τοῦτο
1789 4992 1876 5067 ἦν,

304 5078 407 5129 οὐκ
451 5078 663 5146 ἀπῆλθε
716 5079 1090 5150 λυπούμενοςο
1127 5083 1220 5134 καὶ
1270 5083 1593 5154 ἐλεγχθῆναι
1631 5083 1688 5138 δὲ
1732 5080 1879 5154 εἶχεν

313 5169 590 5237 πειράζων
617 5169 693 5232 ὡς
727 5171 824 5222 καὶ
849 5172 898 5222 οἱ
933 5170 1104 5224 ἄλλοι.

381 5259 504 5321 Πῶς
528 5261 743 5329 νοητέον
770 5261 851 5323 τὸ,
877 5260 1087 5326 Οὐδείς
1117 5261 1340 5330 ἀγαθὸς
1359 5266 1410 5316 εί
1425 5264 1512 5333 μὴ
1535 5261 1622 5329 εἷς
1643 5269 1674 5319 ὀ
1697 5267 1876 5330 Θεός;

311 5352 387 5421 μή
429 5368 555 5404 ποτε
585 5351 641 5404 δὲ
673 5353 766 5405 καὶ
793 5353 985 5405 ἐαυτὸν
1019 5353 1271 5408 ἐκϐάλλει
1309 5354 1404 5408 τοῦ
1450 5353 1591 5411 εἶναι
1633 5339 1877 5426 ἀγαθόνς

310 5443 534 5512 Πρῶτον
565 5444 663 5514 μὲν
691 5446 790 5515 οὐχ
817 5446 898 5498 ὅτι
933 5445 1032 5498 οὐκ
1074 5445 1187 5498 ἐστι
1214 5463 1296 5509 τις
1327 5446 1628 5518 ἀνθρώπων
1656 5447 1882 5516 ἀγαθὸς,

309 5536 470 5589 τοῦτο
507 5536 676 5604 λέγει,
705 5537 840 5590 ἀλλὰ
872 5537 1240 5607 παραϐάλλων
1270 5537 1368 5608 τὴν
1393 5538 1487 5591 τοῦ
1510 5539 1644 5592 Θεοῦ
1675 5540 1882 5608 άγαθό·

311 5647 452 5700 τιιτα
479 5633 617 5700 πρὸς
648 5633 794 5700 ἡμᾶς
822 5647 835 5661 ·
879 5631 1069 5684 ἔπειτα
1089 5632 1145 5684 δὲ
1171 5633 1271 5685 οὐκ
1303 5628 1477 5695 εἶπεν,
1502 5633 1583 5685 ὅτι
1624 5634 1741 5686 Οὐκ·
1765 5635 1883 5704 εἰμὶ

312 5721 538 5786 ἀγαθὸς,
560 5722 673 5772 ἀλλ’
692 5721 924 5786 Ὀὐδεὶς
939 5721 1036 5774 ἀνθ
1047 5721 1265 5790 ρώπων,
1294 5722 1483 5790 ἐπειδὴ
1507 5723 1583 5785 ὡς
1610 5722 1884 5794 ἀνθρώπῳ

318 5813 465 5880 αὐτῷ
507 5813 676 5880 ψιλῶς
711 5813 1015 5884 προσῆλθε·
1057 5813 1217 5868 τοῦτο
1255 5813 1400 5883 λέγει
1440 5813 1612 5885 δῆθεν
1634 5816 1724 5868 καὶ
1756 5816 1881 5886 περὶ

1983 4624 2361 4677 tantummodo
2389 4639 2492 4678 non
2522 4625 2806 4679 abnuerim
2835 4625 3020 4680 dicere
3053 4644 3066 4678 :
3100 4627 3361 4694 quoniam
3389 4627 3548 4681 Citri-

1982 4723 2100 4768 stus
2128 4714 2287 4768 talem
2325 4713 2475 4768 illum
2506 4729 2626 4768 esse
2657 4716 3047 4781 pronuntiavit.
3084 4713 3218 4770 Nam
3255 4725 3309 4770 et
3331 4719 3551 4774 Marcus

1982 4806 2133 4868 dicit,
2183 4803 2406 4858 Intuem
2461 4821 2578 4859 eum
2625 4805 2812 4859 dilexit
2858 4824 2996 4861 eum.
3036 4807 3100 4861 Et
3135 4809 3180 4862 si
3214 4808 3346 4863 illud
3391 4808 3550 4874 foret,

1983 4895 2331 4967 patefecisset
2378 4897 2491 4965 ipse
2537 4899 2894 4968 evangelista,
2927 4909 2984 4953 ut
3021 4899 3074 4953 in
3110 4899 3244 4970 legis
3289 4901 3466 4970 perito
3499 4914 3553 4955 et

1981 4989 2136 5052 aliis;
2161 4988 2204 5041 si
2234 4987 2365 5041 illud
2402 4987 2560 5052 foret,
2593 5004 2699 5044 non
2733 4990 2959 5046 abiisset
2983 4992 3190 5056 tristis;
3221 5001 3276 5046 et
3305 4994 3555 5048 accusari

1983 5081 2271 5136 meruisset
2306 5090 2365 5135 ut
2393 5089 2634 5137 tentator
2665 5083 2809 5137 velut
2844 5084 3067 5154 quidam
3109 5086 3224 5140 alii.

2056 5262 2221 5318 Vens.
2258 5263 2343 5316 ΓΙ.
2374 5261 2658 5327 Quomodo
2704 5263 3141 5334 intelligendum,
3174 5263 3345 5319 Nemo
3388 5267 3552 5321 bonus

1985 5356 2088 5408 nisi
2144 5355 2288 5408 solus
2322 5353 2501 5406 Deus?
2539 5368 2722 5407 nonne
2765 5353 3015 5409 fortassis
3047 5356 3115 5409 de
3142 5370 3202 5410 se
3240 5356 3359 5426 ipso
3392 5371 3555 5426 negat

1983 5461 2104 5501 esse
2148 5461 2206 5501 se
2245 5443 2490 5498 bonum?
2555 5443 2800 5499 Primum
2856 5447 3099 5515 quidem,
3132 5462 3241 5501 non
3281 5449 3428 5516 quod
3483 5452 3556 5503 sit

1985 5538 2168 5591 nullus
2199 5537 2363 5588 homo
2392 5535 2595 5599 bonus,
2631 5537 2733 5590 hoc
2767 5537 2920 5601 dicit,
2953 5538 3047 5590 sed
3083 5537 3297 5593 confert
3329 5537 3420 5593 Dei
3451 5540 3552 5595 bo-

1986 5630 2211 5684 nitatem
2245 5642 2372 5682 cum
2427 5638 2614 5682 nostra
2645 5645 2661 5694 ;
2697 5628 2891 5683 deinde
2924 5644 3032 5683 non
3063 5630 3220 5694 dixit,
3272 5629 3392 5684 Non
3431 5647 3553 5685 sum

1986 5723 2184 5785 bonus,
2225 5720 2318 5774 sed
2373 5734 2535 5773 nemo
2590 5719 2895 5785 hominum,
2944 5722 3204 5789 quoniam
3262 5722 3363 5775 iste
3396 5732 3454 5776 ut
3487 5725 3552 5776 ad

1990 5815 2262 5870 hominem
2315 5827 2525 5868 merum
2569 5813 2634 5867 ad
2677 5813 2827 5867 illum
2879 5823 3202 5869 accesserat.
3254 5813 3368 5869 lloc
3412 5815 3551 5869 dixit
