4220 6432
730 396 869 461 1139

1438 400 1825 460 OPUSCULA
1870 403 2501 465 SCRIPTURISTICA
2549 405 2898 466 INCERTJE
2938 406 3247 470 [ΕΤΑΤΙΞ.

3839 406 3989 471 1140

725 528 856 567 sane
884 512 950 565 de
981 512 1163 583 seipso
1195 529 1430 583 quoque.
1472 514 1608 567 Illud
1641 524 1843 578 autem,
1892 515 2014 581 Vos,
2038 518 2158 570 licet
2183 518 2300 572 siti:
2332 532 2374 584 Α

2332 532 2374 584 Α
2407 518 2636 572 έαυεοῦο
2677 522 2887 575 τοιοῦτο
2923 522 2977 576 δὲ
3014 525 3126 587 καὶ,
3178 524 3246 575 Ei
3287 520 3452 590 ὑμεῖς
3505 523 3751 592 πονηροὶ
3804 524 3980 590 ὄντες

725 604 889 668 mali,
946 608 1110 659 nostis
1172 606 1304 657 bona
1358 606 1516 669 dare,
1565 622 1671 661 non
1727 608 1973 662 omnium
2032 608 2296 664 malitiam

725 698 927 767 arguit,
960 698 1051 753 sed
1085 698 1366 752 hominum
1422 700 1720 753 bonitatem
1760 716 1885 755 cum
1919 701 2011 756 Dei
2056 701 2299 757 bonitate

728 787 960 842 COIIfBl‘l.

796 878 958 933 Vens.
995 879 1087 932 25.
1121 879 1232 933 Cur
1261 882 1325 935 ad
1359 882 1659 950 discipulos
1687 884 1938 953 loquens,
1970 898 2094 937 cum
2133 885 2299 938 abiis-

725 982 803 1024 set
837 972 928 1037 qui
962 972 1410 1043 interrogaverat,
1463 975 1715 1030 Christus
1747 976 1876 1029 dicit
1906 977 1984 1029 eis
2016 991 2122 1029 non
2154 987 2299 1031 certe

723 1065 1004 1129 divitibus,
1063 1067 1191 1134 quia
1241 1067 1393 1121 dives
1428 1066 1648 1123 dil'lieile
1704 1068 1927 1122 intrabit
1966 1069 2019 1122 in
2073 1084 2296 1139 regnum

724 1154 859 1209 Dei?
918 1154 984 1209 Ut
1038 1167 1283 1211 moneret
1334 1174 1430 1213 eos
1500 1174 1608 1212 non
1673 1169 2045 1230 paupertatem
2100 1162 2294 1214 erube-

723 1262 896 1300 SCBI’IP.

799 1354 958 1408 Vens.
990 1356 1079 1411 9.5.
1114 1360 1250 1412 Cum
1308 1375 1577 1429 pauperes
1628 1371 1833 1423 essent,
1892 1363 2166 1430 quomodo
2216 1362 2297 1415 di-

723 1458 876 1514 cunt,
928 1448 1059 1514 Quis
1114 1467 1237 1521 ergo
1291 1455 1479 1520 poterit
1531 1454 1706 1505 salvus
1755 1454 1921 1507 esse?
1972 1452 2108 1524 Erga
2161 1456 2298 1510 alios

724 1536 996 1604 homines,
1073 1556 1268 1610 nempe
1330 1542 1578 1597 dolentes
1619 1552 1879 1613 tanquam
1936 1559 2062 1613 erga
2101 1555 2297 1600 semet-

724 1645 893 1694 lpSOS.

795 1720 960 1777 Vens.
996 1722 1083 1777 28.
1121 1724 1381 1778 Sedebitis
1431 1741 1586 1792 super
1620 1724 1763 1777 sedes
1796 1725 2092 1791 duodecim,
2152 1727 2292 1781 idem

721 1820 804 1863 est
857 1827 919 1864 ac
972 1811 1574 1881 Conglorilicabimiui;
1611 1812 1942 1880 judicantes,
2011 1829 2109 1882 pro
2158 1830 2291 1869 con-

723 1902 1060 1958 deumantes.
1110 1901 1227 1958 Non
1279 1906 1424 1959 enim
1463 1916 1609 1960 certe
1650 1906 1864 1975 judice:
1904 1922 2026 1961 esse
2057 1908 2289 1976 debent;

721 2008 849 2045 nam
916 1995 967 2047 in
1025 1996 1537 2051 condemnationem
1611 1999 1918 2051 coneivium
1970 2008 2150 2063 erunt,
2201 2001 2294 2069 qui

718 2085 1092 2140 crediderunt.

792 2197 947 2253 Vens.
985 2200 1073 2252 “.29.
1126 2199 1232 2265 Qui
1262 2202 1531 2271 reliquerit
1584 2218 1826 2269 uxorem,
1884 2215 2015 2270 etc.,
2051 2222 2159 2259 non
2210 2207 2293 2260 di-

720 2292 958 2343 vortium
990 2292 1058 2346 ab
1084 2292 1346 2345 uxoribus
1400 2293 1631 2358 inducit,
1675 2295 1769 2349 sed
1805 2296 1983 2351 simile
2013 2309 2096 2351 est
2143 2299 2291 2364 huic,

720 2384 823 2446 Qui
876 2387 1045 2452 perdit
1099 2386 1334 2439 animum
1375 2403 1550 2451 suam,
1592 2389 1816 2442 inveniet
1855 2406 2006 2453 eam;
2040 2392 2176 2445 utin
2212 2392 2294 2446 his

716 2491 836 2542 qua:
887 2477 1268 2545 persequimur
1321 2478 1637 2548 religionem
1681 2495 1790 2549 prae
1826 2496 2018 2547 uxore,
2048 2483 2215 2536 domo
2239 2492 2293 2537 et

717 2568 911 2621 amicis
941 2568 1329 2636 prwleramus;
1373 2571 1455 2623 vel
1500 2571 1721 2640 quando
1751 2586 1888 2625 uxor
1916 2572 2150 2629 inﬁdelis
2186 2584 2290 2641 est,

716 2666 810 2710 aut
857 2659 952 2719 vir,
1006 2666 1136 2713 tunc
1165 2660 1235 2714 ob
1270 2660 1589 2725 religionem
1648 2662 1944 2716 divortium
1981 2663 2059 2728 lit,
2104 2667 2149 2720 si
2184 2681 2290 2720 non

718 2762 893 2819 potest
931 2753 1018 2806 illa
1046 2753 1352 2808 emendari.
1395 2755 1472 2809 Ita
1506 2755 1703 2810 Paulus
1749 2756 1883 2810 dixit
1912 2774 1925 2810 :
1958 2755 2017 2811 Si
2058 2759 2291 2827 inﬁdelis

715 2854 1015 2911 separatur,
1053 2856 1349 2914 separetur.

788 3032 950 3088 νῆας.
984 3034 1070 3089 50.
1106 3036 1263 3089 ΜηΗὶ
1294 3048 1446 3091 erunt
1478 3040 1765 3101 novissimi,
1810 3039 2006 3105 primi;
2035 3046 2082 3091 et
2109 3038 2288 3107 primi,

715 3119 1006 3191 novissimi,
1044 3127 1109 3181 de
1139 3127 1341 3184 Judaeis
1369 3137 1422 3182 et
1447 3129 1683 3183 ethnicis
1718 3129 1935 3183 dicitur.

1314 3276 1541 3332 CAPUT
1592 3278 1702 3332 XX.

788 3417 950 3471 Vens.
982 3420 1031 3471 1.
1067 3416 1137 3473 De
1169 3420 1435 3489 operariis
1466 3421 1767 3489 intelligere
1791 3431 2028 3490 oportet,
2072 3422 2285 3476 vineam

714 3525 837 3564 esse
895 3511 1111 3564 virtutis
1163 3513 1577 3576 operationem;
1640 3524 1856 3581 tempus
1931 3512 2284 3582 operationis,

715 3603 856 3655 hanc
891 3611 1212 3671 prmsentem
1244 3604 1406 3657 vitam
1434 3621 1448 3668 ;
1499 3605 1781 3672 operarios
1812 3614 1990 3659 autem
2019 3606 2284 3669 diversos,

718 3690 966 3743 homines
1011 3691 1352 3745 diversarum
1393 3702 1633 3745 aetatum.
1678 3692 1831 3757 Quod
1886 3702 2066 3747 autem
2118 3692 2284 3761 aliqui

715 3792 1123 3836 murmurantes
1180 3783 1525 3847 inducantur,
1591 3799 1699 3837 non
1756 3793 2013 3852 putemus
2068 3795 2287 3839 sanctos

715 3874 971 3928 invidiam
1003 3876 1112 3929 illic
1159 3877 1481 3943 concipere;
1521 3891 1641 3929 nam
1697 3876 1805 3929 illic
1851 3877 2031 3929 Omnia
2088 3876 2285 3929 invidia

715 3978 922 4023 carent.
969 3967 1073 4022 Sed
1127 3983 1234 4022 non
1280 3984 1469 4023 omnes
1513 3969 1783 4037 parabolae
1821 3979 2002 4037 partes
2029 3969 2285 4037 explirari

714 4060 933 4119 debent.
987 4060 1241 4128 parabola
1282 4060 1427 4112 enim
1468 4069 1580 4123 est;
1620 4060 1710 4114 sed
1765 4074 1887 4128 qua:
1950 4060 2177 4113 tendunt
2222 4061 2285 4112 ad

715 4153 1007 4215 amandum
1033 4152 1315 4221 proposito
1345 4151 1601 4205 invidiam
1644 4152 1723 4204 vel
1760 4161 2137 4221 exaggeratam
2170 4153 2290 4220 ejus

717 4244 807 4311 qui
843 4244 1164 4296 benelieium
1202 4243 1435 4312 accepit,
1466 4243 1811 4298 solummodo
1852 4244 2057 4297 inducit
2089 4258 2286 4298 sermo.

790 4351 1015 4405 Vineam
1042 4350 1132 4405 Dei
1160 4363 1428 4422 praecepta
1471 4362 1523 4405 et
1550 4368 1646 4406 sua
1674 4354 1927 4407 mandata
1959 4353 2121 4419 dicit;
2150 4364 2291 4407 tem-

715 4462 817 4515 pus
836 4447 1187 4514 operationis,
1202 4456 1522 4515 praesentem
1548 4446 1733 4510 vitam;
1752 4446 2034 4514 operarios
2049 4447 2291 4501 diversos

719 4548 941 4591 vocatos
964 4537 1029 4590 ad
1055 4538 1306 4589 mandata
1336 4535 1603 4602 implenda
1630 4536 1772 4589 circa
1795 4536 2032 4598 tertiam,
2058 4545 2289 4593 sextam.

723 4646 922 4681 nonam
964 4638 1016 4681 et
1062 4629 1405 4681 undecimam
1438 4628 1650 4689 horam,
1688 4627 1935 4680 homines
1973 4626 2024 4679 in
2062 4625 2293 4682 diversis

719 4719 966 4773 :etutilins
997 4720 1317 4773 accedentes
1353 4729 1403 4771 et
1432 4717 1710 4786 praemium
1749 4715 2110 4784 acquirentes.

799 4899 964 4953 Vtilis.
1004 4902 1055 4953 5.
1106 4899 1260 4963 Quod
1318 4907 1577 4951 vocentur
1618 4898 1798 4959 tertia,
1840 4909 2011 4959 sexta,
2056 4907 2107 4949 et
2154 4911 2293 4950 nona

721 4995 876 5053 hora,
930 5005 1036 5044 non
1090 4989 1497 5059 prmjndirantis
1547 5000 1631 5043 est
1686 4989 1905 5056 injuste,
1946 4989 2035 5042 sed
2093 5002 2295 5057 cogno-

723 5088 925 5138 scentis
978 5082 1122 5149 quod
1152 5082 1207 5135 hi
1244 5081 1475 5134 debeant
1529 5081 1628 5149 ipsi
1675 5082 2072 5149 obtemperare.
2108 5079 2199 5135 Sic
2241 5092 2295 5135 et

724 5175 925 5230 l’anlus
955 5189 1059 5227 non
1106 5174 1159 5226 in
1204 5173 1371 5226 initiis
1403 5172 1505 5225 luit
1533 5182 1777 5229 vocatus.
1806 5172 1897 5225 sed
1944 5172 2164 5239 quando
2196 5173 2287 5226 de-

722 5266 839 5317 buit
874 5262 1115 5316 obedire.
1156 5260 1311 5325 Quod
1369 5270 1548 5313 autem
1610 5261 1840 5315 voluerit
1904 5260 1955 5313 in
2029 5261 2294 5330 principio

724 5355 1049 5416 conducere,
1083 5353 1213 5407 dicit
1245 5353 1406 5406 etiam
1438 5351 1717 5420 parabola,
1745 5353 1871 5419 quia
1912 5350 2044 5405 exiit
2083 5354 2293 5407 condn-

721 5464 882 5510 cere;
916 5456 967 5499 et
1000 5450 1142 5515 quod
1195 5445 1297 5499 iste
1337 5445 1566 5499 voluerit
1618 5446 1887 5508 conduci,
1944 5444 2096 5510 dicit,
2137 5460 2295 5499 nemo

724 5554 823 5593 nos
850 5536 1133 5591 conduxit.

792 5644 954 5698 Vens.
996 5644 1077 5697 16.
1128 5643 1281 5708 Quod
1310 5643 1595 5697 confestim
1648 5650 1770 5711 post
1809 5642 2122 5710 parabolam
2155 5642 2290 5696 dici-

722 5747 831 5795 tur,
859 5737 938 5789 sic
960 5745 1117 5789 erunt
1142 5734 1422 5788 novissimi
1451 5733 1633 5804 primi,
1662 5749 1765 5788 non
1799 5734 2054 5787 admirari
2080 5742 2296 5803 oportet

720 5838 975 5900 tanquam
1007 5841 1110 5880 zzcn
1154 5841 1216 5880 cx
1248 5824 1503 5896 parabola
1535 5840 1907 5894 consequens,
1960 5824 2051 5879 sed
2096 5824 2292 5879 intelli-

2403 610 2914 675 οἴδατεξδιδόναι,
2956 614 3015 665 οὐ
3066 614 3282 667 πάντων
3338 612 3605 683 πονηρίαν
3653 618 3985 685 κατηγορεῖ,

2401 703 2533 754 ἀλλὰ
2566 704 2663 773 τὴν
2692 704 2749 756 ἐν
2777 703 3083 773 ἀνθρώποις
3109 704 3424 775 ἀγαθότητα
3456 707 3520 775 τῇ
3546 702 3643 756 τοῦ
3671 703 3807 757 Θεοῦ
3832 706 3981 773 ἁγα-

2403 791 2586 863 θότητι
2619 794 3001 864 παραϐάλλων.

2472 883 2568 935 Διὰ
2597 883 2649 935 τί
2675 884 2809 954 πρὸς
2840 884 2965 946 τοὺς
3016 884 3286 954 μαθητὰς,
3337 884 3662 949 ἀπελθόντος
3688 885 3781 938 τοῦ
3820 887 3982 956 ἐρω-

2400 974 2682 1044 τήσαντος,
2720 977 2747 1027 ὁ
2778 975 3009 1045 Χριστὸς
3052 975 3200 1042 λέγει
3248 976 3521 1039 πλουσίοις
3570 978 3643 1047 μὴ
3671 977 3814 1037 οὖσι,
3854 976 3983 1038 πῶς

2399 1064 2672 1128 δυσκόλως
2723 1065 2976 1129 πλούσιος
3025 1066 3392 1119 εἰσελεύσεται
3422 1068 3503 1130 είς
3552 1068 3649 1137 τὴν
3693 1066 3983 1136 βασιλείαν

2398 1155 2493 1209 τοῦ
2552 1157 2723 1223 Θεοῦς
2797 1158 3072 1211 Παιδεύων
3142 1158 3339 1223 αὐτοὺς
3388 1159 3463 1229 μὴ
3500 1159 3867 1229 ,αἰσχύνεσθαι
3905 1161 3980 1229 τῇ

2400 1264 2582 1303 πενια.

2481 1356 2632 1409 Ἐπεί
2666 1360 2894 1427 πένητες
2935 1354 3097 1430 ἦσαν,
3127 1360 3245 1423 πῶς
3275 1360 3545 1428 λέγουσιν,
3603 1363 3698 1427 Τίς
3732 1362 3847 1429 ἄρα
3873 1362 3980 1412 δύο

2368 1506 2369 1509 η
2397 1465 2568 1503 rara:
2608 1450 2871 1519 σωθῆναι
2898 1467 2916 1515 ;
2968 1452 3138 1524 Ὑπὲρ
3188 1453 3296 1506 τῶν
3324 1453 3500 1507 ἄλλων
3545 1453 3851 1525 ἀνθρώπων
3876 1453 3980 1505 ἁλ-

2396 1538 2621 1607 γοῦντες
2650 1535 2724 1603 ῶς
2750 1542 2890 1612 ὑπὲρ
2921 1542 3123 1595 αὐτῶν.

2466 1722 2560 1787 Τὸ,
2592 1721 2943 1787 Καθήσεσ-Οε
2975 1724 3071 1776 ἐπὶ
3116 1723 3346 1778 δώδεκα
3383 1728 3634 1792 θρόνων,
3684 1726 3808 1779 ἀντὶ
3854 1726 3977 1790 τοῦ,

2398 1812 2895 1884 Συνδοξασθήσεσθε
2928 1828 2941 1844 ·
2989 1816 3052 1868 τὸ
3093 1816 3149 1869 δέ
3173 1858 3189 1881 ,
3260 1818 3574 1885 κρθνοντες
3599 1859 3613 1881 ,
3666 1818 3785 1869 ἀντὶ
3836 1817 3933 1869 τοῦ
3959 1858 3976 1883 ,

2396 1907 2816 1977 κατακρίνοντες
2842 1925 2855 1938 ·
2889 1909 2948 1961 οὑ
2973 1909 3080 1979 γὰρ
3112 1910 3177 1979 δὴ
3199 1910 3453 1963 δικασταὶ
3486 1910 3776 1979 μέλλουσιν
3802 1907 3975 1963 εἶναι·

2400 1998 2478 2060 εἰς
2512 1997 2619 2069 γὰρ
2671 2001 2997 2071 κατάκρισιν
3025 2000 3133 2053 τῶν
3180 2001 3467 2069 ὁμοφύλων
3494 2003 3544 2053 οί
3576 2001 3978 2064 πιστεύσαντες

2398 2089 2627 2143 ἔσονται.

2467 2203 2559 2265 Τὸ,
2598 2203 2807 2268 Ὅστις
2860 2203 3098 2273 ἀφῆκεν
3139 2208 3412 2276 γυναῖκα,
3448 2210 3481 2278 ἢ
3518 2210 3635 2264 τόδε
3670 2212 3703 2283 ἢ
3739 2212 3878 2275 τόδε,
3912 2209 3977 2261 οὐ

2395 2292 2668 2359 διάζευξιν
2714 2296 2925 2363 εἰσάγει
2953 2297 3061 2348 τῶν
3096 2300 3396 2365 γυναικῶν,
3431 2302 3545 2353 ἀλλ’
3596 2302 3780 2370 ὅμοιόν
3825 2304 3978 2353 ἐστιν

2394 2380 2491 2451 τῷ,
2535 2382 2598 2434 '0
2626 2383 2931 2449 ἀπολέσας
2968 2386 3079 2451 τὴν
3111 2386 3323 2454 ψυχὴν
3348 2388 3557 2452 αὐτοῦ,
3587 2390 3834 2456 εὑρήσει
3865 2392 3977 2441 ai:-

2394 2472 2545 2539 τήν·
2590 2474 2675 2527 ἵνα
2710 2477 3067 2546 προτιμῶμεν
3115 2480 3172 2530 ἐν
3216 2481 3329 2543 τοῖς
3371 2481 3632 2551 διωγμοῖς
3677 2480 3777 2551 τὴν
3818 2482 3975 2533 5535'-

2395 2563 2569 2627 ϐειαν,
2622 2566 2762 2636 ὑπὲρ
2800 2571 3037 2635 γυναῖκα
3067 2570 3160 2622 καὶ
3194 2571 3373 2634 οἰκίας
3408 2574 3502 2624 καὶ
3543 2572 3727 2640 eno»;
3755 2589 3769 2602 ·
3793 2572 3828 2642 ἢ
3849 2575 3977 2624 ὅταν

2395 2656 2533 2727 γυνὴ
2559 2657 2783 2720 ἄπιστός
2810 2660 2958 2713 ἐστιν
2980 2661 3011 2729 ἢ
3031 2661 3190 2730 ἀνὴρ,
3218 2661 3338 2714 τότε
3362 2661 3432 2714 δι’
3455 2663 3741 2715 εὐσέϐειαν
3763 2664 3976 2727 διαζεύ-

2394 2762 2607 2813 γνυται,
2639 2747 2687 2798 εί
2717 2748 2791 2816 μὴ
2820 2747 3045 2802 δύναται
3075 2749 3366 2821 διορθῶσαι
3398 2752 3493 2803 καὶ
3542 2751 3713 2819 αὑτήν
3734 2766 3748 2779 ·
3790 2749 3976 2813 καθὼς

2396 2837 2489 2889 καὶ
2511 2837 2721 2902 Παῦλος
2751 2839 2937 2909 ἔλεγεν
2964 2858 2976 2870 °
3006 2843 3054 2893 εἰ
3085 2840 3141 2894 δὲ
3164 2843 3192 2894 ὁ
3217 2842 3445 2907 ἄπιστος
3472 2843 3784 2913 χωρίζεται,
3812 2859 3977 2911 χωρι-

2397 2928 2590 2993 ζέσθω.

2466 3021 2559 3085 Τὸ,
2594 3022 2812 3075 Πολλοὶ
2848 3022 3089 3077 ἔσονται
3118 3027 3387 3093 ἔσχατοι,
3416 3026 3633 3094 πρῶτοι
3653 3041 3667 3056 ·
3694 3027 3793 3079 καί
3826 3025 3977 3093 πρῶ-

2396 3129 2505 3177 τοι,
2539 3114 2810 3182 ἔσχατοι,
2862 3115 3147 3179 Ἰουδαίους
3182 3119 3276 3170 καὶ
3316 3119 3561 3181 ὲθνικοίις
3589 3119 3761 3186 λέγει.

2998 3261 3249 3315 ΚΕΦΑΛ.
3283 3259 3367 3317 ις’.

2468 3407 2603 3476 Περὶ
2660 3406 2767 3458 τῶν
2813 3405 3062 3475 ἐργατῶν
3119 3406 3226 3477 χρὴ
3281 3408 3458 3470 νοεῖν,
3504 3406 3814 3476 ἀμπελῶνα
3875 3406 3977 3476 τὴν

2395 3498 2659 3566 ἐργασίαν
2702 3498 2801 3567 τῆς
2854 3499 3095 3568 ἀρετῆς
3154 3498 3346 3568 χρόνον
3400 3501 3498 3568 τῆς
3540 3501 3827 3568 ἐργασίας,
3883 3501 3975 3550 τὸν

2395 3589 2639 3657 παρόντα
2674 3589 2788 3657 βίον
2813 3605 2827 3620 ·
2857 3589 3097 3656 ἐργάτας
3121 3588 3177 3640 δὲ
3203 3588 3518 3657 διαφόρους,
3544 3590 3671 3651 τοὺς
3703 3592 3761 3641 ἐν
3783 3590 3975 3657 διαφό-

2395 3694 2509 3748 ροις
2536 3676 2776 3747 ἡλικίαις
2800 3694 2812 3707 ο
2846 3678 2908 3730 τὸ
2936 3678 2993 3731 δὲ
3024 3677 3265 3746 εἰσάγειν
3303 3678 3677 3746 γογγύζοντάς
3707 3697 3886 3743 τινας,
3910 3680 3973 3731 οὗ

2393 3770 2693 3839 νομίσομεν
2738 3769 2923 3837 ἁγίους
2972 3770 3186 3837 φθονεῖν
3213 3770 3458 3823 ἐκεῖθεν·
3498 3770 3716 3839 καθαρὰ
3760 3772 3870 3841 γὰρ
3908 3774 3974 3823 τὰ

2395 3862 2605 3913 ἐκεῖθεν
2658 3860 2885 3927 φθόνου·
2937 3860 3073 3913 ἀλλὰ
3119 3859 3187 3913 τά
3241 3863 3341 3929 τῆς
3392 3861 3709 3931 παραϐολῆς
3756 3862 3816 3913 οὑ
3870 3862 3974 3932 χρὴ

2398 3954 2576 4006 πάντα
2614 3953 2826 4021 ζητεῖν·
2878 3952 3165 4022 παραϐολὴ
3218 3953 3325 4023 γάρ
3356 3954 3534 4006 ἐστιν’
3588 3952 3733 4005 τὰδὲ
3764 3956 3972 4004 συντεί-

2395 4063 2550 4098 νοντα
2611 4046 2747 4113 πρὸς
2801 4046 3002 4097 σκοπὸν
3060 4045 3220 4114 μόνον
3287 4044 3585 4113 δρέπεσθαι
3639 4044 3731 4097 τὸν
3777 4045 3973 4111 φθόνον

2396 4137 2490 4189 καὶ
2533 4138 2610 4199 εἰς
2669 4136 2977 4207 ὑπερϐολὴν
3026 4134 3120 4188 τοῦ
3177 4135 3632 4205 εὐεργετηθέντος
3702 4136 3973 4202 εἰσάγειό

2395 4229 2573 4295 λόγος.

2481 4339 2803 4407 Ἀμπελῶνα
2840 4338 2909 4390 τά
2962 4339 3311 4407 ἐπιτάγματα
3359 4337 3453 4390 τοῦ
3495 4336 3630 4389 Θεοῦ
3682 4336 3835 4403 λέγει
3880 4353 3973 4389 και

2396 4428 2494 4490 τὰς
2543 4428 2763 4492 ἐντολὰς
2810 4428 3013 4481 αὐτοῦ·
3059 4430 3250 4499 χρόνον
3292 4428 3348 4480 δὲ
3394 4428 3489 4493 τῆς
3541 4426 3825 4498 ἐργασίας,
3884 4427 3974 4478 τὸν

2400 4521 2642 4589 παρόντα
2680 4518 2823 4588 βίον·
2874 4519 3112 4590 ἐργάτας
3161 4518 3217 4570 δὲ
3267 4519 3559 4588 διαφόρους
3606 4516 3974 4585 καλουμένους

2400 4612 2492 4663 ἐπὶ
2522 4611 2589 4663 τὰ
2622 4611 3018 4681 προστάγματα
3046 4611 3169 4680 περὶ
3193 4610 3380 4680 τρίτην
3406 4612 3497 4661 καί⁵
3518 4609 3684 4678 ἕκτην
3709 4608 3803 4661 καὶ
3824 4609 3974 4661 ἐννά·

2399 4720 2497 4774 την
2523 4703 2671 4772 ὤραν
2697 4704 2789 4754 καὶ
2825 4702 3137 4771 ἑνδεκάτην,
3173 4704 3299 4764 τοὺς
3329 4704 3385 4753 ἐν
3412 4701 3691 4771 διαφόροις
3732 4699 3973 4771 ἡλικίαις

2400 4796 2798 4864 προσελθόντας
2827 4796 3315 4864 εὐδοκιμήσαντας.

2454 4885 2527 4936 Τὸ
2557 4884 2982 4955 προσκαλεῖσθαι
3015 4887 3105 4935 τὸν
3148 4884 3246 4952 μὲν
3289 4882 3503 4953 τρίτην,
3541 4884 3634 4934 τὸν
3670 4881 3727 4935 δὲ
3783 4883 3973 4949 ἓκτην,

2396 4978 2487 5030 τὸν
2518 4977 2573 5029 δὲ
2604 4978 2851 5044 ὲννάτην,
2876 4978 2936 5028 οὑ
2958 4975 3343 5046 προκρίνοντός
3370 4959 3518 5027 ἐστιν
3549 4974 3774 5036 ἀδίκως.
3813 4974 3953 5028 ἀλλᾶ

2398 5068 2755 5134 γινώσκοντος
2798 5068 2884 5119 ὅτε
2915 5064 3137 5134 ἔμελλον
3172 5062 3481 5116 ὑπακοῦσαι
3541 5061 3691 5129 αὺτῷ
3719 5077 3732 5090 ⁸
3797 5059 3972 5119 οὕτως

2400 5162 2493 5213 καὶ
2544 5162 2572 5212 ό
2629 5159 2840 5220 Παῦλος
2895 5157 2995 5210 οὐκ
3042 5161 3106 5209 ἐκ
3162 5155 3466 5225 προοιμίων
3516 5152 3803 5220 ἐκέκλητο.
3855 5150 3972 5203 ἀλλ’

2397 5255 2482 5305 ὅτε
2503 5252 2724 5320 ἔμελλεν
2746 5248 3131 5318 πεισθήσεσθαι
3152 5266 3164 5277 ·
3197 5249 3279 5301 ὅτι
3356 5247 3412 5298 δὲ
3448 5246 3655 5306 πάντας
3685 5243 3879 5313 ἧθελεν
3918 5242 3971 5306 ἐξ

2399 5336 2571 5415 ἀρχῆς
2618 5342 3012 5413 μισθώσασθαι,
3093 5339 3240 5406 λέγει
3306 5339 3399 5390 καὶ
3446 5337 3479 5407 ἡ
3550 5332 3859 5403 παραϐολὴ,
3895 5331 3971 5381 δτι

2411 5436 2701 5505 Ἐξῆλθεν
2743 5435 2846 5487 τοῦ
2863 5431 3307 5502 μισθώσασθαι.
3330 5430 3421 5482 καὶ
3446 5430 3529 5481 ὅτι
3550 5430 3756 5487 ἐκεῖνος
3782 5422 3969 5493 ἤθελεν

2403 5528 2739 5598 μισθωθῆναι
2803 5526 2949 5593 λέγει
2974 5542 2987 5556 ’
3031 5522 3240 5587 Οὐδεὶς
3260 5519 3416 5590 ἡμᾶς
3441 5517 3837 5589 ἐμισθώσατο.

2454 5638 2528 5691 Τὸ
2575 5636 2735 5697 εὐθὺς
2785 5633 2922 5703 μετὰ
2969 5632 3069 5704 τὴν
3145 5629 3461 5699 παραϐολὴν
3522 5627 3840 5696 λεγόμενον,
3891 5628 3968 5679 ὅτι

2404 5730 2597 5796 Οὕτως
2615 5729 2858 5782 ἔσονται
2885 5729 2939 5779 al
2956 5726 3202 5794 ἔσχατοι
3230 5722 3471 5792 πρῶτοι.
3493 5721 3553 5772 οὐ
3573 5721 3651 5772 δεῖ
3674 5719 3967 5788 θαυμάζειν

2400 5825 2472 5886 ὼς
2504 5821 2575 5891 μὴ
2605 5820 2967 5890 συναγόμενον
2988 5818 3051 5871 ἐκ
3072 5818 3166 5888 τῆς
3203 5811 3535 5885 παραϐολῆς,
3565 5811 3701 5865 ἀλλὰ
3733 5812 3815 5865 δεῖ
3836 5812 3965 5864 νοεῖν.
