4220 6432
291 503 373 553 ὃτι
396 501 584 570 ὥσπερ
606 501 756 554 τοῦτο
788 504 979 560 συεέϐη
1046 525 1198 574 ',:r_~.--.

293 607 466 644 σεται.

359 681 478 751 Χρὴ
511 683 709 737 εἰδέναι
772 686 935 738 ὃτιαί
989 689 1283 758 παραϐολα-
1330 684 1484 745 ατται
1541 692 1651 747 οἷον
1685 698 1718 765 ή
1754 695 1862 748 τῶν

291 771 600 839 παρθένων,
629 775 661 844 ή
693 774 788 844 τῆς
816 779 1076 848 σαγήνης,
1137 783 1167 849 ή
1219 783 1326 833 τὼν
1383 785 1653 849 ἀκανθῶν,
1702 790 1733 855 ή
1767 786 1862 840 τοῦ

290 860 508 929 δένδρου
555 863 649 915 τοῦ
692 866 964 936 ἀκάρπου,
997 871 1095 940 τὴν
1127 873 1234 925 ἀπὸ
1281 874 1386 926 τῶν
1433 875 1607 945 ἔργων
1662 879 1864 950 ἀρετὴν

291 953 661 1022 ἐπιζητοῦσιν.

360 1067 458 1119 Διὰ
483 1068 538 1119 τί
575 1069 716 1137 μετὰ
743 1073 1012 1143 τοσαύτης
1071 1081 1388 1145 περιουσξας
1441 1082 1534 1134 νῦν
1594 1084 1863 1137 ἐπιϐαίνει

291 1157 402 1217 τοῖς
440 1155 865 1230 Ἰεροσολύμοις;
911 1165 1063 1218 Ἐπεὶ
1108 1166 1229 1219 τότε
1294 1173 1391 1239 μὲν
1471 1175 1734 1243 προοίμια
1792 1171 1861 1246 ἦν

292 1249 625 1319 οἰκονομίας,
651 1251 743 1304 νῦν
792 1255 846 1306 δὲ
869 1257 958 1307 ὅτε
987 1256 1085 1326 τῆς
1111 1260 1277 1312 αὐτοῦ
1323 1263 1607 1331 δυνάμεως
1667 1270 1890 1338 scalpam.-

291 1338 482 1402 ἔδωκε,
511 1343 648 1410 μετὰ
677 1345 920 1408 πλείονος
943 1351 1300 1418 περιφανείας
1331 1353 1579 1422 ἔρχεται·
1617 1358 1740 1409 ἐπεὶ
1771 1360 1865 1413 καὶ

290 1433 318 1482 ὁ
350 1435 579 1502 σταυρὸς
607 1437 663 1486 ἐν
693 1435 886 1506 θύραις
918 1434 1008 1510 ἦν,
1039 1441 1108 1493 τὰ
1133 1442 1398 1511 μέλλοντα
1446 1449 1628 1512 αὐτοῖς
1681 1451 1864 1505 ἐκϐαί-

290 1538 403 1574 νειν
433 1524 728 1602 ςὲπιδεικνύ
736 1546 920 1597 μενος.

351 1611 448 1663 Διὰ
472 1612 588 1665 τίοί
607 1616 712 1668 υίοὶ
743 1617 1028 1672 Ζεϐεδαίου
1053 1622 1352 1692 προσῆλθον
1381 1625 1532 1696 αὐτῷ
1579 1629 1708 1696 περὶ
1736 1647 1865 1698 προσ

291 1699 475 1770 εδρίας
511 1703 918 1775 διαλεγόμενοι;
955 1710 1196 1783 Ἐπειδὴ,
1220 1714 1403 1776 καθώς
1458 1734 1625 1785 φησιν
1675 1719 1864 1790 ἔτερος

291 1791 700 1867 εύαγγελιστὴς,
735 1799 824 1852 διὰ
853 1803 912 1854 τὸ
943 1803 1108 1872 ἐγγὺς
1163 1801 1302 1860 εἶναι
1346 1807 1444 1878 τήν
1488 1809 1859 1881 Ἰερουσαλὴμ,

288 1885 436 1938 δοκεί
461 1891 540 1941 ὅτι
573 1890 665 1944 καὶ¹
699 1893 730 1960 ή
765 1891 1009 1962 βασιλεία
1039 1899 1204 1950 αὐτοῦ
1231 1899 1394 1967 ἐγγύς
1433 1902 1613 1954 ἐστιν·
1669 1906 1716 1956 εἰ
1746 1904 1801 1956 δὲ
1835 1905 1862 1956 δ

288 1975 679 2050 εὐαγγελιστὴς
705 1977 856 2046 οὗτος
880 1986 1008 2056 περὶ
1040 1988 1138 2057 τῆς
1171 1991 1376 2061 μητρὸς
1401 1993 1580 2046 αὐτῶν
1602 1995 1749 2061 λέγει
1779 1995 1860 2048 ὅτι

288 2069 423 2136 αὑτὴ
452 2071 710 2140 ᾐτήσατο,
753 2073 830 2138 ώς
878 2074 938 2139 ἐξ
991 2077 1318 2149 ἀμφοτέρων
1360 2084 1651 2152 γενόμενον
1708 2083 1862 2138 τοῦτο

289 2155 462 2224 εἶπεν,
499 2163 582 2216 ἵνα
610 2165 771 2218 πλέον
824 2167 1157 2240 δυσωπηθῇ’
1210 2173 1504 2245 ᾐσχύνοντο
1555 2178 1662 2247 γὰρ
1712 2177 1859 2247 μόνοι

290 2251 447 2305 τοῦτο
468 2255 668 2324 λέγειν.

351 2363 423 2415 Τὸ
454 2367 628 2420 εἰπεῖν
659 2369 841 2434 αὐτὸν,
894 2375 1017 2428 Οὐκ
1059 2378 1258 2433 οἴδατε
1285 2381 1340 2432 τί
1399 2379 1675 2444 αἰτεῖσθε,
1739 2381 1861 2434 ἀντὶ

288 2454 404 2522 τοῦ,
435 2455 588 2509 οὐδὲν
629 2467 1016 2534 πνευματικὸν,
1059 2470 1242 2537 φησίν.
1276 2471 1338 2524 El
1385 2471 1441 2524 δὲ
1484 2474 1577 2525 καὶ
1603 2473 1730 2542 περὶ
1762 2473 1860 2542 τῆς

288 2547 402 2600 ἄνω
433 2549 591 2620 δόξης
629 2553 812 2622 ᾔτουν,
849 2558 967 2611 οὐδὲ
997 2560 1168 2623 οὕτως
1204 2560 1385 2625 καλῶς
1432 2563 1613 2632 ᾔτουν,
1663 2565 1707 2615 Τ
1710 2565 1776 2633 ὴν
1805 2564 1862 2616 δὲ

288 2643 580 2713 προεδρίαν
606 2648 828 2716 ἐζήτουν
853 2650 960 2702 τῶν
980 2653 1174 2718 ἄλλων,
1199 2655 1384 2723 ἐπειδὴ
1409 2652 1688 2719 εἴπεν,’ὃτι
1715 2660 1862 2710 Καθ-

289 2731 476 2785 ιεῖσθε
523 2735 623 2787 ἐπὶ
650 2737 877 2790 δώδεκα
906 2741 1180 2808 θρόνους,
1208 2743 1282 2812 μὴ
1310 2744 1630 2813 νομίσαντες
1651 2746 1732 2808 τὸ,
1767 2749 1860 2799 Δο-

289 2824 645 2894 ξασθήσεσθε,
674 2829 740 2881 δι’
768 2831 991 2900 ἀρετὴν,
1020 2832 1156 2886 ἀλλὰ
1179 2835 1264 2898 τὸ,
1297 2833 1534 2888 Καθίσαι
1557 2851 1569 2864 ·
1602 2836 1698 2889 καὶ
1736 2837 1858 2906 κρί-

289 2931 490 2978 νοντες,
517 2918 592 2988 μὴ
619 2920 908 2990 νοήσαντες
953 2925 1031 2988 τὸ,
1092 2925 1548 2996 Κατακρίνοντες,
1585 2928 1721 2981 ἀλλὰ
1775 2929 1856 2993 τὸ,

289 3006 630 3073 Δικάζοντες.

1287 401 1602 458 τειριιυιιιλι
1648 404 1937 462 VETERA
1984 407 2058 463 ΙΝ
2105 407 2566 465 ΜΑἸἼῚΗΞΠΜ.

1212 548 1224 560 .
1254 509 1419 571 ηέιτιιι,
1452 514 1671 564 κάκεῖνο
1707 517 1862 582 γενή-
1895 519 1938 575 Α
1967 529 2092 583 gere
2143 513 2291 583 quia,
2326 516 2464 569 sicut
2499 515 2630 569 illud
2663 515 2878 579 accidit,

1895 519 2092 583 Agere
2143 513 2291 583 quia,
2326 516 2464 569 sicut
2499 515 2630 569 illud
2663 515 2882 579 accidit,
2932 516 3010 570 sic
3061 525 3111 570 et
3161 517 3261 571 hoc
3318 527 3534 591 quoque

3401 411 3536 476 1H2

1963 609 2073 662 ﬁet.

2033 700 2258 770 Oportet
2292 703 2432 756 scire
2483 703 2579 757 has
2629 704 2938 773 parabolas,
2979 704 3172 772 quales
3206 715 3334 759 sunt
3375 706 3536 774 virgi-

1964 807 2117 852 num,
2149 807 2384 861 sagente,
2437 792 2737 860 spinarum,
2774 803 2868 849 ant
2901 794 3113 848 arboris
3151 794 3356 849 sterilis
3382 833 3396 859 ,
3427 794 3540 847 vir-

1963 889 2132 934 tutem
2166 882 2234 935 ab
2261 882 2520 951 operibus
2551 884 2784 952 exigere.

2038 1081 2202 1136 Vens.
2243 1084 2325 1138 l7.
2353 1085 2463 1139 Cur
2493 1099 2613 1140 cum
2652 1093 2803 1139 tanto
2831 1090 3088 1141 comitatu
3119 1101 3266 1141 nunc
3290 1087 3540 1140 ascendit

1967 1174 2434 1246 Hierosolymam?
2484 1177 2619 1232 Cum
2692 1187 2821 1232 tunc
2881 1179 3100 1246 quidem
3161 1181 3315 1233 initia
3373 1186 3532 1233 erant

1966 1269 2400 1338 prmdicationis.
2447 1285 2588 1324 nunc
2638 1279 2857 1332 autem,
2919 1285 3042 1322 cum
3087 1285 3198 1323 sua:
3251 1270 3535 1338 potestatis

1966 1359 2317 1428 probationes
2358 1358 2525 1424 dedit,
2584 1375 2706 1414 cum
2768 1361 2974 1429 majore
3024 1361 3310 1427 splendore
3362 1363 3534 1414 venit.

1968 1449 2100 1503 Nam
2129 1459 2183 1502 et
2213 1465 2345 1503 crux
2389 1449 2636 1518 proxima
2665 1461 2801 1514 erat,
2837 1466 2958 1522 qua:
2991 1451 3098 1506 illis
3123 1452 3340 1506 evenire
3369 1452 3535 1506 debe-

1873 1561 1901 1577 -ι
1967 1539 2098 1593 bant
2127 1539 2439 1592 ostendens.

2039 1627 2196 1682 Vens.
2224 1627 2314 1682 20.
2350 1630 2461 1683 Cur
2493 1630 2588 1684 lilii
2616 1631 2864 1686 Zehedei
2899 1634 2964 1687 ad
2989 1634 3141 1686 illum
3177 1641 3538 1687 accesserunt

1968 1721 2034 1774 de
2065 1723 2468 1790 przeeminentia
2496 1726 2838 1795 alloqttentes
2869 1725 2892 1778 ?
2927 1724 3089 1790 Quia,
3121 1733 3180 1777 ut
3227 1723 3362 1777 dicit
3393 1724 3535 1776 alius

1969 1814 2324 1882 evangelista,
2366 1809 2841 1887 appr0pinquahat
2867 1814 3284 1885 Hierosolymis,
3321 1813 3536 1867 videtur

1967 1905 2092 1972 quia
2115 1921 2340 1976 regnum
2366 1907 2487 1976 ejus
2544 1922 2710 1976 prope
2734 1915 2880 1962 est:
2933 1907 2977 1960 si
3037 1921 3165 1960 vero
3207 1902 3540 1973 evangelista

1964 1995 2064 2049 iste
2086 1997 2151 2049 de
2191 2007 2360 2051 matre
2395 2012 2586 2052 eorum
2613 1997 2744 2051 dicit
2783 1996 2928 2065 quod
2966 1997 3080 2065 ipsa
3110 1995 3347 2066 petierit,
3379 1995 3538 2062 quasi

1961 2101 2025 2138 ex
2058 2089 2314 2159 utrinque
2362 2088 2557 2143 factam
2581 2105 2703 2144 esse
2721 2090 3036 2158 petitionem
3067 2087 3262 2149 innuit,
3284 2096 3342 2140 ut
3368 2084 3542 2154 magis

1963 2178 2138 2247 turpis
2195 2178 2488 2245 videatur;
2554 2181 2787 2248 pudebat
2842 2179 2988 2234 enim
3056 2178 3179 2233 illos
3205 2176 3353 2233 solos
3407 2178 3535 2231 talia

1961 2271 2166 2327 dicere.

2038 2383 2200 2438 Vens.
2227 2383 2316 2437 22.
2349 2383 2474 2440 Haec
2505 2385 2690 2450 verba,
2751 2383 2980 2439 Nescitis
3009 2385 3134 2454 quid
3165 2384 3383 2453 petatis,
3417 2397 3538 2451 pro,

1965 2474 2101 2528 nihil
2133 2475 2421 2545 spirituale
2442 2477 2646 2546 petitis,
2694 2478 2940 2533 adhibet.
2979 2477 3038 2532 Si
3090 2491 3220 2531 vero
3242 2477 3309 2532 de
3360 2476 3533 2547 gloria

1963 2567 2175 2620 caelesti
2223 2567 2566 2637 petivissent,
2632 2585 2738 2623 non
2793 2570 3016 2639 pulchre
3061 2570 3132 2624 ita
3196 2569 3534 2638 petivissent;

1963 2654 2427 2724 praeminentiam
2469 2668 2648 2710 autem
2714 2659 3037 2727 expetebant
3076 2673 3183 2726 prie
3219 2657 3361 2722 aliis,
3403 2673 3542 2728 quo-

1963 2746 2109 2797 niam
2134 2743 2308 2797 dixit:
2333 2743 2591 2799 Sedebitis
2624 2763 2778 2814 super
2806 2747 2950 2801 sedes
2983 2748 3278 2814 duodecim,
3309 2762 3417 2802 non
3453 2748 3540 2802 in-

1965 2835 2266 2905 telligentes
2308 2836 2463 2902 illud,
2514 2837 2972 2908 gloriﬁcabimini,
3002 2839 3072 2893 oh
3096 2839 3379 2903 virtutem,
3441 2839 3536 2894 sed

1965 2927 2035 2980 ob
2065 2927 2228 2981 altam
2261 2928 2442 2983 sedem
2471 2947 2486 2995 ;
2518 2937 2592 2995 et,
2613 2930 2767 2992 illud,
2803 2930 3130 2999 judicantes,
3187 2946 3294 2985 non
3337 2929 3540 2985 intelli-

1964 3029 2154 3088 gentes
2191 3028 2249 3074 ut
2279 3021 2726 3085 condemnantes,
2755 3010 2940 3076 sedut
2967 3021 3237 3091 judicium
3272 3036 3536 3078 exercen-

1967 3116 2070 3161 tes.

363 3209 456 3275 Τὸ,
493 3212 762 3265 Δύνασθε
812 3213 879 3266 τὸ
939 3215 1246 3283 ποτήριον.
1282 3220 1313 3270 ὃ
1336 3219 1451 3288 ἐγὼ
1494 3221 1647 3274 πίνω
1677 3223 1855 3286 πιεῖν,
1891 3196 1935 3256 C

1891 3196 1935 3256 (ἶ
2043 3215 2272 3271 Potestis
2295 3219 2465 3273 bibere
2495 3219 2711 3274 calicem
2761 3237 2912 3289 quem
2959 3237 3048 3290 ego
3080 3221 3340 3274 bibiturus
3385 3221 3540 3274 sum?

287 3297 386 3360 τὰς
429 3299 643 3367 σφαγὰς
676 3302 884 3365 καὶτὰς
923 3303 1190 3372 βασάνους
1248 3307 1511 3375 λέγεικαὶ
1559 3312 1619 3363 τὸ
1654 3312 1864 3382 μαρτύ-

289 3403 438 3456 ριον·
479 3392 742 3460 ποτήριον
775 3393 832 3444 δὲ
864 3389 1017 3446 εἶπεν
1051 3396 1207 3458 αὐτὸ,
1270 3399 1358 3452 ἵνα
1411 3401 1861 3472 προθυμοτέρους

287 3478 490 3548 ποιήσῃ
518 3479 597 3547 τῷ
612 3480 816 3550 εὐκόλῳ
833 3481 924 3533 τοῦ
955 3483 1135 3550 λόγου,
1155 3488 1244 3540 καὶ
1269 3485 1403 3556 πρὸς
1426 3491 1616 3546 ἑαυτὸν
1636 3493 1864 3562 ἐφελκύ-

288 3580 448 3634 σηται
480 3584 494 3599 ο
523 3570 616 3621 καὶ
646 3570 926 3642 βάπτισμα
960 3574 1015 3627 δὲ
1039 3579 1171 3630 ait?)
1221 3580 1397 3647 καλεῖ,
1437 3583 1513 3646 ὡς
1563 3585 1863 3656 καθάρσιον

287 3659 384 3723 τῆς
423 3660 768 3732 οἰκουμένης.

341 3751 449 3845 Καί
480 3755 593 3815 πῶς
621 3755 786 3824 λέγει,
812 3762 933 3813 Οὐκ
958 3763 1132 3815 ἐστιν
1154 3765 1300 3833 ἐμὸν
1315 3766 1564 3833 δοῦναι;
1599 3773 1861 3845 Ἐπείπερ

285 3840 386 3892 οὐκ
413 3840 558 3892 ἔστιν
580 3843 702 3896 οὔτε
730 3847 937 3899 ἐκεῖθεν
964 3850 1185 3922 τοιαύτη
1221 3855 1458 3926 καθέδρα
1485 3873 1498 3887 ’
1531 3860 1562 3929 ἢ
1592 3860 1752 3929 δῆλον
1779 3840 1861 3917 ὅτι

288 3932 424 4000 πρὸς
452 3933 548 4003 τὴν
571 3937 826 3992 ὑπόνοιαν
851 3939 997 4007 λέγει
1029 3947 1496 4010 συγκαταϐαίνων.
1521 3952 1596 4004 Τὸ
1637 3953 1717 4019 δὲ,
1761 3951 1861 4022 Οἷς

286 4023 663 4093 ἡτοίμασται,
697 4032 760 4082 ἐκ
791 4031 899 4083 τῶν
925 4033 1104 4086 πόνων
1133 4038 1223 4087 καὶ
1257 4039 1364 4091 τῶν
1391 4041 1632 4111 ἱδρώτων
1655 4063 1668 4077 ·
1704 4047 1862 4101 τοῦτο

286 4116 343 4168 δὲ
383 4118 484 4171 οὐκ
536 4119 786 4174 ἐκϐάλλει
817 4123 921 4186 ἔξω
949 4126 1048 4193 τὴν
1072 4127 1340 4194 ἐξουσίαν,
1382 4131 1516 4186 ἀλλὰ
1550 4135 1610 4188 τὸ
1654 4138 1861 4192 δίκαιον

287 4209 453 4261 αὑτοῦ
494 4210 785 4266 δείκνυσιν.
820 4216 939 4268 Ὅτι
972 4217 1029 4268 δὲ
1077 4220 1326 4284 ἐξουσίαν
1382 4224 1515 4293 ἔχει,
1577 4228 1810 4284 ἄκουσον
1843 4249 1855 4262 ·

300 4300 448 4367 Ἐγὼ
481 4301 548 4355 δέ
586 4319 684 4356 σοι
723 4305 894 4360 δώσω
924 4310 1028 4374 τὰς
1081 4313 1247 4376 κλεῖς
1278 4313 1397 4367 τών
1422 4318 1696 4383 οὐρανῶν
1717 4335 1729 4348 ·
1766 4322 1860 4374 καὶ

285 4392 314 4442 ὁ
347 4391 555 4456 Παῦλος
603 4395 660 4448 δὲ
689 4397 830 4451 οὕτω
851 4401 1026 4469 δηλῶν
1057 4401 1270 4469 ἔλεγεν·
1304 4408 1860 4482 Λοιπὸνάπόκειταί

278 4497 381 4548 μοι
418 4486 452 4535 ὀ
487 4483 597 4552 τῆς
643 4486 1032 4557 δικαιοσύνης
1081 4493 1406 4561 στέφανος,
1445 4498 1518 4550 ὃν
1555 4500 1855 4554 ἀποδώσει

1971 3307 2280 3372 violentias,
2311 3319 2365 3363 et
2397 3313 2703 3375 cruciatus,
2760 3323 2816 3367 et
2866 3312 3191 3384 martyrium
3247 3313 3538 3384 signiﬁcat.

1970 3403 2208 3457 Calicem
2239 3414 2421 3458 autem
2450 3416 2608 3460 vocat
2652 3406 2819 3470 istud,
2876 3414 2935 3460 ut
2991 3406 3206 3461 attimos
3262 3407 3433 3476 magis
3462 3406 3542 3461 eis

1971 3495 2134 3549 addat
2167 3498 2437 3551 sermonis
2462 3499 2704 3563 lenitate,
2740 3509 2795 3554 et
2847 3498 2914 3553 ad
2954 3515 3012 3554 se
3042 3513 3142 3554 eos
3177 3500 3456 3566 attrahat;
3487 3507 3542 3553 et

1970 3587 2238 3657 baptisma
2275 3590 2407 3644 illud
2444 3601 2619 3656 vocat,
2650 3592 2803 3661 quasi
2833 3592 2982 3648 orbis
3014 3592 3257 3647 lustrale.

2041 3775 2206 3828 Vens.
2227 3774 2317 3829 2'5.
2353 3773 2416 3829 Et
2440 3776 2712 3845 quomodo
2748 3776 2917 3842 dicit;
2950 3793 3048 3831 non
3076 3787 3150 3831 est
3182 3793 3349 3831 meum
3375 3779 3544 3831 dare?

1969 3864 2233 3934 siquidem
2271 3879 2376 3917 non
2409 3874 2492 3919 est
2529 3880 2597 3918 ne
2625 3865 2733 3919 illic
2766 3865 2983 3934 quidem
3020 3866 3144 3922 talis
3192 3866 3350 3921 sedes
3380 3883 3394 3930 ;
3452 3876 3544 3920 aut

1971 3966 2117 4025 patet
2151 3956 2304 4010 illum
2357 3956 2424 4010 ad
2479 3956 2791 4025 allegoriam
2854 3958 3127 4027 loquendo
3176 3958 3544 4015 descendisse.

1971 4046 2104 4100 Illud
2168 4057 2372 4111 autem,
2417 4045 2618 4111 Quibus
2683 4058 2933 4117 paratum
2978 4059 3076 4115 est,
3135 4065 3230 4118 per
3301 4049 3542 4112 labores,

1968 4147 2120 4206 puta.
2151 4146 2207 4192 et
2235 4137 2461 4192 sudores
2490 4153 2502 4188 ε
2539 4138 2643 4192 hoc
2673 4153 2802 4191 vero
2838 4153 2943 4192 non
3006 4137 3126 4208 ejus
3155 4139 3350 4194 adimit
3392 4150 3544 4211 pote-

1967 4237 2184 4294 statem,
2203 4228 2294 4283 sed
2317 4229 2436 4297 ejus
2447 4228 2718 4297 justitiam
2744 4229 2962 4284 exhibet
2987 4247 3001 4293 ;
3035 4229 3176 4299 quod
3201 4231 3345 4284 enim
3388 4241 3544 4300 pote-

1968 4327 2162 4373 statem
2201 4317 2413 4382 habeat,
2459 4317 2580 4372 audi
2620 4334 2632 4370 :
2670 4315 2780 4386 Ego
2832 4327 3009 4372 autent
3062 4318 3154 4371 tibi
3193 4320 3332 4372 dabo
3372 4320 3539 4372 clares

1969 4410 2111 4477 regni
2129 4407 2376 4461 caelorum
2400 4425 2418 4471 ;
2443 4417 2493 4461 et
2521 4405 2724 4461 Paulus
2746 4407 2888 4461 idem
2915 4407 3163 4461 indicans
3180 4407 3336 4460 dixit:
3366 4405 3431 4458 In
3457 4424 3541 4459 re-

1970 4499 2110 4568 liquo
2137 4499 2365 4567 reposita
2391 4507 2468 4551 est
2489 4498 2616 4551 mihi
2637 4514 2832 4551 corona
2854 4497 3104 4566 justitite,
3155 4514 3313 4567 quam
3363 4497 3539 4550 reddet

283 4590 382 4640 μοι
433 4577 670 4644 Κύριος,
727 4581 824 4634 καί
883 4581 1074 4637 πᾶσιν
1129 4586 1246 4652 τοῖς
1297 4588 1678 4657 ἠγαπηκόσιν
1746 4591 1860 4658 τὴν
1895 4577 1935 4602 υ

1895 4577 1935 4602 υ
1965 4592 2093 4644 mihi
2157 4590 2432 4653 Dominus,
2478 4601 2527 4643 et
2572 4591 2810 4643 omnibus
2847 4591 2935 4660 qui
2988 4591 3217 4659 diligunt
3261 4592 3539 4645 adventans

282 4667 638 4734 ἐπιφάνειαν
677 4673 885 4728 αὐτοῦ.

346 4782 406 4833 Εἰ
447 4783 497 4834 οί
546 4783 640 4836 δύο
679 4787 787 4838 τῶν
820 4787 952 4840 δέκα
993 4790 1464 4857 κατεξανξσταντο,
1513 4796 1606 4848 καὶ
1645 4798 1695 4848 ol
1727 4797 1858 4851 δέκα

282 4873 544 4942 ἐφθόνουν
588 4879 698 4940 τοῖς
727 4879 898 4943 δυσὶν,
946 4883 1006 4933 οὐ
1038 4882 1142 4953 χρὴ
1171 4884 1227 4936 δὲ
1255 4884 1412 4938 τοῦτο
1449 4889 1691 4953 σκοπεῖν,
1723 4889 1857 4942 ἀλλὰ

282 4967 349 5018 τὰ
380 4966 662 5020 τελευταῖα
691 4969 889 5024 αὐτῶν.

349 5057 448 5111 Διὰ
481 5059 530 5110 τί
586 5060 881 5130 συνεχώρει
934 5064 1165 5133 Χριστὸς
1230 5067 1676 5138 ἐπιστομίζεσθαι
1733 5074 1857 5137 τοὺς

279 5150 513 5214 τυφλοὺς
544 5151 647 5203 ὑπὸ
674 5152 766 5204 τοῦ
793 5153 949 5223 δχλου
976 5173 989 5218 ς
1021 5157 1136 5209 ’Ὶνα
1160 5158 1423 5227 μειζόνως
1448 5161 1624 5214 αὐτῶν
1648 5164 1679 5231 ή
1718 5181 1851 5233 προ-

283 5241 451 5308 θυμία
535 5243 838 5312 φαίνηται·
874 5247 962 5300 διὰ
1045 5247 1201 5302 τοῦτο
1277 5251 1395 5304 οὐδὲ
1458 5253 1637 5322 ἐρωτᾷ
1683 5295 1698 5319 ,
1758 5257 1855 5308 Πι-

283 5347 502 5385 στεύετε
541 5348 554 5399 ;

340 5444 438 5496 Διὰ
465 5445 517 5498 τί
556 5447 755 5517 ἐρωτᾷ,
799 5448 857 5501 Τί
891 5450 1094 5504 θέλετε
1144 5451 1375 5517 ποιήσω
1398 5455 1577 5523 (mir;
1623 5456 1736 5511 ’Ίνα
1779 5462 1853 5528 μή

279 5552 362 5598 τις
385 5536 601 5608 νομίσῃ,
633 5539 713 5592 ὅτι
740 5539 908 5592 Ἀλλα
932 5539 1276 5610 βουλομένοις
1295 5542 1490 5610 λαλεῖς,
1515 5548 1649 5601 ἄλλα
1673 5548 1852 5613 δίδως·

283 5629 375 5680 καὶ
394 5629 480 5681 ἵνα
503 5633 626 5693 τοὺς
648 5631 838 5694 ἄλλους
863 5634 943 5695 είς
961 5634 1182 5702 μείζονα
1206 5634 1368 5704 ζῆλον
1397 5638 1598 5710 ἀγάγῃ,
1623 5639 1852 5708 Ἕτερον

280 5720 334 5771 δὲ
366 5722 448 5773 ἵνα
475 5723 622 5792 δείξῃ
645 5723 739 5790 τῆς
759 5725 966 5795 δωρεᾶς
996 5727 1222 5790 δικαίως
1251 5729 1644 5795 ἀπολαύοντας*
1662 5733 1852 5806 ὥσπερ

280 5813 372 5864 ἐπὶ
404 5817 497 5882 τῆς
533 5815 840 5879 Χαναναίας
897 5817 988 5872 καὶ
1033 5819 1124 5872 rei
1191 5822 1585 5894 ἑκατοντάρχου
1638 5827 1727 5879 καὶ
1757 5827 1850 5895 τῆς

1959 4682 2093 4749 ejus.

2035 4791 2196 4845 Vens.
2225 4791 2316 4845 9.5.
2351 4789 2407 4845 Si
2440 4791 2550 4845 duo
2581 4790 2765 4846 decem
2793 4789 2916 4844 aliis
2936 4789 3248 4861 insurgunt,
3277 4800 3328 4845 et
3347 4791 3535 4846 decem

1961 4886 2052 4938 alii
2087 4886 2223 4940 duos
2257 4885 2516 4951 oderunt,
2559 4899 2666 4938 non
2698 4893 2914 4953 oportet
2965 4883 3032 4938 ad
3063 4884 3194 4938 illud
3223 4886 3530 4951 attendere,

1961 4977 2051 5031 se.l
2071 4976 2136 5028 ad
2171 4991 2360 5030 eorum
2392 4985 2657 5031 extrema.

2038 5064 2199 5120 Vens.
2301 5065 2388 5120 3|.
2447 5065 2557 5120 Cur
2612 5070 2884 5122 consentit
2936 5067 3189 5123 Christus
3263 5068 3532 5139 increpari

1961 5174 2134 5212 caecos
2163 5173 2192 5211 a
2225 5159 2386 5213 turba
2423 5160 2446 5212 ‘!
2477 5169 2535 5214 ut
2574 5161 2746 5229 magis
2784 5173 2976 5214 eorum
3036 5163 3200 5215 ardor
3237 5171 3520 5230 appareat.

1960 5250 2085 5304 ldeo
2117 5265 2224 5304 non
2271 5251 2588 5321 interrogat,
2623 5251 2886 5307 creditis?

2025 5455 2288 5509 Vxns.32.
2322 5453 2432 5509 Cur
2474 5454 2811 5524 interrogat:
2854 5454 2994 5519 Quid
3032 5455 3192 5510 vultis
3231 5467 3285 5509 ut
3332 5457 3529 5526 faciam

1959 5551 2098 5603 vobis
2125 5550 2149 5601 .’
2180 5564 2248 5603 ne
2271 5547 2394 5618 quis
2421 5555 2571 5617 putet
2601 5552 2730 5617 quia
2762 5547 2865 5602 alia
2901 5549 3207 5603 volentibus
3255 5551 3526 5620 loqueris,

1957 5642 2060 5694 alia
2090 5641 2188 5695 das
2219 5657 2233 5705 ;
2269 5648 2322 5693 et
2355 5646 2412 5692 ut
2437 5637 2576 5693 alios
2600 5638 2651 5692 in
2677 5638 2939 5706 majorem
2975 5639 3229 5693 invidiam
3255 5640 3476 5695 inducat
3504 5660 3522 5704 ;

1959 5739 2111 5792 aliter
2140 5745 2322 5790 autem
2364 5742 2423 5786 ut
2480 5733 2733 5788 ostendat
2791 5732 2891 5788 hos
2945 5733 3092 5801 juste
3144 5733 3518 5789 benevolentia

1961 5827 2219 5887 fruentes,
2252 5832 2304 5876 ut
2334 5821 2386 5875 in
2416 5820 2742 5887 Chanana'a,
2771 5831 2822 5876 et
2849 5822 3184 5888 centurione,
3217 5833 3268 5880 et
3296 5824 3524 5879 hzcmor-
