4220 6432
716 386 845 444 1H7

1413 389 1805 447 OI’USCUIA
1846 387 2478 448 SCIlIP'l‘URISTICA
2518 392 2866 453 ΙΝΟΕΙὶΤιΕ
2896 395 3201 455 ΛΞΤΛΤΙΞ.

3825 397 3963 459 1148

708 500 1033 554 ιΙς·Ιίριοι”υιιι
1062 500 1287 570 laqueos
1340 501 1589 555 tendunt.
1634 501 1768 557 Nam
1792 519 1887 572 per
1916 504 2289 558 Romanorum
2323 507 2359 562 Α

2323 507 2359 562 Α
2398 506 2663 575 κηματων
2716 508 2951 575 παγίδας
2990 509 3211 562 ἱστῶσιν
3240 525 3256 542 ο
3292 510 3369 572 είς
3405 507 3513 579 γὰρ
3542 510 3641 579 τὴν
3670 510 3780 561 τῶν
3832 512 3966 563 Ῥω-

713 590 999 657 imperium
1058 609 1144 646 res
1188 608 1314 646 cum
1368 593 1668 648 immutatae
1716 596 1824 649 illis
1888 605 2094 659 essent,
2158 610 2282 651 cum

716 686 967 739 sciebant
997 685 1277 739 Tlieudam
1304 696 1359 739 et
1384 683 1577 740 Judam
1610 686 1732 741 ideo
1757 688 1971 742 occisos
1992 702 2113 742 cSSc
2136 687 2284 756 quod

716 776 769 828 in
807 775 1080 829 Romanos
1116 776 1462 830 rebellionem
1501 777 1746 831 meditati
1796 776 2050 841 fuissent,
2106 778 2288 831 volne—

717 880 841 921 rnnt
867 878 919 921 et
942 869 1093 921 illum
1126 868 1177 922 in
1207 869 1366 923 talem
1397 870 1765 938 suspicionem
1791 871 2079 925 adducrre.
2111 870 2286 935 Quam

719 962 787 1012 ob
820 976 1040 1014 causam
1075 977 1199 1014 cum
1232 963 1349 1016 suis
1381 962 1666 1031 discipulis
1697 960 1926 1015 IIerodis
1958 962 2157 1015 milites
2190 964 2289 1014 mi-

718 1062 926 1116 serunt,
974 1053 1242 1122 duplicem
1295 1054 1496 1109 fossam
1543 1054 1866 1120 aperientes,
1911 1061 1967 1106 ut
1998 1052 2041 1107 si
2072 1053 2289 1121 quidem

716 1158 843 1207 erga
879 1142 1218 1198 Ilcrodianos
1252 1144 1612 1213 responderit,
1639 1142 1738 1213 ipsi
1771 1144 2060 1204 incusent;
2087 1146 2132 1200 si
2164 1162 2294 1201 vero

717 1249 844 1302 erga
883 1235 1053 1304 ipsos,
1091 1236 1198 1289 isti.
1232 1236 1477 1289 Attamen
1517 1240 1702 1289 datum
1737 1234 1912 1290 fuerat
1952 1237 2291 1300 didracbma,

722 1328 816 1379 sed
880 1327 1196 1380 nesciebant
1247 1326 1357 1378 isti.
1407 1324 1746 1398 lnterrosant
1792 1336 1972 1380 autem
2014 1329 2065 1380 in
2116 1328 2295 1383 medio

728 1417 917 1481 lurbzn,
976 1418 1237 1485 majorem
1281 1417 1543 1471 lacientes
1594 1418 2046 1482 declarationem,
2088 1416 2295 1473 Scimus

724 1511 847 1576 quia
873 1524 1031 1561 verax
1056 1526 1145 1572 es;
1182 1512 1458 1578 quomodo
1490 1524 1619 1580 ergo
1662 1510 1927 1565 dicebatis
1970 1512 2098 1580 quia
2138 1511 2299 1566 sedu-

724 1610 841 1654 ctor
885 1601 1001 1656 est?
1032 1603 1131 1655 hoc
1170 1604 1333 1671 igitur
1377 1617 1472 1671 per
1522 1601 1894 1656 adulationem
1942 1602 2159 1667 dicunt;
2192 1618 2298 1656 non

725 1690 912 1745 dicunt
938 1708 1064 1746 vero
1085 1693 1246 1747 modo
1262 1694 1407 1763 quod
1424 1694 1553 1747 utile
1573 1703 1676 1758 est,
1697 1694 1789 1747 sed
1811 1693 1937 1762 quid
1957 1695 2049 1746 tibi
2074 1694 2303 1751 videtur!

726 1782 1007 1846 addentes,
1068 1800 1168 1838 non
1212 1788 1423 1850 respicis
1464 1788 1518 1839 in
1548 1802 1850 1853 personant,
1884 1785 1950 1839 de
1988 1783 2205 1840 Caasare
2248 1795 2302 1839 et

729 1872 939 1927 llerode
977 1876 1242 1930 alludunt.
1278 1877 1369 1930 llle
1410 1878 1575 1946 igitur
1619 1876 1850 1947 propriis
1887 1892 2077 1931 eorum
2118 1877 2304 1932 oribus

731 1967 914 2023 volt-ns
939 1968 1057 2023 illos
1072 1968 1431 2023 condemnare
1450 1986 1462 2022 :
1478 1968 1644 2037 Cujus
1665 1978 1741 2022 est
1762 1970 1976 2039 imago?
2003 1970 2199 2038 inquit,
2223 1979 2302 2037 ut,

730 2061 839 2114 illis
863 2062 1245 2129 loquentibus.’
1265 2078 1372 2116 non
1406 2061 1652 2115 videatur
1694 2062 1811 2132 ipse
1842 2062 2046 2132 aliquid
2077 2061 2301 2116 dixisse.

730 2153 805 2206 Ne
835 2154 998 2224 igitur
1027 2154 1211 2209 dicant
1237 2156 1366 2223 quia
1399 2154 1712 2208 hominibus
1740 2168 1841 2209 nos
1872 2154 2121 2225 SUlijiCiS,
2149 2154 2303 2221 dixit,

730 2260 851 2311 qua:
893 2258 1021 2300 sunt
1053 2245 1166 2309 Dei,
1202 2247 1327 2299 Deo.
1376 2246 1500 2299 Ideo
1535 2245 1735 2300 Paulus
1769 2261 1990 2316 quoque
2028 2266 2042 2299 :
2087 2244 2304 2312 Solvite,

733 2336 927 2406 inquit,
965 2337 1211 2392 omnibus
1244 2337 1442 2392 debita.

804 2520 969 2578 Vens.
996 2523 1085 2576 23.
1125 2521 1241 2575 Duo
1282 2521 1517 2575 hereses
1550 2529 1696 2586 sunt,
1734 2536 1841 2575 una
1884 2521 2306 2586 Pharisaeorum,

734 2612 901 2666 a'tera
941 2611 1392 2666 Sadilucmorum.
1435 2610 1719 2665 Sadducaai
1760 2612 1979 2679 quidem
2006 2628 2182 2682 neque
2226 2627 2311 2666 re-

737 2706 1129 2757 surrectionem
1156 2718 1331 2772 neque
1360 2702 1585 2771 angelos
1613 2717 1735 2757 esse
1755 2704 1980 2756 credunt
2008 2721 2022 2769 ;
2050 2701 2309 2756 Pliariswi

738 2808 865 2847 vero
897 2804 1188 2862 utrumque
1217 2796 1562 2863 protitcntur.

815 2885 974 2938 Vens.
1002 2885 1092 2939 55.
1133 2884 1244 2938 Cur
1275 2884 1564 2939 Mattliaeus
1594 2883 1729 2937 dicit
1762 2884 1905 2953 quod
1939 2892 2155 2939 tentans
2187 2898 2311 2938 eum

739 2977 1150 3046 interrogaverit
1179 2976 1259 3032 sic
1297 2978 1397 3031 iste
1427 2976 1561 3046 legis
1593 2975 1805 3040 doctor,
1849 2973 2068 3030 Marcus
2100 2983 2311 3040 autem,

738 3064 882 3134 quod
912 3067 1101 3141 videns
1127 3068 1385 3137 quoniam
1406 3069 1680 3137 sapienter
1710 3066 2094 3134 respondisset,
2116 3066 2315 3120 dixerit

2390 598 2564 665 μαίων
2587 598 2761 669 ἀρχὴν
2796 599 2905 652 τῶν
2941 600 3286 670 πραγμάτων
3315 601 3498 662 αὐτοῖς
3529 601 3960 668 μετατεθέντων,

2387 688 2575 757 ἐπειδὴ
2604 684 2743 743 εἶδον
2780 690 2862 744 ὅτι
2892 690 3098 754 Θευδᾶς
3126 693 3220 745 καὶ
3276 691 3477 753 Ἰούδας
3541 692 3629 743 διὰ
3663 691 3821 745 τοῦτο
3864 694 3969 744 ἁπ-

2392 778 2583 832 έθανον
2607 780 2945 836 ἀποστασίαν
2972 783 3036 836 ἐκ
3067 780 3352 851 Ῥωμαίων
3371 782 3788 851 μελετήσαντες,
3818 782 3968 834 ἐδού-

2392 870 2546 922 λοντο
2599 871 2691 923 καὶ
2738 872 2901 924 αὑτὸν
2951 873 3031 935 εἰς
3072 870 3329 942 τοιαύτην
3376 872 3614 941 ὑποψίαν
3670 873 3914 939 ἐνεγκεῖν
3947 884 3963 898 ⁸

2389 962 2474 1015 διὰ
2507 962 2663 1016 τοῦτο
2699 963 2839 1033 μετὰ
2869 963 2979 1034 τῶν,
3031 964 3293 1034 μαθητῶν
3327 963 3507 1017 αὐτῶν
3561 965 3656 1017 καὶ
3695 964 3824 1023 τοὺς
3869 961 3967 1013 τοῦ

2403 1052 2641 1122 Ἡρώδου
2688 1055 3028 1125 στρατιώτας
3064 1055 3342 1125 ἔπεμψαν,
3380 1054 3601 1108 διπλοῦν
3641 1055 3971 1124 ὀρύττοντας

2393 1146 2480 1199 τὸν
2506 1144 2719 1215 βόθρον,
2751 1147 2836 1199 ἵνα
2857 1146 2906 1198 εί
2933 1148 3033 1217 μὲν
3060 1148 3202 1218 ὑπὲρ
3221 1147 3335 1201 τῶν
3370 1147 3714 1218 Ἡρωδιανῶν
3732 1146 3970 1214 ἀποκρί-

2394 1253 2573 1307 νηται,
2607 1237 2762 1290 ait-:01
2806 1237 3176 1305 ἐγκαλέσωσιν
3208 1256 3223 1270 ο
3258 1239 3309 1291 εί
3337 1238 3391 1290 δὲ
3424 1238 3564 1306 ὑπὲρ
3596 1237 3796 1300 αὐτῶν,
3828 1237 3974 1288 ἐκεῖ·

2395 1347 2475 1381 νοι
2510 1344 2523 1359 ’
2556 1329 2731 1381 καίτοι
2761 1346 2823 1396 γε
2868 1325 2937 1400 ἦν
2983 1329 3231 1391 δεδωκὼς
3272 1331 3339 1384 τὰ
3366 1330 3672 1400 δίδραχμα·
3704 1327 3824 1380 ἀλλ’
3872 1327 3977 1380 οὐκ

2398 1422 2595 1493 ᾔδεσαν
2634 1426 2865 1475 ἐκεῖνοι·
2901 1423 3123 1492 ἐρώτων
3182 1422 3237 1475 δὲ
3291 1422 3458 1491 μέσον
3510 1420 3692 1489 ὄχλου,
3747 1418 3977 1488 μείζονα

2401 1511 2675 1573 ποιοῦντες
2712 1512 2809 1582 τὴν
2839 1512 3142 1581 μαρτυρίαν
3173 1527 3187 1541 ⁸
3225 1511 3482 1580 οἴδαμεν
3509 1511 3600 1565 ὅτι
3628 1511 3868 1577 ἀληθὴς
3895 1506 3973 1563 εἴ.

2407 1602 2530 1664 Πῶς
2552 1600 2645 1654 οὖν
2685 1602 2901 1668 ἐλέγετε
2924 1602 3005 1654 ὅτι
3046 1601 3247 1664 πλάνος
3280 1600 3428 1654 ἐστίν
3454 1619 3468 1665 ;
3497 1600 3670 1654 Τοῦτο
3695 1599 3790 1653 οῦν
3820 1598 3983 1651 κολα-

2409 1694 2660 1756 κεύοντες
2700 1692 2970 1759 λέγουσιν,
3003 1692 3063 1745 οὐ
3113 1691 3329 1761 λέγουσι
3364 1694 3409 1746 δ’
3443 1693 3523 1746 ἔτι
3566 1693 3629 1745 τὸ
3678 1690 3981 1761 συμφέρον,

2405 1784 2558 1849 ἀλλὰ,
2600 1785 2659 1837 Τί
2691 1800 2788 1838 σοι
2815 1782 2985 1837 δοκεῖ
2998 1799 3017 1847 ;
3056 1784 3130 1836 Τὸ
3156 1784 3212 1859 δὲ
3249 1786 3450 1851 εἰπεῖν,
3486 1784 3568 1836 ὅτι
3604 1785 3688 1836 οὐ
3726 1782 3987 1846 ,βλέπεις

2412 1879 2497 1942 εὶς
2534 1877 2881 1946 πρόσωπον,
2908 1878 3035 1946 περὶ
3081 1876 3357 1946 Καίσαρος
3386 1876 3479 1929 καὶ
3511 1873 3760 1942 Ἡρώδου
3804 1873 3985 1926 αἰνίτο

2411 1984 2617 2021 τονται.
2662 1967 2756 2020 Ἐκ
2804 1966 2913 2020 τῶν
2947 1965 3163 2020 οἰκείων
3192 1964 3286 2020 οὖν
3332 1969 3616 2035 στομάτων
3648 1965 3847 2027 αὐτοὺς
3889 1980 3991 2015 κα-

2411 2061 2664 2130 τακρῖναι
2721 2056 3042 2129 βουλόμενος
3090 2057 3237 2125 λ’ἐγει
3268 2074 3282 2088 ⁸
3341 2059 3507 2119 Τίνος
3552 2060 3589 2125 ὴ
3626 2054 3992 2118 εὶκών;”1να

2413 2151 2635 2205 ἐκείνων
2669 2151 2951 2214 εἰπόντων,
2985 2148 3059 2219 μὴ
3096 2148 3221 2219 δόξῃ
3254 2141 3409 2211 οὗτος
3438 2150 3608 2200 εἰπεῖν
3630 2164 3705 2200 τι.
3740 2144 3859 2197 Ἵνα
3895 2140 3993 2197 οὖν

2417 2244 2493 2315 μὴ
2522 2244 2782 2312 ﬁrmum.
2811 2243 2893 2295 δτι
2958 2239 3294 2312 Ἀνθρῶποις
3339 2241 3489 2310 ἡμᾶς
3528 2238 3874 2301 ὑποτάττεις,
3910 2234 3991 2288 εἰ·

2415 2352 2515 2388 πεν
2550 2335 2642 2388 καὶ
2676 2336 2743 2388 τὰ
2786 2331 2880 2387 τοῦ
2915 2331 3050 2385 Θεοῦ
3092 2330 3171 2403 τῷ
3213 2330 3369 2402 Θεῷ*
3402 2329 3485 2382 διὸ
3535 2332 3631 2383 καὶ
3682 2331 3711 2382 ό
3758 2325 3994 2393 Παῦλος,

2428 2427 2711 2483 Ἀπόδοτε
2736 2424 2924 2481 πᾶσιν
2951 2422 3058 2489 τὰς
3082 2425 3349 2492 ὀφειλάς,
3376 2422 3547 2489 λέγει.

2486 2519 2590 2572 Δύο
2627 2518 2868 2587 αἱρέσεις
2889 2518 3047 2579 εἰσὶν,
3088 2517 3120 2584 ἡ
3173 2514 3284 2566 τῶν
3314 2512 3626 2583 Φαρισαίων
3673 2511 3770 2564 καὶ
3817 2510 3855 2581 ἠ
3885 2506 3998 2562 τῶν

2418 2608 2808 2662 Σαδδουκαίων.
2855 2608 2919 2661 Ol
2971 2606 3071 2676 μὲν
3131 2604 3477 2658 Σαδδουκαῖοι
3522 2601 3647 2654 οὕτε
3693 2598 3999 2653 ἀνάστασιν

2416 2700 2540 2753 οὔτε
2581 2700 2843 2767 ἀγγέλους
2875 2696 3254 2749 πιστεύουσινθ
3285 2695 3333 2746 οί
3386 2693 3444 2746 δὲ
3483 2692 3771 2760 Φαρισαῖοι
3800 2686 4000 2757 ὁμολο-

2418 2792 2605 2861 γοῦσιν
2630 2792 2838 2860 ἁμφότε
2848 2807 2935 2857 ρα.

2490 2884 2589 2936 Διά
2619 2882 2671 2934 τί
2698 2884 2725 2934 ὁ
2766 2880 2867 2950 μὲν
2898 2878 3170 2942 Ματθαῖός
3205 2893 3393 2947 φησιν,
3428 2875 3509 2927 ὅτι
3541 2870 3825 2940 πειράζων
3850 2865 4001 2937 ἡρῶ-

2420 2989 2585 3043 τησεν
2635 2966 2790 3032 οὗτος
2824 2970 2853 3021 ό
2887 2967 3109 3037 νομικὸς
3149 2965 3352 3026 οὕτως·
3384 2965 3413 3014 ό
3458 2961 3515 3013 δέ
3550 2958 3776 3043 Μάρκος
3808 2952 4002 3043 gandi},

2421 3040 2503 3117 δτί
2542 3062 2696 3125 είδὼς
2723 3063 2803 3114 ὃτι
2836 3057 3103 3127 νουνεχῶς
3137 3052 3411 3124 ἀπεκρίθη
3438 3048 3607 3119 αὐτῷ,
3639 3042 3798 3099 εἶπεν
3828 3040 4003 3109 αὐτῷ,

742 3159 838 3223 illi,
893 3134 1013 3212 Non
1034 3175 1086 3213 es
1112 3134 1262 3229 longe
1288 3178 1320 3213 a
1358 3134 1512 3230 regno
1542 3158 1679 3213 Dci.’
1730 3156 1848 3211 Non
1877 3157 2017 3211 inter
2040 3174 2099 3213 se
2122 3157 2315 3212 advcr-
2346 3192 2389 3250 ο

2346 3192 2389 3250 C
2427 3160 2511 3211 Οὐ
2541 3156 2782 3226 μακρὰν
2806 3148 3003 3223 εῖ,άπὸ
3042 3146 3152 3215 τῆς
3176 3145 3516 3250 βασιλείας,
3534 3139 3642 3250 τοῦ
3671 3136 3862 3250 Osci;
3889 3134 4006 3185 οὐκ

743 3262 960 3315 santur;
1022 3251 1379 3318 interrogavit
1432 3252 1580 3306 enim
1638 3251 1692 3304 in
1744 3250 2013 3321 principio
2067 3258 2314 3316 tentans,

743 3342 836 3396 sed
867 3342 1068 3396 Christi
1102 3343 1459 3413 responsione
1490 3341 1743 3396 laudatus
1774 3351 1881 3397 est.

1299 3488 1528 3545 CAPUT
1559 3486 1746 3542 XXIII.

818 3636 983 3692 Vens.
1024 3636 1077 3690 5.
1110 3634 1302 3689 Omnia
1346 3650 1670 3704 quwcunque
1705 3634 1933 3687 dixerint
1971 3634 2113 3686 vobis
2143 3649 2319 3685 sacer-

748 3731 892 3782 dotes
923 3729 1118 3797 facere,
1153 3728 1341 3796 facile,
1372 3727 1572 3796 inquit,
1605 3725 1867 3795 quoniam
1898 3740 2022 3794 qua
2050 3723 2141 3778 Dei
2175 3734 2321 3778 sunt.

750 3821 959 3884 dicunt,
998 3835 1105 3873 non
1132 3835 1251 3888 quae
1285 3834 1380 3872 sna
1406 3827 1567 3881 sunt;
1603 3817 1670 3873 de
1692 3817 1811 3873 istis
1832 3817 2051 3887 quidem
2094 3831 2191 3887 per
2221 3816 2325 3869 hoc

752 3911 1012 3981 majorem
1037 3912 1443 3965 accusationem
1487 3909 1716 3973 faciens,
1742 3908 1837 3963 sed
1861 3922 2056 3963 eorum
2079 3906 2324 3961 aversio-

752 4021 876 4058 nem
908 4004 1215 4067 dimovens,
1250 4019 1318 4058 ne
1367 4019 1460 4075 per
1489 4004 1774 4058 doctorum
1814 4008 2186 4072 contemptum
2226 4000 2325 4054 do-

751 4094 980 4147 ctrinam
1011 4092 1272 4147 destruat.

830 4184 991 4239 Vens.
1017 4184 1069 4238 4.
1102 4183 1240 4250 Quid
1273 4184 1561 4255 signiﬁcat,
1596 4184 1865 4254 Alligant?
1919 4195 2023 4239 etc.
2076 4184 2325 4255 Magnam

753 4287 806 4329 et
836 4273 1126 4344 perfectam
1150 4291 1179 4329 a
1205 4275 1439 4330 subditis
1474 4275 1691 4345 exigere
1723 4278 1860 4331 istos
1888 4278 2008 4331 vita:
2035 4276 2325 4329 rectitudi-

756 4384 902 4430 nem,
938 4383 1189 4436 magnam
1215 4383 1341 4421 vero
1376 4368 1478 4422 sibi
1511 4369 1644 4437 ipsis
1672 4369 1990 4438 permittere
2018 4369 2325 4423 licentiam.

756 4458 1104 4512 Contrarium
1131 4459 1221 4513 ille
1248 4460 1341 4529 qtti
1386 4469 1579 4529 praeest.
1607 4475 1767 4529 agere
1793 4460 1986 4515 debet:
2015 4461 2067 4515 in
2094 4461 2178 4515 bis
2209 4460 2331 4529 qui-

2426 3248 2828 3318 ἐναντιούμενοι
2882 3244 3067 3305 αὐτοῖς
3093 3255 3108 3272 ·
3138 3237 3423 3309 ἠρώτησεν
3459 3233 3567 3303 γὰρ
3606 3232 3666 3283 ἐν
3695 3229 3840 3297 ἀρχῇ
3885 3239 4009 3318 πει-

2432 3340 2611 3413 ράζων
2636 3357 2648 3371 ο
2680 3314 2794 3393 απὸ
2837 3335 2896 3389 δέ
2931 3334 3030 3404 τῆς
3074 3327 3314 3401 Χριστοῦ
3345 3323 3690 3394 ἀποκρίσεως
3740 3314 4006 3389 ἐπῃνέθη.

2992 3474 3241 3529 ΚΕΦΑᾹ.
3294 3470 3423 3525 Kl".

2498 3626 2592 3688 Τὸ,
2656 3622 2859 3676 Πάντα
2910 3617 3029 3671 ὅσα
3072 3614 3150 3668 ἂν
3204 3610 3496 3679 λέγουσιν
3540 3604 3682 3674 ὑμῖν
3731 3606 3788 3657 oi
3835 3598 4011 3671 ἱερεῖς

2430 3714 2643 3775 ποιεῖν,
2662 3711 2904 3771 ποιεῖτε,
2957 3707 3136 3773 λέγει.
3176 3700 3395 3770 Ἐπειδὴ
3422 3698 3493 3752 τὰ
3532 3695 3627 3749 τοῦ
3652 3692 3789 3747 Θεοῦ
3819 3692 4010 3758 λέγου-

2434 3822 2538 3867 σιν,
2574 3800 2637 3854 οὐ
2672 3799 2738 3851 τὰ
2766 3795 2994 3856 ἑαυτῶν,
3022 3793 3246 3846 ἐκείνων
3276 3790 3372 3859 μέν
3415 3786 3505 3839 διὰ
3528 3784 3721 3838 τούτου
3750 3782 3852 3852 τὴν
3877 3796 4010 3832 κατι-

2434 3897 2663 3968 ηγορίαν
2711 3889 2937 3962 μείζονα
2986 3886 3176 3947 ποιῶν,
3221 3881 3429 3935 τούτων
3473 3878 3530 3931 δὲ
3601 3877 3701 3946 τὴν
3754 3870 4012 3968 ἀεξίξρμῆν

2434 3966 2738 4048 ἐκκόπτων,
2760 3984 2846 4036 ἵνα
2873 3981 2948 4050 μὴ
2973 3978 3061 4032 δια
3082 3978 3179 4049 τὴν
3208 3974 3315 4027 τῶν
3336 3969 3668 4025 διδασκάλων
3696 3966 4013 4036 φαυλότητα

2433 4080 2703 4150 ἀναιρήσῃ
2732 4074 2829 4145 τὴν
2859 4072 3102 4141 διδαχὴν.

2505 4148 2571 4229 τι
2597 4148 2946 4244 σημαίνειτὸ,
2966 4164 3362 4234 Δεσμεύουσι,
3381 4155 3561 4212 καὶτὰ
3585 4154 3709 4222 ἑξῆς
3735 4167 3751 4216 ;
3781 4149 3858 4204 τδ
3880 4148 4013 4244 πολ-

2434 4268 2533 4336 λὴν
2578 4239 2686 4335 μὲν⁷
2715 4262 2809 4315 καὶ
2848 4259 3025 4328 ἄκραν
3073 4253 3322 4308 ἀπαιτεῖν
3357 4246 3507 4317 παρά
3542 4244 3650 4297 τῶν
3692 4239 4017 4336 ἀρχομένων

2439 4328 2910 4428 βίου’ἀκρίϐειαν,
2966 4344 3168 4414 πολλὴν
3215 4341 3271 4395 δὲ
3324 4340 3508 4399 αὐτοῖς
3555 4334 3875 4428 ἐπιτρέπειν
3918 4328 4020 4428 την

2438 4424 2643 4502 διδειαν.
2684 4446 2749 4497 Ὀ
2800 4439 3110 4494 τούναντίον
3153 4433 3243 4487 τὸν
3289 4432 3522 4501 ἄρχοντα
3573 4426 3720 4496 ἔχειν
3757 4425 3868 4492 χρή
3902 4440 3917 4453 ο
3961 4424 4020 4473 ἐν

766 4509 786 4512 ν
1254 4509 1341 4529 τη-
1386 4509 1576 4529 τ-ν--ς-
1609 4509 1764 4529 -υ---
1798 4509 1985 4515 --τ--υ
2094 4509 2176 4515 -τ-
2214 4509 2301 4529 ν-

757 4550 876 4604 dem
897 4565 1017 4619 qua:
1045 4552 1108 4604 ad
1138 4552 1313 4621 ipsum
1336 4561 1585 4621 spectant
1620 4551 1975 4608 inexorabilis
1999 4563 2054 4606 et
2076 4559 2332 4605 austerus
2365 4543 2409 4598 Ι)

2365 4543 2409 4598 D
2442 4536 2542 4605 μὲν
2571 4536 2682 4596 τοῖς
2715 4529 2836 4584 καθ’
2878 4526 3070 4580 ἐαυτὸν
3092 4523 3477 4588 ἀσύγγνωστον
3508 4510 3650 4568 εἶναι
3674 4513 3770 4565 καὶ
3818 4509 4022 4579 πικρὸν

2848 4620 2853 4621 ⁷
3104 4616 3129 4621 _
3215 4614 3227 4621 ⁸
3399 4612 3411 4621 ⁸
3804 4620 3807 4621 ν
3851 4620 3861 4621 κ
3912 4601 4019 4621 ._,\,,

759 4641 919 4711 index
943 4657 1085 4707 esse,
1130 4644 1182 4696 in
1223 4642 1309 4698 liis
1337 4653 1521 4697 autem
1552 4659 1675 4712 qua:
1702 4644 1771 4697 ad
1817 4643 2067 4698 subditos
2098 4643 2332 4697 attinent

760 4737 1046 4804 indulgens
1088 4725 1151 4791 et.
1169 4746 1508 4792 mansuetus.
1558 4736 1661 4803 Qui
1713 4738 1896 4791 verbis
1923 4737 2054 4790 solis
2095 4735 2333 4804 philoso-

761 4832 1016 4900 phantur,
1038 4830 1399 4886 inexorabiles
1423 4840 1548 4885 sunt
1569 4842 1621 4884 et
1653 4830 1852 4894 severi,
1883 4839 2143 4898 tanquam
2174 4829 2334 4899 igno-

758 4932 945 4977 rantes
979 4922 1147 4986 illam,
1173 4937 1295 4991 quae
1332 4937 1395 4976 ex
1422 4922 1680 4991 operibus
1711 4921 1907 4985 oritur,
1938 4918 2332 4975 dillicultatem.

829 5012 941 5067 Cur
974 5029 1104 5083 ergo
1128 5014 1266 5068 dixit
1295 5015 1435 5083 quod
1470 5014 1588 5067 Non
1618 5024 1871 5083 possunt,
1907 5026 2087 5082 neque
2126 5012 2337 5077 volunt,

760 5119 939 5173 neque
968 5106 1161 5159 iterum
1194 5104 1380 5159 t’olunt
1403 5120 1511 5159 non
1540 5103 1702 5167 ferre,
1735 5104 1850 5169 sed,
1886 5104 2051 5173 digito
2083 5118 2285 5155 movere
2309 5102 2334 5154 ?

763 5195 919 5260 Quod
952 5195 1059 5250 illis
1090 5208 1223 5252 tunc
1253 5198 1517 5263 majorem
1547 5197 1763 5267 culpam
1796 5196 1946 5249 facit.
1986 5193 2051 5249 Et
2084 5194 2177 5248 illa
2208 5192 2340 5262 qui-

770 5290 883 5342 .Iem
913 5289 981 5344 de
996 5306 1186 5344 eorum
1218 5291 1562 5349 crudelitate.

838 5385 998 5441 Vens.
1032 5387 1085 5441 5.
1114 5385 1252 5452 Quid
1270 5396 1353 5441 est
1396 5386 1565 5448 istud,
1598 5385 1835 5437 Dilatant
1863 5383 2198 5452 pliylacteria
2221 5395 2341 5442 sua,

771 5488 812 5529 ει
847 5478 1186 5545 magniﬁcam
1208 5477 1449 5547 ﬁmbrias
1474 5478 1640 5529 suas?
1667 5474 2007 5546 Pliylacteria
2033 5472 2183 5543 parvi
2220 5468 2345 5523 libri

772 5579 913 5623 sunt.
947 5567 1079 5623 Nam
1111 5585 1234 5623 cum
1265 5571 1529 5624 continuo
1556 5568 2011 5623 obliviscerentur
2048 5561 2335 5617 beneﬁcio-

772 5674 892 5712 rum
929 5656 1045 5722 Dei,
1071 5658 1236 5727 jussit
1261 5658 1488 5713 inscribi
1514 5658 1693 5728 parvis
1722 5655 1879 5711 libris
1918 5669 2017 5709 sua
2050 5649 2342 5713 miracula,

772 5758 827 5801 et
854 5766 947 5805 cos
977 5749 1233 5805 manibus
1265 5750 1434 5822 inﬁgi.
1484 5748 1606 5804 Ideo
1635 5757 1685 5803 ct
1738 5748 1940 5801 dictum
1985 5753 2110 5799 est:
2178 5742 2347 5796 Erunt

780 5844 933 5904 ﬁrma
960 5847 1013 5897 in
1040 5844 1205 5899 oculis
1237 5844 1363 5909 luis,
1384 5858 1504 5912 qua:
1533 5840 1800 5897 vocabant
1829 5836 2188 5909 phylactci‘ia.
2211 5831 2350 5888 Fim-

2441 4601 2722 4695 δικαστὴν,
2751 4624 2808 4675 ἐν
2839 4620 2895 4672 δὲ
2924 4621 3033 4681 τοῖς
3061 4616 3171 4668 τῶν
3205 4612 3525 4683 ἀρχομένων
3574 4601 4022 4695 συγγνωμονικδν

2443 4721 2537 4773 καὶ
2557 4693 2762 4789 ἥμερον
2789 4731 2803 4743 ο
2842 4712 2891 4765 οἳ
2926 4712 3104 4780 λόγοις
3137 4706 3321 4777 μόνοις
3359 4697 3803 4771 φιλοσοφοῦντες,
3846 4693 4022 4789 ἀσύγ-

2444 4787 2672 4879 γνωστοι
2707 4807 2801 4859 καὶ
2852 4805 3056 4875 βαρεῖς,
3082 4801 3157 4863 ὡς
3201 4799 3417 4866 ἄπειρα
3444 4794 3545 4861 τῆς
3578 4790 3648 4844 δι’
3687 4790 3871 4859 ἔργων

2447 4877 2650 4963 κολίας.
2690 4898 2789 4951 Διά
2835 4895 2887 4948 τί
2939 4895 3040 4947 οὐκ
3082 4887 3236 4945 εἶπεν
3304 4890 3388 4942 ὅτι
3413 4926 3427 4950 ,
3468 4884 3541 4937 Οὐ
3586 4881 3867 4943 δύνανται,
3901 4877 4025 4929 οὐδέ

2446 4994 2710 5055 θέλουσιν,
2748 4988 2869 5042 οὐδὲ
2904 4985 3065 5039 πάλιν
3106 4984 3187 5037 ὃτι
3234 4980 3526 5050 βαστάσαι,
3553 4973 3713 5036 ἀλλὰ,
3742 4972 4028 5032 δακτύλῳ

2448 5085 2729 5153 κιγῆσαι;
2758 5084 2895 5151 ὅπερ
2928 5078 3113 5148 μεῖζον
3156 5076 3338 5134 αὐτοῖς
3368 5070 3621 5138 ἔγκλημα
3648 5065 3887 5133 γίνεται.
3919 5062 4029 5115 Καὶ

2449 5177 2577 5247 περὶ
2601 5175 2699 5246 μὲν
2728 5174 2825 5243 τῆς
2848 5169 3130 5241 ὠμότητος
3172 5163 3351 5217 αὐτῶν
3382 5159 3573 5214 ταῦτα.

2521 5361 2585 5414 Τί
2612 5361 2759 5413 ἐστιν
2820 5356 2894 5410 Τὰ
2922 5350 3303 5423 φυλακτήρια
3327 5343 3525 5399 αὐτῶν
3575 5342 4029 5399 πλατύν-συσίν,

2453 5454 2548 5508 καὶ
2585 5449 3001 5521 μεγαλύνουσι
3044 5442 3117 5495 τὰ
3161 5435 3473 5507 κράσπεδα
3521 5432 3643 5485 τῶν
3690 5429 4031 5521 ,πτερυγίων

2454 5517 2683 5609 αὐτῶν,
2710 5541 2791 5594 Τὰ
2822 5539 2922 5610 μέν
2945 5532 3038 5589 οῦν
3061 5531 3411 5602 φυλακτήρια
3446 5522 3619 5596 μικρὰ
3660 5520 3847 5591 βιῦλία
3867 5517 4029 5572 εἰσίν.

2468 5635 2684 5704 Ἐπειδὴ
2732 5632 2840 5701 γὰρ
2890 5626 3130 5696 συνεχῶς
3169 5618 3599 5674 ἐπελανθάνοντο
3636 5614 3751 5665 τῶν
3800 5611 4029 5704 εὐεργᾳε·

2461 5731 2589 5784 σιῶν
2625 5698 2719 5781 τοῦ
2745 5698 2916 5786 θεοῦ,
2950 5720 3236 5771 ἐκέλευσεν
3281 5711 3628 5782 ἐγγραφῆναι
3684 5706 3907 5775 μικροῖς
3958 5698 4033 5766 βι·

2459 5826 2627 5887 ϐλίοις
2672 5821 2738 5876 τὰ
2797 5816 3075 5887 θαυμάσια
3121 5809 3322 5873 αὐτοῦ,
3373 5808 3463 5860 καὶ
3511 5798 3850 5872 ἐξηρτῆσθαι
3899 5793 4031 5847 αὐτὰ
