4220 6432
267 455 404 519 1149

1248 451 1566 510 SCHOLIA
1609 447 1909 509 VETERA
1954 446 2030 505 ΙΝ
2074 447 2549 507 ΜΑΤΤΙΙᾸΞΠΜ.

3370 447 3506 514 1150

268 569 367 619 τῶν
406 564 602 635 χειρῶν
646 564 843 619 αὐτῶν.
874 563 965 616 Aab
999 564 1088 617 καὶ
1140 563 1324 631 έλεγεν
1354 580 1367 594 ·
1416 566 1631 618 Ἔσται
1685 563 1833 616 ἀσὰ-
1862 589 1912 644 Δ

1862 589 1912 644 Δ
1938 562 2067 618 hrim
2111 569 2290 615 autem
2347 561 2758 631 hyacinthinum
2808 569 3063 615 ornatum
3101 560 3419 631 designant;
3454 566 3502 618 id

264 663 445 711 λευτα
469 659 539 710 ἐν
566 658 894 725 ὀφθαλμοῖς
923 671 1059 717 σου,
1089 656 1247 708 ἅτινα
1288 655 1515 710 ἐκάλουν
1562 655 1833 725 φυλακτή-

263 767 356 819 ρια
385 766 399 779 ·
427 750 495 802 τὰ
520 749 575 801 δὲ
605 747 887 817 κράσπεδα
920 749 1177 816 σημαίνει
1204 745 1435 817 κλῶσμα
1484 746 1790 799 ὑακίνθινον
1815 761 1829 776 ·

268 838 420 890 τοῦτο
446 839 556 907 γάρ
590 836 778 905 ὥσπερ
820 835 1052 898 παιδίοις
1092 834 1344 887 ἐκέλευσε
1378 837 1573 897 ποιεῖν,
1610 836 1700 888 καὶ
1740 836 1831 888 ἐπὶ

270 929 335 997 τῷ
367 928 564 997 ίματίῳ
593 930 717 995 περὶ
749 928 846 997 τὴν
878 927 990 980 ὧαν
1022 928 1150 997 περὶ
1185 928 1310 990 τοὺς
1367 927 1533 989 πόδας
1585 928 1831 999 ἀπορρά-

261 1021 517 1081 πτεσθαι,
547 1023 634 1074 ἵνα
658 1020 1014 1090 προσέχοντες
1054 1021 1568 1090 ἀναμιμνήσκωνται
1597 1019 1704 1073 τῶν
1741 1024 1830 1074 ὲν-

1936 656 2080 710 enim
2110 665 2166 710 ut
2185 655 2603 724 parvulisjussit
2628 654 2827 719 facere,
2852 665 2906 707 et
2932 653 2986 707 in
3012 663 3162 709 veste
3180 654 3324 709 circa
3352 672 3504 711 oram

1931 747 2085 816 juxta
2110 747 2274 817 pedes
2299 746 2568 814 adaptari,
2600 755 2660 799 ut
2680 746 2751 800 ob
2773 746 2964 801 oculos
2994 744 3256 800 habentes
3283 748 3503 800 manda-

1939 849 2115 894 torum
2148 855 2257 894 non
2286 838 2698 894 obliviscantur.
2731 839 2985 895 OSteudit
3026 853 3159 906 ergo
3189 840 3269 893 eis
3311 854 3503 892 vanam

1936 946 2033 985 eos
2062 945 2167 983 non
2199 932 2252 983 in
2276 932 2486 1001 magnis
2514 940 2567 984 et
2598 931 2925 985 necessariis
2948 930 3201 1000 gloriam,
3223 929 3315 984 sed
3345 930 3398 981 in
3424 929 3505 982 his

1938 1022 2151 1075 levibus
2185 1021 2459 1077 alii-ctare.

266 1116 440 1170 τολῶν.
471 1115 752 1169 Δείκνυσιν
790 1115 881 1169 οὖν
909 1118 1113 1180 αὐτοῖς,
1142 1116 1241 1169 οὐκ
1269 1116 1359 1169 ἐπὶ
1389 1118 1501 1181 τοῖς
1559 1118 1815 1187 μεγάλοις
1849 1118 1961 1175 ’καὶ
2005 1118 2326 1187 ἀναγκαίοις
2380 1118 2814 1186 κενοδοξοῶτας,
2873 1120 2986 1171 ἀλλ’
3023 1120 3114 1172 ἐπὶ
3146 1118 3355 1179 τούτοις
3393 1118 3503 1176 τοῖς

258 1209 551 1262 εὐτελέσιν.

326 1300 530 1365 Εἰπὼν,
573 1300 802 1368 Πατέρα
834 1297 919 1367 μὴ
966 1299 1291 1366 καλέσητε,
1317 1300 1376 1352 οὐ
1429 1297 1590 1353 τοῦτο
1644 1300 1821 1367 λέγει,

257 1390 371 1446 ἀλλ’
410 1394 494 1446 ἵνα
541 1393 881 1459 γινώσκωσιν
930 1390 1019 1444 τδν
1064 1391 1266 1456 κυρίως
1297 1392 1535 1461 Πατέρα,
1574 1391 1717 1457 λέγω
1754 1393 1825 1450 ;δὲ

257 1485 507 1537 τδνθεόν
535 1501 548 1516 ·
583 1484 755 1547 οὕτως
806 1483 913 1555 χρὴ
961 1486 1099 1537 νοεῖν
1144 1487 1237 1538 καὶ
1287 1485 1368 1549 τὸ,
1396 1486 1493 1553 Μὴ
1559 1483 1826 1553 κληθῆτε

274 1576 487 1629 Ῥαϐϐἰ.

323 1672 418 1735 Τὸ,
454 1672 689 1725 κλείετε
726 1668 840 1731 τὴν
864 1667 1196 1731 ,ϐασιλείαν
1243 1666 1361 1720 τῶν
1401 1666 1674 1737 οὐρανῶν
1722 1669 1826 1737 ἔμ-

253 1766 519 1829 προσθεν
548 1759 666 1815 τῶν
695 1761 1041 1827 ἀνθρώπων,
1072 1757 1231 1812 τοῦτο
1276 1758 1448 1827 λέγει,
1486 1760 1568 1813 ὅτι
1602 1760 1828 1822 Ἄλλους

253 1854 513 1916 κωλύετε,
558 1854 712 1908 αὐτοὶ
763 1855 837 1924 μὴ
883 1856 1275 1924 εἰσερχόμενοι.
1308 1851 1372 1905 Τί
1419 1853 1473 1905 δέ
1525 1855 1660 1917 ἐστι,
1686 1853 1825 1917 τοὺς

2008 1299 2178 1354 Vens.
2212 1299 2264 1354 9.
2312 1299 2524 1362 Diceus,
2562 1299 2769 1352 Patrem
2803 1301 2964 1351 nolite
2989 1315 3214 1362 vocare;
3268 1314 3372 1351 non
3431 1298 3500 1351 ita

1935 1389 2159 1460 intelligi
2187 1390 2363 1454 debet,
2398 1391 2490 1443 sed
2547 1399 2603 1443 ιιι
2654 1400 2988 1459 cognoscant
3036 1391 3306 1458 praecipua
3336 1406 3498 1441 lllltll-

1934 1492 2092 1542 trcm,
2126 1480 2176 1532 id
2209 1489 2291 1533 est
2316 1479 2507 1533 Deum.
2533 1476 2733 1532 Eodem
2769 1480 2931 1532 modo
2964 1477 3375 1548 intelligendum
3396 1487 3503 1541 est,

1935 1569 2115 1625 Nolite
2143 1588 2326 1626 vocare
2355 1572 2541 1624 Rubbi.

2007 1664 2170 1719 Vens.
2217 1664 2300 1717 l3.
2342 1662 2607 1719 Clauditis
2639 1678 2857 1732 regnum
2886 1662 3136 1715 caelorum
3172 1670 3292 1713 ante
3327 1662 3500 1713 homi-

1936 1772 2045 1821 nes,
2082 1755 2237 1826 quasi
2269 1756 2494 1820 diceret,
2530 1755 2656 1825 quia
2701 1755 2839 1809 alios
2878 1752 3202 1823 prohibetis,
3240 1753 3339 1817 ipsi
3390 1767 3497 1803 non

1937 1846 2170 1902 intratis.
2213 1846 2353 1913 Quid
2400 1857 2483 1902 est
2526 1857 2705 1903 autem
2760 1846 2921 1900 illud:
2977 1843 3363 1899 lntroeuntes.’
3411 1844 3501 1911 qui

252 1946 716 2015 εἰσερχομένους
737 1963 754 2009 ;
802 1945 940 2009 Τοὺς
965 1946 1281 2016 ἐπιτηδείως
1303 1944 1521 2014 ἔχοντας
1542 1943 1823 1997 εἰσελθεῖν.
1859 1934 1905 1993 Β

1859 1934 1905 1993 Β
1935 1938 2093 1994 facile
2128 1940 2334 1993 intrare
2361 1949 2604 2007 possunt.
2642 1938 2929 2004 Quomodo
2954 1938 3307 2007 prohibebant
3338 1937 3361 1989 ?
3391 1937 3502 1989 uul-

254 2038 379 2101 Πῶς
407 2038 462 2089 δὲ
504 2037 777 2102 ὲκὼλυονς
809 2037 907 2091 Διά
937 2038 997 2091 τὸ
1040 2037 1207 2106 μηδὲν
1247 2036 1443 2099 αὐτοὺς
1492 2036 1821 2107 ἐργάζεσθαι

251 2129 491 2196 ἀγαθόν’
546 2131 787 2193 ἐκείνους
840 2126 948 2201 γάρ
1004 2129 1215 2200 βλέπων
1268 2132 1296 2183 ὁ
1350 2129 1478 2192 λαὸς
1526 2127 1824 2199 ὠμοιοῦντο

251 2223 458 2284 αὐτοῖς.

322 2316 415 2376 Τδ,
448 2314 759 2385 Περιὰγετε
797 2314 913 2379 τὴν
944 2313 1270 2368 θάλασσαν
1313 2314 1413 2367 καί
1464 2313 1579 2381 τὴν
1631 2312 1824 2381 ξηρὰν

248 2408 499 2475 ποιῆσαι
547 2408 655 2461 ἕνα
703 2406 1132 2477 προσήλυτον·
1162 2406 1259 2459 καὶ
1307 2406 1389 2461 ὅτ’
1422 2407 1500 2461 ἂν
1558 2407 1822 2477 γένηται,

250 2498 471 2554 ποιεῖτε
515 2497 703 2552 αὐτὸν
748 2498 884 2551 υἱὸν
936 2497 1187 2567 γεέννης
1230 2496 1593 2565 διπλότερον
1628 2495 1822 2565 ὑμῶν,

247 2590 409 2646 τοῦτο
438 2591 605 2660 λέγει,
638 2591 719 2643 ὅτι
751 2590 873 2643 οὐδὲ
922 2590 1008 2643 διὰ
1042 2590 1103 2642 τὸ
1145 2590 1296 2660 μόλις
1349 2587 1511 2641 αὑτὸν
1544 2588 1816 2658 σαγηνεῦο

251 2702 362 2744 σαι.
395 2684 489 2737 καὶ
524 2683 663 2753 μετά
710 2683 919 2753 μυρίων
951 2684 1132 2736 πόνων
1175 2681 1334 2734 τοῦτο
1384 2681 1536 2745 αὐτὸ,
1574 2680 1820 2745 φείδεσθε

246 2776 436 2838 αὑτοῦ,
461 2774 596 2830 ἀλλά
626 2775 1077 2846 παρασκευάζετε
1109 2775 1272 2827 αὐτὸν
1311 2773 1426 2825 υίὸν
1462 2773 1690 2840 γεέννης
1733 2772 1822 2826 διά

245 2867 343 2936 τῆς
401 2867 554 2937 ὑμῶν
606 2866 863 2937 πράξεως
907 2865 1185 2933 γενέσθαι.
1231 2864 1324 2927 Τὸ,
1363 2864 1499 2918 υἱὸν
1545 2865 1820 2933 γεέννης,

244 2956 399 3026 δηλοῖ
426 2957 786 3024 αὐτογέενναν
809 2972 823 2987 ·
866 2956 1074 3026 ὥσπερ,
1094 2955 1235 3021 τοὺς
1271 2953 1441 3019 υἱοὺς
1472 2953 1819 3023 ἀνθρώπων,
1852 2948 1874 2961 ”

245 3050 371 3110 τοὺς
413 3047 757 3119 ἀνθρώπους.

311 3141 378 3194 Τί
413 3141 559 3194 ἐστιν
582 3141 663 3206 τὸ,
704 3140 1170 3195 Ἀποδεκατοῦτε
1200 3138 1265 3193 τὸ
1292 3139 1605 3207 ἡδύοσμον
1626 3140 1721 3194 καί
1752 3139 1818 3212 ζὸ

242 3232 493 3298 ἄνηθον,
531 3233 625 3285 καὶ
657 3232 723 3285 τά
758 3232 885 3302 ἑξῆς
911 3249 925 3297 ;
956 3233 1075 3284 Ὅτι
1109 3231 1178 3285 τά
1213 3233 1382 3302 μικρὰ
1410 3230 1817 3284 ἀποδεκατοῦν·

242 3342 357 3387 τες,
380 3324 448 3376 τὰ
468 3324 522 3376 δὲ
548 3323 757 3394 μεγάλα
784 3322 1035 3392 οὐδαμῶς
1068 3339 1081 3353 ⁸
1111 3323 1252 3377 ὥστε
1274 3322 1362 3376 διὰ
1385 3323 1445 3375 τὸ
1467 3323 1705 3392 φανῆναι
1734 3324 1818 3376 ὄτι

241 3415 335 3468 τὸν
383 3414 547 3481 νόμον
592 3414 911 3483 φυλάττετε,
943 3414 1003 3467 οὐ
1039 3413 1127 3467 διὰ
1174 3413 1232 3466 τὸ
1266 3413 1371 3466 ἀπὸ
1401 3414 1579 3484 ψυχῆς
1623 3413 1809 3467 δοῦναι

245 3508 360 3561 ὲστι
392 3505 570 3561 τοῦτο.

326 3601 587 3670 Ὀδηγοὺς
611 3598 826 3668 τυφλῶν
858 3599 1013 3652 καλεῖ
1034 3598 1252 3663 αὐτοὺς,
1289 3600 1371 3653 ὅτι
1394 3599 1515 3653 οὔτε
1550 3600 1704 3653 αὐτοὶ
1760 3599 1819 3652 τδ

242 3692 407 3746 καλὸν
450 3692 767 3758 ἐγίνωσκον,
802 3690 896 3743 καὶ
962 3689 1152 3753 ἀλλους
1220 3690 1539 3759 ὁδηγοῦντες
1597 3692 1820 3744 ἐνέπαι-

243 3783 357 3847 ζον.
384 3783 638 3838 Κὼνωπα
662 3782 921 3835 ἐκάλεσεν
948 3782 1073 3845 τοὺς
1099 3784 1442 3851 σωματικοὺς
1463 3783 1814 3853 καθαρμούς’

246 3877 422 3947 μικρά
449 3875 559 3945 γὰρ
580 3871 647 3945 ἦν
671 3874 765 3927 καὶ
793 3873 967 3927 οὐδέν.
1002 3874 1267 3943 Κάμηλον
1299 3874 1376 3936 δὲ,
1409 3874 1508 3943 τὴν
1548 3874 1818 3947 κάθαρσιν

242 3968 338 4036 τῆς
386 3966 585 4036 ψυχῆς,
616 3966 753 4036 ὅπερ
795 3965 942 4018 ἐστὶν
977 3966 1146 4037 ἀρετή
1176 3982 1191 3997 ·
1234 3966 1445 4036 μεγάλη
1513 3966 1620 4037 γάρ
1668 3969 1815 4020 ἐστιν

242 4059 337 4112 καὶ
383 4056 583 4127 ὑψηλὴ,
618 4050 686 4127 ἧς
730 4056 964 4125 ἠμέλουν
985 4057 1080 4109 καὶ
1113 4056 1297 4127 ἀφανῆ
1347 4056 1593 4122 ἐποίουν,
1627 4056 1815 4127 ὥσπερ

241 4147 707 4210 κατα-πεπωκότες
734 4148 800 4200 τὰ
835 4147 1068 4217 ψυχικά.

313 4239 541 4292 Μέλλων
576 4238 744 4304 δεῖξαι
773 4238 849 4299 ὡς
882 4241 947 4308 τῇ
988 4238 1134 4292 ἔνδον
1156 4236 1495 4307 καθαρότητι
1526 4237 1819 4291 ἀκολουθεῖ

240 4333 336 4388 καὶ
394 4333 427 4401 ἠ
468 4331 591 4396 ἔξω,
624 4326 656 4400 ἡ
694 4330 749 4382 δὲ
800 4329 904 4394 ἔξω
942 4330 1128 4383 οὐκέτι
1176 4330 1241 4392 τῇ
1305 4328 1473 4393 ἔνδον,
1510 4328 1656 4396 λέγει
1708 4330 1816 4382 ἀπὸ

238 4419 685 4491 πράγματος,ὅτι
725 4416 1068 4486 Καθαρίζετε
1112 4417 1177 4470 τὸ
1223 4417 1339 4481 ἔξω
1382 4417 1489 4472 τοῦ
1522 4419 1814 4485 ποτηρίου

240 4511 335 4565 καὶ
360 4510 459 4578 τῆς
494 4509 850 4579 παροψίδος,
881 4509 1109 4563 ἔσωθεν
1140 4508 1207 4562 δὲ
1229 4509 1391 4578 γέμει
1415 4508 1693 4579 ἁρπαγῆς
1717 4510 1814 4563 καί

1928 2033 2038 2085 lum
2082 2036 2284 2085 bonum
2333 2030 2620 2097 faciendo;
2679 2045 2802 2083 nam
2844 2045 2939 2084 cos
2971 2029 3241 2099 aspiciens
3270 2028 3502 2098 populus

1928 2123 2268 2178 imitabatur.

1999 2308 2161 2364 Vnns.
2186 2310 2270 2364 15.
2291 2308 2542 2363 Circuitis
2565 2326 2707 2362 mare
2727 2319 2775 2362 et
2799 2307 3007 2362 aridam
3035 2317 3089 2361 ut
3109 2309 3324 2378 faciatis
3338 2326 3499 2362 unum

1924 2406 2277 2473 proselytam;
2301 2416 2348 2457 et
2397 2420 2515 2457 cum
2544 2403 2703 2473 fuerit
2734 2404 2931 2472 factus,
2963 2405 3141 2473 facitis
3174 2421 3290 2457 eum
3328 2403 3499 2472 [ilium

1923 2496 2171 2566 gehennae
2211 2496 2372 2561 duplo
2396 2512 2555 2563 quant
2587 2512 2706 2559 vos;
2736 2496 2839 2550 hoc
2868 2497 3019 2563 dicit,
3044 2498 3171 2565 quia
3199 2513 3302 2549 non
3350 2507 3502 2566 post-

1924 2604 2089 2658 quam
2136 2604 2279 2657 aegre
2324 2589 2486 2642 istum
2520 2589 2799 2658 ceperitis,
2832 2599 3032 2642 etcum
3082 2589 3268 2644 multis
3301 2588 3501 2643 labori-

1924 2681 2047 2743 hus,
2082 2680 2173 2734 illo
2194 2681 2498 2747 abstinetis,
2526 2681 2617 2736 sed
2644 2681 2846 2750 paratis
2877 2682 3025 2734 illum
3051 2681 3217 2734 filium
3242 2681 3501 2750 gehenuze

1924 2788 2021 2843 per
2051 2784 2289 2827 vestrum
2326 2774 2517 2844 agendi
2551 2774 2770 2827 modum
2809 2774 2944 2827 fieri.
2984 2772 3186 2826 Filium
3232 2773 3497 2844 gelmma’,

1924 2862 2065 2917 idem
2110 2874 2265 2919 sonat
2289 2879 2355 2919 ac
2396 2866 2699 2935 gehennam
2731 2864 2932 2935 ipsam,
2972 2874 3029 2918 ut
3068 2863 3161 2917 filii
3195 2864 3496 2930 hominum,

1925 2955 2193 3010 homines.
2646 2972 2649 2975 ‘

1997 3141 2157 3197 Vens.
2187 3143 2277 3197 2'5.
2299 3142 2438 3207 Quid
2465 3154 2569 3205 est,
2595 3142 2869 3196 decimatis
2890 3143 3155 3195 mentitam
3179 3152 3225 3195 et
3250 3142 3496 3195 anethum

1922 3245 1975 3287 et
2002 3234 2249 3303 reliqua?
2287 3232 2423 3299 Quia
2467 3248 2630 3301 parva
2684 3233 3022 3287 decimanlcs
3073 3242 3251 3293 erant,
3302 3249 3495 3298 magna

1923 3338 2100 3380 autem
2143 3326 2395 3381 minime:
2437 3327 2507 3380 ita
2547 3336 2625 3389 ut,
2657 3326 2721 3379 ad
2747 3325 3142 3379 ostendendum
3176 3325 3300 3393 quia
3326 3326 3494 3395 legem

1922 3419 2169 3481 Servatis,
2205 3432 2310 3471 non
2334 3417 2398 3471 ad
2426 3418 2662 3471 dandum
2692 3431 2756 3470 ex
2790 3416 2997 3483 animo,
3023 3414 3125 3470 hoc
3154 3414 3390 3470 faciatis.

1993 3604 2160 3657 Vens.
2202 3602 2292 3656 24.
2331 3601 2504 3656 Duces
2536 3616 2805 3656 caecorum
2850 3612 3007 3656 vocat
3044 3586 3163 3664 eos,
3201 3603 3343 3672 quod
3387 3618 3494 3657 non

1924 3695 2027 3763 ipsi
2061 3695 2262 3747 bonum
2290 3691 2713 3762 cognoscebant,
2760 3702 2813 3746 et
2845 3690 2983 3747 alios
3036 3692 3299 3747 ducentes
3345 3692 3493 3746 deci-

1921 3786 2159 3856 piebant.
2181 3784 2421 3838 Culicem
2457 3792 2614 3837 vocat
2635 3799 2928 3853 corporeas
2957 3783 3302 3851 ablutiones;
3329 3799 3491 3854 parva

1920 3877 2064 3933 enim
2090 3888 2246 3931 erant
2277 3886 2331 3930 et
2359 3876 2516 3945 quasi
2567 3877 2699 3929 nihil
2726 3920 2740 3943 ,
2771 3878 3039 3931 camelum
3073 3886 3254 3931 autem
3289 3879 3486 3931 animae

1918 3968 2272 4033 ablutionem,
2301 3983 2419 4037 qua:
2447 3968 2615 4021 virtus
2639 3975 2742 4021 est.
2775 3966 2962 4036 Magna
2997 3968 3142 4021 enim
3175 3977 3257 4021 est
3282 3977 3335 4021 et
3363 3967 3490 4032 alta,

1920 4074 2083 4129 quam
2108 4058 2447 4129 negligebant
2474 4068 2527 4112 et
2564 4059 2892 4114 invisibilem
2917 4059 3491 4129 faciebattt,,tanquam

1920 4149 2210 4219 glutientes
2231 4149 2547 4229 .spritualia.

1990 4238 2154 4294 Vens.
2173 4238 2575 4296 26.05tendere
2595 4240 2801 4295 debens
2828 4250 2910 4294 est
2935 4242 3341 4296 mundationem
3373 4242 3490 4310 ejus

1918 4331 2060 4400 quod
2102 4333 2246 4386 intus
2290 4340 2396 4396 est,
2428 4332 2584 4400 sequi
2636 4332 3044 4386 inundationem
3080 4335 3200 4401 ejus
3230 4333 3371 4400 qund
3408 4340 3491 4387 est

1918 4421 2071 4487 foris,
2108 4432 2412 4476 nonautem
2435 4422 2549 4476 vice
2576 4438 2752 4488 tersa,
2785 4422 2917 4477 dicit
2942 4424 3007 4477 ad
3044 4422 3490 4477 retnullundatis

1916 4514 2056 4582 quod
2078 4514 2276 4581 deforis
2332 4525 2407 4568 est
2438 4516 2617 4567 calicis
2674 4526 2721 4569 et
2764 4517 3061 4583 paropsidis
3087 4531 3105 4578 ,'
3135 4517 3275 4568 intus
3311 4525 3487 4567 autent

239 4604 474 4668 ἀδικίας
506 4620 521 4633 ·
564 4601 892 4670 καθάρισον
949 4601 1183 4670 πρῶτον
1226 4600 1292 4653 τὸ
1329 4600 1529 4665 ἔνδον,
1591 4602 1683 4655 καί
1743 4601 1809 4654 τά
1846 4618 1886 4672 D

1846 4618 1886 4672 υ
1916 4604 2055 4674 pleni
2106 4607 2230 4657 estis
2278 4606 2467 4672 rapina
2529 4616 2576 4659 et
2620 4607 3023 4660 immunditiis:
3070 4607 3264 4660 munda
3341 4608 3487 4675 prius

238 4696 386 4759 ἑξῆς.

272 4715 386 4766 ςηῖο

313 4790 422 4841 Kal.
454 4788 658 4857 τάφους
687 4788 1111 4857 κεκονιαμένους
1144 4788 1341 4857 λέγων,
1374 4788 1561 4859 ὅμοιον
1582 4788 1678 4843 τοῦ
1712 4806 1812 4843 πο-

237 4878 429 4951 τηρίου
464 4879 807 4951 νοηθήσεται,
833 4879 920 4933 διά
944 4880 1253 4947 κενοδοξίαν
1278 4882 1600 4952 λεγόμενον.

314 5066 687 5136 Οἰκοδομεῖτε
718 5065 859 5131 τοὺς
893 5067 1121 5136 τάφους
1171 5066 1290 5120 τῶν
1330 5067 1670 5136 προφητῶν.
1700 5068 1811 5139 Οὐχ

238 5159 315 5222 ὡς
348 5158 774 5226 οἱκοδομούντων
799 5159 1082 5228 μνήματα,
1110 5158 1225 5211 ἀλλ’
1248 5157 1323 5221 ὠς
1344 5159 1810 5228 ἀντιποιουμένων

240 5250 423 5304 αὐτῶν
464 5252 557 5304 καὶ
586 5251 873 5319 λεγόντων,
903 5250 984 5303 ὅτι
1015 5250 1077 5302 Εἰ
1126 5246 1268 5320 ἦμεν
1312 5252 1371 5302 ὲν
1406 5253 1525 5313 ταῖς
1575 5250 1812 5321 ἡμέραις

239 5342 439 5403 αὐτῶν,
470 5343 569 5394 οὐκ
607 5340 671 5393 ἂν
699 5336 842 5411 ἦμεν
891 5343 1139 5395 κοινωνοὶ
1185 5343 1298 5405 τοῖς
1334 5342 1607 5413 πατράσιν
1654 5341 1810 5412 ήμῶν

240 5433 301 5485 ιν
329 5435 440 5495 τοῖς
471 5432 701 5502 αἵμασιν
724 5431 923 5485 αὐτῶν.
970 5430 1217 5484 Ἐποίουν
1260 5432 1317 5484 δὲ
1346 5431 1525 5497 τοῦτο,
1557 5433 1811 5503 κρείττοο

240 5541 330 5586 νες
371 5525 466 5577 καὶ
496 5523 689 5591 ἀγαθοὶ
729 5523 928 5592 μᾶλλον
953 5523 1060 5575 τῶν
1112 5522 1365 5592 πατέρων
1402 5523 1584 5577 αὐτῶν
1635 5524 1813 5593 φαίνει

243 5616 365 5669 σθαι
402 5614 736 5686 βουλόμενοι.

313 5706 469 5770 Τίνος
500 5707 687 5761 ἕνεκεν
716 5706 1114 5776 καταγινώσκει
1148 5707 1327 5761 αὐτῶν
1367 5707 1442 5771 ὡς
1472 5707 1605 5760 υίῶν
1643 5707 1812 5761 ὅντων

239 5796 350 5849 τῶν
370 5797 741 5865 φονευσάντων
774 5799 898 5860 τοὺς
932 5800 1243 5869 προφήταςς
1266 5798 1384 5852 οὐδὲ
1420 5799 1529 5868 γὰρ
1560 5799 1813 5868 ἔγκλημα

241 5887 421 5955 τοῦτο,
444 5890 538 5942 ἐὰν
569 5888 643 5959 μὴ
673 5892 901 5959 κοινωνῇ
934 5894 999 5960 τῇ
1028 5892 1218 5961 γνώμῃ
1254 5891 1346 5945 τοῦ
1382 5893 1641 5963 πατρὸςρ
1674 5894 1807 5957 υῑός⁶

1915 4696 2052 4766 quod
2084 4697 2225 4749 intus
2248 4706 2323 4750 est
2344 4739 2357 4761 ,
2389 4706 2442 4751 et
2468 4697 2696 4767 reliqua.
2725 4718 2730 4725 ε

1986 4788 2153 4843 Vens.
2184 4789 2274 4842 27.
2310 4789 2567 4858 Sepulcra
2592 4789 2836 4843 dealbata
2875 4804 3097 4852 vocans,
3150 4790 3488 4860 intelligetur

1914 4880 2103 4934 eodem
2146 4880 2308 4934 modo
2340 4896 2449 4950 quo
2482 4881 2705 4934 calicem
2744 4882 2898 4945 dicit,
2928 4882 2998 4937 ob
3035 4898 3224 4936 vanam
3257 4882 3484 4951 gloriam

1916 4972 1986 5026 ita
2021 4972 2252 5026 locutus.

1986 5062 2150 5117 Vens.
2182 5063 2271 5117 29.
2306 5062 2617 5131 Ᾰίάὶρεαιίε
2659 5065 2896 5131 sepulcra
2933 5065 3346 5132 prophetarum;
3376 5079 3482 5115 nou

1914 5156 2058 5225 quod
2086 5157 2358 5209 aedificent
2399 5167 2775 5221 monumenta,
2811 5158 2902 5211 sed
2933 5157 3078 5225 quod
3111 5172 3206 5225 per
3226 5157 3485 5210 ambitio-

1915 5265 2036 5303 nent
2067 5250 2287 5303 dicant:
2333 5250 2386 5302 Si
2424 5251 2717 5304 fuissemus
2766 5252 2819 5304 in
2875 5251 3068 5304 diebus
3117 5260 3331 5319 patrum
3379 5266 3483 5303 no.

1914 5351 2172 5405 strorum,
2204 5356 2309 5394 non
2336 5357 2585 5397 essemus
2614 5345 2749 5397 socii
2770 5358 2959 5396 eorum
2984 5344 3035 5395 in
3064 5344 3329 5413 sanguine
3356 5358 3484 5411 pro-

1914 5436 2219 5505 phetarum.
2268 5432 2399 5488 Illud
2435 5444 2615 5489 autem
2661 5434 2931 5488 faciebant
2969 5434 3200 5488 voleudo
3245 5434 3483 5503 majores

1913 5537 1967 5580 et
1994 5526 2244 5580 meliores
2280 5526 2527 5594 patribus
2557 5527 2674 5581 suis
2702 5527 2893 5581 videri.

1990 5710 2146 5766 Vens.
2180 5712 2270 5765 5|.
2299 5712 2477 5780 Quare
2504 5714 2621 5767 illos
2647 5713 2825 5781 arguit
2857 5713 3001 5783 quod
3030 5714 3121 5767 tilii
3145 5714 3256 5766 sint
3278 5729 3469 5768 eorum

1913 5804 2006 5873 qui
2057 5804 2348 5873 prophetas
2386 5805 2739 5860 occiderunt?
2775 5825 2880 5863 non
2911 5806 3058 5861 enim
3089 5806 3246 5874 culpa
3287 5821 3479 5860 eorum

1916 5904 2018 5960 est,
2072 5896 2173 5950 nisi
2225 5897 2713 5954 communicaverit
2767 5901 3031 5957 voluntati
3094 5901 3260 5957 natris
3295 5900 3480 5956 illius;
