4220 6432
268 431 400 493 1153

1248 430 1570 490 SCllOLlA
1615 428 1908 487 VETERA
1952 427 2029 486 ιν
2076 427 2536 486 ΜΛΤΤΠιΕυΜ.

3355 433 3489 491 1154

261 543 428 594 δώσει
456 539 562 592 τῶν
589 540 808 609 ἡμερῶν
837 541 1060 594 ἐκείνων
1091 542 1501 611 φιλανθρωπίαν
1539 540 1630 593 τοῦ
1662 540 1819 603 Θεοῦ,
1853 550 1893 601 Α

1853 550 1893 601 Α
1928 539 2283 593 nevolentiam
2323 541 2374 592 in
2413 537 2705 593 breviando
2723 536 2838 590 dies
2868 537 3008 601 illos,
3029 552 3172 591 nunc
3201 545 3392 595 transit
3423 540 3486 596 ad

261 630 355 682 νῦν
391 629 701 698 μεταῆαξνει
738 630 830 682 καὶ
857 632 945 682 ἐπί
981 630 1078 699 τὴν
1109 630 1199 683 τοῦ
1239 632 1442 699 κόσμου
1482 630 1819 681 συντέλειαν·

259 723 320 774 τὸ
343 722 419 782 δὲ.
456 722 608 787 τότε,
635 721 736 772 οὐκ
772 720 915 772 ἔστιν
939 721 1269 789 ἐμφαντικὸν
1308 720 1400 772 τοῦ
1434 722 1571 789 μετᾶ
1615 721 1696 783 τὸ,
1738 723 1823 773 εῦ-

261 815 420 878 θὲως,
451 815 583 867 ἀλλὰ
620 815 778 882 μόνον
801 813 992 882 καιροῦ
1035 814 1444 883 παραστατικὸν
1488 815 1634 864 ἐστιν
1684 814 1824 864 ὲκεί-

261 922 373 968 νου,
412 906 531 959 καθ’
569 906 626 957 ὃν
680 905 748 956 τὰ
792 903 1138 974 ῥηθησόμενα
1185 903 1369 972 μέλλει
1416 903 1689 970 γίνεσθαι·
1727 903 1822 953 καὶ

259 1001 434 1070 τούτῳ
465 1001 726 1068 κέχρηται
748 997 1004 1060 πολλάκις
1033 997 1110 1067 τῷ
1140 996 1389 1065 ἰδιώματι
1415 999 1446 1066 ἡ
1471 995 1559 1048 τοῦ
1580 996 1821 1063 Εὑαγγε-

260 1091 374 1141 λίου
407 1091 614 1159 Γραφή.

336 1181 634 1250 Πληρώσας
693 1181 818 1249 περὶ
864 1179 970 1232 τῶν
1015 1177 1422 1247 Ἰεροσολύμων,
1452 1175 1529 1237 είς
1567 1175 1663 1243 τὴν
1695 1177 1820 1226 ἐαυ-

258 1270 352 1321 τοῦ
384 1271 646 1322 διαϐαίνει
698 1270 954 1336 δευτέραν
1007 1269 1329 1340 παρουσίαν,
1369 1269 1459 1320 καὶ
1510 1266 1658 1330 λέγει
1711 1268 1821 1326 τοῖς

262 1361 532 1429 μαθηταῖς
578 1363 643 1412 τὰ
677 1363 913 1430 σημεῖα·
962 1355 1098 1420 εἶτα,
1141 1361 1297 1420 Τότε,
1354 1360 1538 1426 φησὶν,
1569 1355 1677 1408 ἐάν
1736 1373 1821 1420 τις

257 1453 420 1517 εἴπῃ,
456 1446 591 1503 Ὧδε
646 1454 677 1503 d
738 1452 1008 1517 Χριστὸς,
1056 1450 1142 1517 μὴ
1200 1450 1582 1513 πιστεύσητε.
1623 1447 1695 1498 Τὸ
1741 1448 1817 1509 δὲ,

258 1544 411 1603 τότε.
450 1544 508 1595 οῦ
544 1544 639 1610 τῆς
670 1541 988 1603 ἀκολουθίας
1031 1543 1146 1593 ἐστὶ
1183 1541 1276 1592 τοῦ
1318 1538 1530 1608 καιροῦ,
1584 1539 1718 1590 ἀλλὰ
1752 1539 1821 1589 τὰ

258 1635 349 1686 τοῦ
376 1635 494 1686 τότε
528 1631 717 1702 καιροῦ
744 1634 898 1701 μόνα·
922 1633 1054 1684 ὅπου
1085 1633 1188 1700 γὰρ
1224 1631 1544 1683 ἀκολουθίαν
1570 1629 1819 1681 ὲὸορλετο

257 1726 437 1776 ιίπεῖν
498 1725 576 1786 τὸ,
630 1723 849 1786 εὐθέως,
894 1722 1060 1788 λέγει·
1092 1720 1326 1774 ἐνταῦθα.
1382 1721 1437 1774 δὲ
1472 1722 1568 1789 οὐχ
1624 1719 1814 1782 οῦτως,

255 1817 389 1868 ἀλλὰ
421 1816 497 1877 τὸ,
526 1815 678 1868 τότε.
704 1813 860 1868 Οῦτω
887 1815 979 1867 καὶ
1022 1813 1098 1864 ὅτ’
1133 1813 1195 1864 ἂν
1224 1812 1372 1882 λέγῃ·
1422 1814 1523 1864 Ἐν
1563 1811 1817 1874 ἐκείναις

1926 632 2111 684 tnundi
2134 632 2313 683 linem.
2339 633 2448 683 Vox
2467 641 2645 683 autem
2679 630 2905 682 illatua:
2926 645 3030 682 non
3063 631 3330 698 signiﬁcat
3369 645 3490 700 post

1926 722 2026 774 hoc
2055 722 2262 782 statim,
2297 721 2582 774 sedsolum
2630 721 2832 774 indicat
2893 731 3106 790 tempus
3164 722 3314 784 illud,
3382 740 3492 791 quo

1925 811 2010 862 illa
2041 829 2157 879 qua:
2186 813 2433 864 dicturus
2473 823 2552 864 est
2582 812 2774 864 debent
2802 813 2914 865 ﬁeri
2942 830 2953 865 :
2984 823 3035 864 et
3064 813 3150 865 illa
3174 815 3371 883 saepius
3396 831 3491 867 u.~a

1921 909 2004 954 est
2047 901 2440 979 signiﬁcatione
2465 899 2736 970 Evangelii
2767 903 3070 970 Scriptura.
3173 889 3183 894 ’

1994 1176 2126 1226 Cum
2152 1177 2501 1244 compleverit
2540 1191 2661 1246 quae
2686 1177 2750 1230 de
2807 1176 3178 1248 Jerosolymis,
3213 1180 3277 1234 ad
3330 1196 3489 1234 suum

1922 1268 2115 1319 transit
2134 1268 2428 1320 secundum
2447 1269 2760 1331 adventum,
2786 1269 2980 1322 etdicit
3001 1272 3281 1339 discipulis
3313 1273 3486 1340 signa.

1926 1356 2146 1420 Deinde,
2204 1357 2365 1419 Tunc,
2400 1361 2593 1426 inquit.
2642 1361 2685 1412 si
2719 1361 2834 1429 quis
2873 1362 3010 1412 vobis
3037 1363 3227 1414 dixerit
3253 1365 3388 1426 ,Hic
3413 1376 3488 1416 est

1922 1447 2183 1513 Christus,
2215 1449 2376 1500 nolite
2413 1449 2640 1510 credere,
2677 1449 2761 1502 Illa
2797 1465 2901 1502 vox
2945 1458 3086 1512 tunc,
3121 1467 3224 1504 non
3281 1462 3491 1521 tempus

1919 1543 2168 1608 proxime
2200 1555 2432 1608 sequens
2463 1541 2739 1607 exprimit.
2770 1542 2859 1593 sed
2904 1543 3247 1595 solummodo
3279 1553 3490 1611 tempus

1917 1632 2057 1697 quod
2091 1642 2275 1699 postea
2329 1642 2457 1685 tunc
2495 1633 2792 1698 continget.
2826 1631 2958 1685 Nam
2995 1634 3087 1686 ubi
3117 1643 3328 1702 tempus
3364 1649 3489 1702 pro-

1919 1724 2060 1775 xime
2117 1737 2351 1790 sequens
2406 1724 2516 1776 vult
2596 1722 2928 1791 signiﬁcare,
2954 1725 3133 1778 statim
3170 1735 3357 1790 sonat;
3406 1727 3492 1779 Itic

1919 1819 2100 1864 autem
2137 1827 2242 1863 non
2276 1811 2369 1872 ita,
2408 1811 2499 1863 sed
2532 1823 2650 1863 tunc
2685 1813 2861 1866 habet.
2900 1812 2989 1865 Sic
3015 1829 3232 1882 quoque
3255 1815 3360 1868 dici
3397 1830 3491 1882 po-

256 1909 382 1974 ταῖς
445 1909 690 1976 ἡμέραις
751 1909 1134 1976 παραγίνεται
1202 1906 1490 1969 Ἰωάννης·
1536 1904 1709 1956 καίτοι
1757 1919 1816 1969 γε
1853 1895 1891 1950 Β

1853 1895 1891 1950 Β
1926 1911 2063 1953 test:
2111 1900 2172 1954 In
2204 1901 2313 1953 illis
2371 1902 2682 1968 temporibus
2724 1904 2858 1954 venit
2917 1902 3188 1966 Joannes;
3252 1913 3489 1957 attamen

259 2004 458 2071 μεταξὺ
487 2004 707 2069 γέγονεν
741 2003 855 2066 ἐτη·
886 1997 997 2050 ἀλλ’
1029 1997 1145 2056 ἔθος
1176 1997 1240 2062 τῇ
1275 1993 1461 2062 Γραφῇ
1514 1992 1686 2060 τούτῳ
1725 2008 1816 2043 κε-

255 2095 486 2164 χρῆσθαι
538 2094 633 2162 τῆς
665 2091 902 2162 ἱστορίας
955 2089 1033 2157 τῷ
1063 2087 1269 2157 τρόπῳ.
1303 2085 1455 2136 υῦτω
1483 2084 1546 2153 δὴ
1586 2084 1678 2135 καί
1729 2085 1817 2134 ἐν-

253 2188 446 2249 ταῦθα,
471 2188 562 2237 τὸν
600 2186 760 2253 μέσον
785 2183 999 2236 ἅπαντα
1027 2181 1216 2250 χρόνον
1258 2177 1546 2247 παρελθὼν
1569 2176 1676 2229 ἀπὸ
1717 2176 1814 2244 τῆς

255 2278 505 2337 ἁλώσεως
533 2274 639 2326 τῶν
681 2273 1068 2344 Ἰεροσολύμων
1103 2270 1204 2331 ⁸ἐως
1235 2268 1342 2320 τῶν
1375 2267 1678 2336 προοιμίων
1714 2265 1813 2335 τῆς

256 2369 562 2430 συντελείας
610 2366 704 2420 τοῦ
745 2366 1054 2434 σύμπαντος
1089 2365 1290 2430 κόσμου
1323 2361 1495 2426 λέγει,
1532 2358 1665 2410 Τότε
1708 2356 1816 2409 ἐάν

251 2480 341 2528 τις
367 2461 506 2530 ὑμῖν
524 2462 684 2526 smn,
713 2459 801 2512 ὅτι
827 2453 968 2512 Ὧδε
997 2460 1028 2510 ὁ
1052 2455 1328 2522 Χριστός.

324 2557 442 2618 Πῶς
469 2556 688 2625 νοητέον
713 2555 793 2616 τὸ,
825 2554 1010 2605 Ὅπου
1050 2551 1117 2603 τὸ
1156 2548 1382 2615 πτῶμα,
1415 2545 1541 2599 ἐκεῖ
1566 2550 1616 2600 οἱ
1654 2546 1812 2600 ἀετοί

251 2646 744 2712 συναχθήσονται
769 2661 784 2701 :
814 2641 981 2694 Τοῦτό
1009 2642 1176 2699 ἐστιν,
1201 2638 1259 2689 τὸ
1293 2637 1496 2704 πλῆθος
1521 2637 1626 2688 τῶν
1646 2637 1815 2703 ἀγγέ-

249 2739 357 2789 λῶν
393 2737 484 2789 καὶ
517 2734 624 2787 τῶν
651 2731 941 2802 μαρτύρων
971 2730 1064 2781 καὶ
1096 2727 1203 2781 τῶν
1234 2728 1405 2794 ἁγίων
1434 2729 1649 2782 πάντων
1679 2725 1816 2793 μετὰ

249 2825 488 2894 Χριστοῦ
517 2823 928 2893 εὑρεθήσονται.
1749 2870 1768 2878 _

325 2915 558 2978 Εὐθέως
588 2912 656 2964 δὲ
700 2911 848 2980 μετὰ
877 2911 991 2977 τὴν
1029 2910 1238 2977 θλίψιν
1267 2908 1385 2960 τῶν
1414 2906 1648 2974 ἡμερῶν
1667 2906 1814 2960 ἐκεί-

250 3025 394 3070 νων,
417 3009 449 3060 ό
475 3005 648 3072 ἣλιος
667 3001 1225 3071 μεταστραφήσεται
1256 3001 1340 3063 εἰς
1365 2995 1525 3065 αἷμα.
1559 2997 1694 3050 Πότε
1725 2997 1814 3049 λέ·-

249 3119 374 3169 γει;
427 3099 580 3153 Μετὰ
624 3098 721 3167 τὴν
768 3095 862 3148 τοῦ
927 3093 1292 3162 Ἀντιχρίστου
1354 3091 1584 3142 ἕλευσιν.
1628 3088 1733 3142 Καὶ
1782 3089 1814 3140 ό

253 3194 426 3260 ἣλιος
460 3190 945 3254 σκοτισθήσεται·
999 3187 1098 3239 οὐκ
1127 3185 1539 3252 ἀφανιζόμενος,
1580 3182 1710 3234 ἀλλὰ
1735 3198 1812 3231 νι-

251 3287 496 3354 κώμενος
517 3283 594 3354 τῷ
610 3281 749 3351 φωτὶ
763 3281 858 3349 τῆς
888 3279 1185 3348 παρουσίας
1217 3276 1402 3331 αὑτοῦ.
1437 3276 1511 3328 Τὰ
1535 3273 1602 3326 δὲ
1623 3274 1814 3339 ἄστρα

253 3376 542 3436 πεσεῖται,
601 3375 683 3426 ὅτι
733 3374 832 3424 οῦκ
870 3372 1017 3422 ἕσται
1068 3369 1245 3422 αὐτῶν
1290 3367 1445 3436 χρεία
1495 3363 1684 3425 νυκτὸς
1715 3364 1814 3414 οῦκ

252 3468 439 3537 οῦσης·
469 3467 500 3536 ἢ
539 3466 734 3536 μᾶλλον
759 3463 819 3516 οῦ
871 3463 1139 3523 πεσεῖται,
1169 3458 1303 3511 ἀλλὰ
1345 3456 1421 3525 τῷ
1453 3455 1592 3522 φωτὶ
1635 3455 1814 3522 ἀμαυ-

255 3561 586 3629 ρωθήσεται,
620 3558 695 3620 ὼς
733 3554 972 3625 νομίζειν
1010 3553 1214 3613 πεσεῖν,
1243 3548 1425 3610 καθὼς
1466 3547 1557 3599 καὶ
1585 3547 1612 3597 ὁ
1643 3545 1810 3614 ἥλιος.

326 3653 459 3720 Περὶ
499 3650 653 3702 ποίου
696 3646 922 3717 σημείου
973 3644 1139 3709 λέγει,
1192 3643 1273 3694 ὅτι
1312 3640 1609 3708 φανήσεται
1653 3639 1709 3689 ἐν
1741 3636 1814 3704 τῷ

251 3743 466 3815 οὐρανῷ
493 3760 509 3807 ;
543 3741 676 3809 Περὶ
705 3737 799 3791 τοῦ
839 3734 1095 3804 σταυροῦ·
1135 3735 1274 3788 ὥστε
1301 3729 1393 3783 τοῦ
1422 3731 1570 3799 ἡλίου
1597 3727 1817 3796 φαιδρό-

252 3853 408 3906 τερος
442 3835 590 3885 ἔσται
616 3848 630 3862 ·
668 3831 966 3898 φανήσεται
997 3825 1055 3878 δὲ
1085 3823 1180 3893 τὴν
1209 3823 1316 3875 τῶν
1379 3819 1644 3874 Ἰουδαίων
1696 3820 1816 3870 ἐπι·-

253 3924 524 3993 στομίζων
553 3921 756 3975 ἄνοιαν.

335 4014 743 4070 Ἀναστάντων
792 4007 1208 4072 συλλέξουσιν
1265 4005 1504 4074 ἄγγελοι
1532 4019 1546 4035 ⁸
1586 4000 1812 4057 συλλέ·

253 4123 470 4179 τοντας
493 4105 560 4158 δὲ
588 4101 831 4170 νεφέλαι
855 4099 1254 4166 ἀρπὰξουσιν.

327 4201 458 4268 Περὶ
495 4195 652 4256 ποίας
685 4193 877 4261 γενεᾶς
907 4188 1079 4252 εἶπεν,
1120 4190 1199 4240 ὅτι
1236 4189 1318 4240 Οὐ
1335 4185 1420 4256 μὴ
1465 4185 1732 4253 παρέλθῃ
1777 4185 1814 4250 ἡ

251 4291 427 4361 γενεὰ
476 4289 648 4353 αὕτη,
679 4285 791 4348 ἕως
848 4283 923 4336 ἂν
964 4281 1157 4334 πάντα
1207 4279 1393 4332 ταῦτα
1431 4277 1702 4345 γένηται;
1739 4277 1813 4328 Οὐ

255 4384 381 4453 περὶ
411 4383 509 4450 τῆς
540 4379 661 4430 τότε
689 4377 880 4444 γενεᾶς
914 4374 1088 4428 ταῦτα
1133 4373 1303 4440 λέγει,
1360 4372 1494 4424 ἀλλὰ
1550 4372 1678 4438 περὶ
1720 4371 1816 4438 τῆς

253 4476 360 4529 τῶν
399 4471 623 4524 πιστῶν.
648 4464 800 4520 Οἶδεν
839 4467 950 4535 γὰρ
1004 4464 1197 4532 γενεὰν
1248 4465 1348 4515 οὐκ
1398 4463 1508 4515 ἀπὸ
1561 4465 1661 4531 τῆς
1709 4460 1817 4513 τῶν

1892 1995 2127 2046 -interea
2167 1994 2292 2046 anni
2332 1993 2699 2047 etlluxerant:
2763 1997 2854 2047 sed
2892 2011 3014 2048 mox
3067 2005 3152 2049 est
3181 1997 3484 2062 Scriptura:

1922 2084 1995 2137 uti
2029 2085 2128 2136 hac
2185 2085 2511 2137 narrationis
2567 2083 2755 2136 forma.
2809 2084 2882 2137 lta
2908 2084 2978 2137 ibi
3026 2085 3187 2138 etiam
3235 2087 3488 2139 omittens

1919 2190 2079 2226 omne
2123 2184 2338 2242 tempus
2361 2175 2428 2225 ab
2446 2175 2842 2242 expugnatione
2874 2173 3176 2230 Jerusalem
3215 2180 3485 2245 usquetad

1920 2265 2072 2318 initia
2144 2267 2634 2320 consummationis
2710 2267 2947 2320 universi
3009 2269 3231 2333 mundi,
3318 2270 3488 2324 dicit:

1924 2356 2088 2422 Tunc,
2117 2359 2294 2427 siquis
2329 2360 2473 2411 nobis
2505 2360 2735 2412 dixerit:
2767 2359 2865 2413 llic
2897 2371 2971 2413 est
3003 2362 3264 2417 Christus.

1999 2541 2162 2596 Vens.
2199 2540 2288 2594 28.
2349 2541 2635 2607 Quomodo
2695 2542 3136 2611 intelligendum;
3191 2542 3290 2596 L'bi
3333 2545 3495 2612 fuerit

1919 2652 2126 2702 corpus,
2162 2635 2273 2687 illic
2305 2635 2761 2704 congregabantur
2789 2644 2837 2686 et
2877 2635 3108 2702 aquilio?
3140 2636 3194 2688 ld
3228 2645 3329 2699 est,
3356 2637 3494 2689 tntil-

1919 2731 2091 2784 tituilo
2157 2731 2472 2798 angelorum
2525 2739 2580 2784 et
2661 2731 2905 2783 omnium
2981 2741 3292 2784 sanctorum
3364 2748 3486 2785 cum

1918 2823 2511 2878 Cln'istoinvenientur.
2551 2865 2566 2876 .

1993 2914 2153 2966 Vatis.
2202 2913 2291 2966 29.
2334 2912 2531 2967 Statim
2565 2923 2739 2966 autem
2782 2925 2903 2982 post
2955 2915 3350 2969 tribulationem
3376 2917 3487 2970 dte-

1918 3021 2035 3056 rnm
2104 3005 2337 3066 illorum,
2385 3004 2466 3055 sol
2524 3014 2853 3057 convertetur
2897 3007 2949 3058 in
2969 3009 3300 3074 sanguinem;
3355 3010 3490 3076 forte

1918 3098 2044 3148 dicit
2066 3105 2180 3162 post
2210 3095 2530 3148 Antecltristi
2557 3096 2859 3147 adventum.
2890 3094 2956 3148 Et
2990 3097 3066 3147 sol
3098 3097 3491 3175 obscurabitur;

1861 3237 1882 3258 η
1922 3205 2026 3242 non
2054 3187 2342 3240 invisibilis
2383 3186 2690 3249 factus,sed
2732 3195 3018 3255 superatus
3055 3189 3257 3242 lumine
3287 3189 3490 3244 adven-

1921 3290 2004 3334 tus
2037 3279 2263 3333 Christi.
2325 3279 2502 3332 Stellte
2570 3289 2743 3331 autem
2818 3281 3052 3343 cadent,
3084 3282 3208 3348 quia
3249 3295 3357 3336 non
3410 3284 3489 3336 eis

1924 3387 2062 3440 opus
2107 3373 2233 3436 erit,
2267 3385 2388 3424 cum
2424 3386 2528 3423 nox
2585 3385 2689 3422 non
2741 3370 2945 3435 aderit;
3001 3382 3093 3424 aut
3137 3375 3335 3440 potius,
3385 3390 3490 3426 non

1918 3468 2128 3528 cadent,
2187 3463 2276 3518 sed
2304 3464 2416 3516 luce
2444 3462 2799 3531 privabantur
2823 3502 2836 3527 ,
2865 3464 2936 3518 ita
2989 3474 3046 3518 ut
3091 3473 3351 3534 putentur
3403 3483 3494 3520 ca-

1917 3555 2061 3617 dere,
2088 3556 2230 3609 velut
2256 3555 2332 3609 uol
2362 3555 2494 3622 ipse.

1991 3647 2155 3701 Vens.
2206 3648 2296 3701 30.
2337 3647 2412 3699 De
2477 3660 2587 3715 quo
2641 3645 2797 3714 signo
2839 3645 2970 3700 dicit
3013 3649 3154 3716 quod
3211 3651 3492 3718 apparebit

1919 3739 1972 3792 iu
1994 3738 2166 3792 coelo?
2203 3737 2275 3790 De
2299 3753 2479 3800 cruce,
2505 3753 2629 3806 quae
2658 3738 2773 3791 sole
2799 3738 3130 3806 splendidior
3152 3741 3289 3805 erit;
3326 3757 3490 3810 appa-

1917 3832 2058 3886 rebit
2107 3839 2282 3884 autem
2325 3831 2391 3883 ad
2434 3829 2866 3899 exprobrandam
2916 3830 3240 3885 'Judzeorum
3313 3834 3492 3886 stulti-

1918 3922 2071 3975 tiam.

1989 4011 2152 4065 Vens.
2183 4011 2271 4065 3|.
2300 4010 2597 4065 Suscitatos
2619 4012 3003 4079 congregabunt
3031 4013 3224 4081 angeli,
3275 4030 3492 4083 congre-

1920 4111 2198 4172 gantesque
2223 4101 2378 4154 nubes
2402 4102 2659 4167 auferent.

1991 4193 2154 4246 Vsus.
2187 4192 2275 4244 3t.
2325 4190 2396 4244 De
2423 4207 2528 4260 qua
2589 4193 2938 4261 generatione
2972 4194 3124 4258 dicit,
3163 4196 3331 4263 quoi,
3368 4196 3486 4249 Non

1918 4285 2204 4353 praeteribit
2231 4284 2498 4350 generatio
2524 4283 2655 4347 hwc,
2714 4284 2878 4336 donec
2937 4284 3116 4336 omnia
3176 4284 3284 4336 htec
3318 4287 3493 4352 fiant?

1920 4374 2036 4427 Non
2082 4374 2148 4428 de
2176 4374 2522 4443 generatione
2555 4382 2683 4425 tunc
2709 4373 2925 4426 vivente
2982 4373 3070 4426 illa
3097 4374 3251 4437 dicit,
3279 4376 3372 4429 sed
3424 4377 3492 4429 de

1922 4466 2266 4535 generatione
2317 4465 2673 4519 credentium.
2738 4462 2852 4516 Scit
2904 4464 3049 4517 enim
3087 4468 3488 4534 generationem

254 4567 459 4638 χρόνων
492 4559 831 4621 ἀκολουθίας,
869 4557 984 4609 ἀλλ’
1016 4555 1123 4606 ἀπὸ
1146 4554 1243 4620 τῆς
1275 4551 1382 4604 τῶν
1429 4553 1646 4622 τρόπων
1677 4553 1806 4622 θρη-
1846 4565 1888 4620 D
1919 4571 1920 4576 η

1846 4565 1888 4620 D
1919 4569 2024 4606 non
2059 4569 2088 4606 a
2118 4555 2465 4608 successione
2493 4562 2821 4622 temporum,
2845 4559 2941 4608 sed
2969 4570 2997 4608 a
3036 4571 3247 4609 morum
3294 4557 3490 4626 pietate

255 4656 442 4717 σκείας
475 4650 913 4723 χαρακτηρίζειν.
949 4647 1082 4698 Ποία
1115 4645 1306 4714 γενεάς
1357 4645 1420 4696 Ἦ
1468 4645 1574 4697 τῶν
1612 4645 1815 4697 πιστῶν

252 4748 518 4818 δηλονότι.
548 4745 664 4796 ’Ίνα
696 4742 804 4810 γὰρ
879 4740 952 4810 μή
1004 4755 1088 4801 τις
1133 4740 1261 4807 εῖπῃ
1315 4737 1395 4788 ὅτι
1444 4736 1688 4804 σημείων
1725 4736 1817 4788 καὶ

252 4840 493 4908 τεράτων
519 4831 1002 4899 ἐπιδεικνυμένων,
1041 4830 1242 4891 πάντες
1273 4827 1392 4881 κατ’
1421 4829 1596 4880 ἐκεῖνο
1621 4827 1814 4897 καιροῦ

253 4927 717 4996 ἁπατηθήσονται,
757 4923 1065 4990 ἐπήγαγεν·
1100 4922 1181 4973 Οὐ
1205 4919 1290 4987 μὴ
1345 4919 1614 4985 παρέλθῃ
1656 4918 1692 4984 ἡ
1723 4936 1817 4986 γε-

252 5022 380 5078 νεά·
410 5017 541 5078 οἷον.
585 5015 795 5076 Πολλοὶ,
831 5013 1017 5081 φησὶν,
1057 5013 1239 5063 πιστοὶ
1285 5010 1377 5062 καὶ
1419 5011 1817 5080 ἀνεξαπάτητοι

253 5108 598 5180 διαμενοῦσιν
629 5107 720 5160 καὶ
752 5104 838 5157 ἐπ’
866 5102 1034 5171 αὐτῆς
1065 5101 1163 5169 τῆς
1199 5100 1506 5162 συντελείας
1534 5116 1546 5129 ·
1592 5100 1623 5170 ἢ
1658 5100 1818 5166 γενεὰ

253 5204 312 5254 τὸ
341 5199 682 5268 ἀνθρώπινον
707 5195 886 5262 γένος,
917 5193 1061 5245 τοῦτ’
1090 5193 1257 5257 ἐστιν,
1289 5193 1369 5244 ὅτι
1400 5193 1581 5244 Πάντα
1605 5192 1640 5246 ἃ
1666 5191 1818 5244 εἶπον

255 5292 574 5360 ἐκϐήσεται,
616 5288 711 5339 καὶ
739 5286 932 5354 ὄψεται
963 5283 1102 5336 αὐτὰ
1124 5284 1184 5335 τὸ
1211 5281 1571 5352 ἀνθρώπινον.

327 5383 450 5444 Πῶς
497 5382 697 5434 νοεῖται
726 5379 807 5440 τὸ,
852 5377 914 5428 '0
939 5377 1197 5442 οὐρανὸς
1230 5375 1326 5427 καί
1351 5375 1388 5440 ἡ
1419 5373 1490 5442 γῆ
1523 5376 1818 5441 παρελεύ-

253 5489 486 5535 σονται,
516 5474 569 5524 οὶ
589 5470 656 5522 δὲ
683 5471 853 5538 λόγοι
875 5485 995 5536 μου
1018 5469 1090 5520 οὑ
1117 5465 1202 5534 μή
1228 5483 1245 5530 ;
1279 5465 1655 5536 Εὑκολώτερον
1687 5466 1816 5534 γὰρ,

256 5567 443 5635 φησὶν,
492 5564 854 5632 ἀφανισθῆναι
903 5561 973 5614 τὰ
1018 5561 1304 5628 πεπηγότα
1367 5558 1460 5610 καὶ
1498 5557 1751 5626 ἀκίνητα,
1783 5559 1817 5627 ἢ

256 5660 364 5712 τῶν
390 5657 538 5726 ἐμῶν
565 5673 618 5708 τι
651 5656 944 5709 διαπεσεῖν.

330 5842 516 5896 Ἔστιν
559 5842 619 5895 τὸ
681 5842 881 5910 λέγειν,
933 5841 1012 5894 ὅτι
1068 5839 1239 5894 οἶδεν
1268 5838 1397 5906 πεδίί
1447 5837 1554 5906 τῆς
1598 5838 1817 5906 ἡμέρας

1919 4655 2127 4700 notare.
2151 4647 2410 4712 Qutenam
2436 4646 2746 4714 generatio?
2775 4643 3124 4700 Credentinm
3155 4649 3272 4702 sine
3301 4649 3488 4702 dubio.

1917 4738 2129 4792 Etenim
2172 4751 2237 4791 ne
2284 4737 2408 4806 quis
2448 4737 2592 4790 dicat
2639 4751 2849 4799 omnes,
2893 4737 3064 4806 signis
3100 4747 3153 4790 et
3233 4739 3491 4807 prodigiis

1920 4829 2097 4892 factis,
2123 4833 2224 4882 hoc
2252 4837 2491 4896 tempore
2509 4827 2856 4896 decipiendos
2901 4829 3036 4891 fore,
3070 4828 3271 4897 adjecit
3307 4849 3318 4884 :
3369 4830 3488 4884 Non

1918 4922 2204 4990 pra-teribit
2240 4921 2540 4989 generatio;
2571 4921 2949 4988 quasidieerct
2981 4937 2994 4973 :
3031 4923 3183 4974 multi
3211 4925 3492 4978 credentes

1918 5025 1970 5068 ct
2013 5014 2081 5068 ab
2119 5027 2302 5067 errore
2341 5013 2455 5081 tuti;
2477 5013 2872 5081 permanebunt
2925 5014 2977 5067 in
3017 5017 3492 5069 consummatione

1922 5109 2068 5174 ipsa:
2101 5116 2194 5159 aut
2237 5105 2514 5174 generatio
2554 5107 2618 5158 de
2669 5105 2906 5157 humano
2959 5121 3154 5174 genere
3187 5107 3410 5170 dicitur,
3439 5107 3490 5160 id

1921 5209 2024 5262 est,
2067 5197 2248 5253 omnia
2283 5213 2402 5265 qua:
2441 5197 2551 5249 dixi
2583 5197 2857 5260 evenient,
2891 5205 2945 5251 et
2976 5198 3179 5251 videbit
3201 5213 3262 5250 ca
3295 5199 3492 5252 huma-

1923 5307 2051 5344 num
2087 5305 2278 5360 genus.

1994 5381 2155 5435 Vens.
2199 5382 2315 5434 55..
2351 5379 2636 5445 Quomodo
2663 5379 2977 5448 intelligitur
3011 5378 3242 5432 :Caelun:
3273 5390 3320 5431 :t
3355 5390 3493 5434 terra

1922 5472 2242 5534 transibunt,
2309 5472 2464 5523 rerba
2508 5479 2683 5523 autem
2733 5487 2849 5522 mea
2884 5486 2987 5521 non
3019 5470 3368 5523 transibunt?
3414 5471 3493 5524 fa-

1919 5563 2077 5617 cilius
2119 5563 2262 5614 enim
2305 5571 2409 5625 est,
2463 5560 2660 5629 inquit,
2696 5575 2726 5612 e
2769 5569 3062 5627 conspectu
3126 5559 3239 5611 tolli
3297 5560 3397 5611 fixa
3440 5569 3494 5612 et

1921 5652 2238 5706 immobilia.
2267 5667 2428 5720 quam
2467 5650 2668 5720 aliquid
2717 5664 2962 5702 meorum
3018 5648 3308 5700 verborum
3373 5647 3491 5700 fru-

1924 5745 2101 5799 strari.

2001 5835 2159 5892 Vens.
2190 5836 2277 5890 56.
2313 5837 2606 5893 Dicendum
2637 5845 2718 5890 est
2753 5855 2763 5888 :
2801 5833 2872 5886 De
2921 5833 3002 5884 die
3034 5833 3126 5886 illa
3185 5848 3332 5885 nemo
3371 5832 3492 5892 scit.
