4220 6432
775 344 908 406 1155
1479 345 1869 402 OPUSCULA
1914 344 2346 403 SCRIPTUBI!

2449 345 2558 404 [ΩΑ
2597 346 2944 408 INCERT/E
2987 352 3296 414 AZTATIS.
3905 353 3927 411 1
3950 352 4046 414 156

771 479 932 530 neque
956 461 1127 529 angeli
1162 462 1429 521 certorum,
1457 475 1623 527 neque
1657 458 1848 520 Filius,
1875 461 1977 512 nisi
2000 460 2144 513 solus
2169 459 2346 513 Pater.

2452 463 2690 529 ἐκείνης
2737 466 2880 518 οὐδὲ
2908 469 2962 519 cl
3009 467 3251 535 ἄγγελοι
3302 467 3418 520 τῶν
3461 467 3755 534 οὐρανῶν,
3811 468 3972 520 οἱ·ὀὲ
4018 475 4046 521 ό

766 552 1004 606 Dicendo
1064 551 1308 621 quidem,
1359 565 1534 618 neque
1564 549 1765 614 angeli,
1799 565 1861 602 os
1902 551 2220 619 comprimit
2281 564 2346 602 ne

2455 557 2585 621 Υίὸς
2606 555 2761 625 εἰμὴ
2791 563 2978 626 μόνος
3007 563 3040 612 ὁ
3079 564 3282 628 Πατήρ
3313 561 3430 614 ’διὰ
3465 561 3563 630 μὲν
3601 561 3662 614 τὸ
3710 562 3902 629 λέγειν
3944 565 4041 627 ἀγ.

763 645 1135 711 intermgent;
1193 641 1425 696 dicendo
1481 656 1609 694 vero
1651 657 1811 710 neque
1848 639 2041 705 Filius,
2079 649 2223 694 vetat
2283 655 2348 693 ne

767 736 1114 788 meditemur.
1186 733 1310 786 l-Jeo
1357 743 1484 802 post
1525 734 1981 787 resurrectionem
2024 734 2157 787 dicit
2215 733 2343 786 eis:

770 827 886 879 Non
922 837 995 878 est
1025 837 1252 878 vestrum
1301 842 1453 878 nosse
1517 840 1756 892 tempora
1792 835 1841 878 et
1893 834 2179 888 momenta,
2228 841 2345 894 qua:

765 920 1115 987 Paterposuit
1144 922 1198 973 in
1240 937 1335 973 sua
1364 929 1638 986 potestate.
1692 919 1810 973 Non
1873 921 2087 988 ignorat
2146 920 2345 988 igitur;

764 1007 1038 1075 quimiodo
1064 1008 1209 1059 cnim
1245 1009 1518 1075 ignoraret
1553 1008 1641 1059 ille
1672 1023 1766 1075 per
1795 1023 1955 1075 quem
1982 1007 2166 1059 omnia
2204 1007 2344 1059 facta

764 1101 910 1155 sunt,
942 1092 1034 1160 qui
1095 1091 1376 1160 cognoscit
1439 1089 1679 1154 Patrem,
1719 1101 1771 1145 et
1804 1091 2068 1158 profunda
2129 1091 2243 1154 Dei,
2294 1102 2348 1145 et

766 1181 1091 1234 abscondita
1153 1183 1547 1248 qumsitorum?
1591 1181 1693 1234 Sed
1734 1181 2037 1235 arbitratur
2096 1181 2196 1234 lioe
2223 1195 2346 1234 esse

766 1276 872 1329 illis
901 1276 1272 1345 profuturum.

836 1368 997 1421 Vens.
1032 1367 1119 1420 40.
1157 1367 1321 1429 Tunc,
1359 1369 1554 1436 inquit,
1597 1371 1702 1420 duo
1758 1378 1910 1422 erunt
1939 1369 1989 1421 in
2020 1368 2185 1437 lagro,
2213 1383 2345 1419 unus

764 1471 1081 1524 assumatur,
1115 1471 1161 1514 et
1218 1478 1349 1513 unus
1388 1461 1726 1529 relinquetur.
1771 1467 1936 1529 Ager,
1971 1460 2207 1513 mundus
2240 1467 2344 1524 cst;

766 1569 907 1606 unus
941 1554 1104 1621 igitur
1146 1555 1404 1615 salvatur,
1440 1553 1578 1606 alter
1631 1568 1764 1606 vero
1823 1553 1878 1606 in
1934 1553 2343 1608 damnationem

764 1648 1035 1708 mittitur;
1085 1647 1150 1699 de
1215 1646 1432 1699 illorum
1487 1645 1891 1715 expugnatione
1925 1654 1979 1699 et
2033 1646 2348 1716 captivitate

764 1736 906 1790 istud
943 1735 1096 1787 dicit.

2452 649 2663 716 γέλους,
2697 650 3041 717 ἐπιστομίζει
3092 651 3188 704 τοῦ
3226 659 3302 722 μὴ
3337 654 3538 720 ζητεῖν
3575 651 3663 704 διὰ
3713 653 3772 705 δὲ
3829 653 3937 705 τοῦ
3969 654 4046 704 εἱ-

2453 743 2593 803 πείν,
2627 741 2771 794 οὐδὲ
2794 745 2825 794 ό
2870 743 3022 808 Υίὸς,
3049 743 3248 796 κωλύει
3284 745 3420 814 μηδὲ
3466 748 3689 799 ἐννοεῖν.
3739 747 3840 798 Διὰ
3875 748 4044 800 τοῦτο

2456 833 2593 899 μετά
2620 834 2718 902 τὴν
2759 833 3057 887 ἀνάστασιν
3085 836 3235 902 λέγει
3262 839 3466 898 αὐτοῖς·
3503 839 3625 903 Οὐχ
3658 836 3826 905 ὑμῶν
3861 837 4045 890 ἐστιν

2454 923 2670 990 γνῶναι.
2700 926 2958 992 χρόνους
2978 928 3015 994 ἢ
3046 928 3307 995 καιροὺς,
3328 929 3433 993 οὓς
3457 931 3527 982 ἐν
3546 928 3616 996 τῇ
3637 929 3756 995 ίδίᾳ
3775 929 4042 994 ἐξουσία

2449 1015 2617 1069 ἔθετο
2670 1016 2702 1069 ὅ
2749 1017 2970 1085 Πατήρ.
3022 1021 3135 1071 Οὐκ
3184 1021 3371 1088 ἀγνοεῖ
3401 1017 3513 1074 οὖν·
3573 1021 3687 1084 πῶς
3720 1021 3832 1089 γὰρ
3871 1021 3944 1072 δι’
3976 1016 4038 1073 οὗ

2452 1107 2628 1160 πάντα
2677 1109 2914 1176 ἐγένετο,
2960 1109 3019 1173 ὃς
3073 1111 3462 1188 γινώσκεντδν
3515 1113 3758 1181 Πατέρα,
3813 1113 3914 1164 καὶ
3971 1113 4039 1164 τὰ

2452 1197 2591 1268 βάοη
2622 1201 2715 1252 τοῦ
2753 1201 2911 1268 Θεοῦ,
2941 1205 3036 1255 καὶ
3064 1204 3132 1256 τὰ
3162 1207 3382 1272 κρυπτὰ
3414 1205 3522 1257 τῶν
3580 1204 4036 1274 ὲξεταζομένων;

2452 1292 2567 1344 ἀλλ’
2594 1292 2807 1360 ἡγεῖται
2840 1295 2998 1348 τοῦτο
3038 1298 3324 1366 συμφέρον
3355 1298 3563 1360 αὐτοῖς.

2526 1384 2686 1448 Τότε,
2729 1386 2915 1455 φησιν,
2967 1388 3078 1442 δύο
3133 1391 3375 1444 ἔσονται
3404 1391 3475 1443 ἐν
3505 1391 3587 1454 τῷ
3620 1389 3810 1460 ἀγρῷ·
3877 1394 3914 1444 ὀ
3948 1388 4039 1456 εἷς

2452 1475 2996 1542 παραλαμϐάνεται,
3024 1479 3121 1531 καί
3157 1482 3190 1532 ό
3209 1474 3297 1544 είς
3319 1481 3576 1547 ἀφίεται.
3629 1481 3848 1550 Ἀγρὸς,
3885 1483 3916 1533 ὁ
3949 1483 4036 1533 κὸο

2455 1579 2611 1631 σμος·
2635 1559 2714 1626 εἷς
2758 1562 2852 1618 οὖν
2887 1566 3139 1632 σώζεται,
3195 1566 3276 1632 είς
3319 1570 3363 1622 δ’
3387 1572 3469 1633 εἰς
3519 1571 3740 1623 κόλασιν
3770 1573 4033 1639 ἀφίεται·

2453 1655 2581 1724 περὶ
2637 1655 2737 1725 τῆς
2788 1657 3044 1722 ἁλώσεως
3105 1660 3266 1713 τοῦτο
3329 1663 3424 1713 καὶ
3492 1663 3591 1732 τῆς
3649 1665 4038 1734 αἰχμαλωσίας

2452 1748 2652 1801 αὐτῶν.

832 1826 999 1880 νεεδ.
1031 1826 1120 1878 41.
1156 1825 1285 1879 Duae
1317 1827 1566 1878 molentes
1610 1828 1662 1879 in
1700 1825 1880 1890 mola;
1914 1842 2018 1878 una
2053 1826 2343 1878 assumitur

2517 1839 2632 1890 Δύο
2665 1838 3005 1905 ἀλήθουσαι
3038 1840 3109 1893 ἐν
3159 1840 3238 1905 τῷ
3274 1843 3462 1908 μύλῳ·
3497 1844 3607 1911 μία
3639 1845 4037 1914 παραλαμόιίο

758 1930 806 1972 et
835 1935 941 1970 una
980 1918 1317 1987 relinquitur.
1347 1915 1607 1969 Molentes
1643 1916 1988 1985 vocavit,qui
2021 1916 2075 1969 in
2112 1931 2341 1986 pauper-

762 2017 870 2063 tate
921 2009 1150 2076 degunt.
1221 2002 1337 2057 Una
1395 2007 1707 2069 assumitur,
1742 2014 1790 2060 et
1841 2023 1948 2058 una
1994 2006 2340 2076 relinquitur;

763 2097 1020 2152 similiter
1044 2097 1110 2151 de
1152 2098 1370 2150 homine
1393 2096 1740 2167 intelligitur.
1766 2097 1944 2153 Lucas
1961 2105 2144 2152 autem
2180 2096 2337 2152 dicit:

761 2191 882 2244 Duo
913 2199 1068 2245 erunt
1102 2191 1154 2243 in
1186 2190 1367 2253 cubili,
1399 2188 1547 2259 quod
1576 2189 1849 2259 signiﬁcat
1875 2204 1972 2244 eos
1999 2191 2092 2260 qui
2125 2190 2178 2243 in
2204 2190 2341 2244 divi-

762 2285 854 2338 tiis
903 2285 1124 2353 degunt.
1163 2281 1415 2336 Ostendit
1441 2290 1623 2337 autem
1663 2297 1759 2353 per
1825 2282 1929 2338 hoc
1977 2298 2248 2353 pauperes
2290 2290 2341 2337 et

759 2377 978 2439 divites,
1009 2389 1198 2428 servos
1230 2383 1283 2426 et
1313 2373 1567 2430 dominos
1596 2374 1799 2428 assumi
1834 2384 1887 2429 et
1942 2375 2201 2443 relinqui,
2230 2375 2345 2430 sive

761 2466 1146 2536 spiritualiter,
1186 2466 1301 2519 sive
1355 2465 1578 2521 realiter
1602 2466 1669 2521 de
1708 2465 2112 2536 expugnatione
2143 2465 2344 2521 intelli-

759 2567 937 2628 gatur.

833 2650 998 2703 Vens.
1031 2649 1119 2703 42.
1151 2649 1260 2703 Cur
1307 2663 1437 2718 ergo
1473 2648 1646 2704 dicit:
1677 2648 1824 2703 Diem
1875 2657 1923 2702 et
1958 2649 2182 2702 horam?
2234 2650 2345 2704 vult

763 2758 976 2810 semper
1002 2756 1122 2794 esse
1162 2749 1405 2808 paratos.

837 2832 1000 2885 Vens.
1031 2833 1125 2885 45.
1162 2830 1302 2897 Quid
1348 2830 1619 2899 signiﬁcat
1662 2829 1791 2883 illud
1831 2848 1844 2886 :
1893 2830 1953 2884 Si
2000 2831 2157 2884 sciret
2196 2841 2346 2900 pater

761 2926 999 2994 familias
1030 2942 1132 2994 qua
1150 2924 1328 2993 rigilia
1361 2924 1718 2991 furtventurus
1745 2925 1907 2977 esset?
1936 2925 2094 2994 quasi
2125 2925 2341 2979 dicere:

766 3016 821 3069 Si
851 3016 1054 3070 scirent
1105 3014 1258 3068 multi
1309 3013 1528 3082 quando
1555 3014 1809 3066 morituri
1847 3013 1980 3077 sint,
2030 3029 2249 3086 semper
2278 3017 2344 3070 ad

765 3110 909 3161 illam
945 3108 1118 3161 solum
1153 3108 1349 3160 horam
1385 3106 1649 3175 poenitere
1676 3106 1980 3160 studerent.

839 3199 1001 3253 Vens.
1032 3199 1122 3252 45.
1182 3197 1453 3252 Dicenda:
1488 3197 1617 3261 Quis
1671 3206 1748 3250 est
1789 3197 1961 3264 ﬁdelis
2005 3197 2346 3253 ιειύιιεῖἰιοιι

765 3294 978 3360 ignorat
1013 3289 1165 3352 illud,
1201 3287 1292 3341 sed
1355 3290 1469 3340 vult
1507 3288 1796 3341 ostendere
1837 3304 1998 3357 quam
2059 3306 2240 3344 rarum
2295 3299 2348 3344 et

765 3387 1088 3457 pretiosum.
1128 3387 1205 3438 Ita
1242 3383 1406 3453 igitur
1456 3384 1523 3436 ad
1569 3382 1741 3436 Adam
1798 3381 2074 3452 loquens:
2136 3381 2234 3435 Ubi
2266 3382 2349 3434 es?

765 3481 924 3541 dicit,
957 3492 1060 3530 non
1097 3478 1377 3548 ignorans,
1403 3475 1494 3529 sed
1526 3476 1670 3528 hunc
1714 3474 1985 3529 adducere
2044 3473 2231 3527 volens
2279 3475 2347 3528 ad

763 3571 1137 3626 excusandum
1173 3586 1251 3624 se.
1283 3567 1614 3623 Prudentem
1652 3577 1705 3621 et
1726 3567 1937 3622 ﬁdelem
1967 3566 2098 3620 dicit
2126 3581 2344 3620 servum

764 3663 1052 3733 parabola:
1080 3661 1289 3715 ﬁdelem
1316 3660 1562 3730 quidem,
1608 3656 1754 3728 quod
1772 3658 2345 3726 servaveritcapitale;

769 3758 1090 3825 prudentem
1116 3769 1265 3816 vero,
1309 3752 1455 3820 quod
1482 3761 1738 3820 operatus
1763 3758 1845 3804 est
1868 3750 1920 3802 in
1947 3751 2168 3805 talento.
2212 3747 2346 3802 Etin

767 3849 1018 3902 Sodomis
1069 3845 1273 3899 idcirco
1307 3845 1484 3898 dicit:
1558 3841 1881 3896 Descendens
1930 3842 2108 3895 ridebo
2166 3853 2345 3894 utrum

765 3940 1049 3992 secundum
1077 3938 1358 3991 clamorem
1391 3952 1572 3990 eorum
1637 3935 2039 4003 compleverint;
2066 3949 2240 3986 annon
2270 3943 2345 3986 est

766 4031 864 4093 ira,
903 4039 957 4080 ut
989 4029 1176 4090 sciam;
1217 4038 1270 4081 ut
1304 4043 1404 4082 nos
1467 4034 1684 4080 moneat
1748 4042 1814 4079 ne
1864 4041 2101 4094 unquam
2132 4033 2346 4077 senten-

768 4124 899 4176 tiam
950 4124 1002 4176 in
1053 4123 1214 4175 rebus
1264 4120 1479 4184 demus,
1525 4119 1843 4189 priusquam
1882 4117 2118 4187 perfecte
2147 4132 2234 4170 res
2259 4115 2345 4169 di-

760 4212 1210 4281 judicaverimus.
1276 4212 1334 4266 ln
1390 4212 1650 4281 propheta
1712 4211 1834 4264 ideo
1885 4209 2016 4266 dicit
2049 4227 2062 4263 :
2095 4207 2157 4264 Si
2209 4209 2345 4278 forte

772 4306 1074 4366 audierint;
1103 4313 1176 4367 et,
1211 4303 1268 4358 Si
1298 4303 1430 4371 forte
1449 4304 1827 4365 consenserint,
1848 4316 1915 4355 ne
1949 4301 2198 4355 videatur
2219 4302 2342 4354 data

769 4399 838 4450 ab
869 4397 1162 4450 inseusatis
1187 4396 1364 4464 jussio
1389 4395 1455 4449 ad
1489 4394 1867 4448 necessitatem
1902 4395 2119 4462 adigere
2149 4408 2343 4461 paren-

2440 2115 2551 2182 μία
2585 2113 2821 2182 ἀφίεται
2844 2129 2856 2143 ⁸
2889 2117 3093 2185 ὁμοίιος
3127 2119 3328 2171 νοεῖται
3359 2117 3452 2170 τοῦ
3488 2117 3804 2187 ἀνθρώπου.

2445 1946 2627 1993 rarae,
2661 1931 2758 1982 καί
2789 1931 2899 2000 μία
2928 1931 3183 2001 ἀφίεται.
3232 1933 3563 2001 Ἀληθούσας
3613 1935 3879 1988 ἐκάλεσεν
3909 1939 4036 1997 τοὺς

2447 2023 2503 2074 ἐν
2564 2022 2804 2092 πτωχείᾳ
2839 2022 3148 2091 διάγοντας.
3185 2025 3301 2078 Μία
3331 2025 3886 2093 παραλαμϐάνεται,
3940 2027 4038 2078 καί

3879 2120 4036 2172 Ὀδὲ

2445 2205 2681 2268 Λουκᾶς,
2715 2206 2821 2258 Kal
2861 2205 2972 2259 δύο
3003 2207 3102 2259 ἐπί
3140 2207 3251 2274 τῆς
3281 2208 3517 2276 κλίνης,
3561 2208 3730 2275 λέγει,
3760 2211 3902 2280 ὅπερ
3939 2227 4037 2278 ση-

2449 2295 2630 2363 μαίνει
2669 2297 2794 2360 τοῦς
2827 2297 2884 2350 ἐν
2917 2297 3155 2368 πλούτῳ.
3183 2299 3469 2353 Δείκνυται
3501 2300 3558 2353 δὲ
3591 2301 3682 2353 διὰ
3715 2301 3917 2353 τούτου
3955 2304 4036 2354 ὅτι

2447 2388 2542 2440 καὶ
2587 2391 2792 2459 πτωχοί
2824 2391 2918 2442 καὶ
2953 2389 3197 2444 πλούσιοι
3247 2394 3341 2446 καὶ
3387 2394 3564 2446 δοῦλοι
3623 2397 3718 2446 καὶ
3767 2396 4035 2447 δεσπόται

2447 2478 2972 2550 παραλαμϐάνονται
3024 2481 3118 2535 καὶ
3171 2483 3440 2550 ἀφίενται,
3495 2483 3605 2536 εἴτε
3661 2484 3871 2553 νοητῶς
3931 2487 4036 2535 sits

2447 2571 2722 2641 αἰσθητῶς
2749 2573 2835 2624 διὰ
2859 2575 2959 2642 τὴν
2991 2572 3194 2626 ἅλωσιν
3220 2575 3464 2644 νοηθείη.

2516 2663 2614 2714 Διά
2639 2661 2693 2714 τί
2723 2662 2815 2714 οῦν
2845 2663 3010 2730 λέγει,
3055 2664 3172 2730 Τὴν
3215 2664 3446 2732 ἡμέραν
3473 2665 3570 2718 καί
3605 2665 3805 2735 ῶραν;
3847 2671 4035 2738 βουλό-

2451 2770 2609 2823 μενος
2643 2756 2859 2818 παντως
2893 2756 3216 2822 ἐναγωνίους
3250 2753 3412 2812 εἶναι.

2522 2847 2585 2900 Τί
2614 2847 2765 2918 δηλοῖ
2791 2847 2872 2912 τὸ,
2908 2849 2978 2901 Εἰ
3013 2846 3142 2916 {ﬁet
3178 2851 3212 2901 ό
3246 2849 3684 2917 οἰκοδεσπότης
3733 2854 3878 2918 ποίᾳ
3925 2871 4036 2921 ρυ-

2447 2936 2610 3005 λακῇ
2654 2938 2686 2989 ὁ
2727 2936 2990 3003 κλέπτης
3038 2937 3309 3005 ἕρχεται;
3362 2941 3505 2992 ’Λντὶ
3543 2940 3657 3004 τοῦ,
3698 2943 3758 2992 Εἰ
3790 2943 4035 3011 ᾔδεισαν,

2450 3031 2639 3098 φησιν,
2664 3030 2712 3080 οἱ
2741 3030 2926 3081 πολλοὶ
2964 3030 3091 3083 πότε
3119 3029 3538 3098 ἀποθανοῦνται,
3567 3035 3790 3097 πάντως
3824 3038 3890 3087 ἂν
3919 3035 4037 3087 κατ’

2375 3161 2418 3218 c
2452 3117 2668 3185 ἐκείνην
2704 3118 2878 3185 μόνην
2908 3119 3005 3188 τὴν
3037 3118 3185 3189 ῶραν
3212 3121 3552 3174 ἐσπούδασαν
3580 3124 3944 3192 μετανοῆσαι.

2523 3207 2725 3271 Εἰπὼν,
2766 3210 2859 3275 Τίς
2901 3210 3014 3277 ἄρα
3039 3214 3071 3264 ὀ
3108 3212 3323 3278 πιστὸς
3369 3214 3630 3279 δοῦλοω
3661 3217 3777 3268 Uini
3821 3217 4039 3284 ἀγνοῶν

2448 3295 2605 3350 τοῦτο
2632 3293 2775 3360 εἷπε,
2807 3299 2920 3352 ἀλλ’
2950 3300 3036 3353 ἴνα
3059 3301 3205 3372 δείξῃ
3237 3304 3296 3354 τὸ
3329 3304 3556 3358 σπάνιον
3583 3309 3678 3360 καὶ
3709 3310 4035 3381 πολύτιμον.

2449 3388 2636 3452 Οῦτως
2657 3385 2749 3442 οῦν
2776 3393 2871 3444 καὶ
2895 3390 2973 3461 τῷ
3012 3393 3182 3461 Ἀδὰμ
3212 3393 3404 3446 εἰπών’
3432 3398 3557 3451 Ποῦ
3583 3394 3660 3462 si;
3687 3401 3790 3454 οὐκ
3826 3403 4038 3471 ἀγνοῶν

2450 3477 2625 3543 εἶπεν,
2663 3480 2897 3535 ἀλλ’ἵνα
2942 3484 3104 3536 αὐτὸν
3151 3486 3367 3559 ἐμϐάλῃ
3412 3492 3490 3552 εἰς
3537 3491 3864 3559 ἀπολογίαν.
3899 3497 4039 3567 Φρό-

2448 3591 2606 3643 νιμον
2637 3577 2734 3627 καὶ
2769 3578 2958 3629 πιστὸν
2988 3578 3134 3646 λέγει
3167 3581 3258 3634 τὸν
3285 3582 3470 3636 δοῦλον
3499 3586 3531 3654 ἡ
3564 3588 3854 3658 παραϐολή
3886 3608 3900 3653 ς
3948 3609 4036 3643 πι-

2449 3667 2572 3718 στὸν
2608 3666 2726 3735 μὲν,
2777 3668 2852 3731 ώς
2901 3668 3143 3732 σώζοντα
3183 3672 3244 3724 τὸ
3276 3676 3591 3742 κεφάλαιον·
3627 3681 3903 3750 φρόνιμον
3958 3684 4034 3743 δὲ,

2447 3759 2524 3819 ώς
2573 3760 3048 3831 κατεργαζόμενον
3087 3763 3147 3816 τὸ
3175 3765 3454 3822 τάλαντον.
3503 3771 3614 3823 Καὶ
3654 3773 3748 3824 ἐπὶ
3785 3774 3898 3825 τῶν
3948 3777 4039 3826 Eo-

2446 3849 2626 3919 δόμων
2672 3850 2761 3903 διὰ
2809 3852 2971 3906 τοῦτο
3004 3851 3178 3909 εἶπενο
3232 3862 3502 3926 Κατασὰς
3537 3862 3762 3930 ὄψομαι
3803 3868 3856 3918 εἰ
3889 3869 4040 3919 κατὰ

2448 3938 2563 4005 τὴν
2596 3942 2866 4011 κραυγὴν
2894 3943 3093 3998 αὐτῶν
3115 3949 3576 4005 συντελοῦνται·
3610 3956 3661 4006 εἰ
3702 3953 3775 4007 δὲ
3802 3956 3916 4024 μὴ,
3944 3959 4041 4010 ἵνα

2449 4029 2587 4098 γνῶ,
2625 4032 2775 4096 ὅπως
2825 4036 2975 4102 ἡμᾶς
3007 4037 3276 4110 παιδεύσῃ
3329 4041 3403 4110 μή
3454 4059 3587 4096 ποτε
3635 4045 3927 4115 ἀπόφασιν
3983 4053 4037 4101 ἐν

2448 4123 2734 4191 πράγματι
2780 4123 3001 4189 διδόναι,
3039 4127 3166 4196 πρὶν
3206 4130 3427 4195 τελείως
3473 4134 3913 4204 ἀνακρινόμενον
3964 4143 4036 4193 τὰ

2447 4214 2770 4282 πράγματα.
2817 4213 2937 4268 Ἐπὶ
2968 4217 3025 4269 δὲ
3074 4219 3168 4272 τοῦ
3205 4224 3490 4293 προφήτου
3534 4225 3625 4279 διὰ
3655 4227 3821 4282 τοῦτο
3856 4227 4032 4294 εἶπεν,

2463 4304 2600 4359 Ἐὰν
2621 4305 2734 4374 ἄρα
2763 4307 3132 4375 ἀκούσωσιν,
3168 4317 3285 4376 καὶ,
3302 4316 3438 4370 Ἐὰν
3464 4319 3578 4386 ἄρα
3605 4321 3914 4387 συνῶσιν,
3955 4327 4036 4377 ἵνα

2451 4398 2525 4466 μὴ
2562 4397 2688 4468 δόξῃ
2722 4400 2752 4468 ἡ
2784 4400 3092 4470 πρόρρησις
3139 4407 3288 4475 παρά
3317 4411 3428 4470 τοῖς
3461 4411 3713 4480 ἀνοήτοις
3786 4417 4034 4483 ἀναγκα-

765 4491 842 4544 di.
863 4486 918 4542 1n
946 4488 1234 4557 Evangelio
1258 4496 1437 4541 autem
1472 4486 1593 4540 ideo
1623 4485 1757 4540 dicit
1793 4503 1805 4538 :
1846 4483 2007 4538 Forte
2032 4489 2342 4537 verebuntur

2449 4491 2604 4559 στική
2639 4506 2721 4553 τις
2756 4489 2895 4545 εἶναι
2930 4496 3065 4564 πρὸς
3090 4498 3392 4567 παρακοήν.
3413 4499 3499 4552 Ἐν
3521 4502 3576 4553 δὲ
3605 4501 3681 4572 τῷ
3715 4505 4036 4575 Εὑαγγελίῳ

767 4581 958 4636 Filium
985 4596 1174 4644 meum,
1203 4588 1262 4633 ut
1297 4578 1549 4634 ostendat
1590 4579 1735 4648 quod
1778 4578 2066 4632 debuerint
2105 4576 2156 4630 id
2183 4591 2344 4646 agere

766 4682 823 4729 et
855 4673 1051 4728 Filium
1082 4672 1273 4727 vereri.

841 4855 1004 4910 Vens.
1042 4855 1107 4908 47
1166 4852 1544 4910 Ωιωιιὶηάἓοτι
1581 4852 1757 4908 illud:
1798 4850 1966 4922 Super
1999 4854 2172 4906 omnia
2210 4854 2344 4905 bona

766 4963 867 5000 sua
915 4946 1196 4999 constituet
1235 4945 1397 4997 eum?
1459 4944 1512 4997 id
1543 4953 1646 5009 est,
1682 4959 1910 5015 regnum
1959 4943 2225 4998 cmlorum
2268 4944 2344 4998 illi

766 5037 1066 5108 praestabit.

1329 5183 1560 5240 CAPUT
1613 5182 1776 5238 XXV.

841 5309 1008 5364 Vens.
1043 5312 1090 5364 Ι.
1124 5308 1392 5363 Parabola
1423 5310 1696 5379 virginum
1741 5308 1808 5364 de
1833 5308 2176 5380 eleemosyna
2213 5312 2348 5365 dici-

767 5409 878 5455 tur.
913 5401 1019 5454 Sed
1048 5403 1100 5454 in
1142 5401 1286 5455 ﬁdeli
1318 5409 1371 5454 et
1408 5399 1461 5454 in
1490 5400 1773 5455 insensato
1803 5415 1983 5466 servo,
2015 5405 2345 5472 generaliter

766 5496 941 5566 magis
967 5495 1033 5548 de
1082 5494 1231 5547 omni
1263 5493 1450 5548 ollicio
1480 5495 1743 5562 loquitur,
1771 5495 1918 5563 quod
1956 5496 2008 5549 in
2035 5496 2344 5565 proximum

768 5588 994 5653 implere
1020 5594 1238 5656 oportet
1264 5603 1274 5639 :
1303 5587 1354 5639 in
1384 5586 1488 5640 ista
1512 5595 1695 5640 autem
1727 5587 1792 5641 de
1814 5587 2185 5658 eleemosyna.
2204 5589 2344 5655 Quid

773 5686 856 5730 est
894 5678 1037 5745 quod
1066 5677 1200 5732 dicit
1221 5677 1544 5745 Apostolus,
1580 5675 1652 5728 De
1671 5677 1962 5745 virginibus
1997 5689 2171 5731 autem
2204 5696 2344 5747 prae-

768 5777 971 5836 ceptum
1010 5765 1224 5821 Domini
1252 5783 1352 5820 non
1404 5767 1609 5821 habeo?
1649 5765 1832 5822 Laudo
1871 5770 2115 5838 quidem,
2147 5771 2341 5842 inquit,

2446 4580 2533 4631 διὰ
2563 4580 2722 4635 τοῦτο
2749 4577 2923 4635 εἶπεν·
2983 4587 3164 4651 Ἴσως
3213 4588 3698 4657 ἐντραπήσονται
3736 4596 3849 4646 τὸν
3905 4597 4036 4649 Υἱὼ-

2447 4690 2580 4740 μου,
2616 4674 2703 4727 ἵνα
2733 4675 2881 4749 δείξῃ
2909 4678 2990 4730 ὅτι
3018 4677 3248 4748 ὤφειλον
3273 4681 3430 4734 τοῦτο
3455 4684 3678 4753 ποιῆσαι
3718 4689 3817 4739 καὶ
3848 4691 4036 4756 ἐντρα-

2456 4765 2626 4834 πήναι
2651 4768 2743 4819 τὸν
2771 4768 2916 4822 Υἰόν.

2523 4856 2587 4910 Τί
2618 4856 2769 4928 δηλοῖ
2793 4859 2871 4924 τὸ,
2942 4861 3072 4915 Ἐπί
3105 4861 3296 4918 πᾶσιν
3339 4864 3464 4930 τοῖς
3513 4866 3903 4935 ὑπάρχουσιν
3932 4873 4034 4926 ai;-

2448 4946 2556 5001 τοῦ
2580 4950 2954 5016 καταστήσει
2995 4955 3216 5016 αὐτόν;
3278 4955 3424 5009 ’Λντὶ
3454 4956 3570 5023 τοῦ,
3605 4958 3720 5028 Τὴν
3753 4959 4036 5029 βασιλείαν

2447 5039 2556 5091 τῶν
2586 5041 2836 5112 οὐρανῶν
2871 5045 3096 5111 παρέξει
3125 5046 3296 5117 αὐτῷ.

3045 5190 3297 5249 ΚΕΦΔΛ.
3333 5194 3460 5251 κε’.

2539 5311 2601 5366 .H
2659 5315 2940 5385 παραβολὴ
2990 5317 3101 5369 τῶν
3151 5320 3436 5388 παρθένων
3479 5325 3608 5393 περὶ
3655 5326 4034 5400 ﬂuminei-Vn;

2449 5405 2619 5473 λέγει’
2651 5407 2766 5460 ἀλλ’
2807 5409 2900 5460 ἐπὶ
2946 5409 3040 5462 τοῦ
3074 5411 3269 5464 πιστοῦ
3295 5411 3485 5466 δούλου
3526 5419 3619 5469 καὶ
3645 5419 3744 5471 τοῦ
3777 5422 4032 5492 ἀγνώμο-

2449 5514 2559 5562 νος,
2592 5498 3025 5570 καθολικώτερον
3057 5503 3186 5572 περὶ
3231 5505 3412 5574 πάσης
3444 5507 3716 5575 ὠφελείας
3754 5511 3930 5580 λέγει,
3971 5517 4033 5583 ἦν

2450 5591 2529 5650 εἰς
2576 5589 2666 5642 τὺν
2714 5589 2941 5660 πλησίον
2992 5593 3399 5649 ἐπιδείκνυσθαι
3443 5601 3572 5667 χρή·
3613 5602 3710 5652 ἰπὶ
3754 5603 3815 5655 δὲ
3869 5605 4031 5672 αὐτῆς

2453 5680 2578 5747 περὶ
2610 5680 3002 5750 ἐλεημοσύνης.
3033 5685 3098 5737 Τί
3133 5688 3279 5740 ἐστιν
3321 5689 3349 5742 δ
3399 5692 3545 5757 λέγει
3591 5696 3620 5746 ὁ
3687 5694 4028 5757 Ἀπὸστολο;.

2453 5772 2586 5838 Περί
2611 5771 2679 5823 δὲ
2707 5773 2824 5826 τῶν
2847 5776 3161 5844 παρθένων
3186 5779 3478 5852 ἐπιταγὴν
3514 5788 3740 5852 Kivp’ov
3764 5789 3880 5841 οὐκ
3900 5788 4030 5854 ἔχειδὶ
