4220 6432
285 397 412 459 1161

1267 396 1583 452 ςαιιοιλλ
1628 393 1919 451 VE'I‘EllA
1960 393 2038 451 IN
2083 393 2551 453 MATTILEUM.

3390 396 3529 459 1162

290 512 517 571 Ἰούδας.
551 509 652 560 Διὶ
689 503 782 560 οὖν
816 507 913 575 τῆς
946 509 1264 576 ἐπωνυμίας
1296 509 1522 578 χωρίζει
1555 509 1739 572 αὐτὸν,
1776 509 1858 559 ἵνα
1892 513 1919 566 Α

1912 514 1929 566 ι
1962 506 2094 567 das;
2133 523 2225 575 per
2257 523 2577 576 cognomem
2609 507 2797 576 igitur,
2822 509 3158 579 designatur,
3185 526 3250 564 ne
3285 512 3528 568 videatur

284 602 361 670 μὴ
393 600 521 671 δόξῃ
548 600 754 661 ἐκεῖνος
780 595 938 651 εἶναι.
967 598 1086 669 Χρὴ
1107 599 1162 650 δὲ
1186 599 1406 662 εἰδέναι,
1441 599 1534 652 καὶ
1564 601 1855 670 αὐτομάτῳ

279 698 492 766 κινήσει
524 694 680 746 τοῦτο
706 696 852 746 ποιεῖ
887 694 980 746 καὶ
1011 695 1238 763 χρυσίου
1265 694 1472 760 ὀλίγου.

353 786 584 854 Πρώτην
646 786 756 835 τῶν
820 784 1075 852 ’Λζύμων
1122 785 1221 852 τὴν
1275 786 1382 854 πρὸ
1426 787 1534 838 τῶν
1605 783 1856 854 ’Λξύμων

281 877 447 944 φησίν
472 894 484 907 ·
528 876 748 928 εἰώθασι
793 878 900 944 γὰρ
938 878 1046 930 ἀπὸ
1081 877 1180 945 τῆς
1214 878 1454 948 ἑσπέρας
1490 879 1576 930 ἀεὶ
1604 879 1856 948 ἀριθμεῖν

277 970 377 1035 τὴν
401 967 636 1037 ἡμέραν,
684 970 777 1020 καὶ⁵
801 968 1006 1036 ταύτης
1041 969 1427 1037 μνημονεύειν,
1463 968 1581 1022 καθ’
1607 971 1671 1039 ἣν
1703 971 1759 1022 ἐν
1790 973 1853 1039 τῇ

277 1058 490 1127 ἑσπέρᾳ
530 1059 587 1110 τὸ
625 1059 815 1126 Πάσχα
858 1058 1082 1127 ἔμελλεν
1113 1059 1378 1113 θύεσθαι·
1409 1063 1474 1130 τῇ
1497 1060 1605 1131 γὰρ
1631 1062 1854 1130 πέμπτῃ

280 1150 392 1201 τῶν
434 1150 730 1202 Σαδδάτων
782 1151 1126 1220 προσῆλθον·
1177 1153 1268 1204 καὶ
1299 1151 1504 1220 ταύτην
1535 1153 1564 1203 ό
1609 1152 1711 1220 μὲν
1756 1152 1856 1221 τὴν

279 1242 384 1308 ττρό
427 1242 534 1292 τῶν
585 1242 836 1310 ’Λξύμων
877 1243 1055 1303 καλεῖ,
1093 1243 1182 1294 τὴν
1213 1244 1406 1310 καιρὸν
1445 1245 1618 1308 λέγων
1647 1244 1770 1296 καθ’
1794 1243 1852 1295 ὃν

276 1333 580 1401 προσῆλθον
604 1350 616 1362 ⁸
669 1336 694 1385 ό
723 1335 776 1385 δὲ
811 1333 954 1385 οὓτω
984 1335 1132 1400 λέγει
1159 1351 1171 1364 ’
1219 1331 1447 1390 Ἠλθεν
1485 1337 1552 1387 δὲ
1594 1336 1632 1401 ἡ
1664 1337 1852 1402 ἡμέρα

275 1425 394 1477 τῶν
437 1427 703 1495 “(eorum
737 1427 807 1478 ἐν
834 1422 870 1496 ᾗ
900 1427 1019 1478 ἔδει
1051 1428 1297 1480 θύεσθαι
1345 1429 1411 1480 τὸ
1448 1427 1660 1495 Πάσχα
1697 1446 1709 1458 ·
1737 1431 1765 1479 ὁ
1795 1431 1850 1481 δὲ

276 1516 440 1578 ἄλλος
486 1515 890 1584 εὐαγγελιστὴς
943 1519 1039 1585 τὴν
1092 1519 1331 1586 ἑσπέραν
1378 1517 1558 1583 λέγει·
1601 1521 1707 1571 ἀπὸ
1744 1521 1849 1592 γὰρ

274 1606 372 1673 τῆς
400 1607 638 1674 ἑσπέρας
670 1606 868 1673 ἤρχετο
899 1607 960 1658 τὸ
996 1608 1203 1676 Πάσχα.
1246 1611 1343 1661 Διὰ
1387 1610 1438 1660 τί
1476 1613 1719 1680 ἐρωτῶσι
1747 1612 1849 1663 πού

280 1701 596 1766 ποιήσουσιν
635 1698 694 1750 τὸ
727 1700 916 1767 Πάσχα
948 1715 962 1760 ;
995 1699 1096 1750 Διὰ
1123 1699 1182 1750 τὸ
1218 1700 1292 1770 μὴ
1340 1701 1484 1769 ἔχειν
1526 1701 1690 1754 αὑτὸν
1718 1719 1850 1755 κατ·

273 1787 516 1855 αγὼγιον
550 1790 688 1858 μήτε
706 1790 903 1841 οἰκίαν.
931 1793 1028 1841 Διά
1053 1791 1104 1842 τί
1131 1793 1446 1844 ὲπιτελεῖτὸ
1477 1794 1701 1862 Πάσχας
1730 1795 1848 1848 ’Ἱνα

273 1882 427 1952 δεὶξῃ
451 1885 530 1934 ὅτι
567 1883 641 1951 μὴ
674 1883 991 1946 ὑπεναντίος
1019 1883 1096 1952 τῷ
1125 1886 1274 1955 νόμῳ
1311 1885 1481 1938 ἐστίν.

347 1975 446 2024 Διὰ
483 1976 534 2024 τί
567 1975 703 2044 πρὸς
734 1975 1010 2042 ἄγνωστον
1045 1977 1252 2043 πέμπει
1286 1978 1597 2047 ἄνθρωπον;
1622 1984 1844 2045 Δεικνίις

407 2066 579 2118 πάντα
627 2067 894 2119 ὑπακούει
919 2084 932 2097 ·
972 2070 1067 2121 καὶ
1119 2070 1167 2119 εἰ
1204 2068 1417 2139 ἤθελεν,
1465 2072 1584 2124 οὐδὲ
1620 2074 1841 2127 ἔπαθεν.

275 2159 426 2208 Ἀνω
454 2156 562 2226 γὰρ
590 2157 690 2222 τὴν
720 2155 957 2210 διάνοιαν
985 2157 1078 2210 τοῦ
1121 2159 1194 2228 μὴ
1240 2162 1598 2231 γνωρίζοντος
1626 2163 1842 2226 πείσας,

270 2247 463 2317 ὥσπερ
493 2249 587 2299 καὶ
649 2247 743 2299 τοῦ
788 2247 980 2316 κυρίου
1013 2248 1112 2317 τῆς
1143 2247 1288 2313 ὄνου,
1333 2250 1448 2312 πῶς
1477 2251 1575 2302 οὐκ
1610 2251 1675 2303 ἂν
1721 2251 1845 2313 τοὺς

272 2339 594 2408 σταυρωτὰς
625 2339 862 2403 ἔπεισεν,
895 2341 942 2391 εί
990 2340 1276 2403 ἐδούλετο;
1326 2342 1468 2407 Ἐγὼ
1496 2341 1551 2393 δὲ
1605 2342 1665 2394 οὐ
1717 2342 1845 2394 θαυ-

270 2068 353 2118 ὅτι

270 2434 432 2500 μάξω
465 2433 625 2502 μόνον
651 2435 731 2486 ὃτι
766 2434 1040 2500 ἄγνωστος
1068 2433 1141 2484 ὢν
1167 2433 1482 2509 ύπεδέξατο,
1507 2433 1619 2484 ἀλλ’
1649 2435 1726 2486 ὃτι
1751 2436 1845 2487 καὶ⁵

269 2525 512 2576 κίνδυνον
578 2524 928 2593 ὑφορώμενος
1007 2526 1414 2594 κατεφρόνησε’
1490 2528 1716 2596 σημεῖον
1788 2527 1844 2578 δὲ

265 2621 452 2680 αὐτοῖς
482 2619 666 2670 δίδωσι
705 2619 795 2670 τὸν
830 2620 890 2670 1')
940 2617 1210 2686 κεράμιον
1262 2617 1623 2685 βαστάζοντα,
1656 2618 1843 2686 ἐπειδὴ

265 2713 360 2763 τὸν
414 2710 579 2761 τόπον
618 2712 871 2777 ἠγνόουν.
929 2711 1023 2772 Τὸ,
1087 2711 1299 2776 Ῥίψον
1332 2709 1402 2761 τὰ
1437 2709 1729 2777 χρήματα,
1783 2710 1842 2761 οὑ

269 2801 588 2862 κελεύοντός
620 2801 790 2862 ἐστιν,
819 2800 955 2853 ἀλλὰ
987 2801 1294 2868 συμϐούλου
1318 2800 1490 2862 ὄντος.
1528 2802 1584 2851 ’0
1617 2801 1844 2870 πορνεύ-

270 2911 368 2956 σας
401 2894 506 2959 πρὸ
530 2893 694 2960 νόμου
721 2894 815 2944 καὶ
865 2893 923 2945 ἐν
955 2892 1106 2962 νόμῳ
1129 2893 1224 2945 καὶ
1259 2892 1394 2961 μετὰ
1422 2892 1606 2961 νόμον,
1643 2893 1843 2961 πολλὴν

267 2987 382 3054 ἔχει
421 2988 519 3056 τὴν
563 2988 829 3056 διαφορὰν
870 2987 1083 3040 καὶτοῦ
1117 2989 1518 3059 ἁμαρτήματος
1558 2990 1651 3040 καὶ
1683 3007 1845 3042 κατα⁹

271 3079 563 3147 κρίματος.
626 3080 990 3150 Ἐπὸρνευσέν
1024 3098 1108 3142 τις
1147 3081 1325 3149 ἱερεὺς
1353 3079 1460 3132 ὧν·
1518 3082 1842 3150 ὲπόρνευσέν

265 3187 410 3233 τινος
465 3172 656 3241 ἱερέως
706 3171 981 3241 θυγάτηρ’
1016 3174 1049 3242 ἡ
1099 3173 1197 3242 μὲν
1229 3173 1562 3243 ἀνῄρητονὴ
1606 3174 1660 3225 δὲ
1706 3191 1843 3226 κατ·
1873 3188 1919 3250 C

265 3264 573 3329 επρήθετοο
607 3266 666 3316 οὐ
723 3265 884 3332 μόνον
918 3265 993 3326 ὼς
1044 3265 1226 3327 πλέον,
1281 3260 1458 3334 οἶμαι,
1513 3263 1838 3332 διδαχθεῖσα,

265 3356 403 3408 ἀλλὰ
435 3359 528 3409 καὶ
577 3356 670 3408 τὸν
723 3357 873 3425 ἱερέα
940 3357 1194 3410 δεικνῦσα
1245 3357 1343 3425 ὅση
1403 3359 1438 3426 ἡ
1493 3356 1838 3426 κατάκρισις,

272 3447 474 3513 μᾶλλον
539 3448 587 3499 εί
638 3449 846 3511 ἐκεῖνος
925 3447 1296 3517 πορνεύσειεν.
1369 3449 1702 3520 Ἐπορνεύθη
1759 3467 1841 3512 1:;

268 3536 482 3605 βιαίως,
515 3538 819 3609 ὲπορνεύθη
867 3557 952 3602 τις
987 3539 1240 3604 πλουσία,
1276 3540 1546 3608 πενομένη
1572 3557 1584 3569 ο
1625 3541 1756 3593 πολὺ
1783 3539 1844 3593 τὸ

265 3629 542 3698 διάφορον.
603 3629 960 3700 Ἐπόρνευσέν
984 3648 1066 3694 τις
1089 3630 1444 3694 ἀδάπτιστος,
1473 3631 1843 3701 βεϐαπτισμέ-

269 3723 391 3781 νος’·
429 3721 564 3773 πολὺ
586 3721 648 3773 τὸ
688 3722 851 3791 μέσον
873 3722 1098 3776 τούτων.

342 3906 438 3957 Διὰ
468 3905 520 3958 τε
547 3901 724 3969 εἶπεν,
756 3900 858 3971 Εἷς
890 3905 959 3970 ἐξ
1004 3905 1170 3973 ὑμῶν
1199 3906 1536 3974 παραδώσει
1573 3925 1650 3976 με
1667 3924 1685 3971 ;
1711 3909 1844 3961 Βου-

269 3997 498 4064 λόμενος
532 3995 694 4049 αὑτὸν
737 3995 811 4066 μὴ
855 3996 1213 4066 αἰσχυνθέντα
1255 3997 1350 4050 καὶ
1391 3997 1717 4064 ἀπογνόντα,
1769 4000 1844 4062 ὠς

273 4091 374 4159 ἤδη
398 4089 683 4156 νοηθέντα,
716 4093 1047 4158 μετανοῆσαι
1073 4092 1165 4142 καὶ
1206 4089 1465 4142 διασῶσαι
1508 4091 1687 4142 αὐτόν.
1735 4091 1844 4143 Καὶ

267 4179 360 4231 διὰ
380 4181 432 4232 τί
459 4179 621 4233 αὑτὸν
647 4179 976 4248 ὲξεκάλυψεν
997 4197 1010 4243 ;
1044 4180 1263 4250 Ἐπειδὴ
1284 4182 1470 4247 ἔλεγον
1492 4197 1504 4210 ·
1527 4181 1680 4246 Μήτι
1732 4181 1842 4249 ἐγώ

268 4271 407 4337 εἰμι,
441 4270 650 4336 Κύριε;
685 4269 779 4321 καὶ
803 4269 1244 4328 ἁπετεθνήκεσαν
1275 4269 1352 4340 τῷ
1372 4271 1483 4323 δέει
1509 4287 1523 4302 ο
1551 4272 1634 4323 ἵνα
1668 4271 1742 4341 μὴ
1775 4274 1840 4340 τῇ

273 4358 638 4429 περισσοτέρᾳ.
668 4357 812 4428 λύπῃ
841 4359 1246 4412 καταποθῶσιν.

341 4449 500 4510 Τίνος
528 4448 717 4501 ἕνεκεν
767 4449 886 4517 μετ’
945 4448 1113 4501 αὐτοῦ
1167 4449 1404 4501 ἔδαπτεν
1449 4451 1478 4502 δ
1536 4450 1839 4520 προδότηςς

1881 1861 1920 1913 Β

1963 597 2066 652 iste
2091 601 2229 652 alter
2268 613 2410 652 esse.
2440 599 2666 668 Oportet
2695 611 2876 655 autem
2904 604 3045 655 scire
3080 604 3231 655 illum
3269 604 3368 656 hoc
3411 622 3527 672 pro-

1959 690 2079 759 prio
2115 701 2265 743 motu
2316 700 2370 743 et
2417 692 2487 744 ob
2538 693 2710 746 levem
2748 695 3033 761 pecuniam
3062 710 3242 752 acere.

2031 780 2194 835 Vens.
2215 781 2299 834 l7.
2327 781 2564 834 Primam
2591 784 2944 853 Azymornm,
2977 786 3118 839 diem
3151 797 3275 839 ante
3295 788 3528 856 Azymos

1957 874 2106 928 dicit.
2147 873 2408 928 Solebant
2445 877 2588 928 enim
2625 892 2654 929 a
2687 893 2910 946 vespera
2944 894 3159 947 semper
3217 879 3359 932 diem
3425 897 3530 932 nn-

1959 975 2189 1025 merare,
2222 972 2275 1015 et
2307 965 2372 1016 de
2422 963 2522 1016 ista
2570 964 2740 1032 loqui,
2795 968 2846 1018 in
2879 984 2982 1033 qua
3023 970 3088 1019 ad
3122 984 3401 1037 vesperam
3434 969 3531 1022 Pa-

1956 1054 2085 1106 scha
2113 1055 2384 1108 immolari
2415 1057 2668 1109 debebat.
2694 1056 2824 1110 Nam
2861 1062 2923 1110 ad
2952 1062 3197 1128 quintam
3226 1077 3254 1114 a
3287 1063 3530 1114 Sabbato

1955 1156 2354 1210 processerant,
2388 1158 2440 1199 et
2464 1150 2624 1200 istam
2653 1164 2794 1202 unus
2813 1150 3030 1217 quidem
3059 1153 3202 1206 diem
3228 1162 3355 1206 ante
3385 1154 3528 1222 Azy-

1955 1251 2072 1288 mos
2109 1247 2285 1298 vocat,
2323 1249 2537 1307 tempus
2573 1240 2823 1294 indicans
2848 1241 2913 1294 ad
2936 1245 3079 1310 quod
3109 1257 3526 1312 processerant;

1953 1327 2091 1378 alter
2130 1342 2256 1380 \‘8i0
2285 1329 2364 1380 sic
2391 1331 2522 1382 dicit
2549 1350 2558 1382 :
2605 1332 2825 1385 Venerat
2858 1346 3033 1387 autent
3058 1337 3168 1388 dies
3187 1337 3525 1405 Azymorum,

1952 1417 2004 1468 in
2059 1435 2162 1483 qua
2208 1422 2475 1485 oportebat
2540 1424 2806 1478 immolari
2849 1426 3097 1490 Pascha;
3156 1428 3296 1482 alius
3343 1439 3528 1484 autem

1949 1511 2282 1576 evangelista
2316 1528 2598 1580 vesperam
2625 1514 2779 1580 dicit,
2816 1533 2942 1569 nam
2977 1534 3005 1570 a
3041 1533 3270 1587 vespera
3298 1519 3530 1588 incipie-

1953 1599 2041 1652 bat
2077 1598 2309 1653 Pascha.
2348 1602 2461 1654 Cur
2498 1604 2838 1673 interrogant
2877 1625 2889 1659 :
2922 1605 3020 1660 Ubi
3046 1609 3397 1663 comedemus
3422 1608 3529 1664 Pa-

1951 1691 2122 1744 scha?
2157 1691 2231 1746 Eo
2271 1696 2417 1761 quod
2482 1710 2588 1748 non
2641 1696 2869 1750 haberet
2925 1698 3315 1754 habitationem
3353 1717 3529 1771 neque

1949 1782 2193 1838 domum.
2233 1787 2342 1838 tlur
2377 1788 2618 1842 celebrat
2643 1789 2892 1844 Pascha?
2937 1790 3006 1846 Ut
3039 1793 3292 1846 ostendat
3323 1808 3382 1846 se
3422 1795 3524 1863 legi

1951 1874 2329 1930 adversantem
2357 1893 2464 1931 non
2502 1893 2646 1933 esse.

2024 1963 2190 2019 Vens.
2229 1968 2319 2020 18.
2376 1970 2489 2022 Cur
2552 1972 2642 2022 ad‘
2681 1972 2922 2038 ignotum
2987 1974 3264 2030 hominem
3320 1983 3525 2038 mittit?

1949 2054 2259 2112 Ostendens
2275 2062 2457 2114 omnia
2476 2062 2822 2126 illisubesse;
2849 2071 2960 2119 etsi
2993 2069 3242 2137 voluerit,
3270 2089 3376 2128 non
3397 2092 3524 2146 pas-

1949 2163 2044 2201 sus
2077 2148 2274 2215 fuerit;
2310 2168 2433 2204 nam
2471 2168 2713 2222 superno
2749 2167 2897 2210 motu
2951 2157 3196 2216 hominis
3239 2179 3347 2218 non
3393 2182 3518 2221 eum

1949 2243 2226 2298 noscentis
2277 2255 2509 2298 mentem
2565 2249 2899 2315 persuadens
2956 2260 3017 2305 ut
3072 2253 3277 2308 domini
3331 2259 3520 2319 asinze.

1947 2335 2222 2401 quomodo
2212 2353 2350 2412 *non
2369 2339 2727 2394 erucitixores
2746 2341 3132 2409 persuasisset.
3155 2347 3200 2400 si
3217 2349 3523 2405 voluisset?

1950 2425 2062 2494 Ego
2087 2444 2236 2492 vero,
2265 2445 2372 2482 non
2393 2433 2568 2484 solum
2595 2433 2840 2488 admiror
2869 2439 3012 2505 quod
3047 2438 3263 2507 ignotus
3287 2456 3412 2497 eum
3443 2446 3524 2500 illi

1949 2515 2132 2577 luerit.
2170 2520 2315 2574 hunc
2354 2525 2643 2592 acet-perit,
2687 2527 2947 2596 sedquod
2991 2533 3303 2598 periculum
3339 2540 3522 2608 sospi-

1947 2614 2098 2666 ciens
2135 2629 2328 2680 parum
2358 2618 2650 2670 curaverit.
2682 2620 2780 2672 llis
2823 2635 2950 2674 vero
2987 2626 3206 2692 signum
3233 2629 3324 2681 dat
3354 2630 3517 2683 Chri-

1947 2718 2066 2759 sms
2097 2705 2372 2758 hominem
2432 2723 2626 2761 urnam
2676 2723 2953 2777 gerentem
2980 2752 2997 2778 ,
3031 2718 3293 2784 quoniam
3342 2720 3520 2775 locum

1949 2812 2055 2850 non
2098 2798 2526 2866 cognoscebant.
2579 2799 2883 2856 Libationes
2923 2805 3107 2876 funde,
3159 2823 3269 2862 non
3327 2815 3523 2884 praeei-

1951 2887 2173 2953 pientis,
2209 2888 2303 2941 sed
2355 2890 2697 2945 consiliantis
2729 2901 2832 2947 est.
2866 2893 2968 2958 Qui
3006 2900 3385 2956 meretrieatus
3436 2912 3524 2960 est

1947 2987 2074 3030 ante
2116 2979 2314 3048 legem.
2341 2980 2395 3034 in
2430 2981 2546 3051 lege
2599 2994 2652 3037 et
2684 2995 2810 3052 post
2851 2987 3018 3055 legem
3055 2990 3279 3045 multam
3319 2994 3522 3061 praebet

1945 3069 2306 3124 diﬂ‘erentiam
2335 3084 2387 3125 et
2407 3073 2458 3125 in
2483 3075 2639 3142 culpa
2661 3091 2673 3126 :
2693 3076 2816 3129 etin
2847 3081 3320 3140 condemnatione.
3345 3084 3521 3141 Mere-

1953 3158 2178 3214 trieatus
2199 3170 2282 3215 est
2299 3164 2519 3230 quidam
2543 3168 2836 3230 Sacerdos;
2861 3171 3203 3226 meretrieata
3231 3177 3520 3246 estcujus-

1953 3251 2077 3304 dam
2115 3253 2415 3307 sacerdotis
2465 3254 2605 3319 tilia;
2665 3256 2752 3309 illa
2787 3259 3008 3325 quidem
3049 3263 3225 3317 ablata
3274 3279 3380 3332 est,
3426 3271 3517 3323 illa

1945 3353 2126 3395 autem
2157 3345 2464 3398 venundata
2493 3357 2603 3410 est;
2640 3364 2746 3400 non
2772 3351 2948 3403 solum
2983 3356 3177 3422 magis,
3212 3367 3271 3410 ut
3297 3359 3516 3427 opinor,

1944 3435 2157 3500 educta,
2184 3436 2277 3489 sed
2293 3437 2560 3492 sacerdoti
2576 3442 2869 3496 ostendens
2884 3459 3004 3512 quae
3022 3444 3521 3507 [ineritcondemna-

1949 3525 2042 3587 tio,
2069 3529 2369 3594 praesertim
2399 3529 2445 3582 si
2479 3530 2582 3584 iste
2617 3535 2995 3590 meretricatns
3017 3539 3106 3592 sit.
3129 3517 3520 3599 [Meretricatur

1947 3619 2195 3686 quaedam
2217 3620 2498 3684 violenter,
2520 3627 2899 3680 meretrieatur
2914 3631 3162 3698 quaedam
3193 3635 3367 3699 dives,
3385 3653 3519 3705 pau-

1946 3726 2074 3778 per:
2110 3712 2277 3764 multa
2306 3722 2389 3766 est
2415 3713 2738 3770 dim-rentia.
2767 3718 3137 3777 Meretricatus
3173 3735 3258 3778 est
3288 3743 3394 3780 non
3425 3729 3518 3781 ba-

1946 3801 2206 3868 ptizatus,
2237 3814 2330 3856 aut
2355 3805 2694 3872 baptizatus:
2720 3812 2944 3865 multum
2977 3814 3200 3871 interest
3229 3819 3370 3873 inter
3395 3837 3513 3875 eos.

2022 3895 2190 3950 Vens.
2213 3897 2303 3949 21.
2335 3898 2446 3951 Cur
2475 3899 2609 3952 dicit
2637 3916 2650 3952 :
2683 3899 2827 3954 Unus
2848 3915 3078 3959 vestrum
3108 3926 3187 3962 me
3217 3914 3516 3967 traditurus

1944 3988 2070 4038 est?
2123 3983 2439 4049 Vultillum,
2478 3989 2578 4041 etsi
2631 4005 2737 4042 non
2774 3994 3043 4049 erubescit
3093 4007 3146 4051 ct
3179 4011 3359 4069 negat,
3402 4005 3514 4072 jam

1947 4077 2282 4130 intellectum
2327 4093 2387 4132 se
2428 4079 2757 4133 sentientem
2797 4087 3060 4150 pwnitere
3093 4099 3147 4142 et
3181 4092 3402 4148 salvari.
3453 4096 3520 4150 lit

1945 4180 2046 4218 cur
2099 4165 2247 4218 illum
2280 4165 2580 4235 patefecit?
2618 4171 2759 4234 Quia
2791 4173 3050 4230 dicebant
3083 4195 3096 4230 :
3137 4179 3388 4248 Nunquid
3426 4201 3518 4252 ego

1945 4271 2082 4319 sum,
2125 4257 2380 4310 Domine?
2401 4265 2456 4312 et
2484 4259 2677 4315 timore
2700 4262 3057 4334 disperibant,
3084 4285 3150 4324 ne
3174 4271 3344 4326 nimio
3369 4274 3517 4330 luctu

1951 4346 2345 4413 atlligercntur.

2019 4437 2185 4494 Vens.
2218 4439 2309 4493 23.
2341 4439 2520 4505 Quare
2549 4457 2672 4497 cum
2715 4445 2806 4498 illo
2837 4445 3052 4518 intingit
3099 4454 3346 4520 proditor
3383 4458 3406 4510 τ
3437 4459 3521 4513 Ob

282 4541 417 4593 Ἀπὸ
449 4541 653 4608 πολλῆς
706 4542 1065 4610 ἰταμότητος·
1118 4542 1238 4594 οὐδὲ
1286 4542 1395 4609 γὰρ
1443 4542 1629 4595 λοιπὸν
1683 4545 1841 4613 ἐτίμα
1879 4524 1918 4576 D

1912 4535 2204 4600 lmagnam
2261 4533 2678 4601 impudentiam,
2734 4552 2858 4590 nam
2907 4539 3020 4606 jam
3075 4557 3181 4596 non
3219 4545 3522 4604 honorabat

271 4634 364 4685 τὸν
415 4633 768 4688 Διδάσκαλον.
823 4635 1055 4698 Χριστὸς
1102 4635 1158 4686 δὲ
1209 4634 1519 4703 ἐκαρτέρει,
1558 4634 1841 4688 λανθάνειν

271 4724 620 4793 βουλόμενος,
653 4725 739 4776 ἵνα
770 4724 857 4777 διὰ
889 4725 1078 4778 τούτου
1113 4726 1415 4796 ἐπιστρέψῃ
1457 4726 1620 4778 αὐτόν
1644 4741 1659 4756 ·
1693 4725 1844 4794 ἢκαὶ

269 4815 418 4884 ἡμᾶς
449 4814 725 4867 παιδεύων
754 4815 1134 4884 μακροθυμεῖν
1167 4816 1304 4886 πρὸς
1329 4817 1840 4885 ἀναισχυντοῦντας.

335 4907 432 4958 Διὰ
463 4906 516 4958 τί
538 4905 708 4974 λέγει,
743 4905 804 4958 '0
829 4905 946 4974 μὲν
981 4907 1112 4970 Υἱὸς
1145 4908 1251 4959 τοῦ
1277 4903 1591 4974 ἀνθρώπου
1605 4906 1839 4976 ὑπάγει,

273 4996 470 5062 καθὼς
513 4999 837 5066 γέγφαπτιιι
882 4997 1016 5066 περὶ
1065 4998 1294 5062 ιιὺτοῦ;
1359 4998 1698 5067 Προσέθηκεν
1759 4999 1842 5061 τὸ,

270 5091 616 5159 γέγραπται,
672 5091 759 5144 ἴνα
816 5090 892 5161 μὴ
944 5091 1240 5160 νομίσωσιν
1275 5092 1559 5144 ἀσθένειαν
1617 5086 1845 5143 εἶναιτὸ

275 5184 544 5251 πρᾶγμαο
584 5183 664 5234 ἔτι
712 5183 769 5235 δὲ
824 5185 918 5235 καὶ
965 5185 1058 5235 τὸν
1115 5183 1380 5252 προδότην
1429 5183 1841 5252 διορθούμενος·

282 5274 371 5324 ἴνα
406 5275 636 5342 νομίσας
665 5275 1029 5343 ἀποκείμενον
1060 5275 1206 5343 αὑτῴ
1246 5275 1306 5326 τὸ
1341 5275 1554 5338 παθεῖν,
1579 5275 1652 5336 ὡς
1685 5275 1759 5344 μὴ
1787 5275 1848 5325 τὸ

277 5365 385 5416 πᾶν
413 5361 668 5426 πταίσας,
696 5363 856 5422 αὐτὸς
877 5364 1103 5434 καμφθῇ
1129 5365 1263 5433 πρὸς
1297 5368 1606 5434 μετάνοιαν.

350 5455 496 5523 Ποίῳ
544 5455 734 5524 σκοπῷ
785 5455 933 5523 λέγει
981 5455 1178 5517 Ἰούδας
1218 5455 1298 5518 τὸ,
1331 5456 1484 5524 Μήτι
1535 5453 1648 5524 ἐγώ
1690 5458 1847 5522 sim;

292 5547 662 5616 ’Λναισχύντῳ
711 5551 804 5599 καὶ
865 5547 1092 5617 ὑπόπτῳ
1142 5549 1442 5617 συνειδήσει
1487 5550 1842 5616 τυπτόμενος.

280 5639 376 5690 Διὰ
409 5640 459 5692 τί
489 5641 660 5701 οὕτως
689 5635 843 5691 εἶπεν
871 5641 1127 5710 Χριστὸς,
1174 5641 1255 5693 Σὺ
1298 5637 1493 5707 εἶπας,
1543 5640 1656 5694 ἀλλ’
1708 5640 1848 5709 οὐχὶ,

277 5725 346 5783 Ὦ
375 5731 540 5800 μιαρὲ
595 5732 687 5784 καί
736 5731 1035 5800 ἀχάριστες
1088 5735 1462 5798 ’Δνεξικακίας
1513 5734 1671 5804 ὅρους
1717 5737 1850 5803 ἡμῖν

273 5821 460 5885 τιθεις.
489 5821 584 5875 Διὰ
619 5823 670 5873 τί
720 5823 1029 5890 ἐγκαλεῖται
1089 5826 1312 5890 Ἰούδας,
1363 5827 1432 5880 τὰ
1479 5825 1850 5896 γεγραμμένα

589 5920 860 5982 ΡΑτιιοι..
898 5925 1014 5986 Gn.
1051 5926 1196 5987 CVI.

1951 4619 2295 4689 Magistrum.
2351 4621 2607 4678 Christus
2653 4637 2836 4680 autem
2867 4630 3193 4698 sustinebat,
3242 4640 3521 4692 occultare

1947 4714 2159 4776 volens,
2200 4723 2258 4766 ut
2284 4729 2377 4782 per
2424 4715 2528 4768 hoc
2574 4715 2726 4770 illum
2768 4731 3148 4788 converteret;
3191 4739 3284 4782 aut
3325 4740 3384 4784 ut
3417 4748 3518 4785 nos

1949 4815 2196 4860 moneret
2231 4806 2577 4876 longanimos
2606 4824 2727 4862 esse
2764 4809 2816 4862 in
2849 4812 3213 4880 impudentes.

2022 4896 2189 4952 Vens.
2218 4898 2308 4952 ‘24.
2351 4901 2462 4952 Cur
2495 4900 2628 4956 dicit
2660 4919 2673 4956 :
2711 4899 2887 4955 Filius
2928 4907 3141 4973 quidem
3169 4909 3397 4967 hominis
3427 4932 3519 4967 ru-

1946 4991 2046 5055 dit,
2073 4991 2206 5044 sicut
2251 4991 2509 5058 scriptum
2544 5001 2620 5045 est
2653 4993 2716 5045 de
2745 4993 2838 5045 illo
2861 4995 2886 5046 .’
2921 4996 3142 5051 Addidit
3187 5001 3341 5063 illud,
3388 5008 3523 5057 acri-

1946 5094 2092 5150 ptum
2120 5092 2218 5143 est.
2247 5097 2317 5136 ne
2344 5093 2597 5152 putarent
2638 5099 2750 5137 rem
2781 5085 3111 5142 debilitatem
3149 5107 3308 5159 esse;
3339 5097 3518 5151 adhuc

1912 5179 1915 5183 ’
1953 5185 2134 5228 autem
2166 5182 2224 5226 ut
2277 5173 2605 5242 proditorem
2654 5174 2986 5244 corrigeret,
3033 5190 3088 5231 ut
3128 5182 3422 5238 arbitratus
3467 5189 3517 5241 ei

1955 5274 2290 5319 reservatum
2328 5277 2452 5315 esse
2506 5262 2617 5329 pati
2669 5273 2927 5331 tanquam
2965 5267 3149 5319 omnia
3197 5271 3517 5339 complenti,

1956 5358 2070 5424 ipse
2098 5355 2399 5407 adducatur
2434 5353 2499 5406 ad
2539 5354 2936 5422 pmnitentiam.

2029 5446 2192 5501 Vens.
2227 5446 2318 5499 25.
2358 5443 2475 5510 Qua
2509 5446 2721 5498 ratione
2752 5444 2884 5498 dicit
2912 5446 3081 5502 Judas
3109 5467 3121 5502 :
3148 5449 3401 5520 Nunquid
3424 5475 3521 5527 ego

1952 5555 2065 5591 sum
2089 5537 2434 5605 ?lmpudenti
2468 5546 2518 5589 et
2546 5536 2805 5588 diﬂidenti
2828 5539 3159 5593 conscientia
3185 5554 3385 5600 motus.
3409 5547 3522 5602 Cur

1955 5635 2026 5686 ita
2057 5633 2187 5686 dicit
2224 5631 2475 5684 Christus
2519 5645 2532 5683 :
2571 5628 2645 5681 Tu
2679 5628 2891 5694 dixisti,
2925 5641 2977 5684 et
3011 5649 3139 5694 non.
3194 5635 3432 5694 Sceleste
3464 5655 3518 5696 υι

1957 5724 2207 5795 ingrate?
2243 5721 2528 5776 Patientim
2582 5721 2847 5776 terminos
2903 5721 3058 5775 nobis
3104 5734 3368 5782 statuens.
3409 5731 3522 5785 Cur

1955 5802 2200 5886 arguitur
2259 5813 2428 5868 ludas
2482 5811 2678 5867 fecisse
2727 5828 2847 5878 qnae
2902 5828 2930 5865 a
2979 5815 3258 5882 prophetis
3314 5822 3519 5891 scripta

3067 5912 3144 5970 37
