4220 6432
272 411 405 474 1165

1252 399 1570 460 SCHOLH
1619 395 1706 453 ΥΕ
1726 397 1907 454 I‘Eih
1959 393 2033 450 IN
2080 389 2540 450 .\1.\TT[1.EUM.

3379 384 3513 447 1l66

263 524 449 576 λαίαν
475 536 491 582 ;
526 518 643 572 Ἵνα
670 518 764 571 τοῦ
792 518 958 585 φόῦου
981 515 1289 585 ἀπαλλάξῃ·
1341 512 1558 584 μακράν
1591 509 1697 576 γαρ
1728 507 1833 558 τῶν

1943 502 2009 556 Ut
2056 519 2084 552 ιι
2118 512 2262 554 metu
2314 518 2409 555 eos
2462 503 2682 565 liberti;
2716 500 2874 567 longe
2918 497 3062 550 enim
3113 512 3141 549 a
3173 494 3373 553 ludatis
3401 512 3521 555 erat

276 612 547 665 Ἰουδαίων
580 606 648 681 ῆν
676 613 710 679 ἡ
740 610 1019 663 Γαλιλαία.

336 704 438 756 Διὰ
464 702 517 755 τί
558 704 788 772 ἀφίησιν
817 701 909 755 τὸν
942 701 1150 771 Πέτρον
1182 701 1368 751 πεσεῖν
1391 714 1404 762 ;
1430 699 1546 750 Ἵνα
1571 696 1645 766 μὴ
1669 695 1837 749 αὐθά-

263 797 365 868 δης
390 799 498 866 εἴη.
536 797 671 866 μηδὲ
700 796 849 865 αὐτῷ
877 795 1121 865 θαρρῶν,
1151 792 1288 846 ἀλλὰ
1317 792 1404 845 διὰ
1437 791 1535 859 τὴν
1565 789 1842 859 ἀνθρωπί-

262 906 363 958 νην
397 888 683 941 ἀσθένειαν
722 889 814 940 καὶ
850 888 899 939 οί
934 888 1082 941 ἄλλοι
1120 885 1342 947 ἰδόντες,
1373 884 1669 936 παύσονται
1710 883 1844 952 ε)αρ-

264 984 379 1050 ρείν
420 983 669 1044 ἑαυτοῖςο
725 981 823 1033 καὶ
870 980 958 1033 ἵνα
999 977 1380 1048 συγχωρηθεὶς
1420 976 1496 1040 ὡς
1545 976 1843 1038 ἀπόστολος

260 1075 377 1136 τοῖς
404 1073 668 1127 πταίσασι
698 1072 1052 1142 συγχωρήσῃ.
1083 1070 1182 1123 Διὰ
1205 1070 1365 1123 τοῦτο
1393 1064 1487 1122 οὖν
1510 1068 1611 1138 τῆς
1635 1067 1843 1123 ἄνωθεν

265 1167 439 1233 ῥοπῆς
471 1163 791 1234 ἐγυμνώθη,
840 1164 939 1234 τὴν
972 1164 1133 1233 φύσιν
1166 1161 1335 1217 αὐτοῦ
1385 1161 1702 1232 ἐλέγχοντος
1749 1160 1844 1215 τοῦ

261 1255 425 1309 Θεοῦ.

336 1350 435 1399 Διά
464 1347 517 1399 τί
558 1346 778 1416 εὔχεται
816 1347 984 1417 χωρὶς
1031 1345 1139 1398 τῶν
1194 1343 1485 1415 μαθητῶνς
1528 1343 1666 1398 Κατ’
1713 1343 1846 1397 ἰδίαν

160 1512 169 1519 κ
264 1436 527 1507 εὔχεσθαι
550 1440 697 1507 ἡμᾶς
726 1439 1016 1491 διδάσκων.

340 1533 440 1585 Δια
468 1532 520 1584 τι
549 1532 677 1594 τοὺς
705 1534 855 1601 τρεῖς
880 1531 1077 1601 μόνους
1106 1529 1529 1601 παραλαμϐάνει
1553 1529 1675 1582 τότε
1699 1547 1713 1593 ;
1759 1530 1847 1593 Ὡς

262 1621 367 1689 τῆς
400 1620 563 1692 δόξης
587 1621 756 1675 αὐτοῦ
788 1622 1030 1692 θεωρούς
1050 1638 1065 1652 ·
1103 1624 1203 1676 καὶ
1230 1622 1318 1674 ἵνα
1356 1623 1406 1674 οί
1431 1620 1580 1674 ἄλλοι
1609 1621 1684 1685 ὡς
1719 1623 1848 1674 ἁτε-

264 1710 517 1783 λέστεροι
545 1714 621 1785 μὴ
649 1715 1061 1769 καταπέσωσιν.

348 1826 575 1878 Ἕνεκεν
604 1824 750 1887 τίνος
795 1822 1048 1893 dixerat;
1087 1823 1208 1879 Ἵνα
1256 1824 1331 1896 μὴ
1370 1824 1664 1894 ὑπόκρισις
1710 1820 1851 1878 εἶναι
1886 1859 1924 1913 Β

263 1917 399 1986 δοκῇ
453 1916 515 1969 τὸ
548 1916 783 1985 πρᾶγμα
806 1932 821 1946 ο
863 1914 1181 1986 ἐπιρρέουσι
1220 1915 1267 1970 δ’
1305 1915 1530 1987 ἱδρῶτες
1575 1915 1644 1969 δι’
1677 1917 1847 1989 αὐτὴν

264 2008 474 2078 ταύτην
502 2007 601 2077 τὴν
627 2008 827 2063 αἰτίαν.

340 2118 439 2171 Δια
465 2118 517 2171 τι
540 2118 710 2186 λέγει,
742 2119 1166 2187 Προσεύχεσθε
1188 2118 1388 2187 ἵναμὴ
1420 2120 1740 2187 εἰσέλθητε
1761 2125 1849 2185 εἰς

266 2215 646 2282 πειρασμόνς
697 2212 976 2267 Παιδεὺων
1016 2216 1090 2285 μὴ
1140 2214 1667 2279 ἀπαυθαδιάζεσθαι,
1714 2217 1849 2271 ἀλλὰ

270 2304 658 2375 συντετρίφθαι
688 2304 785 2374 τὴν
812 2305 1073 2359 διάνοιαν.

342 2398 513 2468 Τρίτη
546 2397 678 2467 εὐχὴ
718 2396 800 2462 τὸ,
834 2398 1154 2467 Γενηθήτω
1194 2400 1263 2452 τὸ
1300 2398 1533 2469 θέλημὰ
1561 2417 1678 2455 σου
1701 2419 1714 2432 ·
1749 2404 1852 2455 δει-

269 2491 404 2554 κνὺς
429 2490 511 2543 ὅτι
547 2491 754 2561 σφόδρα
787 2490 1002 2560 συνᾴδει
1044 2492 1121 2560 τῷ
1144 2491 1414 2562 θελήματι
1442 2493 1537 2546 τοῦ
1564 2494 1721 2559 Θεοῦ,
1756 2496 1852 2548 καὶ

269 2584 356 2636 ὅτι
400 2584 679 2653 πανταχοῦ
735 2583 914 2652 τούτῳ
961 2582 1190 2637 ἔπεσθαι
1253 2584 1333 2637 δεῖ
1385 2586 1481 2638 καὶ
1546 2587 1847 2657 ἐπιζητεῖν.

272 2676 631 2745 Ηροσηύξατο
658 2676 865 2746 τρίτον,
905 2677 1119 2738 δεικνὺς
1150 2677 1232 2730 δτι
1258 2677 1548 2747 ἄνθρωπός
1582 2664 1772 2732 ὲστινέ
1793 2682 1855 2733 τὸ

270 2768 381 2838 γὰρ
405 2768 660 2839 δεύτερον
692 2768 786 2822 καὶ
838 2768 1021 2839 τρίτον
1067 2769 1126 2821 ἐν
1154 2771 1220 2839 τῇ
1275 2770 1465 2840 Γραφῇ
1507 2769 1855 2839 βεϐαιώσεως

270 2860 389 2913 ἐστι
416 2860 708 2916 δεικτικόν.

345 2968 444 3022 Διά
465 2969 516 3021 τί
547 2963 713 3041 ἦλθεν
742 2972 804 3023 ὲκ
834 2971 1090 3041 δευτέρου
1125 2971 1263 3043 πρὸς
1294 2973 1492 3037 αὐτούς
1519 2992 1533 3037 ;
1576 2976 1685 3029 Καὶ
1712 2976 1858 3044 ἀγω-

271 3060 403 3113 νιῶν
447 3060 523 3125 ὡς
571 3062 860 3133 ἄνθρωπος
911 3064 1161 3133 περὶτοῦ
1205 3064 1464 3130 θανάτου,
1502 3069 1595 3121 καὶ
1636 3068 1854 3137 ἐλέγξαι

270 3152 470 3216 αὐτοὺς
495 3152 817 3224 βουλόμενος
840 3171 856 3185 ο
889 3157 973 3209 ὅτι
1003 3156 1176 3220 οὕτως
1206 3158 1747 3230 κατεόαπνίσθησαν,
1778 3162 1853 3224 ὼς

1946 594 2187 650 (Σαιίιεειι.

2019 688 2181 742 Vens.
2218 686 2305 739 54.
2335 684 2448 739 Cur
2476 686 2608 740 sinit
2642 684 2861 740 Petrum
2909 683 3101 737 cadere
3133 686 3155 734 Υ
3185 680 3260 735 Ne
3293 682 3520 737 nimium

1946 782 2013 836 de
2032 796 2090 837 se
2114 782 2395 837 conlidens
2428 782 2520 841 sit,
2545 795 2721 849 neque
2746 779 3051 836 animosus,
3087 776 3179 830 sed
3214 784 3271 829 ut
3305 786 3526 845 propter

1948 873 2245 926 humanam
2281 872 2652 925 inﬁrmitatem
2687 872 2881 924 cadere
2912 869 3003 923 alii
3040 879 3328 922 cernentes
3366 867 3435 920 de
3468 882 3526 920 se

1948 965 2221 1019 conlidere
2271 971 2529 1026 cessent;
2581 972 2637 1016 et
2680 972 2739 1016 ut
2795 964 3007 1017 veniam
3081 975 3204 1015 cum
3256 959 3526 1028 acceperit

1947 1059 2253 1128 apostolus,
2289 1058 2613 1112 cadentibus
2642 1056 2857 1109 veniam
2891 1054 3175 1109 concedat.
3198 1052 3323 1109 ideo
3362 1053 3528 1123 igitur

1950 1165 2193 1219 superno
2244 1151 2449 1205 auxilio
2478 1149 2775 1205 destitutus
2821 1154 2926 1213 est,
2960 1147 3072 1202 Deo
3125 1157 3381 1201 naturam
3406 1145 3529 1215 ejus

1947 1244 2339 1299 confundente.

2024 1334 2194 1391 Vens.
2249 1334 2338 1389 56.
2383 1332 2497 1390 Cur
2537 1342 2657 1389 orat
2685 1334 2895 1405 absque
2933 1330 3264 1402 discipulis?
3296 1330 3368 1386 Ut
3426 1344 3529 1385 nos

1950 1429 2181 1483 seorsim
2206 1443 2368 1483 orare
2396 1428 2610 1483 doceat.

2024 1519 2189 1575 Vens.
2223 1521 2313 1575 57.
2345 1521 2459 1575 Cur
2483 1530 2595 1575 tres
2616 1521 2764 1575 solos
2785 1529 2918 1575 tunc
2946 1519 3213 1575 assumit?
3242 1518 3531 1588 Tanquam

1953 1612 2141 1681 gloria:
2189 1628 2303 1669 suae
2336 1622 2524 1677 testes,
2585 1623 2639 1669 et
2674 1621 2732 1667 ut
2782 1613 2878 1668 alii
2929 1612 3361 1682 imperfectiores
3420 1627 3532 1665 non

1953 1702 2265 1758 concidant.

2032 1811 2197 1868 Vens.
2229 1813 2319 1868 39.
2357 1813 2532 1880 Quam
2564 1815 2637 1869 ob
2669 1829 2893 1871 cansam
2926 1814 3083 1868 orat?
3115 1810 3193 1868 Ne
3224 1810 3534 1884 hypocrisis

1958 1920 2047 1958 res
2078 1919 2203 1959 esse
2239 1904 2533 1972 videatur;
2586 1916 2812 1963 manant
2841 1915 3024 1961 autem
3050 1905 3282 1961 sudores
3315 1914 3533 1976 propter

1949 1996 2200 2051 eamdem
2231 1998 2520 2053 rationem.

2026 2102 2189 2160 Vens.
2221 2106 2309 2161 Μ.
2332 2106 2446 2161 Cur
2475 2107 2610 2162 dicit
2638 2125 2651 2162 :
2694 2107 2859 2161 Orate
2906 2124 2969 2161 ne
3008 2107 3218 2163 intretis
3252 2109 3307 2161 in
3355 2116 3531 2161 tenta—

1954 2198 2191 2254 tionem?
2235 2199 2306 2254 Ut
2360 2210 2582 2255 moneat
2621 2202 3048 2258 conﬁdentiores
3098 2217 3206 2257 non
3263 2216 3408 2266 esse,
3435 2202 3531 2257 sed

1953 2299 2134 2345 mente
2155 2293 2387 2346 conteri.

2026 2381 2193 2440 Vens.
2228 2385 2321 2441 42.
2356 2385 2543 2443 Tertia
2574 2389 2753 2443 oratio
2786 2398 2906 2457 est,
2950 2386 3075 2443 Fiat
3106 2390 3350 2444 voluntas
3390 2401 3481 2443 tua
3514 2405 3533 2443 :

1956 2478 2196 2532 ostendit
2242 2494 2300 2533 se
2346 2480 2644 2535 admodum
2678 2483 2998 2537 consentire
3029 2484 3297 2537 voluntati
3336 2482 3453 2547 Dei,
3483 2497 3536 2535 et

1955 2586 2074 2626 eam
2100 2588 2317 2643 semper
2343 2577 2682 2646 sequendam
2712 2588 2765 2632 et
2787 2580 3137 2647 quaerendam
3173 2594 3316 2635 esse.
3349 2578 3538 2632 Uravit

1956 2669 2139 2731 tertio,
2177 2677 2233 2721 ut
2295 2672 2609 2725 ostenderet
2647 2686 2707 2725 se
2763 2672 3041 2726 hominem
3095 2687 3239 2726 esse.
3273 2670 3407 2726 Nam
3451 2688 3537 2727 se-

1956 2760 2139 2812 cundo
2200 2768 2254 2813 et
2288 2762 2454 2816 tertio
2510 2763 2563 2816 in
2621 2760 2902 2833 Scriptura
2950 2764 3389 2823 conﬁrmationis
3453 2772 3539 2819 est

1956 2860 2362 2919 argumentum.

2028 2959 2195 3017 Vens.
2239 2964 2327 3019 43.
2359 2963 2470 3019 Cur
2490 2965 2733 3021 secundo
2756 2968 2905 3024 venit
2939 2967 3004 3022 ad
3029 2969 3163 3024 eos?
3193 2970 3257 3025 Et
3290 2979 3346 3024 ut
3374 2970 3539 3024 honm

1959 3054 2173 3112 luctans
2208 3066 2407 3112 contra
2432 3068 2688 3124 mortem,
2717 3070 2771 3115 et
2787 3077 3019 3133 arguere
3042 3078 3139 3117 eos
3167 3064 3375 3128 volens,
3407 3066 3536 3133 quia

1960 3148 2097 3203 adeo
2131 3160 2285 3206 erant
2318 3153 2546 3221 gravati,
2581 3163 2639 3206 ut
2671 3154 3017 3223 praesentiam
3043 3156 3165 3225 ejus
3201 3172 3308 3210 non
3345 3173 3537 3211 sense-

275 3244 415 3314 μηδὲ
444 3246 544 3315 τῆς
575 3248 882 3318 παρουσίας
922 3250 1088 3303 αὐτοῦ
1119 3250 1430 3305 αἰσθέσθαι.
1464 3252 1565 3305 Διὰ
1607 3225 1661 3306 τί
1694 3254 1751 3307 δὲ
1792 3256 1853 3307 οὐ

1961 3241 2093 3295 rint.
2121 3240 2231 3297 Cur
2271 3252 2450 3299 autem
2484 3259 2595 3299 non
2630 3260 2725 3302 eos
2766 3246 3003 3301 excitat?
3037 3264 3104 3302 ne
3149 3247 3265 3318 jam
3310 3249 3539 3305 atllirtos

270 3339 543 3404 διυπνίξει
576 3341 805 3409 αὑτούς;
842 3342 926 3406 Ὠς
954 3342 1030 3412 μὴ
1058 3342 1261 3412 πλῆξαι
1287 3344 1660 3415 πεπληγότας.

343 3452 443 3506 Διὰ
472 3453 525 3505 τί
554 3452 725 3520 λέγει,
776 3452 858 3506 δτι
906 3453 1237 3508 Καθεύδετε
1284 3456 1504 3510 λοιπὸν
1556 3458 1654 3511 καὶ
1706 3459 1854 3514 ἀνα-

273 3543 585 3606 παύεσθε;
634 3546 730 3607 καὶ
776 3544 884 3615 μὴν
932 3544 1051 3597 τότε
1106 3546 1456 3618 γρηγορῆσαι
1503 3549 1611 3603 ἔδει
1646 3566 1659 3579 ·
1718 3552 1855 3605 ἀλλὰ

272 3636 487 3700 δεικνὺς
520 3637 602 3690 ὅτι
632 3637 734 3691 οὐκ
777 3638 1019 3691 οἴσουσιν
1054 3639 1175 3691 οὐδὲ
1204 3638 1303 3711 τὴν
1345 3639 1471 3710 ὄψιν
1493 3658 1509 3672 ο
1537 3644 1628 3695 καὶ
1669 3644 1748 3697 δτι
1778 3644 1860 3697 δεῖ

276 3731 495 3792 πάντως
531 3729 633 3800 ῆδη
670 3729 833 3784 αὐτὸν
865 3730 1261 3801 παραδοθῆναι,
1290 3731 1451 3787 τοῦτὸ
1477 3752 1663 3804 φησιν.

347 3821 447 3873 Διὰ
468 3819 520 3872 τί
552 3820 726 3888 λέγει,
769 3822 1122 3889 Ἐγειγεσθε,
1140 3822 1377 3891 ἄγωμεν
1398 3826 1702 3889 ἐντεῦθεν,
1726 3826 1857 3881 ἰδοὺ

274 3910 525 3981 ἤγγικεν
555 3915 588 3966 ὀ
616 3913 989 3981 παραδιδούς
1018 3931 1130 3984 με;
1157 3916 1275 3970 Ἰνα
1303 3917 1454 3988 δείξῃ
1481 3918 1557 3981 ὡς
1578 3921 1677 3972 οὐκ
1698 3920 1857 3989 ἐφευ-

274 4019 397 4069 γεν,
431 4003 569 4056 ἀλλά
606 4004 809 4072 μᾶλλον
852 4006 1219 4076 προσέτρεχεν
1258 4008 1444 4077 αὐτῷ’
1487 4010 1571 4062 ἵνα
1611 4010 1857 4079 μάθωσιν

276 4094 353 4159 ὡς
392 4097 492 4150 οὐκ
522 4097 801 4163 ἀσθένεια,
833 4097 948 4153 ἀλλ’
972 4101 1287 4171 οἰκονομίας
1316 4096 1384 4171 ῆν
1416 4101 1476 4154 τὸ
1507 4102 1628 4154 ὅλον
1647 4119 1662 4133 ·
1694 4102 1726 4172 ἢ
1753 4103 1860 4155 ἀπὸ

275 4189 383 4259 γῆς
415 4193 494 4255 εἰς
533 4193 760 4263 οὐρανὸν
814 4195 992 4262 λέγων
1019 4197 1269 4258 καὶτοὺς
1306 4194 1428 4248 τότε
1470 4197 1565 4249 καὶ
1606 4198 1732 4261 τοὺς
1764 4195 1858 4249 νῦν

278 4282 611 4353 ἐγείρεσθαι.

353 4400 430 4452 Τὸ
464 4398 601 4467 μετὰ
641 4398 932 4468 μαχαιρῶν
963 4399 1057 4451 καὶ
1100 4398 1271 4462 ξύλων
1327 4396 1483 4453 εἶπεν
1530 4400 1704 4453 ἐλθεῖν
1756 4400 1862 4452 ἀπὸ

276 4492 387 4544 τῶν
420 4492 633 4559 ἱερέων,
682 4490 953 4543 διδάσκων
988 4491 1064 4554 ὡς
1114 4492 1338 4545 τοιαῦτα
1383 4488 1451 4564 ἦν
1491 4493 1562 4545 τά
1611 4494 1861 4562 ἱερατικά

278 4585 461 4639 αὐτῶν
492 4584 663 4653 σκεύη
694 4586 788 4637 καὶ
816 4586 1097 4654 κωμῳδῶν
1120 4587 1340 4649 αὐτούς.

349 4777 449 4830 Διά
487 4776 539 4828 τί
572 4777 797 4845 σημεῖον
820 4775 1052 4828 δέδωκεν
1078 4776 1107 4828 δ
1129 4776 1396 4846 προδότης
1435 4793 1448 4839 ;
1478 4776 1622 4829 Διότι
1656 4775 1860 4829 πολλά-

279 4888 369 4934 κις
398 4867 786 4938 κατασχεθεὶς,
815 4868 1033 4935 διῆλθεν
1057 4870 1144 4921 διὰ
1177 4871 1346 4939 μέσου
1378 4870 1580 4924 αὐτῶν.

350 4965 450 5015 Δια
505 4963 561 5015 τί
599 4958 773 5023 εἶπεν,
820 4960 1050 5029 Ἑταῖρε
1097 4962 1187 5030 ἐφ’
1237 4958 1285 5029 ᾧ
1334 4964 1547 5030 πάχεα
1603 4964 1677 5015 To
1730 4964 1853 5032 μὲν,

277 5057 491 5125 ἑταῖρε,
527 5053 701 5119 εἶπεν,
731 5056 871 5108 ὥστε
922 5055 1180 5124 ὲντρέψαι
1235 5058 1397 5109 αὐτόν
1424 5074 1435 5087 ’
1472 5057 1533 5109 τὺ
1557 5057 1633 5118 δὲ,
1812 5054 1862 5126 ᾧ

281 5150 458 5216 πάρει
491 5150 616 5210 ;δτι
658 5148 793 5216 00/}.
820 5148 1047 5216 ἀγάπης
1086 5149 1273 5217 σκοπῴ
1307 5150 1465 5201 τοῦτο
1519 5149 1672 5218 δρᾷς,
1725 5152 1862 5204 ἀλλὰ

280 5244 495 5315 πονηρᾷ
522 5242 735 5313 γνώμῃ.

353 5334 524 5387 Πόθεν
553 5329 698 5403 εἶχεν
732 5334 1007 5405 μάχαιραν
1038 5335 1277 5404 Πέτρος;
1326 5335 1460 5387 Ἀπὸ
1510 5336 1602 5389 τοῦ
1636 5338 1853 5391 δείπνου

276 5427 373 5481 τοῦ
409 5427 663 5495 νομικοῦ’
706 5429 889 5495 ἀρνίον
921 5428 1028 5498 γὰρ
1060 5429 1252 5495 ἔφαγε.

349 5518 509 5580 Τίνος
540 5518 698 5589 χάριν
731 5514 917 5579 εἶπεν,
961 5520 1043 5571 δτι
1078 5519 1304 5586 Πάντες
1343 5524 1397 5573 οἱ
1427 5526 1717 5588 λαϐόντες
1742 5524 1856 5591 μά-

280 5628 515 5681 χαιραν,
543 5612 612 5663 ἐν
634 5613 899 5681 μαχαίρᾳ
930 5612 1410 5675 ἀποθανοῦνται;
1438 5616 1578 5678 Ίόὺς
1616 5617 1871 5687 μαθητάς.

280 5704 782 5775 παραμυθούμενος
827 5708 894 5775 τῇ
934 5706 1175 5775 τιμωρία
1224 5706 1331 5757 τῶν
1372 5708 1859 5763 ἐπιϐουλευόντων

282 5795 393 5863 ἐγὼ
439 5795 494 5847 δὲ
550 5796 692 5863 λέγω
745 5798 824 5849 δτι
871 5798 964 5850 καὶ
1021 5797 1207 5851 πολλοὶ
1246 5797 1405 5852 τοῦτο
1462 5801 1764 5871 πάσχουσιν
1810 5806 1861 5855 οἱ

281 5888 518 5953 δρῶντες
541 5906 553 5917 ·
583 5891 629 5942 εί
659 5890 714 5946 δὲ
734 5891 816 5957 τὸ,
848 5889 1089 5956 πάντες,
1131 5891 1483 5960 πρόσκειται,
1517 5894 1637 5945 ἀντὶ
1666 5894 1778 5960 τοι),
1813 5896 1859 5945 οἱ

1959 3334 2181 3406 amigat.

2036 3445 2307 3503 Vsas.45.
2341 3448 2450 3505 Cur
2468 3450 2602 3507 dicit
2637 3470 2650 3507 :
2689 3452 2925 3508 Dormite
2941 3454 3063 3523 jam
3102 3465 3153 3537 et
3191 3456 3543 3526 requiescite?

1966 3538 2223 3594 Attamen
2264 3551 2395 3597 tunc
2432 3543 2659 3614 vigilare
2688 3546 2979 3616 Oportebat
3017 3549 3152 3603 :sed
3188 3559 3246 3603 ut
3287 3551 3543 3605 ostendat

1964 3649 2061 3688 eos
2122 3634 2300 3703 ipsius
2354 3646 2638 3707 aspectum
2701 3654 2810 3693 non
2872 3641 3101 3707 laturos,
3142 3652 3197 3696 et
3236 3643 3388 3697 illum
3426 3645 3539 3714 jam

1965 3723 2108 3778 tradi
2134 3728 2366 3781 omnino
2403 3729 2775 3783 necessarium
2799 3746 2943 3798 esse,
2979 3735 3080 3786 hoc
3104 3733 3254 3786 dicit.

2039 3816 2202 3874 Vens.
2232 3821 2325 3875 46.
2355 3821 2471 3876 Cur
2499 3822 2632 3877 dicit
2667 3843 2679 3878 :
2722 3824 2957 3895 Surgite,
3010 3844 3193 3881 eamus
3243 3829 3385 3893 hinc,
3428 3846 3544 3883 erce

1961 3914 2401 3980 appropinquavit
2431 3917 2522 3985 qui
2569 3934 2646 3970 me
2682 3918 2893 3972 tradet?
2932 3916 3004 3973 Ut
3040 3920 3291 3976 ostendat
3343 3939 3402 3977 se
3435 3939 3542 3977 non

1962 4002 2172 4073 fugere,
2221 4008 2313 4061 sed
2377 4012 2560 4075 potius
2593 4013 2862 4080 proditori
2926 4014 3145 4069 obviam
3198 4016 3309 4082 ire;
3351 4026 3410 4071 ut
3459 4019 3546 4073 die

1964 4109 2119 4152 scatit
2172 4099 2304 4151 illud
2360 4116 2467 4155 non
2549 4118 2673 4157 esse
2728 4104 3089 4169 debilitatem,
3163 4109 3254 4163 sed
3315 4111 3543 4164 omnino

1962 4193 2329 4259 excogitatum
2359 4198 2699 4264 propositum
2724 4215 2738 4263 ;
2763 4206 2857 4253 aut
2876 4200 3005 4253 dicit
3024 4218 3052 4255 a
3083 4212 3228 4256 terra
3253 4204 3318 4257 ad
3337 4208 3539 4259 emtum

1970 4284 2189 4354 hosqui
2226 4295 2353 4341 tunc
2389 4298 2622 4343 erantet
2651 4290 2749 4345 hos
2781 4291 2875 4361 qui
2907 4307 3055 4348 nunc
3090 4304 3220 4349 sunt
3245 4312 3492 4365 surgere.

2040 4395 2202 4450 Vens.
2233 4397 2323 4450 47.
2350 4397 2486 4451 Cum
2514 4398 2709 4466 gladiis
2740 4412 2793 4453 et
2820 4400 3337 4461 fustibusdicuutnr
3357 4410 3541 4464 venire

1964 4488 2057 4556 qui
2119 4489 2274 4543 missi
2326 4500 2452 4544 sunt
2500 4507 2531 4544 a
2587 4496 2991 4558 sacerdotibus,
3040 4498 3109 4551 ad
3140 4504 3539 4557 ostemlendum

1891 4579 1937 4635 D
1968 4582 2128 4636 talem
2166 4597 2290 4636 esse
2321 4584 2716 4639 sacerdotalem
2748 4601 2939 4642 eorum
2977 4603 3298 4661 apparatum
3330 4606 3383 4649 et
3416 4596 3546 4649 irri-

1967 4673 2206 4728 dendum
2230 4689 2350 4729 eos.

2040 4764 2204 4821 Vens.
2233 4767 2325 4822 48.
2356 4768 2472 4823 Cur
2497 4770 2711 4840 signum
2747 4773 2895 4827 dedit
2930 4778 3209 4845 proditor?
3232 4782 3370 4846 Quia
3403 4797 3547 4853 διιδρο

1965 4862 2420 4930 comprehensus,
2452 4868 2701 4920 transivit
2730 4884 2825 4936 per
2847 4872 3085 4925 medium
3125 4890 3338 4929 eormn.

2042 4954 2204 5009 Vens.
2242 4956 2331 5009 50.
2370 4958 2482 5011 Cur
2521 4960 2697 5013 dicit:
2749 4965 2947 5029 Antice,
3002 4967 3070 5017 ad
3129 4968 3256 5035 quid
3316 4969 3545 5026 venisti!

1968 5047 2127 5113 Dicit,
2160 5050 2350 5114 antica,
2388 5060 2445 5104 ut
2480 5051 2631 5106 illum
2690 5065 3008 5122 convertat;
3045 5068 3117 5122 et,
3170 5063 3239 5111 ad
3284 5061 3411 5129 quid
3462 5077 3546 5115 ve-

1965 5144 2295 5210 nisti?qnasi
2322 5144 2558 5199 diceret:
2581 5143 2695 5198 Non
2722 5148 3008 5205 cltaritatis
3034 5166 3198 5205 causa
3236 5153 3365 5205 illud
3398 5153 3541 5223 agis,

1964 5237 2059 5290 sed
2100 5238 2335 5307 maligna
2370 5236 2695 5292 intentione.

2036 5327 2205 5384 Vens.
2235 5331 2321 5383 5|.
2363 5330 2514 5384 Unde
2541 5330 2778 5387 habebat
2801 5333 3039 5403 gladium
3064 5333 3293 5389 Petrus?
3320 5333 3538 5391 Eemna

1966 5425 2121 5494 legali
2152 5441 2165 5488 ;
2205 5439 2406 5494 agnum
2442 5425 2589 5479 enim
2619 5427 2951 5481 comederat.

2039 5512 2204 5569 Vens.
2234 5514 2324 5568 5i.
2352 5514 2525 5583 Cujus
2549 5530 2712 5570 causa
2743 5516 2881 5571 dicit
2914 5536 2928 5571 :
2968 5517 3162 5572 Omnes
3198 5519 3288 5587 qui
3328 5534 3542 5587 accepe-

1964 5608 2072 5660 rint
2098 5606 2358 5677 gladium,
2384 5608 2564 5678 gladio
2588 5609 2831 5677 peribant
2851 5613 2876 5667 ἲ
2898 5612 3199 5682 discipulos
3232 5624 3291 5668 ut
3320 5623 3542 5667 moneat

1966 5702 2248 5771 punitione
2301 5700 2539 5755 violenta
2605 5704 2959 5770 patrantinnt.
3034 5702 3147 5774 Ego
3220 5720 3349 5759 vero
3416 5702 3541 5757 dico

1968 5794 2169 5847 multos
2204 5792 2255 5846 id
2290 5794 2403 5861 pati
2436 5793 2579 5863 qttod
2609 5794 2855 5859 faciunt;
2896 5794 2939 5847 si
2971 5806 3155 5850 autem
3201 5811 3378 5849 omnes
3406 5794 3545 5848 diei-

1969 5905 2075 5949 tur,
2106 5903 2205 5957 pro
2236 5886 2423 5941 multis
2455 5886 2866 5958 intelligendum
2892 5896 2977 5945 est
3023 5887 3273 5946 Etexteri
3298 5902 3541 5961 quoque,
