4220 6432
248 419 380 482 1181

1337 423 1656 483 SCllOLIA
1698 423 1995 483 VETERA
2034 423 2115 484 IN
2155 424 2432 488 LUCAM.

3368 421 3506 486 1182

236 533 495 601 οὐδαμῶς
546 533 888 602 κατεκρίθης
944 534 1077 598 Πῶς
1119 553 1231 602 γαρ
1274 536 1446 589 ἔσται
1483 541 1615 603 μοι’.
1658 541 1817 608 φησι,

1926 539 2152 594 minime
2236 536 2565 605 reprehensa
2628 533 2750 590 est?
2806 530 3015 602 Angelo
3060 530 3205 585 enim
3277 547 3506 601 respon-

236 626 442 685 τοῦτο,
501 624 629 676 ἐπεὶ
700 625 892 692 ἄνδρα
945 628 1017 678 οὐ
1070 626 1384 694 Tia-(buxa);
1436 627 1499 678 'l'i
1556 628 1674 680 ποτ’
1729 630 1821 681 οὖν

238 718 300 767 τὸ
330 712 635 785 παράδοξον
664 714 858 779 τοῦτο;
904 715 992 784 Μὴ
1017 715 1199 769 ἀδικία
1236 717 1392 784 παρὰ
1418 716 1496 784 τῷ
1533 717 1603 769 Θε
1622 717 1687 786 Gs;
1721 719 1813 789 Μὴ

240 806 488 871 γένοιτοῑ
538 804 814 875 Ζαχαρίας
877 805 976 874 μὲν
1006 802 1099 858 οὖν
1141 806 1375 869 εἰκότως
1426 808 1593 860 ἔδωκε
1642 809 1822 879 δίκην·

242 897 384 967 ἔχων
426 897 523 965 μὲν
572 898 1001 967 παραδείγματα
1036 900 1268 951 πλεῖστα
1320 899 1411 950 105
1464 902 1685 971 στείρας
1732 902 1828 954 καὶ

242 988 622 1057 γεγηρακυίας
649 991 849 1051 τεκεῖν,
878 991 1027 1057 ὅμως
1054 992 1133 1053 εἰς
1181 990 1337 1042 οὐδὲν
1379 992 1690 1060 ἀποϐλέψας
1720 993 1829 1047 τῶν

248 1085 535 1152 προτέρων
564 1124 577 1145 ,
611 1085 787 1137 καίτοι
826 1086 1143 1155 νομομαθής
1176 1104 1257 1148 τις
1292 1086 1371 1137 ὢν
1410 1087 1502 1137 καὶ
1534 1087 1624 1138 τον
1664 1089 1829 1157 νόμον

244 1175 609 1244 ἐξηγούμενος
643 1180 828 1230 πᾶσιν·
871 1179 1037 1248 ἐχρῆν
1085 1180 1191 1245 γὰρ
1242 1178 1405 1231 αῦτὸν
1440 1181 1517 1241 είς
1575 1180 1828 1248 Ἀϐραὰμ

245 1266 460 1318 ἁπ;δείν
492 1270 583 1319 καὶ
611 1268 709 1338 τὴν
755 1269 990 1338 Σάρραν·
1047 1270 1214 1338 ἐχρῆν
1255 1269 1419 1322 αὑτὸν
1452 1270 1827 1339 ἐνθυμηθῆναι

259 1356 579 1411 Ῥεϐέκκαν·
634 1359 803 1429 ἐχρῆν
850 1359 1223 1429 ἐνθυμηθῆναι
1281 1358 1379 1411 τοῦ
1440 1360 1678 1429 Σαμψὼν
1730 1360 1827 1428 τὴν

248 1452 485 1519 μητέρα·
522 1454 689 1522 ἐχρῆν
722 1454 816 1505 τὸν
858 1453 1092 1506 Ἐλκανα
1121 1455 1213 1506 καὶ
1242 1454 1339 1522 τὴν
1368 1453 1569 1505 ’Δνναν
1609 1454 1704 1505 καὶ
1740 1452 1829 1505 τὶν

243 1542 413 1595 Δαϐιδ
441 1544 731 1611 ψάλλοντα·
795 1545 857 1597 ’0
898 1544 1239 1605 κατοικίζων
1264 1546 1515 1613 στεῖραν
1547 1546 1615 1597 ἐν
1663 1544 1827 1609 οἴκῳ,

243 1635 476 1704 μητέρα
524 1636 621 1689 ἐπὶ
672 1636 906 1703 τέκνοις
958 1638 1463 1707 εὐφραινομένην.
1516 1637 1616 1689 Διὰ
1669 1635 1829 1689 τοῦτο

250 1728 386 1796 γοῦν
413 1730 507 1783 ἐπὶ
537 1730 639 1799 τῆς
686 1730 932 1800 γλώττης
966 1732 1181 1801 δέχεται
1226 1732 1383 1801 δίκην
1426 1731 1524 1801 τῆς
1567 1731 1735 1801 μηδὲν
1769 1733 1831 1784 ἐκ

247 1826 349 1891 τῆς
378 1822 734 1891 ἀναγνώσεως
765 1822 1140 1892 ὼφεληθείσης
1165 1820 1258 1874 τοῦ
1284 1822 1472 1889 νόμον·
1506 1824 1539 1890 ἡ
1591 1821 1645 1873 δὲ
1680 1823 1830 1892 Παρ-

247 1913 405 1975 θένος
429 1913 867 1983 ἁμφιϐάλλονσα,
919 1914 1075 1983 δίκην
1115 1914 1215 1967 οὐκ
1248 1914 1439 1978 ἔδωκε,
1475 1913 1693 1984 πρῶτον
1726 1913 1826 1982 μὲν

247 2008 333 2059 ὅτι
368 2007 550 2075 μήτηρ
581 2006 781 2075 ἤμελλε
836 2003 977 2060 εἶναι
1010 2007 1104 2059 τοῦ
1157 2007 1447 2076 μέλλοντος
1494 2010 1704 2077 κρίνειν
1732 2008 1826 2058 τὸν

251 2093 477 2161 κόσμον·
527 2094 627 2146 οὐκ
657 2096 859 2165 ἐτόλμα
883 2098 938 2148 δὲ
976 2094 1219 2167 Γαϐριὴλ
1250 2096 1406 2167 δίκην
1454 2098 1727 2152 ἐπιθεῖναι
1761 2098 1826 2167 τῇ

252 2186 423 2252 μητρὶ
456 2184 549 2237 τοῦ
579 2186 803 2254 Κριτοῦ,
838 2188 1161 2256 προσεκύνει
1195 2189 1252 2242 δὲ
1305 2192 1567 2261 φρίττων,
1602 2191 1742 2255 ὀρῶν
1769 2192 1828 2243 ἐν

253 2275 393 2345 αὐτῇ
427 2276 515 2328 τὸν
549 2277 1029 2350 πλαστουργοῦντα
1078 2281 1230 2337 Θεόν.
1298 2284 1499 2353 Ἐχρῆν
1538 2286 1644 2354 γὰρ
1681 2287 1824 2336 ὲκεί-

246 2384 350 2435 νην
372 2367 637 2420 ἀθάνατον
664 2369 761 2440 τὴν
786 2372 1030 2442 γαστέρα
1075 2373 1332 2441 φυλάξαι,
1371 2377 1429 2426 ἐν
1516 2375 1606 2426 τὸν
1642 2375 1827 2428 δεύτε-

252 2474 348 2525 ρον
393 2458 564 2527 Ἀδὰμ
597 2460 929 2529 ἐξωγράερει·
964 2464 1131 2533 χωρὶς
1148 2463 1204 2515 δὲ
1234 2464 1439 2517 τούτων
1462 2466 1583 2518 οὐδὲ
1615 2466 1823 2519 δίκαιον

247 2545 319 2620 ἦν
346 2551 443 2619 τὴν
497 2552 772 2621 Παρθένον
822 2554 1080 2624 ὑποσχεῖν
1142 2555 1300 2624 δίκην
1337 2556 1436 2625 τῆς
1474 2556 1675 2623 λέξεως
1728 2558 1827 2625 τῆς

248 2643 602 2709 ἀμφιϐολίας·
638 2644 698 2696 οὗ
748 2646 857 2712 γὰρ
881 2640 995 2713 εἶχε
1024 2648 1056 2714 ή
1089 2646 1367 2716 Παρθένος
1419 2649 1606 2700 εἰκόνα
1638 2648 1744 2699 τῶν
1775 2650 1831 2699 ἐν

250 2736 390 2803 αὐτῇ
414 2735 776 2803 τελουμένων,
807 2738 904 2789 οὐκ
931 2734 1076 2806 εἶχεν
1131 2740 1559 2810 ἐνοπτρίσασθαι
1595 2740 1653 2791 τὸ
1679 2740 1830 2810 τηλιο

253 2828 447 2880 κοῦτον
481 2830 803 2899 μυστήριον·
830 2830 914 2883 διὰ
944 2830 1102 2884 τοῦτό
1152 2847 1306 2901 φησι·
1359 2831 1491 2897 Πῶς
1528 2834 1699 2885 ἔσται
1729 2850 1829 2900 μοι

251 2919 429 2972 τοῦτο
454 2935 471 2982 ,'
500 2920 560 2973 οὐ
615 2922 724 2991 γὰρ
770 2922 979 2991 ἥκουσα
1015 2923 1289 2992 Παρθένον
1323 2923 1447 2991 δίχα
1486 2924 1687 2992 μίξεως
1726 2940 1820 2991 γε-

255 3014 585 3082 γεννηκυϊάν
610 3029 763 3065 ποτε·
812 3009 928 3067 οἶδα
965 3014 1230 3077 τεκούσας
1278 3014 1503 3078 πολλὰς,
1543 3014 1678 3069 ἀλλὰ
1710 3033 1831 3086 μει-

254 3105 426 3167 νάσας
464 3104 769 3174 παρθένους
817 3106 954 3175 μετὰ
1012 3108 1103 3159 τὸν
1138 3108 1297 3160 τόκον
1328 3110 1429 3161 οὐκ
1458 3103 1596 3161 οἴδα.
1646 3110 1743 3161 Διὰ
1775 3107 1831 3161 τί

253 3198 317 3248 ἐκ
345 3198 446 3265 τῆς
511 3198 729 3267 στείρας
776 3199 808 3268 ἡ
865 3199 1126 3262 Θεοτόκος
1178 3202 1473 3264 -ςεννᾶταις
1547 3200 1702 3255 Ἐπεὶ
1734 3200 1827 3255 οῦν

1925 633 2007 686 dit
2041 649 2054 685 :
2096 630 2372 696 Quomodo
2429 631 2515 697 ﬁet
2568 630 2732 688 istud,
2766 628 3017 696 quoniam
3077 625 3245 677 virum
3288 642 3390 677 non
3416 642 3503 677 co-

1927 740 2114 793 gnosco
2152 721 2332 788 20mg
2363 737 2492 789 ergo
2532 732 2614 775 est
2669 722 2769 774 ista
2817 717 3132 773 anomalia?
3182 730 3362 771 nonne
3415 716 3498 771 in-

1925 817 2138 886 justitia
2197 816 2338 886 apud
2396 814 2561 867 Deum
2602 814 2623 865 ?
2679 814 2834 867 Absit
2876 813 2887 865 !
2938 810 3235 865 Zacharias
3286 809 3504 878 quidem

1928 922 2057 974 ergo
2083 922 2242 976 poena
2275 905 2564 959 mulctatus
2611 913 2693 957 est
2724 904 2970 967 ;habens
3002 901 3221 970 quidem
3261 899 3503 967 exempla

1931 1001 2163 1069 plurima
2211 999 2413 1055 sterilis
2464 1007 2519 1051 et
2558 1008 2716 1050 amate
2765 1006 3032 1065 provectae
3093 993 3377 1063 parientis,
3419 1002 3501 1045 at-

1932 1106 2111 1147 tamen
2152 1106 2259 1145 non
2316 1092 2380 1145 nul
2433 1090 2704 1143 anteriora
2763 1098 3003 1155 tempora
3070 1086 3314 1154 respicit,
3374 1086 3499 1136 licet

1932 1185 2065 1254 legis
2092 1182 2299 1252 peritus
2328 1183 2469 1236 sitet
2491 1182 2664 1249 legem
2701 1178 2957 1233 omnibus
2978 1187 3235 1247 exponat.
3265 1176 3472 1245 Oporte

1932 1278 2024 1331 bat
2048 1275 2193 1329 enim
2228 1275 2377 1327 illum
2409 1275 2461 1327 in
2491 1272 2767 1327 Abraham
2803 1272 3075 1339 respicere
3108 1281 3160 1324 et
3192 1272 3244 1325 in
3282 1272 3501 1331 Suram,

1933 1368 2215 1439 oportebat
2244 1366 2521 1420 recordari
2545 1364 2869 1427 Rebeceam,
2905 1363 3190 1429 Oportebat
3224 1361 3505 1415 recordari

1936 1460 2166 1512 Samson
2200 1466 2454 1515 matrem,
2480 1453 2675 1508 Eleana
2702 1462 2757 1507 et
2789 1455 2997 1506 Annam
3027 1462 3081 1505 et
3112 1450 3275 1504 David
3306 1466 3476 1504 eanen
3496 1479 3508 1489 -

1936 1558 2043 1604 tem
2076 1551 2128 1603 in
2156 1549 2412 1611 Psalmis,
2445 1547 2810 1611 Quihabitare
2834 1546 2965 1615 facit
2991 1546 3224 1598 sterilem
3256 1543 3309 1596 in
3331 1544 3507 1605 domo,

1934 1651 2157 1694 matrem
2191 1641 2245 1692 in
2277 1640 2415 1707 ﬁlios
2441 1642 2727 1693 (celantem.
2760 1635 2841 1691 0b
2865 1651 2983 1691 eam
3008 1636 3173 1705 igitur
3198 1650 3419 1689 causam
3454 1634 3507 1687 in

1938 1734 2119 1802 lingua
2158 1746 2372 1801 pinnam
2406 1731 2615 1799 recipit,
2651 1730 2797 1799 quod
2834 1730 3036 1783 nullam
3072 1743 3103 1781 θ
3145 1727 3279 1795 legis
3316 1726 3509 1795 cogni-

1937 1826 2084 1879 tione
2128 1824 2414 1877 utilitatem
2457 1822 2723 1877 relulerit.
2778 1821 2943 1891 Virgo
2990 1829 3174 1873 autem
3231 1818 3509 1880 haesitans,

1867 1892 1908 1951 Β
1939 1932 2152 1986 poenam
2175 1931 2282 1969 non
2303 1914 2515 1984 recipit,
2542 1913 2781 1984 primum
2805 1914 3027 1982 quidem
3042 1910 3167 1979 qui:
3190 1919 3364 1964 mater
3388 1923 3511 1964 esse

1931 2010 2159 2064 debebat
2186 2008 2355 2063 futuri
2390 2007 2579 2061 mundi
2614 2004 2855 2071 Judicis;
2879 2021 2988 2060 non
3020 2020 3187 2059 ausus
3214 2014 3295 2059 est
3327 2014 3509 2055 autem

1930 2103 2144 2159 Gabriel
2189 2115 2406 2171 poenam
2459 2114 2678 2155 sumere
2726 2099 2794 2153 de
2843 2107 3015 2151 matre
3049 2095 3280 2159 Judicis,
3321 2095 3511 2149 adorat

1929 2211 2058 2250 vero
2091 2206 2351 2258 tremens,
2394 2192 2585 2247 videns
2628 2192 2679 2246 in
2734 2191 2820 2245 illa
2866 2189 3034 2245 Deum
3071 2188 3365 2245 ereationis
3414 2204 3510 2240 au-

1929 2300 2158 2347 ctorem.
2197 2288 2499 2358 Oportebat
2528 2287 2674 2341 enim
2715 2286 2862 2340 illam
2892 2283 3257 2338 immortalem
3293 2292 3509 2335 uterum

1932 2398 2259 2439 conservare
2292 2384 2344 2435 in
2379 2395 2493 2449 quo
2532 2380 2811 2433 secundus
2842 2378 3011 2430 Adam
3045 2377 3340 2433 conclusus
3370 2384 3508 2429 erat.

1930 2474 2134 2528 Prmter
2174 2473 2263 2526 illa
2311 2488 2440 2525 vero
2472 2486 2579 2523 non
2620 2478 2737 2523 erat
2779 2469 2989 2537 justum
3026 2468 3285 2539 virginem
3318 2481 3512 2538 prunas

1933 2569 2063 2622 dare
2086 2568 2156 2621 ob
2185 2565 2458 2621 sermonis
2492 2563 2975 2633 amphibologiam.
3014 2560 3130 2616 Non
3171 2560 3318 2615 enim
3350 2561 3513 2613 habe-

1933 2664 2027 2716 bat
2057 2661 2209 2730 virgo
2231 2659 2540 2728 exemplum
2576 2672 2758 2710 rerum
2788 2671 2910 2724 quae
2936 2654 2989 2710 in
3020 2655 3136 2723 ipsa
3161 2653 3513 2722 compleban-

1934 2765 2041 2816 tur,
2081 2767 2187 2805 non
2222 2752 2457 2804 habebat
2487 2749 2672 2803 videre
2706 2759 2763 2802 ut
2807 2748 2858 2801 in
2894 2747 3118 2815 Speculo
3143 2755 3351 2801 tantum
3396 2761 3511 2814 my-

1936 2842 2182 2897 sterium.
2220 2839 2345 2894 Ideo
2370 2840 2499 2893 dicit
2537 2856 2550 2892 :
2586 2838 2861 2904 Quomodo
2893 2838 2980 2906 ﬁet
3014 2837 3140 2889 mihi
3193 2836 3377 2890 istud?
3402 2852 3509 2889 non

1934 2934 2077 2987 enim
2104 2932 2284 2986 audivi
2306 2933 2568 2997 virginem
2597 2932 2715 2986 sine
2739 2934 2883 2986 coitu
2912 2946 3151 2999 unquam
3185 2943 3510 2997 generasse;

1936 3024 2051 3077 scio
2102 3023 2301 3076 multas
2335 3023 2630 3091 peperisse,
2673 3020 2766 3075 sed
2801 3021 3040 3086 virgines
3082 3018 3353 3072 mansisse
3393 3026 3515 3086 post

1934 3126 2149 3185 partum
2183 3114 2361 3168 nullas
2383 3114 2520 3168 seio.
2549 3113 2660 3167 Cur
2692 3129 2755 3168 ex
2791 3114 2959 3168 sterili
2994 3111 3291 3179 Deiparens
3335 3108 3513 3163 nasci-

1938 3207 2059 3261 tur?
2092 3206 2230 3271 Quia
2264 3205 2431 3274 igitur
2459 3203 2690 3257 debebat
2724 3204 2878 3271 virgo
2928 3201 3229 3270 Deiparens
3255 3214 3321 3253 ex
3356 3200 3511 3251 Anna

253 3283 478 3349 εμελλεν
508 3287 541 3355 ἡ
570 3288 829 3351 Θεοτόκος
880 3288 1158 3359 Παρθένος
1197 3292 1261 3342 ἐκ
1294 3291 1391 3359 τῆς
1430 3291 1626 3360 Ἀννης
1652 3291 1827 3343 τίκτε‹

1937 3299 2112 3361 nasci,
2153 3314 2260 3353 non
2293 3297 2529 3352 audebat
2571 3311 2766 3351 natura
2805 3296 3109 3367 producere
3136 3295 3280 3373 hunc
3325 3291 3512 3361 gratim

254 3376 399 3439 σθαι,
441 3379 540 3431 οὐκ
566 3380 768 3448 ἐτόλμα
800 3382 831 3449 ἡ
864 3381 1026 3448 φύσις
1056 3382 1351 3452 προλαϐεῖν
1386 3383 1448 3435 τὸ
1480 3383 1581 3452 τῆς
1608 3386 1831 3455 χάριτος

253 3466 565 3539 βλάστημα,
600 3472 714 3525 ἀλλ’
756 3473 949 3541 ἔμενεν
1004 3473 1253 3545 ἄκαρπος
1307 3476 1411 3536 ἓως
1466 3478 1498 3546 ἡ
1546 3480 1706 3549 χάρις
1740 3478 1831 3531 τὸν

253 3564 465 3632 καρπὸν
485 3564 836 3634 ἐϐλάστησεν·
870 3566 975 3619 ἔδει
1028 3567 1138 3637 γὰρ
1180 3569 1526 3636 πρωτότοκον
1572 3570 1829 3638 τεχθῆναι

253 3659 354 3724 τὴν
374 3657 673 3725 τεξομένην
709 3659 1053 3728 πρωτότοκον
1086 3661 1265 3731 πάσης
1288 3662 1538 3726 κτίσεως,
1572 3665 1629 3715 ἐν
1760 3664 1829 3717 τὰ

254 3750 431 3803 πάντα
467 3751 787 3819 συνέστηκε.

326 3841 421 3902 Τὸ,
475 3841 835 3911 Διελοτίζετο
892 3843 925 3914 ή
980 3843 1247 3914 παρθένος
1309 3850 1578 3913 ποταπὸς
1648 3850 1741 3917 εἴη
1795 3853 1829 3904 ό

254 3934 583 4003 ἀσπασμός
631 3931 834 4002 οὗτος,
898 3938 1020 3991 ἀντὶ
1072 3938 1190 4004 τοῦ,
1226 3940 1319 4011 Μὴ
1359 3940 1465 4012 ἄρα
1504 3960 1588 4005 τις
1628 3943 1829 4005 ἄτοπος

252 4025 327 4088 ὼς
360 4024 420 4089 ἐξ
456 4025 644 4097 ἀνδρὸς
673 4028 808 4096 πρὸς
848 4029 1041 4099 κόρην,
1071 4030 1102 4099 ἢ
1147 4030 1307 4093 θεῖος·
1345 4033 1532 4103 ἐπειδὴ
1563 4035 1656 4086 καὶ
1691 4033 1827 4087 Θεοῦ

255 4119 443 4186 μνήμη
470 4118 617 4171 ἐστὶν
644 4121 701 4169 ἐν
723 4119 892 4189 αὐτῷ,
918 4121 1005 4173 διὰ
1028 4121 1088 4174 τὸ
1118 4121 1297 4189 λέγειν
1321 4124 1501 4176 αὐτόν·
1531 4126 1592 4177 '0
1613 4127 1828 4193 Κύριος

246 4209 399 4277 μετὰ
424 4209 563 4263 σοῦ.

325 4299 449 4352 Ὅτι
487 4301 569 4363 τὸ,
602 4303 985 4368 κληθήσεται
1026 4306 1093 4361 τὸ
1122 4307 1309 4377 ὄνομα
1345 4310 1530 4364 αὐτοῦ
1572 4312 1825 4378 Ἰησοῦς.

250 4392 438 4461 σωτὴρ
466 4394 724 4463 σημαίνει
762 4396 796 4467 ἠ
846 4399 1092 4470 σωτηρία
1127 4399 1265 4453 Θεοῦ
1299 4402 1394 4455 καὶ
1444 4403 1609 4467 ίασις.
1644 4404 1740 4457 Διὰ
1772 4405 1825 4455 τί

247 4484 352 4536 οὐκ
382 4479 555 4550 εἶπεν,
598 4485 725 4550 Υἱὸς
794 4487 1055 4557 Ὑψίστου
1104 4491 1365 4562 ὑπάρχει,
1395 4491 1553 4561 ἀλλὰ,
1590 4493 1825 4562 κληθή-

1937 3390 2201 3450 l'ruetum.
2238 3402 2287 3444 et
2322 3389 2523 3445 sterilis
2556 3390 2761 3443 mansit
2794 3390 2969 3442 donec
3000 3387 3173 3457 gratia
3218 3387 3360 3439 hunc
3396 3383 3511 3436 fru-

1934 3492 2079 3537 ctum
2103 3481 2409 3549 germinare
2428 3480 2575 3536 l'ecit.
2593 3479 2894 3550 Oportebat
2915 3479 3060 3532 enim
3091 3475 3509 3547 primogenitam

1936 3576 2085 3629 nasci
2117 3589 2238 3643 quae
2264 3574 2510 3642 paritura
2542 3582 2663 3627 erat
2696 3570 3119 3642 primogenitum
3152 3569 3320 3623 totius
3351 3581 3506 3620 crea-

1936 3666 2098 3719 tion‘s
2134 3669 2184 3718 in
2219 3681 2330 3734 quo
2376 3665 2560 3718 utnuia
2593 3672 2864 3718 constant.

2003 3849 2167 3905 Vsns.
2199 3849 2287 3905 29.
2339 3849 2499 3912 Illud,
2539 3848 2817 3918 Cogitabat
2862 3847 3015 3916 virgo
3050 3861 3167 3914 qua:
3210 3854 3343 3897 esset
3397 3844 3503 3896 ista

1930 3944 2209 4005 salutatio,
2244 3944 2447 3997 dicitur
2480 3956 2599 4010 pro,
2631 3955 2813 3995 nonne
2839 3948 2988 3994 esset
3016 3938 3273 3992 indecens
3303 3935 3508 3989 saluta-

1932 4037 2008 4090 tio
2052 4036 2153 4088 viri
2200 4035 2267 4088 ad
2342 4035 2575 4103 puellam
2644 4032 2747 4085 nisi
2788 4030 2974 4084 divina
3026 4045 3039 4082 :
3107 4027 3369 4097 quoniam
3412 4024 3509 4079 Dei

1932 4128 2263 4183 mentionem
2292 4125 2548 4187 faciebat,
2585 4124 2815 4179 dicendo
2844 4142 2857 4177 :
2889 4122 3142 4189 Dominus
3169 4130 3363 4173 tecum.

2001 4314 2164 4369 Vens.
2186 4312 2273 4368 5'2.
2290 4311 2451 4374 Illud,
2482 4310 2763 4365 Vocabitur
2784 4326 2968 4363 nomen
2982 4310 3096 4378 ejus
3117 4307 3295 4369 Iesus,
3316 4305 3507 4361 Salva-

1932 4415 2107 4461 torem
2134 4405 2405 4474 signiﬁcat
2443 4412 2539 4457 aut
2570 4401 2663 4456 Dei
2682 4402 2913 4460 salutem
2935 4409 2989 4455 et
3017 4398 3509 4454 sanationem.Cur

1931 4513 2037 4553 non
2078 4499 2231 4562 dicit,
2291 4496 2463 4551 Filius
2507 4494 2779 4551 Altissimi
2835 4502 2943 4557 est,
3003 4491 3121 4557 sed,
3180 4490 3510 4545 Vocabitur?

247 4592 459 4641 aetas;
486 4576 583 4630 Διά
618 4578 679 4632 τὸ
734 4578 1080 4652 ἀνθρώπινον
1131 4583 1290 4638 τοῦτο
1322 4584 1543 4653 λέγεται
1564 4599 1578 4615 °
1612 4584 1818 4656 ἐκλήθη

1930 4587 2159 4659 Pr0pter
2208 4589 2511 4642 humanum
2558 4587 2629 4641 ita
2681 4586 2942 4655 loquitur,
2994 4598 3121 4637 nam
3165 4590 3391 4635 vocatus
3424 4589 3507 4634 est

247 4671 359 4741 γὰρ
388 4670 484 4724 καὶ
507 4674 535 4725 ό
579 4674 859 4744 Κυριακὸς
884 4675 1171 4747 ἄνθρωπος
1197 4680 1263 4748 τῇ
1298 4682 1501 4750 μετοχῇ
1545 4679 1645 4749 τῆς
1672 4680 1824 4743 θείας

248 4760 465 4829 φύσεως
510 4761 638 4825 Υίδς
661 4761 820 4819 Θεοῦ.
840 4765 933 4830 Τὸ,
960 4767 1144 4820 Δώσει
1163 4766 1325 4833 αὑτῷ
1354 4770 1571 4835 Κύριος
1609 4772 1643 4822 ό
1676 4770 1824 4837 Θεὸς

245 4852 354 4904 τὸν
377 4853 595 4919 θρόνον
620 4854 796 4907 Δαϐίδ
840 4856 950 4910 τοῦ
981 4859 1207 4927 πατρὸς
1243 4860 1455 4923 αὑτοῦ.
1515 4864 1581 4932 τῇ
1612 4862 1824 4916 οἰκονο-

249 4943 351 5011 μία
383 4944 664 5013 ἁρμόττει·
718 4945 906 5016 θρόνον
958 4947 1017 5001 δὲ
1072 4950 1173 5002 οὐκ
1208 4950 1491 5021 αἰσθητὸν,
1552 4952 1690 5005 ἀλλὰ
1733 4952 1823 5005 τὸν

250 5036 417 5104 μηδὲν
442 5035 636 5106 θνητὸν
653 5038 729 5102 ὠς
755 5040 1019 5111 ἐπίκηρον
1048 5040 1261 5110 ἔχοντα,
1287 5044 1376 5097 τὸν
1416 5043 1540 5097 καθ’
1562 5044 1690 5114 ὅλης
1722 5045 1822 5115 τῆς

245 5130 571 5200 οἰκουμένης

328 5222 458 5275 Ἐπὶ
508 5222 614 5275 τὸν
639 5219 809 5277 οἷκον
871 5225 1087 5286 Ἰακὼϐ.
1125 5228 1415 5297 νοήσομεν,
1465 5230 1589 5290 τοὺς
1628 5230 1819 5296 ἐγκεν-

243 5315 564 5382 τρισῢέντας
594 5317 687 5368 ἐπὶ
714 5318 804 5369 τὸν
826 5318 920 5369 τοῦ
962 5320 1154 5371 Ἰακὼό
1181 5317 1331 5373 οἶκον
1364 5322 1613 5385 ὲθνικοὺς
1634 5322 1783 5390 λέγει
1801 5338 1815 5353 ⁸

242 5406 304 5455 τὸ
333 5404 411 5464 δὲ,
449 5406 554 5457 Καὶ
586 5405 695 5474 τῆς
715 5408 1040 5475 βασιλείας·
1063 5412 1249 5465 αὐτοῦ
1279 5414 1391 5465 οὐκ
1416 5414 1588 5467 ἔσται
1622 5414 1819 5481 τέλος,

241 5498 339 5565 τὴν
366 5497 440 5560 ὡς
467 5498 604 5552 Θεοῦ
637 5518 669 5551 α
694 5502 861 5553 ωνίαν
897 5502 1173 5572 βασιλείαν
1210 5505 1379 5573 λέγει.

319 5588 431 5639 Οᾷκ
479 5590 700 5643 ἀπιστεί
732 5592 867 5663 πρὸς
904 5593 995 5646 τὸν
1046 5595 1221 5663 λόγον,
1283 5598 1399 5650 ἀλλ’
1448 5598 1672 5651 ἀπαιτεῖ
1728 5598 1821 5653 τὸν

246 5678 468 5748 τρόπον.
519 5681 575 5736 Ὀ
594 5677 686 5735 05v
712 5685 988 5755 Ζαχαρίας
1025 5689 1351 5759 ἠπίστηκεν·
1390 5692 1421 5759 ἡ
1465 5692 1520 5744 δὲ
1545 5692 1820 5762 Παρθένος

242 5773 343 5824 οὐκ
377 5774 617 5829 ἀπιστεῖ.
658 5778 893 5841 Ἐκεῖνος
933 5780 1107 5849 ἔλεγε·
1151 5786 1309 5837 Κατὰ
1370 5786 1421 5837 τί
1470 5786 1819 5855 γνώσομαι;

245 5864 431 5932 ἐζήτει
470 5871 693 5938 σημεῖον
728 5870 909 5926 λαϐεῖν
942 5874 1025 5928 ἵνα
1056 5877 1353 5948 πιστεύσῃ·
1384 5879 1413 5948 ἡ
1447 5878 1502 5930 δὲ
1542 5879 1815 5950 ΙΙαρΟένος

1929 4681 2094 4735 homo
2122 4679 2437 4734 Dominicus
2464 4679 2669 4733 unione
2704 4686 2911 4731 natura:
2936 4676 3139 4731 divina:
3175 4673 3350 4728 Filius
3386 4672 3503 4726 Dei.

1927 4773 2084 4838 Illud,
2112 4771 2270 4826 Dabit
2294 4771 2373 4825 illi
2394 4771 2652 4824 Dominus
2683 4769 2821 4823 Deus
2855 4768 3101 4821 thronum
3134 4765 3306 4819 David
3335 4765 3505 4834 patris

1925 4865 2080 4934 ejus,
2103 4861 2468 4918 inearnationi
2490 4862 2800 4929 adaptatur.
2826 4859 3109 4913 Thronum
3124 4868 3305 4912 autem
3330 4857 3511 4911 innuit

1927 4972 2035 5012 non
2076 4956 2439 5015 materialem.
2483 4953 2576 5009 sed
2636 4954 2771 5008 nihil
2816 4952 3049 5007 mortale
3082 4965 3181 5005 nec
3232 4951 3502 5006 caducum

1928 5048 2239 5110 habentem,
2261 5054 2315 5100 et
2346 5046 2398 5099 in
2430 5046 2749 5099 universum
2776 5044 2965 5097 orbem
2996 5040 3392 5097 dominantem.

1997 5234 2162 5289 Vens.
2200 5234 2288 5287 55.
2328 5230 2395 5286 In
2416 5231 2631 5285 domum
2655 5229 2849 5297 Jacob,
2879 5240 2939 5285 ut
2964 5228 3377 5301 intelligendum
3397 5240 3502 5291 est,

1924 5328 2191 5381 excitatos
2232 5326 2285 5377 in
2316 5324 2542 5378 domum
2579 5322 2751 5377 Jaeob
2778 5324 3025 5378 ethnicos
3057 5322 3212 5378 dicit.
3268 5320 3331 5374 Et
3354 5324 3496 5391 regni

1924 5423 2037 5490 ejus
2074 5436 2174 5473 non
2205 5419 2305 5472 erit
2336 5416 2483 5486 ﬁnis,
2510 5432 2737 5487 regnum
2768 5426 2827 5471 ut
2851 5431 3081 5487 regnum
3110 5415 3205 5471 Dei
3233 5425 3501 5471 :eternum

1926 5513 2152 5566 indicat.

2000 5604 2163 5657 Vrns.
2201 5602 2289 5657 51.
2327 5599 2445 5655 Non
2480 5599 2722 5656 sermoni
2769 5599 2983 5665 dillidit,
3025 5600 3123 5655 sed"
3154 5600 3373 5654 modum
3405 5617 3498 5655 ex-

1925 5695 2112 5761 quiuit.
2156 5693 2450 5746 Zacharias
2487 5692 2652 5761 igitur
2684 5692 2905 5746 credere
2948 5692 3161 5755 abnuit,
3201 5693 3352 5762 virgo
3390 5708 3489 5745 an-

1926 5798 2031 5841 tem
2064 5788 2286 5841 credere
2336 5787 2549 5840 annuit.
2599 5786 2698 5841 llic
2727 5785 2861 5839 dixit
2901 5804 2914 5840 :
2958 5784 3103 5839 Unde
3149 5787 3243 5839 hoc
3288 5786 3499 5839 sciam?

1923 5897 2175 5951 qml'l't'lls
2198 5882 2411 5952 signum
2443 5881 2689 5952 accipere
2719 5890 2775 5934 ut
2806 5883 3013 5947 credat,
3038 5881 3189 5951 virgo
3207 5894 3389 5938 autem
3418 5882 3498 5936 di-
