4220 6432
747 417 878 481 ΙῙΒἾ

1453 408 1843 469 OI’USCULA
1869 399 2504 464 SCRIPTURISTICA
2539 396 2885 458 INCERTE
2929 392 3241 453 .‘ETATIS.

3901 383 4029 449 1188

745 531 1113 601 Multiplicaus
1151 526 1515 595 multiplicabo
1550 539 1724 577 semen
1767 532 1955 583 ttmm;
1987 519 2323 588 multiplica-

2454 513 2671 582 τπέρμα
2717 528 2863 567 σου·
2902 508 3216 579 ἐπληθύνθη
3251 506 3361 577 γὰρ
3396 506 3455 559 τὸ
3490 504 3713 576 σπέρμα
3752 502 4030 572 Ἀϐραάμ,

737 636 853 680 tum
878 634 962 679 est
995 623 1139 677 enim
1175 634 1359 674 semen
1399 618 1631 670 Abrahze
1660 617 1712 669 in
1744 630 1955 677 semt-n,
1988 612 2244 681 gentibus
2272 611 2324 662 in

742 720 862 787 ipso
893 714 1190 771 benedictis
1222 727 1315 780 per
1346 710 1628 765 Christum
1667 709 1720 761 in
1758 722 1921 776 quem
1954 705 2044 761 isti
2078 703 2329 759 credide-

739 821 889 869 runt.

813 905 975 958 Vens.
1028 901 1118 953 76.
1172 897 1238 952 Ut
1297 896 1603 952 mirabilem
1662 893 1927 947 habuerat
1981 890 2326 943 nativitatem

739 997 1001 1058 Joannes,
1028 996 1097 1047 ita
1122 993 1425 1046 mirabilem
1454 992 1616 1043 habet
1638 1002 1859 1058 quoque
1887 984 2325 1053 intelligentiam;

741 1090 963 1159 quando
1007 1087 1152 1140 enim
1195 1085 1415 1145 dicitur,
1446 1083 1513 1136 Et
1552 1094 1628 1144 tu,
1668 1096 1815 1147 puer,
1850 1088 2109 1147 tanquam
2140 1076 2206 1129 ad
2237 1090 2327 1129 au-

743 1184 980 1235 dientem
1013 1187 1066 1233 et.
1120 1178 1515 1244 iutelh’gentcm
1555 1174 1776 1226 dicitur.
1818 1169 2174 1239 PrOphctizat
2227 1183 2330 1221 au—

745 1283 853 1327 tem
901 1273 1136 1327 dicendo
1188 1286 1203 1323 :
1241 1269 1461 1325 Prtcibit
1519 1268 1659 1319 enim
1707 1276 1829 1318 ante
1873 1265 2065 1333 faciem
2116 1260 2333 1314 Domini

751 1380 945 1431 parare
975 1362 1087 1415 vias
1130 1362 1244 1430 ejus
1273 1373 1290 1413 :
1327 1359 1378 1412 id
1410 1368 1593 1412 autem
1628 1356 1907 1426 signiﬁcat
1956 1352 2103 1422 quod
2166 1351 2332 1420 paulo

748 1466 867 1524 post
895 1470 1003 1507 non
1045 1453 1209 1507 debet
1241 1467 1469 1521 puerum
1519 1450 1719 1503 habere
1752 1448 1805 1501 iu
1855 1447 2021 1500 domo
2069 1458 2169 1498 sua
2203 1444 2333 1498 edu-

743 1558 949 1600 (ἐιῑιιιιι.

819 1641 983 1695 Vens.
1022 1640 1109 1693 Π.
1143 1636 1437 1691 ΒιτῙοιιιὶοηι
1490 1633 1686 1688 salutis
1716 1645 2015 1701 quamuam
2071 1628 2203 1684 dicit
2237 1626 2334 1681 Za-

744 1732 1000 1785 charias?
1039 1730 1387 1784 Salutil’eraui
1436 1727 1489 1779 in
1539 1725 1822 1779 Christum
1872 1723 2055 1785 Iidem,
2107 1729 2161 1774 et
2205 1720 2331 1791 quia

745 1826 970 1880 scientia
1005 1822 1198 1878 salutis
1230 1821 1284 1875 in
1319 1830 1669 1890 peccaturum
1703 1815 2030 1871 remissione
2057 1815 2189 1873 erit,

1365 1941 1593 1999 CAPUT
1632 1940 1694 1994 Il.

826 2080 988 2132 Vnus.
1046 2079 1092 2129 l.
1135 2076 1237 2129 Ista
1282 2073 1580 2142 descriptio
1622 2073 1774 2125 utilis
1804 2073 1859 2124 tit
1896 2070 1961 2124 ad
1998 2068 2332 2139 implendam

748 2173 1091 2240 Scripturaui
1145 2170 1474 2222 dicentem:
1528 2166 1595 2219 Et
1663 2178 1741 2226 tu,
1784 2164 2069 2225 Bethleem,
2144 2164 2332 2215 domus

747 2262 1050 2337 Epltratlta.
1078 2261 1383 2330 Descriptio
1412 2263 1492 2325 lit,
1515 2259 1818 2312 omittendo
1840 2257 1991 2310 illinc
2016 2256 2329 2325 Deiparani.

825 2454 987 2508 Vsus.
1024 2452 1073 2505 7.
1102 2450 1214 2505 Cur
1237 2447 1722 2516 dicitcvangclista
1752 2443 1953 2498 Filium
1986 2444 2099 2513 ejus
2135 2444 2334 2512 primo-

750 2549 1022 2623 genitum?
1053 2545 1122 2603 Ut
1158 2547 1392 2617 primum
1429 2548 1567 2596 inter
1607 2557 1819 2597 ontues.
1856 2538 1911 2593 In
1948 2539 2213 2609 prtesepio
2244 2553 2340 2607 po-

754 2648 923 2707 nitur,
951 2651 1011 2695 ut
1042 2657 1141 2694 nos
1172 2640 1241 2692 ab
1273 2637 1485 2691 insania
1525 2637 1737 2688 liberet.
1831 2663 1836 2668 -

824 2735 992 2791 Vens.
1022 2735 1108 2787 Η).
1142 2734 1273 2796 Quae
1303 2740 1433 2785 sunt
1469 2730 1557 2782 illa
1589 2742 1713 2795 qnze
1751 2722 2118 2779 conservabat
2152 2720 2339 2776 omnia

754 2828 957 2884 Maria?
1004 2827 1220 2892 Quanta
1272 2823 1491 2877 dixerat
1540 2820 1611 2873 illi
1661 2818 1911 2886 angelus,
1945 2824 2151 2885 quanta
2199 2828 2343 2868 nunc

754 2921 932 2991 angeli
960 2928 1205 2980 cantant,
1227 2926 1434 2985 quanta
1456 2913 1649 2966 dicunt
1673 2921 1953 2980 pastozes;
1985 2924 2049 2963 ex
2085 2909 2343 2962 omnibus

753 3025 938 3071 autem
973 3012 1337 3068 concludebat
1370 3008 1537 3060 Deum
1576 3021 1697 3059 esse
1719 3006 1811 3074 qui
1836 3019 1902 3057 ex
1934 3003 2023 3056 illa
2051 3012 2214 3055 natus
2236 3008 2341 3054 est.

831 3107 1113 3164 Vens.9.l.
1160 3102 1318 3170 Quod
1370 3103 1422 3154 in
1456 3098 1887 3154 circumcisione
1935 3105 2182 3151 sccatuni
2236 3102 2341 3157 est,

761 3203 854 3258 alii
899 3202 1092 3256 dicunt
1124 3199 1176 3251 in
1212 3204 1451 3266 quatuor
1485 3194 1758 3248 elementa
1790 3189 2120 3245 dissolutum
2149 3186 2343 3249 fuisse,

2432 606 2511 665 εἰς
2564 605 2787 671 σπέρμα
2856 602 2951 654 καὶ
2995 600 3104 653 τῶν
3147 599 3319 652 ἐθνῶν
3364 598 3729 666 λογισθέντων
3764 593 3927 662 αὐτῷ
3953 592 4034 644 διὰ

2433 696 2668 766 Χριστοῦ
2702 697 2781 758 εἰς
2803 695 2864 749 ὃν
2894 696 3092 747 ἐκεῖνοι
3122 692 3471 747 ἐπίστευσαν.

2507 885 2631 936 Ὅτι
2683 879 2991 951 παράδοξον
3040 879 3117 943 ὡς
3151 878 3405 948 γέννησιν
3454 877 3613 947 ἔσχεν
3656 878 3684 928 ὀ
3750 876 4033 945 Ἰωάνισης,

2432 976 2577 1029 οὕτω
2608 976 2701 1028 καὶ
2733 973 3035 1045 παράδοξον
3067 975 3321 1041 αἴσθησιν
3343 989 3356 1004 ·
3391 972 3469 1023 ὅτ’
3493 972 3560 1023 ἂν
3588 972 3698 1039 γάρ
3732 970 3901 1040 λέγῃ.
3932 971 4034 1023 Καὶ

2433 1069 2537 1134 σὺ,
2570 1068 2837 1131 παιδίον,
2863 1067 2939 1129 ὼς
2959 1066 3096 1137 πρὸς
3136 1065 3402 1119 ἀκούοντα
3436 1064 3585 1132 λέγει
3638 1063 3735 1116 καὶ
3785 1062 4035 1124 ἑνωτςό-

2437 1178 2619 1231 μενον.
2667 1159 3010 1231 Προφητεύει
3060 1159 3119 1214 δὲ
3143 1161 3202 1212 ἐν
3248 1158 3327 1227 τῷ
3371 1157 3581 1227 λέγειν·
3631 1157 4035 1225 Προπορεύσῃ

2433 1257 2545 1324 γὰρ
2577 1255 2690 1322 πρὸ
2724 1253 3055 1322 προσώπου
3099 1253 3324 1320 Κυρίου
3361 1250 3673 1319 ἑτοιμάσαι
3705 1249 3899 1314 ὀδοὺς
3930 1251 4032 1301 αὐ-

2433 1346 2577 1400 τοῦ’
2606 1345 2770 1399 τοῦτο
2804 1345 2864 1398 δὲ
2914 1346 3193 1416 σημαίνει,
3236 1346 3319 1398 ὅτι
3358 1345 3475 1413 μετ’
3502 1344 3687 1413 ὀλίγον
3730 1343 3796 1396 οὐ
3848 1343 4034 1412 μέλλει

2435 1439 2579 1509 ἔχειν
2606 1438 2769 1494 αὐτὸν
2800 1439 2931 1510 παρ’
2960 1438 3138 1509 ἑαυτῷ
3167 1438 3529 1509 τρεφόμενον.

2505 1622 2711 1675 Γνῶσιν
2740 1622 3016 1693 σωτήριας
3046 1621 3171 1677 τίνα
3206 1622 3355 1691 λέγει
3388 1624 3418 1676 ὁ
3461 1623 3775 1694 Ζαχαρίαςς
3806 1622 3855 1675 Τ
3859 1622 3930 1692 ὴν
3964 1624 4037 1684 είς

2436 1716 2672 1786 Χριστὸν
2704 1718 2975 1787 σωτήριον
3014 1718 3222 1782 πίστιν,
3251 1718 3345 1770 καὶ
3374 1719 3456 1770 ὄτι
3486 1719 3520 1788 ἡ
3553 1718 3757 1785 γνῶσις
3790 1719 3896 1787 τῆς
3940 1733 4039 1769 σω-

2436 1811 2652 1882 τηρίας,
2677 1811 2733 1864 ὲν
2760 1813 2955 1881 ἀφέσει
2979 1812 3268 1883 ἁμαρτιῶν
3286 1814 3460 1870 ἔσται.

3014 1943 3269 1998 ΚΕΦΑΛ.
3321 1944 3376 1995 B'
3398 1979 3416 1992 .

2510 2069 2635 2123 Ὅτι
2667 2070 2701 2141 ἡ
2731 2070 3030 2143 ἀπογραφὴ
3067 2072 3340 2143 χρήσιμος
3367 2070 3599 2140 γίνεται,
3640 2074 3731 2127 ἵνα
3771 2075 4039 2145 πληρωθῇ

2437 2161 2470 2230 ἡ
2504 2160 2698 2232 Γραφὴ
2728 2162 2760 2232 ή
2792 2161 3027 2231 λέγουσα
3046 2179 3061 2194 ο
3095 2164 3207 2217 Καὶ
3236 2163 3343 2231 σὺ,
3377 2163 3653 2233 Βηθλεὲμ
3672 2204 3691 2229 ,
3736 2165 3910 2231 οἶκος
3937 2168 4039 2220 τοῦ

2452 2252 2736 2321 Ἔφραθά.
2778 2253 2843 2306 'H
2875 2252 3175 2326 ἀπογραφὴ
3204 2255 3437 2323 γίνεται,
3470 2256 3569 2326 τὴν
3599 2256 3874 2310 Θεοτόκον
3905 2258 4044 2310 ἐκεῖ.

2443 2343 2535 2397 θεν
2566 2347 2948 2417 ἐκπέμπουσα.

2512 2437 2612 2491 Διά
2636 2438 2689 2491 τί
2721 2434 2876 2492 εἶπεν
2908 2442 2937 2494 ὁ
2961 2440 3377 2512 εὐαγγελιστὴς,
3411 2442 3523 2497 Τὸν
3552 2442 3690 2496 υἱὸν
3712 2443 3917 2510 αὐτῆς
3941 2443 4045 2497 τὸν

2443 2537 2857 2604 πρωτότοκον;
2895 2536 2983 2600 Ὠς
3020 2538 3372 2609 πρωτεύοντα
3412 2539 3474 2590 ἒν
3504 2540 3693 2594 πᾶσιν.
3725 2539 3855 2593 Ὅτι
3886 2542 3947 2592 ὲν
3977 2542 4042 2611 τῇ

2445 2630 2623 2702 φάτνῃ
2648 2629 2877 2695 τίθεται,
2906 2631 2993 2683 ἵνα
3012 2632 3161 2702 ἡμᾶς
3190 2632 3289 2701 τῆς
3315 2631 3538 2698 ἀλογίας
3561 2632 3939 2701 λυτρώσηται.

2518 2721 2655 2774 [lolii
2698 2723 2838 2774 εἰσιν
2887 2723 2922 2775 ἃ
2954 2725 3239 2794 συνετήρει
3293 2725 3533 2795 πάνταή
3579 2725 3859 2796 Μαριάμ;
3907 2727 4044 2779 Ὀσα

2446 2810 2601 2867 εἶπεν
2645 2814 2781 2885 αὐτῇ
2825 2814 2855 2867 ὁ
2903 2815 3159 2883 ἄγγελος,
3210 2817 3311 2870 ὅσα
3342 2820 3438 2871 νῦν
3477 2817 3745 2888 ὑμνοῦσιν
3781 2818 4043 2887 ἄγγελοι,

2447 2905 2549 2959 ὅσα
2579 2905 2798 2975 λέγουσι
2834 2908 3116 2977 ποιμένες.
3167 2910 3460 2981 Συνέκρινε
3490 2912 3546 2965 δὲ
3576 2913 3638 2964 ὲκ
3670 2914 3919 2976 πάντων,
3967 2913 4048 2965 ὅτι

2449 2999 2578 3062 Θεός
2610 3001 2758 3053 ἐστιν
2785 3002 2813 3054 ὁ
2841 3002 3057 3071 τεχθεὶς
3090 3002 3150 3067 ἐξ
3172 3004 3363 3074 αὐτῆς.

2526 3092 2647 3143 Ὀτι
2694 3092 2756 3144 τὸ
2786 3093 2885 3162 τῆς
2931 3097 3233 3166 περιτομῆς
3279 3096 3469 3160 κοπὲν,
3500 3098 3549 3150 οἱ
3582 3098 3683 3167 μὲν
3708 3098 3794 3161 εἰς
3828 3099 3901 3150 τὰ
3926 3098 4049 3151 τέσε-

2454 3198 2596 3253 σαρα
2633 3185 2873 3253 στοιχεῖα
2920 3183 3270 3256 ἀναλυθῆναιὶ
3294 3187 3566 3254 λέγουσιν,
3610 3191 3659 3241 οἱ
3706 3189 3767 3241 δὲ
3806 3191 3903 3241 ἐπὶ
3948 3190 4050 3259 γῆς

757 3298 848 3352 alii
876 3297 928 3349 in
964 3304 1164 3347 terram
1204 3290 1411 3359 jactum
1449 3301 1576 3341 esse
1612 3293 1672 3338 ut
1717 3282 2087 3337 sanctiﬁcat-ct
2116 3288 2340 3340 terram,

2454 3275 2694 3343 ῥιφῆναι,
2734 3275 2822 3329 ἵνα
2851 3276 3055 3346 ἁγιάσῃ
3087 3277 3185 3345 τὴν
3207 3278 3331 3346 γῆν,
3364 3277 3439 3339 ὡς
3463 3277 3559 3329 καὶ
3588 3278 3649 3331 τὸ
3673 3278 3855 3348 ῖχεθὲν
3882 3277 4051 3331 αὐτοῦ

759 3400 818 3445 ιιι
841 3396 1028 3458 postea
1048 3382 1272 3454 sanguis
1302 3380 1424 3449 ejus
1449 3388 1503 3432 et
1525 3391 1702 3447 aqua;
1732 3374 1821 3427 alii
1846 3382 2027 3426 autem
2054 3370 2340 3425 Christum

763 3485 815 3538 id
866 3491 1225 3536 conservasse
1251 3490 1360 3542 quo
1388 3472 1550 3527 scivit
1580 3470 1766 3529 modo,
1802 3475 1857 3521 et
1885 3467 1940 3520 in
1968 3480 2064 3520 sua
2095 3478 2343 3518 resurre-

756 3578 941 3633 Ctione
970 3573 1075 3629 sibi
1124 3568 1468 3630 restituisse;
1502 3566 1706 3619 etenim
1751 3572 1806 3617 et
1841 3576 1944 3616 nos
2004 3560 2058 3613 iu
2095 3572 2347 3613 resurre—

759 3671 945 3729 ctione
969 3680 1173 3735 corpus
1198 3670 1447 3717 nostrum
1473 3658 1744 3726 integrant
1773 3654 2131 3723 accipiemus.

830 3760 1000 3819 Vens.
1029 3759 1123 3814 ἓξ.
1153 3757 1374 3811 Dicente
1403 3751 1736 3821 evangelista
1772 3766 1786 3802 :
1822 3747 2115 3816 Postquam
2146 3744 2348 3813 impleti

760 3866 883 3911 sunt
917 3854 1030 3907 dies
1058 3847 1391 3918 purgationis
1421 3845 1537 3913 ejus
1564 3841 1856 3896 secundum
1880 3837 2065 3905 legem,
2089 3835 2227 3889 bene
2254 3832 2350 3887 ad-

758 3950 910 4022 jecit,
942 3960 1068 4002 nam
1104 3943 1277 4000 solius
1311 3937 1512 4009 impuri
1545 3944 1662 3989 erat
1689 3945 1889 4002 purum
1922 3942 2139 3999 parere.

839 4131 1004 4185 Vens.
1041 4127 1132 4183 25.
1173 4122 1331 4190 Quod
1380 4120 1447 4175 de
1482 4118 1706 4173 Simeon
1744 4115 1965 4180 dicitur,
1998 4111 2133 4166 Erat
2164 4127 2352 4181 exspe-

765 4236 918 4281 ctans
960 4219 1372 4277 consolationem
1398 4213 1590 4278 Israel,
1619 4212 1751 4265 illud
1790 4218 1874 4263 est
1921 4224 1935 4262 :
1982 4206 2203 4277 quando
2259 4219 2354 4276 per

766 4320 1048 4378 Christum
1086 4311 1543 4372 consolationem,
1566 4306 1783 4362 scilicet
1815 4303 2237 4365 correctionem,
2266 4299 2352 4354 iu-

773 4413 981 4467 veniret
1012 4407 1200 4462 Israel.

837 4500 1007 4554 Vens.
1046 4496 1136 4550 9.9.
1172 4495 1329 4549 Nunc
1370 4491 1596 4544 dimittis
1647 4503 1854 4543 servum
1890 4495 2059 4550 tuum,
2106 4483 2351 4546 Domine,

766 4596 1051 4650 secundum
1088 4590 1298 4642 verbum
1328 4596 1477 4639 tuum
1504 4586 1558 4638 in
1577 4599 1721 4651 pace.
1740 4580 1982 4633 ~Nnnc
2014 4578 2261 4641 dimittis,
2286 4576 2354 4630 de

2457 3361 2600 3436 αἷμα
2643 3369 2737 3421 καὶ
2766 3368 2826 3420 τὸ
2869 3367 3015 3439 ὕδωρ
3036 3385 3051 3399 ο
3095 3370 3146 3421 oi
3191 3369 3247 3422 δὲ
3276 3370 3357 3423 ὅτι
3384 3371 3654 3441 ἐτήρησεν
3697 3371 3839 3425 αὐτὸ
3865 3365 3914 3439 ᾧ
3945 3368 4052 3427 οἶδε

2452 3460 2664 3530 τρόπῳ,
2694 3461 2754 3514 ἐν
2782 3463 2847 3531 τῇ
2878 3462 3044 3515 αὑτοῦ
3071 3463 3369 3517 ἀναστάσει
3388 3463 3866 3534 ,προσλαϐόμενος
3892 3466 4053 3518 αὑτόο

2457 3553 2552 3605 καὶ
2603 3553 2711 3622 γὰρ
2765 3554 2857 3606 καὶ
2899 3555 3062 3624 ἡμεῖς
3115 3557 3174 3607 ἐν
3212 3557 3277 3626 τῇ
3324 3555 3620 3608 ἀναστάσει
3660 3557 3722 3608 τὸ
3777 3556 3946 3626 σῶμα
3994 3556 4056 3611 τὸ

2457 3645 2728 3717 ἡμέτερον
2752 3646 2958 3718 πλῆρες
2981 3648 3398 3721 άποληψόμεθα.

2530 3739 2655 3793 ’Ότι
2691 3739 2751 3793 τὸ
2781 3739 2960 3810 λέγειν
3006 3743 3097 3796 τὸν
3137 3743 3531 3813 εὑαγγελιστὴν
3569 3743 3653 3810 τὸ,
3682 3744 3832 3798 Ὅτε
3863 3744 4059 3811 £3.11}-

2458 3832 2707 3895 σθησαν
2736 3834 2796 3884 αὶ
2837 3832 3051 3901 ἡμέραι
3094 3834 3201 3887 τοῦ
3235 3834 3617 3902 καθαρισμοῦ
3663 3835 3874 3887 αὐτῶν
3907 3836 4059 3889 κατὰ

2462 3923 2565 3974 τὸν
2586 3924 2794 3992 νόμον,
2827 3926 3007 3987 καλῶς
3037 3927 3315 3994 ἐπήγαγεν
3335 3942 3350 3959 ·
3387 3929 3547 3997 μόνον
3579 3926 3688 3994 γάρ
3708 3922 3781 3997 ἦν
3808 3929 4059 3999 ἀκαθάρο

2459 4031 2577 4078 του,
2606 4016 2847 4086 καθαρὸν
2871 4022 3071 4075 τεκεῖν.

2534 4106 2655 4158 Ὀτι
2674 4107 2733 4158 τὺ
2754 4109 2882 4177 περὶ
2895 4109 2989 4162 τοῦ
3004 4111 3228 4180 Συμεὼν
3258 4111 3569 4183 εἰρημένην.
3599 4116 3680 4169 ὅτι
3712 4112 3841 4171 Ἵιν
3873 4133 4061 4186 προσ·

2462 4194 2789 4265 δεχόμενος
2837 4200 3216 4268 παράκλησιν
3246 4204 3351 4257 τοῦ
3393 4205 3666 4273 Ἰσραὴλ,
3695 4207 3861 4261 τοῦτό
3913 4213 4059 4263 ἐστι*

2463 4290 2600 4342 Πότε
2653 4290 2740 4344 διὰ
2770 4290 2864 4346 τοῦ
2923 4294 3160 4364 Χριστοῦ
3196 4296 3566 4367 παράκλησιν,
3597 4300 3765 4370 ἡτουν
3800 4320 4064 4373 παραμυ-

2463 4384 2584 4438 θίαν
2611 4385 2762 4456 εὖροι
2789 4388 2818 4440 ὁ
2856 4386 3095 4459 Ἰσραήλ.

2535 4477 2641 4543 Τὸ,
2683 4478 2813 4532 Νῦν
2842 4479 3133 4547 ἀπολύεις
3174 4483 3284 4536 τὸν
3314 4482 3545 4539 δοῦλίν
3576 4500 3695 4540 σου
3719 4529 3734 4549 ,
3757 4490 4061 4553 Δέσποτα,

2464 4572 2617 4623 κατὰ
2646 4570 2714 4624 τὸ
2732 4569 2898 4641 ῥῆμά
2919 4588 3059 4636 σου,
3087 4574 3158 4627 ἐν
3186 4575 3396 4643 simiam
3420 4593 3434 4607 ·
3469 4577 3530 4628 τὸ
3557 4578 3680 4646 μὲν.
3714 4582 4062 4647 Ἀπολέεπνς,

768 4690 877 4741 vita
931 4686 984 4738 in
1023 4696 1187 4736 carne
1227 4679 1393 4743 dicit;
1422 4676 1711 4730 secundum
1752 4676 1964 4727 verbum
1998 4680 2171 4735 tuum,
2206 4668 2346 4739 quod

2463 4664 2595 4731 περὶ
2630 4662 2731 4732 τῆς
2757 4664 2816 4715 ἐν
2839 4669 3004 4735 σαρκὶ
3030 4665 3177 4735 ζωῆς
3207 4662 3362 4721 εἶπεν
3379 4684 3390 4696 ·
3415 4668 3477 4721 τὸ
3498 4668 3575 4731 δὲ,
3610 4672 3776 4725 Κατὰ
3810 4674 3880 4725 τὸ
3899 4675 4066 4742 ῥῆμά

772 4777 1052 4849 prophetia
1079 4774 1200 4828 talis
1239 4772 1288 4826 ei
1323 4771 1449 4824 data
1469 4778 1610 4824 erat.
2055 4764 2067 4790 ⁸

844 4871 1010 4923 Vens.
1050 4869 1139 4921 δι.
1173 4864 1329 4930 Quod
1372 4862 1588 4932 positus
1628 4860 1698 4914 sit
1727 4859 1996 4913 Dominus
2030 4856 2085 4912 in
2135 4855 2351 4910 ruinam

767 4975 824 5022 et
850 4965 903 5018 in
928 4959 1388 5017 resurrectionem
1420 4956 1718 5009 multorum
1754 4953 1805 5005 in
1849 4951 2038 5014 Israel,
2066 4948 2359 5002 laudabili-

779 5067 864 5113 ter
894 5055 1076 5111 solum
1099 5051 1445 5121 intelligitur.
1469 5049 1524 5103 In
1549 5050 1764 5101 ruinam
1790 5046 2013 5115 quidem
2044 5043 2256 5113 positus
2280 5049 2364 5095 est

773 5150 1091 5220 passionum
1148 5154 1202 5200 et
1253 5143 1520 5198 malarum
1573 5139 1983 5207 cogitationum
2035 5137 2091 5189 in
2141 5148 2363 5204 quoque

773 5241 1140 5305 credentium,
1178 5240 1231 5292 in
1271 5234 1734 5291 resurrectionem
1782 5241 1966 5285 autem
2001 5228 2271 5283 virtutum
2310 5234 2366 5280 et

774 5334 954 5390 omnis
986 5329 1337 5403 cogitationis
1367 5328 1478 5383 Deo
1509 5326 1797 5397 placentis.
1831 5322 2120 5388 Quomodo
2154 5320 2361 5375 intelli-

776 5426 1014 5498 gendum
1050 5435 1136 5478 est
1168 5441 1181 5476 :
1218 5418 1287 5475 Et
1323 5421 1378 5474 in
1432 5421 1642 5489 signum
1692 5419 1777 5470 cui
1808 5413 2242 5470 contradicetur?
2275 5411 2365 5465 Si-

778 5536 962 5592 gnum,
990 5533 1089 5587 pro
1116 5531 1284 5573 cruce
1315 5524 1368 5569 et
1389 5515 1643 5585 passione
1669 5528 1833 5582 quam
1870 5512 1922 5565 iu
1948 5511 2037 5565 illa
2056 5509 2252 5575 subiit;
2279 5510 2365 5562 cui

781 5615 1193 5672 contradicetur,
1217 5609 1347 5680 quia
1373 5609 1424 5662 hi
1446 5607 1664 5678 quidem
1688 5605 2007 5677 passibilcm
2034 5604 2086 5657 in
2112 5603 2369 5672 passione

785 5705 939 5759 illum
979 5704 1253 5767 dicebant,
1293 5701 1370 5755 illi
1403 5715 1532 5754 vero
1556 5714 1663 5752 non
1700 5695 2053 5767 passibilem;
2083 5704 2135 5747 et
2158 5694 2211 5746 bi
2246 5692 2369 5762 qui-

786 5801 910 5854 dem
944 5806 1278 5859 terrestrcm,
1313 5792 1385 5847 illi
1422 5808 1553 5847 vero
1607 5792 1910 5845 cmlcstem.
1954 5786 2111 5854 Quod
2150 5786 2366 5855 signum

787 5892 858 5948 sit
889 5908 1045 5947 crux.
1080 5890 1205 5943 audi
1242 5906 1255 5939 τ

2466 4770 2606 4819 σου,
2643 4756 2726 4809 ὅτι
2752 4758 3001 4827 χρησμὸς
3024 4753 3093 4829 ἦν
3122 4758 3272 4830 αὐτῷ
3292 4759 3535 4822 τοιοῦτος
3561 4761 3759 4823 δοθείς.

2537 4850 2612 4903 Τὸ
2664 4852 2878 4905 κεῖσθαι
2929 4852 3019 4905 τὸν
3076 4853 3286 4923 Κύριον
3318 4856 3401 4918 εἰς
3450 4856 3659 4909 πτῶσιν
3698 4858 3925 4909 πολλῶν
3977 4861 4066 4911 καὶ

2464 4944 2761 4998 ἀνάστασιν
2792 4946 2850 4998 ἐν
2891 4945 2970 5015 τῷ
3008 4946 3245 5017 Ἰσραὴλ,
3303 4948 3604 5012 ὲπαινετῶς
3632 4950 3800 5019 μόνον
3835 4951 4065 5020 νοούμε-

2464 5055 2555 5091 νον
2576 5078 2590 5103 ,
2630 5039 2709 5100 είς
2751 5038 2958 5091 πτῶσιν
2994 5039 3095 5109 μὲν
3138 5042 3315 5094 κεῖται
3345 5041 3455 5094 τῶν
3486 5044 3544 5094 ἑν
3574 5043 3797 5112 ἑκάστῳ
3832 5045 3949 5096 τῶν
3981 5064 4067 5096 ττι-

2468 5131 2767 5184 στευόντων
2818 5130 3008 5184 παθῶν
3037 5148 3098 5184 τε
3153 5134 3247 5187 καὶ
3288 5134 3545 5205 πονηρῶν
3598 5135 3907 5204 λογισμῶν,
3940 5139 4067 5190 dvi-

2470 5240 2661 5277 στασιν
2695 5223 2753 5277 δὲ
2790 5224 2898 5277 τῶν
2944 5225 3157 5294 ἀρετῶν
3203 5228 3298 5280 καὶ
3348 5229 3553 5290 παντὸς
3598 5228 3890 5297 θεοφιλοῦς
3927 5232 4067 5299 λογιο

2470 5317 2631 5386 σμοῠ.
2654 5317 2776 5380 Πῶς
2793 5320 3034 5388 νοητὲον,
3054 5318 3163 5373 Καὶ
3178 5322 3263 5386 είς
3284 5319 3542 5390 σημεῖον
3560 5323 4066 5391 ἀντιλεγόμεγοη

2469 5410 2820 5479 -Στιιιεῖον,
2851 5412 2941 5465 διὰ
2973 5412 3065 5465 τὸν
3093 5414 3328 5484 σταυρὸν
3358 5416 3453 5468 καὶ
3483 5415 3543 5467 τὸ
3568 5416 3687 5468 ἐκεῖ
3711 5417 3888 5479 πάθος
3909 5435 3923 5449 ·
3960 5420 4063 5471 ἁν-

2471 5503 2862 5571 τιλεγόμενον
2890 5503 2968 5565 δὲ,
2996 5505 3080 5558 ὅτι
3106 5506 3156 5557 ol
3186 5505 3288 5574 μὲν
3322 5506 3569 5576 παθητὸν
3598 5508 3769 5561 αὐτοῦ
3799 5512 3860 5560 τὸ
3896 5510 4066 5571 πάθος

2471 5593 2646 5658 εἷπον,
2678 5596 2729 5648 οἱ
2748 5596 2804 5649 δὲ
2828 5596 3022 5651 οὕ·καὶ
3047 5599 3097 5651 οἱ
3131 5598 3232 5669 μὲν
3261 5599 3469 5668 χοῖκδν,
3490 5601 3537 5653 οἱ
3557 5600 3613 5653 δὲ
3631 5602 3969 5671 ἐπουράνιον
3983 5604 4065 5655 li-

2471 5707 2683 5759 γουσιν”
2705 5692 2787 5744 ὅτι
2820 5693 2875 5744 δὲ
2902 5695 3128 5763 σημεῖον
3151 5695 3177 5747 ὁ
3209 5695 3462 5764 σταυρὸς,
3486 5695 3741 5749 ἄκουσον·
3768 5699 3873 5751 Καὶ
3891 5698 4067 5764 ἔθηκε

2472 5782 2737 5849 Μωὶπσῆς
2762 5784 2866 5835 τὸν
2890 5784 3029 5851 ὅρη·
3054 5784 3150 5837 ἐπὶ
3178 5787 3454 5853 σημεῖον,
3474 5787 3758 5839 τουτέστιν
3777 5788 3867 5840 ἐπὶ
3890 5786 4062 5851 ξύλου.

1298 5886 1478 5940 Posuit
1515 5885 1716 5951 Moyses
1767 5893 2052 5952 serpentem
2098 5881 2146 5933 in
2187 5880 2355 5947 signa,
2396 5879 2444 5933 id
2476 5888 2572 5939 est,
2613 5878 2662 5930 in
2695 5879 2855 5949 ligno.
