4220 6432
235 415 378 482 1189

306 538 428 587 Ὅτι
463 535 545 600 τδ,
591 533 712 588 Σοῦ
741 533 810 586 δὲ
845 532 1036 600 αὐτῆς
1063 531 1180 599 τὴν
1206 531 1420 599 ψυχὴν
1441 529 1815 581 διελεύσεται
1847 533 1891 589 Α

228 626 512 695 ῥομφαία,
556 626 684 694 περὶ
709 624 802 677 τοῦ
828 623 1033 686 πάθους
1056 623 1206 691 λέγει
1233 623 1326 676 τοῦ
1357 621 1596 691 Χριστοῦ
1617 638 1628 650 ·
1661 620 1722 672 τὸ
1742 620 1820 684 δὲ,

233 723 438 785 Ὅπως
480 719 558 772 ἂν
604 713 1132 785 ἀποκαλυφθῶσιν
1171 716 1239 768 ἐκ
1271 714 1519 768 πολλῶν
1566 711 1824 779 καρδιῶν

229 817 630 886 διαλογισμοὶ,
671 815 824 883 δηλοῖ
867 814 950 866 ὅτι
1001 810 1140 881 μετά
1173 809 1264 860 τὸν
1303 804 1697 873 σκανδαλισμδν
1732 804 1823 857 τὸν

229 913 326 965 ἐπὶ
354 911 450 964 τοῦ
484 908 718 978 σταυροῦ
749 907 844 960 τοῦ
883 903 1122 975 Χριστοῦ
1156 901 1451 970 γενόμενον
1480 903 1590 960 τοῖς
1622 915 1679 950 τε
1719 915 1824 966 μα⁹

226 992 424 1070 θηταῖς
457 1001 550 1052 καὶ
588 999 726 1067 αὐτῇ
756 1000 824 1066 τῇ
854 994 1132 1060 Θεοτόκῳ.
1164 991 1401 1060 τάχιστά
1430 1007 1514 1051 τις
1555 991 1696 1051 ἴασις
1724 989 1821 1040 ἐπ-

231 1091 595 1160 ακολουθήσει
622 1092 698 1152 εἰς
732 1090 830 1158 τὴν
856 1089 1040 1140 πίστιν
1065 1084 1160 1137 τεῦ
1194 1082 1455 1154 Χριστοῦ.
1487 1082 1555 1132 Ἣ
1583 1081 1783 1150 ἑτέρως
1804 1097 1819 1113 ο

231 1185 424 1245 Ὅπως
454 1182 519 1236 ἂν
546 1183 778 1234 ἑκάστου
808 1183 836 1232 ό
866 1179 1128 1247 λογισμὸς
1175 1175 1473 1244 ἀποδειχθῇ
1525 1174 1673 1234 ὅπως
1715 1173 1820 1224 ὑπ-

231 1275 465 1338 ετόπαζε
497 1275 619 1344 περὶ
648 1271 836 1336 αὑτοῦ,
870 1273 965 1325 καὶ
999 1270 1082 1332 τίς
1112 1270 1142 1321 ό
1172 1268 1405 1336 ἀγαπῶν
1426 1267 1590 1320 αὑτὸν
1621 1271 1714 1318 καὶ
1741 1264 1822 1327 τίς

231 1370 260 1418 ὁ
296 1366 498 1437 μισῶν.

302 1459 369 1511 Ti
407 1458 554 1526 λέγει
586 1457 665 1510 ὅτι
701 1458 732 1525 ἡ
770 1456 1044 1527 προφῆτις
1080 1455 1248 1506 Ἀννα
1282 1451 1716 1522 ἀνθωμολογεῖτο
1744 1446 1821 1518 τῷ

228 1552 383 1622 Θεῷς
432 1552 577 1604 Ἀντὶ
609 1549 726 1612 τοῦ,
764 1549 1096 1619 Ηὺχαρίστει
1125 1561 1141 1578 ⁸
1178 1545 1356 1600 ἐλάλει
1386 1544 1443 1597 δὲ
1477 1544 1604 1613 περὶ
1633 1540 1818 1604 αὐτοῦ,

228 1644 312 1698 ὅτι
346 1641 508 1706 αὐτὸς
536 1640 625 1710 εἴη
657 1643 686 1693 ὁ
714 1638 1031 1710 Λντρωτὴς,
1063 1637 1226 1698 αὐτὸς
1255 1638 1285 1689 ό
1323 1635 1534 1704 Σωτὴρ,
1565 1627 1719 1694 οὗτος
1742 1634 1817 1696 εἰς

229 1735 406 1804 χαρὰν
430 1731 750 1804 περιτρέψει
785 1732 881 1801 τὴν
904 1732 1231 1800 κατήφειαν.

291 1827 535 1891 Ηῦξανε
564 1827 749 1895 σοφίῃ
784 1824 880 1877 καὶ
926 1822 1142 1890 χάριτι,
1177 1821 1275 1873 οὐκ
1305 1819 1363 1871 ἐν
1409 1817 1490 1889 τῷ
1534 1833 1818 1887 προσλαμ-

1334 409 1656 468 ΞΕΙΙΟΙΛΛ
1696 407 1986 466 YETERA
2024 406 2104 466 IN
2147 407 2426 473 LUCAM.

2001 524 2162 580 Vens.
2197 527 2284 581 55.
2317 529 2482 582 Tuam
2527 531 2694 597 ipsius
2724 532 2962 587 animam
3007 540 3350 602 pertransibit
3391 544 3506 609 gla-

1927 618 2069 678 dins,
2099 617 2166 671 dc
2197 621 2456 687 passione
2487 621 2690 676 dicitur
2730 623 2957 679 Christi.
3015 627 3083 679 L‘t
3128 631 3418 683 repetentur
3449 649 3513 686 ea:

1930 711 2113 766 multis
2153 712 2400 765 cordibus
2435 716 2801 784 cogitationes.
2832 721 3076 774 ostendit
3101 721 3246 791 quod
3281 723 3324 774 si
3360 740 3514 775 scan-

1926 801 2113 856 dalum
2165 804 2214 856 in
2261 818 2424 858 cruce
2456 805 2658 861 Christi
2693 811 2882 865 datum
2932 811 3097 864 fuerit
3143 813 3427 882 discipulis
3461 826 3516 868 et

1929 891 2030 959 ipsi
2067 892 2328 962 Deiparze,
2377 893 2666 952 confestim
2711 905 2960 970 qua-dam
3008 903 3221 956 sanatio
3259 915 3514 959 secutura

1928 987 1999 1038 sit
2033 1001 2125 1052 per
2157 987 2316 1040 Iidem
2344 989 2396 1040 in
2430 988 2670 1045 Christo.
2693 995 2800 1047 Aut
2830 995 2992 1048 aliter
3024 1007 3082 1049 nt
3110 997 3384 1066 cujusque
3415 1013 3516 1051 co-

1926 1077 2118 1146 gitatio
2174 1081 2466 1147 reveletur,
2506 1085 2786 1153 quomodo
2836 1088 2903 1140 de
2953 1089 3046 1143 illo
3094 1089 3428 1161 reputaverit
3461 1102 3516 1146 et

1926 1169 2051 1238 quis
2074 1174 2336 1228 amaverit
2356 1185 2411 1230 et
2443 1179 2570 1247 quis
2588 1178 2768 1232 oderit
2793 1194 2941 1235 eum.

1999 1442 2167 1500 Vens.
2193 1445 2280 1501 38.
2320 1447 2462 1516 Quid
2483 1451 2756 1520 signiﬁcat
2781 1454 2950 1519 istud.
2973 1456 3132 1510 Arma
3164 1458 3503 1524 prophetissa

1933 1535 2287 1604 conﬁtebatur
2319 1538 2469 1594 Deo?
2493 1542 2543 1596 id
2561 1553 2646 1597 est
2675 1547 2877 1612 gratias
2905 1548 3120 1617 agebat.
3162 1546 3513 1618 Loquehatur

1925 1641 2108 1682 autem
2147 1630 2216 1685 de
2257 1632 2368 1696 illo,
2421 1635 2572 1688 illum
2627 1634 2874 1692 futurum
2907 1655 3028 1694 esse
3068 1639 3512 1710 lledemptorem,

1930 1719 2292 1789 Salvatorem,
2325 1735 2380 1780 et
2412 1725 2464 1778 in
2501 1727 2742 1783 laetitiam
2773 1746 3165 1787 conversurum
3210 1734 3512 1790 tristitiam.

2001 1809 2162 1868 Vens.
2197 1813 2288 1869 40.
2335 1815 2615 1872 Crescebat
2657 1822 2921 1887 sapientia
2964 1832 3014 1877 et
3059 1826 3258 1894 gratia,
3301 1843 3409 1880 non
3457 1828 3510 1881 in

228 1921 415 1990 βάνειν
458 1938 513 1973 τι
539 1936 553 1950 ο
597 1919 685 1972 ἀεὶ
715 1917 823 1987 γάρ
855 1913 966 1984 εἶχε
995 1916 1056 1968 το
1097 1913 1301 1984 πλῆρες
1333 1927 1348 1942 ·
1387 1909 1526 1965 ἀλλὰ
1557 1908 1650 1962 τοῦ
1685 1905 1813 1960 Θεοῦ

1924 1903 2241 1973 accipiendo
2271 1906 2577 1978 quidpiam,
2606 1926 2823 1980 semper
2851 1913 2998 1968 enim
3049 1914 3241 1969 habuit
3275 1917 3510 1985 plenitu-

226 2016 403 2083 Λόγου
437 2015 507 2084 τῇ
547 2012 643 2066 τοῦ
693 2011 947 2080 σώματος
988 2009 1176 2079 ἡλικίᾳ
1212 2005 1642 2066 συνεκτείνοντος
1674 2001 1817 2054 κατὰ

226 2106 403 2177 βραχὺ
434 2104 534 2175 τῆς
565 2103 756 2172 σοφίας
781 2103 874 2156 καὶ
906 2101 1003 2171 τῆς
1042 2100 1266 2169 χάριτος
1285 2098 1386 2168 τὴν
1420 2097 1707 2164 ἑκφανσιν.

295 2298 420 2350 ’Ὁτι
453 2297 569 2359 πῶς
616 2295 764 2362 λέγει
808 2295 841 2363 ἡ
890 2290 1131 2358 παναγία
1175 2289 1459 2352 Θεοτόκος,
1511 2287 1660 2341 Ἰδοὺ
1690 2284 1812 2354 ἐγὼ

224 2393 326 2444 καὶ
387 2393 420 2444 ό
488 2391 684 2458 πατήρ
731 2404 848 2441 σου
908 2384 1273 2453 ὀδυνώμενοι
1323 2382 1650 2451 ἐζητοῦμεν
1699 2397 1813 2445 σε;

236 2483 609 2552 Ἐπισταμένη
657 2482 738 2534 ὅτι
791 2482 855 2532 ἐκ
899 2477 1200 2547 παρθενίας
1271 2478 1420 2527 ἐστὶν
1484 2473 1810 2543 ἁμολύντου,

223 2577 312 2628 διὰ
362 2577 486 2638 τοὺς
536 2575 834 2636 ἀκούοντας
893 2568 1272 2631 διδασκάλους,
1323 2567 1510 2636 ἐπειδὴ
1563 2564 1813 2634 ἐνόμιζον

224 2667 390 2718 αὐτὸν
447 2667 509 2719 ἐκ
541 2666 799 2735 πορνείας
841 2659 999 2717 εἶναι.
1050 2661 1170 2725 Ilii);
1207 2659 1457 2729 ἐνόμιζον
1507 2659 1668 2710 αὑτὸν
1701 2658 1812 2709 άπ-

223 2758 580 2827 εληλυθέναις
639 2752 749 2824 ἆρα
794 2756 869 2818 ὡς
930 2754 1285 2822 πλανώμενον
1344 2753 1488 2822 ῆὸτι
1531 2749 1810 2814 ἀπόλωλες

224 2851 360 2920 Οὐχί
387 2866 400 2879 °
441 2848 559 2903 ἀλλ’
594 2849 668 2910 ὼς
715 2848 1030 2919 νομίζοντες
1072 2848 1154 2899 ὅτι
1195 2846 1490 2898 κατέλιπεν
1539 2843 1737 2905 αὐτοὺς
1776 2843 1808 2913 ἢ

222 2943 435 3010 ἀπέστη
471 2941 566 2994 ἀπ’
598 2940 776 2993 αὐτῶν
803 2957 817 2971 ·
849 2940 928 2992 διὸ
962 2942 1054 2992 καὶ
1087 2939 1227 3009 αὑτὴ
1247 2940 1320 2999 ὡς
1355 2937 1566 2989 ἐκείνου
1599 2936 1810 3005 πατέρα

222 3034 317 3086 τὸν
364 3032 563 3103 Ἰωσὴφ
598 3033 850 3101 ὠνόμασε
879 3031 969 3084 διὰ
1000 3031 1126 3092 τοὺς
1162 3029 1448 3092 Ἰουδαίους
1473 3045 1486 3060 ο
1519 3029 1680 3090 αὐτὸς
1711 3029 1810 3098 τὴν

222 3126 482 3179 ὑπόνοιαν
504 3126 786 3178 ἐκκόπτων
810 3125 1013 3194 ταύτην
1039 3123 1201 3176 πάλιν
1222 3123 1406 3188 ἔλεγεν
1427 3139 1439 3151 ·
1460 3124 1580 3175 Οὐκ
1610 3121 1808 3189 ᾔδειτε

1923 1995 2130 2060 dinem,
2167 1997 2259 2051 scd
2298 2001 2445 2069 quod
2485 2001 2625 2056 Deus
2654 2002 2895 2060 Verbum
2934 2009 3234 2064 secundum
3264 2011 3511 2078 corporis

1923 2087 2325 2144 incrementum
2356 2095 2716 2161 expromehat
2740 2099 2948 2154 sensim
2985 2101 3270 2170 sapientiae
3297 2111 3350 2156 et
3380 2118 3506 2172 gra-

1920 2182 2007 2234 tiae
2039 2183 2564 2239 manifestationem.

1999 2275 2160 2328 \‘Ens.
2205 2275 2289 2329 48.
2326 2275 2618 2342 Quomodo
2653 2280 2786 2336 dicit
2836 2284 3187 2339 sanctissima
3235 2285 3458 2356 Deipara
3494 2304 3507 2340 :

1922 2364 2058 2420 Ecce
2105 2385 2198 2438 ego
2241 2379 2290 2421 et
2335 2369 2499 2423 Pater
2546 2381 2668 2426 tuus
2724 2375 2958 2430 dolentes
3000 2378 3366 2447 qutcrebamus
3421 2383 3512 2436 te?

1921 2460 2117 2514 Sciens
2148 2477 2207 2515 se
2257 2462 2629 2531 virginitatem
2663 2466 2982 2522 inviolatam
3027 2487 3270 2536 servare,
3313 2475 3387 2526 ita
3432 2474 3513 2526 Io-

1918 2556 2106 2621 quitur
2133 2554 2202 2606 ob
2232 2552 2487 2610 doctores
2530 2559 2842 2623 audientes,
2876 2563 3005 2632 quia
3040 2565 3303 2632 putabant
3353 2566 3508 2620 ίΙΙιιιιι

1919 2662 1949 2698 c
1979 2644 2343 2703 fornicatione
2375 2661 2562 2704 natmn
2597 2669 2740 2708 esse.
2767 2652 3055 2719 Quomodo
3090 2657 3353 2724 putabant
3382 2673 3508 2712 eum

1919 2738 2153 2792 abiisse?
2189 2755 2318 2794 num
2347 2745 2492 2811 quod
2519 2756 2763 2799 errasset
2796 2757 2888 2798 aut
2913 2747 3210 2815 periisset?
3243 2749 3506 2816 minime;

1918 2833 2012 2888 sed
2047 2833 2312 2902 putabant
2337 2853 2459 2890 eum
2486 2837 2609 2893 illos
2642 2840 2932 2909 reliquisse
2960 2849 3008 2894 et
3046 2843 3243 2897 abesse
3278 2843 3348 2897 sb
3380 2844 3507 2899 illis.

1920 2925 2045 2980 Ideo
2074 2935 2130 2980 et
2162 2927 2274 2996 ipsa
2306 2926 2507 2998 Joseph
2549 2942 2606 2985 ut
2633 2931 2751 3001 ejus
2793 2944 2999 3001 patrem
3036 2935 3249 2988 vocavit
3283 2947 3508 3005 propter

1918 3017 2156 3073 Jndteos.
2195 3020 2290 3073 Ille
2342 3021 2483 3077 hanc
2535 3024 2904 3093 suspicionem
2943 3037 3002 3079 ut
3033 3027 3494 3085 adimeretdisit:

1916 3109 2241 3163 Nesciebatis
2277 3114 2401 3181 quia
2433 3115 2485 3166 in
2524 3114 2604 3167 Itis
2648 3132 2767 3185 qua:
2795 3116 2973 3172 Patris
3013 3121 3116 3172 mei
3151 3131 3274 3174 sunt
3299 3129 3506 3185 oportet

223 3217 312 3270 ὅτι
335 3218 405 3269 ἐν
431 3217 557 3283 τοῖς
588 3217 696 3270 τοῦ
734 3219 967 3285 Πατρός
991 3233 1110 3283 μου
1141 3214 1237 3267 δεῖ
1265 3211 1421 3267 εἶναι’
1442 3231 1551 3282 με;
1598 3215 1808 3283 πατέρα

1921 3218 2000 3254 me
2022 3219 2133 3255 esse
2159 3204 2182 3253 ?
2211 3215 2417 3272 patrem
2445 3223 2602 3260 suum
2638 3207 2803 3261 Deum
2833 3215 3151 3272 ostendens.
3181 3223 3234 3267 et
3273 3230 3380 3267 non
3413 3213 3508 3267 Jo-

224 3312 390 3366 αὑτοῦ
438 3311 614 3382 δηλῶν
643 3313 732 3364 τὸν
759 3311 913 3374 Θεὸν,
942 3310 1058 3363 ἀλλ’
1093 3311 1154 3363 οῦ
1189 3309 1280 3362 τὸν
1314 3309 1510 3380 Ἰωσήφ
1537 3326 1547 3336 ·
1581 3310 1649 3360 ἐν
1687 3309 1810 3375 τοῖς

221 3405 329 3457 τοῦ
366 3405 596 3471 Πατρός
621 3405 674 3457 δὲ
699 3399 851 3456 εἶπεν
880 3403 970 3456 διὰ
993 3404 1085 3455 τὸν
1118 3404 1245 3484 ναδν
1277 3404 1334 3454 ἐν
1431 3398 1518 3472 ἦν,
1551 3401 1686 3453 ὅπου
1718 3401 1812 3454 καὶ

221 3497 420 3566 εὑρέθη
452 3497 810 3566 ζητούμενος.

294 3590 390 3640 Διὰ
444 3590 495 3641 τί
546 3589 744 3658 γρὰᾳει
776 3605 789 3619 ·
837 3587 946 3641 Καὶ
986 3584 1065 3656 ἦν
1113 3587 1621 3654 ὑποτασσόμενος
1688 3583 1811 3648 τοῖς

221 3681 509 3747 γονεῦσιν
548 3679 771 3742 uibrat“);
819 3680 1179 3750 Παράδειγμα
1225 3677 1318 3731 τὸν
1368 3677 1534 3731 αὐτοῦ
1572 3678 1686 3747 βίον
1718 3680 1811 3730 καὶ

225 3777 394 3845 χωρὶς
425 3775 524 3844 τῆς
559 3774 779 3842 διδαχῆς
809 3773 1132 3842 ποιούμενος
1154 3775 1309 3842 ἡμῖν.

297 3869 421 3919 ’Ὀτι
452 3871 532 3929 τὸ,
563 3868 804 3930 Ηῧξανε
837 3867 1022 3935 σοφίᾳ
1060 3865 1158 3918 καὶ
1184 3866 1414 3932 ἡλικίᾳ,
1454 3864 1808 3933 σημαίνειδτι

223 3960 555 4028 συμπαρῆγε
595 3960 670 4029 τῷ
725 3960 903 4030 χρόῳ
946 3959 1043 4028 τῆς
1089 3958 1332 4028 ἡλικίας,
1374 3958 1474 4027 τὴν
1542 3955 1810 4026 ἐλλαμψιν

218 4054 322 4123 τῆς
355 4053 642 4124 θεότητος.

852 4179 1103 4232 ΚΕΦΑΛ.
1129 4179 1200 4233 Γ.

290 4307 389 4362 Διὰ
413 4306 466 4360 τί
496 4305 774 4377 μέμνηται
806 4305 900 4358 τοῦ
926 4305 1120 4375 χρόνου
1144 4303 1254 4356 τῶν
1288 4303 1568 4374 ἀρχόντων
1600 4304 1803 4371 λέγων·

231 4400 328 4452 Ἐν
385 4397 502 4451 ἕτει
565 4395 1084 4461 πεντεκαιδεκάτῳ
1155 4397 1416 4464 Τιϐερίου
1476 4396 1806 4463 Και’σαρος;

219 4490 340 4542 Ἵνα
372 4488 590 4557 γνῶμεν
617 4491 696 4541 ὅτι
731 4488 788 4539 ἐν
825 4491 937 4547 τοῖς
965 4488 1063 4554 τῆς
1105 4485 1567 4557 ἐνανθρωπήσεως
1597 4488 1808 4558 χρόνοις

216 4582 450 4636 καθόλου
481 4582 665 4652 ἄρχων
711 4582 961 4642 Ἰουδαῖος
996 4578 1258 4644 ἐξέλιπεν.

286 4674 387 4726 Διὰ
415 4673 466 4726 τί
499 4676 686 4741 γέγονε
716 4674 777 4725 τὸ
809 4673 961 4741 ῥῆμα
987 4674 1065 4740 τῷ
1112 4672 1334 4742 Ἰωάννῃ
1384 4672 1443 4724 ἐν
1471 4674 1539 4742 τῇ
1571 4673 1798 4742 ἐρήμῳς

229 4765 450 4834 Ἐπειδὴ
488 4765 658 4816 πολλὰ
694 4766 764 4817 τὰ
804 4763 970 4817 τέκνα
1003 4764 1071 4817 δι’
1106 4763 1270 4816 αὐτοῦ
1314 4762 1506 4833 ἔμελλε
1551 4763 1801 4831 γίνεσθαι

215 4860 311 4926 τῆς
340 4861 547 4930 ἐρήμου
591 4859 685 4912 καὶ
723 4857 988 4928 ἀνάνδρου
1019 4858 1051 4928 ἢ
1093 4859 1189 4928 τῆς
1219 4857 1450 4929 ἐχούσης
1487 4857 1579 4910 τὸν
1609 4856 1799 4912 ἄνδρα.

285 5043 412 5096 Ὅτι
447 5043 507 5096 τὸ
541 5044 640 5113 μὲν
669 5041 780 5095 τῶν
835 5041 1106 5096 Ἰουδαίων
1149 5042 1431 5113 βάπτισμα
1464 5042 1641 5113 πάντη
1671 5043 1800 5097 ἀτε-

213 5133 300 5196 λὲς
332 5131 400 5204 ἦν
424 5149 440 5165 ο
471 5134 533 5186 τὸ
584 5134 832 5188 Ἰωάννου
867 5134 1203 5204 τελειότερον
1237 5134 1328 5188 διὰ
1371 5136 1662 5203 μετανοίας
1691 5152 1704 5165 ο
1740 5151 1800 5187 το

212 5228 268 5281 δὲ
297 5227 533 5298 Χριστοῦ
564 5227 843 5297 ἐξαλεῖφον
876 5228 1046 5298 χωρὶς
1071 5228 1359 5298 μετανοίας
1394 5228 1690 5298 ἁμαρτίας.

285 5409 408 5472 Πῶς
441 5408 659 5480 νοητέον
704 5409 786 5473 τὸ,
833 5407 1010 5464 Πᾶσα
1046 5409 1284 5480 φάραγξ
1313 5412 1794 5481 πληρωθήσεται,

215 5502 312 5555 καὶ
357 5500 477 5566 πᾶς
522 5503 752 5568 ,βουνὸς
817 5504 1366 5569 ταπεινωθήσεται;
1422 5506 1641 5577 Ἐπειδὴ
1690 5507 1798 5577 γὰρ

213 5591 366 5646 εἶπεν
392 5610 406 5624 ·
454 5594 838 5664 Ἑτοιμάσατε
877 5595 995 5664 τὴν
1041 5596 1187 5650 ὁδὸν
1218 5598 1441 5666 Κυρίου
1462 5616 1476 5631 ·
1510 5599 1800 5668 ἀποκρίνε-

210 5705 303 5740 ται
335 5685 524 5759 ὥσπερ
570 5689 634 5741 ἐκ
667 5687 762 5742 τοῦ
791 5689 1179 5761 διαποροῦντος
1225 5689 1345 5755 πῶς
1384 5690 1542 5746 τοῦτο
1586 5692 1798 5762 ἐνδέχε-

211 5798 322 5846 ται,
361 5779 535 5848 λέγων
563 5783 648 5836 ὅτι
688 5784 797 5836 πᾶν
835 5783 895 5836 τό
937 5784 1075 5855 πρὸς
1105 5785 1196 5837 τὸν
1231 5785 1334 5854 τῆς
1363 5785 1564 5856 ἀρετῆς
1598 5786 1799 5857 δρόμον

215 5873 530 5945 ἐμποδίζον,
571 5875 1000 5950 διορθωοήσεται
1042 5879 1146 5932 ὑπὸ
1191 5878 1284 5932 τοῦ
1328 5878 1565 5949 Χριστοῦ
1605 5895 1612 5901 ·
1659 5882 1798 5952 ὅπερ

1915 3295 2069 3363 ευρΙι.
2123 3293 2185 3348 In
2241 3296 2322 3349 Itis
2366 3314 2482 3366 arta:
2518 3298 2702 3354 Patris
2742 3312 2884 3363 sunt.
2919 3303 3082 3368 dixit,
3119 3317 3339 3376 propter
3369 3317 3506 3362 tctu-

1913 3389 2061 3457 plum
2096 3390 2149 3442 in
2183 3405 2292 3459 quo
2321 3403 2436 3445 enat
2469 3395 2693 3462 quando
2723 3396 2990 3464 qmesitus
3022 3398 3387 3455 inveniretur.

1988 3579 2258 3633 \‘ens.5l.
2297 3579 2410 3632 Cur
2445 3579 2710 3635 scribitur
2748 3598 2762 3635 :
2805 3581 2872 3635 Et
2902 3593 3016 3636 erat
3041 3567 3284 3639 subditus
3313 3604 3505 3652 paren-

1913 3672 2052 3725 tibus
2120 3672 2278 3725 suis?
2325 3670 2728 3742 Utexemplum
2782 3676 2941 3730 nobis
2998 3679 3334 3745 praeleretur
3384 3685 3511 3750 t-jns‘

1913 3761 2020 3812 vita
2057 3760 2137 3812 vel
2167 3761 2375 3829 absque
2406 3761 2678 3816 doctrina.

1987 3851 2150 3906 Vens.
2187 3853 2276 3907 5‘2.
2321 3853 2639 3920 I’ro/iciebat
2678 3856 2942 3922 sapientia
2999 3869 3048 3911 et
3100 3870 3277 3924 (etate,
3331 3863 3503 3927 signi-

1915 3941 2042 3994 licat
2095 3953 2312 4012 tempus
2363 3944 2539 3999 multis
2572 3946 2839 4014 consequi
2908 3946 3219 4005 Divinitatis
3268 3953 3501 4007 manife-

1911 4045 2226 4090 διαιιοιιεηι.

2538 4183 2766 4240 CAPUT
2815 4187 2901 4241 Ill.

1985 4308 2153 4365 \‘sns.
2190 4312 2240 4365 l.
2273 4312 2385 4365 Cur
2415 4323 2629 4384 tempus
2689 4318 2995 4387 principum
3063 4333 3354 4385 memorat.
3416 4325 3500 4378 dio

1909 4406 2120 4461 cendo:
2147 4406 2300 4459 Anno
2332 4409 2520 4476 quinto
2556 4410 2760 4463 decimo
2780 4410 2976 4465 Tiberii
3011 4411 3279 4469 Ctesaris?
3314 4417 3375 4471 Ut
3405 4435 3500 4470 co-

1911 4514 2243 4566 gnoscamus
2295 4504 2441 4571 quod
2478 4503 2530 4556 iu
2569 4505 2913 4572 temporibus
2964 4506 3360 4565 incarnationis
3401 4510 3499 4565 Ju-

1838 4595 1881 4650 D
1910 4589 2153 4643 datorum
2183 4591 2525 4663 principatus
2560 4595 2790 4648 omnino
2821 4606 3161 4650 cessaverat.

1987 4681 2148 4734 Vsus.
2177 4681 2230 4735 ἓ.
2263 4683 2373 4738 Cur
2433 4685 2637 4740 factum
2694 4697 2779 4740 cst
2826 4687 3051 4742 verbum
3086 4689 3299 4746 Domini
3334 4708 3497 4761 super

1903 4774 2170 4832 Joannem
2207 4778 2259 4831 iu
2285 4777 2688 4843 deserto?Quia
2729 4778 2911 4848 plures
2941 4777 3036 4833 ﬁlii
3068 4795 3166 4850 per
3195 4782 3345 4836 illum
3381 4785 3496 4840 fieri

1906 4870 2178 4925 debebant
2251 4871 2523 4927 derelicta:
2553 4882 2608 4925 et
2650 4872 2768 4926 sine
2827 4872 2965 4938 viro,
3015 4889 3180 4942 quam
3243 4875 3496 4933 habentis

1903 4963 2102 5014 virum.

1977 5051 2142 5106 Vens.
2175 5053 2227 5108 5.
2261 5050 2574 5109 Jndteornm
2624 5055 2844 5124 quidem
2883 5056 3154 5125 baptisma
3195 5058 3490 5115 admodum

1903 5144 2280 5214 imperfectum
2309 5155 2446 5211 erat,
2478 5145 2708 5201 Joannis
2762 5148 3056 5217 perfectius
3089 5165 3184 5219 per
3217 5152 3490 5219 paeniten-

1903 5236 2061 5299 tiam;
2091 5236 2292 5291 Chri-ti
2325 5253 2454 5291 vero
2484 5239 2753 5309 baptisma
2786 5242 3057 5298 inundans
3102 5254 3324 5313 peccata
3370 5245 3489 5300 sine

1901 5329 2238 5399 pwnitentia.

1980 5419 2136 5474 Vens.
2178 5420 2230 5473 ὅ.
2263 5418 2552 5486 Quomodo
2605 5421 3012 5490 intelligendum
3051 5442 3063 5478 :
3097 5422 3284 5478 Omnis
3331 5425 3490 5480 vallis

1904 5511 2227 5580 implebitur,
2251 5521 2301 5565 et
2330 5514 2500 5567 omnis
2567 5530 2715 5568 mons
2755 5514 3129 5568 humiliabitur
3163 5516 3189 5568 Ρ
3216 5515 3487 5580 Quoniam

1901 5608 2047 5662 cnim
2080 5606 2220 5661 dixit
2255 5625 2266 5658 ι
2306 5606 2503 5662 Parate
2534 5609 2671 5662 viam
2713 5607 2949 5674 Domini,
2977 5609 3294 5679 respondet,
3326 5613 3484 5680 quasi

1903 5698 2102 5768 aliquis
2153 5701 2430 5756 dubitaret
2486 5703 2763 5771 quomodo
2823 5704 2873 5758 id
2921 5704 3237 5771 contingere
3291 5704 3482 5774 possit.

1902 5792 2135 5848 dicendo
2170 5807 2186 5848 :
2219 5793 2392 5850 Omne
2419 5803 2607 5848 contra
2638 5795 2853 5851 \‘iitutis
2881 5812 3105 5853 cursum
3142 5791 3483 5851 obstaculom

1902 5883 2182 5939 auferetur
2212 5900 2241 5939 a
2275 5885 2514 5954 Christo,
2553 5889 2731 5958 qualis
2755 5898 2838 5945 est
2892 5905 3079 5957 IIIUIIS;
3112 5898 3164 5945 et
3195 5889 3239 5946 si
3276 5889 3480 5945 malitia
