  <div class='ocr_page' id='page_1' title='image "/cluster/home/n/w/nwhite01/storage/ocr_20150623/106/nnc1.0046979980/640.png"; bbox 0 0 4220 6432; ppageno 0'>
   <div class='ocr_carea' id='block_1_1' title="bbox 263 416 396 478">
    <p class='ocr_par' dir='ltr' id='par_1_1' title="bbox 263 416 396 478">
     <span class='ocr_line' id='line_1_1' title="bbox 263 416 396 478; baseline 0 -2"><span class='ocrx_word' id='word_1_1' title='bbox 263 416 288 476; x_wconf 74' lang='grc'>1</span> <span class='ocrx_word' id='word_1_2' title='bbox 304 416 396 478; x_wconf 69' lang='lat'><strong>1‘37</strong></span> 
     </span>
    </p>
   </div>
   <div class='ocr_carea' id='block_1_2' title="bbox 1350 406 2448 469">
    <p class='ocr_par' dir='ltr' id='par_1_2' title="bbox 1350 406 2448 469">
     <span class='ocr_line' id='line_1_2' title="bbox 1350 406 2448 469; baseline -0.004 -1"><span class='ocrx_word' id='word_1_3' title='bbox 1350 409 1669 469; x_wconf 76' lang='lat' dir='ltr'><strong>SCHOLIA</strong></span> <span class='ocrx_word' id='word_1_4' title='bbox 1707 408 2005 468; x_wconf 73' lang='lat' dir='ltr'><strong>V&#39;ETERA</strong></span> <span class='ocrx_word' id='word_1_5' title='bbox 2051 406 2128 463; x_wconf 73' lang='lat' dir='ltr'><strong>IN</strong></span> <span class='ocrx_word' id='word_1_6' title='bbox 2174 407 2448 465; x_wconf 81' lang='lat' dir='ltr'><strong>LUC.\.\i.</strong></span> 
     </span>
    </p>
   </div>
   <div class='ocr_carea' id='block_1_3' title="bbox 3373 406 3504 469">
    <p class='ocr_par' dir='ltr' id='par_1_3' title="bbox 3373 406 3504 469">
     <span class='ocr_line' id='line_1_3' title="bbox 3373 406 3504 469; baseline -0.023 0"><span class='ocrx_word' id='word_1_7' title='bbox 3373 406 3504 469; x_wconf 75' lang='lat'><strong>“98</strong></span> 
     </span>
    </p>
   </div>
   <div class='ocr_carea' id='block_1_4' title="bbox 259 516 1925 591">
    <p class='ocr_par' dir='ltr' id='par_1_4' title="bbox 259 518 1916 591">
     <span class='ocr_line' id='line_1_4' title="bbox 259 518 1916 591; baseline -0.005 -11"><span class='ocrx_word' id='word_1_8' title='bbox 259 525 447 581; x_wconf 72' lang='grc' dir='ltr'>αὑτοῦ.</span> <span class='ocrx_word' id='word_1_9' title='bbox 467 522 781 591; x_wconf 81' lang='grc' dir='ltr'>Πανδοχεῖον</span> <span class='ocrx_word' id='word_1_10' title='bbox 809 521 998 590; x_wconf 74' lang='grc' dir='ltr'>δὲ,την</span> <span class='ocrx_word' id='word_1_11' title='bbox 1044 518 1370 588; x_wconf 82' lang='grc' dir='ltr'>Ἐκκλησίαν</span> <span class='ocrx_word' id='word_1_12' title='bbox 1403 521 1558 572; x_wconf 87' lang='grc' dir='ltr'>καλεῖ</span> <span class='ocrx_word' id='word_1_13' title='bbox 1585 521 1682 588; x_wconf 81' lang='grc' dir='ltr'>τὴν</span> <span class='ocrx_word' id='word_1_14' title='bbox 1704 519 1838 572; x_wconf 82' lang='grc' dir='ltr'>πάν·</span> <span class='ocrx_word' id='word_1_15' title='bbox 1867 519 1916 578; x_wconf 81' lang='grc' dir='ltr'>Α</span> 
     </span>
    </p>
   </div>
   <div class='ocr_carea' id='block_1_5' title="bbox 1840 516 3506 591">
    <p class='ocr_par' dir='ltr' id='par_1_5' title="bbox 1867 516 3506 586">
     <span class='ocr_line' id='line_1_5' title="bbox 1867 516 3506 586; baseline 0.004 -17"><span class='ocrx_word' id='word_1_16' title='bbox 1867 519 1916 578; x_wconf 81' lang='grc' dir='ltr'>Α</span> <span class='ocrx_word' id='word_1_17' title='bbox 1943 517 2333 582; x_wconf 66' lang='lat' dir='ltr'><strong>accipientem;</strong></span> <span class='ocrx_word' id='word_1_18' title='bbox 2378 518 2470 570; x_wconf 83' lang='lat' dir='ltr'><strong>sed</strong></span> <span class='ocrx_word' id='word_1_19' title='bbox 2518 533 2619 570; x_wconf 89' lang='lat' dir='ltr'><strong>non</strong></span> <span class='ocrx_word' id='word_1_20' title='bbox 2653 517 2784 586; x_wconf 67' lang='lat' dir='ltr'><strong>ivgis</strong></span> <span class='ocrx_word' id='word_1_21' title='bbox 2814 516 3006 580; x_wconf 83' lang='lat' dir='ltr'><strong>instar,</strong></span> <span class='ocrx_word' id='word_1_22' title='bbox 3037 518 3342 575; x_wconf 78' lang='lat' dir='ltr'><strong>dicentem:</strong></span> <span class='ocrx_word' id='word_1_23' title='bbox 3381 529 3506 576; x_wconf 79' lang='lat' dir='ltr'><strong>Am-</strong></span> 
     </span>
    </p>
   </div>
   <div class='ocr_carea' id='block_1_6' title="bbox 259 609 1826 682">
    <p class='ocr_par' dir='ltr' id='par_1_6' title="bbox 259 609 1826 682">
     <span class='ocr_line' id='line_1_6' title="bbox 259 609 1826 682; baseline -0.006 -13"><span class='ocrx_word' id='word_1_24' title='bbox 259 634 359 678; x_wconf 82' lang='grc' dir='ltr'><strong>τας</strong></span> <span class='ocrx_word' id='word_1_25' title='bbox 385 612 680 682; x_wconf 78' lang='grc' dir='ltr'><strong>δεχομένην</strong></span> <span class='ocrx_word' id='word_1_26' title='bbox 699 628 712 640; x_wconf 85' lang='grc'><strong>·</strong></span> <span class='ocrx_word' id='word_1_27' title='bbox 752 611 887 664; x_wconf 74' lang='grc' dir='ltr'>ἀλλὰ</span> <span class='ocrx_word' id='word_1_28' title='bbox 917 610 992 680; x_wconf 80' lang='grc' dir='ltr'>μὴ</span> <span class='ocrx_word' id='word_1_29' title='bbox 1034 609 1174 663; x_wconf 75' lang='grc' dir='ltr'>κατα</span> <span class='ocrx_word' id='word_1_30' title='bbox 1201 611 1291 661; x_wconf 67' lang='grc' dir='ltr'>τὸν</span> <span class='ocrx_word' id='word_1_31' title='bbox 1321 609 1485 678; x_wconf 88' lang='grc' dir='ltr'>νόμον</span> <span class='ocrx_word' id='word_1_32' title='bbox 1527 609 1790 675; x_wconf 80' lang='grc' dir='ltr'>λέγουσαν</span> <span class='ocrx_word' id='word_1_33' title='bbox 1814 626 1826 638; x_wconf 94' lang='grc'><strong>·</strong></span> 
     </span>
    </p>
   </div>
   <div class='ocr_carea' id='block_1_7' title="bbox 273 701 1829 774">
    <p class='ocr_par' dir='ltr' id='par_1_7' title="bbox 273 701 1829 774">
     <span class='ocr_line' id='line_1_7' title="bbox 273 701 1829 774; baseline -0.006 -13"><span class='ocrx_word' id='word_1_34' title='bbox 273 705 632 774; x_wconf 81' lang='grc' dir='ltr'>Ἀμμανίτης</span> <span class='ocrx_word' id='word_1_35' title='bbox 655 701 750 754; x_wconf 75' lang='grc' dir='ltr'>καὶ</span> <span class='ocrx_word' id='word_1_36' title='bbox 769 703 1074 768; x_wconf 74' lang='grc' dir='ltr'>Μωαϐίτης</span> <span class='ocrx_word' id='word_1_37' title='bbox 1125 703 1209 766; x_wconf 75' lang='grc' dir='ltr'>εἰς·</span> <span class='ocrx_word' id='word_1_38' title='bbox 1245 701 1586 768; x_wconf 70' lang='grc' dir='ltr'><strong>ἐκκλησίαν</strong></span> <span class='ocrx_word' id='word_1_39' title='bbox 1611 701 1829 766; x_wconf 81' lang='grc' dir='ltr'><strong>Κυρίου</strong></span> 
     </span>
    </p>
   </div>
   <div class='ocr_carea' id='block_1_8' title="bbox 260 795 831 852">
    <p class='ocr_par' dir='ltr' id='par_1_8' title="bbox 260 795 831 852">
     <span class='ocr_line' id='line_1_8' title="bbox 260 795 831 852; baseline -0.014 0"><span class='ocrx_word' id='word_1_40' title='bbox 260 799 373 852; x_wconf 77' lang='grc' dir='ltr'>οὐκ</span> <span class='ocrx_word' id='word_1_41' title='bbox 399 795 831 849; x_wconf 75' lang='grc' dir='ltr'>εἰσελεύσεται.</span> 
     </span>
    </p>
   </div>
   <div class='ocr_carea' id='block_1_9' title="bbox 334 881 1837 951">
    <p class='ocr_par' dir='ltr' id='par_1_9' title="bbox 334 881 1837 951">
     <span class='ocr_line' id='line_1_9' title="bbox 334 881 1837 951; baseline -0.003 -14"><span class='ocrx_word' id='word_1_42' title='bbox 334 885 407 937; x_wconf 85' lang='grc' dir='ltr'><strong>Τὸ</strong></span> <span class='ocrx_word' id='word_1_43' title='bbox 438 884 495 936; x_wconf 80' lang='grc' dir='ltr'>δὲ</span> <span class='ocrx_word' id='word_1_44' title='bbox 520 882 705 936; x_wconf 87' lang='grc' dir='ltr'>δοῦναι</span> <span class='ocrx_word' id='word_1_45' title='bbox 732 882 809 951; x_wconf 84' lang='grc' dir='ltr'>τῷ</span> <span class='ocrx_word' id='word_1_46' title='bbox 839 882 1092 951; x_wconf 79' lang='grc' dir='ltr'>πανδοχεῖ</span> <span class='ocrx_word' id='word_1_47' title='bbox 1125 882 1217 935; x_wconf 77' lang='grc' dir='ltr'>δύο</span> <span class='ocrx_word' id='word_1_48' title='bbox 1266 881 1497 951; x_wconf 75' lang='grc' dir='ltr'><strong>δηνάρια</strong></span> <span class='ocrx_word' id='word_1_49' title='bbox 1529 881 1608 942; x_wconf 81' lang='grc' dir='ltr'>εἰς</span> <span class='ocrx_word' id='word_1_50' title='bbox 1643 881 1837 949; x_wconf 69' lang='grc' dir='ltr'>ἐπιμέ-</span> 
     </span>
    </p>
   </div>
   <div class='ocr_carea' id='block_1_10' title="bbox 261 970 1834 1042">
    <p class='ocr_par' dir='ltr' id='par_1_10' title="bbox 261 970 1834 1042">
     <span class='ocr_line' id='line_1_10' title="bbox 261 970 1834 1042; baseline -0.001 -16"><span class='ocrx_word' id='word_1_51' title='bbox 261 974 412 1027; x_wconf 83' lang='grc' dir='ltr'>λειαν</span> <span class='ocrx_word' id='word_1_52' title='bbox 465 970 674 1039; x_wconf 83' lang='grc' dir='ltr'>αὐτοῦ,</span> <span class='ocrx_word' id='word_1_53' title='bbox 722 973 974 1042; x_wconf 74' lang='grc' dir='ltr'><strong>σημαίνει</strong></span> <span class='ocrx_word' id='word_1_54' title='bbox 1017 977 1129 1034; x_wconf 83' lang='grc' dir='ltr'>τοῖς</span> <span class='ocrx_word' id='word_1_55' title='bbox 1195 972 1294 1040; x_wconf 77' lang='grc' dir='ltr'>τῆς</span> <span class='ocrx_word' id='word_1_56' title='bbox 1354 973 1678 1042; x_wconf 84' lang='grc' dir='ltr'>Ἐκκλησίας</span> <span class='ocrx_word' id='word_1_57' title='bbox 1737 974 1834 1024; x_wconf 82' lang='grc' dir='ltr'><strong>ἐπ-</strong></span> 
     </span>
    </p>
   </div>
   <div class='ocr_carea' id='block_1_11' title="bbox 262 1064 1838 1133">
    <p class='ocr_par' dir='ltr' id='par_1_11' title="bbox 262 1064 1838 1133">
     <span class='ocr_line' id='line_1_11' title="bbox 262 1064 1838 1133; baseline -0.003 -14"><span class='ocrx_word' id='word_1_58' title='bbox 262 1067 457 1129; x_wconf 81' lang='grc' dir='ltr'>όπταις</span> <span class='ocrx_word' id='word_1_59' title='bbox 515 1065 831 1128; x_wconf 79' lang='grc' dir='ltr'><strong>ἀποστόλοις</strong></span> <span class='ocrx_word' id='word_1_60' title='bbox 858 1066 950 1119; x_wconf 69' lang='grc' dir='ltr'>καὶ</span> <span class='ocrx_word' id='word_1_61' title='bbox 1007 1066 1348 1128; x_wconf 85' lang='grc' dir='ltr'>διδασκάλοις</span> <span class='ocrx_word' id='word_1_62' title='bbox 1381 1065 1560 1133; x_wconf 83' lang='grc' dir='ltr'>λέγειν</span> <span class='ocrx_word' id='word_1_63' title='bbox 1635 1065 1716 1116; x_wconf 85' lang='grc' dir='ltr'><strong>δτι</strong></span> <span class='ocrx_word' id='word_1_64' title='bbox 1745 1064 1838 1116; x_wconf 80' lang='grc' dir='ltr'>Ἐν</span> 
     </span>
    </p>
   </div>
   <div class='ocr_carea' id='block_1_12' title="bbox 265 1155 1835 1227">
    <p class='ocr_par' dir='ltr' id='par_1_12' title="bbox 265 1155 1835 1227">
     <span class='ocr_line' id='line_1_12' title="bbox 265 1155 1835 1227; baseline 0 -18"><span class='ocrx_word' id='word_1_65' title='bbox 265 1159 330 1227; x_wconf 78' lang='grc' dir='ltr'>τῇ</span> <span class='ocrx_word' id='word_1_66' title='bbox 362 1158 591 1227; x_wconf 68' lang='grc' dir='ltr'>δευτέρα</span> <span class='ocrx_word' id='word_1_67' title='bbox 620 1157 832 1209; x_wconf 78' lang='grc' dir='ltr'>ὲλεὺσει</span> <span class='ocrx_word' id='word_1_68' title='bbox 860 1174 964 1227; x_wconf 89' lang='grc' dir='ltr'><strong>μου</strong></span> <span class='ocrx_word' id='word_1_69' title='bbox 995 1157 1086 1209; x_wconf 73' lang='grc' dir='ltr'>τὸν</span> <span class='ocrx_word' id='word_1_70' title='bbox 1119 1157 1312 1227; x_wconf 72' lang='grc' dir='ltr'>μισθὸν</span> <span class='ocrx_word' id='word_1_71' title='bbox 1351 1159 1464 1218; x_wconf 79' lang='grc' dir='ltr'>τοῖς</span> <span class='ocrx_word' id='word_1_72' title='bbox 1494 1155 1835 1226; x_wconf 78' lang='grc' dir='ltr'>ἐπιμελησα·</span> 
     </span>
    </p>
   </div>
   <div class='ocr_carea' id='block_1_13' title="bbox 269 1248 1141 1316">
    <p class='ocr_par' dir='ltr' id='par_1_13' title="bbox 269 1248 1141 1316">
     <span class='ocr_line' id='line_1_13' title="bbox 269 1248 1141 1316; baseline -0.001 -15"><span class='ocrx_word' id='word_1_73' title='bbox 269 1249 449 1316; x_wconf 81' lang='grc' dir='ltr'>μένοις</span> <span class='ocrx_word' id='word_1_74' title='bbox 478 1248 821 1312; x_wconf 76' lang='grc' dir='ltr'><strong>διδασκάλοις</strong></span> <span class='ocrx_word' id='word_1_75' title='bbox 855 1249 1141 1302; x_wconf 81' lang='grc' dir='ltr'>ἀποδώσω.</span> 
     </span>
    </p>
   </div>
   <div class='ocr_carea' id='block_1_14' title="bbox 343 1337 1840 1408">
    <p class='ocr_par' dir='ltr' id='par_1_14' title="bbox 343 1337 1840 1408">
     <span class='ocr_line' id='line_1_14' title="bbox 343 1337 1840 1408; baseline 0.001 -20"><span class='ocrx_word' id='word_1_76' title='bbox 343 1338 464 1388; x_wconf 86' lang='grc' dir='ltr'>’Ὀτι</span> <span class='ocrx_word' id='word_1_77' title='bbox 496 1339 746 1406; x_wconf 80' lang='grc' dir='ltr'>κρεῖττον</span> <span class='ocrx_word' id='word_1_78' title='bbox 772 1338 873 1408; x_wconf 83' lang='grc' dir='ltr'>τῆς</span> <span class='ocrx_word' id='word_1_79' title='bbox 899 1337 1226 1408; x_wconf 79' lang='grc' dir='ltr'>φιλοξενίας,</span> <span class='ocrx_word' id='word_1_80' title='bbox 1258 1339 1289 1406; x_wconf 78' lang='grc' dir='ltr'>ἡ</span> <span class='ocrx_word' id='word_1_81' title='bbox 1321 1339 1501 1400; x_wconf 79' lang='grc' dir='ltr'>πίστις</span> <span class='ocrx_word' id='word_1_82' title='bbox 1526 1353 1538 1366; x_wconf 78' lang='grc'><strong><em>⁸</em></strong></span> <span class='ocrx_word' id='word_1_83' title='bbox 1564 1341 1656 1391; x_wconf 70' lang='grc' dir='ltr'>καὶ</span> <span class='ocrx_word' id='word_1_84' title='bbox 1683 1338 1840 1391; x_wconf 85' lang='grc' dir='ltr'>τοῦτο</span> 
     </span>
    </p>
   </div>
   <div class='ocr_carea' id='block_1_15' title="bbox 265 1428 1840 1500">
    <p class='ocr_par' dir='ltr' id='par_1_15' title="bbox 265 1428 1840 1500">
     <span class='ocr_line' id='line_1_15' title="bbox 265 1428 1840 1500; baseline 0.001 -21"><span class='ocrx_word' id='word_1_85' title='bbox 265 1428 418 1495; x_wconf 86' lang='grc' dir='ltr'><strong>δηλοί</strong></span> <span class='ocrx_word' id='word_1_86' title='bbox 466 1429 699 1498; x_wconf 82' lang='grc' dir='ltr'>Χριστὸς</span> <span class='ocrx_word' id='word_1_87' title='bbox 733 1431 792 1482; x_wconf 81' lang='grc' dir='ltr'>ὲν</span> <span class='ocrx_word' id='word_1_88' title='bbox 824 1432 890 1500; x_wconf 81' lang='grc' dir='ltr'>τῇ</span> <span class='ocrx_word' id='word_1_89' title='bbox 922 1429 1120 1499; x_wconf 78' lang='grc' dir='ltr'>Μάρθα</span> <span class='ocrx_word' id='word_1_90' title='bbox 1155 1429 1252 1482; x_wconf 75' lang='grc' dir='ltr'>καὶ</span> <span class='ocrx_word' id='word_1_91' title='bbox 1283 1432 1347 1499; x_wconf 85' lang='grc' dir='ltr'><strong>τῇ</strong></span> <span class='ocrx_word' id='word_1_92' title='bbox 1381 1430 1596 1499; x_wconf 77' lang='grc' dir='ltr'>Μαρία·</span> <span class='ocrx_word' id='word_1_93' title='bbox 1629 1431 1840 1498; x_wconf 77' lang='grc' dir='ltr'>ἐκείνης</span> 
     </span>
    </p>
   </div>
   <div class='ocr_carea' id='block_1_16' title="bbox 268 1519 1843 1590">
    <p class='ocr_par' dir='ltr' id='par_1_16' title="bbox 268 1519 1843 1590">
     <span class='ocr_line' id='line_1_16' title="bbox 268 1519 1843 1590; baseline 0.001 -20"><span class='ocrx_word' id='word_1_94' title='bbox 268 1519 375 1586; x_wconf 69' lang='grc' dir='ltr'>γὰρ</span> <span class='ocrx_word' id='word_1_95' title='bbox 404 1520 533 1589; x_wconf 77' lang='grc' dir='ltr'>περὶ</span> <span class='ocrx_word' id='word_1_96' title='bbox 567 1519 665 1590; x_wconf 78' lang='grc' dir='ltr'><strong>τὴν</strong></span> <span class='ocrx_word' id='word_1_97' title='bbox 693 1521 972 1572; x_wconf 81' lang='grc' dir='ltr'>διακονίαν</span> <span class='ocrx_word' id='word_1_98' title='bbox 1009 1521 1450 1590; x_wconf 80' lang='grc' dir='ltr'><strong>ἀσχολουμένης,</strong></span> <span class='ocrx_word' id='word_1_99' title='bbox 1486 1521 1687 1590; x_wconf 75' lang='grc' dir='ltr'>ταύτην</span> <span class='ocrx_word' id='word_1_100' title='bbox 1713 1537 1843 1590; x_wconf 85' lang='grc' dir='ltr'>προ-</span> 
     </span>
    </p>
   </div>
   <div class='ocr_carea' id='block_1_17' title="bbox 267 1608 1841 1678">
    <p class='ocr_par' dir='ltr' id='par_1_17' title="bbox 267 1608 1841 1678">
     <span class='ocr_line' id='line_1_17' title="bbox 267 1608 1841 1678; baseline 0.001 -18"><span class='ocrx_word' id='word_1_101' title='bbox 267 1608 450 1673; x_wconf 83' lang='grc' dir='ltr'>έκρινε</span> <span class='ocrx_word' id='word_1_102' title='bbox 477 1610 712 1678; x_wconf 84' lang='grc' dir='ltr'>Χριστὸς</span> <span class='ocrx_word' id='word_1_103' title='bbox 740 1609 816 1672; x_wconf 82' lang='grc' dir='ltr'><strong>ὡς</strong></span> <span class='ocrx_word' id='word_1_104' title='bbox 843 1609 933 1662; x_wconf 75' lang='grc' dir='ltr'>τὸν</span> <span class='ocrx_word' id='word_1_105' title='bbox 964 1609 1120 1678; x_wconf 87' lang='grc' dir='ltr'>λόγον</span> <span class='ocrx_word' id='word_1_106' title='bbox 1153 1612 1464 1664; x_wconf 81' lang='grc' dir='ltr'>ἀκοὺουσαν</span> <span class='ocrx_word' id='word_1_107' title='bbox 1493 1610 1656 1663; x_wconf 84' lang='grc' dir='ltr'>αὑτοῦ</span> <span class='ocrx_word' id='word_1_108' title='bbox 1679 1627 1693 1641; x_wconf 87' lang='grc'><strong>·</strong></span> <span class='ocrx_word' id='word_1_109' title='bbox 1728 1610 1841 1663; x_wconf 82' lang='grc' dir='ltr'>ἀλλ’</span> 
     </span>
    </p>
   </div>
   <div class='ocr_carea' id='block_1_18' title="bbox 268 1695 1841 1772">
    <p class='ocr_par' dir='ltr' id='par_1_18' title="bbox 268 1695 1841 1772">
     <span class='ocr_line' id='line_1_18' title="bbox 268 1695 1841 1772; baseline 0.002 -22"><span class='ocrx_word' id='word_1_110' title='bbox 268 1699 417 1767; x_wconf 82' lang='grc' dir='ltr'>ὅμως</span> <span class='ocrx_word' id='word_1_111' title='bbox 439 1700 540 1769; x_wconf 81' lang='grc' dir='ltr'>τὴν</span> <span class='ocrx_word' id='word_1_112' title='bbox 572 1700 669 1769; x_wconf 80' lang='grc' dir='ltr'>μὲν</span> <span class='ocrx_word' id='word_1_113' title='bbox 698 1701 799 1752; x_wconf 82' lang='grc' dir='ltr'>οὐκ</span> <span class='ocrx_word' id='word_1_114' title='bbox 832 1701 1175 1771; x_wconf 75' lang='grc' dir='ltr'><strong>ἀπέστρεψεν</strong></span> <span class='ocrx_word' id='word_1_115' title='bbox 1204 1703 1297 1771; x_wconf 73' lang='grc' dir='ltr'>ἀφ’</span> <span class='ocrx_word' id='word_1_116' title='bbox 1331 1695 1406 1754; x_wconf 83' lang='grc' dir='ltr'><strong>ὧν</strong></span> <span class='ocrx_word' id='word_1_117' title='bbox 1434 1702 1625 1767; x_wconf 75' lang='grc' dir='ltr'>ἐποίει,</span> <span class='ocrx_word' id='word_1_118' title='bbox 1656 1703 1756 1772; x_wconf 77' lang='grc' dir='ltr'><strong>τὴν</strong></span> <span class='ocrx_word' id='word_1_119' title='bbox 1785 1703 1841 1754; x_wconf 84' lang='grc' dir='ltr'>δὲ</span> 
     </span>
    </p>
   </div>
   <div class='ocr_carea' id='block_1_19' title="bbox 269 1785 1191 1862">
    <p class='ocr_par' dir='ltr' id='par_1_19' title="bbox 269 1785 1191 1862">
     <span class='ocr_line' id='line_1_19' title="bbox 269 1785 1191 1862; baseline 0.005 -22"><span class='ocrx_word' id='word_1_120' title='bbox 269 1789 631 1857; x_wconf 75' lang='grc' dir='ltr'>προσεδέξατο</span> <span class='ocrx_word' id='word_1_121' title='bbox 653 1792 734 1859; x_wconf 75' lang='grc' dir='ltr'><strong>ἐφ’</strong></span> <span class='ocrx_word' id='word_1_122' title='bbox 769 1785 850 1855; x_wconf 74' lang='grc' dir='ltr'>οἷς</span> <span class='ocrx_word' id='word_1_123' title='bbox 882 1793 1191 1862; x_wconf 81' lang='grc' dir='ltr'>προσεῖχεν.</span> 
     </span>
    </p>
   </div>
   <div class='ocr_carea' id='block_1_20' title="bbox 847 1902 1268 1958">
    <p class='ocr_par' dir='ltr' id='par_1_20' title="bbox 847 1902 1268 1958">
     <span class='ocr_line' id='line_1_20' title="bbox 847 1902 1268 1958; baseline 0.007 -3"><span class='ocrx_word' id='word_1_124' title='bbox 847 1904 1101 1958; x_wconf 75' lang='grc' dir='ltr'><strong>ΚΕΦΑΛ.</strong></span> <span class='ocrx_word' id='word_1_125' title='bbox 1165 1902 1268 1958; x_wconf 83' lang='grc' dir='ltr'><strong>ΙΑ⁹.</strong></span> 
     </span>
    </p>
   </div>
   <div class='ocr_carea' id='block_1_21' title="bbox 341 2010 1840 2092">
    <p class='ocr_par' dir='ltr' id='par_1_21' title="bbox 341 2010 1840 2092">
     <span class='ocr_line' id='line_1_21' title="bbox 341 2010 1840 2092; baseline 0.006 -30"><span class='ocrx_word' id='word_1_126' title='bbox 341 2011 432 2072; x_wconf 85' lang='grc' dir='ltr'>Τδ,</span> <span class='ocrx_word' id='word_1_127' title='bbox 463 2010 697 2092; x_wconf 60' lang='grc' dir='ltr'>Ζητεῖτε</span> <span class='ocrx_word' id='word_1_128' title='bbox 724 2013 819 2066; x_wconf 75' lang='grc' dir='ltr'><strong>καί</strong></span> <span class='ocrx_word' id='word_1_129' title='bbox 845 2015 1106 2083; x_wconf 80' lang='grc' dir='ltr'><strong>κρούετε,</strong></span> <span class='ocrx_word' id='word_1_130' title='bbox 1135 2015 1235 2070; x_wconf 79' lang='grc' dir='ltr'><strong>καί</strong></span> <span class='ocrx_word' id='word_1_131' title='bbox 1261 2015 1648 2086; x_wconf 74' lang='grc' dir='ltr'>ἀνοιγήσεται</span> <span class='ocrx_word' id='word_1_132' title='bbox 1674 2016 1840 2087; x_wconf 79' lang='grc' dir='ltr'>ὑμῖν,</span> 
     </span>
    </p>
   </div>
   <div class='ocr_carea' id='block_1_22' title="bbox 271 2104 1844 2177">
    <p class='ocr_par' dir='ltr' id='par_1_22' title="bbox 271 2104 1844 2177">
     <span class='ocr_line' id='line_1_22' title="bbox 271 2104 1844 2177; baseline 0.003 -22"><span class='ocrx_word' id='word_1_133' title='bbox 271 2104 473 2168; x_wconf 77' lang='grc' dir='ltr'>καὶτὸ,</span> <span class='ocrx_word' id='word_1_134' title='bbox 519 2105 849 2172; x_wconf 78' lang='grc' dir='ltr'>Πορεύεσθε</span> <span class='ocrx_word' id='word_1_135' title='bbox 881 2106 951 2158; x_wconf 78' lang='grc' dir='ltr'><strong>ἐν</strong></span> <span class='ocrx_word' id='word_1_136' title='bbox 978 2107 1152 2160; x_wconf 82' lang='grc' dir='ltr'>νυκτὶ</span> <span class='ocrx_word' id='word_1_137' title='bbox 1195 2107 1345 2175; x_wconf 79' lang='grc' dir='ltr'>πρὸς</span> <span class='ocrx_word' id='word_1_138' title='bbox 1385 2108 1492 2161; x_wconf 84' lang='grc' dir='ltr'><strong>τὸν</strong></span> <span class='ocrx_word' id='word_1_139' title='bbox 1531 2110 1714 2177; x_wconf 73' lang='grc' dir='ltr'>φίλον</span> <span class='ocrx_word' id='word_1_140' title='bbox 1755 2110 1844 2175; x_wconf 75' lang='grc' dir='ltr'>εἷς</span> 
     </span>
    </p>
   </div>
   <div class='ocr_carea' id='block_1_23' title="bbox 270 2193 1846 2270">
    <p class='ocr_par' dir='ltr' id='par_1_23' title="bbox 270 2193 1846 2270">
     <span class='ocr_line' id='line_1_23' title="bbox 270 2193 1846 2270; baseline 0.005 -25"><span class='ocrx_word' id='word_1_141' title='bbox 270 2194 338 2245; x_wconf 83' lang='grc' dir='ltr'>τὸ</span> <span class='ocrx_word' id='word_1_142' title='bbox 373 2193 579 2246; x_wconf 74' lang='grc' dir='ltr'>λαϐεῖν</span> <span class='ocrx_word' id='word_1_143' title='bbox 612 2211 687 2257; x_wconf 88' lang='grc' dir='ltr'><strong>τι,</strong></span> <span class='ocrx_word' id='word_1_144' title='bbox 724 2195 824 2263; x_wconf 77' lang='grc' dir='ltr'><strong>τὴν</strong></span> <span class='ocrx_word' id='word_1_145' title='bbox 875 2195 1094 2264; x_wconf 74' lang='grc' dir='ltr'>ὄχλησιν</span> <span class='ocrx_word' id='word_1_146' title='bbox 1139 2198 1322 2251; x_wconf 77' lang='grc' dir='ltr'>καὶτὸ</span> <span class='ocrx_word' id='word_1_147' title='bbox 1367 2197 1441 2269; x_wconf 84' lang='grc' dir='ltr'>μὴ</span> <span class='ocrx_word' id='word_1_148' title='bbox 1491 2199 1700 2268; x_wconf 81' lang='grc' dir='ltr'>ταχέως</span> <span class='ocrx_word' id='word_1_149' title='bbox 1744 2199 1846 2270; x_wconf 81' lang='grc' dir='ltr'>τῆς</span> 
     </span>
    </p>
   </div>
   <div class='ocr_carea' id='block_1_24' title="bbox 272 2285 1844 2362">
    <p class='ocr_par' dir='ltr' id='par_1_24' title="bbox 272 2285 1844 2362">
     <span class='ocr_line' id='line_1_24' title="bbox 272 2285 1844 2362; baseline 0.006 -28"><span class='ocrx_word' id='word_1_150' title='bbox 272 2285 436 2354; x_wconf 64' lang='grc' dir='ltr'>εὐχῆς</span> <span class='ocrx_word' id='word_1_151' title='bbox 467 2286 792 2352; x_wconf 65' lang='grc' dir='ltr'>ἀφίστασθαι</span> <span class='ocrx_word' id='word_1_152' title='bbox 823 2288 967 2354; x_wconf 79' lang='grc' dir='ltr'>λέγει</span> <span class='ocrx_word' id='word_1_153' title='bbox 998 2306 1011 2318; x_wconf 86' lang='grc'><strong>·</strong></span> <span class='ocrx_word' id='word_1_154' title='bbox 1055 2289 1224 2344; x_wconf 77' lang='grc' dir='ltr'>νύκτα</span> <span class='ocrx_word' id='word_1_155' title='bbox 1255 2291 1310 2344; x_wconf 75' lang='grc' dir='ltr'>δὲ</span> <span class='ocrx_word' id='word_1_156' title='bbox 1344 2286 1518 2357; x_wconf 75' lang='grc' dir='ltr'>εἶπεν,</span> <span class='ocrx_word' id='word_1_157' title='bbox 1563 2292 1765 2362; x_wconf 83' lang='grc' dir='ltr'>μᾶλλον</span> <span class='ocrx_word' id='word_1_158' title='bbox 1788 2291 1844 2345; x_wconf 84' lang='grc' dir='ltr'>δὲ</span> 
     </span>
    </p>
   </div>
   <div class='ocr_carea' id='block_1_25' title="bbox 277 2376 1845 2454">
    <p class='ocr_par' dir='ltr' id='par_1_25' title="bbox 277 2376 1845 2454">
     <span class='ocr_line' id='line_1_25' title="bbox 277 2376 1845 2454; baseline 0.007 -28"><span class='ocrx_word' id='word_1_159' title='bbox 277 2376 652 2443; x_wconf 77' lang='grc' dir='ltr'>μεσονύκτιον,</span> <span class='ocrx_word' id='word_1_160' title='bbox 701 2378 800 2442; x_wconf 76' lang='grc' dir='ltr'><strong>τὰς</strong></span> <span class='ocrx_word' id='word_1_161' title='bbox 842 2381 1075 2450; x_wconf 77' lang='grc' dir='ltr'>ἐσχάτας</span> <span class='ocrx_word' id='word_1_162' title='bbox 1106 2385 1198 2436; x_wconf 73' lang='grc' dir='ltr'>καὶ</span> <span class='ocrx_word' id='word_1_163' title='bbox 1231 2387 1366 2453; x_wconf 77' lang='grc' dir='ltr'>πρὸς</span> <span class='ocrx_word' id='word_1_164' title='bbox 1398 2384 1475 2454; x_wconf 84' lang='grc' dir='ltr'>τῷ</span> <span class='ocrx_word' id='word_1_165' title='bbox 1505 2385 1649 2438; x_wconf 80' lang='grc' dir='ltr'>τέλει</span> <span class='ocrx_word' id='word_1_166' title='bbox 1697 2385 1845 2439; x_wconf 76' lang='grc' dir='ltr'>ἐλπί-</span> 
     </span>
    </p>
   </div>
   <div class='ocr_carea' id='block_1_26' title="bbox 271 2469 1846 2550">
    <p class='ocr_par' dir='ltr' id='par_1_26' title="bbox 271 2469 1846 2550">
     <span class='ocr_line' id='line_1_26' title="bbox 271 2469 1846 2550; baseline 0.008 -30"><span class='ocrx_word' id='word_1_167' title='bbox 271 2469 367 2531; x_wconf 85' lang='grc' dir='ltr'><strong>δας</strong></span> <span class='ocrx_word' id='word_1_168' title='bbox 410 2470 564 2539; x_wconf 78' lang='grc' dir='ltr'><strong>ήμῶν</strong></span> <span class='ocrx_word' id='word_1_169' title='bbox 589 2489 602 2502; x_wconf 81' lang='grc'><em>’</em></span> <span class='ocrx_word' id='word_1_170' title='bbox 641 2473 1027 2543; x_wconf 72' lang='grc' dir='ltr'>οἰκοδεσπότην</span> <span class='ocrx_word' id='word_1_171' title='bbox 1056 2476 1134 2538; x_wconf 79' lang='grc' dir='ltr'>δὲ,</span> <span class='ocrx_word' id='word_1_172' title='bbox 1167 2477 1258 2527; x_wconf 77' lang='grc' dir='ltr'>τὸν</span> <span class='ocrx_word' id='word_1_173' title='bbox 1296 2475 1427 2529; x_wconf 79' lang='grc' dir='ltr'>Θεὸν</span> <span class='ocrx_word' id='word_1_174' title='bbox 1468 2477 1659 2531; x_wconf 84' lang='grc' dir='ltr'>αὐτόν·</span> <span class='ocrx_word' id='word_1_175' title='bbox 1696 2482 1846 2550; x_wconf 83' lang='grc' dir='ltr'>τρεῖς</span> 
     </span>
    </p>
   </div>
   <div class='ocr_carea' id='block_1_27' title="bbox 271 2559 1847 2639">
    <p class='ocr_par' dir='ltr' id='par_1_27' title="bbox 271 2559 1847 2639">
     <span class='ocr_line' id='line_1_27' title="bbox 271 2559 1847 2639; baseline 0.006 -27"><span class='ocrx_word' id='word_1_176' title='bbox 271 2559 327 2613; x_wconf 88' lang='grc' dir='ltr'>δὲ</span> <span class='ocrx_word' id='word_1_177' title='bbox 359 2561 465 2631; x_wconf 85' lang='grc' dir='ltr'><strong>ἀρα</strong></span> <span class='ocrx_word' id='word_1_178' title='bbox 497 2562 772 2632; x_wconf 78' lang='grc' dir='ltr'>ὠνόμασε,</span> <span class='ocrx_word' id='word_1_179' title='bbox 804 2565 903 2634; x_wconf 78' lang='grc' dir='ltr'>τὴν</span> <span class='ocrx_word' id='word_1_180' title='bbox 935 2566 1012 2628; x_wconf 83' lang='grc' dir='ltr'><strong>εἰς</strong></span> <span class='ocrx_word' id='word_1_181' title='bbox 1038 2566 1255 2636; x_wconf 77' lang='grc' dir='ltr'>Πατέρα</span> <span class='ocrx_word' id='word_1_182' title='bbox 1285 2571 1378 2621; x_wconf 77' lang='grc' dir='ltr'>καὶ</span> <span class='ocrx_word' id='word_1_183' title='bbox 1416 2568 1541 2622; x_wconf 72' lang='grc' dir='ltr'>Υίδν</span> <span class='ocrx_word' id='word_1_184' title='bbox 1570 2571 1662 2623; x_wconf 70' lang='grc' dir='ltr'>καὶ</span> <span class='ocrx_word' id='word_1_185' title='bbox 1693 2571 1847 2639; x_wconf 73' lang='grc' dir='ltr'>ἅγιον</span> 
     </span>
    </p>
   </div>
   <div class='ocr_carea' id='block_1_28' title="bbox 276 2653 1846 2730">
    <p class='ocr_par' dir='ltr' id='par_1_28' title="bbox 276 2653 1846 2730">
     <span class='ocr_line' id='line_1_28' title="bbox 276 2653 1846 2730; baseline 0.007 -26"><span class='ocrx_word' id='word_1_186' title='bbox 276 2653 502 2724; x_wconf 82' lang='grc' dir='ltr'>Πνεῦμα</span> <span class='ocrx_word' id='word_1_187' title='bbox 523 2656 726 2708; x_wconf 87' lang='grc' dir='ltr'>πίστιν.</span> <span class='ocrx_word' id='word_1_188' title='bbox 774 2657 832 2708; x_wconf 89' lang='lat'><strong>&#39;0</strong></span> <span class='ocrx_word' id='word_1_189' title='bbox 863 2657 920 2710; x_wconf 85' lang='grc' dir='ltr'>δὲ</span> <span class='ocrx_word' id='word_1_190' title='bbox 956 2657 1104 2725; x_wconf 82' lang='grc' dir='ltr'>φίλος</span> <span class='ocrx_word' id='word_1_191' title='bbox 1126 2661 1152 2710; x_wconf 86' lang='grc' dir='ltr'>ὁ</span> <span class='ocrx_word' id='word_1_192' title='bbox 1178 2661 1619 2730; x_wconf 80' lang='grc' dir='ltr'>παραγενόμενος</span> <span class='ocrx_word' id='word_1_193' title='bbox 1644 2662 1700 2728; x_wconf 73' lang='grc' dir='ltr'><strong>ἐξ</strong></span> <span class='ocrx_word' id='word_1_194' title='bbox 1729 2662 1846 2715; x_wconf 78' lang='grc' dir='ltr'>ὁδοῦ</span> 
     </span>
    </p>
   </div>
   <div class='ocr_carea' id='block_1_29' title="bbox 274 2747 1843 2821">
    <p class='ocr_par' dir='ltr' id='par_1_29' title="bbox 274 2747 1843 2821">
     <span class='ocr_line' id='line_1_29' title="bbox 274 2747 1843 2821; baseline 0.008 -25"><span class='ocrx_word' id='word_1_195' title='bbox 274 2747 628 2811; x_wconf 73' lang='grc' dir='ltr'>ἐπιξενωθεὶς</span> <span class='ocrx_word' id='word_1_196' title='bbox 677 2749 846 2818; x_wconf 81' lang='grc' dir='ltr'>αὐτῷ,</span> <span class='ocrx_word' id='word_1_197' title='bbox 897 2750 1116 2820; x_wconf 83' lang='grc' dir='ltr'>νοηθείη</span> <span class='ocrx_word' id='word_1_198' title='bbox 1166 2751 1230 2804; x_wconf 82' lang='grc' dir='ltr'><strong>ἂν</strong></span> <span class='ocrx_word' id='word_1_199' title='bbox 1267 2752 1489 2816; x_wconf 80' lang='grc' dir='ltr'>εἰκότως</span> <span class='ocrx_word' id='word_1_200' title='bbox 1525 2754 1552 2805; x_wconf 85' lang='grc' dir='ltr'>ὁ</span> <span class='ocrx_word' id='word_1_201' title='bbox 1594 2753 1843 2821; x_wconf 83' lang='grc' dir='ltr'>ἄγγελος,</span> 
     </span>
    </p>
   </div>
   <div class='ocr_carea' id='block_1_30' title="bbox 272 2837 1848 2914">
    <p class='ocr_par' dir='ltr' id='par_1_30' title="bbox 272 2837 1848 2914">
     <span class='ocr_line' id='line_1_30' title="bbox 272 2837 1848 2914; baseline 0.007 -27"><span class='ocrx_word' id='word_1_202' title='bbox 272 2837 441 2905; x_wconf 65' lang='grc' dir='ltr'>ἤγουν</span> <span class='ocrx_word' id='word_1_203' title='bbox 467 2839 513 2889; x_wconf 86' lang='grc' dir='ltr'>οἱ</span> <span class='ocrx_word' id='word_1_204' title='bbox 554 2839 777 2907; x_wconf 82' lang='grc' dir='ltr'>ἄγγελοι</span> <span class='ocrx_word' id='word_1_205' title='bbox 821 2841 869 2892; x_wconf 79' lang='lat' dir='ltr'><strong>oi</strong></span> <span class='ocrx_word' id='word_1_206' title='bbox 901 2842 1036 2910; x_wconf 77' lang='grc' dir='ltr'>πρὸς</span> <span class='ocrx_word' id='word_1_207' title='bbox 1077 2843 1145 2896; x_wconf 76' lang='grc' dir='ltr'><strong>τὰ</strong></span> <span class='ocrx_word' id='word_1_208' title='bbox 1173 2842 1376 2911; x_wconf 76' lang='grc' dir='ltr'>ἔσχατα</span> <span class='ocrx_word' id='word_1_209' title='bbox 1421 2847 1848 2914; x_wconf 77' lang='grc' dir='ltr'>παραγινόμενοι</span> 
     </span>
    </p>
   </div>
   <div class='ocr_carea' id='block_1_31' title="bbox 275 2930 1850 3004">
    <p class='ocr_par' dir='ltr' id='par_1_31' title="bbox 275 2930 1850 3004">
     <span class='ocr_line' id='line_1_31' title="bbox 275 2930 1850 3004; baseline 0.004 -25"><span class='ocrx_word' id='word_1_210' title='bbox 275 2930 614 2998; x_wconf 76' lang='grc' dir='ltr'>παραλαϐεῖν</span> <span class='ocrx_word' id='word_1_211' title='bbox 663 2932 843 3000; x_wconf 76' lang='grc' dir='ltr'>ἡμᾶς·</span> <span class='ocrx_word' id='word_1_212' title='bbox 879 2931 1095 3001; x_wconf 80' lang='grc' dir='ltr'>φιλοῦσι</span> <span class='ocrx_word' id='word_1_213' title='bbox 1137 2934 1244 3004; x_wconf 83' lang='grc' dir='ltr'>γὰρ</span> <span class='ocrx_word' id='word_1_214' title='bbox 1286 2935 1431 3001; x_wconf 79' lang='grc' dir='ltr'>ἡμᾶς</span> <span class='ocrx_word' id='word_1_215' title='bbox 1474 2933 1568 2986; x_wconf 70' lang='grc' dir='ltr'><strong>καὶ</strong></span> <span class='ocrx_word' id='word_1_216' title='bbox 1593 2935 1746 2987; x_wconf 69' lang='grc' dir='ltr'>αὐτοὶ</span> <span class='ocrx_word' id='word_1_217' title='bbox 1775 2935 1850 2997; x_wconf 82' lang='grc' dir='ltr'><strong>ὡς</strong></span> 
     </span>
    </p>
   </div>
   <div class='ocr_carea' id='block_1_32' title="bbox 276 3019 1849 3095">
    <p class='ocr_par' dir='ltr' id='par_1_32' title="bbox 276 3019 1849 3095">
     <span class='ocr_line' id='line_1_32' title="bbox 276 3019 1849 3095; baseline 0.004 -25"><span class='ocrx_word' id='word_1_218' title='bbox 276 3019 665 3091; x_wconf 79' lang='grc' dir='ltr'>φιλανθρώπου</span> <span class='ocrx_word' id='word_1_219' title='bbox 704 3021 840 3075; x_wconf 82' lang='grc' dir='ltr'>Θεοῦ</span> <span class='ocrx_word' id='word_1_220' title='bbox 901 3022 1276 3095; x_wconf 84' lang='grc' dir='ltr'>φιλάνθρωποι</span> <span class='ocrx_word' id='word_1_221' title='bbox 1326 3024 1633 3094; x_wconf 81' lang='grc' dir='ltr'>ὑπηρέται·</span> <span class='ocrx_word' id='word_1_222' title='bbox 1684 3025 1750 3076; x_wconf 87' lang='grc' dir='ltr'><strong>τά</strong></span> <span class='ocrx_word' id='word_1_223' title='bbox 1793 3025 1849 3077; x_wconf 67' lang='grc' dir='ltr'>δέ</span> 
     </span>
    </p>
   </div>
   <div class='ocr_carea' id='block_1_33' title="bbox 276 3110 1848 3186">
    <p class='ocr_par' dir='ltr' id='par_1_33' title="bbox 276 3110 1848 3186">
     <span class='ocr_line' id='line_1_33' title="bbox 276 3110 1848 3186; baseline 0.004 -26"><span class='ocrx_word' id='word_1_224' title='bbox 276 3110 467 3163; x_wconf 86' lang='grc' dir='ltr'>παιδία</span> <span class='ocrx_word' id='word_1_225' title='bbox 501 3113 567 3166; x_wconf 72' lang='grc' dir='ltr'>τὰ</span> <span class='ocrx_word' id='word_1_226' title='bbox 599 3115 692 3166; x_wconf 77' lang='grc' dir='ltr'><strong>ἐπὶ</strong></span> <span class='ocrx_word' id='word_1_227' title='bbox 729 3114 828 3183; x_wconf 86' lang='grc' dir='ltr'>τῆς</span> <span class='ocrx_word' id='word_1_228' title='bbox 856 3114 1046 3185; x_wconf 84' lang='grc' dir='ltr'>κλίνης</span> <span class='ocrx_word' id='word_1_229' title='bbox 1095 3115 1505 3186; x_wconf 82' lang='grc' dir='ltr'>ἀναπαυόμενα,</span> <span class='ocrx_word' id='word_1_230' title='bbox 1537 3116 1662 3177; x_wconf 76' lang='grc' dir='ltr'>τοὺς</span> <span class='ocrx_word' id='word_1_231' title='bbox 1718 3131 1848 3185; x_wconf 85' lang='grc' dir='ltr'>τρα-</span> 
     </span>
    </p>
   </div>
   <div class='ocr_carea' id='block_1_34' title="bbox 1940 608 3507 670">
    <p class='ocr_par' dir='ltr' id='par_1_34' title="bbox 1940 608 3507 670">
     <span class='ocr_line' id='line_1_34' title="bbox 1940 608 3507 670; baseline 0.007 -12"><span class='ocrx_word' id='word_1_232' title='bbox 1940 612 2133 659; x_wconf 74' lang='lat' dir='ltr'><strong>monitu</strong></span> <span class='ocrx_word' id='word_1_233' title='bbox 2164 619 2209 660; x_wconf 85' lang='lat' dir='ltr'><strong>ct</strong></span> <span class='ocrx_word' id='word_1_234' title='bbox 2245 608 2474 660; x_wconf 79' lang='lat' dir='ltr'><strong>Jloabita</strong></span> <span class='ocrx_word' id='word_1_235' title='bbox 2500 611 2550 661; x_wconf 84' lang='lat' dir='ltr'><strong>in</strong></span> <span class='ocrx_word' id='word_1_236' title='bbox 2601 610 2868 662; x_wconf 71' lang='lat' dir='ltr'><strong>ecclesiam</strong></span> <span class='ocrx_word' id='word_1_237' title='bbox 2906 609 3114 662; x_wconf 79' lang='lat' dir='ltr'><strong>Domini</strong></span> <span class='ocrx_word' id='word_1_238' title='bbox 3134 627 3234 665; x_wconf 85' lang='lat' dir='ltr'><strong>non</strong></span> <span class='ocrx_word' id='word_1_239' title='bbox 3269 614 3507 670; x_wconf 84' lang='lat' dir='ltr'><strong>intrabit.</strong></span> 
     </span>
    </p>
   </div>
   <div class='ocr_carea' id='block_1_35' title="bbox 2011 880 3510 940">
    <p class='ocr_par' dir='ltr' id='par_1_35' title="bbox 2011 880 3510 940">
     <span class='ocr_line' id='line_1_35' title="bbox 2011 880 3510 940; baseline 0.004 -8"><span class='ocrx_word' id='word_1_240' title='bbox 2011 880 2285 936; x_wconf 78' lang='lat' dir='ltr'><strong>\&#39;i;ns.37.</strong></span> <span class='ocrx_word' id='word_1_241' title='bbox 2333 882 2469 934; x_wconf 82' lang='lat' dir='ltr'><strong>Dare</strong></span> <span class='ocrx_word' id='word_1_242' title='bbox 2511 882 2812 937; x_wconf 86' lang='lat' dir='ltr'><strong>stabulario</strong></span> <span class='ocrx_word' id='word_1_243' title='bbox 2834 884 2973 938; x_wconf 88' lang='lat' dir='ltr'><strong>duos</strong></span> <span class='ocrx_word' id='word_1_244' title='bbox 3003 885 3263 940; x_wconf 74' lang='lat' dir='ltr'><strong>denarios</strong></span> <span class='ocrx_word' id='word_1_245' title='bbox 3307 895 3365 937; x_wconf 93' lang='lat' dir='ltr'><strong>ut</strong></span> <span class='ocrx_word' id='word_1_246' title='bbox 3408 901 3510 939; x_wconf 79' lang='lat' dir='ltr'><strong>cu-</strong></span> 
     </span>
    </p>
   </div>
   <div class='ocr_carea' id='block_1_36' title="bbox 1941 972 3503 1042">
    <p class='ocr_par' dir='ltr' id='par_1_36' title="bbox 1941 972 3503 1042">
     <span class='ocr_line' id='line_1_36' title="bbox 1941 972 3503 1042; baseline 0.003 -16"><span class='ocrx_word' id='word_1_247' title='bbox 1941 988 2055 1026; x_wconf 92' lang='lat' dir='ltr'><strong>ram</strong></span> <span class='ocrx_word' id='word_1_248' title='bbox 2078 974 2144 1026; x_wconf 90' lang='lat' dir='ltr'><strong>de</strong></span> <span class='ocrx_word' id='word_1_249' title='bbox 2176 972 2265 1026; x_wconf 91' lang='lat' dir='ltr'><strong>illo</strong></span> <span class='ocrx_word' id='word_1_250' title='bbox 2292 973 2512 1037; x_wconf 88' lang='lat' dir='ltr'><strong>habeat,</strong></span> <span class='ocrx_word' id='word_1_251' title='bbox 2543 973 2815 1042; x_wconf 77' lang='lat' dir='ltr'><strong>signiﬁcat</strong></span> <span class='ocrx_word' id='word_1_252' title='bbox 2851 991 2976 1029; x_wconf 84' lang='lat' dir='ltr'><strong>eum</strong></span> <span class='ocrx_word' id='word_1_253' title='bbox 3021 975 3278 1030; x_wconf 66' lang='lat' dir='ltr'><strong>Ecclesia:</strong></span> <span class='ocrx_word' id='word_1_254' title='bbox 3309 977 3503 1042; x_wconf 69' lang='lat' dir='ltr'><strong>prtere-</strong></span> 
     </span>
    </p>
   </div>
   <div class='ocr_carea' id='block_1_37' title="bbox 1940 1059 3512 1129">
    <p class='ocr_par' dir='ltr' id='par_1_37' title="bbox 1940 1059 3512 1129">
     <span class='ocr_line' id='line_1_37' title="bbox 1940 1059 3512 1129; baseline 0.005 -17"><span class='ocrx_word' id='word_1_255' title='bbox 1940 1059 2043 1112; x_wconf 87' lang='lat' dir='ltr'><strong>ctis</strong></span> <span class='ocrx_word' id='word_1_256' title='bbox 2082 1060 2555 1129; x_wconf 55' lang='lat' dir='ltr'><strong>dicere,apostolis</strong></span> <span class='ocrx_word' id='word_1_257' title='bbox 2580 1068 2633 1114; x_wconf 91' lang='lat' dir='ltr'><strong>et</strong></span> <span class='ocrx_word' id='word_1_258' title='bbox 2667 1062 3000 1126; x_wconf 84' lang='lat' dir='ltr'><strong>doctoribus,</strong></span> <span class='ocrx_word' id='word_1_259' title='bbox 3037 1067 3088 1118; x_wconf 90' lang='lat' dir='ltr'><strong>in</strong></span> <span class='ocrx_word' id='word_1_260' title='bbox 3123 1066 3363 1119; x_wconf 81' lang='lat' dir='ltr'><strong>secundo</strong></span> <span class='ocrx_word' id='word_1_261' title='bbox 3391 1081 3512 1120; x_wconf 91' lang='lat' dir='ltr'><strong>meo</strong></span> 
     </span>
    </p>
   </div>
   <div class='ocr_carea' id='block_1_38' title="bbox 1941 1152 3509 1224">
    <p class='ocr_par' dir='ltr' id='par_1_38' title="bbox 1941 1152 3509 1224">
     <span class='ocr_line' id='line_1_38' title="bbox 1941 1152 3509 1224; baseline 0.006 -20"><span class='ocrx_word' id='word_1_262' title='bbox 1941 1152 2174 1204; x_wconf 83' lang='lat' dir='ltr'><strong>adventu</strong></span> <span class='ocrx_word' id='word_1_263' title='bbox 2209 1153 2514 1207; x_wconf 84' lang='lat' dir='ltr'><strong>mercedem</strong></span> <span class='ocrx_word' id='word_1_264' title='bbox 2551 1154 2869 1208; x_wconf 85' lang='lat' dir='ltr'><strong>doctoribus</strong></span> <span class='ocrx_word' id='word_1_265' title='bbox 2915 1157 3007 1224; x_wconf 85' lang='lat' dir='ltr'><strong>qui</strong></span> <span class='ocrx_word' id='word_1_266' title='bbox 3056 1171 3246 1211; x_wconf 87' lang='lat' dir='ltr'><strong>curam</strong></span> <span class='ocrx_word' id='word_1_267' title='bbox 3298 1158 3509 1213; x_wconf 84' lang='lat' dir='ltr'><strong>habue-</strong></span> 
     </span>
    </p>
   </div>
   <div class='ocr_carea' id='block_1_39' title="bbox 1945 1241 2398 1297">
    <p class='ocr_par' dir='ltr' id='par_1_39' title="bbox 1945 1241 2398 1297">
     <span class='ocr_line' id='line_1_39' title="bbox 1945 1241 2398 1297; baseline 0.011 -5"><span class='ocrx_word' id='word_1_268' title='bbox 1945 1241 2048 1294; x_wconf 88' lang='lat' dir='ltr'><strong>rint</strong></span> <span class='ocrx_word' id='word_1_269' title='bbox 2073 1244 2398 1297; x_wconf 89' lang='lat' dir='ltr'><strong>retribuam.</strong></span> 
     </span>
    </p>
   </div>
   <div class='ocr_carea' id='block_1_40' title="bbox 2016 1331 3509 1403">
    <p class='ocr_par' dir='ltr' id='par_1_40' title="bbox 2016 1331 3509 1403">
     <span class='ocr_line' id='line_1_40' title="bbox 2016 1331 3509 1403; baseline 0.005 -17"><span class='ocrx_word' id='word_1_270' title='bbox 2016 1331 2176 1387; x_wconf 72' lang='lat' dir='ltr'><strong>Vens.</strong></span> <span class='ocrx_word' id='word_1_271' title='bbox 2197 1333 2285 1386; x_wconf 68' lang='grc'><strong>42.</strong></span> <span class='ocrx_word' id='word_1_272' title='bbox 2318 1333 2691 1403; x_wconf 87' lang='lat' dir='ltr'><strong>llospitalitate</strong></span> <span class='ocrx_word' id='word_1_273' title='bbox 2724 1337 2919 1390; x_wconf 82' lang='lat' dir='ltr'><strong>melior</strong></span> <span class='ocrx_word' id='word_1_274' title='bbox 2952 1345 3036 1391; x_wconf 90' lang='lat' dir='ltr'><strong>est</strong></span> <span class='ocrx_word' id='word_1_275' title='bbox 3065 1338 3220 1392; x_wconf 88' lang='lat' dir='ltr'><strong>tides.</strong></span> <span class='ocrx_word' id='word_1_276' title='bbox 3257 1339 3313 1392; x_wconf 93' lang='lat' dir='ltr'><strong>ld</strong></span> <span class='ocrx_word' id='word_1_277' title='bbox 3345 1340 3509 1394; x_wconf 87' lang='lat' dir='ltr'><strong>etiam</strong></span> 
     </span>
    </p>
   </div>
   <div class='ocr_carea' id='block_1_41' title="bbox 1942 1426 3510 1487">
    <p class='ocr_par' dir='ltr' id='par_1_41' title="bbox 1942 1426 3510 1487">
     <span class='ocr_line' id='line_1_41' title="bbox 1942 1426 3510 1487; baseline 0.004 -9"><span class='ocrx_word' id='word_1_278' title='bbox 1942 1428 2175 1479; x_wconf 85' lang='lat' dir='ltr'><strong>ostendit</strong></span> <span class='ocrx_word' id='word_1_279' title='bbox 2201 1426 2453 1481; x_wconf 85' lang='lat' dir='ltr'><strong>Christus</strong></span> <span class='ocrx_word' id='word_1_280' title='bbox 2478 1430 2529 1481; x_wconf 92' lang='lat' dir='ltr'><strong>in</strong></span> <span class='ocrx_word' id='word_1_281' title='bbox 2567 1429 2772 1483; x_wconf 79' lang='lat' dir='ltr'><strong>Martha</strong></span> <span class='ocrx_word' id='word_1_282' title='bbox 2804 1439 2858 1484; x_wconf 87' lang='lat' dir='ltr'><strong>et</strong></span> <span class='ocrx_word' id='word_1_283' title='bbox 2882 1429 3070 1484; x_wconf 80' lang='lat' dir='ltr'><strong>Maria.</strong></span> <span class='ocrx_word' id='word_1_284' title='bbox 3099 1429 3249 1486; x_wconf 84' lang='lat' dir='ltr'><strong>Hane</strong></span> <span class='ocrx_word' id='word_1_285' title='bbox 3281 1434 3427 1487; x_wconf 90' lang='lat' dir='ltr'><strong>enim</strong></span> <span class='ocrx_word' id='word_1_286' title='bbox 3458 1434 3510 1485; x_wconf 91' lang='lat' dir='ltr'><strong>in</strong></span> 
     </span>
    </p>
   </div>
   <div class='ocr_carea' id='block_1_42' title="bbox 1945 1517 3511 1587">
    <p class='ocr_par' dir='ltr' id='par_1_42' title="bbox 1945 1517 3511 1587">
     <span class='ocr_line' id='line_1_42' title="bbox 1945 1517 3511 1587; baseline 0.006 -20"><span class='ocrx_word' id='word_1_287' title='bbox 1945 1517 2250 1570; x_wconf 80' lang='lat' dir='ltr'><strong>ministerio</strong></span> <span class='ocrx_word' id='word_1_288' title='bbox 2275 1527 2583 1571; x_wconf 82' lang='lat' dir='ltr'><strong>cessantem</strong></span> <span class='ocrx_word' id='word_1_289' title='bbox 2615 1521 2897 1587; x_wconf 76' lang='lat' dir='ltr'><strong>anteponit</strong></span> <span class='ocrx_word' id='word_1_290' title='bbox 2924 1521 3184 1576; x_wconf 82' lang='lat' dir='ltr'><strong>Christus</strong></span> <span class='ocrx_word' id='word_1_291' title='bbox 3215 1529 3274 1576; x_wconf 91' lang='lat' dir='ltr'><strong>ut</strong></span> <span class='ocrx_word' id='word_1_292' title='bbox 3294 1537 3511 1577; x_wconf 86' lang='lat' dir='ltr'><strong>sermo-</strong></span> 
     </span>
    </p>
   </div>
   <div class='ocr_carea' id='block_1_43' title="bbox 1945 1609 3513 1678">
    <p class='ocr_par' dir='ltr' id='par_1_43' title="bbox 1945 1609 3513 1678">
     <span class='ocr_line' id='line_1_43' title="bbox 1945 1609 3513 1678; baseline 0.004 -17"><span class='ocrx_word' id='word_1_293' title='bbox 1945 1625 2042 1661; x_wconf 89' lang='lat' dir='ltr'><strong>nes</strong></span> <span class='ocrx_word' id='word_1_294' title='bbox 2072 1609 2244 1678; x_wconf 83' lang='lat' dir='ltr'><strong>ipsius</strong></span> <span class='ocrx_word' id='word_1_295' title='bbox 2277 1610 2588 1662; x_wconf 80' lang='lat' dir='ltr'><strong>audientem</strong></span> <span class='ocrx_word' id='word_1_296' title='bbox 2615 1627 2628 1670; x_wconf 86' lang='lat'><strong>;</strong></span> <span class='ocrx_word' id='word_1_297' title='bbox 2666 1609 2758 1663; x_wconf 89' lang='lat' dir='ltr'><strong>sed</strong></span> <span class='ocrx_word' id='word_1_298' title='bbox 2791 1620 2970 1664; x_wconf 85' lang='lat' dir='ltr'><strong>tamen</strong></span> <span class='ocrx_word' id='word_1_299' title='bbox 3003 1627 3111 1665; x_wconf 90' lang='lat' dir='ltr'><strong>non</strong></span> <span class='ocrx_word' id='word_1_300' title='bbox 3138 1613 3284 1666; x_wconf 76' lang='lat' dir='ltr'><strong>illam</strong></span> <span class='ocrx_word' id='word_1_301' title='bbox 3318 1615 3513 1667; x_wconf 77' lang='lat' dir='ltr'><strong>avertit</strong></span> 
     </span>
    </p>
   </div>
   <div class='ocr_carea' id='block_1_44' title="bbox 1946 1699 3503 1772">
    <p class='ocr_par' dir='ltr' id='par_1_44' title="bbox 1946 1699 3503 1772">
     <span class='ocr_line' id='line_1_44' title="bbox 1946 1699 3503 1772; baseline 0.003 -21"><span class='ocrx_word' id='word_1_302' title='bbox 1946 1699 2013 1751; x_wconf 77' lang='lat' dir='ltr'><strong>ab</strong></span> <span class='ocrx_word' id='word_1_303' title='bbox 2040 1700 2296 1767; x_wconf 81' lang='lat' dir='ltr'><strong>operibus</strong></span> <span class='ocrx_word' id='word_1_304' title='bbox 2322 1714 2443 1767; x_wconf 81' lang='lat' dir='ltr'><strong>quae</strong></span> <span class='ocrx_word' id='word_1_305' title='bbox 2473 1700 2784 1759; x_wconf 77' lang='lat' dir='ltr'><strong>exercebat.</strong></span> <span class='ocrx_word' id='word_1_306' title='bbox 2827 1701 2922 1755; x_wconf 92' lang='lat' dir='ltr'><strong>sed</strong></span> <span class='ocrx_word' id='word_1_307' title='bbox 2951 1701 3178 1756; x_wconf 85' lang='lat' dir='ltr'><strong>alteram</strong></span> <span class='ocrx_word' id='word_1_308' title='bbox 3216 1713 3503 1772; x_wconf 86' lang='lat' dir='ltr'><strong>acceptam</strong></span> 
     </span>
    </p>
   </div>
   <div class='ocr_carea' id='block_1_45' title="bbox 1949 1786 2825 1857">
    <p class='ocr_par' dir='ltr' id='par_1_45' title="bbox 1949 1786 2825 1857">
     <span class='ocr_line' id='line_1_45' title="bbox 1949 1786 2825 1857; baseline 0.002 -19"><span class='ocrx_word' id='word_1_309' title='bbox 1949 1787 2135 1840; x_wconf 79' lang='lat' dir='ltr'><strong>habuit</strong></span> <span class='ocrx_word' id='word_1_310' title='bbox 2168 1786 2220 1839; x_wconf 92' lang='lat' dir='ltr'><strong>in</strong></span> <span class='ocrx_word' id='word_1_311' title='bbox 2255 1787 2338 1840; x_wconf 90' lang='lat' dir='ltr'><strong>his</strong></span> <span class='ocrx_word' id='word_1_312' title='bbox 2363 1802 2484 1856; x_wconf 73' lang='lat' dir='ltr'><strong>qua:</strong></span> <span class='ocrx_word' id='word_1_313' title='bbox 2512 1789 2825 1857; x_wconf 71' lang='lat' dir='ltr'><strong>praestabat.</strong></span> 
     </span>
    </p>
   </div>
   <div class='ocr_carea' id='block_1_46' title="bbox 2553 1891 2899 1947">
    <p class='ocr_par' dir='ltr' id='par_1_46' title="bbox 2553 1891 2899 1947">
     <span class='ocr_line' id='line_1_46' title="bbox 2553 1891 2899 1947; baseline -0.006 0"><span class='ocrx_word' id='word_1_314' title='bbox 2553 1891 2779 1947; x_wconf 79' lang='lat' dir='ltr'><strong>CAPUT</strong></span> <span class='ocrx_word' id='word_1_315' title='bbox 2810 1891 2899 1945; x_wconf 75' lang='lat' dir='ltr'><strong>XI.</strong></span> 
     </span>
    </p>
   </div>
   <div class='ocr_carea' id='block_1_47' title="bbox 2020 1999 3516 2066">
    <p class='ocr_par' dir='ltr' id='par_1_47' title="bbox 2020 1999 3516 2066">
     <span class='ocr_line' id='line_1_47' title="bbox 2020 1999 3516 2066; baseline 0 -14"><span class='ocrx_word' id='word_1_316' title='bbox 2020 1999 2182 2054; x_wconf 70' lang='lat' dir='ltr'><strong>Vens.</strong></span> <span class='ocrx_word' id='word_1_317' title='bbox 2213 2001 2267 2054; x_wconf 83' lang='lat'><strong>9.</strong></span> <span class='ocrx_word' id='word_1_318' title='bbox 2293 2000 2532 2064; x_wconf 79' lang='lat' dir='ltr'><strong>Qua-rite</strong></span> <span class='ocrx_word' id='word_1_319' title='bbox 2569 2011 2617 2052; x_wconf 80' lang='lat' dir='ltr'><strong>et</strong></span> <span class='ocrx_word' id='word_1_320' title='bbox 2677 1999 2882 2064; x_wconf 77' lang='lat' dir='ltr'><strong>pulsate</strong></span> <span class='ocrx_word' id='word_1_321' title='bbox 2941 2009 2989 2052; x_wconf 82' lang='lat' dir='ltr'><strong>et</strong></span> <span class='ocrx_word' id='word_1_322' title='bbox 3048 1999 3316 2066; x_wconf 78' lang='lat' dir='ltr'><strong>aperietur</strong></span> <span class='ocrx_word' id='word_1_323' title='bbox 3352 2000 3516 2061; x_wconf 71' lang='lat' dir='ltr'><strong>vobis,</strong></span> 
     </span>
    </p>
   </div>
   <div class='ocr_carea' id='block_1_48' title="bbox 1946 2091 3518 2160">
    <p class='ocr_par' dir='ltr' id='par_1_48' title="bbox 1946 2091 3518 2160">
     <span class='ocr_line' id='line_1_48' title="bbox 1946 2091 3518 2160; baseline 0 -17"><span class='ocrx_word' id='word_1_324' title='bbox 1946 2101 1994 2143; x_wconf 88' lang='lat' dir='ltr'><strong>ct</strong></span> <span class='ocrx_word' id='word_1_325' title='bbox 2051 2092 2120 2144; x_wconf 85' lang='lat' dir='ltr'><strong>ite</strong></span> <span class='ocrx_word' id='word_1_326' title='bbox 2176 2092 2349 2144; x_wconf 83' lang='lat' dir='ltr'><strong>media</strong></span> <span class='ocrx_word' id='word_1_327' title='bbox 2401 2099 2547 2144; x_wconf 84' lang='lat' dir='ltr'><strong>nocte</strong></span> <span class='ocrx_word' id='word_1_328' title='bbox 2618 2092 2687 2143; x_wconf 88' lang='lat' dir='ltr'><strong>ad</strong></span> <span class='ocrx_word' id='word_1_329' title='bbox 2734 2091 2963 2143; x_wconf 85' lang='lat' dir='ltr'><strong>amicum</strong></span> <span class='ocrx_word' id='word_1_330' title='bbox 3026 2092 3094 2144; x_wconf 83' lang='lat' dir='ltr'><strong>ad</strong></span> <span class='ocrx_word' id='word_1_331' title='bbox 3164 2092 3518 2160; x_wconf 78' lang='lat' dir='ltr'><strong>recipiendum</strong></span> 
     </span>
    </p>
   </div>
   <div class='ocr_carea' id='block_1_49' title="bbox 1949 2180 3516 2250">
    <p class='ocr_par' dir='ltr' id='par_1_49' title="bbox 1949 2180 3516 2250">
     <span class='ocr_line' id='line_1_49' title="bbox 1949 2180 3516 2250; baseline 0.001 -18"><span class='ocrx_word' id='word_1_332' title='bbox 1949 2181 2188 2250; x_wconf 69' lang='lat' dir='ltr'><strong>aliquidi;</strong></span> <span class='ocrx_word' id='word_1_333' title='bbox 2253 2183 2336 2235; x_wconf 88' lang='lat' dir='ltr'><strong>his</strong></span> <span class='ocrx_word' id='word_1_334' title='bbox 2415 2180 2882 2248; x_wconf 88' lang='lat' dir='ltr'><strong>importunitatem</strong></span> <span class='ocrx_word' id='word_1_335' title='bbox 2943 2188 2998 2234; x_wconf 87' lang='lat' dir='ltr'><strong>et</strong></span> <span class='ocrx_word' id='word_1_336' title='bbox 3043 2195 3150 2234; x_wconf 89' lang='lat' dir='ltr'><strong>non</strong></span> <span class='ocrx_word' id='word_1_337' title='bbox 3209 2192 3516 2250; x_wconf 86' lang='lat' dir='ltr'><strong>promptam</strong></span> 
     </span>
    </p>
   </div>
   <div class='ocr_carea' id='block_1_50' title="bbox 1948 2271 3520 2328">
    <p class='ocr_par' dir='ltr' id='par_1_50' title="bbox 1948 2271 3520 2328">
     <span class='ocr_line' id='line_1_50' title="bbox 1948 2271 3520 2328; baseline 0.001 -2"><span class='ocrx_word' id='word_1_338' title='bbox 1948 2274 2016 2326; x_wconf 85' lang='lat' dir='ltr'><strong>ab</strong></span> <span class='ocrx_word' id='word_1_339' title='bbox 2060 2273 2306 2327; x_wconf 86' lang='lat' dir='ltr'><strong>oratione</strong></span> <span class='ocrx_word' id='word_1_340' title='bbox 2361 2271 2725 2327; x_wconf 85' lang='lat' dir='ltr'><strong>cessationem</strong></span> <span class='ocrx_word' id='word_1_341' title='bbox 2790 2272 3050 2327; x_wconf 87' lang='lat' dir='ltr'><strong>ostendit.</strong></span> <span class='ocrx_word' id='word_1_342' title='bbox 3113 2271 3336 2326; x_wconf 84' lang='lat' dir='ltr'><strong>Noctem</strong></span> <span class='ocrx_word' id='word_1_343' title='bbox 3395 2291 3520 2328; x_wconf 78' lang='lat' dir='ltr'><strong>vero</strong></span> 
     </span>
    </p>
   </div>
   <div class='ocr_carea' id='block_1_51' title="bbox 1946 2362 3522 2432">
    <p class='ocr_par' dir='ltr' id='par_1_51' title="bbox 1946 2362 3522 2432">
     <span class='ocr_line' id='line_1_51' title="bbox 1946 2362 3522 2432; baseline 0 -16"><span class='ocrx_word' id='word_1_344' title='bbox 1946 2362 2095 2424; x_wconf 87' lang='lat' dir='ltr'><strong>dicit,</strong></span> <span class='ocrx_word' id='word_1_345' title='bbox 2142 2372 2237 2417; x_wconf 88' lang='lat' dir='ltr'><strong>aut</strong></span> <span class='ocrx_word' id='word_1_346' title='bbox 2273 2363 2457 2432; x_wconf 87' lang='lat' dir='ltr'><strong>potius</strong></span> <span class='ocrx_word' id='word_1_347' title='bbox 2513 2363 2746 2416; x_wconf 86' lang='lat' dir='ltr'><strong>mediam</strong></span> <span class='ocrx_word' id='word_1_348' title='bbox 2801 2371 3037 2424; x_wconf 87' lang='lat' dir='ltr'><strong>noctem,</strong></span> <span class='ocrx_word' id='word_1_349' title='bbox 3091 2374 3366 2417; x_wconf 77' lang='lat' dir='ltr'><strong>extremas</strong></span> <span class='ocrx_word' id='word_1_350' title='bbox 3422 2381 3522 2417; x_wconf 89' lang='lat' dir='ltr'><strong>uo-</strong></span> 
     </span>
    </p>
   </div>
   <div class='ocr_carea' id='block_1_52' title="bbox 1948 2456 3521 2524">
    <p class='ocr_par' dir='ltr' id='par_1_52' title="bbox 1948 2456 3521 2524">
     <span class='ocr_line' id='line_1_52' title="bbox 1948 2456 3521 2524; baseline -0.001 -14"><span class='ocrx_word' id='word_1_351' title='bbox 1948 2465 2092 2510; x_wconf 89' lang='lat' dir='ltr'><strong>stras</strong></span> <span class='ocrx_word' id='word_1_352' title='bbox 2132 2471 2251 2510; x_wconf 89' lang='lat' dir='ltr'><strong>esse</strong></span> <span class='ocrx_word' id='word_1_353' title='bbox 2312 2470 2437 2524; x_wconf 84' lang='lat' dir='ltr'><strong>spes</strong></span> <span class='ocrx_word' id='word_1_354' title='bbox 2485 2465 2539 2510; x_wconf 92' lang='lat' dir='ltr'><strong>et</strong></span> <span class='ocrx_word' id='word_1_355' title='bbox 2604 2456 2655 2508; x_wconf 88' lang='lat' dir='ltr'><strong>in</strong></span> <span class='ocrx_word' id='word_1_356' title='bbox 2710 2456 2870 2508; x_wconf 79' lang='lat' dir='ltr'><strong>finem</strong></span> <span class='ocrx_word' id='word_1_357' title='bbox 2927 2465 3268 2524; x_wconf 87' lang='lat' dir='ltr'><strong>spectantes;</strong></span> <span class='ocrx_word' id='word_1_358' title='bbox 3321 2459 3521 2511; x_wconf 85' lang='lat' dir='ltr'><strong>domus</strong></span> 
     </span>
    </p>
   </div>
   <div class='ocr_carea' id='block_1_53' title="bbox 1948 2546 3511 2616">
    <p class='ocr_par' dir='ltr' id='par_1_53' title="bbox 1948 2546 3511 2616">
     <span class='ocr_line' id='line_1_53' title="bbox 1948 2546 3511 2616; baseline 0.001 -16"><span class='ocrx_word' id='word_1_359' title='bbox 1948 2546 2254 2609; x_wconf 86' lang='lat' dir='ltr'><strong>dominum,</strong></span> <span class='ocrx_word' id='word_1_360' title='bbox 2302 2546 2469 2601; x_wconf 88' lang='lat' dir='ltr'><strong>Deum</strong></span> <span class='ocrx_word' id='word_1_361' title='bbox 2533 2548 2739 2616; x_wconf 87' lang='lat' dir='ltr'><strong>ipsum;</strong></span> <span class='ocrx_word' id='word_1_362' title='bbox 2792 2557 2900 2600; x_wconf 90' lang='lat' dir='ltr'><strong>tres</strong></span> <span class='ocrx_word' id='word_1_363' title='bbox 2956 2556 3136 2600; x_wconf 88' lang='lat' dir='ltr'><strong>autem</strong></span> <span class='ocrx_word' id='word_1_364' title='bbox 3191 2549 3511 2610; x_wconf 80' lang='lat' dir='ltr'><strong>nominavit,</strong></span> 
     </span>
    </p>
   </div>
   <div class='ocr_carea' id='block_1_54' title="bbox 1950 2637 3520 2708">
    <p class='ocr_par' dir='ltr' id='par_1_54' title="bbox 1950 2637 3520 2708">
     <span class='ocr_line' id='line_1_54' title="bbox 1950 2637 3520 2708; baseline 0.003 -18"><span class='ocrx_word' id='word_1_365' title='bbox 1950 2639 2107 2692; x_wconf 90' lang='lat' dir='ltr'><strong>Iidem</strong></span> <span class='ocrx_word' id='word_1_366' title='bbox 2158 2639 2208 2691; x_wconf 91' lang='lat' dir='ltr'><strong>in</strong></span> <span class='ocrx_word' id='word_1_367' title='bbox 2243 2637 2455 2691; x_wconf 87' lang='lat' dir='ltr'><strong>Patrem</strong></span> <span class='ocrx_word' id='word_1_368' title='bbox 2506 2650 2559 2691; x_wconf 92' lang='lat' dir='ltr'><strong>et</strong></span> <span class='ocrx_word' id='word_1_369' title='bbox 2609 2637 2804 2691; x_wconf 79' lang='lat' dir='ltr'><strong>Filium</strong></span> <span class='ocrx_word' id='word_1_370' title='bbox 2856 2649 2908 2693; x_wconf 90' lang='lat' dir='ltr'><strong>et</strong></span> <span class='ocrx_word' id='word_1_371' title='bbox 2960 2637 3223 2708; x_wconf 83' lang='lat' dir='ltr'><strong>Spiritum</strong></span> <span class='ocrx_word' id='word_1_372' title='bbox 3271 2653 3520 2695; x_wconf 81' lang='lat' dir='ltr'><strong>sanetum</strong></span> 
     </span>
    </p>
   </div>
   <div class='ocr_carea' id='block_1_55' title="bbox 1951 2728 3522 2800">
    <p class='ocr_par' dir='ltr' id='par_1_55' title="bbox 1951 2728 3522 2800">
     <span class='ocr_line' id='line_1_55' title="bbox 1951 2728 3522 2800; baseline 0.003 -20"><span class='ocrx_word' id='word_1_373' title='bbox 1951 2728 2205 2782; x_wconf 90' lang='lat' dir='ltr'><strong>innuens.</strong></span> <span class='ocrx_word' id='word_1_374' title='bbox 2229 2730 2452 2783; x_wconf 83' lang='lat' dir='ltr'><strong>Amicus</strong></span> <span class='ocrx_word' id='word_1_375' title='bbox 2471 2744 2599 2782; x_wconf 85' lang='lat' dir='ltr'><strong>vero</strong></span> <span class='ocrx_word' id='word_1_376' title='bbox 2627 2730 2847 2782; x_wconf 69' lang='lat' dir='ltr'><strong>veniens</strong></span> <span class='ocrx_word' id='word_1_377' title='bbox 2873 2745 2902 2784; x_wconf 88' lang='lat' dir='ltr'><strong>e</strong></span> <span class='ocrx_word' id='word_1_378' title='bbox 2927 2732 3012 2783; x_wconf 84' lang='lat' dir='ltr'><strong>via</strong></span> <span class='ocrx_word' id='word_1_379' title='bbox 3038 2740 3091 2784; x_wconf 91' lang='lat' dir='ltr'><strong>et</strong></span> <span class='ocrx_word' id='word_1_380' title='bbox 3113 2731 3259 2784; x_wconf 88' lang='lat' dir='ltr'><strong>abeo</strong></span> <span class='ocrx_word' id='word_1_381' title='bbox 3286 2734 3522 2800; x_wconf 87' lang='lat' dir='ltr'><strong>hospitio</strong></span> 
     </span>
    </p>
   </div>
   <div class='ocr_carea' id='block_1_56' title="bbox 1950 2821 3517 2892">
    <p class='ocr_par' dir='ltr' id='par_1_56' title="bbox 1950 2821 3517 2892">
     <span class='ocr_line' id='line_1_56' title="bbox 1950 2821 3517 2892; baseline 0.005 -21"><span class='ocrx_word' id='word_1_382' title='bbox 1950 2831 2229 2888; x_wconf 81' lang='lat' dir='ltr'><strong>acceptus,</strong></span> <span class='ocrx_word' id='word_1_383' title='bbox 2267 2821 2495 2888; x_wconf 78' lang='lat' dir='ltr'><strong>intelligi</strong></span> <span class='ocrx_word' id='word_1_384' title='bbox 2547 2829 2722 2889; x_wconf 80' lang='lat' dir='ltr'><strong>potest</strong></span> <span class='ocrx_word' id='word_1_385' title='bbox 2779 2821 3149 2876; x_wconf 79' lang='lat' dir='ltr'><strong>verisimiliter</strong></span> <span class='ocrx_word' id='word_1_386' title='bbox 3179 2823 3428 2892; x_wconf 77' lang='lat' dir='ltr'><strong>angelus,</strong></span> <span class='ocrx_word' id='word_1_387' title='bbox 3468 2827 3517 2879; x_wconf 85' lang='lat' dir='ltr'><strong>id</strong></span> 
     </span>
    </p>
   </div>
   <div class='ocr_carea' id='block_1_57' title="bbox 1950 2912 3519 2982">
    <p class='ocr_par' dir='ltr' id='par_1_57' title="bbox 1950 2912 3519 2982">
     <span class='ocr_line' id='line_1_57' title="bbox 1950 2912 3519 2982; baseline 0.003 -18"><span class='ocrx_word' id='word_1_388' title='bbox 1950 2920 2032 2965; x_wconf 90' lang='lat' dir='ltr'><strong>est</strong></span> <span class='ocrx_word' id='word_1_389' title='bbox 2065 2912 2240 2980; x_wconf 81' lang='lat' dir='ltr'><strong>angeli</strong></span> <span class='ocrx_word' id='word_1_390' title='bbox 2271 2913 2364 2981; x_wconf 90' lang='lat' dir='ltr'><strong>qui</strong></span> <span class='ocrx_word' id='word_1_391' title='bbox 2398 2913 2448 2966; x_wconf 90' lang='lat' dir='ltr'><strong>in</strong></span> <span class='ocrx_word' id='word_1_392' title='bbox 2476 2912 2736 2966; x_wconf 73' lang='lat' dir='ltr'><strong>extremis</strong></span> <span class='ocrx_word' id='word_1_393' title='bbox 2764 2913 2989 2967; x_wconf 78' lang='lat' dir='ltr'><strong>veniunt</strong></span> <span class='ocrx_word' id='word_1_394' title='bbox 3012 2915 3078 2966; x_wconf 90' lang='lat' dir='ltr'><strong>ad</strong></span> <span class='ocrx_word' id='word_1_395' title='bbox 3108 2915 3519 2982; x_wconf 85' lang='lat' dir='ltr'><strong>suscipiendum</strong></span> 
     </span>
    </p>
   </div>
   <div class='ocr_carea' id='block_1_58' title="bbox 1953 3003 3518 3073">
    <p class='ocr_par' dir='ltr' id='par_1_58' title="bbox 1953 3003 3518 3073">
     <span class='ocr_line' id='line_1_58' title="bbox 1953 3003 3518 3073; baseline 0.002 -18"><span class='ocrx_word' id='word_1_396' title='bbox 1953 3018 2079 3068; x_wconf 89' lang='lat' dir='ltr'><strong>nos;</strong></span> <span class='ocrx_word' id='word_1_397' title='bbox 2109 3015 2288 3056; x_wconf 86' lang='lat' dir='ltr'><strong>amant</strong></span> <span class='ocrx_word' id='word_1_398' title='bbox 2317 3005 2464 3058; x_wconf 84' lang='lat' dir='ltr'><strong>enim</strong></span> <span class='ocrx_word' id='word_1_399' title='bbox 2493 3019 2592 3056; x_wconf 88' lang='lat' dir='ltr'><strong>nos</strong></span> <span class='ocrx_word' id='word_1_400' title='bbox 2613 3012 2668 3057; x_wconf 89' lang='lat' dir='ltr'><strong>et</strong></span> <span class='ocrx_word' id='word_1_401' title='bbox 2697 3003 2799 3071; x_wconf 85' lang='lat' dir='ltr'><strong>ipsi</strong></span> <span class='ocrx_word' id='word_1_402' title='bbox 2826 3013 2882 3056; x_wconf 89' lang='lat' dir='ltr'><strong>ut</strong></span> <span class='ocrx_word' id='word_1_403' title='bbox 2919 3004 3136 3070; x_wconf 70' lang='lat' dir='ltr'><strong>benigni</strong></span> <span class='ocrx_word' id='word_1_404' title='bbox 3162 3006 3518 3073; x_wconf 74' lang='lat' dir='ltr'><strong>benignitatis</strong></span> 
     </span>
    </p>
   </div>
   <div class='ocr_carea' id='block_1_59' title="bbox 1951 3093 3523 3165">
    <p class='ocr_par' dir='ltr' id='par_1_59' title="bbox 1951 3093 3523 3165">
     <span class='ocr_line' id='line_1_59' title="bbox 1951 3093 3523 3165; baseline 0.004 -19"><span class='ocrx_word' id='word_1_405' title='bbox 1951 3093 2044 3148; x_wconf 89' lang='lat' dir='ltr'><strong>Dei</strong></span> <span class='ocrx_word' id='word_1_406' title='bbox 2076 3095 2338 3150; x_wconf 87' lang='lat' dir='ltr'><strong>ministri.</strong></span> <span class='ocrx_word' id='word_1_407' title='bbox 2369 3094 2529 3149; x_wconf 81' lang='lat' dir='ltr'><strong>Pueri</strong></span> <span class='ocrx_word' id='word_1_408' title='bbox 2551 3095 2638 3164; x_wconf 87' lang='lat' dir='ltr'><strong>qui</strong></span> <span class='ocrx_word' id='word_1_409' title='bbox 2673 3097 2728 3148; x_wconf 92' lang='lat' dir='ltr'><strong>in</strong></span> <span class='ocrx_word' id='word_1_410' title='bbox 2762 3097 2926 3150; x_wconf 89' lang='lat' dir='ltr'><strong>cubili</strong></span> <span class='ocrx_word' id='word_1_411' title='bbox 2960 3098 3283 3165; x_wconf 85' lang='lat' dir='ltr'><strong>quiescunt,</strong></span> <span class='ocrx_word' id='word_1_412' title='bbox 3311 3099 3363 3150; x_wconf 90' lang='lat' dir='ltr'><strong>hi</strong></span> <span class='ocrx_word' id='word_1_413' title='bbox 3395 3110 3523 3152; x_wconf 87' lang='lat' dir='ltr'><strong>sunt</strong></span> 
     </span>
    </p>
   </div>
   <div class='ocr_carea' id='block_1_60' title="bbox 278 3191 1944 3276">
    <p class='ocr_par' dir='ltr' id='par_1_60' title="bbox 278 3199 1920 3276">
     <span class='ocr_line' id='line_1_60' title="bbox 278 3199 1920 3276; baseline 0.001 -21"><span class='ocrx_word' id='word_1_414' title='bbox 278 3204 476 3271; x_wconf 80' lang='grc' dir='ltr'>φέντας</span> <span class='ocrx_word' id='word_1_415' title='bbox 504 3205 577 3266; x_wconf 79' lang='grc' dir='ltr'>ὡς</span> <span class='ocrx_word' id='word_1_416' title='bbox 603 3205 671 3258; x_wconf 88' lang='grc' dir='ltr'><strong>τά</strong></span> <span class='ocrx_word' id='word_1_417' title='bbox 699 3207 886 3259; x_wconf 82' lang='grc' dir='ltr'>παιδία</span> <span class='ocrx_word' id='word_1_418' title='bbox 924 3208 1018 3258; x_wconf 76' lang='grc' dir='ltr'>καὶ</span> <span class='ocrx_word' id='word_1_419' title='bbox 1049 3208 1107 3259; x_wconf 82' lang='grc' dir='ltr'><strong>ὲν</strong></span> <span class='ocrx_word' id='word_1_420' title='bbox 1141 3208 1285 3275; x_wconf 76' lang='grc' dir='ltr'>ἁπλῇ</span> <span class='ocrx_word' id='word_1_421' title='bbox 1324 3207 1523 3276; x_wconf 67' lang='grc' dir='ltr'>καρδία</span> <span class='ocrx_word' id='word_1_422' title='bbox 1553 3225 1847 3260; x_wconf 89' lang='grc' dir='ltr'>πεπιστευ-</span> <span class='ocrx_word' id='word_1_423' title='bbox 1875 3199 1920 3256; x_wconf 87' lang='lat' dir='ltr'><strong>C</strong></span> 
     </span>
    </p>
   </div>
   <div class='ocr_carea' id='block_1_61' title="bbox 1855 3191 3521 3276">
    <p class='ocr_par' dir='ltr' id='par_1_61' title="bbox 1875 3191 3521 3261">
     <span class='ocr_line' id='line_1_61' title="bbox 1875 3191 3521 3261; baseline 0.004 -21"><span class='ocrx_word' id='word_1_424' title='bbox 1875 3199 1920 3256; x_wconf 73' lang='grc' dir='ltr'>ο</span> <span class='ocrx_word' id='word_1_425' title='bbox 1953 3191 2045 3258; x_wconf 89' lang='lat' dir='ltr'><strong>qui</strong></span> <span class='ocrx_word' id='word_1_426' title='bbox 2087 3192 2334 3244; x_wconf 78' lang='lat' dir='ltr'><strong>conversi</strong></span> <span class='ocrx_word' id='word_1_427' title='bbox 2363 3199 2492 3244; x_wconf 88' lang='lat' dir='ltr'><strong>sunt</strong></span> <span class='ocrx_word' id='word_1_428' title='bbox 2511 3199 2570 3244; x_wconf 92' lang='lat' dir='ltr'><strong>ut</strong></span> <span class='ocrx_word' id='word_1_429' title='bbox 2594 3191 2744 3258; x_wconf 88' lang='lat' dir='ltr'><strong>pueri</strong></span> <span class='ocrx_word' id='word_1_430' title='bbox 2775 3200 2828 3244; x_wconf 88' lang='lat' dir='ltr'><strong>et</strong></span> <span class='ocrx_word' id='word_1_431' title='bbox 2860 3193 2912 3244; x_wconf 91' lang='lat' dir='ltr'><strong>in</strong></span> <span class='ocrx_word' id='word_1_432' title='bbox 2950 3192 3183 3261; x_wconf 87' lang='lat' dir='ltr'><strong>simplici</strong></span> <span class='ocrx_word' id='word_1_433' title='bbox 3209 3193 3375 3247; x_wconf 79' lang='lat' dir='ltr'><strong>corde</strong></span> <span class='ocrx_word' id='word_1_434' title='bbox 3402 3210 3521 3246; x_wconf 86' lang='lat' dir='ltr'><strong>cre-</strong></span> 
     </span>
    </p>
   </div>
   <div class='ocr_carea' id='block_1_62' title="bbox 278 3294 1848 3367">
    <p class='ocr_par' dir='ltr' id='par_1_62' title="bbox 278 3294 1848 3367">
     <span class='ocr_line' id='line_1_62' title="bbox 278 3294 1848 3367; baseline 0.002 -22"><span class='ocrx_word' id='word_1_435' title='bbox 278 3294 442 3355; x_wconf 85' lang='grc' dir='ltr'>κὸτας</span> <span class='ocrx_word' id='word_1_436' title='bbox 473 3295 548 3363; x_wconf 82' lang='grc' dir='ltr'>τῷ</span> <span class='ocrx_word' id='word_1_437' title='bbox 576 3294 1022 3366; x_wconf 72' lang='grc' dir='ltr'>Εὑαγγελίῳ,καὶ</span> <span class='ocrx_word' id='word_1_438' title='bbox 1043 3298 1377 3366; x_wconf 67' lang='grc' dir='ltr'>ἠξιωμένους</span> <span class='ocrx_word' id='word_1_439' title='bbox 1415 3298 1492 3366; x_wconf 85' lang='grc' dir='ltr'>τῷ</span> <span class='ocrx_word' id='word_1_440' title='bbox 1519 3298 1709 3367; x_wconf 81' lang='grc' dir='ltr'>Κυρίῳ</span> <span class='ocrx_word' id='word_1_441' title='bbox 1724 3315 1848 3349; x_wconf 79' lang='grc' dir='ltr'>συνο</span> 
     </span>
    </p>
   </div>
   <div class='ocr_carea' id='block_1_63' title="bbox 280 3385 1848 3458">
    <p class='ocr_par' dir='ltr' id='par_1_63' title="bbox 280 3385 1848 3458">
     <span class='ocr_line' id='line_1_63' title="bbox 280 3385 1848 3458; baseline 0.003 -21"><span class='ocrx_word' id='word_1_442' title='bbox 280 3385 659 3439; x_wconf 79' lang='grc' dir='ltr'>αναπαύεσθαι</span> <span class='ocrx_word' id='word_1_443' title='bbox 682 3405 695 3419; x_wconf 88' lang='grc'><strong>·</strong></span> <span class='ocrx_word' id='word_1_444' title='bbox 741 3389 1015 3442; x_wconf 85' lang='grc' dir='ltr'>ἀναίδειαν</span> <span class='ocrx_word' id='word_1_445' title='bbox 1046 3389 1100 3440; x_wconf 75' lang='grc' dir='ltr'>δὲ</span> <span class='ocrx_word' id='word_1_446' title='bbox 1133 3387 1370 3440; x_wconf 76' lang='grc' dir='ltr'>ἐνταῦθα</span> <span class='ocrx_word' id='word_1_447' title='bbox 1421 3389 1568 3455; x_wconf 76' lang='grc' dir='ltr'>λέγει</span> <span class='ocrx_word' id='word_1_448' title='bbox 1596 3389 1693 3458; x_wconf 75' lang='grc' dir='ltr'>τὴν</span> <span class='ocrx_word' id='word_1_449' title='bbox 1729 3390 1848 3456; x_wconf 82' lang='grc' dir='ltr'>μεθ’</span> 
     </span>
    </p>
   </div>
   <div class='ocr_carea' id='block_1_64' title="bbox 280 3473 1355 3544">
    <p class='ocr_par' dir='ltr' id='par_1_64' title="bbox 280 3473 1355 3544">
     <span class='ocr_line' id='line_1_64' title="bbox 280 3473 1355 3544; baseline 0.003 -21"><span class='ocrx_word' id='word_1_450' title='bbox 280 3473 561 3541; x_wconf 77' lang='grc' dir='ltr'>ὑπομονῆς</span> <span class='ocrx_word' id='word_1_451' title='bbox 589 3475 987 3544; x_wconf 76' lang='grc' dir='ltr'>ἐπιτεταμένην</span> <span class='ocrx_word' id='word_1_452' title='bbox 1023 3477 1355 3544; x_wconf 73' lang='grc' dir='ltr'>προσευχήν.</span> 
     </span>
    </p>
   </div>
   <div class='ocr_carea' id='block_1_65' title="bbox 351 3564 1851 3634">
    <p class='ocr_par' dir='ltr' id='par_1_65' title="bbox 351 3564 1851 3634">
     <span class='ocr_line' id='line_1_65' title="bbox 351 3564 1851 3634; baseline -0.001 -20"><span class='ocrx_word' id='word_1_453' title='bbox 351 3565 450 3615; x_wconf 84' lang='grc' dir='ltr'>Διά</span> <span class='ocrx_word' id='word_1_454' title='bbox 474 3567 527 3616; x_wconf 80' lang='grc' dir='ltr'><strong>τί</strong></span> <span class='ocrx_word' id='word_1_455' title='bbox 559 3567 655 3634; x_wconf 81' lang='grc' dir='ltr'>τῆς</span> <span class='ocrx_word' id='word_1_456' title='bbox 693 3566 950 3633; x_wconf 77' lang='grc' dir='ltr'>γυναικὸς</span> <span class='ocrx_word' id='word_1_457' title='bbox 983 3565 1265 3634; x_wconf 68' lang='grc' dir='ltr'>εἰπούσης,</span> <span class='ocrx_word' id='word_1_458' title='bbox 1291 3564 1564 3630; x_wconf 76' lang='grc' dir='ltr'>Μακαρία</span> <span class='ocrx_word' id='word_1_459' title='bbox 1592 3564 1629 3630; x_wconf 74' lang='grc' dir='ltr'><em>ἡ</em></span> <span class='ocrx_word' id='word_1_460' title='bbox 1657 3564 1851 3616; x_wconf 75' lang='grc' dir='ltr'>κοιλία</span> 
     </span>
    </p>
   </div>
   <div class='ocr_carea' id='block_1_66' title="bbox 282 3649 1851 3720">
    <p class='ocr_par' dir='ltr' id='par_1_66' title="bbox 282 3649 1851 3720">
     <span class='ocr_line' id='line_1_66' title="bbox 282 3649 1851 3720; baseline 0 -17"><span class='ocrx_word' id='word_1_461' title='bbox 282 3653 320 3718; x_wconf 76' lang='grc' dir='ltr'><em>ὴ</em></span> <span class='ocrx_word' id='word_1_462' title='bbox 346 3653 722 3715; x_wconf 81' lang='grc' dir='ltr'>,ϐαστάσασά</span> <span class='ocrx_word' id='word_1_463' title='bbox 773 3670 866 3718; x_wconf 86' lang='grc' dir='ltr'><strong>σε,</strong></span> <span class='ocrx_word' id='word_1_464' title='bbox 895 3653 1056 3715; x_wconf 80' lang='grc' dir='ltr'>αὐτὸς</span> <span class='ocrx_word' id='word_1_465' title='bbox 1089 3649 1243 3705; x_wconf 78' lang='grc' dir='ltr'>εἶπεν</span> <span class='ocrx_word' id='word_1_466' title='bbox 1263 3669 1277 3682; x_wconf 75' lang='grc' dir='ltr'><strong><em>ο</em></strong></span> <span class='ocrx_word' id='word_1_467' title='bbox 1311 3651 1542 3705; x_wconf 73' lang='grc' dir='ltr'>Μενοῦν</span> <span class='ocrx_word' id='word_1_468' title='bbox 1555 3669 1616 3720; x_wconf 76' lang='grc' dir='ltr'><strong>γε</strong></span> <span class='ocrx_word' id='word_1_469' title='bbox 1662 3652 1851 3719; x_wconf 77' lang='grc' dir='ltr'>μακά-</span> 
     </span>
    </p>
   </div>
   <div class='ocr_carea' id='block_1_67' title="bbox 274 3743 1852 3812">
    <p class='ocr_par' dir='ltr' id='par_1_67' title="bbox 274 3743 1852 3812">
     <span class='ocr_line' id='line_1_67' title="bbox 274 3743 1852 3812; baseline 0.001 -19"><span class='ocrx_word' id='word_1_470' title='bbox 274 3761 393 3811; x_wconf 74' lang='grc' dir='ltr'>ριοι</span> <span class='ocrx_word' id='word_1_471' title='bbox 442 3749 496 3797; x_wconf 82' lang='grc' dir='ltr'>οι</span> <span class='ocrx_word' id='word_1_472' title='bbox 529 3745 852 3810; x_wconf 80' lang='grc' dir='ltr'>ἀκούοντες</span> <span class='ocrx_word' id='word_1_473' title='bbox 888 3747 992 3798; x_wconf 74' lang='grc' dir='ltr'><strong>τὸν</strong></span> <span class='ocrx_word' id='word_1_474' title='bbox 1033 3746 1218 3812; x_wconf 73' lang='grc' dir='ltr'>λόγον</span> <span class='ocrx_word' id='word_1_475' title='bbox 1268 3745 1371 3797; x_wconf 83' lang='grc' dir='ltr'><strong>τοῦ</strong></span> <span class='ocrx_word' id='word_1_476' title='bbox 1412 3745 1588 3806; x_wconf 83' lang='grc' dir='ltr'>Θεοῦ;</span> <span class='ocrx_word' id='word_1_477' title='bbox 1619 3743 1715 3795; x_wconf 82' lang='grc' dir='ltr'><strong>Διὰ</strong></span> <span class='ocrx_word' id='word_1_478' title='bbox 1763 3745 1852 3795; x_wconf 71' lang='grc' dir='ltr'><strong>τὸν</strong></span> 
     </span>
    </p>
   </div>
   <div class='ocr_carea' id='block_1_68' title="bbox 281 3834 1853 3907">
    <p class='ocr_par' dir='ltr' id='par_1_68' title="bbox 281 3834 1853 3907">
     <span class='ocr_line' id='line_1_68' title="bbox 281 3834 1853 3907; baseline -0.003 -19"><span class='ocrx_word' id='word_1_479' title='bbox 281 3837 475 3906; x_wconf 74' lang='grc' dir='ltr'>καιρὸν</span> <span class='ocrx_word' id='word_1_480' title='bbox 514 3837 606 3888; x_wconf 79' lang='grc' dir='ltr'>καὶ</span> <span class='ocrx_word' id='word_1_481' title='bbox 648 3837 774 3899; x_wconf 74' lang='grc' dir='ltr'>τοὺς</span> <span class='ocrx_word' id='word_1_482' title='bbox 807 3836 1246 3907; x_wconf 77' lang='grc' dir='ltr'>παρισταμένους</span> <span class='ocrx_word' id='word_1_483' title='bbox 1279 3835 1434 3888; x_wconf 85' lang='grc' dir='ltr'>τοῦτο</span> <span class='ocrx_word' id='word_1_484' title='bbox 1469 3835 1617 3902; x_wconf 81' lang='grc' dir='ltr'>λέγει</span> <span class='ocrx_word' id='word_1_485' title='bbox 1647 3835 1740 3885; x_wconf 69' lang='grc' dir='ltr'>καὶ</span> <span class='ocrx_word' id='word_1_486' title='bbox 1766 3834 1853 3885; x_wconf 75' lang='grc' dir='ltr'>διὰ</span> 
     </span>
    </p>
   </div>
   <div class='ocr_carea' id='block_1_69' title="bbox 281 3929 672 3996">
    <p class='ocr_par' dir='ltr' id='par_1_69' title="bbox 281 3929 672 3996">
     <span class='ocr_line' id='line_1_69' title="bbox 281 3929 672 3996; baseline 0.005 -17"><span class='ocrx_word' id='word_1_487' title='bbox 281 3929 342 3980; x_wconf 76' lang='grc' dir='ltr'>τὸ</span> <span class='ocrx_word' id='word_1_488' title='bbox 371 3929 672 3996; x_wconf 85' lang='grc' dir='ltr'>φιλότιμον.</span> 
     </span>
    </p>
   </div>
   <div class='ocr_carea' id='block_1_70' title="bbox 355 4014 1853 4087">
    <p class='ocr_par' dir='ltr' id='par_1_70' title="bbox 355 4014 1853 4087">
     <span class='ocr_line' id='line_1_70' title="bbox 355 4014 1853 4087; baseline -0.003 -16"><span class='ocrx_word' id='word_1_489' title='bbox 355 4020 511 4081; x_wconf 83' lang='grc' dir='ltr'>Τίνος</span> <span class='ocrx_word' id='word_1_490' title='bbox 544 4020 731 4071; x_wconf 79' lang='grc' dir='ltr'>ἕνεκεν</span> <span class='ocrx_word' id='word_1_491' title='bbox 759 4018 1010 4087; x_wconf 76' lang='grc' dir='ltr'>πονηρῶν</span> <span class='ocrx_word' id='word_1_492' title='bbox 1034 4017 1204 4069; x_wconf 72' lang='grc' dir='ltr'>ὄντων</span> <span class='ocrx_word' id='word_1_493' title='bbox 1227 4015 1334 4067; x_wconf 82' lang='grc' dir='ltr'><strong>τῶν</strong></span> <span class='ocrx_word' id='word_1_494' title='bbox 1359 4015 1687 4084; x_wconf 80' lang='grc' dir='ltr'>Φαρισαίων,</span> <span class='ocrx_word' id='word_1_495' title='bbox 1719 4014 1853 4084; x_wconf 81' lang='grc' dir='ltr'>πρὸς</span> 
     </span>
    </p>
   </div>
   <div class='ocr_carea' id='block_1_71' title="bbox 282 4104 1848 4176">
    <p class='ocr_par' dir='ltr' id='par_1_71' title="bbox 282 4104 1848 4176">
     <span class='ocr_line' id='line_1_71' title="bbox 282 4104 1848 4176; baseline -0.005 -14"><span class='ocrx_word' id='word_1_496' title='bbox 282 4110 445 4162; x_wconf 70' lang='grc' dir='ltr'>αὑτὸν</span> <span class='ocrx_word' id='word_1_497' title='bbox 470 4108 690 4175; x_wconf 74' lang='grc' dir='ltr'>κληθεὶς</span> <span class='ocrx_word' id='word_1_498' title='bbox 723 4109 852 4176; x_wconf 85' lang='grc' dir='ltr'>παρ’</span> <span class='ocrx_word' id='word_1_499' title='bbox 879 4107 998 4169; x_wconf 75' lang='grc' dir='ltr'>ἐνὸς</span> <span class='ocrx_word' id='word_1_500' title='bbox 1030 4107 1210 4159; x_wconf 80' lang='grc' dir='ltr'>αὐτῶν</span> <span class='ocrx_word' id='word_1_501' title='bbox 1241 4104 1480 4172; x_wconf 57' lang='lat' dir='ltr'><strong>arri-.103;</strong></span> <span class='ocrx_word' id='word_1_502' title='bbox 1512 4104 1848 4174; x_wconf 78' lang='grc' dir='ltr'>Νουθετῆσαι</span> 
     </span>
    </p>
   </div>
   <div class='ocr_carea' id='block_1_72' title="bbox 280 4192 1854 4266">
    <p class='ocr_par' dir='ltr' id='par_1_72' title="bbox 280 4192 1854 4266">
     <span class='ocr_line' id='line_1_72' title="bbox 280 4192 1854 4266; baseline -0.004 -16"><span class='ocrx_word' id='word_1_503' title='bbox 280 4197 507 4260; x_wconf 82' lang='grc' dir='ltr'>τούτους</span> <span class='ocrx_word' id='word_1_504' title='bbox 541 4195 863 4266; x_wconf 80' lang='grc' dir='ltr'>βουλόμενος</span> <span class='ocrx_word' id='word_1_505' title='bbox 897 4197 990 4247; x_wconf 60' lang='grc' dir='ltr'><strong>καὶ⁵</strong></span> <span class='ocrx_word' id='word_1_506' title='bbox 1021 4194 1311 4264; x_wconf 78' lang='grc' dir='ltr'>ἡμερῶσαι</span> <span class='ocrx_word' id='word_1_507' title='bbox 1336 4210 1350 4224; x_wconf 87' lang='grc'><strong>·</strong></span> <span class='ocrx_word' id='word_1_508' title='bbox 1384 4192 1774 4261; x_wconf 86' lang='grc' dir='ltr'>ὲσκανδαλίσθη</span> <span class='ocrx_word' id='word_1_509' title='bbox 1797 4192 1854 4244; x_wconf 85' lang='grc' dir='ltr'>δὲ</span> 
     </span>
    </p>
   </div>
   <div class='ocr_carea' id='block_1_73' title="bbox 284 4283 1855 4355">
    <p class='ocr_par' dir='ltr' id='par_1_73' title="bbox 284 4283 1855 4355">
     <span class='ocr_line' id='line_1_73' title="bbox 284 4283 1855 4355; baseline -0.003 -15"><span class='ocrx_word' id='word_1_510' title='bbox 284 4290 623 4354; x_wconf 74' lang='grc' dir='ltr'>δΦαρισαῖος</span> <span class='ocrx_word' id='word_1_511' title='bbox 640 4288 720 4339; x_wconf 83' lang='grc' dir='ltr'><strong>δτι</strong></span> <span class='ocrx_word' id='word_1_512' title='bbox 741 4286 801 4338; x_wconf 78' lang='grc' dir='ltr'>οὐ</span> <span class='ocrx_word' id='word_1_513' title='bbox 835 4288 939 4354; x_wconf 74' lang='grc' dir='ltr'>πρὸ</span> <span class='ocrx_word' id='word_1_514' title='bbox 971 4286 1060 4338; x_wconf 84' lang='grc' dir='ltr'><strong>τοῦ</strong></span> <span class='ocrx_word' id='word_1_515' title='bbox 1091 4287 1314 4355; x_wconf 81' lang='grc' dir='ltr'>ἀρίστου</span> <span class='ocrx_word' id='word_1_516' title='bbox 1343 4283 1664 4352; x_wconf 81' lang='grc' dir='ltr'>ὲδαπτίσθη,</span> <span class='ocrx_word' id='word_1_517' title='bbox 1695 4285 1855 4336; x_wconf 82' lang='grc' dir='ltr'>ἀσυν-</span> 
     </span>
    </p>
   </div>
   <div class='ocr_carea' id='block_1_74' title="bbox 285 4372 1853 4445">
    <p class='ocr_par' dir='ltr' id='par_1_74' title="bbox 285 4372 1853 4445">
     <span class='ocr_line' id='line_1_74' title="bbox 285 4372 1853 4445; baseline -0.003 -17"><span class='ocrx_word' id='word_1_518' title='bbox 285 4378 450 4438; x_wconf 77' lang='grc' dir='ltr'>έτως·</span> <span class='ocrx_word' id='word_1_519' title='bbox 489 4377 691 4445; x_wconf 80' lang='grc' dir='ltr'>Μωσῆς</span> <span class='ocrx_word' id='word_1_520' title='bbox 721 4375 828 4443; x_wconf 77' lang='grc' dir='ltr'>γὰρ</span> <span class='ocrx_word' id='word_1_521' title='bbox 862 4374 1097 4442; x_wconf 75' lang='grc' dir='ltr'>οὐδαμοῦ</span> <span class='ocrx_word' id='word_1_522' title='bbox 1133 4374 1428 4442; x_wconf 78' lang='grc' dir='ltr'>προσέταξε</span> <span class='ocrx_word' id='word_1_523' title='bbox 1451 4372 1606 4425; x_wconf 86' lang='grc' dir='ltr'>τοῦτο</span> <span class='ocrx_word' id='word_1_524' title='bbox 1658 4378 1853 4424; x_wconf 81' lang='grc' dir='ltr'>ποιεῖν·</span> 
     </span>
    </p>
   </div>
   <div class='ocr_carea' id='block_1_75' title="bbox 283 4463 1856 4537">
    <p class='ocr_par' dir='ltr' id='par_1_75' title="bbox 283 4463 1856 4537">
     <span class='ocr_line' id='line_1_75' title="bbox 283 4463 1856 4537; baseline -0.003 -18"><span class='ocrx_word' id='word_1_525' title='bbox 283 4470 317 4537; x_wconf 77' lang='grc' dir='ltr'><strong>ἡ</strong></span> <span class='ocrx_word' id='word_1_526' title='bbox 349 4469 454 4537; x_wconf 75' lang='grc' dir='ltr'>γὰρ</span> <span class='ocrx_word' id='word_1_527' title='bbox 485 4467 570 4518; x_wconf 76' lang='grc' dir='ltr'>διὰ</span> <span class='ocrx_word' id='word_1_528' title='bbox 587 4466 692 4518; x_wconf 82' lang='grc' dir='ltr'>τῶν</span> <span class='ocrx_word' id='word_1_529' title='bbox 717 4466 927 4518; x_wconf 73' lang='grc' dir='ltr'>ὑδάτων</span> <span class='ocrx_word' id='word_1_530' title='bbox 950 4465 1226 4532; x_wconf 67' lang='grc' dir='ltr'>ἀπόνιψις,</span> <span class='ocrx_word' id='word_1_531' title='bbox 1255 4463 1520 4532; x_wconf 81' lang='grc' dir='ltr'>χρειώδης</span> <span class='ocrx_word' id='word_1_532' title='bbox 1551 4465 1698 4516; x_wconf 77' lang='grc' dir='ltr'>ἐστὶν</span> <span class='ocrx_word' id='word_1_533' title='bbox 1722 4464 1856 4533; x_wconf 77' lang='grc' dir='ltr'>πρὸς</span> 
     </span>
    </p>
   </div>
   <div class='ocr_carea' id='block_1_76' title="bbox 1959 3277 3490 3346">
    <p class='ocr_par' dir='ltr' id='par_1_76' title="bbox 1959 3277 3490 3346">
     <span class='ocr_line' id='line_1_76' title="bbox 1959 3277 3490 3346; baseline 0.004 -17"><span class='ocrx_word' id='word_1_534' title='bbox 1959 3277 2219 3332; x_wconf 87' lang='lat' dir='ltr'><strong>dideruut</strong></span> <span class='ocrx_word' id='word_1_535' title='bbox 2259 3277 2652 3346; x_wconf 74' lang='lat' dir='ltr'><strong>Evangelio,et</strong></span> <span class='ocrx_word' id='word_1_536' title='bbox 2695 3278 2844 3346; x_wconf 76' lang='lat' dir='ltr'><strong>digni</strong></span> <span class='ocrx_word' id='word_1_537' title='bbox 2878 3279 3044 3333; x_wconf 87' lang='lat' dir='ltr'><strong>habiti</strong></span> <span class='ocrx_word' id='word_1_538' title='bbox 3085 3292 3212 3335; x_wconf 91' lang='lat' dir='ltr'><strong>sunt</strong></span> <span class='ocrx_word' id='word_1_539' title='bbox 3253 3298 3375 3334; x_wconf 87' lang='lat' dir='ltr'><strong>cum</strong></span> <span class='ocrx_word' id='word_1_540' title='bbox 3414 3283 3490 3335; x_wconf 83' lang='lat' dir='ltr'><strong>Do</strong></span> 
     </span>
    </p>
   </div>
   <div class='ocr_carea' id='block_1_77' title="bbox 1955 3369 3524 3438">
    <p class='ocr_par' dir='ltr' id='par_1_77' title="bbox 1955 3369 3524 3438">
     <span class='ocr_line' id='line_1_77' title="bbox 1955 3369 3524 3438; baseline 0.004 -17"><span class='ocrx_word' id='word_1_541' title='bbox 1955 3369 2105 3422; x_wconf 91' lang='lat' dir='ltr'><strong>mino</strong></span> <span class='ocrx_word' id='word_1_542' title='bbox 2134 3370 2436 3437; x_wconf 88' lang='lat' dir='ltr'><strong>quiescere.</strong></span> <span class='ocrx_word' id='word_1_543' title='bbox 2469 3369 2875 3438; x_wconf 88' lang='lat' dir='ltr'><strong>lmprobitatem</strong></span> <span class='ocrx_word' id='word_1_544' title='bbox 2934 3385 3062 3425; x_wconf 83' lang='lat' dir='ltr'><strong>vero</strong></span> <span class='ocrx_word' id='word_1_545' title='bbox 3116 3371 3204 3426; x_wconf 85' lang='lat' dir='ltr'><strong>hic</strong></span> <span class='ocrx_word' id='word_1_546' title='bbox 3239 3372 3372 3426; x_wconf 78' lang='lat' dir='ltr'><strong>dicit</strong></span> <span class='ocrx_word' id='word_1_547' title='bbox 3397 3390 3524 3427; x_wconf 84' lang='lat' dir='ltr'><strong>ora-</strong></span> 
     </span>
    </p>
   </div>
   <div class='ocr_carea' id='block_1_78' title="bbox 1955 3459 3099 3529">
    <p class='ocr_par' dir='ltr' id='par_1_78' title="bbox 1955 3459 3099 3529">
     <span class='ocr_line' id='line_1_78' title="bbox 1955 3459 3099 3529; baseline 0.004 -17"><span class='ocrx_word' id='word_1_548' title='bbox 1955 3459 2154 3512; x_wconf 88' lang='lat' dir='ltr'><strong>tionem</strong></span> <span class='ocrx_word' id='word_1_549' title='bbox 2183 3475 2305 3513; x_wconf 90' lang='lat' dir='ltr'><strong>cum</strong></span> <span class='ocrx_word' id='word_1_550' title='bbox 2339 3461 2600 3529; x_wconf 81' lang='lat' dir='ltr'><strong>patientia</strong></span> <span class='ocrx_word' id='word_1_551' title='bbox 2634 3471 3099 3529; x_wconf 68' lang='lat' dir='ltr'><strong>perseverantem.</strong></span> 
     </span>
    </p>
   </div>
   <div class='ocr_carea' id='block_1_79' title="bbox 2023 3547 3522 3615">
    <p class='ocr_par' dir='ltr' id='par_1_79' title="bbox 2023 3547 3522 3615">
     <span class='ocr_line' id='line_1_79' title="bbox 2023 3547 3522 3615; baseline 0.002 -12"><span class='ocrx_word' id='word_1_552' title='bbox 2023 3549 2184 3603; x_wconf 76' lang='lat' dir='ltr'><strong>Vens.</strong></span> <span class='ocrx_word' id='word_1_553' title='bbox 2219 3550 2306 3603; x_wconf 76' lang='grc'><strong>27.</strong></span> <span class='ocrx_word' id='word_1_554' title='bbox 2337 3547 2468 3613; x_wconf 86' lang='lat' dir='ltr'><strong>Cur,</strong></span> <span class='ocrx_word' id='word_1_555' title='bbox 2526 3550 2754 3605; x_wconf 80' lang='lat' dir='ltr'><strong>muliere</strong></span> <span class='ocrx_word' id='word_1_556' title='bbox 2798 3551 3035 3615; x_wconf 88' lang='lat' dir='ltr'><strong>dicente,</strong></span> <span class='ocrx_word' id='word_1_557' title='bbox 3099 3552 3295 3607; x_wconf 80' lang='lat' dir='ltr'><strong>Beatus</strong></span> <span class='ocrx_word' id='word_1_558' title='bbox 3348 3565 3522 3608; x_wconf 74' lang='lat' dir='ltr'><strong>venter</strong></span> 
     </span>
    </p>
   </div>
   <div class='ocr_carea' id='block_1_80' title="bbox 1955 3642 3525 3714">
    <p class='ocr_par' dir='ltr' id='par_1_80' title="bbox 1955 3642 3525 3714">
     <span class='ocr_line' id='line_1_80' title="bbox 1955 3642 3525 3714; baseline 0.006 -23"><span class='ocrx_word' id='word_1_559' title='bbox 1955 3642 2116 3708; x_wconf 81' lang='lat' dir='ltr'><strong>quite</strong></span> <span class='ocrx_word' id='word_1_560' title='bbox 2136 3645 2386 3708; x_wconf 82' lang='lat' dir='ltr'><strong>portat-it,</strong></span> <span class='ocrx_word' id='word_1_561' title='bbox 2417 3643 2505 3696; x_wconf 89' lang='lat' dir='ltr'><strong>ille</strong></span> <span class='ocrx_word' id='word_1_562' title='bbox 2535 3643 2692 3706; x_wconf 82' lang='lat' dir='ltr'><strong>dixit,</strong></span> <span class='ocrx_word' id='word_1_563' title='bbox 2726 3643 2975 3709; x_wconf 75' lang='lat' dir='ltr'><strong>Quinimo</strong></span> <span class='ocrx_word' id='word_1_564' title='bbox 3007 3646 3143 3698; x_wconf 84' lang='lat' dir='ltr'><strong>beati</strong></span> <span class='ocrx_word' id='word_1_565' title='bbox 3169 3648 3258 3714; x_wconf 74' lang='lat' dir='ltr'><strong>qui</strong></span> <span class='ocrx_word' id='word_1_566' title='bbox 3299 3650 3525 3700; x_wconf 79' lang='lat' dir='ltr'><strong>audiunt</strong></span> 
     </span>
    </p>
   </div>
   <div class='ocr_carea' id='block_1_81' title="bbox 1956 3731 3523 3802">
    <p class='ocr_par' dir='ltr' id='par_1_81' title="bbox 1956 3731 3523 3802">
     <span class='ocr_line' id='line_1_81' title="bbox 1956 3731 3523 3802; baseline 0.003 -18"><span class='ocrx_word' id='word_1_567' title='bbox 1956 3733 2164 3784; x_wconf 77' lang='lat' dir='ltr'><strong>verbum</strong></span> <span class='ocrx_word' id='word_1_568' title='bbox 2204 3731 2334 3783; x_wconf 81' lang='lat' dir='ltr'><strong>Dei?</strong></span> <span class='ocrx_word' id='word_1_569' title='bbox 2393 3733 2620 3800; x_wconf 88' lang='lat' dir='ltr'><strong>Propter</strong></span> <span class='ocrx_word' id='word_1_570' title='bbox 2671 3742 2886 3802; x_wconf 87' lang='lat' dir='ltr'><strong>tempus</strong></span> <span class='ocrx_word' id='word_1_571' title='bbox 2922 3744 2977 3788; x_wconf 91' lang='lat' dir='ltr'><strong>et</strong></span> <span class='ocrx_word' id='word_1_572' title='bbox 3012 3736 3523 3793; x_wconf 62' lang='lat' dir='ltr'><strong>circumstantesitu</strong></span> 
     </span>
    </p>
   </div>
   <div class='ocr_carea' id='block_1_82' title="bbox 1955 3823 3239 3893">
    <p class='ocr_par' dir='ltr' id='par_1_82' title="bbox 1955 3823 3239 3893">
     <span class='ocr_line' id='line_1_82' title="bbox 1955 3823 3239 3893; baseline 0.005 -19"><span class='ocrx_word' id='word_1_573' title='bbox 1955 3823 2218 3890; x_wconf 81' lang='lat' dir='ltr'><strong>laquitur,</strong></span> <span class='ocrx_word' id='word_1_574' title='bbox 2251 3832 2304 3874; x_wconf 88' lang='lat' dir='ltr'><strong>et</strong></span> <span class='ocrx_word' id='word_1_575' title='bbox 2331 3824 2492 3876; x_wconf 84' lang='lat' dir='ltr'><strong>etiam</strong></span> <span class='ocrx_word' id='word_1_576' title='bbox 2522 3825 2588 3879; x_wconf 91' lang='lat' dir='ltr'><strong>ad</strong></span> <span class='ocrx_word' id='word_1_577' title='bbox 2619 3825 2966 3893; x_wconf 77' lang='lat' dir='ltr'><strong>rejiciendam</strong></span> <span class='ocrx_word' id='word_1_578' title='bbox 3003 3827 3239 3880; x_wconf 83' lang='lat' dir='ltr'><strong>laudem.</strong></span> 
     </span>
    </p>
   </div>
   <div class='ocr_carea' id='block_1_83' title="bbox 2030 4006 3524 4076">
    <p class='ocr_par' dir='ltr' id='par_1_83' title="bbox 2030 4006 3524 4076">
     <span class='ocr_line' id='line_1_83' title="bbox 2030 4006 3524 4076; baseline 0.004 -17"><span class='ocrx_word' id='word_1_579' title='bbox 2030 4006 2192 4061; x_wconf 75' lang='lat' dir='ltr'><strong>Vens.</strong></span> <span class='ocrx_word' id='word_1_580' title='bbox 2227 4009 2313 4062; x_wconf 77' lang='lat'><strong>57.</strong></span> <span class='ocrx_word' id='word_1_581' title='bbox 2349 4008 2523 4074; x_wconf 85' lang='lat' dir='ltr'><strong>Quam</strong></span> <span class='ocrx_word' id='word_1_582' title='bbox 2574 4011 2645 4063; x_wconf 91' lang='lat' dir='ltr'><strong>ob</strong></span> <span class='ocrx_word' id='word_1_583' title='bbox 2695 4025 2916 4064; x_wconf 87' lang='lat' dir='ltr'><strong>causam</strong></span> <span class='ocrx_word' id='word_1_584' title='bbox 2942 4053 2957 4076; x_wconf 88' lang='lat'><strong>,</strong></span> <span class='ocrx_word' id='word_1_585' title='bbox 3022 4012 3147 4064; x_wconf 82' lang='lat' dir='ltr'><strong>mali</strong></span> <span class='ocrx_word' id='word_1_586' title='bbox 3185 4029 3308 4065; x_wconf 86' lang='lat' dir='ltr'><strong>cum</strong></span> <span class='ocrx_word' id='word_1_587' title='bbox 3345 4026 3524 4068; x_wconf 74' lang='lat' dir='ltr'><strong>essent</strong></span> 
     </span>
    </p>
   </div>
   <div class='ocr_carea' id='block_1_84' title="bbox 1956 4097 3530 4162">
    <p class='ocr_par' dir='ltr' id='par_1_84' title="bbox 1956 4097 3530 4162">
     <span class='ocr_line' id='line_1_84' title="bbox 1956 4097 3530 4162; baseline 0.003 -11"><span class='ocrx_word' id='word_1_588' title='bbox 1956 4097 2238 4160; x_wconf 77' lang='lat' dir='ltr'><strong>Pharisaei,</strong></span> <span class='ocrx_word' id='word_1_589' title='bbox 2271 4099 2525 4153; x_wconf 70' lang='lat' dir='ltr'><strong>invitatus</strong></span> <span class='ocrx_word' id='word_1_590' title='bbox 2549 4100 2620 4154; x_wconf 90' lang='lat' dir='ltr'><strong>ab</strong></span> <span class='ocrx_word' id='word_1_591' title='bbox 2655 4115 2763 4154; x_wconf 93' lang='lat' dir='ltr'><strong>uno</strong></span> <span class='ocrx_word' id='word_1_592' title='bbox 2791 4116 2855 4155; x_wconf 81' lang='lat' dir='ltr'><strong>ex</strong></span> <span class='ocrx_word' id='word_1_593' title='bbox 2909 4102 3035 4162; x_wconf 77' lang='lat' dir='ltr'><strong>illis,</strong></span> <span class='ocrx_word' id='word_1_594' title='bbox 3094 4105 3241 4155; x_wconf 79' lang='lat' dir='ltr'><strong>vadit</strong></span> <span class='ocrx_word' id='word_1_595' title='bbox 3272 4104 3336 4156; x_wconf 89' lang='lat' dir='ltr'><strong>ad</strong></span> <span class='ocrx_word' id='word_1_596' title='bbox 3363 4120 3484 4156; x_wconf 84' lang='lat' dir='ltr'><strong>eum</strong></span> <span class='ocrx_word' id='word_1_597' title='bbox 3508 4108 3530 4133; x_wconf 89' lang='lat'><strong><em>&quot;</em></strong></span> 
     </span>
    </p>
   </div>
   <div class='ocr_carea' id='block_1_85' title="bbox 1957 4187 3527 4256">
    <p class='ocr_par' dir='ltr' id='par_1_85' title="bbox 1957 4187 3527 4256">
     <span class='ocr_line' id='line_1_85' title="bbox 1957 4187 3527 4256; baseline 0.004 -16"><span class='ocrx_word' id='word_1_598' title='bbox 1957 4187 2029 4240; x_wconf 90' lang='lat' dir='ltr'><strong>Ut</strong></span> <span class='ocrx_word' id='word_1_599' title='bbox 2070 4187 2306 4256; x_wconf 79' lang='lat' dir='ltr'><strong>placaret</strong></span> <span class='ocrx_word' id='word_1_600' title='bbox 2347 4197 2403 4240; x_wconf 84' lang='lat' dir='ltr'><strong>et;</strong></span> <span class='ocrx_word' id='word_1_601' title='bbox 2453 4189 2889 4243; x_wconf 80' lang='lat' dir='ltr'><strong>mansuefaceret</strong></span> <span class='ocrx_word' id='word_1_602' title='bbox 2940 4190 3079 4243; x_wconf 89' lang='lat' dir='ltr'><strong>illos.</strong></span> <span class='ocrx_word' id='word_1_603' title='bbox 3119 4188 3527 4247; x_wconf 81' lang='lat' dir='ltr'><strong>Scandalizatus</strong></span> 
     </span>
    </p>
   </div>
   <div class='ocr_carea' id='block_1_86' title="bbox 1956 4277 3528 4350">
    <p class='ocr_par' dir='ltr' id='par_1_86' title="bbox 1956 4277 3528 4350">
     <span class='ocr_line' id='line_1_86' title="bbox 1956 4277 3528 4350; baseline 0 -18"><span class='ocrx_word' id='word_1_604' title='bbox 1956 4288 2041 4332; x_wconf 89' lang='lat' dir='ltr'><strong>est</strong></span> <span class='ocrx_word' id='word_1_605' title='bbox 2071 4289 2250 4332; x_wconf 88' lang='lat' dir='ltr'><strong>autem</strong></span> <span class='ocrx_word' id='word_1_606' title='bbox 2283 4277 2590 4333; x_wconf 67' lang='lat' dir='ltr'><strong>Pharisaeus</strong></span> <span class='ocrx_word' id='word_1_607' title='bbox 2624 4281 2766 4349; x_wconf 91' lang='lat' dir='ltr'><strong>quod</strong></span> <span class='ocrx_word' id='word_1_608' title='bbox 2801 4292 2926 4334; x_wconf 89' lang='lat' dir='ltr'><strong>ante</strong></span> <span class='ocrx_word' id='word_1_609' title='bbox 2958 4283 3242 4350; x_wconf 84' lang='lat' dir='ltr'><strong>prandium</strong></span> <span class='ocrx_word' id='word_1_610' title='bbox 3295 4299 3400 4336; x_wconf 90' lang='lat' dir='ltr'><strong>nou</strong></span> <span class='ocrx_word' id='word_1_611' title='bbox 3431 4286 3528 4339; x_wconf 74' lang='grc' dir='ltr'>Ιιςι-</span> 
     </span>
    </p>
   </div>
   <div class='ocr_carea' id='block_1_87' title="bbox 1956 4372 3527 4447">
    <p class='ocr_par' dir='ltr' id='par_1_87' title="bbox 1956 4372 3527 4447">
     <span class='ocr_line' id='line_1_87' title="bbox 1956 4372 3527 4447; baseline 0.003 -21"><span class='ocrx_word' id='word_1_612' title='bbox 1956 4372 2191 4441; x_wconf 74' lang='lat' dir='ltr'><strong>ptizatus</strong></span> <span class='ocrx_word' id='word_1_613' title='bbox 2217 4385 2377 4436; x_wconf 82' lang='lat' dir='ltr'><strong>esset,</strong></span> <span class='ocrx_word' id='word_1_614' title='bbox 2413 4373 2708 4437; x_wconf 88' lang='lat' dir='ltr'><strong>immerito;</strong></span> <span class='ocrx_word' id='word_1_615' title='bbox 2742 4373 2953 4443; x_wconf 79' lang='lat' dir='ltr'><strong>Moyses</strong></span> <span class='ocrx_word' id='word_1_616' title='bbox 2980 4376 3124 4428; x_wconf 87' lang='lat' dir='ltr'><strong>enim</strong></span> <span class='ocrx_word' id='word_1_617' title='bbox 3148 4378 3369 4432; x_wconf 88' lang='lat' dir='ltr'><strong>minimc</strong></span> <span class='ocrx_word' id='word_1_618' title='bbox 3396 4394 3527 4447; x_wconf 65' lang='lat' dir='ltr'><strong>prse-</strong></span> 
     </span>
    </p>
   </div>
   <div class='ocr_carea' id='block_1_88' title="bbox 1957 4463 3527 4534">
    <p class='ocr_par' dir='ltr' id='par_1_88' title="bbox 1957 4463 3527 4534">
     <span class='ocr_line' id='line_1_88' title="bbox 1957 4463 3527 4534; baseline -0.001 -19"><span class='ocrx_word' id='word_1_619' title='bbox 1957 4474 2174 4531; x_wconf 87' lang='lat' dir='ltr'><strong>ceperat</strong></span> <span class='ocrx_word' id='word_1_620' title='bbox 2199 4464 2300 4518; x_wconf 93' lang='lat' dir='ltr'><strong>hoc</strong></span> <span class='ocrx_word' id='word_1_621' title='bbox 2330 4480 2489 4533; x_wconf 78' lang='lat' dir='ltr'><strong>agere</strong></span> <span class='ocrx_word' id='word_1_622' title='bbox 2519 4481 2532 4526; x_wconf 89' lang='lat'><strong>;</strong></span> <span class='ocrx_word' id='word_1_623' title='bbox 2565 4479 2689 4517; x_wconf 91' lang='lat' dir='ltr'><strong>nam</strong></span> <span class='ocrx_word' id='word_1_624' title='bbox 2724 4463 2932 4518; x_wconf 88' lang='lat' dir='ltr'><strong>ablutio</strong></span> <span class='ocrx_word' id='word_1_625' title='bbox 2962 4481 3057 4534; x_wconf 89' lang='lat' dir='ltr'><strong>per</strong></span> <span class='ocrx_word' id='word_1_626' title='bbox 3091 4482 3312 4534; x_wconf 86' lang='lat' dir='ltr'><strong>aquam,</strong></span> <span class='ocrx_word' id='word_1_627' title='bbox 3349 4472 3527 4521; x_wconf 53' lang='lat' dir='ltr'><strong>soriti-</strong></span> 
     </span>
    </p>
   </div>
   <div class='ocr_carea' id='block_1_89' title="bbox 288 4552 1954 4628">
    <p class='ocr_par' dir='ltr' id='par_1_89' title="bbox 288 4552 1928 4628">
     <span class='ocr_line' id='line_1_89' title="bbox 288 4552 1928 4628; baseline -0.002 -20"><span class='ocrx_word' id='word_1_628' title='bbox 288 4558 457 4628; x_wconf 76' lang='grc' dir='ltr'>ῥύπον</span> <span class='ocrx_word' id='word_1_629' title='bbox 498 4554 827 4625; x_wconf 73' lang='grc' dir='ltr'>σωματικὸν,</span> <span class='ocrx_word' id='word_1_630' title='bbox 879 4554 1220 4624; x_wconf 78' lang='grc' dir='ltr'>ἀκαθαρσίαν</span> <span class='ocrx_word' id='word_1_631' title='bbox 1251 4552 1304 4605; x_wconf 83' lang='grc' dir='ltr'>δὲ</span> <span class='ocrx_word' id='word_1_632' title='bbox 1336 4553 1510 4622; x_wconf 65' lang='grc' dir='ltr'>ψυχῆς</span> <span class='ocrx_word' id='word_1_633' title='bbox 1546 4552 1850 4618; x_wconf 78' lang='grc' dir='ltr'>ἀπαλλάξαι</span> <span class='ocrx_word' id='word_1_634' title='bbox 1885 4561 1928 4616; x_wconf 79' lang='grc' dir='ltr'>υ</span> 
     </span>
    </p>
   </div>
   <div class='ocr_carea' id='block_1_90' title="bbox 1859 4552 3525 4628">
    <p class='ocr_par' dir='ltr' id='par_1_90' title="bbox 1885 4553 3525 4622">
     <span class='ocr_line' id='line_1_90' title="bbox 1885 4553 3525 4622; baseline 0.004 -15"><span class='ocrx_word' id='word_1_635' title='bbox 1885 4553 2058 4616; x_wconf 82' lang='lat' dir='ltr'><strong>Dbus</strong></span> <span class='ocrx_word' id='word_1_636' title='bbox 2114 4556 2360 4622; x_wconf 87' lang='lat' dir='ltr'><strong>corporis</strong></span> <span class='ocrx_word' id='word_1_637' title='bbox 2411 4555 2561 4609; x_wconf 90' lang='lat' dir='ltr'><strong>utilis</strong></span> <span class='ocrx_word' id='word_1_638' title='bbox 2622 4564 2706 4609; x_wconf 90' lang='lat' dir='ltr'><strong>est</strong></span> <span class='ocrx_word' id='word_1_639' title='bbox 2742 4556 3076 4622; x_wconf 76' lang='lat' dir='ltr'><strong>amovendis,</strong></span> <span class='ocrx_word' id='word_1_640' title='bbox 3128 4557 3525 4613; x_wconf 74' lang='lat' dir='ltr'><strong>immumlitium</strong></span> 
     </span>
    </p>
   </div>
   <div class='ocr_carea' id='block_1_91' title="bbox 278 4646 615 4700">
    <p class='ocr_par' dir='ltr' id='par_1_91' title="bbox 278 4646 615 4700">
     <span class='ocr_line' id='line_1_91' title="bbox 278 4646 615 4700; baseline -0.003 0"><span class='ocrx_word' id='word_1_641' title='bbox 278 4648 343 4700; x_wconf 80' lang='grc' dir='ltr'><strong>οῦ</strong></span> <span class='ocrx_word' id='word_1_642' title='bbox 374 4646 615 4699; x_wconf 76' lang='grc' dir='ltr'>δύναται.</span> 
     </span>
    </p>
   </div>
   <div class='ocr_carea' id='block_1_92' title="bbox 356 4727 1853 4807">
    <p class='ocr_par' dir='ltr' id='par_1_92' title="bbox 356 4727 1853 4807">
     <span class='ocr_line' id='line_1_92' title="bbox 356 4727 1853 4807; baseline -0.001 -18"><span class='ocrx_word' id='word_1_643' title='bbox 356 4738 491 4807; x_wconf 75' lang='grc' dir='ltr'>Περὶ</span> <span class='ocrx_word' id='word_1_644' title='bbox 520 4737 613 4789; x_wconf 83' lang='grc' dir='ltr'><strong>τοῦ</strong></span> <span class='ocrx_word' id='word_1_645' title='bbox 640 4737 909 4806; x_wconf 77' lang='grc' dir='ltr'>Ζαχαρίου</span> <span class='ocrx_word' id='word_1_646' title='bbox 928 4727 988 4786; x_wconf 73' lang='grc' dir='ltr'><strong>οὗ</strong></span> <span class='ocrx_word' id='word_1_647' title='bbox 1008 4729 1158 4787; x_wconf 73' lang='grc' dir='ltr'>εἶπεν</span> <span class='ocrx_word' id='word_1_648' title='bbox 1181 4735 1408 4804; x_wconf 76' lang='grc' dir='ltr'>Κύριος,</span> <span class='ocrx_word' id='word_1_649' title='bbox 1437 4736 1517 4787; x_wconf 87' lang='grc' dir='ltr'><strong>δτι</strong></span> <span class='ocrx_word' id='word_1_650' title='bbox 1537 4735 1739 4804; x_wconf 74' lang='grc' dir='ltr'>μεταξὺ</span> <span class='ocrx_word' id='word_1_651' title='bbox 1764 4734 1853 4787; x_wconf 83' lang='grc' dir='ltr'><strong>τοῦ</strong></span> 
     </span>
    </p>
   </div>
   <div class='ocr_carea' id='block_1_93' title="bbox 284 4818 1852 4896">
    <p class='ocr_par' dir='ltr' id='par_1_93' title="bbox 284 4818 1852 4896">
     <span class='ocr_line' id='line_1_93' title="bbox 284 4818 1852 4896; baseline -0.002 -17"><span class='ocrx_word' id='word_1_652' title='bbox 284 4828 413 4880; x_wconf 80' lang='grc' dir='ltr'>ναοῦ</span> <span class='ocrx_word' id='word_1_653' title='bbox 450 4828 545 4879; x_wconf 70' lang='grc' dir='ltr'>καὶ</span> <span class='ocrx_word' id='word_1_654' title='bbox 570 4827 664 4878; x_wconf 83' lang='grc' dir='ltr'><strong>τοῦ</strong></span> <span class='ocrx_word' id='word_1_655' title='bbox 702 4818 1094 4894; x_wconf 80' lang='grc' dir='ltr'>θυσιαστηρίου</span> <span class='ocrx_word' id='word_1_656' title='bbox 1124 4826 1360 4892; x_wconf 70' lang='grc' dir='ltr'>ἐσφάγη,</span> <span class='ocrx_word' id='word_1_657' title='bbox 1387 4828 1413 4877; x_wconf 75' lang='grc' dir='ltr'>ὁ</span> <span class='ocrx_word' id='word_1_658' title='bbox 1441 4825 1626 4894; x_wconf 79' lang='grc' dir='ltr'>Νύσης</span> <span class='ocrx_word' id='word_1_659' title='bbox 1666 4828 1852 4896; x_wconf 71' lang='grc' dir='ltr'>φησὶν,</span> 
     </span>
    </p>
   </div>
   <div class='ocr_carea' id='block_1_94' title="bbox 285 4913 1855 4987">
    <p class='ocr_par' dir='ltr' id='par_1_94' title="bbox 285 4913 1855 4987">
     <span class='ocr_line' id='line_1_94' title="bbox 285 4913 1855 4987; baseline -0.001 -17"><span class='ocrx_word' id='word_1_660' title='bbox 285 4920 368 4970; x_wconf 76' lang='grc' dir='ltr'>ὅτι</span> <span class='ocrx_word' id='word_1_661' title='bbox 394 4920 421 4969; x_wconf 74' lang='grc' dir='ltr'>ὁ</span> <span class='ocrx_word' id='word_1_662' title='bbox 446 4917 624 4987; x_wconf 75' lang='grc' dir='ltr'>πατὴρ</span> <span class='ocrx_word' id='word_1_663' title='bbox 651 4913 718 4987; x_wconf 82' lang='grc' dir='ltr'><strong>ἦν</strong></span> <span class='ocrx_word' id='word_1_664' title='bbox 746 4916 837 4969; x_wconf 85' lang='grc' dir='ltr'><strong>τοῦ</strong></span> <span class='ocrx_word' id='word_1_665' title='bbox 870 4916 1219 4987; x_wconf 71' lang='grc' dir='ltr'>Προδρόμου·</span> <span class='ocrx_word' id='word_1_666' title='bbox 1249 4919 1342 4969; x_wconf 70' lang='grc' dir='ltr'>καὶ</span> <span class='ocrx_word' id='word_1_667' title='bbox 1387 4916 1574 4987; x_wconf 79' lang='grc' dir='ltr'>ἐπειδὴ</span> <span class='ocrx_word' id='word_1_668' title='bbox 1616 4918 1714 4968; x_wconf 65' lang='grc' dir='ltr'><strong>(οὐκ</strong></span> <span class='ocrx_word' id='word_1_669' title='bbox 1747 4918 1855 4968; x_wconf 85' lang='grc' dir='ltr'><strong>ἁπ-</strong></span> 
     </span>
    </p>
   </div>
   <div class='ocr_carea' id='block_1_95' title="bbox 283 5007 1856 5082">
    <p class='ocr_par' dir='ltr' id='par_1_95' title="bbox 283 5007 1856 5082">
     <span class='ocr_line' id='line_1_95' title="bbox 283 5007 1856 5082; baseline -0.001 -20"><span class='ocrx_word' id='word_1_670' title='bbox 283 5009 517 5082; x_wconf 80' lang='grc' dir='ltr'>εχὼρισε</span> <span class='ocrx_word' id='word_1_671' title='bbox 559 5010 700 5079; x_wconf 82' lang='grc' dir='ltr'><strong>μετά</strong></span> <span class='ocrx_word' id='word_1_672' title='bbox 731 5009 821 5061; x_wconf 79' lang='grc' dir='ltr'><strong>τὸν</strong></span> <span class='ocrx_word' id='word_1_673' title='bbox 857 5007 1090 5077; x_wconf 69' lang='grc' dir='ltr'>ἄφθορον</span> <span class='ocrx_word' id='word_1_674' title='bbox 1125 5008 1281 5059; x_wconf 83' lang='grc' dir='ltr'>τόκον</span> <span class='ocrx_word' id='word_1_675' title='bbox 1308 5008 1405 5076; x_wconf 78' lang='grc' dir='ltr'>τὴν</span> <span class='ocrx_word' id='word_1_676' title='bbox 1429 5009 1700 5074; x_wconf 85' lang='grc' dir='ltr'>παναγίαν</span> <span class='ocrx_word' id='word_1_677' title='bbox 1729 5009 1856 5060; x_wconf 86' lang='grc' dir='ltr'>Θεο-</span> 
     </span>
    </p>
   </div>
   <div class='ocr_carea' id='block_1_96' title="bbox 279 5099 1854 5170">
    <p class='ocr_par' dir='ltr' id='par_1_96' title="bbox 279 5099 1854 5170">
     <span class='ocr_line' id='line_1_96' title="bbox 279 5099 1854 5170; baseline -0.001 -18"><span class='ocrx_word' id='word_1_678' title='bbox 279 5105 440 5154; x_wconf 77' lang='grc' dir='ltr'>τόκον</span> <span class='ocrx_word' id='word_1_679' title='bbox 471 5102 690 5170; x_wconf 87' lang='grc' dir='ltr'>Μαρίαν</span> <span class='ocrx_word' id='word_1_680' title='bbox 717 5100 809 5152; x_wconf 82' lang='grc' dir='ltr'><strong>τοῦ</strong></span> <span class='ocrx_word' id='word_1_681' title='bbox 840 5101 956 5161; x_wconf 82' lang='grc' dir='ltr'>ταῖς</span> <span class='ocrx_word' id='word_1_682' title='bbox 992 5099 1281 5167; x_wconf 79' lang='grc' dir='ltr'>παρθένοις</span> <span class='ocrx_word' id='word_1_683' title='bbox 1315 5099 1854 5167; x_wconf 79' lang='grc' dir='ltr'>ἀποκεκληρωμένου</span> 
     </span>
    </p>
   </div>
   <div class='ocr_carea' id='block_1_97' title="bbox 282 5187 1854 5268">
    <p class='ocr_par' dir='ltr' id='par_1_97' title="bbox 282 5187 1854 5268">
     <span class='ocr_line' id='line_1_97' title="bbox 282 5187 1854 5268; baseline -0.001 -25"><span class='ocrx_word' id='word_1_684' title='bbox 282 5194 450 5268; x_wconf 70' lang='grc' dir='ltr'>τρπου</span> <span class='ocrx_word' id='word_1_685' title='bbox 491 5195 547 5243; x_wconf 85' lang='grc' dir='ltr'><strong>ὲν</strong></span> <span class='ocrx_word' id='word_1_686' title='bbox 580 5191 658 5260; x_wconf 82' lang='grc' dir='ltr'>τῷ</span> <span class='ocrx_word' id='word_1_687' title='bbox 701 5191 814 5260; x_wconf 82' lang='grc' dir='ltr'>ναῷ</span> <span class='ocrx_word' id='word_1_688' title='bbox 885 5187 973 5260; x_wconf 73' lang='grc' dir='ltr'><strong>(ἦν</strong></span> <span class='ocrx_word' id='word_1_689' title='bbox 1011 5191 1066 5243; x_wconf 80' lang='grc' dir='ltr'>δὲ</span> <span class='ocrx_word' id='word_1_690' title='bbox 1095 5187 1243 5251; x_wconf 72' lang='grc' dir='ltr'>οὗτος</span> <span class='ocrx_word' id='word_1_691' title='bbox 1273 5193 1299 5240; x_wconf 77' lang='grc' dir='ltr'>ὁ</span> <span class='ocrx_word' id='word_1_692' title='bbox 1325 5191 1486 5251; x_wconf 74' lang='grc' dir='ltr'>τόπος</span> <span class='ocrx_word' id='word_1_693' title='bbox 1527 5189 1725 5256; x_wconf 72' lang='grc' dir='ltr'>μεταξὺ</span> <span class='ocrx_word' id='word_1_694' title='bbox 1759 5189 1854 5242; x_wconf 81' lang='grc' dir='ltr'><strong>τοῦ</strong></span> 
     </span>
    </p>
   </div>
   <div class='ocr_carea' id='block_1_98' title="bbox 283 5281 1521 5351">
    <p class='ocr_par' dir='ltr' id='par_1_98' title="bbox 283 5281 1521 5351">
     <span class='ocr_line' id='line_1_98' title="bbox 283 5281 1521 5351; baseline -0.002 -15"><span class='ocrx_word' id='word_1_695' title='bbox 283 5283 413 5337; x_wconf 83' lang='grc' dir='ltr'>ναοῦ</span> <span class='ocrx_word' id='word_1_696' title='bbox 448 5284 541 5336; x_wconf 70' lang='grc' dir='ltr'>καὶ</span> <span class='ocrx_word' id='word_1_697' title='bbox 565 5281 656 5334; x_wconf 83' lang='grc' dir='ltr'><strong>τοῦ</strong></span> <span class='ocrx_word' id='word_1_698' title='bbox 682 5283 1120 5351; x_wconf 85' lang='grc' dir='ltr'>θυσιαστηρίου),</span> <span class='ocrx_word' id='word_1_699' title='bbox 1153 5281 1521 5348; x_wconf 68' lang='grc' dir='ltr'>κατέσφαξαν.</span> 
     </span>
    </p>
   </div>
   <div class='ocr_carea' id='block_1_99' title="bbox 894 5409 1266 5463">
    <p class='ocr_par' dir='ltr' id='par_1_99' title="bbox 894 5409 1266 5463">
     <span class='ocr_line' id='line_1_99' title="bbox 894 5409 1266 5463; baseline 0.005 -3"><span class='ocrx_word' id='word_1_700' title='bbox 894 5409 1140 5463; x_wconf 77' lang='grc' dir='ltr'><strong>ΚΕΦΑΛ.</strong></span> <span class='ocrx_word' id='word_1_701' title='bbox 1166 5409 1266 5462; x_wconf 86' lang='lat' dir='ltr'><strong>IB&#39;.</strong></span> 
     </span>
    </p>
   </div>
   <div class='ocr_carea' id='block_1_100' title="bbox 357 5519 1856 5589">
    <p class='ocr_par' dir='ltr' id='par_1_100' title="bbox 357 5519 1856 5589">
     <span class='ocr_line' id='line_1_100' title="bbox 357 5519 1856 5589; baseline -0.001 -15"><span class='ocrx_word' id='word_1_702' title='bbox 357 5523 455 5575; x_wconf 79' lang='grc' dir='ltr'><strong>Διὰ</strong></span> <span class='ocrx_word' id='word_1_703' title='bbox 478 5523 532 5573; x_wconf 81' lang='grc' dir='ltr'><strong>τί</strong></span> <span class='ocrx_word' id='word_1_704' title='bbox 563 5520 696 5588; x_wconf 78' lang='grc' dir='ltr'>πρὸς</span> <span class='ocrx_word' id='word_1_705' title='bbox 742 5519 832 5572; x_wconf 76' lang='grc' dir='ltr'>τὸν</span> <span class='ocrx_word' id='word_1_706' title='bbox 867 5521 1088 5572; x_wconf 73' lang='grc' dir='ltr'>εἰπόντα</span> <span class='ocrx_word' id='word_1_707' title='bbox 1133 5520 1303 5589; x_wconf 74' lang='grc' dir='ltr'>αὐτῷ,</span> <span class='ocrx_word' id='word_1_708' title='bbox 1334 5521 1694 5585; x_wconf 69' lang='grc' dir='ltr'>Διδάσκαλε,</span> <span class='ocrx_word' id='word_1_709' title='bbox 1727 5520 1856 5574; x_wconf 68' lang='grc' dir='ltr'><strong>εἰπὲ</strong></span> 
     </span>
    </p>
   </div>
   <div class='ocr_carea' id='block_1_101' title="bbox 281 5612 1854 5682">
    <p class='ocr_par' dir='ltr' id='par_1_101' title="bbox 281 5612 1854 5682">
     <span class='ocr_line' id='line_1_101' title="bbox 281 5612 1854 5682; baseline -0.003 -13"><span class='ocrx_word' id='word_1_710' title='bbox 281 5614 362 5680; x_wconf 80' lang='grc' dir='ltr'>τῷ</span> <span class='ocrx_word' id='word_1_711' title='bbox 389 5613 630 5681; x_wconf 67' lang='grc' dir='ltr'>ἀδελφῷ</span> <span class='ocrx_word' id='word_1_712' title='bbox 657 5630 775 5681; x_wconf 79' lang='grc' dir='ltr'><strong>μου</strong></span> <span class='ocrx_word' id='word_1_713' title='bbox 800 5614 1156 5680; x_wconf 78' lang='grc' dir='ltr'>μερίσασθαι</span> <span class='ocrx_word' id='word_1_714' title='bbox 1180 5615 1302 5682; x_wconf 79' lang='grc' dir='ltr'>μετ’</span> <span class='ocrx_word' id='word_1_715' title='bbox 1325 5613 1473 5682; x_wconf 81' lang='grc' dir='ltr'>ἐμοῦ</span> <span class='ocrx_word' id='word_1_716' title='bbox 1503 5612 1617 5680; x_wconf 79' lang='grc' dir='ltr'><strong>τήν</strong></span> <span class='ocrx_word' id='word_1_717' title='bbox 1637 5616 1854 5678; x_wconf 67' lang='grc' dir='ltr'>κληρο-</span> 
     </span>
    </p>
   </div>
   <div class='ocr_carea' id='block_1_102' title="bbox 280 5701 1856 5775">
    <p class='ocr_par' dir='ltr' id='par_1_102' title="bbox 280 5701 1856 5775">
     <span class='ocr_line' id='line_1_102' title="bbox 280 5701 1856 5775; baseline -0.002 -15"><span class='ocrx_word' id='word_1_718' title='bbox 280 5707 518 5775; x_wconf 76' lang='grc' dir='ltr'>νομίαν,</span> <span class='ocrx_word' id='word_1_719' title='bbox 549 5705 866 5775; x_wconf 73' lang='grc' dir='ltr'>ἀποκριθεὶς</span> <span class='ocrx_word' id='word_1_720' title='bbox 900 5701 1080 5757; x_wconf 79' lang='grc' dir='ltr'>εἶπεν·</span> <span class='ocrx_word' id='word_1_721' title='bbox 1118 5707 1448 5772; x_wconf 73' lang='grc' dir='ltr'>Ἄνθρωπε,</span> <span class='ocrx_word' id='word_1_722' title='bbox 1472 5707 1564 5772; x_wconf 79' lang='grc' dir='ltr'><strong>τίς</strong></span> <span class='ocrx_word' id='word_1_723' title='bbox 1605 5721 1681 5773; x_wconf 82' lang='grc' dir='ltr'><strong>με</strong></span> <span class='ocrx_word' id='word_1_724' title='bbox 1714 5721 1856 5757; x_wconf 81' lang='grc' dir='ltr'>κατ-</span> 
     </span>
    </p>
   </div>
   <div class='ocr_carea' id='block_1_103' title="bbox 280 5792 1857 5873">
    <p class='ocr_par' dir='ltr' id='par_1_103' title="bbox 280 5792 1857 5873">
     <span class='ocr_line' id='line_1_103' title="bbox 280 5792 1857 5873; baseline -0.003 -19"><span class='ocrx_word' id='word_1_725' title='bbox 280 5799 508 5866; x_wconf 70' lang='grc' dir='ltr'>έστησε</span> <span class='ocrx_word' id='word_1_726' title='bbox 554 5797 766 5865; x_wconf 76' lang='grc' dir='ltr'>κριτὴν</span> <span class='ocrx_word' id='word_1_727' title='bbox 811 5795 1162 5869; x_wconf 64' lang='grc' dir='ltr'>ἲυιεριστὴν</span> <span class='ocrx_word' id='word_1_728' title='bbox 1195 5796 1309 5865; x_wconf 73' lang='grc' dir='ltr'><strong>ῗέφ⁸</strong></span> <span class='ocrx_word' id='word_1_729' title='bbox 1346 5794 1543 5873; x_wconf 78' lang='grc' dir='ltr'>ὐμᾶς;</span> <span class='ocrx_word' id='word_1_730' title='bbox 1585 5792 1754 5853; x_wconf 68' lang='grc' dir='ltr'>Εἶπεν</span> <span class='ocrx_word' id='word_1_731' title='bbox 1801 5797 1857 5849; x_wconf 77' lang='grc' dir='ltr'>δὲ</span> 
     </span>
    </p>
   </div>
   <div class='ocr_carea' id='block_1_104' title="bbox 1958 4646 2925 4712">
    <p class='ocr_par' dir='ltr' id='par_1_104' title="bbox 1958 4646 2925 4712">
     <span class='ocr_line' id='line_1_104' title="bbox 1958 4646 2925 4712; baseline -0.001 -13"><span class='ocrx_word' id='word_1_732' title='bbox 1958 4661 2088 4699; x_wconf 82' lang='lat' dir='ltr'><strong>vero</strong></span> <span class='ocrx_word' id='word_1_733' title='bbox 2121 4646 2319 4699; x_wconf 76' lang='lat' dir='ltr'><strong>anima:</strong></span> <span class='ocrx_word' id='word_1_734' title='bbox 2349 4646 2568 4698; x_wconf 82' lang='lat' dir='ltr'><strong>auferre</strong></span> <span class='ocrx_word' id='word_1_735' title='bbox 2588 4663 2694 4698; x_wconf 88' lang='lat' dir='ltr'><strong>non</strong></span> <span class='ocrx_word' id='word_1_736' title='bbox 2728 4654 2925 4712; x_wconf 81' lang='lat' dir='ltr'><strong>potest.</strong></span> 
     </span>
    </p>
   </div>
   <div class='ocr_carea' id='block_1_105' title="bbox 2028 4733 3525 4802">
    <p class='ocr_par' dir='ltr' id='par_1_105' title="bbox 2028 4733 3525 4802">
     <span class='ocr_line' id='line_1_105' title="bbox 2028 4733 3525 4802; baseline 0.001 -14"><span class='ocrx_word' id='word_1_737' title='bbox 2028 4733 2192 4788; x_wconf 74' lang='lat' dir='ltr'><strong>Vens.</strong></span> <span class='ocrx_word' id='word_1_738' title='bbox 2220 4736 2305 4789; x_wconf 81' lang='grc'><strong>5-1.</strong></span> <span class='ocrx_word' id='word_1_739' title='bbox 2357 4735 2430 4788; x_wconf 89' lang='lat' dir='ltr'><strong>De</strong></span> <span class='ocrx_word' id='word_1_740' title='bbox 2474 4734 2739 4787; x_wconf 84' lang='lat' dir='ltr'><strong>Zacharia</strong></span> <span class='ocrx_word' id='word_1_741' title='bbox 2790 4735 2856 4786; x_wconf 90' lang='lat' dir='ltr'><strong>de</strong></span> <span class='ocrx_word' id='word_1_742' title='bbox 2907 4749 3016 4802; x_wconf 92' lang='lat' dir='ltr'><strong>quo</strong></span> <span class='ocrx_word' id='word_1_743' title='bbox 3060 4734 3192 4788; x_wconf 88' lang='lat' dir='ltr'><strong>dicit</strong></span> <span class='ocrx_word' id='word_1_744' title='bbox 3241 4733 3525 4796; x_wconf 77' lang='lat' dir='ltr'><strong>Dominus.</strong></span> 
     </span>
    </p>
   </div>
   <div class='ocr_carea' id='block_1_106' title="bbox 1956 4826 3522 4896">
    <p class='ocr_par' dir='ltr' id='par_1_106' title="bbox 1956 4826 3522 4896">
     <span class='ocr_line' id='line_1_106' title="bbox 1956 4826 3522 4896; baseline -0.002 -16"><span class='ocrx_word' id='word_1_745' title='bbox 1956 4826 2100 4896; x_wconf 89' lang='lat' dir='ltr'><strong>quod</strong></span> <span class='ocrx_word' id='word_1_746' title='bbox 2127 4827 2266 4879; x_wconf 90' lang='lat' dir='ltr'><strong>inter</strong></span> <span class='ocrx_word' id='word_1_747' title='bbox 2295 4826 2553 4894; x_wconf 85' lang='lat' dir='ltr'><strong>templum</strong></span> <span class='ocrx_word' id='word_1_748' title='bbox 2592 4834 2642 4878; x_wconf 91' lang='lat' dir='ltr'><strong>et</strong></span> <span class='ocrx_word' id='word_1_749' title='bbox 2666 4826 2834 4879; x_wconf 80' lang='lat' dir='ltr'><strong>altare</strong></span> <span class='ocrx_word' id='word_1_750' title='bbox 2859 4826 3077 4880; x_wconf 86' lang='lat' dir='ltr'><strong>occisus</strong></span> <span class='ocrx_word' id='word_1_751' title='bbox 3105 4836 3208 4888; x_wconf 86' lang='lat' dir='ltr'><strong>est,</strong></span> <span class='ocrx_word' id='word_1_752' title='bbox 3241 4826 3522 4896; x_wconf 63' lang='lat' dir='ltr'><strong>Nyssenus</strong></span> 
     </span>
    </p>
   </div>
   <div class='ocr_carea' id='block_1_107' title="bbox 1957 4917 3526 4985">
    <p class='ocr_par' dir='ltr' id='par_1_107' title="bbox 1957 4917 3526 4985">
     <span class='ocr_line' id='line_1_107' title="bbox 1957 4917 3526 4985; baseline -0.001 -15"><span class='ocrx_word' id='word_1_753' title='bbox 1957 4919 2086 4970; x_wconf 88' lang='lat' dir='ltr'><strong>dicit</strong></span> <span class='ocrx_word' id='word_1_754' title='bbox 2116 4919 2264 4970; x_wconf 91' lang='lat' dir='ltr'><strong>illum</strong></span> <span class='ocrx_word' id='word_1_755' title='bbox 2294 4917 2463 4970; x_wconf 82' lang='lat' dir='ltr'><strong>fuisse</strong></span> <span class='ocrx_word' id='word_1_756' title='bbox 2499 4917 2856 4970; x_wconf 51' lang='lat' dir='ltr'><strong>Pri-cursoris</strong></span> <span class='ocrx_word' id='word_1_757' title='bbox 2883 4927 3088 4984; x_wconf 86' lang='lat' dir='ltr'><strong>patrem</strong></span> <span class='ocrx_word' id='word_1_758' title='bbox 3117 4934 3130 4981; x_wconf 90' lang='lat'><strong>;</strong></span> <span class='ocrx_word' id='word_1_759' title='bbox 3164 4927 3215 4970; x_wconf 93' lang='lat' dir='ltr'><strong>et</strong></span> <span class='ocrx_word' id='word_1_760' title='bbox 3243 4919 3368 4985; x_wconf 79' lang='lat' dir='ltr'><strong>quia</strong></span> <span class='ocrx_word' id='word_1_761' title='bbox 3419 4934 3526 4970; x_wconf 79' lang='lat' dir='ltr'><strong>non</strong></span> 
     </span>
    </p>
   </div>
   <div class='ocr_carea' id='block_1_108' title="bbox 1957 5009 3520 5078">
    <p class='ocr_par' dir='ltr' id='par_1_108' title="bbox 1957 5009 3520 5078">
     <span class='ocr_line' id='line_1_108' title="bbox 1957 5009 3520 5078; baseline 0.001 -18"><span class='ocrx_word' id='word_1_762' title='bbox 1957 5011 2239 5078; x_wconf 88' lang='lat' dir='ltr'><strong>prohibuit</strong></span> <span class='ocrx_word' id='word_1_763' title='bbox 2271 5018 2392 5076; x_wconf 86' lang='lat' dir='ltr'><strong>post</strong></span> <span class='ocrx_word' id='word_1_764' title='bbox 2416 5009 2827 5062; x_wconf 84' lang='lat' dir='ltr'><strong>immaculatum</strong></span> <span class='ocrx_word' id='word_1_765' title='bbox 2868 5018 3080 5076; x_wconf 80' lang='lat' dir='ltr'><strong>partum</strong></span> <span class='ocrx_word' id='word_1_766' title='bbox 3115 5021 3363 5063; x_wconf 80' lang='lat' dir='ltr'><strong>sanctam</strong></span> <span class='ocrx_word' id='word_1_767' title='bbox 3397 5009 3520 5061; x_wconf 62' lang='lat' dir='ltr'><strong>Dni-</strong></span> 
     </span>
    </p>
   </div>
   <div class='ocr_carea' id='block_1_109' title="bbox 1958 5099 3527 5168">
    <p class='ocr_par' dir='ltr' id='par_1_109' title="bbox 1958 5099 3527 5168">
     <span class='ocr_line' id='line_1_109' title="bbox 1958 5099 3527 5168; baseline -0.001 -15"><span class='ocrx_word' id='word_1_768' title='bbox 1958 5116 2144 5167; x_wconf 86' lang='lat' dir='ltr'><strong>param</strong></span> <span class='ocrx_word' id='word_1_769' title='bbox 2175 5099 2400 5152; x_wconf 80' lang='lat' dir='ltr'><strong>Mariam</strong></span> <span class='ocrx_word' id='word_1_770' title='bbox 2422 5102 2490 5154; x_wconf 87' lang='lat' dir='ltr'><strong>ab</strong></span> <span class='ocrx_word' id='word_1_771' title='bbox 2520 5101 2722 5165; x_wconf 90' lang='lat' dir='ltr'><strong>illoqui</strong></span> <span class='ocrx_word' id='word_1_772' title='bbox 2753 5115 2778 5150; x_wconf 88' lang='lat' dir='ltr'><strong>a</strong></span> <span class='ocrx_word' id='word_1_773' title='bbox 2814 5100 3115 5166; x_wconf 70' lang='lat' dir='ltr'><strong>virginibus</strong></span> <span class='ocrx_word' id='word_1_774' title='bbox 3157 5103 3527 5168; x_wconf 78' lang='lat' dir='ltr'><strong>occupabatur</strong></span> 
     </span>
    </p>
   </div>
   <div class='ocr_carea' id='block_1_110' title="bbox 1958 5190 3523 5260">
    <p class='ocr_par' dir='ltr' id='par_1_110' title="bbox 1958 5190 3523 5260">
     <span class='ocr_line' id='line_1_110' title="bbox 1958 5190 3523 5260; baseline -0.001 -16"><span class='ocrx_word' id='word_1_775' title='bbox 1958 5191 2077 5244; x_wconf 90' lang='lat' dir='ltr'><strong>loco</strong></span> <span class='ocrx_word' id='word_1_776' title='bbox 2108 5191 2158 5244; x_wconf 90' lang='lat' dir='ltr'><strong>in</strong></span> <span class='ocrx_word' id='word_1_777' title='bbox 2195 5191 2394 5258; x_wconf 90' lang='lat' dir='ltr'><strong>templo</strong></span> <span class='ocrx_word' id='word_1_778' title='bbox 2422 5190 2558 5258; x_wconf 88' lang='lat' dir='ltr'><strong>(erat</strong></span> <span class='ocrx_word' id='word_1_779' title='bbox 2591 5198 2771 5242; x_wconf 59' lang='lat' dir='ltr'><strong>autem</strong></span> <span class='ocrx_word' id='word_1_780' title='bbox 2805 5190 2894 5243; x_wconf 87' lang='lat' dir='ltr'><strong>ille</strong></span> <span class='ocrx_word' id='word_1_781' title='bbox 2918 5190 3070 5260; x_wconf 62' lang='lat' dir='ltr'><strong>locus</strong></span> <span class='ocrx_word' id='word_1_782' title='bbox 3094 5191 3234 5243; x_wconf 89' lang='lat' dir='ltr'><strong>inter</strong></span> <span class='ocrx_word' id='word_1_783' title='bbox 3261 5192 3523 5259; x_wconf 78' lang='lat' dir='ltr'><strong>templum</strong></span> 
     </span>
    </p>
   </div>
   <div class='ocr_carea' id='block_1_111' title="bbox 1956 5282 2759 5352">
    <p class='ocr_par' dir='ltr' id='par_1_111' title="bbox 1956 5282 2759 5352">
     <span class='ocr_line' id='line_1_111' title="bbox 1956 5282 2759 5352; baseline -0.002 -15"><span class='ocrx_word' id='word_1_784' title='bbox 1956 5296 2010 5337; x_wconf 88' lang='lat' dir='ltr'><strong>ct</strong></span> <span class='ocrx_word' id='word_1_785' title='bbox 2033 5282 2249 5352; x_wconf 78' lang='lat' dir='ltr'><strong>altare),</strong></span> <span class='ocrx_word' id='word_1_786' title='bbox 2292 5283 2535 5335; x_wconf 89' lang='lat' dir='ltr'><strong>occisum</strong></span> <span class='ocrx_word' id='word_1_787' title='bbox 2569 5282 2759 5336; x_wconf 82' lang='lat' dir='ltr'><strong>fuisse.</strong></span> 
     </span>
    </p>
   </div>
   <div class='ocr_carea' id='block_1_112' title="bbox 2547 5407 2934 5462">
    <p class='ocr_par' dir='ltr' id='par_1_112' title="bbox 2547 5407 2934 5462">
     <span class='ocr_line' id='line_1_112' title="bbox 2547 5407 2934 5462; baseline -0.003 -1"><span class='ocrx_word' id='word_1_788' title='bbox 2547 5408 2778 5462; x_wconf 81' lang='lat' dir='ltr'><strong>CAPUT</strong></span> <span class='ocrx_word' id='word_1_789' title='bbox 2819 5407 2934 5461; x_wconf 73' lang='lat' dir='ltr'><strong>XII.</strong></span> 
     </span>
    </p>
   </div>
   <div class='ocr_carea' id='block_1_113' title="bbox 2031 5515 3526 5585">
    <p class='ocr_par' dir='ltr' id='par_1_113' title="bbox 2031 5515 3526 5585">
     <span class='ocr_line' id='line_1_113' title="bbox 2031 5515 3526 5585; baseline -0.002 -12"><span class='ocrx_word' id='word_1_790' title='bbox 2031 5520 2197 5573; x_wconf 71' lang='lat' dir='ltr'><strong>Vens.</strong></span> <span class='ocrx_word' id='word_1_791' title='bbox 2226 5517 2312 5571; x_wconf 81' lang='lat' dir='ltr'><strong>l3.</strong></span> <span class='ocrx_word' id='word_1_792' title='bbox 2332 5517 2444 5571; x_wconf 85' lang='lat' dir='ltr'><strong>Cur</strong></span> <span class='ocrx_word' id='word_1_793' title='bbox 2467 5517 2666 5571; x_wconf 80' lang='lat' dir='ltr'><strong>dicenti</strong></span> <span class='ocrx_word' id='word_1_794' title='bbox 2697 5517 2932 5581; x_wconf 86' lang='lat' dir='ltr'><strong>cuidam,</strong></span> <span class='ocrx_word' id='word_1_795' title='bbox 2956 5515 3234 5585; x_wconf 77' lang='lat' dir='ltr'><strong>Magister,</strong></span> <span class='ocrx_word' id='word_1_796' title='bbox 3258 5519 3344 5570; x_wconf 85' lang='lat' dir='ltr'><strong>dic</strong></span> <span class='ocrx_word' id='word_1_797' title='bbox 3369 5518 3526 5585; x_wconf 79' lang='lat' dir='ltr'><strong>fratri</strong></span> 
     </span>
    </p>
   </div>
   <div class='ocr_carea' id='block_1_114' title="bbox 1957 5609 3523 5675">
    <p class='ocr_par' dir='ltr' id='par_1_114' title="bbox 1957 5609 3523 5675">
     <span class='ocr_line' id='line_1_114' title="bbox 1957 5609 3523 5675; baseline -0.003 -10"><span class='ocrx_word' id='word_1_798' title='bbox 1957 5628 2070 5665; x_wconf 84' lang='lat' dir='ltr'><strong>meo</strong></span> <span class='ocrx_word' id='word_1_799' title='bbox 2089 5623 2144 5663; x_wconf 83' lang='lat' dir='ltr'><strong>ut</strong></span> <span class='ocrx_word' id='word_1_800' title='bbox 2166 5611 2367 5662; x_wconf 84' lang='lat' dir='ltr'><strong>dividat</strong></span> <span class='ocrx_word' id='word_1_801' title='bbox 2391 5625 2562 5663; x_wconf 80' lang='lat' dir='ltr'><strong>nteant</strong></span> <span class='ocrx_word' id='word_1_802' title='bbox 2588 5609 2969 5668; x_wconf 78' lang='lat' dir='ltr'><strong>Itwreditatcm.</strong></span> <span class='ocrx_word' id='word_1_803' title='bbox 2996 5609 3275 5675; x_wconf 87' lang='lat' dir='ltr'><strong>respondit</strong></span> <span class='ocrx_word' id='word_1_804' title='bbox 3297 5609 3486 5662; x_wconf 84' lang='lat' dir='ltr'><strong>dicens</strong></span> <span class='ocrx_word' id='word_1_805' title='bbox 3513 5629 3523 5661; x_wconf 89' lang='lat'>:</span> 
     </span>
    </p>
   </div>
   <div class='ocr_carea' id='block_1_115' title="bbox 1963 5701 3524 5770">
    <p class='ocr_par' dir='ltr' id='par_1_115' title="bbox 1963 5701 3524 5770">
     <span class='ocr_line' id='line_1_115' title="bbox 1963 5701 3524 5770; baseline -0.003 -14"><span class='ocrx_word' id='word_1_806' title='bbox 1963 5703 2163 5768; x_wconf 79' lang='lat' dir='ltr'><strong>Homo,</strong></span> <span class='ocrx_word' id='word_1_807' title='bbox 2189 5703 2308 5770; x_wconf 75' lang='lat' dir='ltr'><strong>quis</strong></span> <span class='ocrx_word' id='word_1_808' title='bbox 2350 5719 2430 5755; x_wconf 84' lang='lat' dir='ltr'><strong>me</strong></span> <span class='ocrx_word' id='word_1_809' title='bbox 2453 5701 2728 5754; x_wconf 79' lang='lat' dir='ltr'><strong>constituit</strong></span> <span class='ocrx_word' id='word_1_810' title='bbox 2746 5701 2979 5769; x_wconf 82' lang='lat' dir='ltr'><strong>judicent</strong></span> <span class='ocrx_word' id='word_1_811' title='bbox 3011 5713 3104 5755; x_wconf 85' lang='lat' dir='ltr'><strong>aut</strong></span> <span class='ocrx_word' id='word_1_812' title='bbox 3127 5702 3401 5754; x_wconf 76' lang='lat' dir='ltr'><strong>divisorem</strong></span> <span class='ocrx_word' id='word_1_813' title='bbox 3438 5717 3524 5752; x_wconf 80' lang='lat' dir='ltr'><strong>su-</strong></span> 
     </span>
    </p>
   </div>
   <div class='ocr_carea' id='block_1_116' title="bbox 1958 5789 3527 5864">
    <p class='ocr_par' dir='ltr' id='par_1_116' title="bbox 1958 5789 3527 5864">
     <span class='ocr_line' id='line_1_116' title="bbox 1958 5789 3527 5864; baseline -0.001 -16"><span class='ocrx_word' id='word_1_814' title='bbox 1958 5811 2050 5864; x_wconf 79' lang='lat' dir='ltr'><strong>per</strong></span> <span class='ocrx_word' id='word_1_815' title='bbox 2080 5792 2203 5849; x_wconf 78' lang='lat' dir='ltr'><strong>ros?</strong></span> <span class='ocrx_word' id='word_1_816' title='bbox 2259 5792 2316 5848; x_wconf 84' lang='lat' dir='ltr'><strong>id</strong></span> <span class='ocrx_word' id='word_1_817' title='bbox 2365 5801 2545 5847; x_wconf 86' lang='lat' dir='ltr'><strong>autem</strong></span> <span class='ocrx_word' id='word_1_818' title='bbox 2596 5791 2757 5860; x_wconf 73' lang='lat' dir='ltr'><strong>dixit,</strong></span> <span class='ocrx_word' id='word_1_819' title='bbox 2792 5801 2846 5847; x_wconf 90' lang='lat' dir='ltr'><strong>et</strong></span> <span class='ocrx_word' id='word_1_820' title='bbox 2875 5793 3002 5861; x_wconf 88' lang='lat' dir='ltr'><strong>quia</strong></span> <span class='ocrx_word' id='word_1_821' title='bbox 3036 5791 3392 5862; x_wconf 72' lang='lat' dir='ltr'><strong>anteponebat</strong></span> <span class='ocrx_word' id='word_1_822' title='bbox 3427 5789 3527 5846; x_wconf 75' lang='lat' dir='ltr'><strong>iste</strong></span> 
     </span>
    </p>
   </div>
  </div>
