4220 6432
264 379 404 443 1201

1386 377 1704 436 δαιωωλ
1747 376 2041 436 VE'I'EliA
2089 377 2162 432 1N
2209 377 2478 434 LUCAM.

3406 371 3542 434 tene

259 489 397 550 τῶν,
437 488 504 540 δι’
540 487 755 540 ἑαυτοῦ.
810 487 872 540 'll
904 485 1234 555 εὑαγγελικὴ
1283 486 1443 554 συκῆ,
1488 487 1520 553 ἡ
1553 485 1839 553 ἀνθρωπό-

1957 484 2254 538 aumanitas
2271 493 2355 538 est
2384 503 2398 540 ι
2431 484 2630 540 domus
2659 485 2936 548 dominus,
2958 484 3099 538 Deus
3130 483 3321 547 Pater;
3359 483 3537 538 cultor

259 599 366 651 της
400 580 548 631 ἐστίν
571 595 585 608 ⁸
621 580 649 631 6
675 578 1084 648 οἰκοδεσπότης,
1109 580 1136 631 6
1167 576 1300 639 Θεὸς
1348 576 1440 627 καὶ
1470 576 1659 645 Πατήρ
1686 591 1698 603 ·
1738 579 1765 627 ὀ
1795 576 1852 628 δὲ

262 671 652 742 ἀμπελουργὸς
679 711 694 734 ,
737 672 765 722 6
807 670 933 731 Υἱὸς
979 670 1072 722 τοῦ
1121 668 1256 721 Θεοῦ
1287 668 1316 719 ό
1345 667 1703 735 φιλοπονῆσαι
1759 669 1851 718 καὶ¹

263 762 576 832 ἐκκαθᾶραι
603 763 694 814 τὸν
719 759 1018 830 ἀμπελῶνα
1037 759 1224 813 ἐλθών.
1244 759 1301 812 Ὀ
1318 758 1374 811 δὲ
1397 758 1528 820 Θεὸς
1545 757 1637 809 καὶ
1664 757 1851 828 Πατὴρ

264 860 294 908 ὀ
330 855 424 908 καὶ
455 854 862 922 οἰκοδεσπότης,
893 855 1098 916 ἐκεῖνός
1125 855 1274 906 ἐστιν
1303 853 1330 904 ό
1357 850 1594 904 κελεύων
1626 851 1724 920 τὴν
1750 867 1846 902 συ-

266 949 375 1016 κῆν
409 946 482 1010 ὡς
526 947 774 1016 ἄκαρπον
825 944 1153 1013 ἐκκοπῆναι.
1196 944 1269 996 Τὸ
1297 942 1376 1007 δὲ,
1429 945 1605 1010 Ἄφες
1656 942 1854 1008 αὐτὴν

267 1039 371 1091 καὶ
403 1041 590 1104 τούτῳ
621 1037 699 1103 τῷ
719 1038 860 1101 ἔτει,
888 1036 1088 1104 λέγειν,
1119 1035 1207 1088 διὰ
1237 1035 1401 1102 νόμου
1431 1035 1524 1088 καὶ
1559 1034 1853 1104 προφητῶν

267 1131 373 1182 οὐκ
408 1129 829 1197 ὲὸελτιώθησαν,
858 1129 950 1180 καὶ
979 1131 1090 1190 τοῖς
1117 1128 1269 1197 ἐμοῖς
1297 1125 1623 1197 ἀρδευθῆναι
1648 1126 1854 1196 δόγμα-

272 1237 396 1272 σιν·
427 1220 502 1284 ὡς
533 1221 581 1272 εἰ
613 1221 711 1290 μὲν
758 1221 1028 1288 ποιήσωσι
1057 1218 1292 1287 καρπὸν,
1329 1213 1390 1270 εὖ
1417 1233 1430 1248 ·
1475 1219 1522 1269 εἰ
1546 1218 1602 1270 δὲ
1640 1218 1737 1286 μὴ,
1773 1219 1852 1279 εἰς

269 1315 335 1364 τὸ
371 1313 565 1381 μέλλον
596 1313 869 1381 ἐκκόψεις,
902 1314 979 1374 εἰς
1008 1312 1098 1363 τὸν
1130 1310 1319 1362 ἔπειτα
1347 1309 1517 1361 αἰῶνα
1544 1308 1638 1361 καὶ
1657 1309 1734 1369 εἰς
1755 1308 1854 1376 τὴν

270 1405 474 1472 κρίσιν.
501 1405 658 1457 Ἐστι
688 1403 742 1456 δὲ
765 1406 796 1472 ὴ
821 1405 918 1473 μὲν
951 1401 1140 1472 πρώτη
1178 1401 1452 1471 ἀθέτησις,
1491 1400 1522 1468 ἡ
1552 1400 1609 1452 ἐν
1638 1398 1714 1468 τῷ
1751 1415 1854 1450 πα-

273 1494 542 1562 ραδείσῳ·
579 1496 610 1563 ἡ
646 1495 898 1563 δευτέρα,
929 1496 961 1561 ή
993 1495 1048 1544 ἐν
1091 1493 1166 1562 τῷ
1216 1494 1398 1561 νόμιμ’
1435 1493 1468 1561 ή
1505 1491 1686 1562 τρίτη,
1729 1492 1761 1560 ή
1797 1491 1854 1542 ἐν

271 1586 340 1650 τῇ
381 1582 584 1651 χάριτι.

356 1673 420 1724 'll
445 1672 834 1740 συγκύπτουσα
857 1674 1052 1742 χαμαὶ,
1081 1671 1248 1724 ἔπαθε
1275 1671 1434 1725 τοῦτο
1460 1675 1522 1724 ἐκ
1557 1671 1854 1739 σατανικῆς

272 1765 618 1835 ἀγριότητος,
650 1767 725 1827 ώς
767 1765 1173 1834 παρεωραμένη
1232 1767 1383 1834 παρὰ
1423 1765 1559 1817 Θεοῦ
1586 1765 1650 1817 δι’
1675 1767 1854 1816 οἰκεῖα

268 1857 512 1926 δηλονότι
549 1860 889 1925 πταίσματα.

345 1945 439 2010 Τὸ,
479 1948 731 2009 Ἐξελοε
761 1947 858 1999 καὶ
905 1947 1165 2014 πορεύου
1205 1945 1508 2009 ἐντεῦθεν,
1544 1946 1653 1998 τῶν
1690 1949 1851 2016 Φαρι-

1347 2039 1465 2091 ούδὲ
1515 2039 1622 2108 γὰρ
1663 2039 1851 2110 ἤθελον

267 2131 601 2200 ὠφελεῖσθαί
653 2150 846 2196 τινας,
893 2132 1017 2184 οὐδὲ
1070 2132 1398 2202 θεοσημείας
1451 2133 1696 2202 γίνεσθαι
1743 2133 1852 2185 ἀπὸ

270 2223 487 2289 φθόνου.
535 2224 623 2275 Ἐν
646 2223 701 2275 δὲ
728 2223 805 2292 τῷ
834 2223 1012 2290 λέγειν
1046 2224 1265 2289 αὐτοὺς,
1304 2223 1565 2291 Ἡρώδης
1590 2239 1663 2276 σε
1694 2223 1850 2276 θέλει

266 2312 637 2376 ἀποκτεῖναι,
688 2315 1152 2383 προφασιζόμενοι
1204 2313 1392 2382 ελεγον
1425 2316 1520 2368 καὶ
1559 2313 1851 2381 ἐκφοϐοῦν-

266 2422 379 2466 τες.
435 2407 527 2458 Διὸ
572 2407 667 2459 καὶ
709 2408 784 2471 ὡς
834 2409 1119 2475 γινώσκων
1162 2408 1242 2460 ὅτι
1293 2409 1601 2476 ψεύδονται,
1666 2407 1846 2474 λέγει·

262 2496 487 2549 εῖπατε
516 2496 590 2562 τῇ
619 2498 880 2550 ἀλώπεκι
906 2499 1118 2564 ταύτῃ·
1144 2499 1239 2551 καὶ
1271 2498 1416 2560 τινὲς
1446 2499 1544 2566 μὲν
1569 2498 1848 2566 ἐνόμισαν,

266 2585 530 2638 ἀλώπεκα
564 2587 655 2638 τὸν
711 2586 955 2656 Ἡρώδην
1008 2587 1187 2653 λέγειν
1209 2604 1223 2620 ·
1277 2586 1374 2655 ούχ
1405 2585 1576 2647 οὕτως
1611 2585 1666 2636 δὲ
1700 2585 1809 2654 ἕχει
1833 2601 1844 2613 ’

267 2680 405 2732 ἀλλά
421 2677 680 2732 ἀλώπεκα
702 2679 848 2747 λέγει
877 2681 974 2750 τὴν
1002 2680 1226 2732 ἐκείνων
1247 2677 1530 2747 δολιότητα
1553 2678 1644 2728 καὶ
1665 2677 1849 2729 σκαιὸ-

263 2788 423 2841 τητα,
475 2773 820 2840 εὐφυέστατα
885 2774 1023 2841 μέσῃ
1078 2771 1359 2841 χρώμενος
1435 2773 1618 2839 φωνῇ·
1652 2770 1710 2820 οὐ
1742 2771 1849 2838 γὰρ

265 2859 440 2927 εἶπεν,
512 2864 727 2935 Ἐκεενη
772 2866 838 2933 τῇ
889 2861 1154 2925 ἀλώπεκι,
1213 2862 1369 2925 ἀλλὰ,
1429 2862 1642 2926 Ταύτῃ.
1693 2859 1847 2912 Ἐπι-

268 2957 375 3025 πλή
388 2973 519 3009 ττων
547 2956 602 3008 δὲ
634 2956 853 3019 αὐτοὺς,
882 2955 1063 3022 λέγει’
1097 2953 1245 3009 Ἰδοὺ
1267 2953 1544 3021 δαιμόνια
1574 2951 1848 3004 ἐκϐάλλω

266 3047 366 3099 καὶ
399 3047 590 3112 ἰάσεις
651 3047 939 3101 ἐπιτελῶ·
985 3047 1072 3099 διὰ
1098 3045 1192 3099 τοῦ
1237 3047 1431 3107 εἰπεῖν,
1485 3043 1844 3111 Τελειοήιω,

265 3139 358 3190 τὸν
389 3139 620 3192 θάνατον
666 3139 830 3192 αὐτοῦ
864 3139 1077 3209 μηνύει,
1121 3139 1213 3192 καὶ
1244 3139 1325 3190 ὅτι
1369 3136 1530 3196 ἑκὼν,
1581 3137 1673 3187 καὶ
1720 3135 1842 3186 οὔτε

278 3227 541 3295 Ἡρώδης,
573 3227 696 3279 οὔτε
723 3228 897 3292 αὐτοὶ,
930 3228 1035 3296 πρὸ
1065 3226 1257 3295 καιρ-ςῦ
1285 3243 1337 3278 τι
1363 3227 1665 3295 ποιήσαιεν.

338 3319 440 3381 Τὸ,
473 3322 593 3372 Οὐκ
639 3319 947 3386 ἐνδέχεται
999 3318 1352 3387 προφήτην,
1387 3318 1501 3380 ἔξω
1539 3317 1843 3383 Ἰερουσα-

265 3409 390 3476 λὴμ
408 3410 754 3476 ἀποθανεῖν,
779 3413 959 3482 λέγειν
992 3412 1172 3475 αὑτὸν,
1196 3411 1268 3474 ὡς
1289 3411 1617 3480 κατηγορίαν
1638 3409 1845 3476 εἰσάγει

265 3501 358 3553 τὸν
388 3501 566 3569 λόγον.

273 2037 441 2089 σαέων
478 2039 762 2105 λεγόντων,
803 2041 867 2090 ἐκ
917 2039 1112 2107 φθόνου
1154 2040 1304 2090 ἐστί·

837 3635 1090 3688 ΚΕΦΛΛ.
1136 3633 1232 3687 LV.

347 3779 406 3833 Ὀ
431 3781 619 3844 εἰπὼν,
651 3781 948 3850 Μακάριος
999 3781 1168 3844 ὅστις
1196 3779 1441 3848 φάγεται
1487 3779 1736 3847 ἦριστον
1776 3781 1844 3831 ἑν

268 3869 339 3937 τῇ
365 3871 655 3935 ,βασιλείᾳ
687 3868 806 3923 τῶν
838 3870 1134 3938 οὐρανῶν,
1169 3871 1228 3922 οὐ
1257 3870 1460 3930 τέλειος
1497 3864 1591 3937 ἦν’
1624 3869 1841 3938 ἐνόμιζε

267 3966 372 4032 γὰρ
406 3964 722 4032 σωματικὴν
751 3962 955 4034 βρῶσιν
982 3960 1119 4016 εἶναι
1145 3966 1201 4016 ὲν
1231 3963 1308 4032 τῷ
1336 3963 1570 4035 οὐρανῷ.

335 4054 427 4114 Τὸ,
458 4055 793 4122 Ἄνθρωπός
815 4071 904 4118 τις
937 4054 1187 4120 ἐποίησε
1213 4052 1482 4119 δεῖπνον,
1536 4055 1839 4126 ἄνθρωπον,

266 4143 357 4193 τὸν
388 4144 520 4195 Θεὸν
551 4145 644 4196 καὶ
675 4145 897 4213 Πατέρα
931 4144 1106 4209 λέγει’
1140 4143 1198 4194 αἰ
1224 4144 1333 4213 γὰρ
1364 4144 1572 4208 εἰκόνες
1601 4146 1710 4222 των
1737 4164 1840 4198 πα-

270 4235 535 4303 ραϐολῶν,
577 4236 904 4288 πλάττουσιν
959 4235 1215 4303 ἀλήθειαν
1241 4250 1253 4262 ο
1287 4235 1386 4287 οὐκ
1417 4237 1579 4289 αὐτιώ⁴
1609 4236 1667 4289 δὲ
1708 4237 1842 4289 πάν-

265 4344 371 4388 τως
402 4327 538 4378 εξσὶν
560 4327 830 4396 ἀλήθειαι.
869 4326 1143 4389 Δεῖπνον,
1197 4328 1349 4397 φησὶ,
1381 4330 1704 4398 πεποίηκεν,
1740 4332 1839 4382 οὐκ

265 4419 520 4486 ἄριστονο
569 4421 661 4471 ἐπὶ
704 4419 811 4487 γὰρ
853 4419 1132 4488 συντελείᾳ
1165 4419 1226 4471 τὸ
1255 4421 1491 4488 Χριστοῦ
1541 4423 1707 4485 πάθος
1740 4424 1838 4491 τὴν

268 4509 656 4576 οἰκουμενικὴν
711 4508 1038 4576 πανήγυριν.
1102 4509 1391 4561 Ἐκάνίεσε
1439 4511 1495 4562 δὲ
1542 4511 1832 4574 πολλοὺς,

263 4600 331 4651 τὰ
375 4599 549 4668 πλήθη
575 4600 682 4652 τῶν
738 4599 1030 4653 Ἰουδαίων.
1068 4600 1163 4664 Τίς
1205 4601 1261 4654 δὲ
1287 4603 1312 4652 6
1344 4602 1749 4669 ἀπεσταλμένος
1779 4602 1836 4654 ὃν

265 4692 356 4744 καὶ
403 4690 589 4744 δοξλόν
631 4709 826 4762 φησιν;
869 4692 1044 4753 Αὐτὸς
1078 4694 1105 4745 6
1136 4693 1368 4760 Χριστὸς
1400 4693 1487 4745 διὰ
1530 4694 1625 4761 τήν
1661 4695 1839 4762 σάρκα

267 4782 482 4852 μορφὴν
515 4782 704 4834 δούλου
746 4783 996 4836 ἀνέλαϐε.
1031 4783 1095 4835 Τί
1118 4784 1173 4836 δὲ
1207 4785 1471 4852 ἡτοίμασε
1495 4789 1609 4847 τοῖς
1644 4786 1839 4855 κεκλη-

267 4875 481 4941 μένοις;
531 4872 844 4943 Ἀμαρτιῶν
889 4874 1106 4942 ᾶεεσιν,
1139 4875 1413 4938 υἱοθεσίας
1453 4876 1835 4947 λαμπρότητα.

263 4965 335 5016 Τὸ
374 4966 451 5029 δὲ,
501 4965 787 5032 Ἤρξαντο
837 4965 954 5018 ἀπὸ
1001 4964 1146 5032 μιᾶς
1194 4967 1628 5032 παραιτεῖσθαι,
1685 4968 1840 5021 τοῦτό

263 5056 400 5117 ἐστι,
438 5055 497 5107 τὸ
524 5055 582 5119 ἐξ
628 5057 744 5118 ἐνὸς
780 5057 1120 5126 συνθήματος
1167 5060 1373 5128 μηδένα
1410 5060 1568 5128 λόγον
1605 5078 1835 5131 ποιησα-

265 5146 456 5213 μένους
481 5147 578 5214 τῆ;
610 5149 872 5216 κλήσεως,
909 5149 1290 5221 γεωδεστέροις
1314 5152 1586 5215 ἀσυνέτως
1617 5172 1837 5223 προσνε-

263 5237 512 5300 νευκότες
531 5255 543 5267 ·
577 5240 870 5307 κέκληνται
895 5240 952 5292 δὲ
985 5242 1099 5293 ἀντ’
1139 5243 1362 5295 ἐκείνων
1387 5245 1433 5295 οἰ
1460 5246 1542 5306 εἰς
1568 5247 1664 5307 τὰς
1703 5248 1837 5300 πλα-

262 5333 409 5390 τείας
433 5330 526 5381 καὶ
559 5333 654 5393 τὰς
694 5331 893 5400 ῥύμας,
927 5333 979 5385 οἱ
1010 5334 1074 5385 ἐκ
1112 5334 1211 5403 τῆς
1255 5335 1552 5406 Ἰουδαϊκῆς
1598 5338 1837 5408 πληθύος

260 5421 460 5490 ἀσθενῆ
486 5437 542 5473 τε
573 5422 665 5473 καί
693 5423 890 5491 ἀγεννῆ
925 5424 1022 5494 τὴν
1052 5426 1290 5480 διάνοιαν
1317 5428 1420 5490 ἕως
1446 5429 1590 5492 τινὸς
1615 5429 1836 5500 ἔχοντες

262 5515 352 5566 καὶ
387 5513 604 5584 ἀφεγγῆ
634 5517 727 5567 καὶ
754 5515 1100 5584 χωλεύονσαν
1121 5533 1135 5550 ο
1159 5519 1333 5586 ὑγιεῖς
1366 5520 1422 5573 δὲ
1447 5523 1538 5575 καὶ
1567 5523 1835 5594 εὔρωστοι

260 5604 346 5656 διὰ
385 5607 480 5673 τῆς
524 5608 603 5668 εἰς
652 5608 888 5675 Χριστὸν
941 5610 1196 5673 πίστεως.
1232 5613 1304 5664 Τὸ
1346 5613 1420 5678 δὲ,
1478 5618 1599 5671 Ἔτι
1651 5621 1835 5688 τόπος

261 5696 409 5759 ἐστ),
444 5697 590 5766 λέγει
643 5701 732 5752 τὸν
763 5702 1208 5776 δειπνοκλήτορα,
1245 5707 1331 5759 διὰ
1356 5711 1477 5772 τοὺς
1512 5713 1826 5781 ἀγροικοτέ-

267 5807 387 5853 pou;
421 5790 566 5860 λέγει
595 5796 770 5864 πάντη
805 5798 898 5851 καὶ
931 5805 1350 5872 κτηνοπρετιεῖε.

1957 583 2162 640 autem,
2201 576 2373 630 Filius
2422 575 2514 630 Dei
2570 577 2636 632 ad
2690 576 3047 632 laborandam
3083 584 3137 630 et
3175 575 3543 630 mundandain

1959 672 2169 723 vineam
2201 670 2446 732 veniens,
2482 668 2624 724 Deus
2651 680 2832 724 autem
2872 668 3113 723 Pateret
3145 667 3342 721 domus
3365 667 3543 719 domi-

1958 776 2083 822 nus,
2125 762 2216 815 ille
2253 770 2335 814 est
2369 762 2460 831 qui
2506 762 2662 830 jubet
2697 763 2858 818 ticum
2915 771 2973 816 ut
3023 761 3276 814 sterilem.
3293 760 3530 814 succidi.

1957 850 2174 904 Dimitte
2214 851 2368 905 illam
2417 860 2468 905 et
2510 851 2606 904 hoc
2650 867 2810 915 anno,
2866 851 3090 914 dicitur,
3137 865 3234 919 per
3280 850 3447 917 legem
3489 859 3544 903 et

1955 941 2248 1011 praphetas
2293 958 2400 996 non
2453 942 2709 997 meliores
2739 942 2916 996 ell‘ecti
2956 952 3108 1006 sunt,
3145 950 3200 995 et
3239 941 3375 994 meis
3423 940 3541 993 sine

1956 1031 2123 1100 rigari
2149 1032 2435 1096 doctrinis,
2470 1032 2742 1102 siquidem
2769 1031 2971 1085 bonum
2998 1032 3230 1085 fecerint
3259 1031 3497 1084 fructum
3521 1046 3538 1094 ;

1959 1124 2046 1176 sin
2072 1133 2277 1187 autem,
2315 1125 2367 1178 in
2403 1125 2649 1179 futurum
2681 1123 2954 1183 succides.
2983 1124 3036 1176 in
3060 1135 3374 1190 sequentem
3409 1135 3542 1174 asta—

1958 1224 2061 1270 tem
2108 1228 2163 1270 et
2200 1218 2252 1270 in
2296 1217 2587 1283 judicium.
2621 1216 2802 1270 Prima
2853 1225 3034 1270 autem
3075 1226 3157 1269 est
3205 1216 3536 1284 reprobatio,

1959 1310 2185 1377 qure'in
2248 1309 2544 1374 Paradiso;
2598 1309 2860 1372 secunda,
2907 1324 3030 1377 qua:
3082 1309 3133 1361 in
3193 1309 3335 1375 lege;
3383 1308 3536 1360 tertia

1958 1416 2104 1465 vero,
2139 1418 2259 1470 qua:
2287 1402 2339 1456 iu
2369 1402 2566 1471 gratia.

2032 1673 2194 1728 V’eas.
2245 1675 2332 1729 ll.
2375 1673 2510 1740 Quae
2570 1675 2635 1728 ad
2685 1686 2883 1730 terram
2921 1677 3182 1729 inclinata
3234 1686 3370 1739 erat,
3435 1678 3538 1731 hoc

1958 1767 2266 1836 patiebatur
2299 1783 2363 1821 ex
2410 1766 2626 1821 Satanae
2660 1769 3008 1832 crudelitate,
3047 1779 3307 1837 tauquam
3359 1783 3388 1820 a
3428 1768 3536 1821 Deo

1887 1864 1925 1918 Β
1955 1859 2215 1911 derelicta
2254 1869 2476 1926 prOpter
2516 1875 2644 1914 suas
2675 1860 2861 1930 culpas
2884 1860 3185 1915 evidenter.

2029 1948 2197 2004 Vsus.
2233 1950 2321 2003 51.
2360 1949 2459 2001 Exi
2487 1961 2533 2003 et
2562 1953 2688 2004 vade
2722 1953 2862 2012 hinc,
2897 1968 3021 2021 quae
3051 1953 3309 2007 dicuntur
3344 1969 3371 2006 a
3398 1954 3538 2006 Plia-

1959 2042 2155 2104 rismis.
2204 2057 2268 2095 ex
2340 2042 2542 2096 invidia
2591 2044 2892 2112 prodeunt;
2938 2059 3046 2096 non
3087 2046 3231 2099 enim
3280 2045 3535 2099 volebant

1955 2132 2200 2187 eminere
2250 2134 2563 2203 quospiam,
2599 2150 2701 2189 nec
2733 2134 2915 2189 divina
2953 2135 3106 2206 signa
3160 2137 3366 2198 facere,
3405 2153 3534 2205 pto-

1956 2233 2075 2293 pter
2099 2224 2379 2278 invidiam.
2416 2223 2553 2278 Cum
2592 2236 2773 2280 autem
2814 2226 3004 2280 dicunt
3035 2245 3046 2280 :
3079 2229 3314 2280 Herodes
3349 2229 3456 2281 vult
3489 2241 3535 2283 te

1955 2317 2227 2378 occidere;
2262 2333 2356 2386 per
2401 2328 2724 2386 pra-textum
2765 2319 2956 2374 dicunt
2984 2329 3039 2374 et
3090 2322 3367 2374 timorem.
3410 2323 3535 2375 Ideo

1955 2423 2296 2475 Cognoseens
2327 2408 2415 2462 ille
2440 2411 2537 2463 hos
2572 2410 2811 2473 mentiri,
2842 2411 2973 2464 dicit
3005 2429 3017 2464 :
3058 2412 3225 2466 Dicite
3249 2413 3390 2481 vulpi
3424 2415 3532 2466 isti.

1955 2499 2187 2566 Quidam
2221 2512 2550 2570 putaverunt
2581 2517 2674 2569 per
2701 2504 2916 2571 vulpem
2937 2504 3202 2556 Herodem
3226 2504 3532 2575 designari:

1957 2608 2063 2644 non
2098 2603 2279 2645 autem
2321 2594 2399 2647 sic
2433 2609 2490 2647 se
2538 2595 2734 2660 habet;
2767 2595 2859 2649 sed
2897 2596 3108 2664 vulpem
3157 2597 3290 2651 dicit
3342 2615 3532 2652 eorum

1954 2686 2212 2738 astutiam
2253 2696 2304 2739 et
2335 2687 2619 2754 ineptiam,
2649 2688 2955 2742 lectissime
2996 2691 3248 2758 proximo
3285 2707 3416 2746 usus
3439 2709 3533 2746 vo-

1954 2773 2172 2834 cabulo.
2218 2791 2323 2827 non
2358 2776 2501 2828 enim
2544 2776 2678 2830 dicit
2727 2778 2874 2848 vulpi
2913 2779 3012 2841 illi,
3044 2781 3137 2836 sed
3179 2783 3289 2833 isti.
3334 2782 3535 2851 Ohjur-

1954 2879 2088 2932 gaus
2114 2879 2243 2918 vero
2271 2865 2416 2930 illos,
2448 2866 2598 2921 addit
2623 2882 2636 2918 :
2675 2866 2806 2921 Ecce
2829 2869 2982 2934 ejicio
3003 2871 3266 2926 dtemonia
3301 2883 3349 2925 et
3382 2875 3532 2926 saui-

1954 2967 2087 3010 tates
2109 2958 2347 3027 perﬁcio;
2370 2959 2621 3022 dicendo,
2649 2961 3017 3026 Cousummor,
3037 2974 3261 3018 mortem
3282 2981 3436 3020 suam
3457 2967 3528 3020 itt-

1954 3051 2091 3114 nuit,
2125 3060 2177 3104 et
2212 3052 2356 3120 quod
2391 3053 2561 3107 libens
2597 3055 2851 3118 moritur,
2880 3066 2933 3109 et
2966 3057 3114 3125 quod
3153 3073 3327 3126 neque
3360 3056 3531 3112 llero-

1953 3142 2048 3194 dcs
2077 3158 2252 3213 neque
2272 3145 2372 3213 ipsi
2403 3155 2526 3199 ante
2551 3156 2765 3215 tempus
2791 3149 3066 3216 quoddam
3093 3150 3269 3205 facere
3295 3150 3528 3220 possint.

2027 3232 2188 3289 Vens.
2225 3236 2314 3288 55.
2357 3235 2478 3290 Non
2517 3240 2658 3307 capit
2689 3239 2998 3308 prophetam
3041 3244 3210 3309 perire
3246 3254 3398 3296 extra
3431 3243 3527 3296 Je-

1954 3325 2206 3388 rus/Item,
2260 3328 2323 3381 de
2364 3344 2423 3383 se
2469 3330 2620 3397 dicit,
2658 3344 2917 3402 tanquam
2964 3337 3368 3390 accusationem
3404 3352 3529 3391 vcr-

1952 3413 2079 3465 hum
2115 3414 2256 3468 istud
2285 3416 2575 3486 adjicicns.

2533 3548 2761 3603 CAPUT
2804 3550 2943 3605 XIV.

2023 3691 2184 3744 Vens.
2231 3694 2308 3746 l5.
2345 3693 2448 3760 Qui
2475 3694 2610 3750 dicit
2651 3716 2663 3751 :
2701 3696 2895 3752 Beatus
2927 3700 3018 3769 qui
3056 3702 3397 3754 manducabit
3435 3721 3531 3771 pu-

1950 3802 2064 3837 uem
2097 3787 2149 3837 in
2184 3803 2335 3855 regno
2373 3791 2647 3854 cartorum,
2686 3807 2793 3844 non
2833 3802 2977 3847 recte
3002 3793 3265 3863 loquitur;
3304 3799 3531 3866 putabat

1946 3878 2089 3929 enim
2125 3880 2460 3946 corporalem
2489 3897 2669 3935 escam
2716 3899 2837 3938 esse
2876 3886 2926 3939 in
2953 3887 3108 3940 cmlo.

2021 3967 2182 4021 Vnus.
2213 3971 2264 4023 6.
2291 3970 2461 4024 Homo
2489 3975 2704 4041 quidam
2731 3976 2850 4042 fecit
2875 3994 3098 4033 caenam.
3124 3978 3222 4035 Per
3250 3980 3525 4036 hominem

1947 4056 2089 4113 Deus
2151 4061 2307 4115 Pater
2349 4064 2696 4132 designatur;
2734 4069 2919 4135 ﬁgura:
2955 4069 3101 4123 enim
3139 4072 3523 4138 parabolarum

1947 4164 2137 4202 verum
2187 4153 2428 4221 lingunt;
2464 4155 2552 4209 illa
2585 4167 2764 4211 autem
2809 4175 2916 4213 non
2948 4162 3174 4216 omnino
3208 4173 3336 4216 sunt
3373 4181 3520 4219 vera.

1947 4237 2160 4291 Caenum
2203 4241 2354 4295 dicit.
2410 4260 2515 4296 non
2572 4247 2880 4312 prandium,
2916 4249 2967 4302 id
3009 4258 3115 4313 est,
3171 4251 3223 4305 iu
3263 4267 3524 4307 consum-

1947 4333 2184 4385 matione
2229 4349 2322 4402 per
2347 4335 2550 4389 Cluisti
2597 4339 2909 4406 passionem
2957 4342 3108 4397 orbis
3139 4346 3523 4415 congregatio-

1945 4435 2092 4474 nem.
2132 4423 2340 4478 Vocavit
2374 4428 2588 4488 multos,
2620 4431 3022 4487 multitudinem
3057 4450 3253 4504 nempe
3301 4435 3521 4491 Judmo-

1947 4528 2090 4568 rum.
2127 4515 2262 4580 Quis
2313 4533 2440 4570 vero
2484 4521 2687 4575 missus
2747 4523 2833 4574 ille
2875 4541 3036 4593 quem
3082 4542 3301 4580 servum
3351 4529 3525 4583 dicit?

1945 4604 2198 4662 Christus
2235 4609 2349 4678 ipse
2392 4612 2483 4679 qui
2530 4629 2622 4678 per
2666 4629 2884 4667 carnem
2922 4616 3151 4671 formam
3192 4620 3333 4674 servi
3369 4636 3523 4676 acce-

1945 4698 2038 4765 pit.
2079 4698 2218 4764 Quid
2263 4705 2472 4770 paratit
2515 4705 2801 4760 inritatis?
2833 4720 3181 4777 peccatorum
3237 4715 3523 4768 remissio-

1945 4809 2090 4857 nem,
2115 4796 2428 4864 adoptionis
2457 4801 2896 4868 praerugalivatn.
2925 4803 3201 4871 Coeperunt
3234 4808 3392 4859 simul
3427 4824 3521 4861 ea:-

1943 4900 2161 4949 cusare;
2187 4887 2235 4940 id
2265 4900 2348 4942 est
2377 4906 2481 4944 una
2505 4894 2891 4948 convenientes
2925 4906 2982 4948 ut
3009 4898 3211 4950 nullius
3247 4899 3519 4953 invitatio-

1944 4991 2064 5028 nem
2100 4978 2358 5042 lacerent,
2393 4984 2831 5039 terrestriorihus
2865 4987 3242 5056 imprudenter
3274 5007 3332 5046 se
3358 4993 3519 5046 dede-

1947 5079 2088 5124 runt.
2123 5068 2336 5125 Invitati
2384 5085 2512 5128 sunt
2551 5089 2730 5130 autem
2787 5094 2885 5147 pro
2943 5081 3049 5134 illis
3099 5082 3192 5150 qui
3230 5085 3282 5136 in
3321 5085 3515 5152 plateis

1941 5171 1992 5214 et
2021 5163 2154 5216 vicis
2191 5173 2366 5225 erant,
2414 5166 2506 5234 qui
2536 5182 2565 5219 e
2594 5167 2819 5223 Judaica
2867 5171 3215 5225 multitudine
3261 5174 3515 5237 debilem,

1941 5263 1993 5307 ct
2029 5255 2342 5322 ignobilem,
2377 5265 2430 5310 et
2479 5259 2794 5324 obscuram,
2828 5272 2881 5315 et
2925 5262 3175 5316 claudam
3210 5267 3516 5332 usquedum

1943 5346 2350 5416 intelligentiam
2398 5351 2724 5406 habuerant.
2776 5354 2904 5407 Sani
2948 5368 3127 5408 autem
3184 5367 3238 5409 et
3273 5363 3518 5412 Valentes

1943 5452 2038 5504 per
2067 5440 2223 5494 ﬁdem
2257 5441 2309 5493 in
2348 5441 2627 5496 Christum
2656 5443 2782 5498 lacti
2816 5456 2960 5500 sunt.
2999 5447 3128 5512 Sed,
3153 5450 3325 5501 adhuc
3364 5450 3512 5502 locus

1939 5539 2035 5595 est,
2081 5531 2211 5585 dicit
2241 5549 2434 5588 servus
2460 5536 2522 5587 ad
2584 5535 2925 5591 invitandum
2972 5539 3195 5605 missus,
3245 5541 3313 5594 oh
3353 5542 3516 5597 rusti-

1940 5624 2114 5680 eiores
2143 5634 2191 5679 et
2218 5625 2478 5694 jumcntis
2503 5639 2656 5700 aptos
2691 5631 2759 5684 ita
2803 5632 3033 5687 locutus.
