4220 6432
287 362 423 426 1205

1385 364 1703 423 SCHOLIA
1743 366 2038 424 VETERA
2077 365 2148 421 IN
2189 366 2463 427 LUCAM.

3388 367 3525 430 1206

283 474 452 539 τωλῷ
471 475 883 543 μετανοοῦντι.
910 478 982 528 Τὸ
1026 477 1082 530 δὲ
1128 480 1208 530 ὅτι
1261 479 1526 545 ὲγόγγυσε
1557 479 1584 529 6
1618 478 1857 545 πρεσὸύ-
1890 486 1930 538 Λ

1856 486 1930 538 ηΛ
1960 485 2141 529 autent
2194 478 2273 530 sic
2326 478 2579 544 parabola
2619 479 2880 547 loquitur,
2925 495 3033 533 non
3083 491 3296 549 oportet
3341 488 3522 536 omnia

281 584 459 634 τερος,
505 568 564 618 οὺ
599 567 791 634 φθόνον
822 569 1032 636 εἰσάγει
1067 568 1146 639 τῷ
1181 569 1320 637 ἁγίῳ
1360 569 1416 621 ὲν
1456 569 1534 638 τῷ
1584 569 1856 634 σώζεσθαι

280 658 409 718 τοὺς
448 657 825 726 ἁμαρτωλοὺς,
868 657 1003 712 ἀλλὰ
1034 659 1129 729 τὴν
1166 659 1609 728 ὑπερϐάλλουσαν
1662 659 1855 726 φιλαν-

284 750 533 819 θρωπίαν
562 751 801 818 ὲμφᾶναι
833 750 1156 822 βουλόμενος
1185 751 1346 803 τοῦτο
1376 752 1545 818 λέγει.
1580 751 1705 804 Ὀτι
1731 751 1785 803 δὲ
1822 753 1856 820 ή

282 841 568 910 παραῦολὴ
607 840 779 904 οὕτως
812 841 981 908 λέγει,
1020 843 1080 895 οὐ
1118 842 1222 913 χρὴ
1253 843 1428 895 πάντα
1455 842 1522 894 τὰ
1552 841 1650 911 τῆς
1673 859 1856 910 παρα-

294 929 457 997 ϐολῆς
503 933 750 1001 ὲρευνᾷν,
786 932 934 1001 ὅμως
970 931 1064 986 οὖν
1111 933 1185 995 ὼς
1229 930 1691 1000 προασφαλίζεται
1732 930 1859 992 τοὺς

284 1020 526 1088 ἀγαθοὺς
577 1023 802 1076 τοιαῦτα
845 1023 1041 1092 λέγων,
1089 1024 1165 1094 μὴ
1221 1023 1476 1086 δέξασθαι
1523 1021 1717 1090 φθόνον
1769 1019 1858 1070 ἐπὶ

285 1114 530 1183 σωτηρίᾳ
582 1114 946 1182 ἁμαρτωλῶν.
1009 1115 1190 1168 ’Λλλοι
1248 1115 1303 1167 δὲ
1337 1115 1553 1180 λέγουσι
1607 1111 1699 1164 τὸν
1763 1111 1860 1178 μὲν

285 1206 676 1276 πρεσϐύτερον,
720 1207 1014 1274 ἀγγέλουςο

1965 583 2086 634 qua:
2112 568 2353 620 continet
2379 569 2699 637 exquirere;
2729 570 2893 622 simul
2916 571 3078 638 igitur
3109 586 3173 624 ac
3204 571 3372 624 bonos
3401 573 3528 624 talia

1965 658 2194 710 dicendo
2224 659 2528 726 praemunit.
2561 675 2666 712 non
2714 659 2970 714 invidiam
3024 661 3265 729 accipere
3309 663 3372 714 de
3404 677 3527 728 pec-

1967 757 2212 801 catmum
2243 748 2438 801 salute.
2474 747 2576 801 Alii
2610 765 2736 804 vero
2762 751 3033 805 seniorem
3084 753 3272 805 dicunt
3307 752 3531 819 angelos

1965 851 2114 902 esse;
2145 836 2631 891 adolescentiorem
2661 851 2839 893 autem
2873 840 3143 893 homines.
3178 839 3281 893 Alii
3309 841 3531 909 quidem

1968 943 2060 997 per
2083 933 2373 991 seniorem,
2406 927 2569 982 Israel
2599 931 2871 984 carnalem
2901 931 3104 985 factum
3131 931 3401 999 designari
3431 948 3445 995 ;
3480 941 3534 984 et

1968 1036 2060 1089 per
2099 1020 2607 1084 adolescentiorcm,
2640 1030 2846 1090 gentes.
2889 1021 3122 1078 Sanctus
3152 1039 3280 1077 vero
3307 1023 3538 1092 Cyrinus

1969 1111 2019 1163 id
2049 1127 2154 1163 non
2191 1113 2402 1179 recipit.

1074 1210 1163 1262 τὴν
1211 1208 1266 1259 δὲ
1317 1207 1602 1274 νεώτερον,
1671 1200 2024 1270 ἀνθρώπουςο
2096 1202 2273 1270 ἕτεροι
2308 1203 2400 1256 τὸν
2457 1203 2558 1272 μὲν
2620 1205 3127 1274 πρεσϐύτερον,τδν
3164 1207 3303 1261 κατὰ
3360 1207 3538 1278 σάρκα

299 1299 513 1370 Ἰσραὴλ
541 1300 858 1370 δηλοῦσθαι·
891 1304 975 1356 διὰ
999 1304 1054 1355 δὲ
1080 1303 1172 1355 τοῦ
1198 1302 1486 1370 νεωτέρου,
1511 1300 1580 1352 τὰ
1622 1299 1747 1367 ἔθνη
1769 1313 1782 1325 '
1816 1297 1843 1348 6
1883 1296 1936 1349 δὲ
1967 1296 2121 1365 ἅγιος
2151 1297 2418 1368 Κύριλλος
2445 1298 2618 1353 ταῦτα
2646 1301 2705 1353 οὐ
2743 1301 2977 1369 δέχεται.

889 1427 1138 1480 issam.
1167 1429 1284 1494 ιςῖσ.

359 1554 702 1620 Ἄνθρωπός
746 1571 834 1620 τις
867 1551 946 1622 ἦν
982 1557 1300 1620 πλούσιος,
1333 1554 1400 1619 ὃς
1429 1552 1593 1622 εἶχεν
1634 1555 1862 1607 οἰκονό-

283 1660 424 1710 μον,
457 1645 644 1697 καὶτὰ
684 1645 830 1713 ἑξῆς.
862 1648 1051 1699 Ἔστιν
1079 1646 1170 1699 οὖν
1207 1649 1235 1699 6
1269 1647 1468 1708 σκοπὸς
1499 1648 1572 1708 ὡς
1601 1647 1734 1716 πρὸς
1761 1664 1863 1698 πα-

292 1734 525 1804 ραϐολὴν
550 1735 624 1806 μὴ
651 1737 824 1790 πάντα
857 1739 1105 1807 ἔχουσαν.
1131 1739 1384 1791 Βούλεται
1413 1739 1519 1807 γὰρ
1547 1740 1575 1790 6
1598 1737 1705 1791 τῶν
1724 1739 1861 1791 ὅλων

290 1826 425 1887 Θεὸς
459 1827 523 1878 ἵν’
555 1830 982 1898 ἀπερισπάστως
1008 1830 1375 1901 ὑπηρετῶμεν
1407 1831 1554 1898 αὐτῷ
1574 1847 1586 1861 ·
1620 1831 1863 1883 δείκνυσι

290 1913 348 1966 δὲ
369 1913 457 1965 διὰ
491 1915 693 1985 ταύτης
740 1919 936 1988 ὅτιπερ
971 1920 1020 1972 εἰ
1069 1921 1169 1988 μὲν
1210 1920 1480 1988 βούλοιντό
1505 1937 1649 1984 τινες
1681 1923 1867 1974 πᾶσαν

292 2005 395 2073 τὴν
417 2006 510 2057 ὲπὶ
538 2007 642 2074 γῆς
669 2009 850 2061 αὐτῶν
881 2012 1204 2063 καταλιπεῖν
1225 2014 1567 2082 περιουσίαν,
1590 2014 1693 2066 κᾶν
1722 2015 1866 2065 οἰκο·

292 2095 445 2161 νόμοι
474 2096 821 2160 γενέσθωσαν
860 2098 969 2151 τῶν
1026 2103 1441 2169 πτωχευόντων,
1489 2103 1868 2171 συμμεριστὰς

292 2183 401 2236 τῶν
440 2188 795 2257 ὑπαρχόντων
831 2190 1052 2253 τούτους
1087 2192 1423 2261 ποιούμενοι,
1485 2195 1634 2256 ὅπως
1681 2194 1868 2262 φίλους

295 2279 388 2328 καὶ
420 2280 703 2349 μάρτυρας
730 2281 829 2350 τῆς
867 2282 1270 2353 εὐσπλαγχνίας
1307 2286 1660 2354 κτησάμενοι,
1688 2287 1764 2339 ὅτ’
1800 2286 1867 2340 ἂν

295 2370 482 2434 αὐτοῖς
516 2373 546 2440 ἡ
587 2373 832 2440 ἐπίγειος
861 2374 1103 2428 ἐκλείποι
1142 2375 1277 2446 ζωὴ,
1335 2378 1543 2445 τύχωσι
1574 2377 1742 2430 τόπου
1790 2393 1871 2430 τι-

295 2462 384 2523 νός
405 2479 417 2491 ·
452 2465 496 2514 εἰ
527 2465 584 2516 δὲ
629 2466 702 2534 μὴ
739 2466 1032 2535 βούλοιντο,
1081 2468 1486 2522 ἀποπεσοῦνται
1516 2473 1740 2533 πάντως
1769 2470 1871 2540 τῆς

296 2554 640 2624 οἰκονομίας·
670 2559 763 2611 καὶ
799 2558 887 2612 διὰ
920 2558 1019 2629 τὴν
1044 2559 1538 2630 ἀπανθρωπότητα,
1571 2560 1870 2632 τῷαίωνίῳ

303 2647 776 2717 παραδοθήσονται
809 2650 965 2720 πυρί.

367 2738 432 2788 Τί
467 2740 581 2791 ἐστι
613 2740 689 2802 τὸ,
717 2742 781 2793 '0
802 2743 1019 2808 πιστὸς
1043 2744 1113 2797 ἐν
1126 2746 1427 2814 ἐλαχίστῳ
1452 2762 1468 2808 ;
1491 2747 1695 2814 Ἥγουν
1721 2747 1778 2799 ὲν
1796 2745 1874 2816 τῷ

297 2832 482 2898 γηΐνῳ
517 2833 609 2884 καὶ
645 2833 855 2886 εὐτελεῖ
889 2835 1064 2905 τούτῳ
1096 2835 1334 2905 πλούτῳ,
1382 2837 1560 2899 καλῶς
1616 2837 1874 2890 δαπανῶν

299 2922 380 2980 είς
406 2922 530 2983 τους
561 2921 868 2991 δεομένους.
912 2926 1112 2978 Τοῦτον
1156 2925 1250 2978 τὸν
1283 2924 1529 2988 πλοῦτον,
1567 2925 1660 2978 καὶ
1693 2925 1877 2978 ἄδικον

305 3013 543 3079 μαμωνὶ
581 3012 727 3080 λέγει
765 3017 822 3066 ὲν
853 3017 966 3078 τοῖς
1006 3018 1434 3087 πνευματικοῖς·
1478 3019 1506 3068 6
1534 3016 1591 3068 δὲ.
1650 3017 1872 3073 τούναν-

301 3101 417 3153 τίον
458 3105 551 3157 καὶ
580 3108 638 3158 ἐν
667 3107 862 3176 ἐκείνῳ
889 3109 1138 3170 ἄπιστος.

376 3194 498 3246 Ὀτι
547 3196 829 3267 ἀλλότριον
894 3200 994 3270 τὴν
1032 3200 1142 3253 τῶν
1191 3202 1486 3271 κτημάτων
1547 3198 1866 3269 περιουσίαν

301 3283 604 3354 ὠνόμασεν,
662 3289 736 3352 ὡς
772 3291 873 3344 οὐκ
899 3293 962 3343 ὲκ
1011 3292 1245 3359 φύσεως,
1277 3291 1394 3344 ἀλλ’
1433 3291 1708 3361 ἐπίκτητα
1743 3294 1875 3362 ἡμῖν

301 3376 452 3430 ὅντα.
493 3397 510 3429 ι
550 3378 692 3448 Ἐγὼ
725 3382 834 3453 γὰρ
869 3384 962 3436 καὶ
989 3384 1057 3436 τὰ
1079 3384 1190 3454 ἐμὰ
1210 3385 1302 3437 καὶ
1332 3383 1404 3437 τὰ
1437 3384 1656 3451 ἔξωθεν,
1681 3384 1803 3447 ιὼς
1830 3385 1877 3437 οἱ

305 3467 410 3533 ἔξω
441 3469 718 3538 λέγουσιν.

382 3564 714 3630 Ἄνθρωπός
749 3583 834 3630 τις
870 3562 947 3636 ἦν
979 3566 1294 3630 πλούσιος.
1335 3568 1406 3619 T6
1438 3567 1607 3636 ὄνομα
1633 3570 1695 3622 οὐ
1733 3569 1880 3638 λέγει

305 3654 398 3707 τοῦ
436 3656 691 3710 πλουσίου
715 3673 730 3687 ο
763 3659 913 3724 λέγει
940 3659 1048 3729 γὰρ
1069 3660 1096 3711 6
1125 3659 1254 3721 Θεὸς
1285 3661 1414 3728 περὶ
1438 3660 1546 3712 τῶν
1580 3663 1654 3730 μὴ
1686 3663 1881 3730 φοϐου-

311 3747 487 3811 μένων
511 3748 672 3799 αὐτόν
692 3764 706 3778 ·
736 3751 817 3802 Οὺ
833 3749 920 3817 μὴ
940 3749 1192 3818 μνησθῶ
1217 3749 1333 3800 τῶν
1359 3751 1664 3817 ὀνομάτων
1681 3754 1879 3806 αὐτῶν

308 3833 405 3886 διὰ
427 3835 677 3902 χειλέων
698 3854 840 3904 μου.
875 3839 1027 3907 Ἐχει
1063 3838 1120 3890 δὲ
1151 3841 1178 3890 6
1213 3838 1392 3905 λόγος,
1427 3839 1501 3901 ὠς
1531 3836 1596 3909 ἦν
1628 3843 1685 3892 ἐν
1717 3843 1882 3913 Ἱερο-

312 3925 563 3995 σολύμοις
596 3928 846 3999 Λάζαρός
875 3947 958 3992 τις
988 3931 1233 4000 ὀνόματι,
1269 3932 1390 3982 κατ’
1421 3934 1595 3984 ἐκεῖνο
1624 3933 1718 3986 τοῦ
1752 3952 1882 3988 και-

314 4015 408 4082 ροῦ
434 4019 671 4086 ἐσχάτην
705 4019 876 4071 νοσῶν
908 4021 1098 4072 πενίαν
1128 4022 1225 4073 καὶ
1279 4023 1621 4092 ἀρρωστίαν·
1656 4017 1716 4075 οὗ
1748 4043 1882 4095 μνη-

314 4108 572 4174 μονεῦσαι
631 4109 844 4177 λέγεται
889 4113 980 4163 τὸν
1038 4112 1239 4180 Κύριον
1273 4115 1345 4175 ὡς
1399 4116 1478 4176 εἰς
1531 4116 1882 4187 παράδειγμα

311 4199 544 4252 λαϐόντα
596 4203 759 4254 αὑτὸν
803 4202 1234 4272 γνωριζόμενονο
1295 4208 1484 4276 μηδεὶς
1517 4208 1572 4260 δὲ
1619 4208 1885 4276 νομιζέτω

310 4291 390 4341 ὅτι
415 4291 639 4357 γέγονεν
668 4293 768 4362 ἤδη
801 4294 1153 4356 ἁνταπὸδοσις
1175 4312 1187 4324 ’
1225 4295 1339 4349 ἔστι
1368 4296 1476 4365 γὰρ
1505 4297 1790 4367 παραδολὴ
1823 4297 1883 4349 τὸ

310 4379 364 4431 λε
374 4382 622 4452 γόμενον.

383 4475 479 4527 Διὰ
503 4476 554 4528 τί
587 4479 643 4528 ἐν
671 4479 782 4541 τοῖς
813 4479 1028 4540 κόλποις
1075 4479 1237 4531 αὑτὸν
1283 4480 1536 4548 ’Λϐραὲιμ
1569 4481 1668 4550 ὁρᾷ
1710 4500 1723 4546 ;

312 4565 449 4636 λάϐῃ
511 4568 858 4638 συναίσθησιν
933 4571 1031 4639 τῆς
1097 4571 1406 4639 μισοξενίας
1458 4572 1548 4624 τὸν
1609 4572 1881 4641 φιλόξενος

327 4659 600 4726 Ἀϐραάμ.

384 4753 481 4802 Δια
509 4752 558 4802 τί
588 4753 722 4821 πρὸς
751 4754 839 4806 τὸν
869 4756 1116 4824 Λάζαρον
1147 4754 1207 4807 οὐ
1261 4756 1429 4823 λέγει,
1463 4757 1599 4811 ἀλλα
1623 4758 1757 4827 πρὸς
1791 4759 1882 4812 τὸν

327 4843 575 4913 Ἀϐραάμ
602 4862 615 4909 ;
661 4844 879 4912 Ἐπειδὴ
907 4846 1126 4915 ἐνόμιζε
1161 4853 1526 4916 μνησικακεῖν
1557 4850 1708 4920 αὑτῷ
1746 4853 1884 4904 πάνυ

314 4948 440 4992 τω,⁹
481 4935 578 4986 οὐκ
620 4934 733 5003 ἔχει
764 4936 840 4997 δὲ,
883 4938 964 4988 ὅτι
998 4938 1249 5002 Ἔλαϐες,
1280 4940 1392 4992 ἀλλ’
1424 4941 1505 4993 ὅτι
1544 4942 1883 5007 Ἀπέλαΰες,

312 5026 386 5085 ὡς
413 5026 645 5096 ἀμοιϐὴν
679 5028 777 5096 τῆς
817 5030 980 5081 αὑτοῦ
1032 5032 1422 5101 προαιρέσεως.
1461 5035 1531 5085 Τὸ
1569 5034 1646 5096 δὲ,
1680 5034 1888 5102 Χάσμιι

311 5119 465 5186 μέγα
481 5119 843 5186 ἐστήρικται,
872 5122 966 5192 τὴν
989 5123 1094 5176 τῶν
1122 5124 1344 5176 δικαίων
1372 5126 1631 5194 διαφορὰν
1663 5127 1887 5178 αἰνίττε-

288 5229 407 5286 ¹ται
444 5213 578 5280 πρὸς
628 5214 753 5275 τοὺς
808 5215 1182 5286 ἁμαρτωλούς·
1235 5219 1375 5270 αἰτεῖ
1411 5217 1468 5271 δὲ
1509 5220 1600 5270 τὸν
1636 5219 1889 5287 Λάζαρον

320 5306 640 5375 ἀναστῆναι,
699 5306 764 5357 ἵν’
803 5308 1002 5369 ἰδόντες
1057 5309 1240 5371 αὑτὸν,
1303 5311 1456 5378 φησὶ,
1513 5310 1884 5362 πιστεύσωσι·

318 5397 432 5458 τοῖς
466 5395 574 5464 γὰρ
602 5401 930 5466 προφήταις,
961 5399 1057 5467 οὐχ
1097 5398 1240 5453 οὕτω
1266 5400 1606 5454 πιστεύουσι·
1636 5400 1797 5452 τοῦτο
1829 5401 1887 5452 δὲ

320 5489 404 5540 ὅτι
426 5487 497 5549 ὡς
518 5487 720 5557 μύθους
744 5488 870 5551 τοὺς
897 5491 1182 5560 προφήτας
1213 5489 1446 5560 ἔχουσιν,
1479 5491 1539 5555 ἐξ
1568 5491 1731 5543 αὑτοῦ
1773 5492 1890 5559 ἐγί-

321 5594 549 5632 νωσκεν.
586 5581 706 5632 Ὂτι
753 5581 810 5633 δὲ
839 5583 866 5634 6
894 5581 969 5651 μὴ
1003 5583 1244 5644 Μωσέως
1285 5583 1520 5646 ἁκούων,
1545 5584 1665 5636 οὐδὲ
1696 5585 1891 5653 νεκροῦ

323 5670 686 5738 ἀνισταμένου
719 5673 1180 5740 ἀκούσει,ἔδειξαν
1210 5676 1257 5726 οξ
1294 5676 1558 5738 Ἰουδαῖοι,
1592 5677 1729 5745 μήτε
1763 5679 1890 5729 Μω-

330 5767 422 5817 ei:
482 5766 890 5831 metiar/3;,
958 5769 1095 5838 μήτε
1148 5770 1266 5829 ’.οὓς
1315 5769 1417 5820 ὑπὸ
1459 5768 1693 5839 Χριστοῦ
1739 5771 1892 5835 21's?-

2554 1423 2782 1480 CAPUT
2824 1427 2962 1481 XVI.

2036 1546 2199 1602 Vens.
2224 1549 2273 1602 l.
2292 1551 2458 1601 [tanta
2487 1549 2702 1618 quidam
2717 1560 2828 1603 erat
2852 1551 3016 1614 dives,
3043 1552 3134 1621 qui
3151 1552 3381 1606 habebat
3406 1554 3544 1606 villi-

1963 1655 2104 1702 cum,
2132 1649 2237 1693 etc.
2275 1638 2629 1708 Propositum
2659 1641 2822 1710 igitur
2848 1643 2952 1695 tale
2979 1653 3083 1706 est,
3107 1650 3164 1697 ιιι
3196 1644 3248 1697 in
3285 1644 3543 1712 parabola

1967 1744 2089 1796 quae
2112 1730 2299 1783 omnia
2334 1747 2442 1785 non
2471 1731 2724 1789 includit.
2754 1730 2881 1786 Vult
2911 1733 3054 1786 enim
3088 1732 3228 1787 Deus
3265 1738 3545 1789 universo-

1975 1835 2092 1874 rum
2126 1836 2224 1876 nos
2252 1822 2370 1876 sine
2400 1823 2790 1892 impedimento
2819 1825 2894 1878 illi
2936 1825 3268 1879 ministrare.
3299 1825 3551 1879 Ostendit

1968 1922 2146 1964 autem
2195 1926 2291 1982 per
2331 1912 2470 1966 hanc
2496 1914 2832 1980 parabolam,
2864 1917 2992 1982 quia
3033 1915 3078 1968 si
3103 1915 3326 1984 quidam
3361 1917 3547 1969 volue-

1969 2005 2078 2058 rint
2103 2020 2324 2059 omnem
2358 2006 2411 2059 in
2449 2012 2592 2058 terra
2623 2021 2777 2060 suam
2821 2006 3124 2077 relinquere
3144 2007 3542 2072 substantiam;

1966 2105 2020 2148 ct
2063 2095 2191 2150 facti
2244 2096 2356 2149 sint
2408 2111 2705 2165 pauperum
2765 2098 3194 2167 dispensatores,
3251 2098 3546 2167 participes

1969 2189 2091 2242 illos
2157 2187 2469 2242 divitiarum
2538 2189 2840 2253 facientes,
2899 2199 3152 2258 tanquam
3213 2190 3418 2244 amicos
3495 2198 3550 2241 et

1971 2287 2138 2334 testes
2190 2279 2582 2334 misericordia:
2631 2280 2833 2349 adepti,
2875 2281 3095 2348 quando
3147 2280 3256 2334 illis
3284 2280 3550 2334 defecerit

1980 2371 2254 2425 terrestris
2300 2371 2428 2436 vita,
2467 2371 2642 2424 locum
2677 2371 2914 2441 aliquem
2946 2372 3305 2435 obtinebunt;
3349 2371 3392 2425 si
3421 2386 3550 2424 vero

1974 2479 2081 2519 non
2117 2467 2412 2531 voluerint,
2439 2482 2469 2521 a
2502 2467 2836 2521 villicatione
2868 2467 3095 2520 otnuino
3130 2468 3547 2522 amovebuntur.

1974 2569 2025 2611 ct
2079 2557 2148 2609 ob
2218 2572 2372 2612 suam
2453 2557 2950 2622 inhumanitatem,
3009 2567 3212 2612 :eterno
3272 2559 3552 2612 tradentur

1973 2647 2107 2718 igni.
3523 2719 3527 2725 .

2045 2739 2209 2794 Vens.
2273 2741 2360 2793 l0.
2419 2740 2558 2806 Quid
2591 2747 2675 2793 est
2711 2739 2863 2803 illud,
2900 2738 3004 2803 Qui
3041 2739 3212 2806 ﬁdelis
3251 2749 3326 2793 est
3357 2741 3410 2792 iu
3453 2739 3555 2791 nti-

1978 2832 2221 2886 ηειηοῖιά
2243 2842 2344 2894 est,
2377 2834 2430 2886 in
2459 2834 2706 2887 terrestri
2731 2843 2785 2888 et
2810 2833 2957 2887 tenui
2986 2832 3091 2886 isto
3121 2832 3399 2894 thesauro,
3421 2833 3558 2885 bene

1981 2924 2237 2995 prodigus
2269 2926 2324 2979 in
2353 2926 2690 2993 indigentes;
2739 2926 2880 2980 hunc
2934 2925 3250 2980 thesaurum
3306 2924 3554 2993 iniquuut

1978 3030 2196 3084 quoque
2224 3032 2534 3070 mammona
2557 3016 2691 3071 dicit
2721 3019 2774 3070 in
2804 3017 3212 3087 spiritualibus;
3241 3016 3337 3085 qui
3365 3025 3558 3072 contra

1907 3132 1949 3189 ε
1982 3117 2161 3159 autent
2206 3115 2292 3161 est
2315 3107 2368 3160 in
2403 3108 2495 3162 illo
2524 3108 2758 3163 inlidelis
2789 3118 2894 3163 est.

2059 3195 2222 3252 Vsus.
2261 3197 2345 3252 12.
2384 3199 2629 3254 Alienam
2667 3200 2933 3253 bonorum
2960 3198 3364 3265 possessionem
3385 3197 3559 3250 nomi-

1986 3297 2102 3351 nat,
2142 3298 2402 3357 tanquam
2445 3303 2552 3344 non
2600 3305 2667 3344 ex
2716 3302 2934 3352 natura,
2969 3289 3062 3344 sed
3103 3288 3263 3342 nobis
3293 3287 3561 3355 acquisita

1982 3390 2110 3435 sunt
2142 3397 2156 3434 τ
2189 3399 2206 3432 ι
2234 3380 2346 3451 Εεο
2391 3381 2537 3437 enim
2589 3391 2644 3436 et
2673 3397 2814 3448 mea,
2842 3391 2894 3435 et
2953 3381 3148 3443 aliena,
3191 3399 3211 3431 ι
3237 3389 3294 3433 ιιι
3321 3381 3552 3448 gentiles

1984 3467 2195 3523 dicunt.

2059 3559 2224 3614 Vens.
2252 3561 2342 3615 l9.
2371 3561 2543 3614 "omo
2572 3562 2785 3628 quidam
2816 3571 2931 3614 erat
2970 3562 3111 3615 dives
3135 3577 3149 3624 ;
3185 3561 3370 3614 divitis
3399 3561 3561 3614 istius

1988 3666 2185 3704 nomen
2217 3665 2324 3704 non
2363 3650 2515 3704 dicit.
2552 3651 2694 3704 [ῆι-ιι
2727 3652 2872 3706 enim
2920 3653 3061 3706 Deus
3087 3651 3157 3705 de
3198 3651 3284 3704 his
3310 3651 3403 3719 qui
3451 3667 3558 3703 non

1992 3743 2187 3796 timent
2235 3758 2386 3807 eum,
2431 3741 2555 3794 Non
2600 3744 2916 3796 recordabar
2956 3745 3225 3796 nominum
3260 3760 3441 3796 eorum
3472 3759 3563 3809 per

1991 3834 2132 3887 labia
2158 3852 2292 3888 utea.
2330 3834 2502 3888 llabet
2533 3844 2714 3888 autem
2749 3851 2949 3899 sermo,
2983 3836 3220 3890 fuissein
3244 3835 3555 3889 Jerusalem

1991 3925 2258 3980 Lazarum
2290 3927 2579 3996 quemdam
2635 3929 2876 3988 nomine,
2929 3928 2981 3981 ιιι
3015 3931 3116 3982 hoc
3161 3930 3420 3994 temporis
3464 3944 3565 3982 cx-

1993 4027 2161 4069 trema
2204 4028 2519 4086 paupertate
2545 4028 2599 4071 ct
2635 4019 3242 4073 valetudinelaboraus.
3276 4018 3390 4070 Non
3446 4035 3560 4071 me-

1994 4106 2491 4160 ntinissellotninus
2527 4108 2745 4169 dicitur,
2788 4119 2845 4160 ut
2887 4109 2940 4161 in
2967 4109 3273 4177 exemplum
3321 4109 3565 4176 praebens

1997 4196 2269 4250 hominem
2303 4199 2591 4265 quemdam
2641 4201 2950 4269 Cognitum:
2987 4216 3146 4254 nemo
3190 4213 3369 4254 autem
3419 4201 3563 4254 arbi-

1999 4297 2173 4341 ιι·‹·ιιιι-
2197 4290 2307 4357 jam
2346 4289 2542 4343 factam
2585 4308 2706 4345 esse
2743 4292 3181 4357 retributionem,
3210 4310 3334 4346 nam
3359 4293 3431 4347 ibi
3466 4310 3556 4362 pa-

1997 4385 2182 4439 rabola
2214 4395 2296 4439 est
2319 4386 2464 4454 quod
2496 4386 2715 4439 dicitur.

1771 4483 1882 4534 Ἵνα.
1913 4478 1964 4536 D
2068 4474 2230 4531 Vens.
2272 4475 2361 4527 ‘25.
2397 4476 2508 4529 Cur
2545 4476 2598 4528 in
2636 4476 2758 4529 sinu
2801 4477 3033 4530 Abrahae
3086 4479 3236 4531 illum
3289 4480 3466 4532 \idet?
3511 4492 3568 4533 ut

1994 4569 2435 4632 exprobratorem
2489 4568 2721 4636 accipiat
2756 4586 2868 4623 sua:
2911 4570 3357 4639 inltospitalitatis
3390 4573 3568 4641 hospi-

1995 4662 2156 4711 tali-tn
2186 4660 2479 4712 Abraham.

2069 4755 2228 4808 Vens.
2256 4756 2343 4808 ΕΗ.
2384 4756 2496 4809 Cur
2526 4757 2591 4809 ad
2642 4756 2903 4809 Lazarum
2933 4771 3040 4808 non
3079 4756 3343 4824 loquitur,
3376 4754 3468 4807 sed
3502 4757 3566 4807 ad

1997 4849 2306 4900 Abraham?
2350 4847 2485 4913 Quia
2518 4848 2742 4918 putabat
2777 4847 3002 4900 omnino
3034 4848 3229 4899 malam
3273 4848 3338 4899 de
3361 4861 3419 4900 se
3452 4864 3567 4896 tnu—

2003 4941 2223 4992 .noriatn
2255 4957 2379 4992 eum
2421 4957 2674 5004 servare;
2723 4949 2773 4992 et
2801 4956 2905 4993 non
2940 4940 3159 5000 dicitur,
3192 4940 3415 5007 Cepisti,
3448 4939 3569 5002 sed,

1998 5032 2250 5096 ,πτερίδα
2284 5041 2338 5082 ιιι
2379 5032 2659 5098 ριἰυιιιίιιιιι
2707 5042 2810 5085 tute
2841 5031 3009 5098 ipsius
3043 5030 3358 5086 voluntatis.
3397 5030 3569 5084 Chaos

2001 5141 2245 5184 "tamtum
2287 5124 2552 5188 ﬁrmatum
2583 5133 2684 5181 cst.
2720 5124 2784 5175 ad
2815 5122 3203 5176 ostendendam
3233 5123 3407 5190 justos
3431 5123 3572 5176 inter

1999 5227 2051 5265 ιιι
2096 5226 2400 5276 peceatores
2440 5214 2772 5266 distantiam.
2801 5213 2971 5279 llogat
3022 5223 3200 5267 autem
3236 5221 3293 5265 ut
3331 5213 3572 5267 Lazarus

2007 5324 2271 5372 resurgat.
2328 5319 2383 5358 ut
2422 5307 2662 5360 \identes
2710 5323 2856 5368 eum,
2882 5308 2979 5368 ait,
3007 5305 3570 5374 credant;prophetil

2004 5418 2144 5452 enim
2181 5416 2284 5452 non
2337 5411 2403 5451 ita
2453 5400 2719 5453 credunt:
2767 5400 2909 5466 quod
2956 5409 3136 5453 autem
3181 5398 3474 5468 prophetas
3512 5405 3574 5451 ut

2005 5491 2305 5544 fabularum
2337 5503 2648 5544 narratores
2681 5491 2912 5545 habeant
2943 5508 3006 5545 ex
3061 5491 3240 5560 seipse
3273 5491 3573 5555 cognoscit.

2004 5585 2156 5650 Quod
2193 5583 2280 5635 ille
2310 5583 2403 5650 qui
2428 5582 2648 5652 Moysen
2675 5599 2780 5636 non
2810 5584 2978 5645 audit,
3030 5599 3136 5635 tum
3173 5590 3447 5635 mortuum
3491 5595 3577 5634 re—

2005 5685 2311 5743 surgentem
2333 5675 2620 5729 auditurus
2638 5676 2727 5740 sil,
2758 5676 3107 5729 ostenderunt
3131 5673 3301 5727 Judaei
3335 5672 3572 5740 Moysem

2008 5786 2111 5820 non
2173 5768 2475 5831 medentes,
2520 5784 2692 5838 neque
2753 5768 2870 5822 illos
2920 5784 3056 5836 quos
3096 5766 3348 5820 Christus
3393 5763 3570 5818 susci-
