4220 6432
720 367 854 432 1207

1431 369 1820 429 OPUSCULA
1859 367 2492 429 SCIIIPTURISTICA
2544 370 2890 431 INCERT/E
2933 370 3242 432 IETATIS.

3832 365 3987 430 1203

709 486 938 532 taverat.
967 476 1160 532 Sinum
1189 495 1316 534 vero
1370 479 1604 533 Abrahae
1656 478 1842 532 divina
1897 480 2006 533 otia
2060 489 2282 534 sanctus

2396 481 2619 544 θένταςο
2647 481 2882 545 κόλπους
2912 481 2969 534 δὲ
3011 479 3283 551 Ἀϐραὰμ,
3319 478 3419 542 τὰς
3457 478 3742 542 θειοτάτας
3775 479 3980 550 λήξεις

706 565 1000 637 Dionysius
1033 567 1183 622 dicit.

1288 672 1519 729 CAPUT
1555 671 1715 727 XVII.

781 783 942 838 Vnus.
975 785 1026 838 5.
1043 783 1116 838 De
1143 785 1550 853 antiquioribus
1576 784 1782 837 sanctis
1812 785 1942 836 dicit
1971 784 2280 851 apostolus,

707 876 811 928 Per
834 876 991 941 ﬁdem
1016 877 1248 929 vicerunt
1284 892 1479 944 regna:
1511 875 1742 943 apostoli
1774 889 1901 942 ergo
1939 874 1988 926 id
2025 875 2280 940 scientes,

706 968 896 1019 dicunt
917 967 1134 1020 Christo
1157 966 1402 1034 :Adange
1433 968 1578 1018 nobis
1598 967 1774 1032 ﬁdem.
1805 963 1916 1017 Non
1935 971 2125 1032 petunt
2152 965 2283 1018 sim-

705 1059 918 1124 pliciter
946 1057 1125 1121 iident,
1147 1073 1252 1110 non
1279 1057 1421 1109 enim
1441 1067 1595 1110 erant
1619 1055 1879 1119 inﬁdeles,
1907 1057 1998 1109 sed
2023 1070 2277 1125 augmen-

708 1160 821 1202 tum
857 1150 999 1210 tidei,
1037 1149 1086 1202 id
1108 1158 1188 1202 est
1223 1149 1276 1201 in
1310 1147 1414 1201 θιιε
1431 1148 1919 1202 conﬁrmationem.

786 1331 942 1385 Vens.
996 1332 1047 1386 7.
1099 1331 1228 1397 Quis
1269 1349 1332 1384 ea:
1370 1333 1509 1384 vobis
1555 1332 1750 1386 habens
1796 1349 1998 1385 servum
2058 1348 2281 1400 pascen-

714 1432 849 1485 tem;
884 1431 1060 1477 ete....
1090 1421 1258 1475 Docet
1295 1422 1378 1475 his
1410 1422 1704 1475 Dominicte
1725 1422 2068 1476 auctoritatis
2105 1430 2281 1486 potes-

715 1523 879 1566 tatem
900 1523 958 1564 ut
971 1514 1214 1566 debitum
1248 1528 1460 1582 semper
1483 1528 1514 1566 a
1539 1513 1757 1568 famulis
1787 1513 2154 1568 obedientiam
2173 1512 2285 1566 esi-

709 1618 835 1670 gere
861 1620 874 1665 ;
922 1619 1026 1656 non
1059 1605 1227 1668 enim,
1262 1605 1356 1666 ait,
1384 1605 1613 1672 gratiam
1639 1620 1760 1659 esse
1805 1605 2060 1658 fatebitur
2086 1606 2186 1661 etsi
2218 1606 2286 1660 ab

710 1694 802 1748 illo
847 1693 1047 1747 factum
1078 1694 1399 1763 fueritquod
1427 1696 1542 1748 tieri
1563 1697 1870 1763 oportebat,
1903 1696 1994 1749 sed
2035 1710 2145 1748 non
2173 1698 2282 1750 im-

2387 575 2414 622 ὸ
2445 571 2598 640 ἆγιος
2632 571 2906 634 Διονύσιος
2937 570 3111 638 λέγει.

2970 680 3225 733 ΚΕΦΑΔ.
3261 675 3363 732 ΙΖ’.

2457 791 2578 842 ’Ότι
2606 788 2734 858 περὶ
2759 789 2867 842 τῶν
2891 784 3260 859 ἀρχαιοτέρων
3297 785 3470 852 ἁγίων
3523 784 3688 856 φησὶν
3715 786 3745 838 6
3801 787 3982 840 ’Λπό-

2389 881 2723 942 στολοςοΔιὰ
2763 880 3023 943 πίστεως
3075 880 3560 948 κατηγωνίσαντο
3617 879 3980 942 βασιλείας.

2385 976 2447 1026 Οἱ
2473 972 2760 1025 ἀπόστολοι
2793 970 2886 1024 οῦν
2911 969 3068 1023 τοῦτο
3098 971 3318 1035 εἰδότες,
3352 970 3567 1037 λέγουσι
3603 970 3682 1038 τῷ
3712 971 3976 1038 Χριστῷ·

2386 1065 2650 1131 Πρόσθες
2673 1062 2817 1128 ἡμῖν
2833 1062 3064 1115 πίστιν.
3083 1062 3200 1114 Ούκ
3226 1061 3440 1115 αἰτοῦσι
3459 1061 3516 1114 δέ
3537 1061 3722 1112 πίστιν
3745 1060 3971 1122 ἁπλῶς·

2385 1157 2444 1208 οἱ,
2479 1156 2587 1225 γὰρ
2641 1149 2780 1222 ἦσαν
2834 1153 3078 1205 ἄπιστον
3125 1152 3265 1206 ἀλλὰ
3325 1151 3647 1222 προσθήκην
3699 1152 3976 1212 πίστεως,

2384 1245 2632 1298 τουτέστι
2664 1243 2764 1312 τὴν
2802 1242 2882 1301 είς
2911 1241 3070 1294 τοῦτο
3102 1241 3420 1310 βεϐαίωσιν.

2461 1336 2580 1387 ’Ότι
2636 1335 2716 1396 τὸ,
2783 1335 2879 1398 τις
2911 1331 2981 1395 ἐξ
3031 1332 3198 1400 ὑμῶν
3235 1331 3462 1385 δοῦλον
3510 1333 3667 1397 ἔχων
3727 1330 3981 1396 ποιμαίο

2386 1441 2589 1487 νοντα,
2621 1425 2716 1477 καὶ
2744 1425 2812 1478 τά
2870 1424 3018 1492 ἑξῆς,
3064 1422 3308 1477 διδάσκει
3359 1425 3441 1477 ὅτι
3479 1423 3579 1491 τῆς
3627 1420 3981 1487 Δεσποτικῆς

2386 1514 2634 1580 ἐξουσίας
2667 1515 2700 1582 ἠ
2730 1515 2962 1582 δύναμις
2991 1515 3067 1577 ὡς
3097 1513 3322 1583 ὄφλημα
3362 1511 3639 1582 πανταχοῦ
3673 1513 3828 1580 παρὰ
3867 1510 3982 1561 τῶν

2387 1606 2614 1659 οἰκετῶν
2643 1605 2797 1674 ζητεῖ
2833 1606 2934 1676 τὴν
2959 1606 3263 1675 ὑποταγὴν.
3298 1603 3373 1656 Ού
3406 1603 3514 1672 γὰρ
3559 1603 3741 1672 χάριν,
3776 1602 3977 1669 φησὶν,

2387 1698 2736 1768 ὁμολογήσει,
2763 1697 2868 1751 κᾶν
2894 1699 2943 1750 εί
2971 1698 3183 1766 γένοιτο
3215 1697 3347 1766 παρ’
3368 1695 3536 1750 αὐτοῦ
3561 1697 3672 1748 πᾶν
3698 1696 3842 1762 ὅπερ
3870 1695 3978 1746 εδει

709 1784 899 1852 plenti,
915 1785 1216 1854 periculum
1249 1795 1331 1840 est
1351 1803 1365 1850 ;
1382 1786 1624 1854 implenti
1644 1796 1848 1850 autem,
1881 1786 2028 1840 nulla
2048 1787 2282 1842 habetur

2388 1788 2660 1856 γενέσθαι⁶
2697 1787 2833 1841 ἀλλὰ
2871 1786 2947 1857 μὴ
2983 1787 3322 1858 πληροῦντος
3354 1788 3478 1857 μὶν,
3524 1786 3792 1848 κίνδυνος·
3823 1786 3972 1853 πλη-

711 1878 905 1944 gratia.

790 1966 953 2020 Vens.
998 1968 1086 2024 2|.
1143 1967 1408 2023 Dicenda:
1452 1967 1686 2037 Regnum
1713 1967 1807 2022 Dei
1856 1971 2002 2023 intra
2049 1987 2137 2023 vos
2183 1979 2281 2033 est,

710 2058 841 2126 quid
877 2059 1092 2112 innuit?
1137 2060 1194 2112 In
1237 2059 1440 2114 nostris
1489 2073 1684 2129 nempe
1715 2075 1838 2116 esse
1887 2060 2285 2125 voluntatibus,

712 2149 840 2201 illud
879 2164 1104 2218 regnum
1128 2150 1351 2218 eligere.

786 2237 948 2291 Vens.
981 2238 1071 2291 22.
1094 2237 1234 2303 Quid
1283 2239 1465 2294 dicere
1493 2238 1877 2295 vultChristus
1899 2255 2023 2296 cum
2047 2240 2155 2295 ait:
2186 2240 2286 2295 Ve-

712 2328 856 2380 nient
881 2328 990 2382 dies
1006 2329 1218 2397 quando
1234 2329 1603 2383 desiderabitis
1622 2329 1792 2383 videre
1810 2346 1972 2383 unum
1989 2330 2130 2383 diem
2154 2327 2286 2382 Filii

712 2418 959 2482 hominis,
980 2427 1154 2472 etnon
1185 2419 1470 2474 videbitis?
1500 2419 1553 2475 ιιι
1577 2431 1680 2483 est,
1711 2421 1828 2490 ejus
1863 2422 1915 2475 in
1953 2429 2098 2476 terra
2153 2437 2286 2477 con-

711 2506 1036 2560 versationis
1067 2526 1080 2573 ;
1114 2509 1365 2576 quamvis
1390 2508 1582 2562 ultimo
1621 2524 1745 2562 cum
1786 2507 1878 2561 illo
1921 2507 2091 2562 futuri
2127 2510 2286 2562 estis.

711 2595 826 2650 Iloc
873 2608 1054 2650 autem
1105 2597 1244 2650 dixit
1287 2596 1356 2651 ob
1394 2596 1778 2652 tribulationes
1825 2613 1962 2667 quas
2019 2597 2290 2652 debebant

713 2688 990 2740 sustinere
1021 2702 1050 2739 a
1089 2687 1361 2756 tyrannis.

1259 2793 1509 2864 CAPUT-
1549 2796 1734 2869 XVIII.

784 2905 946 2960 Vens.
974 2904 1177 2970 2.0uis
1207 2921 1329 2962 esse
1351 2916 1530 2976 potest
1562 2908 1649 2962 hic
1672 2908 1835 2976 judex
1871 2907 2055 2960 ?dicat
2086 2906 2287 2962 David:

711 2995 852 3050 Deus
873 2996 1036 3065 iudex
1051 2998 1252 3066 justus,
1295 2999 1448 3066 fortis
1477 3008 1525 3053 et
1546 3000 1779 3067 patiens;
1808 3009 1868 3052 ut
1908 2999 2084 3053 audiri
2114 3007 2293 3068 potest

710 3087 873 3140 etiam
895 3086 1120 3142 dicens:
1163 3089 1340 3158 Neque
1364 3097 1430 3143 ab
1451 3106 1662 3158 egressu
1691 3091 1838 3154 solis,
1871 3107 2030 3158 neque
2093 3089 2160 3141 ab
2199 3105 2278 3142 oc-

711 3197 860 3244 casu,
886 3195 1045 3249 neque
1066 3197 1097 3233 a
1118 3181 1336 3235 desertis
1363 3181 1647 3247 montibus,
1668 3183 1916 3250 quoniam
1943 3180 2081 3233 Deus
2094 3180 2285 3249 judex,

717 3281 819 3324 est.
854 3271 1027 3326 Habet
1064 3280 1247 3326 autem
1296 3273 1452 3342 quasi
1489 3273 1767 3343 propriam
1805 3273 2079 3328 civitatem
2114 3273 2285 3338 Deus,

711 3377 1008 3429 qnamnam
1028 3363 1172 3416 illam
1192 3362 1546 3420 2Ecclesiam.
1571 3363 1816 3418 Gloriosa
1829 3365 1974 3416 dicta
1993 3374 2116 3416 sunt
2133 3365 2196 3417 de
2215 3374 2286 3428 te,

714 3449 899 3502 civitas
939 3451 1052 3506 Dei.
1074 3450 1177 3505 Ista
1205 3453 1400 3508 civitas
1423 3453 1653 3507 imitatio
1686 3463 1768 3508 est
1790 3454 2027 3508 caelestis
2052 3454 2289 3510 civitatis

711 3538 1030 3596 Jerusalem.
1061 3543 1226 3596 Deum
1249 3559 1356 3597 non
1380 3544 1620 3607 timebat,
1644 3560 1818 3613 neque
1843 3545 2114 3598 hominem
2138 3559 2289 3599 reve-

713 3633 971 3687 rebatur:
1009 3632 1152 3689 Deus
1179 3636 1324 3689 enim
1360 3650 1470 3689 non
1506 3635 1674 3689 Deum
1701 3636 1861 3688 habet
1890 3651 2051 3705 quem
2077 3636 2284 3700 timeat,

713 3727 1180 3794 nequeghominem
1211 3743 1372 3797 quem
1402 3739 1708 3782 revereatur
1729 3746 1742 3792 ;
1763 3743 2119 3797 personarum
2145 3728 2286 3782 enim

713 3819 958 3885 acceptio
986 3831 1092 3870 non
1124 3826 1209 3871 est
1237 3818 1380 3887 apud
1425 3818 1599 3873 illum.

784 4014 949 4069 Vens.
977 4016 1028 4068 5.
1053 4014 1246 4070 Omnis
1270 4016 1449 4069 anima
1479 4015 1532 4068 in
1558 4014 1798 4069 Ecclesia
1824 4015 2284 4068 ealumniatorem

711 4110 889 4163 virum
915 4125 1038 4162 cuni
1071 4109 1352 4178 reliquerit
1391 4119 1442 4162 et
1471 4108 1746 4176 rejccerit,
1778 4115 1833 4162 et
1862 4107 2145 4162 Christum
2172 4123 2288 4162 am-

711 4202 868 4272 plexa
902 4201 1083 4262 fuerit,
1109 4201 1268 4254 vidua
1293 4209 1396 4265 est,
1415 4210 1468 4253 et
1493 4200 1751 4254 sollicitat
1773 4199 1921 4254 omni
1940 4200 2029 4253 die
2055 4208 2108 4252 et
2132 4209 2290 4253 nocte

709 4293 976 4361 iudicem,
1009 4293 1221 4347 dicens:
1269 4291 1497 4346 Vindica
1535 4308 1616 4346 me
1667 4293 1736 4345 ab
1786 4291 2100 4346 adversario
2145 4306 2286 4344 meo.

712 4386 848 4449 Quis
878 4392 959 4438 est
990 4393 1170 4437 autem
1212 4382 1300 4436 hic
1332 4383 1682 4436 adversarius
1710 4383 1917 4448 Icontra
1969 4396 2129 4451 quem
2168 4395 2292 4449 pre-

2389 1879 2614 1950 ροῦντος
2645 1879 2724 1938 δὲ.
2758 1877 2985 1946 οὐδεμία
3015 1877 3168 1930 ἔσται
3198 1877 3378 1948 χάρις.

2471 1971 2560 2022 Ἐν
2587 1968 2664 2038 τῷ
2697 1970 2900 2036 λέγειν,
2935 1970 3020 2022 ὅτι
3058 1969 3130 2022 Ἡ
3145 1968 3436 2032 βασιλεία
3462 1965 3569 2020 τοῦ
3611 1967 3764 2019 Θεοῦ
3794 1965 3978 2028 ἐντὸς

2387 2063 2554 2132 ὑμῶν
2581 2062 2736 2124 ἐστι,
2787 2062 2842 2113 τί
2877 2061 3054 2129 λέγεις
3099 2061 3219 2113 Ὀτι
3282 2060 3371 2112 Ἐν
3417 2061 3538 2119 ταῖς
3580 2057 3978 2128 προαιρέσεσιν

2388 2155 2562 2225 ὑμῶν,
2597 2153 2753 2224 φησὶ,
2786 2156 2964 2207 κεῖται
2991 2153 3054 2206 τὸ
3084 2151 3412 2216 ἐκλέξασθαι
3438 2151 3668 2222 ταύτην.

2459 2248 2525 2300 Τί
2544 2247 2722 2315 λέγειν
2749 2244 2997 2312 βούλεται
3029 2243 3264 2315 Χριστὸς
3291 2243 3368 2298 ὅτ’
3399 2243 3466 2297 ἂν
3493 2243 3568 2314 φῇ
3590 2259 3606 2276 ο
3656 2241 3973 2296 Ἐλεύσον-

2387 2355 2480 2392 ται
2503 2338 2716 2407 ἡμέραι
2745 2337 2843 2392 ὅτε
2865 2336 3270 2405 ἐπιθυμήσετε
3283 2335 3432 2405 μίαν
3454 2333 3576 2388 τῶν
3601 2334 3845 2402 ἡμερῶν
3865 2331 3976 2385 τοῦ

2398 2430 2531 2484 Υίοῦ
2559 2429 2666 2484 τοῦ
2687 2429 3004 2496 ἀνθρώπου
3032 2426 3202 2491 ιδεῒν,
3234 2425 3333 2480 καὶ
3360 2426 3473 2481 οὐκ
3501 2424 3730 2492 ὄψεσθε
3753 2439 3774 2487 ς
3797 2422 3975 2474 Τουτ-

2389 2523 2522 2582 ἐστι,
2571 2521 2671 2591 τῆς
2713 2521 2806 2572 ἐπὶ
2839 2519 2944 2588 γῆς
2979 2519 3358 2588 συνδιαγωγῆς
3397 2516 3590 2571 αὑτοῦ·
3646 2516 3830 2570 καίτοι
3878 2513 3975 2566 καὶ

2390 2616 2618 2684 ἔσχατον
2647 2613 2899 2675 συνόντες
2926 2611 3107 2682 αὐτῷ’
3134 2611 3294 2665 τοῦτο
3324 2613 3382 2665 δὲ
3412 2612 3566 2678 ἔλεγε
3599 2609 3688 2662 διὰ
3720 2608 3823 2670 τὰς
3852 2606 3973 2660 θλί-

2388 2707 2512 2774 ψεις
2541 2704 2607 2768 ἀς
2637 2703 2864 2773 ἔμελλον
2889 2703 3186 2772 ὑπομένειν
3220 2703 3328 2756 ὑπὸ
3359 2702 3469 2756 τῶν
3492 2702 3800 2772 τυράννων.

2973 2811 3226 2866 ΚΕΦΑΔ.
3271 2811 3382 2865 IH'.

2461 2925 2528 2979 Τί
2551 2925 2618 2979 ἂν
2646 2924 2733 2993 εῐη
2755 2925 2783 2977 6
2809 2921 3005 2993 κριτὴς
3035 2916 3218 2986 οὗτοςς
3250 2920 3474 2986 Λεγέτω
3499 2918 3663 2971 Δαϐίδ
3683 2933 3696 2946 ·
3730 2917 3797 2970 '0
3824 2918 3976 2982 Θεὸς

2392 3016 2599 3085 κριτὴς
2632 3015 2864 3079 δίκαιος
2893 3015 2989 3067 καὶ
3029 3013 3282 3082 ίσχυρὸς
3319 3013 3414 3064 καὶ
3446 3013 3858 3079 μακρόθι.ομος’
3904 3011 3976 3069 ὡς

2393 3109 2539 3163 ἐστιν
2571 3106 2738 3161 αὐτοῦ
2779 3105 3011 3160 ἀκοῦσαι
3046 3107 3141 3158 καὶ
3192 3105 3356 3158 πάλιν
3388 3105 3662 3171 λέγοντος,
3694 3104 3777 3154 ὅτι
3822 3105 3976 3154 Οὔτε

2391 3199 2460 3262 ἐξ
2493 3198 2739 3262 ἐξόδων,
2772 3197 2910 3250 οὔτε
2940 3195 3059 3250 ἀπὸ
3105 3193 3373 3263 δυσμῶν,
3414 3193 3552 3246 οὔτε
3578 3192 3698 3244 ἀπὸ
3738 3191 3978 3258 ἐρήμων

2391 3287 2596 3356 ὀρέων,
2653 3289 2744 3341 ὅτι
2778 3289 2810 3340 ό
2854 3286 3000 3352 Θεὸς
3027 3286 3233 3354 κριτής
3255 3286 3448 3338 ἐστιν’
3477 3285 3590 3352 ἔχει
3619 3283 3676 3336 δὲ
3703 3283 3782 3343 ὼς
3820 3282 3978 3333 πόλιν

2395 3381 2531 3433 ἰδίαν
2563 3383 2590 3433 6
2621 3380 2754 3441 Θεὸς
2785 3419 2798 3442 ,
2851 3379 3012 3432 ποίαν
3052 3378 3292 3446 ταύτην;
3331 3378 3444 3445 τὴν
3487 3375 3836 3444 Ἐκκλησίαν.
3871 3375 3974 3426 Ae-

2389 3471 2732 3539 δοξασμένα
2751 3469 3020 3536 ἐλαλήθη
3049 3469 3182 3537 περὶ
3213 3468 3352 3530 σοῦ,
3387 3469 3424 3536 ἠ
3452 3471 3636 3530 πόλις
3659 3466 3765 3520 τοῦ
3798 3466 3971 3520 Θεοῦ.

2388 3561 2535 3633 Αὕτη
2569 3565 2602 3632 ή
2639 3562 2793 3625 πόλις
2847 3561 3075 3632 μίμημά
3109 3562 3225 3613 ἐστι
3269 3559 3368 3628 τῆς
3417 3557 3835 3628 οὐρανοπόλεως
3872 3556 3973 3607 Ἰεη

2391 3658 2692 3728 ρονσαλήμ.
2730 3657 2886 3725 Μήτε
2920 3655 3053 3709 Θεὸν
3089 3654 3450 3723 φοϐούμενος,
3485 3653 3626 3721 μήτε
3676 3651 3970 3720 ἄνθρωπον

2389 3747 2804 3817 ἐντρεπόμενος
2833 3747 2862 3797 ὁ
2892 3745 3001 3814 γὰρ
3028 3743 3162 3805 Θεὸς
3195 3741 3318 3795 οὔτε
3369 3741 3504 3794 Θεὸν
3545 3741 3658 3811 ἔχει
3699 3741 3760 3792 ὃν
3801 3740 3973 3808 φοϐη-

2390 3843 2653 3911 θήσεται,
2684 3839 2802 3892 οὐδὲ
2855 3838 3142 3908 ἄνθρωπον
3189 3838 3248 3889 ὃν
3293 3837 3700 3906 ἐντριπήσεται
3727 3850 3743 3865 ·
3805 3850 3974 3904 προσ-

2390 3933 2678 4003 ωποληψία
2712 3933 2822 4002 γὰρ
2842 3931 2941 3984 ούκ
2966 3930 3083 3983 ἐστι
3120 3931 3251 4000 παρ’
3288 3928 3458 3998 αὐτῷ.

2462 4030 2616 4081 Πᾶσα
2651 4025 2798 4096 ψυχὴ
2838 4023 3269 4093 ἐκκλησιαστικὴ
3320 4023 3353 4092 ἡ
3401 4022 3494 4075 τόν
3543 4037 3678 4073 ποτε
3727 4017 3975 4071 διάϐολον

2388 4118 2557 4188 ἄνδρα
2587 4117 2794 4171 ἐάσασα
2830 4117 2923 4168 καὶ
2951 4115 3325 4186 ἀπορρίψασα,
3354 4112 3449 4164 καὶ
3489 4112 3722 4181 Χριστὸν
3755 4113 3975 4178 ἐνστερ-

2390 4210 2678 4280 νισαμένη,
2722 4209 2864 4290 χήρα
2908 4206 3188 4276 τυγχάνει,
3230 4207 3325 4259 καὶ
3367 4204 3546 4257 δέεται
3581 4204 3704 4257 καθ’
3734 4205 3973 4271 ἑκάστην

2389 4305 2605 4374 ⁴ἡμέραν
2631 4304 2725 4355 καὶ
2758 4300 2927 4354 νύκτα
2971 4299 3065 4352 τοῦ
3093 4299 3305 4368 κριτοῦ,
3344 4299 3610 4364 λέγουσιν
3657 4295 3976 4365 Ἐκδίκησόν

2396 4415 2463 4468 με
2491 4398 2599 4450 ἀπὸ
2630 4393 2725 4448 τοῦ
2754 4393 3026 4447 ἀντιδίκου
3054 4409 3174 4462 μου.
3207 4390 3304 4453 Τίς
3330 4391 3375 4442 δ’
3407 4391 3474 4443 ἂν
3501 4390 3588 4461 εἴη
3631 4389 3661 4441 6
3706 4389 3977 4449 ἀντίδικος

715 4491 913 4529 camnr
945 4485 1102 4529 nocte
1129 4490 1191 4527 ac
1211 4472 1494 4527 die?dicat
1523 4472 1802 4541 apostolus
1836 4473 2062 4526 Petrus:
2083 4470 2288 4536 Fih‘oli,

2398 4491 2519 4542 καθ’
2566 4482 2628 4542 οὗ
2667 4486 2940 4556 εὐχόμεθα
2985 4483 3176 4546 νυκτὸς
3226 4483 3320 4535 καὶ
3369 4483 3613 4552 ἡμέραςξ
3676 4481 3901 4547 Λεγέτω
3950 4481 3978 4532 6

711 4568 1050 4621 adversarius
1101 4576 1264 4619 vester
1297 4565 1562 4629 diaboius,
1593 4575 1650 4617 ut
1705 4564 1785 4618 leo
1841 4565 2051 4633 rugiens
2098 4565 2290 4617 circuit

708 4675 950 4729 qna'rens
1001 4674 1152 4727 quem
1176 4657 1410 4710 devoret.

783 4849 949 4903 Vens.
1006 4847 1058 4900 6.
1098 4845 1272 4902 Judex
1313 4845 1638 4916 iniquitatis,
1699 4859 1804 4899 non
1860 4843 2171 4903 cst'Dcus,
2235 4852 2291 4894 ut

713 4942 868 4996 multi
891 4941 1146 5008 loquaces
1164 4940 1374 5000 dicunt,
1396 4939 1488 4993 sed
1507 4938 1727 5007 quidam
1750 4936 2041 5005 eratjudex
2068 4936 2291 5003 iniquus

714 5035 766 5086 in
801 5032 894 5085 illo
919 5041 1180 5098 tempore,
1215 5028 1718 5099 utChrysostomus
1743 5027 1938 5092 inquit,
1969 5027 2202 5094 inquem
2223 5040 2288 5078 ex

713 5127 832 5194 ipso
862 5122 1175 5192 parabolam
1219 5121 1436 5176 instruit
1472 5119 1746 5175 Christus.
1807 5117 1933 5172 Vult
1979 5129 2160 5171 autem
2198 5133 2294 5186 per

712 5218 764 5269 id
808 5215 1098 5270 ostendere
1134 5228 1242 5266 non
1273 5212 1601 5267 cessandum
1631 5226 1755 5266 esse
1785 5210 1852 5264 ab
1884 5210 2154 5264 oratione.
2200 5208 2292 5263 Di-

715 5309 886 5362 cendo
900 5321 1050 5372 vero,
1077 5304 1287 5370 Quanto
1301 5305 1470 5374 magis
1493 5303 1651 5357 Pater
1667 5312 1834 5357 vester
1848 5303 2095 5363 caelestis,
2114 5301 2286 5354 alium

714 5417 838 5455 cssc
856 5402 1101 5470 iniquum
1115 5399 1376 5469 judicem,
1402 5398 1570 5452 alium
1590 5411 1711 5451 esse
1748 5395 1917 5450 Deum
1936 5395 2160 5448 indicat.
2182 5393 2286 5448 Sed

711 5509 838 5548 cum
869 5492 1198 5546 intellexeris
1229 5492 1396 5544 Deum
1424 5490 1807 5559 essejudicem
1840 5487 2163 5558 iniquitatis,
2189 5502 2295 5542 non

715 5584 938 5640 timebis
962 5585 1144 5639 dicere
1177 5583 1328 5637 illum
1356 5597 1477 5637 esse
1503 5582 1742 5650 judicent
1776 5581 2080 5653 iniquitatis
2106 5591 2292 5636 etnon

716 5675 971 5747 iustitiae:
1003 5675 1036 5730 Ι
1045 5687 1160 5731 usto
1193 5677 1333 5731 enim
1366 5675 1450 5732 (ex
1471 5691 1571 5728 non
1596 5675 1826 5730 exsistit.

2395 4580 2690 4642 ἀπόστολος
2719 4579 2923 4648 Πέτρος
2942 4593 2954 4606 ·
2994 4576 3223 4636 Τεκνία,
3260 4577 3293 4627 ὀ
3321 4573 3626 4637 ἀντίδικος
3658 4571 3828 4639 ὑμῶν
3854 4570 3977 4622 διά-

2397 4675 2596 4736 ϐολος,
2623 4670 2703 4736 ὠς
2734 4668 2891 4722 ,λέων
2924 4667 3262 4735 ὠρυόμενος
3299 4664 3592 4733 διέρχεται
3620 4662 3812 4729 ζητῶν
3847 4678 3976 4713 τινα

2397 4759 2728 4814 καταπιεῖν.

2469 4855 2590 4907 Ὀτι
2622 4855 2650 4905 6
2682 4852 2872 4920 κριτὴς
2902 4850 3000 4918 τῆς
3029 4848 3262 4911 ἀδικίας,
3300 4847 3400 4900 ούκ
3449 4847 3598 4900 ἐστιν
3645 4848 3673 4898 6
3717 4846 3875 4910 Θεὸς,
3906 4847 3977 4908 ὡς

2397 4945 2443 4996 οἱ
2475 4941 2661 4994 πολλοὶ
2694 4937 3057 5010 φλυαροῦντες
3086 4938 3366 5004 λέγουσιν’
3399 4935 3537 4989 ἀλλὰ
3565 4953 3648 4998 τις
3687 4932 3756 5006 ἦν
3782 4936 3974 5005 κριτὴς

2398 5032 2580 5093 ἄδικος
2614 5029 2733 5082 κατ’
2781 5029 2957 5080 ἐκεῖνο
3000 5025 3215 5096 καιροῦ,
3244 5027 3317 5089 ὡς
3351 5028 3379 5078 6
3400 5027 3785 5095 Χρυσόστομος
3811 5026 3975 5091 λέγει,

2401 5122 2538 5192 πρὸς
2563 5120 2620 5172 ὃν
2650 5119 2712 5182 ἐξ
2754 5116 2920 5171 αὐτοῦ
2965 5116 3061 5186 τὴν
3090 5117 3408 5186 παραϐολὴν
3442 5119 3680 5169 ποιεῖται
3712 5117 3974 5186 Χριστός·

2404 5211 2650 5281 βούλεται
2700 5209 2756 5261 δὲ
2802 5208 2890 5262 διά
2935 5209 3122 5260 τούτου
3170 5208 3365 5271 δεῖξαι,
3402 5207 3477 5277 μὴ
3516 5209 3778 5260 ἐκκακείν
3823 5208 3881 5258 ἐν
3906 5207 3977 5275 τῷ

2401 5299 2818 5373 προσεύχεσθαι.
2862 5299 2952 5350 Ἐν
2973 5299 3031 5350 δὲ
3074 5299 3152 5368 τῷ
3195 5298 3396 5367 λέγειν,
3431 5301 3610 5363 Πόσῳ
3662 5296 3906 5368 μᾶλλον
3947 5301 3977 5349 ὀ

2401 5394 2603 5462 Πατὴρ
2633 5391 2799 5462 ὑμῶν
2832 5394 2864 5444 ὀ
2900 5389 3175 5458 οὐράνιος
3208 5393 3226 5443 .'
3278 5391 3435 5445 ἄλλον
3468 5386 3608 5443 εἶναι
3654 5392 3745 5443 τὸν
3799 5391 3977 5444 ἄδικον

2403 5487 2615 5559 κριτὴν,
2658 5485 2752 5537 καὶ
2786 5483 2945 5536 ἀλλον
2991 5484 3082 5535 τὸν
3123 5483 3276 5536 Θεόν.
3323 5482 3467 5536 Ἀλλ’
3495 5483 3584 5535 ὅτε
3619 5481 3862 5551 ἀκούσῃς
3893 5481 3976 5534 τὸν

2401 5580 2535 5634 Θεὸν
2559 5577 2754 5648 κριτὴν
2791 5575 3027 5641 ἀδικίας,
3071 5575 3146 5645 μὴ
3177 5575 3420 5647 φοϐηθῇς
3448 5576 3623 5629 είπεῖν
3653 5575 3817 5628 αὑτὸν
3859 5591 3974 5644 κρι-

2403 5674 2501 5742 τὴν
2526 5668 2760 5733 ἀδικίας,
2793 5667 2888 5723 καλΙ
2922 5668 2982 5721 οὐ
3007 5667 3382 5738 δικαιοσύνηςο
3411 5668 3626 5732 Δικαίφ
3653 5667 3763 5737 γὰρ
3797 5667 3970 5734 νόμος

2408 5770 2476 5820 οὺ
2500 5762 2702 5818 κεῖται.
