4220 6432
293 424 432 490 1200

1389 423 1710 483 SCHOLIA
1746 426 2035 486 \‘E’l‘EliA
2072 430 2151 490 IN
2187 434 2469 493 LUCAM.

3390 438 3532 504 1210

356 534 463 588 Τοῦ
497 532 794 604 Φαρισαίου
825 530 1035 585 καὶτοῦ
1073 531 1307 585 τελώνου
1342 531 1376 599 ἠ
1403 531 1686 602 παραϐολὴ
1721 532 1852 585 ὑπο-
1883 537 1926 592 Α

1883 537 1926 592 Α
2031 535 2195 591 Vens.
2236 538 2320 592 l0.
2340 538 2599 594 Pharisaei
2632 546 2685 595 et
2705 539 2979 610 publicani
3009 545 3264 611 parabola
3296 552 3530 605 ostendit

279 625 553 678 δείκνυσιν
585 624 666 676 ὃτι
704 623 1080 691 ἐπιστημόνως
1105 622 1185 674 δεῖ
1214 620 1646 691 προσεύχεσθαι·
1682 621 1852 673 πολλὰ

282 711 394 780 γὰρ
439 709 604 764 αὐτοῦ
654 710 724 763 τά
774 708 1111 779 ἐγκλήματα.
1169 709 1479 779 Ἑθαύμασε
1533 709 1641 780 γὰρ
1688 710 1852 772 αὐτὸς

281 804 466 862 αὐτὸν,
490 803 587 854 καὶ
625 801 853 864 πολλοὺς
883 802 1100 872 ἐτέρους
1130 802 1227 854 σὺν
1250 801 1325 870 τῷ
1357 800 1562 874 τελώνῃ
1593 803 1850 871 κατέκρι-

281 909 393 944 νεν.
432 890 656 960 Ἀληθές
696 887 790 944 οὖν
829 892 891 944 τὺ
924 892 1310 961 γεγραμμένον
1335 892 1518 962 ῥητὸν,
1559 894 1642 946 δτι
1677 895 1851 946 Ἔστι

279 983 511 1049 δίκαιος
534 983 958 1051 ἀπολλύμενος
981 984 1050 1036 ἐν
1073 983 1281 1049 δικαίῳ
1313 985 1519 1038 αὐτοῦ.

354 1073 474 1125 Ὀτι
505 1073 617 1135 πῶς
647 1073 676 1124 6
712 1075 810 1140 μὲν
836 1074 1127 1144 Φαρισαῖος
1156 1075 1712 1147 μεγαλορρημονήσας
1759 1080 1851 1129 ἐπὶ

277 1166 392 1225 τοῖς
437 1165 656 1227 οἰκείοις
709 1165 1041 1234 δικαιώμασι
1090 1167 1505 1235 κατακέκριται,
1555 1170 1583 1220 6
1619 1169 1675 1222 δὲ
1727 1169 1850 1222 Ἰὼϐ

279 1256 376 1308 ἐπὶ
405 1257 575 1323 τούτῳ
606 1257 753 1327 αύτῷ
782 1259 980 1327 μᾶλλον
1009 1262 1101 1313 καὶ
1125 1261 1503 1326 δεδικαίωται;
1547 1263 1668 1315 Ὅτι
1697 1259 1850 1326 οὗτος

280 1343 383 1412 μὲν
435 1343 659 1412 μηδενὸς
699 1345 1114 1408 ἀντιπίπτοντος
1175 1349 1271 1400 καὶ
1333 1350 1757 1420 παρακινοῦντος
1813 1353 1846 1422 ἦ

277 1433 637 1504 ἐρεθίζοντος,
683 1439 1180 1506 μεγαλορρημονεῢ
1219 1441 1246 1491 ὀ
1276 1440 1332 1492 δὲ
1363 1443 1421 1493 ἐν
1464 1441 1564 1510 μὲν
1592 1443 1670 1511 τῷ
1700 1445 1849 1496 εὐδο-

276 1528 484 1593 κιμεῖν,
536 1525 769 1594 ἔκρυϐεν
814 1527 1038 1580 ἑαυτόν·
1074 1531 1130 1580 ὲν
1181 1529 1238 1582 δὲ
1293 1531 1369 1598 τῷ
1423 1535 1844 1603 κατηγορεῖσθαι

275 1616 381 1668 ὑπὸ
416 1616 510 1668 τοῦ
558 1617 782 1686 Ἐλιφάζ
821 1617 854 1686 ἢ
888 1619 982 1670 τοῦ
1021 1620 1286 1683 διαϐόλου,
1315 1622 1606 1676 ἀποδύεται
1637 1625 1703 1677 τὰ
1726 1625 1845 1676 ὲπι-

273 1706 549 1776 φερόμενα
580 1708 920 1778 ἐγκλήματα.
956 1710 1102 1779 (Τοῦ
1131 1713 1610 1780 Πηλουσιὼτου.)

347 1798 469 1850 Ὀτι
499 1797 647 1865 λέγει
666 1800 694 1852 6
711 1801 1124 1870 εὐαγγελιστὴς,
1139 1804 1218 1855 ὅτι
1244 1804 1434 1857 οὐδὲν
1453 1807 1677 1860 τούτων
1695 1825 1843 1861 συν-

1961 637 2212 695 oportere
2270 630 2504 685 scienter
2547 646 2725 687 orare.
2767 632 2930 686 Multa
2975 636 3120 687 enim
3180 636 3326 690 illius
3376 653 3531 695 erant

1961 730 2212 789 peccata:
2246 721 2487 789 seipsum
2515 724 2912 788 admirabatur.
2947 733 3002 779 et
3047 727 3252 781 multos
3301 741 3530 784 cineres

1956 827 2078 864 cum
2109 813 2830 881 publicanocondemnabat.
2864 815 3066 870 Verum
3092 819 3257 888 igitur
3273 830 3356 874 est
3384 823 3530 888 quol

1960 904 2219 972 scriptum
2253 915 2335 960 est
2373 909 2599 958 verbum
2626 946 2639 968 ,
2677 907 2864 960 Justus
2903 909 3039 977 perit
3069 908 3122 960 in
3143 909 3355 976 iustitia
3408 926 3527 963 sua.

2038 1082 2194 1138 Vens.
2220 1084 2306 1136 14.
2328 1084 2618 1150 Quomodo
2644 1083 2952 1140 Pharisaus
2966 1087 3184 1155 quidem
3205 1089 3526 1156 superbiens

1957 1172 2010 1226 in
2035 1173 2271 1243 propriis
2295 1175 2523 1242 justitiis
2555 1175 2975 1237 condemnatur,
3007 1175 3109 1229 Job
3134 1186 3314 1230 autem
3351 1179 3404 1231 in
3428 1195 3526 1232 eo-

1951 1262 2072 1316 dem
2091 1265 2264 1328 magis
2284 1263 2640 1332 justiﬁcatur?
2661 1265 2798 1330 Quia
2822 1265 2912 1318 ille
2933 1265 3149 1334 quidem
3171 1268 3387 1321 neruine
3403 1282 3527 1319 cono

1953 1354 2252 1406 tradicente
2299 1355 2381 1407 vel
2400 1356 2653 1408 turbante
2680 1365 2770 1409 aut
2799 1355 3096 1419 excitante,
3129 1357 3403 1425 superbit;
3437 1356 3525 1408 hic

1951 1458 2079 1496 vero
2112 1459 2236 1496 cum
2261 1443 2513 1496 laudatur
2549 1460 2607 1498 se
2629 1446 2945 1513 abscondit;
2973 1453 3027 1500 et
3070 1463 3191 1500 cum
3222 1455 3515 1500 accusatur

1951 1535 2261 1603 abEliphaz
2286 1536 2368 1587 vel
2399 1535 2686 1599 adiabolo,
2722 1538 2869 1592 illata
2896 1539 3126 1593 crimina
3156 1539 3384 1608 repellit.
3407 1536 3521 1605 (Ita

1953 1624 2275 1693 Pelusiota.)

2019 1805 2183 1861 Vens.
2217 1807 2306 1861 5i.
2345 1806 2482 1861 Dicit
2518 1808 2848 1877 evangelista
2882 1825 2898 1862 :
2936 1809 3088 1862 Nihil
3126 1809 3314 1861 horum
3363 1791 3520 1862 intel-

272 1887 452 1955 ﬁxar’
481 1889 619 1942 ἀλλ’
652 1887 727 1959 ἦν
753 1890 929 1946 τοῦτο
969 1867 1225 1962 "5.1577140
1281 1899 1698 1966 κεκρυμμένον
1742 1902 1844 1954 ἀπ’
1879 1867 1918 1927 Β

1879 1867 1918 1927 Β
1947 1899 2207 1960 (exerunt,
2239 1898 2327 1952 sed
2353 1909 2466 1952 erat
2497 1900 2707 1952 verbum
2737 1901 2880 1952 istud
2922 1900 3292 1954 absconditum
3325 1903 3387 1953 ab
3419 1902 3515 1953 eis.

270 1979 489 2044 αὐτῶν,
521 1980 689 2049 ἧγουν
728 1982 855 2053 περὶ
886 1984 982 2051 τῆς
1007 1984 1372 2047 ἀναστάσεως.
1405 1986 1504 2038 Διὰ
1523 1987 1842 2060 τί;“Επειδὴ

270 2069 482 2122 οὐδέπω
539 2070 759 2141 ᾔδεισαν
807 2074 1052 2142 ἀκριϐῶς
1098 2077 1164 2127 τὰ
1200 2076 1349 2146 παρά
1394 2078 1503 2130 τῶν
1550 2081 1843 2150 προφητῶν

269 2161 357 2214 ἐπ’
382 2162 530 2230 αύτῷ
561 2164 852 2233 λεγόμενα,
880 2165 953 2227 ὼς
979 2167 1170 2229 ἁλιεῖς.

340 2256 464 2307 Ὀτι
493 2258 520 2308 ὁ
545 2256 745 2325 τυφλὸς
792 2258 1007 2311 ἀκούων
1051 2258 1160 2312 τῶν
1201 2260 1453 2330 Γραφῶν,
1485 2262 1580 2314 καὶ
1611 2262 1718 2314 ἀπὺ
1746 2263 1839 2316 τοῦ

267 2348 433 2401 Δαϐὶδ
479 2351 570 2402 καῖ
611 2351 742 2402 Θεὸν
787 2347 934 2421 εῖχεν
973 2352 1154 2417 αὐτὸν,
1205 2355 1298 2405 καὶ
1359 2355 1840 2424 ὲπιστομιζόμενος

265 2441 368 2494 ούκ
401 2441 598 2495 ἔπαυεν
621 2458 633 2472 ο
667 2443 787 2496 ὅθεν
819 2446 911 2497 καὶ
945 2445 1166 2498 ἀκούειο
1215 2445 1284 2498 Ἡ
1329 2446 1531 2511 πίστις
1573 2461 1691 2500 σου
1739 2447 1840 2501 σέο

266 2537 426 2589 σωκέ
456 2554 529 2590 σε
550 2553 562 2566 ·
589 2535 781 2605 ἀφίησι
811 2535 866 2588 δὲ
895 2537 1055 2589 αὑτὸν
1084 2537 1267 2590 λαλεῖν
1310 2537 1402 2589 καὶ
1433 2537 1582 2607 βοᾷν,
1608 2539 1706 2608 τὴν
1747 2538 1836 2590 πί-

268 2647 387 2683 στιν
417 2629 579 2683 αὺτοῦ
613 2629 873 2682 δεικνύων
905 2633 1014 2692 τοῖς
1044 2629 1318 2685 συνοῦσιν.

339 2722 462 2774 Ὀτι
512 2720 627 2788 φῶς
673 2718 895 2788 γέγονεν
938 2722 970 2790 η
1017 2722 1167 2789 φωνὴ
1198 2720 1274 2789 τῷ
1314 2721 1532 2790 τυφλῷ·
1565 2721 1629 2773 ὲκ
1663 2723 1839 2788 φωτὸς

264 2812 373 2883 γὰρ
413 2807 480 2880 ἦν
529 2812 558 2864 6
589 2811 742 2879 λόγος
787 2811 1077 2880 ἀληθινοῦ·
1121 2806 1276 2874 οὗτος
1327 2812 1497 2874 ἰαθεὶς
1557 2813 1838 2881 ἠκολοᾶθει

264 2899 430 2970 αὐτῷ.

831 2992 1082 3047 ΚΕΦΑΛ.
1135 2994 1234 3046 IG'.

336 3099 432 3152 Διὰ
462 3100 514 3152 τί
551 3101 580 3154 6
609 3103 874 3170 Ζακχαῖος
923 3104 950 3154 6
979 3101 1215 3172 τελώνης
1263 3101 1666 3172 ὑποδεξάμενος
1698 3106 1835 3174 Χρι-

1950 1988 2004 2042 Id
2046 2000 2148 2052 est,
2181 1990 2248 2043 de
2279 1989 2914 2059 resurrectiour,quarc?
2936 1991 3074 2056 Quia
3107 1993 3343 2044 nomium
3375 2003 3520 2045 recte

1946 2081 2192 2136 sciebant
2243 2096 2363 2149 qua:
2413 2080 2481 2133 de
2508 2080 2617 2148 [illo
2652 2095 2682 2133 a
2724 2082 3004 2151 prophetis
3051 2081 3393 2145 dicebantur,
3431 2091 3518 2134 ut-

1946 2181 2072 2241 pote
2113 2171 2431 2239 piscatores.

2015 2261 2179 2317 Vens.
2213 2263 2300 2317 55.
2334 2263 2520 2318 Caecus
2551 2265 2781 2318 audiens
2807 2263 3137 2332 Scripturas,
3163 2262 3315 2315 illum
3344 2272 3395 2316 ut
3431 2261 3517 2314 Fi-

1945 2351 2073 2405 lium
2097 2351 2262 2406 David
2287 2360 2339 2406 et
2361 2351 2533 2406 Deum
2551 2352 2760 2418 habuit,
2781 2361 2836 2406 et
2862 2354 3100 2407 clamare
3128 2367 3234 2405 non
3257 2355 3512 2405 cessarit.

1943 2440 2096 2498 Unde
2116 2442 2287 2507 audit,
2314 2441 2474 2497 Fides
2497 2454 2592 2498 tua
2619 2456 2666 2498 te
2687 2446 2891 2499 salvum
2911 2446 3054 2514 fecit.
3095 2444 3236 2498 Siuit
3267 2461 3391 2496 emn
3414 2461 3515 2496 an-

1941 2545 2048 2588 tem
2089 2536 2235 2605 loqui
2261 2545 2316 2590 et
2339 2538 2597 2602 clamare,
2630 2549 2687 2594 ut
2715 2539 2965 2593 ostendat
3007 2538 3367 2608 praesentibus
3394 2537 3516 2605 ejus

1942 2628 2100 2680 Iidem
2111 2666 2124 2679 .

2014 2716 2176 2770 Vens.
2197 2716 2285 2770 4‘2.
2309 2715 2423 2770 Lux
2456 2716 2593 2770 facta
2616 2727 2700 2771 est
2730 2732 2830 2770 vox
2855 2733 2954 2771 sua
2981 2733 3146 2782 caeco,
3166 2733 3196 2771 e
3220 2719 3339 2771 lucc
3365 2719 3509 2770 cnim

1939 2817 2056 2863 erat
2083 2801 2327 2863 veritatis
2357 2825 2558 2863 sermo.
2594 2810 2697 2863 Iste
2726 2820 2950 2865 sanatus
2992 2812 3323 2881 sequebatur
3355 2825 3506 2862 eum.

2525 2991 2758 3047 CAPUT
2791 2990 2936 3045 XIX.

2012 3099 2175 3154 Vens.
2210 3101 2263 3156 8.
2301 3100 2411 3154 Cur
2447 3100 2712 3154 Zachzeus
2743 3100 3070 3169 public-anus
3104 3098 3194 3168 qui
3231 3098 3508 3152 Christum

266 3192 407 3250 στὸν,
451 3193 562 3251 τοῖς
606 3190 953 3260 ἠδικημένοις
986 3193 1322 3261 τετραπλοῦν
1359 3193 1640 3258 ἀπέδωκε;
1679 3196 1833 3248 Κατά
1859 3195 1903 3257 C

1859 3195 1903 3257 C
1938 3191 2168 3258 excepit,
2221 3190 2306 3242 his
2351 3205 2490 3257 quos
2527 3188 2872 3243 delraudavit
2912 3188 3276 3256 quadruplum
3299 3186 3501 3240 reddit?

263 3280 354 3333 τὸν
382 3282 546 3349 νόμον
577 3282 735 3333 τοῦτο
761 3281 1054 3352 πεποίηκε,
1098 3284 1190 3334 τὸν
1219 3282 1507 3335 κελεύοντα
1555 3286 1674 3336 ἀντὶ
1717 3284 1835 3347 ένδς

263 3374 500 3442 τέσσαρα
572 3371 818 3440 πρόϐατα
862 3373 1224 3426 ἀποτιννύειν.
1296 3373 1356 3425 ὐ
1419 3375 1516 3441 μὲν
1566 3376 1833 3444 Ζακχαῖος

263 3461 473 3529 ἀγνοῶν
510 3460 539 3513 δ
571 3460 762 3524 ἐποίει,
805 3462 991 3531 θερμῷ
1038 3462 1186 3532 ζήλῳ
1239 3463 1539 3532 φερόμενος
1577 3466 1670 3518 καὶ
1704 3465 1833 3535 θείῳ

264 3553 428 3623 ἔρωτι
476 3552 824 3623 φλεγόμενος,
859 3555 950 3606 ἐπὶ
1003 3557 1339 3624 συκομορέαν
1370 3558 1689 3626 ἀνέτρεχεν·
1722 3560 1749 3610 6
1777 3559 1833 3611 δέ

264 3659 328 3710 γε
367 3643 571 3712 Κύριος
603 3645 862 3713 μυστικόν
897 3664 947 3697 τι
981 3646 1288 3716 θεωρήσας,
1325 3647 1478 3714 ἔλεγε
1501 3665 1512 3676 ·
1549 3648 1833 3718 Κατάϐηθι

265 3733 536 3797 ἐντεῦθεν,
575 3734 843 3802 κατάϐηθι
874 3736 981 3787 ἀπὸ
1009 3737 1106 3805 τῆς
1165 3739 1502 3807 συκομορέας
1523 3755 1536 3768 ·
1566 3739 1832 3809 μνήσθητι

262 3822 393 3886 ὅτιό
427 3820 596 3890 Ἀδὰμ
614 3822 944 3891 γυμνωθεὶς.
973 3824 1188 3894 ύπδιτὴν
1217 3825 1387 3895 συκῆν
1411 3827 1741 3896 ἐκρύπτετοο
1770 3831 1832 3880 σὺ

266 3912 434 3965 θέλων
470 3912 730 3982 σωθῆναι,
780 3915 870 3967 ἐπὶ
926 3916 1095 3984 συκῆν
1143 3917 1217 3986 μὴ
1275 3918 1577 3987 ἀνατρέχε·
1636 3919 1716 3974 δεῖ
1768 3939 1834 3987 με

263 4003 422 4057 τοῦτο
474 4005 536 4057 τδ
586 4007 888 4077 συκόμορον
935 4006 1183 4076 ξηρᾶναι,
1252 4009 1344 4062 καὶ
1389 4009 1518 4063 ἄλλο
1569 4013 1834 4079 φυτεῦσαι

264 4098 685 4164 οταυρόχριστον
713 4097 948 4168 δένδρον.

344 4185 402 4236 '0
443 4186 642 4248 σκοπὸς
671 4188 770 4256 τῆς
800 4189 1079 4259 παρούσης
1124 4193 1460 4264 παραϐολῆς,
1505 4198 1634 4268 ὃλην
1684 4215 1830 4269 παρ-

265 4278 497 4346 ιπᾷτῆς
525 4278 762 4347 Χριστοῦ
790 4282 1100 4352 οἰκονομίας
1122 4285 1219 4354 τὴν
1244 4287 1496 4356 δύναμιν.
1519 4291 1835 4360 Ἀνθρωπος

261 4371 368 4436 γαρ
398 4368 472 4419 ῶν
518 4370 684 4438 ἀνέϐη
740 4371 928 4425 λαϐεῖν
987 4375 1163 4444 ἐαυτῷ
1223 4377 1534 4444 βασιλείαν·
1595 4382 1833 4449 δηλονότι

262 4459 739 4528 ὲνανθρωπήσαντι
786 4463 862 4533 τῷ
891 4465 1004 4535 Υίῷ
1032 4469 1059 4518 ό
1094 4469 1279 4539 Πατὴρ
1324 4473 1417 4523 καὶ
1445 4475 1477 4542 ἡ
1511 4473 1604 4526 τοῦ
1657 4477 1830 4542 Λόγου

263 4553 562 4614 ὑπόστασις
599 4552 798 4606 δέδωκε
851 4554 928 4624 τῷ
976 4557 1364 4628 προσλήμματι
1407 4563 1503 4632 τὴν
1535 4561 1829 4630 βασιλείαν.

261 4645 324 4695 Oi
348 4643 403 4695 δὲ
435 4642 720 4712 μισοῦντες
748 4646 908 4698 αὐτὸν
938 4648 988 4698 οἱ
1019 4647 1252 4711 πολῖται,
1280 4651 1429 4703 αὐτοί
1453 4655 1592 4704 εἰσιν
1621 4657 1669 4706 οῖ
1708 4656 1836 4707 ’1ου-

259 4733 422 4785 δαῖοι.
477 4732 667 4795 Ποίους
700 4733 756 4785 δὲ
806 4733 1030 4798 δούλους
1063 4735 1296 4802 καλέσας
1341 4739 1550 4803 τούτοις
1597 4743 1831 4811 διένειμε

258 4823 360 4884 τὰς
391 4823 527 4877 δέκα
561 4827 730 4891 μνᾶςς
753 4825 891 4888 Τοὺς
923 4827 1162 4892 τελείους
1207 4829 1303 4900 τὴν
1331 4831 1608 4897 ﬁrmae-3;
1666 4851 1834 4902 μυστ-

259 4917 499 4982 αγωγεῖν
555 4914 775 4984 ἐτέρους
831 4917 1066 4979 είδότας”
1106 4921 1543 4992 ὑποστρέψαντος
1604 4927 1739 4993 μετὰ
1772 4929 1832 4978 τὸ

260 5005 446 5058 λαϐεῖν
475 5005 573 5077 τὴν
621 5008 901 5074 βασιλείαν
946 5010 1039 5063 τοῦ
1080 5011 1366 5082 ἀνθρώπου
1419 5015 1511 5067 τοῦ
1546 5017 1831 5083 εὐγενοῦς,

260 5096 515 5163 εὐγενοῦς
543 5098 630 5150 διὰ
657 5099 752 5168 τὴν
783 5099 1013 5170 θεότητα
1044 5102 1213 5167 ὄντος,
1246 5105 1643 5176 ἐντρυφήσουσι
1674 5108 1832 5160 δεκα-

261 5190 659 5252 πλασιάσαντες
709 5193 799 5244 καὶ
843 5195 1435 5260 πενταπλασιάσαντες.
1499 5200 1710 5253 Ἐπάνω
1740 5196 1831 5253 οὖν

259 5283 391 5334 δέκα
419 5283 624 5335 πόλεων
652 5284 683 5352 ἢ
713 5285 871 5337 πέντε
901 5291 1218 5355 γενήσονται
1241 5307 1252 5317 ·
1284 5293 1545 5353 τουτέστι,
1570 5293 1830 5360 δοξασθή-

262 5390 444 5425 σονται
494 5373 754 5437 πλειόνως
797 5376 830 5445 ἦ
879 5377 1169 5448 πρότερονο
1209 5381 1399 5448 ἀτιμία
1435 5382 1488 5434 δὲ
1518 5382 1667 5434 ἔσται
1721 5386 1832 5446 τοῖς

259 5463 404 5532 δκνῳ
431 5462 718 5532 νικηθεῖσι.
757 5465 847 5535 Τῷ
883 5467 940 5519 δὲ
975 5468 1242 5538 κρύψαντι
1276 5471 1334 5522 τὸ
1366 5472 1639 5538 τάλαντον,
1677 5491 1828 5527 τουτ⁸

261 5554 379 5606 ἐστι
403 5557 500 5622 τὴν
527 5557 686 5623 χάριν
730 5558 794 5626 ῆν
823 5558 1052 5620 ἕκαστος
1082 5560 1262 5624 ἔλαϐε,
1308 5561 1482 5630 λέγει·
1513 5565 1610 5616 Διά
1639 5567 1692 5617 τί
1718 5569 1829 5629 τοῖς

259 5643 642 5713 τραπεζίταις
691 5645 974 5709 τουτέστι,
1025 5646 1123 5698 Διά
1172 5649 1224 5700 τί
1265 5650 1339 5718 μὴ
1387 5651 1703 5721 προῠθηκας
1751 5656 1828 5715 εἰς

260 5732 559 5787 ἀπόλαυσιν
600 5736 711 5798 τοῖς
756 5731 815 5788 εὖ
854 5738 1015 5790 εἰδόσι
1057 5739 1371 5806 δοκιμάζειν
1411 5741 1476 5794 τὰ
1510 5742 1658 5810 παρὰ
1699 5741 1825 5808 σούς

279 5824 417 5892 Ἐγὼ
450 5827 554 5895 γὰρ
581 5823 770 5887 ἐλθὼν,
799 5824 1008 5895 ἔπραξα
1045 5828 1128 5890 ἂν,
1170 5828 1323 5880 τοῦτό
1360 5830 1524 5891 ἑστιν,
1545 5829 1822 5901 Ἀτςῂτητα

1860 4517 1912 4576 D

1941 3279 2250 3334 Secundum
2283 3280 2452 3350 legem
2487 3279 2586 3334 hoc
2630 3279 2758 3332 fecit
2796 3279 3199 3348 praecipientem
3252 3291 3350 3346 pro
3397 3292 3503 3330 una

1936 3381 2172 3443 quatuor
2206 3386 2336 3425 oves
2394 3371 2626 3425 solvere.
2675 3371 2935 3424 Zachazus
2975 3368 3196 3439 quidem
3262 3368 3510 3421 nesciens

1936 3464 2077 3532 quod
2119 3463 2331 3531 agebat,
2365 3462 2578 3516 ardenti
2628 3463 2743 3515 zelo
2793 3473 2974 3515 motus
3001 3471 3053 3514 et
3093 3460 3279 3512 divino
3321 3475 3508 3511 amona

1938 3558 2191 3624 ﬂagrans,
2222 3557 2273 3606 in
2310 3569 2652 3623 sycomorum
2702 3553 2968 3606 ascendit.
3020 3549 3283 3603 Dominus
3325 3559 3504 3600 auten:

1939 3648 2318 3716 Inysteriosum
2342 3644 2471 3712 quid
2494 3657 2723 3696 cernens
2743 3643 2898 3696 dixit.
2933 3641 3207 3695 Descende
3233 3640 3377 3700 inde.
3416 3639 3509 3690 ὼ·-

1939 3738 2138 3792 sceude
2173 3753 2200 3787 a
2220 3750 2542 3802 sycomoro:
2573 3743 2846 3787 memento
2869 3734 3038 3785 Adam
3073 3733 3361 3790 nudatum.
3406 3731 3510 3803 sub

1940 3831 2042 3882 licu
2077 3845 2134 3882 se
2166 3828 2556 3886 abscondisse;
2588 3836 2642 3879 tu
2665 3827 2853 3880 volens
2880 3826 3100 3889 salvari,
3127 3825 3179 3877 in
3212 3824 3369 3876 ticum
3401 3837 3508 3874 non

1938 3923 2170 3975 ascende
2201 3928 2450 3988 :Oportet
2495 3934 2579 3972 me
2620 3920 2756 3971 hanc
2790 3932 3138 3987 sycomorum
3183 3916 3390 3968 siccare
3414 3955 3427 3978 ,
3454 3927 3505 3966 et

1939 4013 2102 4065 aliam
2134 4011 2380 4079 plantare
2408 4008 2608 4062 Christi
2644 4009 2891 4063 crucilixi
2924 4008 3196 4060 arborem.

2015 4193 2176 4248 Vsus.
2212 4190 2297 4245 12.
2333 4190 2677 4259 Propositum
2730 4191 3014 4258 praesentis
3056 4188 3347 4257 parabohe,
3387 4186 3508 4238 uni-

1938 4299 2152 4338 versam
2215 4281 2449 4336 instituti
2499 4280 2702 4334 Christi
2757 4279 3013 4331 virtutem
3057 4278 3297 4330 exhibet.
3337 4275 3509 4327 llomo

1938 4377 2083 4432 enim
2132 4391 2258 4430 cum
2303 4382 2469 4435 esset,
2511 4370 2757 4424 ascendit
2799 4371 3046 4437 accipere
3086 4368 3185 4421 sibi
3234 4382 3504 4436 regnum;

1938 4467 2220 4521 evidenter
2245 4463 2452 4518 homini
2475 4462 2616 4516 l'acto
2640 4460 2779 4514 Filio
2810 4459 2971 4513 Pater
3001 4468 3055 4512 et
3083 4456 3242 4511 Verbi
3273 4472 3502 4524 persona

1938 4560 2083 4614 dedit
2099 4566 2402 4626 assmnptae
2425 4553 2749 4608 humanitati
2775 4550 3190 4621 regnum.Cives
3210 4559 3386 4602 autem
3410 4547 3502 4615 qui

1937 4666 2061 4704 eum
2092 4649 2341 4712 oderant,
2364 4645 2535 4700 Judaei
2567 4653 2710 4699 sunt.
2733 4643 2884 4708 Quos
2910 4657 3040 4695 vero
3068 4656 3252 4693 servos
3279 4655 3502 4700 vocans,

1938 4740 2122 4794 divisit
2150 4740 2231 4794 eis
2262 4739 2447 4791 decem
2485 4734 2685 4789 mnas?
2733 4733 3011 4788 Perlectos
3044 4732 3311 4792 moribus,
3366 4730 3506 4781 alios

1941 4831 2157 4883 initiare
2189 4829 2443 4883 scientes.
2495 4826 2744 4880 Reverso
2797 4833 2921 4894 post
2953 4833 3231 4891 acceptum
3283 4835 3505 4887 regnum

1939 4915 2379 4982 homine'nobili,
2411 4918 2579 4972 nobili
2611 4916 2832 4987 quidem
2863 4918 2931 4969 ob
2955 4915 3317 4975 divinitatem,
3353 4913 3504 4965 laeta-

1937 5016 2140 5070 buntur
2168 5013 2261 5083 qui
2290 5013 2579 5081 decuplum
2607 5011 2867 5071 fecerant,
2892 5019 2945 5060 et
2976 5008 3070 5076 qui
3111 5005 3463 5075 quintuplum
3489 5021 3501 5065 ;

1937 5122 2061 5160 nam
2086 5121 2246 5173 super
2271 5105 2453 5158 decem
2476 5102 2825 5170 autquinque
2846 5100 3096 5153 civitates
3133 5099 3291 5150 lient:
3318 5097 3371 5148 id
3398 5105 3502 5154 est.

1937 5197 2394 5252 Glorilicabuntur
2429 5195 2598 5263 magis
2631 5208 2792 5262 quam
2827 5203 3001 5245 antea.
3051 5191 3292 5242 Dedecus
3321 5197 3500 5241 autem

1934 5287 2039 5341 erit
2087 5287 2170 5340 his
2200 5285 2287 5354 qui
2321 5285 2540 5353 pigritia
2574 5282 2808 5351 superati
2838 5290 2987 5334 sunt.
3025 5278 3085 5332 Ei
3119 5278 3212 5348 qui
3242 5279 3500 5331 talentum

1934 5379 2238 5442 abscondit,
2269 5376 2321 5430 id
2352 5384 2437 5430 est
2459 5374 2685 5444 gratiam
2717 5386 2880 5440 quam
2909 5371 3139 5440 quisque
3161 5367 3386 5435 recepit,
3422 5366 3501 5420 di-

1856 5472 1866 5480 ’
1933 5474 2006 5527 cit
2037 5491 2050 5526 :
2081 5471 2258 5537 Quare
2302 5484 2409 5522 non
2442 5465 2634 5520 dedisti
2669 5463 2971 5524 tabulariis,
3011 5460 3061 5514 id
3097 5468 3201 5522 est,
3233 5459 3341 5512 Cur
3393 5472 3496 5509 non

1934 5558 2258 5631 proposuisti
2295 5558 2348 5611 in
2383 5570 2599 5611 usuram
2646 5553 2732 5607 his
2785 5553 2877 5621 qui
2905 5553 3039 5604 bene
3080 5557 3343 5603 noverant
3372 5562 3497 5615 pro-

1934 5651 2062 5705 bare
2087 5664 2207 5718 quae
2229 5655 2386 5702 erant
2416 5645 2556 5716 apud
2603 5645 2684 5697 te?
2720 5645 2829 5712 Ego
2853 5641 2998 5695 enim
3028 5640 3247 5694 veniens
3279 5638 3489 5706 exegis-

1936 5757 2068 5803 sem,
2085 5740 2135 5793 id
2153 5738 2627 5809 est,;ltogavissem
2643 5749 2766 5790 cum
2792 5747 2956 5787 usura
2986 5731 3128 5801 quod
3152 5745 3331 5785 meum
3356 5740 3494 5782 erat.

1937 5833 1997 5887 lit
2027 5830 2100 5885 illi
2122 5828 2338 5899 quidem
2362 5830 2500 5883 bona
2527 5833 2870 5895 receperunt;
2897 5823 2948 5877 hi
2986 5831 3165 5877 autem
3186 5821 3275 5890 qui
3312 5820 3492 5873 uoluc-
