4220 6432
742 432 821 491 Ῑιὲῖ
853 435 861 485 ἐ
1437 428 1829 487 OI’USCUIA
1867 415 2495 482 SCRIPTURISTICA
2539 411 2886 472 lNCEHT/E
2924 412 3233 472 ASTATIS.

3836 411 3983 474 19.12

737 554 863 596 runt
898 543 1170 597 hominem
1211 542 1443 594 nobilem
1470 554 1695 609 regnare
1714 552 1878 607 super
1907 551 1989 599 se,
2027 532 2292 588 interfecti
2325 534 2368 589 Α
2401 554 2403 571 ι

2325 534 2368 589 Α
2401 529 2497 580 σὺν
2527 527 2667 591 τόκῳ
2694 527 2755 577 τὸ
2796 525 2927 592 ἐμόν
2949 539 2962 553 ⁶
3000 523 3094 575 καὶ
3124 523 3169 576 oi
3204 523 3302 592 μὲν
3338 521 3613 574 ἀπέλαϐον
3650 522 3719 574 τὰ
3763 524 3950 588 ἀγαθά
3973 542 3987 556 ·

735 641 866 685 sunt
911 647 1094 687 coram
1132 648 1218 684 eo.
1252 630 1391 684 Dicit
1431 639 1612 682 autem
1657 642 1776 697 qua:
1834 628 1977 696 passi
2032 633 2158 680 sunt
2203 638 2301 689 po-

737 732 942 778 stremo
974 724 1025 776 in
1051 722 1445 790 expugnatione
1490 721 1677 783 urbis;
1726 730 1779 773 et
1810 720 1864 773 in
1913 717 2155 771 timendo
2183 714 2303 781 ejus

740 818 994 877 adventu,
1055 829 1244 868 omnes
1304 822 1362 866 ut
1413 811 1807 875 interfectioni,
1864 806 2134 877 supplicio
2186 813 2302 858 trao

741 908 955 960 dentur.

813 1082 977 1138 Vens.
1009 1084 1097 1136 41.
1138 1083 1308 1137 Flevit
1359 1098 1521 1151 super
1560 1082 1861 1136 Jerusalem
1897 1079 2162 1147 benignus
2194 1077 2303 1130 Do-

746 1174 960 1238 minus,
995 1182 1055 1227 ut
1087 1173 1396 1226 ostenderet
1440 1189 1498 1226 se
1538 1174 1602 1225 de
1632 1173 1719 1224 illa
1767 1171 1980 1234 dolere;
2018 1170 2141 1223 inde
2187 1179 2307 1237 post

740 1264 984 1332 quinque
1007 1272 1059 1316 et
1091 1263 1308 1330 triginta
1335 1277 1506 1317 annos
1530 1265 1594 1314 ab
1614 1261 1731 1327 ejus
1760 1262 2103 1323 ascensione,
2139 1275 2309 1327 expu-

743 1358 926 1422 gnatio
981 1353 1121 1407 facta
1171 1364 1275 1417 est,
1340 1356 1448 1408 Deo
1505 1356 1739 1421 spatium
1799 1354 2130 1421 prenitentia:
2178 1368 2305 1419 erga

744 1446 888 1499 illam
914 1456 1222 1514 praestante.
1250 1445 1308 1500 Si
1340 1447 1661 1514 cognovisses
1688 1456 1737 1498 et
1776 1454 1832 1497 tu
1878 1460 1994 1513 qua:
2036 1443 2103 1496 ad
2126 1459 2309 1513 pacem

745 1536 862 1597 tibi,
895 1536 946 1587 id
998 1546 1102 1598 est.
1156 1538 1298 1605 quod
1355 1537 1505 1590 utilia
1557 1548 1610 1590 et
1657 1538 1964 1589 necessaria
2020 1536 2087 1589 ad
2122 1552 2309 1605 pacem

743 1639 867 1678 cum
896 1626 1004 1677 Deo
1045 1627 1369 1691 habendam,
1412 1642 1504 1694 per
1543 1626 1702 1681 tidem
1738 1636 1792 1679 et
1839 1627 2068 1695 gratiam
2103 1637 2309 1693 essent,

743 1729 851 1768 non
882 1716 1015 1769 tales
1046 1716 1426 1770 tribulationcs
1448 1727 1498 1770 te
1527 1718 2035 1780 circumdedissent;
2063 1719 2155 1770 sed
2186 1718 2313 1772 abs-

746 1805 963 1858 condita
995 1812 1145 1869 sunt,
1181 1804 1375 1873 inquit,
1428 1807 1499 1860 ab
1539 1807 1711 1858 oculis
1740 1807 1886 1869 tuis;
1920 1806 1969 1859 id
2003 1815 2103 1869 est,
2142 1807 2312 1861 liben-

746 1902 830 1945 ter
860 1894 999 1946 scire
1033 1893 1275 1948 noluisti.
1330 1891 1552 1962 Tempus
1605 1906 1786 1947 autem
1836 1894 2149 1947 visitutionis
2184 1904 2309 1960 tute,

750 1985 838 2037 illa
866 1985 1068 2041 dicitur
1097 2002 1259 2056 quam
1301 1985 1430 2042 fecit
1471 1988 1804 2042 descendens
1853 1995 2021 2056 utque
2047 2001 2145 2042 eos
2190 1986 2321 2043 visi-

750 2088 894 2129 ιαιιε.

1310 2162 1544 2218 CAPUT
1597 2162 1737 2218 XXI.

814 2271 987 2340 ’Vens.
1018 2270 1072 2323 2.
1113 2270 1282 2325 Vidua
1334 2273 1494 2326 obola
1548 2274 1657 2325 duo
1704 2272 1941 2335 obtulit,
2000 2274 2113 2330 haec
2168 2275 2316 2330 enim

754 2369 880 2414 sunt
909 2362 1137 2425 minuta,
1166 2364 1375 2430 acet-pit
1405 2374 1585 2416 autem
1635 2365 2040 2429 abundantius;
2074 2366 2199 2435 quia
2237 2377 2322 2420 to-

757 2461 865 2505 tam
906 2467 1060 2506 suam
1110 2452 1274 2507 vitam
1328 2455 1584 2524 largiens,
1634 2470 1828 2526 magno
1879 2459 2063 2512 animo
2113 2459 2329 2517 obtule-

758 2551 861 2598 rat.

1325 2651 1556 2707 CAPUT
1590 2651 1750 2707 XXII.

828 2776 992 2831 Vens.
1034 2777 1115 2831 I5.
1150 2776 1409 2844 Dicenda,
1445 2776 1751 2832 Desideravi
1783 2782 1877 2833 hoc
1919 2781 2125 2836 Pascha
2172 2800 2326 2836 man-

759 2869 953 2920 ducare
997 2869 1280 2931 vobiscum,
1328 2869 1570 2922 ostendit
1623 2884 1681 2923 se
1731 2880 1924 2938 sponte
1962 2888 2060 2926 sua
2104 2888 2326 2941 passum

761 2975 904 3013 esse.

834 3051 999 3105 Vens.
1026 3049 1116 3104 9.7.
1146 3051 1429 3116 Quomodo
1466 3051 1785 3119 intelligitur
1835 3052 1977 3121 quod
2028 3054 2161 3108 dicit
2199 3072 2213 3108 :
2265 3054 2331 3108 In

765 3144 931 3195 medio
963 3128 1187 3196 vestrum
1218 3159 1333 3195 sum
1364 3144 1498 3197 sicut
1521 3142 1611 3212 qui
1640 3144 1907 3197 ministrat
1927 3146 1953 3198 ?
1980 3144 2051 3201 De
2075 3147 2331 3202 humani-

764 3243 875 3286 tate
903 3248 1000 3286 sua
1025 3234 1126 3285 hoc
1153 3232 1307 3287 dicit.

836 3320 1000 3378 Vens.
1050 3323 1142 3377 30.
1203 3321 1270 3377 Ut
1319 3323 1488 3376 edatis
1532 3330 1581 3375 et
1630 3322 1824 3377 bibatis
1882 3341 2039 3393 super
2095 3343 2329 3381 mensam

767 3428 934 3465 meam
973 3412 1026 3463 in
1064 3428 1219 3481 regno
1248 3427 1379 3464 meo.
1406 3409 1633 3479 Propter
1659 3421 1971 3466 sanctorum
2011 3414 2120 3469 illic
2161 3415 2333 3470 felici—

768 3511 932 3556 tatem
962 3502 1096 3556 dicit
1121 3518 1216 3571 per
1248 3502 1621 3571 metaphoram
1650 3504 2061 3559 convivamium
2081 3522 2206 3559 cum
2244 3522 2331 3561 re-

770 3594 949 3663 gibus.
2240 3590 2243 3595 ’

843 3684 1003 3738 Vens.
1028 3684 1112 3739 5|.
1145 3683 1256 3739 Cur
1293 3686 1431 3739 alios
1462 3685 1734 3755 linquens,
1763 3683 1982 3739 Petrum
2015 3687 2333 3756 alloquitur,

772 3777 974 3841 Simon,
1006 3776 1206 3833 Simon.
1234 3793 1349 3830 ecce
1378 3775 1611 3831 Satanas
1633 3779 1877 3846 expetivit
1923 3794 2008 3831 vos
2045 3790 2099 3830 ut
2132 3781 2340 3832 cribra-

772 3881 845 3922 ret
882 3870 1018 3921 sicut
1045 3869 1317 3922 triticum?
1346 3868 1416 3923 Ut
1448 3870 1595 3922 illum
1624 3879 1871 3923 moueret
1900 3886 1964 3923 ne
1995 3869 2049 3922 in
2078 3886 2135 3923 se
2161 3871 2334 3924 conti-

772 3962 882 4013 dat.
911 3959 1050 4025 Quid
1082 3970 1163 4014 est
1198 3960 1481 4014 cribrare?
1511 3960 1739 4029 agitare,
1766 3974 2001 4025 nocere;
2035 3975 2154 4014 mos
2191 3962 2336 4014 enim

774 4059 858 4101 est
902 4049 1118 4103 Satanae
1168 4050 1268 4104 hos
1295 4051 1385 4119 qui
1427 4052 1726 4119 probantur
1771 4058 2047 4119 appetere,
2082 4058 2142 4105 ut
2190 4052 2339 4106 vide-

775 4156 894 4193 mus
928 4141 980 4193 in
1012 4140 1130 4194 Job.

849 4228 1013 4284 Vens.
1048 4231 1135 4284 52.
1176 4229 1435 4294 Dicendo,
1461 4229 1570 4299 Ego
1602 4230 1777 4299 rogavi
1799 4245 1891 4295 pro
1915 4239 1984 4291 te,
2012 4229 2249 4284 ostendit
2283 4246 2342 4285 se

777 4332 835 4377 ut
884 4323 1157 4376 hominem
1213 4339 1422 4391 rogare.
1485 4322 1771 4376 Conversus
1829 4324 2083 4390 conﬁrma
2148 4321 2340 4390 fratres

781 4425 919 4480 tuos,
945 4430 1013 4467 ne
1040 4418 1092 4468 iu
1123 4417 1557 4484 desperationem
1595 4416 1817 4475 cadant,
1847 4415 1896 4467 id
1927 4424 2030 4479 est,
2057 4415 2154 4469 ﬁas
2179 4416 2344 4469 robur

777 4513 832 4560 et
858 4505 1116 4575 magister
1142 4522 1329 4559 eorum
1355 4508 1446 4577 qui
1481 4522 1573 4576 per
1607 4506 1763 4560 [idem
1798 4506 2099 4560 ambulant.

856 4690 1015 4745 Vens.
1049 4691 1139 4745 35.
1169 4689 1454 4756 Quomodo
1485 4701 1770 4759 postquam
1812 4690 1950 4743 dixit
1998 4705 2107 4743 non
2139 4705 2346 4757 peram,

782 4783 1090 4850 pecuniam,
1130 4784 1379 4837 baculum
1430 4792 1483 4836 et
1530 4783 1634 4835 alia
1688 4782 1942 4844 habeant,
1980 4796 2124 4834 nunc
2166 4782 2297 4837 dicit
2332 4801 2345 4835 :

784 4875 887 4938 Qui
924 4876 1076 4927 habet
1126 4874 1395 4927 sacculum
1436 4874 1610 4935 tollat,
1663 4874 1910 4927 similiter
1951 4883 1999 4926 et
2049 4889 2269 4940 peram;
2298 4885 2347 4928 et

784 4968 869 5033 qui
895 4982 995 5018 non
1022 4965 1194 5031 habet,
1226 4966 1410 5018 vendat
1431 4966 1664 5018 tunicam
1683 4981 1829 5016 suam
1854 4975 1902 5016 et
1923 4977 2058 5017 emat
2076 4967 2352 5035 gladium?

791 5061 947 5114 l'rius
989 5059 1203 5111 illorqu
1244 5060 1497 5112 virtutem
1538 5067 1745 5110 tentare
1789 5057 1994 5118 volens,
2028 5059 2350 5112 ostendebat

793 5152 926 5205 nihil
980 5151 1260 5213 habentes,
1309 5149 1443 5202 nihil
1503 5149 1610 5201 illis
1661 5146 1968 5201 defuturum
2024 5164 2088 5202 ex
2148 5149 2229 5202 his
2286 5149 2352 5202 ad

793 5241 1256 5311 prwdicationem,
1308 5248 1564 5308 tauquam
1592 5238 1657 5292 ad
1695 5246 1881 5307 gentes
1927 5238 2205 5292 euntibus.
2257 5237 2357 5292 Po-

794 5334 991 5387 sterius
1021 5340 1199 5384 autem
1245 5332 1388 5386 circa
1419 5332 1752 5400 passionem,
1787 5329 1909 5383 illos
1953 5344 2098 5383 nunc
2131 5344 2357 5383 manen-

795 5433 901 5477 tem
936 5424 988 5477 in
1016 5422 1199 5477 Judara
1227 5432 1597 5491 paupertatem
1624 5421 1852 5485 indicat,
1882 5420 2025 5490 quod
2061 5421 2358 5487 privabuu-

797 5526 883 5569 tur
912 5516 1164 5570 omnibus
1203 5514 1389 5575 modo,
1422 5523 1473 5567 et
1514 5514 1777 5574 esuriem,
1807 5521 1861 5569 et
1878 5513 2205 5579 nudierunt,
2228 5521 2281 5567 et
2305 5513 2358 5567 in

801 5608 886 5661 bis
934 5624 1083 5662 suam
1127 5608 1529 5678 philosophiam
1566 5607 1916 5663 exhibebunt.
1947 5605 2135 5660 Adhuc
2176 5617 2358 5661 autem

799 5708 853 5752 ct
880 5697 929 5750 id
957 5698 1086 5751 dicit
1113 5707 1171 5751 ut
1196 5699 1428 5753 modesti
1459 5714 1581 5754 esse
1610 5701 1858 5765 discant;
1898 5699 2097 5762 adhuc,
2132 5698 2190 5753 ut
2212 5713 2276 5751 ex
2303 5713 2360 5752 se

804 5789 1000 5860 Aliquid
1038 5790 1300 5858 inferant,
1336 5806 1442 5846 non
1471 5798 1673 5849 autem.
1703 5800 1756 5844 ut
1787 5789 2060 5855 socordes,
2092 5798 2263 5843 totum
2298 5802 2359 5842 cx

2406 621 2453 671 οί
2480 619 2534 670 δὲ
2566 618 2639 687 μὴ
2672 616 2993 684 θελήσαντες
3022 614 3113 666 τὸν
3137 615 3333 682 εὐγενῆ
3358 613 3643 681 ἄνθρωπον
3666 614 3995 679 βασιλεῦσαι

2408 710 2493 762 ἐπ’
2520 708 2738 768 αὐτοὺς.
2772 704 3199 774 κατεσφάγησαν
3240 704 3550 773 ἔμπροσθεν
3586 703 3778 756 αὑτοῦ.
3821 705 3996 770 Λέγει

2406 800 2461 852 δὲ
2490 798 2635 867 ἅπερ
2660 797 2860 850 ἔπαθον
2894 797 3121 867 ἔσχατον
3153 799 3209 849 ἐν
3236 800 3300 866 τῇ
3330 796 3529 849 ἀλὼσει
3548 813 3560 825 ·
3594 797 3687 848 καὶ
3710 798 3767 847 ὲν
3790 799 3858 863 τῇ
3893 813 4001 861 φο·

2407 890 2544 959 ϐερᾷ
2576 888 2740 941 αὐτοῦ
2785 888 3019 954 ἐλεύσει,
3070 889 3272 950 πάντες
3311 888 3387 951 ὡς
3428 891 3610 957 σφαγῇ
3658 891 3724 956 τῇ
3766 887 3996 939 κολάσει

2409 979 2899 1047 παραδοθήσονται.

2481 1070 2601 1121 ’Ὁτι
2653 1071 2951 1139 ἐδάκρυσεν
2997 1069 3089 1121 ἐπὶ
3131 1069 3485 1137 Ἰερουσαλὴμ
3526 1070 3555 1119 ὁ
3601 1069 3995 1137 φιλάνθρωπος

2412 1161 2638 1231 Κύριος·
2672 1160 2761 1212 ἵνα
2794 1160 2943 1231 δείξῃ
2968 1160 3049 1212 ὅτι
3082 1159 3334 1212 λυπεῖται
3369 1161 3492 1230 περὶ
3522 1158 3714 1225 αὐτῆς,
3746 1158 3871 1210 ὅθεν
3899 1159 3998 1209 καὶ

2413 1251 2551 1321 μετὰ
2595 1251 3055 1319 τριακονταπέντε
3108 1252 3203 1319 ἔτη
3235 1253 3331 1318 τῆς
3371 1250 3691 1320 ἀναλήψεως
3726 1250 3919 1311 αὑτοῦ,
3957 1252 3991 1316 ή

2412 1343 2611 1403 ἀλωσις
2658 1342 2901 1408 γέγονεν,
2937 1341 3207 1411 ἀναϐολὴν
3244 1342 3532 1410 μετανοίας
3572 1342 3667 1393 τοῦ
3694 1340 3835 1393 Θεοῦ
3874 1357 3998 1390 ποι-

2409 1433 2640 1501 ουμένου
2692 1433 2821 1501 περὶ
2872 1431 3063 1499 αὐτῆς.
3114 1432 3188 1484 Τὸ
3230 1432 3307 1493 δὲ,
3355 1436 3423 1486 Ei
3450 1434 3639 1500 ἔγνως
3679 1433 3779 1483 καὶ
3813 1434 3900 1483 σὺ
3927 1433 4001 1484 τὰ

2410 1525 2563 1588 πρὸς
2609 1520 2875 1588 εἰρήνην,
2918 1522 3075 1574 τοῦτό
3115 1524 3280 1587 ἔστιν,
3314 1524 3395 1574 ὅτι
3428 1524 3687 1592 Χρήσιμα
3731 1525 3827 1575 καὶ
3863 1524 4001 1574 ἀνα-

2410 1614 2577 1679 γκαῖα
2610 1614 2746 1680 πρὸς
2778 1612 2840 1664 τὸ
2868 1614 3182 1682 είρηνεῦσαι
3208 1614 3326 1684 Θεῴ
3354 1614 3442 1667 διὰ
3490 1617 3587 1677 τῆς
3620 1615 3862 1675 πίστεως
3906 1614 4002 1665 καὶ

2412 1702 2513 1769 τῆς
2540 1702 2782 1771 χάριτος,
2814 1702 2915 1754 οὐκ
2944 1702 3010 1756 ἂν
3038 1703 3284 1756 τοιαῦταί
3314 1720 3373 1756 σε
3406 1703 3616 1773 θλίψεις
3644 1706 4000 1772 περιέμενον.

2413 1791 2525 1842 ἀλλ’
2568 1790 2802 1859 ἐκρύϐη,
2835 1794 3021 1860 φησὶν,
3055 1792 3162 1845 ἀπὸ
3203 1792 3499 1862 ὀφθαλμῶν
3550 1809 3675 1846 σου*
3718 1794 3845 1845 ἀντὶ
3878 1792 3998 1855 τοῦ,

2431 1882 2727 1945 Ἑκουσίως
2759 1884 2859 1937 οὐκ
2904 1884 3172 1954 ἠθέλησας
3215 1885 3432 1939 εἰδέναι.
3491 1889 3711 1951 Καιρὸν
3758 1885 3814 1937 δὲ
3850 1884 4001 1949 λέγει

2423 1972 2535 2040 τῆς
2565 1973 2907 2041 ἐπισκοπῆς
2933 1990 3079 2038 σου,
3110 1975 3178 2045 ἢν
3205 1976 3365 2035 αὐτὸ,
3392 1976 3687 2040 ἐποιήσατο
3721 1972 4004 2028 κατελθὼν

2423 2067 2498 2130 ὡς
2532 2068 2968 2138 ἐπισκεψόμενος
2997 2070 3213 2132 αὐτους.

2986 2179 3233 2231 ΚΕΦΛΛ,
3270 2180 3402 2231 KA’.

2496 2283 2678 2351 Ὄτιὴ
2720 2284 2865 2354 χήρα
2898 2283 2988 2337 δύο
3028 2284 3249 2348 ὀϐολοὺς
3288 2286 3639 2356 προσήγαγε·
3676 2284 3849 2338 ταῦτα
3897 2286 4005 2356 γάρ

2426 2378 2532 2429 εἰσι
2565 2374 2632 2428 τὰ
2661 2377 2868 2428 λεπτά·
2919 2375 3252 2446 προσεδέχθη
3290 2376 3345 2428 δὲ
3392 2376 3879 2447 ὑπερϐαλλόντως·
3925 2378 4004 2429 ὅτι

2425 2468 2614 2539 ὥσπερ
2646 2466 3008 2538 ἀποκτωμένη
3050 2469 3169 2521 ὅλον
3196 2469 3363 2539 αὐτῆς
3402 2469 3492 2522 τίον
3519 2468 3655 2538 βίον,
3688 2469 4007 2539 μεγαλαᾷὑο

2428 2579 2539 2633 χως
2561 2562 2741 2615 πάντα
2768 2558 3141 2631 προσήγαγεν.

3013 2666 3260 2721 ΚΕΦΔΛ.
3307 2664 3438 2722 ΚΒ’.

2501 2797 2625 2847 ὐτι
2650 2793 2839 2858 εἰπὼν,
2881 2794 3257 2861 Ἐπεθύμησα
3281 2792 3493 2846 τούτου
3516 2787 3623 2845 τοῦ
3648 2790 3871 2859 Πάσχα
3900 2808 4011 2862 φα-

2431 2886 2558 2956 γεῖν
2584 2888 2711 2955 μεθ’
2742 2885 2927 2955 ὑμῶν,
2958 2887 3229 2938 δείκνυσιν
3256 2887 3337 2937 ὅτι
3376 2885 3639 2945 ἑκουσίως
3668 2884 3902 2937 ἔπαθεν.

2505 3069 2625 3132 Πῶς
2647 3070 2849 3122 νοεῖται
2875 3069 2934 3121 τὸ
2958 3069 3136 3135 λέγειν
3161 3068 3344 3132 αὑτὸν,
3381 3069 3527 3139 Ἐγὼ
3556 3069 3814 3138 ἐνμέσῳ
3846 3071 4011 3140 ὑμῶν

2359 3199 2402 3258 c
2434 3164 2548 3231 ειμι
2571 3161 2650 3227 ὡς
2672 3160 3000 3225 ὄιακονῶν;
3026 3160 3194 3213 Τοῦτο
3213 3161 3299 3214 διά
3318 3161 3379 3213 τὸ
3402 3160 3740 3230 πρόσλημμα
3768 3162 3941 3227 λέγει.

2506 3339 2599 3404 Τὸ,
2627 3339 2761 3393 Ἵνα
2784 3337 3024 3404 ἐσθίητε
3070 3336 3169 3389 καὶ
3213 3337 3425 3402 πίνητε
3456 3336 3551 3387 ἐπὶ
3584 3335 3694 3400 τῆς
3724 3334 4012 3403 τραπέζης

2435 3449 2548 3498 μου
2579 3430 2647 3481 ἐν
2674 3428 2744 3496 τῇ
2768 3427 3054 3493 βασιλείᾳ
3078 3444 3219 3495 μου,
3245 3426 3332 3479 διὰ
3354 3427 3451 3492 τὴν
3475 3429 3582 3477 τῶν
3610 3426 3785 3491 ἀγξων
3804 3428 4015 3479 ἐκεῖθεν

2437 3521 2799 3591 λαμπρότητα
2831 3520 2998 3586 λέγει,
3032 3520 3139 3571 ἀπὸ
3165 3520 3478 3586 μεταφορᾶς
3504 3518 3613 3568 τῶν
3644 3519 4018 3584 συναριστῶν-

2436 3628 2544 3664 των
2570 3613 2683 3672 τοῖς
2716 3609 3046 3680 βασιλεῦσιν.

2511 3702 2611 3755 Διά
2638 3701 2690 3754 τί
2724 3702 2847 3764 τοὺς
2889 3700 3081 3763 ἄλλους
3109 3700 3289 3767 ἀφεὶς,
3322 3698 3457 3768 πρὸς
3490 3701 3580 3751 τὸν
3612 3698 3821 3767 Πέτρον
3862 3695 4018 3761 φησι,

2439 3794 2654 3859 Σίμων,
2693 3792 2908 3859 Σίμων,
2957 3789 3086 3842 ἰδοὺ
3129 3792 3163 3843 d
3191 3786 3459 3851 Σατανᾶς
3487 3788 3830 3854 ἐξῃτήσατο
3864 3784 4021 3853 ὑμᾶς

2439 3884 2709 3937 σινιάσαι
2741 3882 2820 3947 ὡς
2869 3880 2974 3933 τὸν
3003 3880 3212 3943 σῖτον-ς
3248 3880 3365 3932 Ἵνα
3414 3879 3680 3949 παιδεύσῃ
3732 3878 3899 3930 αὐτὸν
3943 3877 4017 3944 μὴ

2440 3974 2617 4043 ἑαυτῷ
2650 3975 2894 4043 θαρῤεῖν.
2932 3971 2997 4024 Τί
3022 3971 3078 4024 δέ
3108 3975 3224 4024 ἐστι
3274 3970 3554 4033 συνιάσαι;
3588 3970 3857 4037 Ταράξαι,
3893 3968 4021 4035 βλα-

2441 4066 2568 4133 ψαι·
2615 4063 2731 4125 ἔθος
2774 4064 2881 4133 γὰρ
2910 4062 2987 4130 τῷ
3022 4063 3237 4129 Σατανᾷ
3260 4062 3386 4124 τοὺς
3413 4059 3838 4129 εὐδοκιμοῦντας
3870 4060 4021 4122 ἐξαι-

2441 4155 2674 4216 τεῖσθαι,
2708 4154 2896 4223 ὥσπερ
2925 4152 3019 4205 καὶ
3044 4152 3135 4203 ἐπὶ
3171 4151 3312 4205 Ἰὼϐ.

2514 4247 2587 4298 Τὸ
2636 4246 2693 4298 δὲ
2740 4245 2917 4311 λέγειν
2970 4242 3154 4307 αὑτὸν,
3214 4242 3363 4311 Ἐγὼ
3395 4241 3651 4306 ἐδεήθην
3698 4243 3833 4309 περὶ
3881 4243 4020 4304 σοῦ,

2444 4337 2642 4402 ἔδειξεν
2683 4336 2764 4388 ὅτι
2788 4334 2863 4395 ὡς
2891 4334 3177 4404 ἄνθρωπος
3204 4332 3599 4401 προσεύχεται·
3634 4330 3696 4381 τὸ
3719 4330 3801 4392 δὲ,
3850 4333 4025 4384 Ἐπι-

2445 4427 2714 4495 στρέψας
2763 4424 3054 4491 στήριξον
3100 4424 3244 4489 τοὺς
3288 4423 3588 4490 ἀδελφούς
3626 4437 3767 4483 σου,
3823 4422 3912 4473 ἶνα
3951 4423 4024 4489 μὴ

2375 4518 2419 4573 D
2449 4518 2528 4577 εἰς
2555 4518 2864 4583 ἀπόγνωσιν
2891 4513 3225 4583 ἐμπέσωσιν,
3251 4512 3373 4565 ἀντὶ
3405 4511 3520 4573 τοῦ,
3546 4509 3709 4562 Γενοῦ
3737 4512 4025 4579 στήριγμα

2449 4604 2542 4657 καὶ
2561 4601 2879 4663 διδάσκαλος
2907 4601 3015 4653 τῶν
3039 4600 3128 4652 διὰ
3152 4599 3386 4658 πίστεως
3421 4598 3627 4649 ίὸντων.

2522 4695 2642 4757 Πῶς
2674 4695 2778 4765 πρὸ
2800 4693 2992 4747 τούτου
3025 4691 3125 4762 μὲν
3152 4692 3335 4759 πήραν
3365 4688 3460 4740 καὶ
3488 4687 3689 4756 χαλκὸν
3710 4687 3806 4738 καὶ
3830 4686 4025 4753 ρἀδον

2450 4789 2543 4840 καὶ
2580 4787 2647 4839 τά
2677 4786 2813 4839 ἀλλα
2851 4785 2999 4851 λέγει
3029 4782 3103 4853 μὴ
3133 4779 3453 4847 κεκτῆσθαι,
3502 4778 3598 4828 νῦν
3634 4777 3806 4842 λέγει,
3843 4776 3927 4827 ὅτι
3975 4775 4026 4825 Ὀ

2451 4876 2627 4943 ἔχων,
2658 4873 2810 4942 φησὶ,
2840 4870 3179 4936 ,ϐαλάντιον
3206 4866 3402 4935 ἀράτω
3430 4866 3644 4933 ὁμοίως
3675 4864 3772 4915 καὶ
3804 4864 4023 4931 πήραν

2452 4965 2546 5017 καί
2607 4967 2638 5017 ό
2685 4962 2769 5032 μὴ
2816 4964 2993 5029 ἔχων,
3045 4958 3379 5025 πωλησάτω
3429 4956 3493 5009 τὸ
3546 4955 3779 5023 ἱμάτιον
3840 4953 4027 5006 αὐτοῦ

2453 5054 2551 5107 καὶ
2601 5052 2947 5122 ἀγορασάτω
2991 5051 3330 5119 μάχαιραν;
3386 5047 3521 5098 Κατ’
3551 5045 3723 5113 ἀρχὰς
3767 5045 3867 5112 μὶν
3917 5046 4029 5095 πεῖ-

2458 5162 2553 5213 ραν
2584 5144 2681 5214 τῆς
2730 5142 2893 5196 αὐτοῦ
2924 5141 3207 5207 δυνάμεως
3233 5137 3408 5198 διδους
3429 5176 3442 5195 ,
3470 5134 3671 5196 ἔδειξεν
3697 5134 3783 5184 ὅτι
3817 5134 4025 5183 ἐκεῖνον

2456 5234 2670 5301 ἔχοντες
2694 5273 2708 5296 ,
2749 5228 2960 5291 οὐδενὸς
3005 5228 3213 5280 δέονται
3251 5223 3457 5277 τούτων
3494 5224 3572 5285 εἰς
3628 5222 3691 5273 τὸ
3739 5222 4026 5289 κήρυγμα,

2454 5324 2526 5382 ὼς
2570 5324 2706 5393 πρὸς
2755 5322 2824 5374 τά
2873 5319 2999 5390 ἔθνη
3032 5318 3433 5387 ἀπερχόμενον
3493 5313 3628 5381 πρὸς
3668 5311 3727 5363 δὲ
3771 5309 3854 5378 τῷ
3890 5310 4031 5361 τέλει

2456 5413 2551 5467 τοῦ
2585 5413 2811 5476 πάθους,
2863 5411 2961 5479 τὴν
3010 5410 3068 5461 ἐν
3123 5408 3354 5476 Ἰουδαίᾳ
3402 5405 3500 5457 νῦν
3545 5403 3816 5472 ἐσομένην
3856 5402 4032 5453 αὐτῶν

2461 5506 2732 5575 πτωχείαν
2786 5503 3123 5566 αἰνίττεται,
3186 5500 3267 5552 ὅτι
3330 5495 3757 5567 στερηθήσονται
3825 5494 4029 5545 πολλῶν

2458 5598 2594 5661 τέως
2620 5596 2710 5649 καὶ
2742 5594 3055 5646 πεινάσουσι
3080 5591 3173 5643 καὶ
3215 5589 3413 5658 γυμνοὶ
3445 5587 3675 5648 ἔσονται,
3706 5587 3803 5637 καὶ
3830 5588 3887 5636 ἐν
3916 5582 4030 5635 τοί-

2459 5707 2572 5753 τοις
2612 5689 2711 5758 τὴν
2767 5686 2972 5739 οἰκείαν
3025 5681 3348 5752 φιλοσοφίαν
3398 5679 3746 5742 ὲνδείξονται.
3802 5678 3923 5729 Ἐτι
3975 5673 4028 5724 δὲ

2465 5784 2622 5839 τοῦτο
2645 5781 2813 5849 λέγει,
2844 5781 2929 5833 ἵνα
2961 5778 3053 5832 καὶ
3082 5776 3396 5849 μετριάζειν
3432 5774 3706 5847 μάθωσιν·
3741 5772 3822 5823 ἔτι
3846 5771 3919 5832 Et,
3949 5768 4022 5818 ἵνα
