4220 6432
248 395 390 460 1213

1342 401 1658 459 SCIIOLIA
1705 401 1999 460 ΥΕΤΕΒᾹ
2046 403 2120 460 IN
2156 401 2434 461 LUCAM.

3349 405 3486 467 12H

244 511 339 560 καὶ
365 507 496 575 παρ’
545 507 753 561 ἑαυτῶν
793 525 845 561 τι
892 507 1295 578 εἰσενέγκωσιν,
1337 510 1473 563 ἀλλὰ
1513 510 1587 580 μὴ
1616 511 1676 562 τὸ
1711 511 1817 563 πᾶν

1925 510 2013 563 Dei
2047 511 2246 562 virtute
2284 516 2618 577 exspectent.
2651 509 2906 582 Dicendo,
2935 511 3174 579 gladium
3195 525 3357 574 emat,
3385 515 3484 569 Ju-

243 598 432 667 ὥσπερ
456 599 514 650 ἐν
540 597 768 666 ἀψύχοις
789 598 900 651 τισὶ
919 600 1014 670 τῆς
1035 601 1128 654 τοῦ
1147 599 1282 653 Θεοῦ
1310 601 1479 670 ῥοπῆς
1505 600 1814 670 νομίζηται.

258 690 347 743 Ἐν
380 689 436 741 δὲ
479 688 556 757 τῷ
591 688 769 757 λέγειν
821 690 1092 761 ἀγοράσαι
1148 690 1443 760 μαχαίρας,
1483 690 1584 758 τὴν
1629 687 1818 756 ἔφοδον

242 779 353 832 τῶν
395 779 666 832 Ἰουδαίων
709 780 964 850 προλέγει
991 780 1088 850 τὴν
1135 781 1255 833 κατ’
1293 778 1482 842 αὐτοῦ,
1513 777 1686 831 ταῦτα
1729 778 1818 831 λέ-

246 889 359 938 γων
384 871 450 922 δι’
486 871 836 940 αἰνίγματος·
884 872 1139 940 καθαρῶς
1185 872 1242 925 δὲ
1272 871 1332 924 οὐ
1365 871 1611 940 βούλεται
1640 871 1817 937 λέγειν

249 964 345 1032 τὴν
373 964 681 1032 προδοσίαν,
713 965 801 1018 ἵνα
842 965 917 1034 μὴ
954 964 1234 1037 θορυϐήσῃ
1281 965 1499 1025 αὐτούς.
1542 963 1819 1018 Εἰπόντων

242 1055 322 1118 δὲ,
363 1053 542 1118 Ἰδοὺ,
573 1056 767 1122 Κύριε,
799 1048 914 1108 ὧδε
945 1057 1054 1108 δύο
1076 1057 1381 1124 μάχαιραι,
1419 1054 1512 1107 καὶ
1542 1054 1604 1106 τὸ
1629 1054 1820 1123 λεχθὲν

247 1143 325 1213 μὴ
351 1144 658 1206 συνιέντων,
688 1143 847 1208 αὑτός
881 1160 1074 1213 φησιν·
1114 1144 1374 1197 Ἱκανόν.
1394 1143 1456 1195 Εἰ
1485 1142 1580 1211 μὲν
1603 1141 1696 1195 οὖν
1728 1143 1821 1194 ἀν-

245 1234 526 1304 θρωπίνης
560 1235 813 1305 βοηθείας
851 1237 1041 1300 ἐδεῖτο,
1075 1236 1195 1288 οὐδὲ
1231 1237 1277 1288 εῖ
1318 1231 1510 1287 ἑκατὸν
1543 1229 1680 1304 ἦσαν
1713 1233 1820 1301 μά-

244 1340 433 1392 χαιραι
462 1325 645 1376 ἱκαναὶ
672 1320 812 1394 ἦσαν
835 1342 850 1357 ·
881 1325 1070 1394 ἐπειδὴ
1100 1325 1154 1376 δὲ
1187 1323 1261 1392 μὴ
1305 1322 1483 1387 τοῦτο,
1516 1322 1608 1374 καὶ
1642 1323 1698 1373 αἱ
1728 1319 1820 1371 δύο

244 1414 536 1482 περιτταί·
592 1413 732 1466 ὥστε
794 1415 954 1484 χάριν
1032 1413 1312 1482 μηνύσεως
1368 1412 1466 1478 τῆς
1532 1409 1820 1482 προδοσίας

242 1503 414 1555 ταῦτα
463 1503 644 1571 λέγει·
697 1505 784 1558 ἵνα
840 1504 1040 1571 γνῶσιν
1103 1505 1183 1557 ὅτι
1237 1503 1678 1573 προεγίνωσκεν,
1727 1501 1823 1570 οὐχ

241 1593 431 1647 ἕνεκεν
469 1594 561 1648 τοῦ
594 1595 828 1665 χρῆσθαι
864 1596 931 1649 τὰ
965 1596 1252 1666 εἰρημένα.

314 1687 460 1750 Ὅτι,
513 1687 802 1756 Ἷδρωσεν
851 1689 994 1742 ὡσεὶ
1045 1690 1338 1757 θρόμϐους
1394 1689 1665 1756 αἵματος,
1722 1686 1822 1754 τὴν

240 1776 633 1849 ἀνθρωπότητα
663 1779 840 1850 δηλῶν
865 1796 878 1810 ·
910 1781 971 1833 τὸ
989 1781 1068 1844 δὲ,
1111 1780 1478 1849 Ἐνίσχυσεν
1508 1777 1693 1832 αὐτὸν
1719 1778 1821 1846 ἆγ-

1919 600 2159 654 daeorum
2199 599 2251 652 in
2285 613 2343 653 se
2369 600 2704 653 invasionem
2739 599 2893 660 dicit.
2952 601 3179 668 loqui-ns
3230 619 3322 670 per
3364 609 3494 658 a-ni—

1920 701 2138 760 gmata;
2173 690 2318 744 clare
2349 701 2528 744 autem
2550 706 2654 744 non
2676 692 2787 745 \‘ult
2817 691 2883 744 de
2902 693 3201 759 proditione
3233 695 3398 764 loqui,
3429 712 3496 748 ne

1919 783 2042 837 illos
2077 783 2386 837 conturbet.
2427 783 2562 836 Cum
2601 784 2827 846 dicunt,
2872 782 3005 837 Ecce
3032 822 3046 846 ,
3104 783 3318 837 Domine
3342 829 3355 849 ,
3383 789 3490 838 duo

1917 875 2084 942 gladii
2119 874 2222 934 hic.
2271 884 2323 928 et
2371 875 2513 928 dicta
2563 892 2668 928 non
2700 877 3108 940 intellexerunt,
3161 877 3275 944 ipse
3317 879 3490 932 dicit:

1920 965 2067 1020 Satis
2089 976 2188 1019 est.
2216 967 2269 1019 Si
2293 967 2508 1036 quidem
2541 966 2706 1036 igitur
2726 969 2963 1022 humano
2990 969 3196 1022 auxilio
3225 969 3492 1037 eguisSu-t,

1923 1072 2028 1111 non
2055 1058 2137 1110 vel
2168 1068 2384 1111 centum
2422 1058 2583 1128 gladii
2623 1062 2756 1112 satis
2797 1059 3054 1123 fuissent;
3086 1062 3346 1128 quoniam
3382 1075 3484 1112 au-

1921 1158 2028 1203 tem
2069 1151 2200 1203 illud
2230 1166 2337 1203 non
2368 1160 2474 1215 est,
2503 1153 2610 1203 duo
2656 1150 2820 1204 nimis
2866 1161 3028 1216 sunt;
3084 1153 3156 1206 ita
3188 1162 3245 1204 ut
3292 1151 3358 1204 ad
3409 1151 3498 1202 in-

1922 1243 2194 1295 nuendam
2237 1241 2595 1310 proditionem
2644 1242 2716 1295 ita
2751 1242 3026 1310 loquatur,
3064 1251 3122 1298 ut
3149 1251 3485 1309 cognoscant

1921 1334 2046 1400 quia
2079 1333 2380 1402 praesciret,
2424 1340 2478 1387 et
2524 1347 2630 1386 nou
2682 1332 2748 1387 ad
2802 1333 3102 1389 adhibenda
3159 1351 3281 1404 qua:
3337 1336 3489 1389 dicc-

1923 1424 2033 1476 bat.

1994 1687 2158 1744 Vens.
2191 1690 2280 1745 44.
2318 1689 2541 1745 Sudavit
2565 1696 2717 1761 quasi
2753 1702 2928 1762 guttas
2970 1695 3269 1764 sanguinis,
3302 1696 3496 1750 huma-

1926 1781 2068 1836 nitas
2100 1781 2172 1835 ita
2219 1783 2540 1839 ostenditur.
2591 1784 2820 1852 Angelus
2870 1785 3203 1852 confortatus
3236 1797 3313 1838 est
3355 1801 3498 1850 eum,

243 1873 439 1937 ratae,
474 1848 572 1940 οὐχ
596 1870 670 1934 ώς
701 1848 976 1940 δεόμενον,
1005 1872 1120 1924 ἀλλ’
1155 1872 1242 1927 ἵνα
1277 1848 1537 1940 πληρωθῇ
1566 1870 1627 1922 τὸ
1658 1870 1820 1940 ῥητὸν

1929 1884 2034 1924 non
2073 1885 2176 1940 ope
2225 1871 2580 1942 indigentem,
2631 1848 2724 1928 sed
2793 1883 2851 1927 ut
2906 1848 3222 1943 impleretur
3267 1848 3495 1928 verbum

239 1961 303 2012 τὸ
338 1962 497 2029 λέγον
518 1978 532 1992 ·
564 1963 676 2015 Καὶ
724 1963 1231 2032 ἐνισχυσάτωσαν
1275 1962 1437 2026 αὐτῷ
1466 1962 1686 2027 πάντες
1716 1962 1820 2029 ἅγ-

241 2057 406 2122 γελοι
459 2054 647 2108 Θεοῦ·
702 2055 863 2108 τοῦτό
908 2059 1043 2116 ἐστι,
1103 2055 1202 2110 Διά
1250 2055 1348 2123 τὴν
1392 2054 1696 2123 ὑπερϐολὴν
1724 2054 1822 2122 τῆς

240 2145 673 2215 θαυμασιότητος
704 2146 997 2214 δοξςλογῶν
1030 2147 1192 2201 αὑτὸν
1218 2150 1245 2199 ὁ
1273 2147 1501 2214 ἄγγελος
1549 2146 1818 2214 ἐφαίνετο,

240 2233 331 2290 οἷα
381 2237 592 2306 λέγωνπ
644 2239 717 2307 Σή
776 2239 924 2292 εστιν
974 2239 1007 2308 ἡ
1055 2240 1226 2308 ῖτχὺς,
1274 2238 1555 2291 Δέσποτα·
1596 2241 1658 2290 σὺ
1713 2236 1821 2306 γάρ

241 2331 471 2398 ἴσχυσας
501 2330 643 2383 κατά
667 2329 921 2390 θανάτου,
950 2329 1319 2400 ἐλευθερώσας
1348 2329 1409 2381 τὸ
1433 2329 1591 2395 γένος
1625 2328 1683 2379 τ’)
1715 2327 1822 2379 τῶν

245 2421 345 2475 ἀνθ
353 2422 576 2494 ρώπων.

837 2550 1082 2603 ΚΕΦΑΛ.
1127 2548 1250 2601 ΚΓ.

315 2696 439 2746 Ὅτι
486 2695 711 2756 ἄπιστος
765 2689 832 2764 ἦν
887 2694 920 2762 ἠ
976 2692 1280 2764 κατηγορία
1335 2694 1400 2763 ἣν
1459 2695 1824 2762 κατηγορεῖτο

243 2785 478 2855 Χριστὸς
531 2784 636 2838 ύπδ
697 2784 992 2838 Ἰουδαίων·
1047 2783 1169 2837 οὔτε
1215 2785 1323 2853 γὰρ
1370 2785 1533 2853 φόρον
1583 2783 1823 2837 ἐκώλυσε

243 2876 488 2943 Καίσαρι
532 2875 736 2937 δοῦναι,
780 2876 917 2927 ἀλλά
953 2876 1155 2942 μᾶλλον
1206 2876 1303 2927 καὶ
1346 2873 1510 2936 αὐτὸς
1560 2873 1820 2926 δέδωκεν·

242 2963 369 3017 οὔτε
396 2965 504 3035 γάρ
541 2961 858 3032 βασιλεῦσαι
891 2962 1169 3032 ἠϐούλετο,
1204 2962 1340 3016 ἀλλὰ
1369 2963 1462 3015 καὶ
1486 2961 1824 3032 βουλομένων

243 3053 426 3107 αὐτῶν
468 3053 627 3106 τοῦτο
662 3053 907 3120 ποιῆσαι,
937 3052 1286 3122 ἀνεχώρησεν
1326 3053 1557 3106 ἐκεῖθεν.
1605 3050 1823 3117 Ἀλαξο-

1924 1963 2069 2033 quod
2119 1963 2388 2019 dicebat:
2449 1966 2821 2033 Confortentstr
2877 1983 2995 2020 eum
3062 1983 3244 2019 onmes
3322 1965 3500 2035 angeli

1923 2053 2058 2119 Dei;
2095 2053 2149 2108 id
2198 2062 2304 2116 est.
2350 2055 2424 2107 ob
2463 2056 2886 2125 magnitudinem
2915 2055 3146 2126 prodigii
3179 2054 3495 2124 gloriﬁcans

1923 2162 2047 2200 eum
2071 2147 2298 2213 angelus
2321 2148 2573 2214 apparuit
2599 2149 2723 2201 talia
2765 2148 2951 2202 dicens
2985 2167 2998 2202 :
3026 2145 3141 2201 Tua
3185 2155 3270 2201 est
3300 2146 3499 2211 virtus,

1927 2236 2174 2302 Domine;
2207 2253 2330 2290 nam
2370 2247 2424 2290 tu
2460 2246 2648 2293 contra
2677 2249 2904 2294 mortem
2935 2238 3252 2309 praevalens.
3282 2237 3487 2292 libera-

1925 2326 1994 2383 sti
2029 2344 2201 2399 genus
2228 2329 2535 2384 hominum.

2479 2549 2707 2605 CAPUT
2742 2549 2930 2604 XXIII.

1994 2691 2157 2750 Vsus.
2191 2695 2246 2748 2.
2281 2694 2618 2749 Incredibilis
2654 2705 2775 2750 erat
2819 2695 3098 2751 accusatio
3123 2709 3232 2764 qua
3262 2710 3493 2751 accusa-

1926 2786 2086 2839 batur
2122 2785 2374 2841 Christus
2415 2801 2444 2839 a
2468 2806 2472 2810 λ
2500 2783 2721 2839 Iudaeis.
2743 2786 2861 2840 Non
2895 2785 3041 2840 enim
3105 2785 3370 2840 tributum
3397 2800 3495 2839 ve-

1928 2885 2109 2930 tuerat
2132 2875 2264 2931 dare
2284 2876 2509 2941 Caesari,
2539 2875 2632 2932 sed
2655 2878 2834 2945 petius
2854 2877 2983 2932 illud
3018 2877 3132 2947 ipse
3159 2878 3352 2940 solvit;
3388 2893 3496 2931 non

1925 2971 2069 3025 enim
2111 2986 2338 3038 regnare
2382 2970 2609 3033 volebat,
2642 2971 2736 3024 sed
2768 2969 3078 3025 volentibus
3103 2970 3275 3024 turbis
3318 2969 3370 3022 id
3401 2967 3480 3020 l‘a-

1924 3074 2069 3124 cere,
2099 3061 2232 3114 ahiit
2273 3061 2417 3114 inde.
2451 3060 2732 3128 Superbus
2779 3075 2887 3114 non
2931 3069 3069 3126 erat,
3106 3075 3230 3113 nam
3267 3059 3494 3126 pedibus

245 3145 397 3207 νικος
421 3145 524 3196 οὐκ
566 3138 635 3214 ἦν
658 3159 672 3172 ·
708 3140 870 3206 πεζὸς
921 3144 1030 3213 γὰρ
1072 3141 1269 3196 ὥδευε·
1319 3143 1413 3194 καὶ
1449 3141 1608 3194 τοῦτο
1636 3142 1824 3211 ἐνόησε

1929 3150 2242 3204 ambulabat
2279 3169 2292 3203 :
2331 3161 2383 3203 et
2422 3152 2522 3204 hoc
2569 3150 2833 3204 intellexit
2881 3149 3100 3219 quidem
3151 3150 3378 3203 Pilatus.
3408 3148 3493 3200 lu-

245 3238 346 3306 μὲν
381 3238 408 3289 ὁ
453 3235 709 3296 Πιλάτος·
745 3237 923 3303 ἐρωτᾷ
965 3235 1028 3302 δὴ
1069 3233 1348 3302 χλευάζων
1378 3231 1609 3294 αὐτούς·
1647 3231 1731 3285 Σὺ
1767 3227 1825 3285 εἴ

243 3331 278 3381 ό
314 3325 618 3392 ,ϐασιλεὺς
667 3324 786 3378 τῶν
845 3324 1172 3390 Ἰουδαίων,
1206 3324 1254 3376 εἰ
1305 3324 1398 3378 καὶ
1415 3325 1464 3395 εδ
1509 3323 1714 3394 Κύριος
1761 3322 1820 3376 τὸ

238 3418 410 3480 ὅντως
436 3413 574 3470 εἶναι
605 3416 860 3486 βασιλεὺς
891 3416 991 3469 οὐκ
1023 3416 1289 3486 ἀρνεῖται.

312 3509 413 3561 Διά
439 3508 492 3561 τί
533 3509 669 3578 πρὸς
719 3505 966 3576 Ἡρώδην
1026 3506 1179 3575 παρά
1219 3505 1453 3560 Πιλάτου
1500 3505 1814 3574 πεμφθεὶς,

241 3599 361 3651 οὐδὲ
425 3597 816 3668 ἀποκρίνεται;
865 3597 1082 3667 Ἐπειδὴ
1109 3597 1206 3650 οὐκ
1243 3598 1348 3650 ἔδει
1378 3598 1510 3665 πρὸς
1534 3597 1821 3667 ἄνθρωπον

242 3687 634 3757 ἀποκρίνεσθαι
659 3688 811 3740 οὐδὲν
840 3686 989 3752 ἀξιον
1021 3687 1364 3758 ἀποκρίσεως
1384 3687 1576 3756 ἔχοντα
1597 3705 1610 3719 ·
1654 3687 1820 3741 πάλιν

243 3779 303 3832 δὲ
329 3778 449 3832 εὑδὲ
474 3777 816 3840 διδασκαλίας
842 3773 911 3848 ἦν
940 3780 968 3831 ὁ
1003 3777 1216 3848 καιρὸς,
1267 3778 1387 3831 οὐδὲ
1413 3777 1818 3832 ἐπιδείκνυσθαι

248 3871 493 3941 σημείων
515 3870 768 3940 δύναμιν,
802 3871 881 3939 τῷ
918 3869 1053 3940 πρὸς
1074 3869 1375 3940 τεραστίων
1417 3870 1538 3938 ὄψιν
1570 3870 1820 3937 φιλοθεά-

252 3980 372 4032 μονι
409 3961 630 4031 μᾶλλον,
747 3963 945 4032 σημεῖα
986 3961 1137 4024 θείας
1182 3961 1464 4030 δυνάμεως
1517 3961 1644 4014 ἰδεῖν
1689 3961 1817 4031 βου-

247 4056 479 4124 λομένῳ.

309 4145 432 4197 Ὀτι
467 4129 719 4214 Ἡρώδης
738 4145 988 4214 χλευάζει
1015 4145 1075 4197 τὸ
1099 4144 1294 4213 σεμνὸν
1317 4145 1409 4197 καὶ
1447 4145 1626 4213 τίμιον
1643 4160 1657 4173 ·
1675 4163 1819 4217 μαρ-

245 4235 478 4306 τυρεῖδὲ
529 4235 597 4287 δι’
622 4228 698 4289 ὦν
745 4235 1000 4304 χλευάζει
1046 4236 1128 4288 ὅτι
1170 4236 1334 4304 μηδὲν
1375 4235 1559 4289 ἄδικον
1615 4235 1818 4306 ἔπραξε

246 4325 515 4396 Χριστός·
540 4325 602 4380 οὐ
633 4327 740 4397 γὰρ
764 4327 984 4397 ἐσθῆτος
1017 4326 1124 4380 ἔδει
1148 4327 1405 4396 λαμπρᾶς
1429 4329 1521 4381 ἐπὶ
1538 4328 1632 4381 τοῦ
1655 4329 1820 4380 κακόν

247 4434 300 4470 τι
329 4417 643 4486 δεδρακότος
676 4416 710 4488 ἧ
742 4417 1055 4488 είρηκότος·
1106 4418 1228 4471 ὅθεν
1283 4419 1528 4474 Ἰουδαῖοι
1562 4421 1653 4473 καὶ
1676 4420 1821 4474 οὕτω

1927 3247 2167 3302 terrogat
2196 3240 2381 3305 igitur,
2426 3239 2527 3294 hos
2564 3240 2816 3303 illudens,
2843 3240 2923 3294 Tu
2951 3257 3004 3295 es
3032 3256 3124 3293 rex
3148 3239 3497 3293 Judworum.’

1924 3329 2177 3398 quamvis
2209 3327 2472 3385 Dominus
2495 3346 2674 3400 regem
2704 3346 2890 3387 revera
2927 3346 2986 3388 se
3021 3348 3127 3386 non
3165 3339 3348 3400 negat.

1996 3503 2155 3557 Vens.
2191 3504 2242 3557 7.
2271 3504 2382 3558 Cur
2419 3505 2484 3558 ad
2518 3503 2788 3561 Herodem
2820 3521 2851 3561 a
2898 3505 3069 3562 Pilato
3094 3508 3324 3572 missus,
3361 3505 3496 3560 nihil

1921 3594 2402 3664 rrspondet?Quia
2437 3611 2546 3650 non
2582 3597 3024 3667 respondendum
3055 3607 3137 3652 est
3163 3597 3366 3651 homini
3400 3598 3493 3665 qui

1922 3684 2056 3738 nihil
2088 3687 2442 3754 responsione
2481 3686 2702 3755 dignum
2747 3687 2927 3742 habet.
2955 3686 3130 3742 Simul
3173 3695 3227 3740 et
3260 3686 3494 3740 docendi

1925 3790 2032 3830 non
2073 3786 2194 3832 erat
2223 3789 2457 3846 tempus,
2491 3792 2667 3847 neque
2693 3778 3012 3832 ostendendi
3045 3781 3328 3847 signorum
3374 3777 3492 3830 vir-

1924 3877 2113 3929 tutem,
2153 3869 2358 3922 homini
2404 3869 2840 3938 spectaculorum
2874 3869 3269 3938 stupendorum
3309 3870 3486 3937 magis

1923 3959 2104 4024 avido,
2132 3977 2296 4030 quam
2333 3961 2488 4031 signa
2509 3961 2704 4016 divina:
2735 3961 2957 4014 virtutis
2984 3961 3166 4015 videre
3197 3959 3422 4015 volenti.

1993 4142 2158 4196 Vens.
2199 4142 2282 4196 Il.
2319 4141 2560 4197 Herodes
2599 4143 2778 4198 illudit
2825 4146 2972 4212 quod
3007 4144 3186 4197 nobile
3232 4149 3287 4195 et
3318 4143 3494 4195 bono-

1923 4235 2157 4289 randum
2213 4243 2318 4288 est.
2369 4237 2671 4288 Attestatur
2727 4243 2908 4287 autem
2966 4234 3080 4288 hzec
3135 4233 3250 4301 ipsa
3310 4231 3502 4285 irrisio

1920 4325 2198 4380 Christum
2235 4325 2370 4378 nihil
2415 4326 2563 4378 noxii
2595 4325 2902 4379 admisisse.
2941 4322 3058 4378 Non
3102 4323 3246 4378 enim
3280 4331 3504 4392 oporte-

1924 4417 2014 4469 bat
2042 4425 2191 4469 veste
2217 4415 2443 4469 induere
2487 4415 2650 4484 regali
2691 4415 2963 4469 hominem
2996 4415 3087 4484 qui
3118 4414 3245 4468 mali
3279 4413 3492 4482 aliquid

250 4507 720 4576 καταισχύνονται,
746 4509 812 4559 ἐκ
838 4506 931 4560 τοῦ
949 4506 1296 4578 δικαστηρίου
1318 4510 1414 4561 καὶ
1452 4509 1550 4579 τῆς
1585 4525 1820 4579 κατηγο-

1922 4519 2017 4560 aut
2070 4505 2289 4560 fecisset
2344 4514 2438 4559 aut
2499 4506 2747 4560 dixisset.
2782 4505 2908 4559 Inde
2955 4503 3129 4559 Judaei
3180 4505 3347 4558 etiam
3383 4503 3488 4571 ipsi

255 4596 375 4665 ρίας
406 4596 609 4657 αὐτῶν,
674 4595 931 4660 ἀπιόντος
992 4596 1087 4650 τοῦ
1148 4598 1624 4668 κατηγορουμένου
1687 4598 1824 4668 μετὰ

253 4685 514 4755 λαμπρᾶς
540 4685 766 4752 ἐσθῆτος
795 4702 806 4713 ·
839 4686 887 4737 εἰ
918 4687 1010 4738 καὶ
1037 4685 1338 4758 διαπαίζων
1377 4687 1617 4758 Ἡρώδης
1649 4688 1822 4741 ὶποίει

250 4773 439 4827 τοῦτο·
469 4774 568 4826 οὐκ
597 4773 663 4828 ἂν
693 4775 750 4827 δὲ
781 4775 938 4828 τοῦτο
970 4776 1299 4848 διεπράξατο
1345 4779 1504 4849 είπερ
1537 4780 1706 4848 ὀργῆς
1753 4774 1822 4849 ἦν

249 4865 462 4933 καιρός.
489 4865 774 4934 Μαρτυρεῖ
805 4865 862 4918 δὲ
890 4866 1046 4929 αὖθις
1095 4871 1191 4921 καὶ
1215 4868 1244 4920 ὁ
1281 4868 1510 4932 Πιλάτος
1531 4872 1614 4924 ὅτι
1643 4871 1822 4940 ψῆφος

249 4949 315 5023 ἢν
345 4955 486 5024 αὓτη
514 4955 606 5008 τοῦ
647 4954 908 5025 Ἡρώδου,
942 4958 1107 5026 μηδὲν
1135 4959 1454 5029 ἠδικηκέναι
1478 4961 1568 5015 τὸν
1594 4960 1818 5031 Κύριον,

252 5045 312 5111 ἐξ
349 5040 424 5099 ὧν
442 5045 578 5114 πρὸς
595 5045 720 5108 τοὺς
751 5049 1028 5115 ἀρχιερεῖς
1058 5048 1300 5108 καὶτοὺς
1326 5049 1590 5121 ἄρχοντας
1624 5045 1817 5122 [sine],

249 5134 332 5186 ὅτι
387 5133 848 5201 Προσηνέγκατέ
878 5153 981 5204 μοι
1028 5136 1137 5190 τὸν
1198 5138 1516 5206 ἄνθρωπον
1575 5140 1819 5195 τουτονὶ

250 5224 708 5292 ἀποστρέφοντα
751 5226 857 5278 τὸν
896 5225 1070 5291 λαὸν,
1124 5229 1224 5281 καὶ
1263 5229 1392 5283 ίὸοὺ
1430 5231 1545 5299 ἐγὼ
1567 5231 1822 5285 ἐνώπιον

255 5311 423 5380 ὑμῶν
445 5313 790 5380 ἀνακρίνας,
821 5314 1006 5368 οὐδὲν
1047 5309 1230 5383 εὗρον
1275 5317 1346 5370 ἐν
1393 5319 1474 5383 τῷ
1535 5319 1821 5388 ἀνθρώπῳ

256 5402 443 5466 τούτῳ
466 5396 553 5455 ὧν
581 5404 962 5474 κατηγορεῖτε
992 5407 1178 5461 αὐτοῦ
1206 5424 1220 5437 ·
1245 5407 1358 5461 ἀλλ’
1389 5410 1511 5463 οὐδὲ
1552 5410 1816 5482 Ἡρώδης.

324 5584 446 5636 Ὀτι
470 5583 696 5656 πάτριον
724 5580 792 5654 ἦν
814 5585 994 5648 αὐτοῖς
1015 5584 1151 5638 κατά
1181 5586 1373 5657 ἑορτὴν
1407 5589 1660 5643 ἀπολύειν
1689 5592 1782 5646 ἕνα
1801 5607 1816 5623 ·

259 5675 394 5739 ὅπερ
419 5675 570 5738 εἰδὼς
632 5677 660 5728 ὁ
695 5676 939 5740 Πιλάτος,
977 5676 1355 5731 συνεϐούλευσε
1384 5679 1570 5736 τοῦτον
1617 5681 1819 5752 μᾶλλον

258 5763 552 5826 ἀπολῦσαι,
581 5763 694 5817 ἀλλ’
723 5767 749 5818 ὁ
770 5765 959 5834 φθόνος
988 5765 1086 5818 οὐκ
1124 5766 1320 5821 εἴασεν.

1926 4597 2258 4652 erubescunt
2326 4612 2390 4650 ex
2450 4611 2640 4651 eorum
2704 4595 2961 4650 tribunali
3031 4604 3086 4650 et
3145 4595 3496 4649 accusatione

1926 4697 2235 4750 exeuntem,
2272 4696 2588 4741 accusatum
2631 4697 2778 4740 veste
2837 4686 2999 4755 regali
3052 4685 3224 4739 indui.
3263 4685 3371 4738 l-Ztsi
3399 4698 3494 4752 per

1929 4778 2111 4830 ludum
2157 4775 2394 4830 Herodes
2433 4776 2535 4832 hoc
2582 4777 2832 4846 gesserit,
2863 4791 2968 4829 non
3009 4775 3139 4828 illud
3183 4781 3366 4828 tamen
3413 4772 3493 4825 le-

1926 4871 2111 4931 cisset,
2137 4868 2396 4937 quoniam
2437 4868 2531 4922 ira:
2569 4877 2781 4937 tempus
2815 4876 2951 4921 erat.
2996 4865 3250 4920 Testatur
3275 4879 3493 4918 rursum

1925 4973 1976 5015 et
2009 4961 2210 5014 Pilatus
2258 4975 2417 5014 suum
2451 4975 2573 5015 esse
2615 4960 2756 5014 idem
2797 4974 2861 5012 ac
2897 4957 3127 5011 Herodis
3153 4955 3493 5024 sullragium,

1929 5053 2061 5106 nihil
2091 5051 2338 5108 criminis
2371 5052 2424 5106 in
2463 5051 2694 5106 Domino
2730 5065 2874 5105 esse.
2909 5048 2985 5101 Ex
3018 5062 3126 5116 quo
3157 5046 3496 5116 principibus

1926 5145 2268 5199 sacerdotum
2298 5153 2353 5197 et
2377 5142 2788 5211 magistratibus
2828 5141 2978 5194 dicit.
3018 5140 3206 5208 (Vens.
3241 5139 3352 5206 M.)
3385 5136 3493 5190 0b-

1928 5236 2126 5288 lulistis
2165 5234 2292 5288 mihi
2329 5234 2591 5285 hominem
2621 5233 2757 5284 hunc
2799 5239 3114 5284 avertentem
3145 5227 3414 5296 populum,
3440 5235 3493 5278 et

1924 5343 2037 5381 ecce
2066 5343 2157 5394 ego
2196 5340 2373 5376 coram
2413 5323 2557 5376 vobis
2603 5324 2951 5390 interrogans,
3007 5320 3208 5372 nullam
3262 5334 3484 5371 causam

1924 5416 2095 5468 inveni
2126 5415 2178 5466 in
2215 5413 2422 5466 homine
2467 5412 2568 5465 isto
2594 5427 2658 5465 ea:
2683 5411 2764 5464 Itis
2789 5411 2842 5463 in
2884 5409 3073 5478 quibus
3114 5424 3231 5463 eum
3258 5423 3483 5460 accusa-

1924 5507 2015 5565 tis.
2043 5506 2130 5559 sed
2159 5520 2319 5573 neque
2352 5502 2608 5560 Herodes.

1998 5597 2152 5650 Vens.
2184 5594 2268 5649 I7.
2292 5594 2407 5649 Mos
2425 5606 2539 5649 erat
2568 5593 2673 5647 illis
2695 5607 2792 5662 per
2815 5591 2956 5646 diem
2986 5591 3182 5646 lestum
3213 5588 3487 5643 dimittere

1925 5704 2092 5741 unum
2121 5703 2135 5739 :
2161 5685 2317 5750 Quod
2352 5687 2532 5741 sciens
2553 5684 2785 5748 Pilatus,
2814 5681 3097 5753 proposuit
3125 5681 3274 5736 illum
3300 5678 3484 5750 potius

1923 5776 2214 5841 dimittere,
2240 5774 2332 5831 sed
2363 5774 2560 5830 invidia
2591 5789 2697 5830 non
2729 5772 3020 5828 consentit.
