4220 6432
731 393 867 457 I215

1429 390 1816 453 UPUSCULA
1858 386 2483 446 SCRIPTURISTICA
2522 385 2865 444 ΙΧΕΕΙιΤιΕ
2908 386 3220 447 ΑΞΤΑΉΞ.

3833 391 3978 453 1216

796 508 960 561 Vens.
991 506 1082 562 28.
1121 506 1231 561 Cur
1258 504 1502 574 increpat
1544 504 1732 557 tlentes
1780 503 2039 557 mulieres
2074 504 2293 573 quando
2325 509 2366 564 Α

2468 501 2563 554 Διὰ
2588 500 2637 551 τί
2677 501 2908 570 ἐπιτιμᾷ
2929 500 3026 564 τὰς
3072 502 3364 564 κλαιοὺσας
3421 504 3684 569 γυναῖκας
3717 505 3806 556 ὅτε
3873 507 3975 557 ἐπὶ

726 599 793 653 ad
828 614 1042 653 crucem
1092 598 1240 650 ibat?
1267 596 1333 650 Ut
1366 595 1725 664 τροπαιοῦχος
1768 595 1982 649 mortis.
2017 592 2096 647 Illi
2142 594 2287 646 enim

724 691 817 759 qui
847 692 1011 744 invite
1044 689 1276 740 moritur
1297 686 1706 739 commiseratio
1729 686 1984 739 solatium
2012 685 2186 749 affert,
2215 686 2288 738 illi

726 791 907 834 autem
954 781 1045 848 qui
1077 781 1330 839 libenter,
1363 778 1613 842 injuriam
1656 777 1799 830 facit.
1838 776 1960 831 ideo
1992 777 2293 844 increpavit

725 874 867 929 illas.
914 881 965 923 et
1011 870 1190 924 futura
1221 870 1517 924 evenienda
1568 869 1834 937 praedixit,
1868 885 1986 938 quae
2018 868 2293 924 Romano-

726 979 843 1014 rum
878 962 1077 1014 bellum
1110 962 1346 1015 induxit.

800 1053 959 1105 \‘eas.
996 1053 1086 1105 3|.
1122 1051 1350 1121 Lignum
1377 1050 1549 1104 viride
1588 1053 1827 1119 scipsum
1867 1051 2017 1114 dicit,
2059 1051 2130 1105 ob
2155 1052 2295 1104 divi-

728 1158 849 1192 nam
883 1141 935 1193 in
964 1156 1065 1195 suo
1091 1155 1319 1209 corpore
1353 1141 1515 1192 vitam
1553 1139 1935 1202 immortalem,
1993 1147 2045 1192 ct
2085 1138 2295 1192 fructus

727 1243 781 1284 o-t
816 1233 979 1287 ﬂores
1008 1234 1419 1303 producentem.
1450 1231 1603 1296 Quod
1634 1241 1815 1283 autem
1846 1232 1998 1293 dicit,
2040 1231 2144 1283 tale
2173 1240 2295 1285 est:

733 1321 789 1374 Si
821 1339 924 1385 me,
959 1324 1153 1390 inquit,
1188 1323 1352 1375 tantis
1380 1332 1434 1374 et
1462 1331 1567 1374 tam
1616 1322 1775 1373 saevis
1807 1330 2169 1373 oneraverunt
2200 1336 2295 1388 op-

728 1413 962 1481 probriis
984 1412 1212 1467 Romani
1236 1414 1494 1465 niiliteset
1517 1412 1731 1462 illorum
1758 1409 2040 1478 praefectus
2065 1408 2288 1474 Pilatus,

729 1502 857 1569 quid
892 1501 1092 1555 facient
1138 1504 1291 1556 vobis
1328 1504 1469 1570 ligno
1494 1503 1648 1555 arido
1679 1511 1733 1555 et
1762 1501 1953 1565 sterili,
1984 1499 2293 1553 Judmorum

731 1591 954 1657 populo,
1000 1590 1253 1644 bellantia
1287 1590 1657 1643 Romanorum
1709 1590 1947 1657 agmina,
1990 1589 2190 1642 nullam
2244 1605 2295 1641 In

728 1679 849 1748 ipso
893 1680 1204 1735 Judaeorum
1244 1681 1441 1750 populo
1477 1680 1805 1733 mirabilium
1851 1688 1904 1733 et
1943 1679 2179 1731 fructum
2210 1679 2297 1744 jn-

730 1770 890 1825 stilize
936 1773 1248 1825 habentium
1290 1788 1468 1825 rerum
1505 1781 1815 1834 cernentes,
1849 1785 2080 1838 quarum
2130 1785 2294 1821 causa

725 1860 934 1928 justum
964 1861 1106 1915 l'oret
1140 1860 1266 1916 illos
1298 1862 1505 1914 honore
1527 1870 1582 1914 et
1613 1861 1768 1913 venia
1800 1860 1993 1927 dignos
2023 1859 2208 1912 haberi
2232 1860 2299 1912 ab
2333 1830 2376 1884 θ

733 1953 867 2020 ipsis
898 1952 1055 2007 iimo
1080 1968 1208 2007 vero
1238 1953 1563 2007 eomhurent
1598 1967 1691 2004 vos
1735 1961 1792 2004 ut
1824 1950 2029 2020 lignum
2060 1949 2296 2014 aridum,

732 2040 784 2095 id
815 2052 919 2105 est,
948 2058 1045 2097 vos
1074 2044 1467 2113 expugnabuut
1494 2044 1564 2097 ob
1602 2052 1839 2099 vestram
1867 2043 1920 2096 in
1955 2040 2298 2096 Salvatorem

732 2132 1087 2200 impietatem.

808 2222 964 2277 Vens.
998 2225 1085 2279 39.
1121 2225 1408 2291 Quomodo
1444 2226 1724 2281 Mattlraeus
1753 2226 1968 2295 quidem
2006 2236 2059 2281 et
2086 2226 2303 2283 Marcus

732 2314 869 2367 duos
902 2315 1344 2370 dicuntlatrones
1375 2317 1591 2370 Christo
1628 2318 1998 2385 improperare
2029 2318 2083 2371 in
2116 2333 2300 2383 cruce,

733 2399 913 2456 Lucas
960 2418 1085 2459 vero
1135 2421 1302 2459 unum
1335 2406 1582 2459 tantum?
1607 2408 1870 2475 quoniam
1906 2408 1959 2461 in
2003 2409 2161 2461 initio
2193 2410 2303 2462 duo

734 2493 972 2550 latrones
1012 2497 1210 2550 similia
1242 2495 1443 2551 Iudaeis
1473 2498 1947 2562 conviciabanlur,
1984 2499 2107 2551 illos
2148 2499 2303 2552 blan-

734 2588 946 2656 dientes
979 2589 1022 2642 si
1077 2588 1215 2642 forte
1260 2588 1498 2656 aliquam
1554 2602 1712 2657 Opem
1750 2586 1892 2655 apud
1928 2587 2050 2640 illos
2085 2586 2306 2641 invene~

741 2678 872 2732 rint.
909 2678 1013 2732 Sed
1046 2688 1333 2747 postquam
1366 2694 1486 2746 quae
1514 2678 1904 2747 exspectabant
1930 2678 2139 2732 inutilia
2190 2678 2303 2731 visa

738 2779 885 2832 sunt,
921 2785 1063 2823 unus
1100 2784 1130 2823 e
1170 2769 1472 2823 latronibus
1501 2778 1557 2822 et
1599 2769 1653 2822 in
1698 2784 1759 2824 se
1802 2784 2054 2822 reversus
2100 2778 2204 2830 est.
2248 2778 2303 2821 et

738 2857 967 2909 alterum
1003 2858 1067 2910 ad
1109 2858 1252 2910 idem
1300 2858 1710 2911 exhortabatur.
1754 2856 1907 2911 Unde
1944 2866 2125 2910 autem
2167 2872 2308 2911 unus

741 2945 792 2997 in
817 2961 874 2998 se
898 2961 1150 2999 reversus
1180 2954 1283 3009 est,
1322 2947 1562 2999 nomium
1589 2947 1734 3000 enim
1767 2947 1977 2999 viderat
2016 2960 2135 3014 quae
2166 2944 2306 2997 facta

737 3046 866 3090 sunt
908 3038 959 3090 in
997 3053 1159 3093 cruce
1196 3040 1474 3107 prodigia?
1523 3038 1565 3092 Ε
1617 3038 1797 3093 verbis
1830 3039 2065 3091 loutasse
2110 3038 2309 3107 quibus

736 3125 991 3180 Christus
1023 3127 1187 3181 libere
1218 3126 1432 3182 Patrem
1465 3129 1846 3197 compellabat,
1889 3128 2069 3190 Pater,
2101 3130 2308 3181 dimitte

739 3216 848 3268 illis
871 3218 963 3267 hoc
991 3228 1285 3283 peccatum,
1312 3221 1545 3272 nesciunt
1579 3221 1718 3273 enim
1742 3218 1879 3287 quod
1916 3220 2141 3286 faciunt.

812 3304 972 3359 Vens.
1000 3308 1088 3361 42.
1116 3307 1399 3363 Mattlueus
1430 3311 1647 3377 quidem
1675 3321 1726 3364 et
1751 3310 1964 3364 Marcus
1990 3310 2307 3364 festinantes

741 3397 848 3450 alia
880 3415 1103 3453 narrare
1150 3416 1320 3470 usque
1364 3399 1430 3453 ad
1471 3401 1623 3466 illud,
1653 3400 1920 3455 Latrones
1972 3402 2309 3470 impropera-

740 3486 875 3543 bant
910 3492 958 3543 ei
996 3531 1010 3551 ,
1072 3492 1335 3560 reliquam
1388 3502 1665 3560 gestorum
1702 3493 1754 3546 in
1804 3510 1965 3547 cruce
2022 3495 2308 3547 historiam

740 3582 1229 3648 praetermiserunt.
1277 3582 1455 3639 Lucas
1501 3594 1681 3637 autem
1740 3585 1920 3650 priora
1969 3586 2309 3652 pr:eteriens,

743 3681 1000 3740 tanquam
1060 3674 1130 3726 ab
1169 3675 1290 3729 aliis
1329 3674 1473 3729 dicta
1505 3713 1519 3738 ,
1551 3689 1673 3743 qua:
1713 3676 2174 3742 praetermiserant
2214 3674 2310 3738 illi,

746 3761 932 3825 inest,
980 3764 1144 3819 unius
1189 3765 1416 3819 latronis
1455 3765 1872 3819 conversionem
1923 3776 2130 3829 narrat,
2170 3766 2311 3819 inci-

743 3851 940 3917 piendo
992 3867 1022 3905 a
1063 3854 1242 3908 verbis
1287 3869 1409 3923 qua:
1448 3855 1585 3909 dixit
1641 3854 1949 3909 Dominus:
2007 3854 2186 3920 Pater,
2230 3856 2315 3908 di-

744 3941 892 3993 mitte
928 3942 1060 3995 illis.

817 4029 982 4085 Vens.
1013 4034 1100 4087 45.
1134 4034 1420 4100 Quomodo
1455 4036 1671 4091 Domini
1730 4037 2024 4105 promissio
2052 4038 2118 4091 ad
2153 4038 2318 4091 latro-

745 4140 867 4181 nem
904 4130 1121 4197 impleta
1154 4130 1274 4183 est?
1302 4139 1561 4199 tanquam
1592 4147 1621 4182 a
1656 4129 1764 4183 Deo
1798 4133 1959 4183 tacta.
1993 4128 2048 4182 Si
2084 4131 2229 4182 enim
2266 4131 2317 4182 in

746 4222 982 4284 inferno,
1001 4231 1057 4275 et
1089 4223 1141 4276 in
1171 4222 1308 4276 cmlo
1335 4223 1511 4286 adest,
1548 4222 1639 4276 scd
1672 4224 1833 4274 etiam
1876 4220 1928 4274 in
1956 4220 2228 4289 paradiso,
2264 4236 2323 4281 ut

746 4314 923 4379 Deus,
975 4314 1235 4382 Apostolo
1298 4314 1531 4376 dicente,
1580 4314 1663 4368 Ne
1720 4317 1833 4367 sine
1879 4315 2023 4367 nobis
2077 4330 2321 4367 conmm-

746 4421 972 4471 mentur,
1004 4407 1279 4475 quomodo
1299 4406 1512 4476 excepit
1538 4408 1673 4460 latro
1700 4408 2036 4477 paradisum?
2056 4408 2181 4477 quia
2214 4422 2321 4460 non

2392 591 2482 644 τὸν
2515 589 2743 659 σταυρὸν
2767 591 3000 660 ἡρχετο;
3044 591 3130 653 Ὠς
3168 591 3527 662 τροπαιοῦχος
3552 593 3644 645 τοῦ
3689 595 3927 648 θανάτου
3960 612 3976 626 ·

2392 683 2469 751 τῷ
2494 683 2591 751 μὲν
2620 683 2728 749 γὰρ
2754 682 2937 734 ἄκοντι
2978 683 3292 751 συμπάθεια
3309 686 3652 755 παράκλησιν
3674 687 3858 755 φέρει·
3889 688 3971 754 τῷ

2393 776 2447 828 δὲ
2477 774 2672 837 ἑκόντι,
2705 773 2862 843 ὓϐριν
2886 790 2900 805 ο
2928 774 3017 827 διὰ
3039 775 3196 828 τοῦτο
3223 777 3524 847 ἐπετίμησε
3584 779 3787 841 ταύτας
3822 796 3837 809 ’
3879 780 3979 831 καὶ

2393 867 2459 918 τὰ
2517 866 2777 934 μέλλοντα
2845 866 3220 935 συμϐήσεσθαι
3301 870 3696 938 προεμήνυσεν,
3766 870 3915 937 ἅπερ
3952 871 3981 920 6

2407 956 2689 1023 Ῥωμαίων
2720 956 2952 1025 πόλεμος
2992 958 3303 1028 εἰργάσατο.

2467 1046 2631 1098 Ξυλον
2660 1046 2826 1116 ὑγρὸν
2859 1049 3050 1100 ἑαυτὴν
3078 1048 3248 1114 λέγει,
3275 1048 3361 1101 διὰ
3409 1048 3508 1114 τὴν
3535 1050 3592 1101 ὲν
3621 1048 3697 1117 τῷ
3746 1048 3968 1116 σώματι

2396 1138 2558 1191 αὐτοῦ
2591 1137 2740 1189 θείαν
2768 1139 2912 1207 ζωὴν
2942 1138 3038 1209 τὴν
3068 1139 3403 1209 ἀμάραντον,
3447 1140 3541 1191 καὶ
3574 1140 3632 1192 τὸ
3689 1141 3982 1207 ἔγκαρπον

2396 1233 2489 1283 καὶ
2510 1230 2758 1292 εὐθαλέςο
2787 1229 2815 1282 ὃ
2843 1230 2900 1282 δὲ
2929 1230 3097 1297 λέγει,
3120 1229 3363 1282 τοιοῦτόν
3393 1232 3561 1281 ἐστιν·
3586 1230 3645 1281 Εἰ
3669 1230 3791 1297 ἐμὲ,
3817 1233 3980 1297 φησὶ,

2397 1321 2671 1383 τοιαύταις
2696 1321 2896 1383 δειναῖς
2947 1322 3383 1389 ὑποϐεϐλήκασιν
3434 1321 3679 1388 ἀτιμίαις
3732 1322 3783 1372 οἱ
3840 1322 3982 1373 Ῥω-

2403 1412 2580 1480 μαίων
2610 1412 2935 1480 στρατιῶται
2960 1415 3054 1465 καὶ
3082 1416 3110 1465 6
3138 1412 3345 1465 τούτων
3370 1411 3684 1481 στρατηγὸς
3716 1412 3978 1473 Πιλᾶτος,

2399 1504 2452 1552 τί
2475 1501 2762 1570 δράσουσιν
2786 1504 2911 1571 ὑμῖν
2937 1502 3011 1570 τῷ
3036 1502 3187 1571 ξηρῷ
3216 1502 3357 1571 ξύλῳ
3384 1503 3474 1554 καὶ
3499 1504 3735 1571 ἀκάρπῳ
3757 1503 3838 1571 τῷ
3870 1502 3988 1571 λαῷ

2400 1590 2507 1641 τῶν
2569 1590 2838 1642 Ἰουδαίων
2896 1591 3382 1658 προσπολεμοῦντα
3402 1591 3470 1642 τὰ
3524 1591 3634 1643 τῶν
3688 1591 3989 1659 Ῥωμαίων

2403 1680 2760 1750 στρατόπεδα,
2796 1680 2960 1748 μηδὲν
3004 1682 3091 1734 ἐπ’
3124 1680 3273 1748 αὐτῷ
3297 1681 3375 1750 τῷ
3408 1680 3521 1751 λαῷ
3557 1682 3665 1733 τῶν
3707 1683 3989 1735 Ἰουδαίων

2401 1770 2641 1837 δηλονότι
2709 1769 3172 1839 τεθαυμασμένων
3228 1773 3323 1825 καὶ
3370 1772 3580 1842 καρπον
3632 1773 3990 1842 δικαιοσύνης

2402 1860 2634 1929 ἐχόντων
2692 1860 2980 1929 βλέποντες
3010 1900 3025 1925 ,
3084 1863 3171 1928 ἐφ’
3231 1856 3313 1925 οἷς
3363 1858 3431 1930 ἦν
3486 1862 3630 1924 εἰκὸς
3672 1864 3847 1931 τιμῆς
3896 1866 3989 1916 καὶ

2404 1951 2614 2020 φειδοῦς
2649 1953 2941 2022 ἀξιωθῆναι
2969 1953 3066 2022 τῆς
3100 1955 3230 2024 παρ’
3273 1953 3485 2019 animi“;
3524 1954 3726 2022 μᾶλλον
3777 1956 3837 2007 δὲ
3894 1974 3991 2007 κα-

2402 2045 2766 2098 τακαύσουσιν
2797 2046 2940 2113 ὑμᾶς
2959 2044 3149 2115 ὥσπερ
3182 2044 3336 2109 ξύλον
3358 2045 3541 2115 ξηρδν,
3568 2047 3738 2115 ἤγουν
3769 2046 3991 2115 πολιορ-

2406 2131 2635 2196 κήσουσι
2664 2131 2765 2199 τῆς
2785 2132 2866 2192 είς
2896 2132 2987 2184 τὸν
3020 2133 3247 2201 Σωτῆρα
3280 2134 3600 2198 δυσσεϐείας
3631 2135 3843 2187 ἕνεκεν.

2477 2220 2603 2284 Πῶς
2629 2222 2905 2286 Ματθαίος
2941 2222 3040 2292 μὲν
3065 2226 3158 2275 καὶ
3185 2224 3412 2294 Μάρκος
3450 2227 3575 2287 τους
3631 2226 3726 2279 δύο
3766 2227 3992 2293 λέγουσι

2405 2311 2609 2384 λῃστὰς
2648 2312 2900 2366 ὀνειδίσαι
2950 2314 3041 2365 τὸν
3091 2312 3313 2383 Κύριον,
3380 2315 3593 2377 Λουκᾶς
3631 2316 3687 2367 δὲ
3729 2316 3823 2367 τὸν
3853 2317 3990 2379 ἕνας

2409 2402 2529 2455 Ὅτι
2586 2404 2644 2455 έν
2706 2404 2850 2472 ἀρχῇ
2875 2403 2973 2471 μὲν
3011 2403 3173 2457 οἶδῦο
3238 2404 3434 2475 λῃσταὶ
3492 2407 3856 2476 παραπλήσια
3883 2410 3993 2467 τοῖς

2408 2492 2681 2554 Ἰουδαίοις
2731 2492 3078 2560 ἐφθέγγοντο,
3133 2495 3481 2564 χαριζόμενοι
3545 2494 3755 2557 αὐτοῖς,
3814 2496 3991 2556 εῑπως

2406 2583 2528 2635 τινὰ
2565 2583 2813 2653 βοήθειαν
2837 2582 3046 2653 εὕροιεν
3079 2587 3205 2652 παρ’
3233 2586 3442 2649 αὑτῶνπ
3476 2587 3663 2654 ἐπειδὴ
3711 2586 3769 2638 δὲ
3837 2587 3984 2653 ᾶπερ

2409 2674 2755 2742 προσεδόκων
2796 2668 3067 2744 ἤργησαν,
3096 2674 3322 2743 θάτερος
3358 2676 3464 2728 τῶν
3484 2676 3720 2745 λῃστῶν,
3740 2676 3909 2735 αὐτός
3936 2693 3993 2727 τε

2409 2763 2641 2834 ἀνένηφε
2676 2765 2769 2817 καὶ
2794 2765 2885 2817 τὸν
2914 2764 3072 2818 ἄλλον
3101 2767 3178 2826 είς
3205 2764 3364 2819 τοῦτο
3392 2766 3788 2836 προετρέπετο,
3816 2767 3993 2819 Πόθεν

2409 2851 2464 2904 δὲ
2495 2853 2522 2905 6
2544 2846 2624 2915 εἷς
2647 2852 2947 2921 ἀνένηψενς
2972 2851 3124 2905 οὔπω
3144 2854 3252 2924 γὰρ
3282 2849 3351 2924 ἦν
3380 2856 3449 2906 τὰ
3472 2855 3613 2907 κατὰ
3630 2855 3722 2906 τὸν
3754 2857 3996 2924 σταυρὸν

2412 2941 2746 3012 θεασάμενος
2772 2943 3047 3011 θαύματα.
3088 2945 3181 2996 Ἐκ
3206 2942 3314 2997 τῶν
3338 2945 3512 3010 λόγων
3565 2946 3694 3008 ἴσως
3732 2940 3927 3015 ὧνπερ
3966 2949 3994 2999 6

2411 3033 2616 3102 Κύριος
2652 3034 2934 3104 παρρησία
2963 3028 3116 3086 εἶπεν
3159 3034 3296 3105 πρὸς
3327 3036 3417 3089 τὸν
3458 3036 3679 3106 Πατέρα
3713 3052 3728 3065 ’
3774 3036 3995 3104 Πάτερ,

2411 3125 2557 3193 ἄφες
2582 3126 2787 3191 αὐτοῖς
2815 3125 2929 3194 τὴν
2965 3127 3261 3197 ἁμαρτίαν
3282 3130 3524 3196 ταύτην·
3550 3132 3623 3183 οὐ
3648 3129 3759 3198 γὰρ
3789 3126 3997 3183 οἵόἲισι

2410 3217 2466 3268 τι
2492 3216 2799 3271 ποιοῦσιν.

2484 3309 2606 3361 ’Ὁτι
2635 3310 2663 3361 6
2714 3310 2812 3378 μὲν
2860 3309 3141 3372 Ματθαίος
3190 3310 3284 3363 καὶ
3340 3311 3570 3381 Μάρκος
3632 3311 3996 3380 ἐπειγόμενοι

2412 3399 2547 3470 πρδς
2582 3400 2745 3470 ἕτερα
2794 3401 3038 3463 εἰπόντες
3070 3401 3175 3465 ’ἐως
3210 3394 3271 3454 οὗ
3308 3402 3581 3467 ὠνείδιζον
3613 3403 3779 3455 αὑτὸν
3812 3405 3863 3454 οἱ
3898 3403 3995 3473 λῃ-

2416 3492 2558 3555 σταὶ,
2590 3491 2659 3545 τὰ
2687 3492 2850 3546 λοιπὰ
2882 3492 2978 3562 τῆς
3007 3493 3249 3562 ἱστορίας
3288 3493 3391 3561 τῆς
3430 3494 3559 3562 περὶ
3616 3495 3709 3546 τὸν
3759 3497 3993 3563 στιυρὸν

2416 3583 2736 3653 παρέλιπον,
2768 3584 2984 3647 Λουκᾶς
3010 3584 3068 3637 δὲ
3124 3583 3396 3653 ἀφέμενος
3417 3584 3525 3635 τῶν
3572 3587 3885 3653 προτέρων,
3920 3589 3993 3649 ὡς

2417 3673 2566 3743 παρὰ
2623 3676 2739 3737 τοῖς
2792 3673 2973 3736 ἄλλοις
3026 3675 3364 3744 εἰρημένων,
3417 3679 3485 3729 τὰ
3547 3677 3995 3747 παραλειφθέντα

2418 3763 2670 3827 ἐκείνοις,
2711 3764 2960 3815 τουτέστι
3009 3763 3106 3832 τὴν
3157 3762 3251 3816 τοῦ
3286 3765 3404 3826 ἑνὸς
3439 3765 3640 3834 λῃστοῦ
3682 3766 3991 3834 ἐπίγνωσιν

2421 3857 2643 3925 ἱστορεῖ,
2662 3854 2768 3908 ἀπὸ
2780 3855 2877 3923 τῆς
2898 3856 3080 3924 φωνῆς
3102 3855 3409 3925 ἀρξάμενος
3434 3856 3501 3927 ῆν
3523 3860 3551 3911 6
3574 3858 3778 3927 Κύριος
3808 3854 3987 3910 εἶπεν·

2419 3944 2632 4011 Πάτερ,
2661 3944 2810 4011 ἀει-ες
2839 3943 3064 4008 αὐτοῖς.

2481 4034 2603 4097 Πῶς
2636 4036 2668 4102 ἠ
2705 4034 2797 4085 τοῦ
2819 4032 3084 4085 ,δεσπότου
3109 4033 3399 4104 ὑπόσχεσις
3435 4036 3513 4096 εἰς
3546 4034 3632 4087 τὸν
3668 4036 3879 4105 λῃστὴν
3898 4056 3997 4090 πε-

2422 4126 2727 4194 πλήρωταις
2778 4124 2862 4185 Ὠς
2892 4123 3047 4174 Θεοῦ·
3083 4126 3131 4176 εί
3157 4125 3264 4195 γὰρ
3293 4126 3389 4176 καὶ
3422 4128 3479 4177 ὲν
3502 4126 3601 4195 ᾄδῃ
3630 4127 3871 4195 ὑπῆρχε,
3904 4133 3999 4180 καὶ

2422 4216 2480 4266 ὲν
2510 4213 2742 4284 οὐρανῷ,
2776 4213 2915 4267 ἀλλὰ
2941 4215 3033 4266 καὶ
3091 4216 3148 4266 ἐν
3178 4214 3255 4284 τῷ
3320 4215 3633 4285 παραδείσῳ
3692 4218 3771 4279 ὡς
3828 4218 3991 4279 Θεὸς.

2426 4306 2547 4357 Ὅτι
2575 4306 2670 4359 καὶ
2716 4305 2809 4358 τοῦ
2861 4305 3185 4358 Ἀποστόλου
3207 4306 3457 4373 λέγοντος
3487 4321 3500 4336 ·
3530 4307 3665 4360 'Ira
3682 4308 3771 4375 μὴ
3818 4311 4000 4377 γωρις

2426 4397 2595 4467 ἡμῶν
2650 4398 3025 4463 τελειωθῶσι,
3088 4398 3204 4461 πῶς
3232 4397 3506 4451 ἀπέλαϐεν
3561 4400 3589 4452 6
3637 4400 3847 4472 λῃστὴς
3910 4404 4002 4453 τὸν

747 4501 835 4555 illa
864 4508 949 4554 est
976 4498 1268 4566 promissio
1290 4498 1357 4551 de
1375 4513 1482 4567 qua
1507 4498 1706 4551 Paulus
1741 4499 1905 4561 dicit,
1939 4500 2029 4550 sed
2062 4498 2308 4552 coelestia
2344 4482 2376 4536 Ῑ]

2417 4486 2779 4554 παράδεισον;
2836 4488 2957 4540 ὀτι
3023 4486 3123 4539 οὐκ
3177 4489 3317 4558 αὐτή
3372 4491 3520 4542 ἐστιν
3585 4492 3619 4559 ὴ
3695 4492 4002 4559 ἐπαγγελία

748 4593 908 4645 bona.
940 4590 1059 4644 Non
1091 4590 1235 4642 enim
1267 4591 1320 4642 in
1373 4589 1690 4657 paradisum
1720 4590 1876 4641 nobis
1901 4606 1928 4640 a
1958 4588 2067 4642 Deo
2093 4588 2322 4657 promit-

746 4682 879 4735 titur
908 4681 1129 4735 intrare.
1167 4679 1265 4734 Ubi
1290 4681 1571 4748 impletum
1601 4690 1684 4733 cst
1715 4681 1861 4748 quod
1892 4680 2062 4732 dixit:
2099 4679 2324 4742 Quando

746 4772 1016 4825 exaltatus
1057 4772 1229 4838 fuero,
1257 4788 1433 4824 omnes
1462 4772 1665 4823 traham
1702 4770 1770 4822 ad
1811 4772 2092 4838 meipsum?
2121 4769 2232 4823 lioc
2270 4772 2323 4822 in

749 4878 907 4917 cruce
962 4863 1237 4932 impletum
1290 4870 1373 4916 est
1424 4872 1478 4916 et
1530 4862 1585 4916 in
1653 4866 1994 4916 ascensione.
2038 4863 2095 4916 In
2165 4876 2327 4916 cruce

750 4954 992 5021 quidem,
1041 4954 1171 5022 quia
1225 4954 1427 5022 incepit
1462 4956 1661 5008 multos
1719 4956 1995 5009 attrahere
2026 4970 2147 5008 cum
2196 4971 2324 5009 cen-

752 5045 896 5097 turio
936 5046 1126 5099 videns
1150 5060 1271 5114 qua:
1304 5046 1501 5099 tiebant
1532 5046 1856 5113 gloriﬁcavit
1887 5048 2076 5109 Deum,
2104 5057 2160 5100 et
2189 5048 2326 5100 latro

753 5151 860 5187 non
887 5135 1092 5189 videns.
1131 5134 1512 5190 Percutiebant
1534 5146 1713 5189 autem
1744 5148 1960 5206 pectora
1986 5154 2083 5192 sua
2113 5136 2327 5191 Jutlmo-

757 5242 874 5277 I‘lltll
912 5226 1098 5294 aliqui,
1128 5228 1383 5281 commoti
1417 5227 1706 5282 admodum
1732 5238 1787 5282 ct
1829 5231 1894 5282 ad
1916 5230 2324 5284 conversionem

758 5317 1057 5373 tendentes.

1328 5555 1553 5610 CAPUT
1585 5554 1772 5610 XXIV.

834 5668 997 5740 Vens.
1044 5686 1126 5743 15.
1168 5685 1278 5741 Cur
1316 5694 1538 5755 apparet
1589 5683 1865 5754 discipulis
1919 5685 2173 5741 euntibus
2212 5685 2333 5740 l-Zm-

762 5781 971 5833 unum?
1000 5778 1263 5843 Quoniam
1297 5779 1513 5833 interim
1552 5777 1927 5834 incredulitate
1988 5778 2326 5833 laborabant.

2426 4578 2495 4645 ἣν
2528 4576 2735 4639 Παῦλος
2772 4577 2938 4643 λέγει,
2975 4577 3111 4630 ἀλλὰ
3137 4578 3207 4629 τὰ
3230 4579 3457 4647 οὐράνια
3497 4581 3699 4645 ἁγαθά-
3760 4584 3824 4634 of:
3892 4584 4002 4653 γὰρ

2428 4668 2506 4730 εἰς
2538 4669 2862 4738 παράδεισον
2892 4670 3023 4739 ἡμῖν
3059 4670 3453 4737 ἐπαγγέλλεται
3477 4673 3505 4724 6
3526 4672 3660 4733 Θεὸς
3695 4672 3988 4727 εἰσελθεῖν.

2490 4758 2599 4810 Ποῦ
2621 4760 2977 4829 πεπλήρωται
2998 4759 3059 4812 τδ
3076 4760 3386 4827 λεγόμενον,
3408 4761 3491 4813 ὅτι
3514 4761 3637 4813 Ὃτ’
3655 4761 3735 4815 ἂν·
3751 4762 3995 4829 ὑψωθῶ,

2428 4850 2560 4902 τότε
2576 4850 2806 4914 πάντας
2842 4851 3081 4903 ἑλκύσω
3100 4852 3251 4918 πρὸς
3270 4853 3530 4918 ἐμαυτόν
3540 4853 3744 4914 ;Ίόῦτο
3773 4856 3869 4906 καὶ
3904 4857 3999 4906 ἐπὶ

2428 4940 2522 4991 τοῦ
2556 4939 2788 5010 σταυροῦ
2821 4942 3199 5010 πεπλήρωται,
3234 4944 3326 4994 καὶ
3360 4944 3457 4994 ἐπὶ
3502 4945 3595 5011 τῆς
3632 4945 3958 5012 ἀναλήψεως
3983 4960 3999 4975 °

2430 5031 2521 5082 ἐπὶ
2548 5032 2645 5100 μὲν
2682 5030 2773 5084 τοῦ
2796 5032 3052 5102 σταυροῦ,
3074 5034 3156 5085 ὅτι
3182 5034 3383 5102 ήρξατο
3410 5034 3731 5102 σαγηνεῦειν
3751 5036 4001 5098 πολλοῦς,

2430 5124 2552 5177 ὅθεν
2582 5126 2674 5177 καὶ
2712 5128 2738 5178 6
2764 5126 3161 5195 ἑκατόνταρχος
3196 5126 3320 5178 ἰδὼν
3348 5127 3417 5178 τὰ
3464 5127 3754 5196 γινόμενα,
3784 5130 4003 5194 ἐδόξατε

2431 5217 2521 5267 τὸν
2554 5217 2684 5268 Θεόν
2715 5233 2727 5245 ·
2771 5218 2861 5269 καὶ
2900 5219 2927 5269 6
2948 5218 3171 5288 λῃστὴς,
3206 5218 3279 5287 μὴ
3336 5218 3481 5270 ἰδών.
3509 5219 3783 5271 Ἐτυπτον
3818 5221 3876 5273 δὲ
3902 5226 3995 5275 καὶ

2432 5307 2498 5360 τὰ
2520 5307 2688 5377 στήθη
2729 5308 2835 5359 τῶν
2878 5309 3143 5362 Ἰουδαίων
3159 5309 3322 5373 τινὲς,
3364 5316 3824 5380 κατα-νυττόμενοι
3876 5314 4006 5365 πάν-

2432 5416 2541 5463 τως
2573 5402 2665 5453 καὶ
2686 5403 2764 5464 εἰς
2795 5401 3089 5468 ἐπίγνωσιν
3119 5403 3423 5471 ἐρχόμενοι.

3024 5545 3271 5599 ΚΕΦΛΛ.
3314 5548 3439 5600 KA'.

2507 5679 2604 5733 Διὰ
2632 5678 3036 5749 τίὲπιφαίνεται
3056 5681 3163 5741 τοῖς
3183 5678 3450 5747 μαθηταῖς
3470 5680 3581 5741 τοῖς
3622 5678 3999 5748 πορευομένοις

2438 5775 2514 5833 εἰς
2560 5771 2834 5842 Ἐμμαούς
2866 5788 2877 5836 ;
2926 5771 3140 5840 Ἐπειδὴ
3178 5772 3400 5840 ἀπιστία
3441 5771 3649 5839 εἴχοντο
3688 5771 3824 5833 τέως
3857 5787 3868 5799 ι
3916 5780 3996 5819 και
