4220 6432
225 399 355 463 1ἳ21

1289 384 1605 447 SCHOIJA
1645 378 1936 439 VETERA
1972 376 2048 435 ἷΝ
2085 376 2462 436 JOANNEM.

3337 377 3473 439 12:22

216 511 312 576 τὴν
337 509 410 567 ὡς
447 506 623 573 σάρκα
661 505 834 570 Λιῑγου
870 501 1025 564 δόξαν
1050 499 1152 568 ἔφη
1184 496 1506 550 θεάσασθαιο
1540 492 1786 545 τουτέστι
1823 504 1858 550 Α

1900 487 1947 538 in
1977 501 2138 538 carne
2169 484 2367 537 vidisse
2398 484 2534 537 dixit
2567 501 2578 537 :
2616 481 2665 536 id
2705 491 2810 546 est,
2842 483 3131 546 rationem,
3162 485 3245 537 vel
3277 500 3472 553 propo-

212 603 304 651 τὸν
335 600 525 664 Λόγον,
560 599 728 666 ἤγουν
755 597 844 647 τὸν
876 593 1075 646 σκοπὸν
1104 590 1224 643 καθ’
1257 590 1314 642 ὃν
1341 591 1368 640 ὁ
1397 588 1532 647 Θεὸς
1563 585 1790 652 γέγονεν

214 691 523 758 ἄνθρωπος,
550 688 730 756 πλήρη
766 685 990 753 χάριτος
1039 682 1307 734 ἐθεάσατο
1365 678 1461 731 καὶ
1502 676 1783 745 ἀληθείας.

215 781 289 832 O5
322 781 430 847 γὰρ
465 778 598 829 καθὸ
629 776 749 828 κατ’
784 775 973 827 οὐσίαν
1005 774 1136 835 Θεὸς
1188 772 1281 824 καὶ
1313 771 1388 840 τῷ
1439 768 1559 838 Θεῷ
1615 769 1790 838 Πατρὶ

213 871 504 940 ὀμοούσιος
537 870 565 920 ὁ
591 867 900 936 Μονογενὴς
926 865 1294 937 κεχαρίτωται
1318 879 1329 890 ·
1365 865 1422 915 ἁ)
1435 863 1500 914 λᾶι
1527 861 1661 913 καῡὸ
1684 860 1786 928 φύ-

217 978 300 1013 σει
337 962 462 1012 κιτ⁹
515 959 828 1027 οἰκονομίαν
891 957 1116 1026 γέγονεν
1149 955 1461 1025 ἄνθρωπος,
1517 952 1610 1004 καὶ
1659 953 1790 1020 ἡμῖν

215 1052 502 1121 ὁμοούσιος
570 1051 638 1103 δι’
696 1052 842 1118 ἡμᾶς
891 1051 1261 1119 κεχαρίτωται
1307 1050 1431 1108 105;
1491 1046 1791 1114 χρῄζοντας

219 1146 439 1212 χάριτος
457 1147 519 1197 ὲκ
548 1144 640 1196 105
674 1142 1038 1213 πληρώματος
1073 1141 1260 1203 αὑτοῦ,
1294 1142 1381 1194 διὰ
1415 1140 1615 1201 παντὸς
1648 1136 1790 1189 κατὰ

218 1237 403 1290 πᾶσαν
431 1236 586 1305 ὴμῶν
619 1235 902 1305 προκοπὴν
934 1235 1032 1304 τὴν
1060 1232 1430 1299 ἀναλογοῦσαν
1459 1231 1617 1300 χάριν
1645 1228 1788 1297 δεχὸ-

223 1344 402 1396 μενος.
442 1329 600 1379 Ὥστε
632 1329 658 1379 ὁ
688 1327 777 1378 τὸν
808 1327 980 1393 Λόγον
1012 1326 1216 1378 τέλειον
1246 1327 1302 1377 ὲν
1338 1324 1490 1390 αὑτῷ
1514 1321 1790 1390 φυλάξας,

218 1419 487 1488 ἀεὲὀηλον
521 1418 614 1470 τοῦ
645 1419 711 1472 δι’
735 1421 882 1487 ἡμᾶς
915 1418 1290 1488 σαρκωθέντος
1320 1414 1455 1468 Θεοῦ
1494 1416 1670 1479 Λόγου
1694 1412 1791 1481 τὴν

218 1512 406 1582 πλήρη
431 1513 654 1580 χάριτος
686 1512 777 1563 καὶ
806 1511 1064 1580 ἀληθείας
1103 1511 1398 1581 κομίσηται
1422 1511 1577 1574 δόξαν
1599 1506 1692 1558 105
1723 1505 1789 1559 δι’

219 1605 367 1671 ἡμᾶς
409 1603 600 1655 ἑαυτὸν
631 1603 752 1656 καθ’
774 1605 920 1674 ἡμᾶς
952 1603 1294 1667 δοξάσαντος.
1328 1605 1418 1656 καὶ
1466 1603 1792 1669 ἀγιάσαντος

220 1694 368 1746 κατὰ
423 1695 522 1764 τὴν
580 1695 748 1746 αὑτοῦ
795 1694 1119 1763 παρουσίαν.
1157 1695 1280 1747 ⁹ὀτ“
1324 1693 1564 1764 ἂνίγὰρ,
1602 1695 1788 1762 φησὶν.

216 1783 452 1849 ἐκεῖνος
479 1763 818 1853 φανερωθῇ,
850 1785 1039 1851 ὅμοιοι
1087 1783 1248 1848 αὐτῷ
1283 1763 1563 1850 ἑσόιῖεθα.
1598 1782 1792 1845 Δόξαν
1825 1791 1865 1846 Β

217 1881 303 1945 ὠς
345 1880 725 1949 Marones-05c
776 1881 936 1948 παρὰ
970 1881 1218 1949 Πατρός,
1278 1879 1517 1946 πλήρης
1555 1878 1792 1946 χάριτος

219 1971 323 2023 καὶ
352 1971 660 2036 ἀληθείας.
693 1971 766 2022 Τὸ
791 1970 869 2034 δὲ,
905 1971 1006 2036 ὡς,
1037 1970 1269 2024 ἐνταῦθα
1298 1955 1417 2037 οὐχὶ
1451 1967 1788 2038 παραϐοὶῆς,

221 2059 339 2115 ἀλλ’
369 2058 682 2129 ὁμοιώσεως
705 2076 718 2090 ·
760 2063 880 2114 ἀντὶ
905 2061 1020 2124 τοῦ,
1053 2063 1185 2115 Οἶαν
1221 2061 1460 2129 ἔπρεπεν
1506 2061 1650 2129 ἔχειν
1700 2077 1794 2129 μο-

222 2152 419 2220 νογενῆ
450 2154 542 2204 καὶ
577 2155 800 2222 γνήσιον
826 2153 950 2206 Υίὸν
967 2155 1116 2207 ὅντα.

309 2243 564 2313 Ἰωάννης
599 2247 871 2314 μαρτυρεῖ
897 2245 1024 2314 περί
1060 2244 1246 2307 αὑτοῦ,
1273 2245 1416 2307 τίνος
1446 2245 1610 2314 χάριν
1637 2243 1796 2296 10510

224 2333 398 2400 λέγει.
447 2333 567 2384 Ὂτι
608 2335 816 2404 μεγάλη
857 2331 924 2405 ἦν
980 2338 1012 2405 ἠ
1045 2336 1172 2399 δόξα
1209 2336 1329 2388 τότε
1364 2333 1460 2387 τοῦ
1525 2334 1793 2397 Ἰωάννου,

224 2425 321 2475 καὶ
347 2424 600 2477 τοσοῦτον
627 2427 861 2495 μεγάλη,
898 2426 980 2479 ὅτι
1005 2429 1096 2480 καὶ
1131 2426 1394 2494 Ἰώσηπος
1428 2425 1515 2476 διὰ
1549 2425 1649 2492 τὴν
1670 2424 1794 2477 τού⁹

226 2531 322 2567 του
351 2515 610 2586 τελευτὴν
644 2517 790 2584 λέγει
820 2517 919 2586 τὴν
965 2517 1117 2568 πόλιν
1158 2515 1541 2584 ἀφανισθῆναι.
1578 2516 1641 2567 Τί
1680 2517 1795 2567 ἐστι

227 2605 309 2666 τὸ,
341 2606 620 2675 κέκραγε;
647 2609 758 2674 Τὴν
787 2607 1097 2680 παρρησίαν
1121 2605 1282 2659 αὑτοῦ
1309 2607 1394 2659 διὰ
1414 2606 1604 2659 τούτου
1625 2606 1795 2676 δηλοῖ.

230 2696 326 2756 Τὸ,
356 2697 738 2764 Ἐμπροσθέν
761 2716 880 2766 μου
906 2699 1171 2766 γέγονεν,
1203 2697 1289 2751 ὅτι
1314 2698 1544 2766 πρῶτός
1556 2715 1675 2765 μου
1697 2695 1798 2766 ἦν,

227 2787 262 2837 ὸ
290 2787 482 2840 ὀπίσω
505 2806 622 2856 μου
671 2790 1013 2857 ἐρχόμενος.
1042 2789 1132 2853 Τὸ,
1167 2792 1377 2853 ὀπίσω,
1423 2791 1542 2843 ἀντὶ
1593 2789 1708 2855 105,
1745 2792 1802 2843 ὐ

234 2880 354 2946 μετ’
381 2879 480 2948 ἐμὲ
528 2883 833 2949 κηρύττων.
885 2882 958 2933 Τὸ
989 2882 1068 2946 δὲ,
1115 2881 1458 2950 ἔμπροσθέν
1484 2899 1624 2951 μου,
1658 2885 1802 2945 ἀντὶ,

231 2967 352 3032 τοῦ,
377 2969 782 3040 λαμπρότερος,
817 2973 1181 3042 ἐντιμότερος.
1214 2973 1286 3025 Τὸ
1323 2973 1401 3036 δὲ,
1434 2973 1665 3040 πρῶτός
1688 2991 1807 3042 μου

229 3058 332 3130 ἦν,
369 3062 488 3114 Ὅτι
523 3063 622 3115 οὐκ
648 3063 709 3114 ἐκ
764 3079 907 3125 τινος
955 3063 1262 3133 προκοπῆς,
1301 3066 1457 3135 φησι,
1493 3065 1709 3135 πρῶτόν
1737 3081 1804 3134 με

1897 579 2059 629 sitmn
2092 585 2307 645 propter
2350 577 2493 646 quod
2523 575 2664 629 Deus
2700 574 2863 628 homo
2901 574 3073 628 factus
3105 585 3207 638 est,
3255 577 3470 644 plenum

1894 672 2080 736 grati-ae
2112 677 2166 720 et
2189 666 2428 722 veritatis
2457 668 2609 721 vidit.
2654 665 2770 720 Non
2794 667 2940 721 enim
2985 677 3145 735 prout
3171 669 3470 720 secundum

1898 758 2260 812 substantiam
2314 755 2453 812 Deus
2489 772 2541 813 et
2600 758 2709 812 Den
2777 759 2922 812 Patri
2986 759 3472 813 consubstantialis

1898 848 2220 918 Unigcnitus
2253 851 2424 918 gratia
2448 854 2683 905 donatus
2710 862 2813 914 est;
2845 851 2936 905 sed
2976 861 3136 920 prout
3160 861 3351 904 natura
3387 869 3478 918 per

1897 924 2533 992 ineat-nationemlaetus
2562 949 2644 992 est
2686 940 2869 1000 homo,
2903 949 2955 992 et
3007 937 3164 991 nobis
3234 939 3480 991 consuli-

1895 1031 2184 1094 stantialie,
2215 1039 2432 1099 propter
2463 1046 2563 1083 nos
2599 1031 2772 1098 gratia
2835 1029 3067 1083 donatus
3099 1038 3184 1082 est
3250 1028 3479 1096 gratiam

1896 1119 2224 1188 accipientes
2248 1137 2312 1173 ex
2336 1121 2455 1188 ejus
2482 1119 2818 1187 plenitudine
2837 1129 2889 1173 et
2921 1120 3145 1172 omnino
3166 1120 3230 1171 ad
3259 1135 3476 1171 onmem

1895 1221 2143 1263 nostrum
2170 1211 2471 1279 prolectant
2505 1211 2974 1279 proportionatam
3003 1211 3233 1278 gratiam
3261 1210 3470 1276 recipit:

1895 1300 1965 1354 ita
1993 1311 2048 1354 ut
2073 1302 2339 1354 rationem
2375 1301 2672 1370 perfectam
2725 1302 2776 1354 in
2815 1315 2871 1353 se
2893 1314 3248 1361 conservans,
3281 1309 3482 1369 myste-

1896 1394 2037 1445 rium
2076 1392 2166 1445 Dei
2205 1390 2360 1444 Verbi
2393 1403 2610 1460 propter
2639 1407 2739 1444 nos
2773 1392 3040 1443 inearnati
3084 1407 3193 1459 prze
3221 1405 3278 1444 se
3344 1393 3476 1443 lerat

1895 1483 2250 1550 plenitudinis
2291 1482 2476 1552 gratiae
2525 1493 2578 1535 ct
2629 1481 2877 1534 veritatis
2939 1483 3190 1548 gloriam,
3219 1482 3338 1550 ejus
3389 1484 3483 1548 qui

1899 1584 2122 1643 propter
2154 1590 2254 1627 nos
2284 1585 2337 1626 ct
2366 1573 2664 1626 secundum
2701 1589 2801 1627 nos
2843 1589 2902 1626 se
2932 1574 3108 1640 ipsum
3140 1574 3482 1641 gloriliearit,

1898 1673 1953 1717 et
1985 1665 2350 1718 sant-tilicavit
2391 1678 2486 1732 per
2535 1678 2688 1716 suam
2735 1664 3075 1732 praesentiam
3109 1679 3124 1725 ;
3180 1662 3309 1714 Cum
3347 1664 3484 1714 enim

1894 1756 2120 1815 dicitur.
2173 1757 2282 1823 ipse
2319 1755 2768 1822 manifestabitur,
2799 1756 2996 1807 similes
3020 1755 3068 1807 ei
3103 1756 3322 1807 erimus.
3357 1753 3485 1805 blo-

1897 1847 2032 1898 riam
2077 1849 2228 1915 quasi
2285 1840 2550 1915 L'nigeniti
2584 1865 2614 1899 ιι
2674 1843 2876 1906 Patre,
2920 1846 3127 1912 plenum
3185 1846 3376 1914 gratia:
3438 1855 3487 1896 ct

1896 1939 2175 1992 reritatis:
2208 1940 2384 2007 quasi,
2422 1939 2492 1992 ibi
2526 1953 2634 1992 non
2667 1941 3127 2004 comparationem
3165 1938 3258 1990 sed
3294 1939 3490 1990 simili-

1899 2028 2142 2080 tudinem
2204 2029 2406 2080 indieat
2442 2045 2457 2092 ;
2489 2028 2539 2080 id
2577 2036 2682 2088 est,
2717 2026 2942 2094 gloriam
2969 2025 3182 2092 qualem
3233 2026 3488 2077 court-uit

1900 2118 2095 2172 habere
2121 2119 2458 2187 unigenitum
2499 2127 2552 2170 et
2585 2118 2859 2186 proprium
2897 2114 3109 2178 Filium.

1971 2247 2136 2304 Vens.
2275 2245 2512 2301 Joannes
2534 2247 2907 2300 testimonium
2954 2245 3200 2315 perhibet
3238 2246 3304 2299 de
3336 2245 3486 2314 ipso;

1900 2340 2060 2405 cujus
2113 2354 2277 2391 causa
2322 2339 2425 2390 hoc
2467 2337 2706 2390 dicitur?
2753 2336 2889 2400 Quia
2949 2351 3144 2402 magna
3207 2345 3490 2389 erattunc

1902 2429 2072 2497 gloria
2103 2429 2354 2488 Joannis,
2391 2438 2446 2481 et
2475 2439 2680 2496 quanto
2717 2429 2997 2494 majorem,
3039 2429 3185 2496 quod
3214 2426 3488 2496 Josephus

1900 2521 2036 2574 dicit
2064 2537 2158 2589 per
2187 2521 2308 2587 ejus
2335 2533 2564 2572 mortem
2597 2521 2868 2572 civitatem
2907 2520 3258 2572 obscuratam
3297 2520 3488 2574 luisse.

1904 2612 2044 2677 Quid
2079 2621 2162 2666 est
2200 2613 2368 2674 istud,
2413 2611 2720 2665 Clamavit?
2781 2612 2893 2666 Hoc
2943 2611 3253 2664 ostenditur
3283 2610 3402 2678 ejus
3438 2609 3490 2661 in

1905 2703 2140 2756 dicendo
2179 2703 2428 2757 libertas.
2457 2703 2560 2766 Qui
2599 2715 2718 2757 ante
2748 2720 2827 2756 me
2859 2704 3031 2772 factus
3065 2711 3164 2764 est,
3189 2703 3314 2770 quia
3344 2703 3492 2768 prior

1906 2811 1986 2847 me
2007 2806 2145 2859 erat,
2191 2805 2306 2864 post
2344 2812 2424 2848 me
2451 2807 2697 2848 venturus
2746 2808 2840 2848 est.
2898 2795 3046 2856 Post,
3095 2795 3145 2847 id
3201 2807 3280 2846 est
3319 2835 3334 2858 ,
3366 2793 3494 2847 Post

1907 2901 1994 2939 me
2033 2888 2372 2954 praedicans;
2420 2887 2553 2940 Ante
2591 2903 2693 2950 me,
2739 2888 2791 2939 id
2823 2897 2926 2950 est,
2955 2885 3214 2947 nobilior.
3247 2887 3492 2955 dignior;

1912 2975 2072 3029 Prior
2107 2993 2186 3030 me
2223 2988 2361 3038 erat,
2396 2979 2522 3046 quia
2555 2993 2660 3029 non
2690 2993 2754 3028 ex
2813 2977 3055 3046 profectu
3101 2977 3308 3045 aliquo,
3341 2976 3493 3046 prior

1910 3084 1996 3122 tne
2020 3085 2141 3121 tum
2173 3069 2264 3132 sit,
2298 3079 2420 3138 post
2459 3085 2542 3122 me
2565 3085 2686 3122 esse
2709 3071 2932 3137 incepit,
2964 3071 3057 3124 sed
3091 3086 3306 3138 semper
3333 3070 3486 3139 prior

229 3153 362 3206 ὄντα
393 3154 567 3206 ὀπίσω
589 3155 891 3225 πεποίηκεν
919 3151 1084 3220 εἶναι,
1116 3155 1232 3208 ἀλλ’
1268 3156 1357 3209 ἀεὶ
1386 3155 1602 3226 πρῶτος
1624 3152 1722 3226 ἦν’
1755 3157 1802 3208 εί
1831 3131 1865 3190 c

1907 3169 2046 3223 erat,
2078 3161 2294 3213 etiarnsi
2328 3171 2513 3231 postea
2547 3162 2776 3214 venerit.

233 3245 328 3295 καὶ
362 3244 588 3314 ὕστερον
623 3246 1008 3316 παραγίνεται.

306 3337 370 3388 Τί
403 3341 516 3390 ἐστι
554 3338 634 3402 τὸ,
693 3338 796 3392 Ἐκ
841 3340 946 3392 τοῦ
989 3341 1382 3408 πληρώματα
1417 3341 1604 3396 αὑτοῦ
1637 3341 1808 3411 ἡμεῖς

235 3426 459 3493 πάντες
488 3428 821 3496 ἐλάϐομεν;
851 3431 973 3483 Ὅτι
1016 3431 1076 3483 οὐ
1113 3431 1381 3502 μεθεκτὴν
1408 3431 1520 3501 ἔχει
1563 3433 1661 3502 τὴν
1706 3431 1809 3484 δω-

240 3520 390 3589 ρεὰν,
414 3519 551 3572 ἀλλὰ
572 3520 890 3590 αὑτοπηγὴν
912 3521 1004 3574 καὶ
1032 3523 1348 3591 αὑτορίζαν,
1381 3522 1522 3574 ὥστε
1559 3521 1681 3574 ἀντὶ
1713 3521 1809 3573 τοῦ

238 3610 593 3679 ὑπερτελείου
627 3609 879 3678 βούλεται
924 3611 1105 3678 λέγειν
1152 3612 1212 3663 τὸ
1246 3612 1420 3680 ὄνομα.
1455 3611 1549 3664 τοῦ
1586 3610 1808 3680 πληρὼο

240 3716 429 3770 ματος.
460 3703 568 3754 Καὶ
610 3701 786 3769 χάριν
810 3702 946 3757 ἀντὶ
985 3703 1246 3771 χάριτοςο
1277 3704 1399 3755 ἀντὶ
1429 3703 1528 3773 τῆς
1549 3704 1807 3768 παλαιᾶς,

238 3791 339 3860 τὴν
373 3793 588 3856 καινήν.

311 3883 438 3936 Ὀτι
466 3883 546 3946 τὺ,
592 3885 695 3936 Ὧν
741 3886 827 3949 είς
881 3884 986 3937 τὸν
1027 3885 1260 3938 κόλπον
1321 3885 1426 3939 τοῦ
1467 3886 1712 3954 Πατρὸς,
1753 3886 1814 3939 τὸ

235 3973 522 4043 ὁμοοὺσιον
553 3974 721 4043 δηλοῖ.

314 4064 436 4119 Ὅτι
464 4065 726 4135 τδηῈγιὼ
773 4065 941 4135 φωνὴ
971 4064 1242 4131 ,βοῶντος
1288 4068 1358 4119 ἐν
1390 4064 1463 4133 τῇ
1497 4065 1816 4134 ἐρήμῳ,λέ-

244 4174 363 4224 γειν
385 4159 546 4211 αὑτὸν
573 4159 689 4220 πῶς
725 4161 995 4229 νοήσομεν
1025 4176 1039 4222 ;
1088 4159 1210 4211 Ἑπί
1243 4160 1335 4211 τὸν
1358 4161 1642 4227 προφήτην
1683 4175 1812 4210 κατ-

246 4249 470 4317 έφυγεν,
516 4250 827 4314 ἀξιόπιστον
864 4249 1020 4317 λόγον
1043 4251 1233 4302 ποιῶν·
1265 4251 1358 4303 καὶ
1386 4252 1495 4318 γὰρ
1526 4253 1552 4302 ὀ
1590 4248 1815 4310 Ἡσαΐας

242 4339 400 4392 τοῦτό
433 4357 616 4409 φησιν.

321 4433 430 4483 ‘Or
450 4431 618 4500 ὑμεῖς
649 4435 760 4486 οὐκ
799 4432 1018 4486 οἴδατε.
1061 4432 1203 4486 Ἀντί
1252 4433 1364 4496 105,
1408 4432 1541 4501 Περὶ
1571 4427 1629 4485 οὗ
1661 4433 1816 4500 ὑμεῖς

245 4523 421 4593 ἀληοῆ
447 4523 602 4589 δόξαν
629 4525 726 4576 οὐκ
758 4523 929 4593 ἔχετε.

322 4611 403 4669 οὗ
447 4617 557 4668 οὐκ
612 4616 728 4684 εἰμὶ
783 4616 952 4680 ἄξιος
1001 4615 1065 4668 τὸ
1113 4616 1391 4684 ὑπόδημα
1447 4615 1655 4669 λῦσαι.
1708 4614 1820 4683 Τὴν

249 4708 485 4777 ἐσχάτην
519 4707 796 4761 διακονίαν
827 4711 884 4760 ἐν
914 4708 1087 4779 τούτῳ
1109 4709 1281 4777 δηλοῖ.

319 4800 419 4852 Διὰ
442 4802 494 4852 τί
522 4802 849 4870 μνημονεύει
872 4803 953 4855 ὅτι
976 4803 1146 4856 ταῦτα
1171 4805 1230 4855 ὲν
1258 4802 1551 4873 Βηθαὸαρᾷ
1569 4802 1817 4868 ὲγένετο;

252 4889 370 4942 Ἵνα
413 4892 592 4959 μήτις
628 4890 780 4964 εἴπῃ,
823 4893 902 4946 ὅτι
936 4895 993 4945 ὲν
1022 4896 1215 4964 γωνίᾳ,
1245 4895 1340 4948 καὶ
1371 4895 1471 4947 οὐκ
1523 4895 1581 4945 ὲν
1628 4893 1819 4963 πλήθει

250 4985 717 5055 ἐπαρρησιάσατο.
752 4986 872 5055 Χρὴ
890 4986 945 5038 δὲ
967 4985 1279 5055 γινώσκειν,
1299 4989 1379 5041 ὅτι
1397 4987 1464 5040 τὰ
1487 4986 1688 5056 ἀκριϐῆ
1713 4986 1820 5037 τῶν

246 5076 614 5145 ἀντιγράφων,
642 5078 711 5131 ἐν
736 5076 1075 5146 Βηθαόαρᾷ·
1105 5080 1138 5147 ἡ
1177 5079 1286 5148 γὰρ
1312 5077 1549 5149 Βηθανία
1575 5077 1698 5146 οὐχὶ
1724 5076 1820 5128 πέο

251 5191 350 5242 ραν
385 5172 477 5224 τοῦ
542 5171 828 5241 Ἰορδάνου,
895 5172 1010 5225 ἀλλ’
1059 5173 1225 5240 ἐγγὺς
1272 5173 1378 5225 τῶν
1435 5173 1821 5243 Ἰεροσολύμων

250 5265 419 5316 ἐστίν.

328 5353 452 5407 Ἴδε
489 5357 520 5406 o'
568 5352 757 5421 ἀμνὸς
790 5353 898 5407 τοῦ
948 5354 1117 5407 Θεοῦ.
1183 5353 1376 5424 Ἀμνδν
1436 5355 1599 5407 αὐτὸν
1645 5353 1820 5414 καλεῖ,

249 5447 348 5515 τῆς
380 5446 718 5514 προφητείας
750 5446 1186 5516 ἀναμιμνήσκων
1208 5447 1405 5509 αὐτοὺς
1437 5446 1531 5498 105
1572 5447 1821 5510 Ἡσαΐου,

253 5538 350 5591 καὶ
382 5538 479 5605 τῆς
517 5538 672 5597 σκιᾶς
702 5537 796 5589 105
821 5537 1013 5590 τύπου.

328 5633 709 5702 Ἔμπιοσθέν
746 5650 865 5702 μου
892 5635 1156 5703 γέγονεν.
1214 5635 1360 5687 Ἀντί
1389 5636 1506 5699 τοῦ,
1554 5635 1827 5704 ἐντιμότε-

258 5743 368 5795 ροςο
404 5726 750 5796 ἐντιμότερος
790 5725 846 5777 δὲ
889 5725 979 5778 διὰ
1015 5726 1076 5779 τὸ
1113 5725 1374 5795 βαπτίσαι
1424 5731 1482 5780 ὲν
1544 5726 1824 5797 Πνεύματι

257 5820 419 5889 ἁγίῳ.
452 5818 538 5872 διὰ
564 5818 625 5872 τὸ
651 5817 749 5881 τὰς
775 5817 1055 5888 ἁμαρτίας
1085 5817 1270 5873 λαϐεῖν
1307 5819 1400 5871 105
1430 5819 1653 5886 κόσμου.

1983 3346 2148 3402 Vens.
2182 3345 2265 3400 16.
2297 3347 2436 3412 Quid
2461 3357 2543 3403 est
2568 3365 2581 3401 :
2617 3347 2688 3401 De
2711 3349 3032 3416 plenitudine
3055 3348 3168 3416 ejus
3200 3365 3292 3401 nos
3316 3366 3495 3402 omnes

1911 3442 2249 3506 accepimus?
2286 3441 2424 3506 Quia
2453 3457 2560 3494 non
2606 3441 3066 3495 communicatam
3110 3441 3489 3495 liberalitatem

1915 3531 2095 3592 habet.
2130 3533 2222 3585 sed
2261 3534 2537 3600 propriam
2581 3534 2819 3586 radicem
2855 3543 2903 3587 et
2938 3529 3141 3586 fontem
3177 3534 3230 3586 in
3263 3550 3320 3585 se
3365 3548 3494 3601 pos-

1915 3623 2205 3683 sidentem,
2239 3624 2313 3677 ita
2362 3634 2420 3677 ut
2461 3639 2559 3692 pro
2600 3625 3104 3692 superabundantia
3131 3626 3273 3678 sumi
3306 3626 3496 3678 debeat

1914 3728 2018 3766 vox
2051 3713 2344 3781 plenitudo,
2383 3712 2450 3765 Et
2484 3715 2710 3782 gratiam
2753 3731 2848 3783 pro
2890 3717 3106 3783 gratia;
3155 3715 3205 3767 id
3239 3725 3342 3777 est,
3396 3730 3498 3783 pro

1914 3805 2108 3868 veteri,
2149 3820 2365 3858 novam.

1991 3895 2157 3950 Vens.
2203 3897 2286 3951 18.
2325 3897 2431 3964 Qui
2459 3899 2604 3950 estin
2641 3899 2759 3950 sinu
2792 3897 2992 3959 Patris,
3042 3898 3492 3951 consubstantia-

1917 3989 2022 4042 lem
2050 3989 2272 4044 indicat.

1990 4081 2153 4133 Vens.
2184 4081 2274 4132 ‘25.
2316 4077 2424 4147 Ego
2443 4097 2539 4130 rex
2569 4080 2848 4132 clamantis
2869 4081 2920 4131 in
2959 4081 3187 4140 deserto,
3220 4083 3497 4148 quomodo

1920 4170 2143 4239 intelligi
2179 4172 2335 4223 debet
2385 4169 2527 4238 quod
2563 4169 2693 4223 dicit
2735 4170 2757 4220 ?
2795 4172 2859 4222 ad
2912 4173 3228 4239 prophetam
3266 4173 3497 4242 aufugit,

1920 4279 2080 4316 suum
2134 4263 2236 4316 (ide
2271 4262 2495 4331 dignum
2532 4277 2843 4316 sermonem
2881 4272 2936 4314 ut
2974 4262 3177 4317 iaceret
3214 4281 3225 4316 :
3262 4279 3386 4315 nam
3445 4266 3493 4316 id

1925 4353 2094 4407 Isaias
2124 4354 2276 4406 dicit.

2000 4444 2160 4497 Vens.
2194 4444 2283 4497 ‘26.
2323 4443 2487 4507 Quem
2516 4461 2600 4496 vos
2635 4443 2892 4504 nescitis;
2929 4442 2978 4494 id
3011 4452 3113 4505 est,
3153 4442 3225 4496 De
3257 4459 3365 4512 quo
3403 4459 3499 4496 vos

1924 4550 2106 4588 veram
2145 4537 2456 4603 Opinionem
2482 4552 2586 4588 non
2631 4535 2858 4588 habetis.

1998 4625 2162 4680 Vsus.
2205 4627 2290 4679 ‘27.
2335 4628 2499 4692 Cujus
2559 4642 2658 4677 non
2710 4643 2824 4678 sum
2858 4627 3049 4694 dignus
3091 4627 3497 4678 calceantcntum

1922 4718 2154 4780 solrere;
2182 4719 2350 4770 imum
2390 4717 2750 4769 ministerium
2785 4718 2885 4768 hoc
2916 4717 3208 4784 signiﬁcat.

1999 4809 2154 4864 Vens.
2207 4810 2295 4863 23.
2336 4809 2448 4862 Cur
2499 4820 2685 4860 narrat
2748 4807 2861 4860 lucc
2912 4823 2965 4860 ιη
3019 4806 3319 4862 Bethahara
3357 4808 3506 4862 facta.

1924 4901 2131 4956 fuisse?
2161 4899 2234 4954 Nc
2268 4901 2392 4969 quis
2422 4900 2564 4953 dicat
2592 4900 2742 4952 illum
2779 4900 2832 4952 in
2869 4899 3070 4966 angulo
3091 4908 3144 4951 et
3175 4914 3280 4952 non
3311 4915 3493 4952 coram

1925 4991 2270 5045 multitudine
2323 4991 2489 5043 libere
2543 4991 2780 5043 locutum
2833 5003 2977 5040 esse.
3040 4991 3264 5054 Oportet
3317 4997 3496 5044 autem

1922 5088 2063 5139 scire
2091 5094 2234 5137 recte
2256 5083 2436 5136 dicere
2453 5083 2695 5150 qna-dam
2715 5079 3067 5146 exemplaria.
3096 5080 3150 5130 in
3171 5079 3495 5140 Ret/tabam.

1925 5190 2050 5227 nam
2079 5173 2335 5226 Bethania
2370 5188 2476 5225 non
2535 5182 2619 5224 est
2653 5180 2803 5223 trans
2857 5167 3170 5233 Iordanem,
3221 5171 3311 5224 sed
3341 5173 3494 5238 juxta

1924 5264 2217 5320 Jerusalem
2239 5274 2343 5317 est.

2005 5357 2170 5411 Vens.
2201 5357 2292 5410 29.
2330 5356 2464 5410 Ecce
2499 5359 2678 5427 Agnus
2733 5355 2858 5418 Dei;
2912 5371 3112 5425 agnum
3143 5371 3266 5408 eum
3319 5366 3498 5418 vocat,

1928 5447 2226 5516 prophetiae
2267 5443 2372 5499 illis
2412 5447 2730 5500 memoriam
2785 5461 3048 5499 revocans
3086 5444 3256 5509 Isaize,
3294 5454 3347 5498 et
3376 5460 3497 5497 utu-

1927 5540 2040 5593 brai
2057 5553 2144 5590 um
2185 5537 2389 5605 ﬁgurae.
3190 5516 3219 5558 θ

2005 5629 2165 5684 Vens.
2204 5630 2295 5682 30.
2331 5632 2464 5682 Ante
2504 5645 2581 5681 me
2610 5628 2782 5694 factus
2824 5639 2923 5689 est.
2980 5629 3030 5682 id
3077 5637 3180 5693 est,
3219 5625 3493 5685 Nobilior:

1933 5723 2167 5777 nobilior
2184 5731 2388 5784 autem,
2415 5722 2542 5789 quia
2570 5721 2869 5789 baptizabit
2890 5722 2941 5774 in
2962 5719 3164 5792 Spiritu
3196 5728 3410 5784 sancto,
3431 5721 3498 5770 ad

1935 5814 2228 5872 tollendum
2257 5824 2535 5883 peccatum
2571 5814 2778 5868 mundi.
