4220 6432
253 421 390 486 1225

1299 411 1621 473 SCHOLIA
1655 406 1956 470 VETERA
1994 404 2074 465 IN
2115 404 2488 466 JOANNEM.

3383 395 3521 458 1226

263 536 572 593 Ἰουδαίων
598 550 610 563 ·
653 532 766 586 ἀλλ’
816 531 902 584 ἵνα
940 531 1015 600 μή
1057 546 1199 590 τινες
1250 529 1358 579 τῶν
1421 528 1666 580 ἀπίστων
1707 525 1838 577 ὑπο-

1946 520 2246 587 [irationem
2281 520 2616 581 Judwoium,
2643 517 2735 572 sed
2771 532 2836 569 ne
2876 515 3099 584 quidam
3159 529 3224 566 ex
3270 514 3523 567 incredu-

247 629 559 682 πτεύσωσιν
610 626 694 677 ὅτι
750 622 981 692 τρυγίας
1016 637 1099 682 τις
1141 618 1527 688 ἐναπομείνας,
1569 613 1686 669 εἶτα
1736 616 1830 669 τοῦ

250 725 443 783 ὓδατος
467 717 855 788 ἐπιϐληθέντος
877 715 971 767 καὶ
999 714 1315 786 κραθέντος,
1341 709 1482 773 οἶνος
1506 710 1832 772 λεπτότατος

249 818 466 884 γέγονε,
502 813 776 866 δείκνυσιν
805 811 888 862 ὅτι
919 808 1182 861 οὐδέποτε
1215 809 1402 872 ἐκεῖνα
1437 805 1659 872 γέγονεν
1688 803 1834 855 οἴνου

249 909 468 976 δοχεῖαο
507 903 696 974 ἐπειδὴ
751 901 860 971 γάρ
910 899 1139 968 ἄνυδρός
1183 900 1332 952 ἐστιν
1382 899 1415 968 ἡ
1473 897 1833 964 Παλαιστίνη,

252 1000 346 1050 καὶ
386 998 488 1049 οὑκ
537 991 604 1065 ἦν
642 993 912 1062 πολλαχοῦ
967 994 1174 1064 κρήνας
1206 992 1517 1062 εὑρίσκειν,
1563 990 1837 1060 ἐπλήρουν

259 1090 349 1140 ἀεὶ
397 1089 496 1149 τὰς
528 1087 717 1156 ὑδρίας
767 1085 982 1146 ὓδατος,
1016 1083 1157 1136 ὥστε
1198 1085 1272 1154 μὴ
1310 1084 1526 1153 τρέχειν
1556 1083 1632 1144 εἰς
1673 1099 1838 1134 ποτα-

258 1180 423 1246 μοὺς,
459 1179 508 1230 εἰ
563 1178 800 1246 γένοιντο
852 1176 1176 1244 ἀκάθαρτοι.
1229 1175 1316 1240 ἘΞ
1355 1176 1455 1227 οὑκ
1483 1174 1650 1226 ὄντων
1689 1173 1745 1225 δὲ
1776 1172 1838 1224 οὑ

257 1273 404 1323 ποιεῖ
435 1265 608 1334 οἶνον,
643 1271 994 1340 περικόπτων
1029 1267 1171 1321 ἑκὼν
1204 1268 1263 1321 τὸ
1298 1266 1524 1336 μέγεθος
1567 1267 1675 1319 τῶν
1713 1265 1840 1317 θαυ-

260 1364 470 1433 μάτων.
842 1417 850 1421 .

329 1456 452 1506 Ὅτι
484 1453 702 1523 πρῶτον
727 1451 805 1522 τῷ
832 1451 1225 1524 ἀρχιτρικλίνῳ
1257 1449 1478 1520 δοθῆναι
1506 1451 1743 1513 κελεύει,
1769 1449 1843 1512 ῶς

260 1551 505 1618 νήφοντι.
544 1549 655 1602 Καὶ
685 1547 796 1618 γάρ
847 1549 896 1599 oi
928 1548 1026 1616 τὴν
1069 1545 1330 1616 τοιαύτην
1365 1546 1642 1599 διακονίαν
1681 1563 1842 1598 πεπι-

258 1638 545 1708 στευμένοι
583 1637 818 1706 μάλιστά
865 1639 972 1690 εἰσι
1025 1638 1310 1707 νήφοντες,
1353 1636 1495 1689 ὥστε
1549 1639 1607 1690 ὲν
1654 1637 1844 1708 κόσμῳ

260 1733 356 1783 καὶ
399 1731 552 1795 τάξει
595 1731 770 1785 πάντα
826 1729 1186 1784 διατίθεσθαι.
1234 1729 1295 1782 El
1348 1730 1459 1798 γὰρ
1509 1735 1618 1796 τοῖς
1666 1731 1845 1794 ἄλλοις

258 1821 444 1890 ὲδοθη,
483 1819 636 1875 εἷπον
668 1822 736 1876 ἀν
781 1824 862 1875 ὅτι
897 1821 1180 1893 μεθύουσι,
1223 1821 1320 1874 κα)⁵
1370 1822 1586 1891 ἀλόγοις
1633 1822 1732 1876 καὶ
1770 1823 1844 1894 μὴ

258 1914 630 1984 διακρίνουσιν
661 1915 830 1967 ἔδωκε
866 1917 1032 1969 πιεῖν.

331 2050 430 2100 Διά
464 2048 517 2101 τί
543 2050 637 2103 τὸν
670 2050 905 2120 νυμφίον
933 2048 1216 2119 ἐφώνησεν
1241 2051 1268 2103 ό
1299 2048 1722 2122 ἀρχιτρίκλινος,
1759 2052 1850 2106 καὶ

259 2143 321 2192 οὑ
356 2144 480 2206 τοὺς
512 2145 829 2209 διακόνουςς
863 2143 1021 2197 Οὕτω
1060 2147 1168 2215 γάρ
1194 2144 1258 2198 ἂν
1289 2148 1384 2199 καὶ
1420 2147 1480 2198 τὸ
1519 2145 1704 2215 θαῦμα
1763 2147 1851 2210 ἐξ·

262 2233 569 2307 εκαλύφθη·
597 2235 1050 2308 κατόίκονομίαν
1082 2239 1272 2306 γέγονε
1302 2238 1482 2298 τοῦτο,
1503 2239 1588 2292 ἵνα
1617 2241 1689 2310 μὴ
1721 2243 1852 2293 πάν-

261 2341 356 2390 τες
379 2329 601 2396 γνῶσιν.
622 2331 744 2383 Ὀτι
771 2333 796 2382 ό
817 2330 1092 2399 βασιλικὸς
1115 2331 1201 2384 διὰ
1223 2329 1384 2384 τοῦτο
1409 2333 1570 2386 αὑτὸν
1597 2334 1730 2404 πρὸς
1753 2334 1852 2404 τὴν

262 2419 357 2472 τοῦ
418 2422 609 2484 παιδὸς
677 2421 866 2488 ὑγείαν
925 2423 1404 2495 προσεκαλέσατο,
1440 2426 1528 2478 διὰ
1559 2426 1619 2478 τδ
1658 2428 1854 2496 μαθεῖν

266 2512 423 2566 τοῦτο
452 2515 613 2567 αὑτὸν
643 2519 1002 2586 πεποιηκέναι
1033 2519 1094 2570 τὸ
1122 2524 1366 2590 σημεῖον·
1396 2522 1532 2592 ὅπερ
1557 2524 1650 2574 καὶ
1677 2541 1850 2592 παραυ

263 2606 441 2677 δηλῶν
498 2611 526 2662 ό
586 2610 975 2682 εὑαγγελιστὴς
1037 2613 1256 2680 ἔλεγεν,
1323 2615 1456 2667 ὅπου
1518 2615 1738 2682 ἐποίησε
1797 2617 1856 2667 τὸ

268 2697 412 2768 ὕδωρ
442 2695 585 2752 οἶνον
607 2719 623 2735 ’
651 2703 748 2772 οὑχ
782 2705 968 2768 ἁπλῶς
1004 2704 1059 2757 δὲ
1085 2700 1228 2758 οἶνον
1246 2707 1519 2776 ἐποίησεν,
1552 2707 1685 2761 ἀλλὰ
1713 2704 1854 2762 οἶνον

267 2791 575 2846 κάλλιστον.

339 2928 438 2980 Διὰ
468 2927 519 2980 τί
565 2929 770 3000 κατέϐη
823 2932 900 2994 εἰς
941 2933 1353 3004 Καπερναούμ;
1399 2931 1472 2987 Ἱι
1506 2936 1594 2988 διὰ
1637 2939 1736 3007 τὴν
1775 2941 1855 3002 εἰς

271 3018 501 3090 Μητέρα
531 3022 724 3092 τιμὴν,
766 3023 831 3075 ἶν’
878 3025 1310 3100 ἀποκαταστήσῃ
1345 3029 1444 3098 τὴν
1485 3030 1712 3099 Μητέρα
1762 3033 1857 3083 καὶ

268 3113 393 3174 τοὺς
435 3114 718 3182 ἀδελφούς.
766 3120 875 3171 Καὶ
941 3121 1028 3174 διά
1097 3121 1151 3175 τί
1199 3125 1279 3186 είς
1339 3126 1712 3197 Καπερναοὺμ
1760 3130 1856 3181 οὑκ

265 3205 496 3274 ιποίησε
527 3211 758 3278 σημεῖα;
781 3212 903 3264 Ὀτι
934 3213 1030 3283 οὑχ
1070 3214 1240 3282 ὑγιῶς
1280 3218 1636 3286 προσέκειντο
1670 3220 1845 3289 αὐτῷ·

1963 3208 2318 3261 immoderate
2363 3207 2512 3260 Illum
2583 3206 2849 3274 urgebant
2898 3222 2912 3260 :

269 3296 366 3349 xui.
393 3298 550 3352 τοῦτο
572 3301 839 3371 ἐδήλωσεν
894 3305 1063 3358 είπὼν
1083 3323 1097 3335 ·
1131 3307 1242 3360 Kal
1270 3309 1382 3373 σὺ,
1416 3312 1808 3382 Καπερναοὺμ
1829 3355 1842 3377 ,

270 3390 308 3454 ἡ
358 3390 468 3456 ἕως
497 3393 617 3446 τῶν
638 3395 911 3464 οὐρανῶν
964 3399 1301 3468 ὑψωθεῖσα,
1329 3401 1440 3468 ἕως
1494 3403 1643 3470 ᾅδου
1673 3421 1848 3461 καττι-

271 3482 459 3550 ϐήσῃ.

341 3576 438 3628 Διά
481 3577 575 3630 τοῦ
613 3581 916 3645 εἰπεῖν,ὃτι
953 3579 1071 3638 Ἦν
1105 3586 1286 3656 ἐγγὺς
1330 3587 1399 3640 τὸ
1456 3589 1672 3660 Πάσχα
1729 3593 1850 3646 τῶν

283 3665 609 3732 Ἰουδαίων,
636 3672 910 3727 δείκνυσιν
941 3678 1075 3745 ἡμῖν
1119 3679 1199 3731 ὅτι
1223 3680 1286 3732 οὑ
1317 3680 1424 3751 πρὸ
1459 3682 1673 3736 πολλῶν
1704 3686 1847 3739 πάνυ

270 3759 498 3826 ἡμερῶν
523 3761 617 3815 τοῦ
648 3764 842 3835 Πάσχα
873 3767 1228 3824 ὲόαπτίσατο.

349 3851 468 3904 Ὀτι
507 3856 632 3918 τοὺς
684 3858 998 3923 πωλοῦντας
1042 3864 1138 3915 καὶ
1184 3865 1556 3934 ἀγοράζοντας
1599 3871 1850 3936 ἐξέϐαλεν

272 3943 338 3994 ὲκ
389 3944 482 3996 τοῦ
533 3946 678 4015 ἱεροῦ
731 3949 937 4016 λέγων·
985 3952 1079 4021 Μὴ
1122 3957 1341 4010 ποιεῖτε
1386 3961 1491 4011 τὸν
1534 3956 1703 4014 οἷκον
1745 3965 1851 4018 τοῦ

272 4037 506 4101 Πατρός
531 4055 674 4105 μου,
717 4036 885 4095 οἶκον
907 4043 1226 4113 ἐμπορίου·
1261 4049 1446 4119 ἕτερος
1484 4051 1539 4104 δὲ
1571 4054 1853 4122 εὐαγγελι-

275 4125 404 4195 στὴς
434 4127 605 4196 λέγει,
640 4134 947 4200 σπήλαιον
984 4139 1248 4204 λῃστῶν.
1290 4143 1451 4195 Ὅθεν
1492 4145 1553 4197 οὑ
1580 4149 1721 4199 κατὰ
1762 4149 1854 4200 τὸν

272 4216 436 4310 αὑτδν
466 4221 656 4310 καιρὸν
695 4224 982 4297 ἀμφότερα
1017 4230 1240 4295 γέγονεν
1260 4248 1274 4262 ⁸
1308 4235 1424 4285 ἐκεῖ
1455 4235 1553 4305 μὲν
1579 4237 1686 4308 γάρ
1719 4241 1852 4310 πρὸς

274 4308 406 4360 αὑτὸ
431 4309 491 4362 τὸ
523 4312 692 4376 πάθος
732 4315 924 4380 ἐλθὼν,
953 4321 1188 4374 ἐνταῦθα
1215 4323 1269 4376 δὲ
1310 4325 1368 4378 ὲν
1404 4330 1712 4398 προοιμίοις
1745 4308 1852 4384 τῶν

275 4401 521 4467 σημείων
565 4405 872 4476 ὑφειμένως
901 4413 965 4479 τῇ
997 4412 1335 4483 ἐπιτιμήσει.
1387 4419 1541 4472 Ἐπεὶ
1579 4420 1672 4474 οὖν
1701 4428 1790 4475 καὶ
1825 4426 1852 4476 ὁ

273 4491 430 4560 λόγος
467 4497 562 4548 καὶ
587 4500 615 4550 ό
648 4500 838 4568 χρόνος
867 4503 1157 4574 διάφορος,
1188 4507 1349 4575 διχῶς
1384 4510 1446 4562 τὸ
1477 4514 1743 4582 πραχθέν.

349 4587 473 4639 Ὀτι
499 4590 559 4640 τὸ
588 4590 767 4658 λέγειν
787 4596 1005 4660 αὑτοὺς,
1037 4600 1097 4651 Τί
1119 4601 1373 4667 σημεῖον
1393 4602 1690 4670 δεικνύεις
1711 4606 1853 4675 ἡμῖν

273 4679 365 4732 ὅτι
422 4682 608 4735 ταῦτα
655 4685 882 4752 ποιεῖς;
918 4690 1156 4759 ἐσχάτης
1201 4693 1457 4758 ἀπονοίας
1499 4697 1656 4749 ἐστί·
1695 4701 1851 4751 ποίου

273 4772 384 4840 γάρ
413 4778 639 4842 σημείου
668 4778 826 4845 χρεία
853 4774 919 4848 ἧν
942 4780 1080 4834 ὥστε
1111 4783 1180 4836 τά
1203 4786 1389 4848 κακῶς
1419 4789 1679 4857 γινόμενα
1709 4791 1851 4844 παῦ-

274 4880 388 4925 σαι,
418 4865 584 4936 ἡγουν
615 4869 742 4930 τοὺς
770 4870 1188 4941 ἁμαρτάνοντας
1217 4879 1672 4950 ὲπιστρέφεσθαις

375 4961 473 5009 Οτι
516 4960 612 5023 τὸ,
659 4963 900 5016 Λύσατε
940 4966 1037 5018 καὶ
1082 4967 1298 5036 ἐγερῶ,
1343 4971 1437 5024 δύο
1485 4975 1694 5041 εἰσάγει
1728 4979 1852 5047 νοήο

277 5067 447 5118 ματα,
489 5053 584 5104 καὶ
620 5053 700 5105 ὅτι
734 5055 1125 5126 ἀναστήσεται,
1163 5063 1256 5114 καὶ
1283 5063 1365 5115 ὃτι
1394 5065 1525 5128 Θεὸς
1559 5068 1586 5118 ό
1617 5068 1855 5139 ἀναστή-

274 5156 383 5191 σων
407 5159 420 5170 ·
451 5142 642 5194 ἑαυτὸν
674 5144 783 5214 γὰρ
813 5142 968 5200 εἶπεν
989 5165 1004 5178 ⁸
1047 5151 1279 5219 Ἐγερῶ.

341 5234 463 5297 Πῶς
491 5236 712 5305 νοητέον
743 5239 830 5304 τὸ,
873 5240 976 5293 Ἕν
1016 5246 1472 5314 τεσσαράκοντα
1508 5252 1604 5305 καὶ
1630 5251 1698 5316 ἓξ
1734 5255 1855 5307 ἕτε-

274 5340 379 5377 σιν
421 5327 774 5398 ᾠκοδομήθη
825 5335 858 5386 ὀ
914 5337 1090 5400 ναόςς
1140 5338 1251 5408 Τὴν
1294 5339 1528 5411 ὑστέραν
1566 5346 1854 5415 οἰκοδομὴν

272 5417 578 5487 ἐδήλωσεν·
635 5424 727 5475 ἐπὶ
775 5426 883 5494 γάρ
933 5427 1117 5496 Κύρου
1171 5430 1349 5500 ἡρχθη
1391 5433 1452 5485 τὸ
1501 5435 1695 5504 ἔργον,
1735 5435 1851 5489 εἶτα

276 5511 550 5581 ἀνεκόπη·
591 5515 731 5582 μετά
755 5515 811 5567 δὲ
839 5517 1012 5570 ταῦτα
1054 5519 1214 5573 πάλιν
1247 5523 1422 5595 ἧρχθη
1459 5528 1551 5579 ἐπὶ
1588 5530 1815 5600 Δαρείου
1836 5547 1849 5562 ·

273 5604 370 5658 ἐπὶ
398 5605 507 5676 γάρ
534 5606 878 5677 Σολομῶντος
911 5611 988 5674 είς
1023 5612 1198 5666 εἴκοσι
1224 5613 1319 5684 ἔτη
1346 5618 1592 5690 ἐκτίσθη.

878 5795 1126 5850 ΚΕΦΑΛ.
1170 5798 1243 5853 Γ.

344 5879 468 5932 ὀτι
497 5880 524 5932 ὁ
557 5877 867 5950 Νικόδημος
909 5886 1102 5949 νυκτὸς
1165 5889 1364 5960 ἦρχετο
1385 5903 1399 5918 ⁸
1442 5891 1691 5961 ἐφοϐεῖτο
1723 5895 1850 5966 γάρ.

522 5974 791 6038 Parnm.
821 5981 935 6037 Gn.
967 5980 1126 6041 (ΖΗ.

1938 615 2006 668 lis
2073 614 2423 683 suspicentur
2467 613 2704 682 aliquem
2761 609 2922 664 faeces
2967 606 3277 676 reliquisse,
3326 605 3524 658 deinde

1937 720 2077 774 aqua
2135 705 2334 774 injecta
2369 713 2424 757 et
2475 703 2739 768 immista,
2796 701 2982 754 vinum
3039 697 3400 751 tenuissinum
3443 695 3525 748 la-

1938 809 2086 854 etum
2127 815 2267 861 esse,
2323 798 2564 852 ostendit
2595 796 2742 866 quod
2775 796 2880 849 illa:
2911 808 3062 848 urna:
3102 808 3382 860 nunquam
3414 791 3526 844 vini

1941 894 2238 962 receptoria
2292 889 2527 944 fuissent
2579 905 2592 953 ;
2669 905 2794 943 eum
2868 888 3015 942 enim
3069 883 3357 942 Palaestina
3408 883 3528 938 sine

1941 997 2082 1050 aqua
2111 981 2202 1045 sit,
2223 992 2273 1036 et
2306 982 2522 1035 dillieile
2573 984 2642 1034 sit
2693 980 2745 1032 in
2784 980 2968 1032 Inultis
3001 980 3135 1033 locis
3160 978 3341 1032 fontes
3373 976 3527 1028 inve-

1941 1072 2082 1132 nire.
2109 1072 2408 1139 implebant
2448 1086 2667 1138 semper
2718 1069 2941 1138 liydrias
2982 1085 3146 1139 aqua,
3182 1083 3250 1120 ne
3277 1069 3342 1120 ad
3375 1067 3528 1120 rivos

1943 1173 2255 1225 currerent.
2291 1165 2336 1219 si
2371 1165 2565 1234 impuri
2620 1164 2830 1217 ﬂerent.
2870 1163 2973 1215 Sed
3019 1178 3049 1215 e
3084 1158 3256 1214 nihilo
3296 1175 3401 1211 non
3443 1159 3527 1210 vi-

1947 1272 2076 1310 num
2111 1255 2263 1322 facit,
2289 1264 2479 1324 sponte
2505 1254 2761 1309 minuens
2792 1253 3039 1307 miraculi
3071 1250 3527 1321 magnitudinem.

2020 1437 2182 1489 Vens.
2207 1435 2260 1489 8.
2288 1434 2473 1488 Primo
2496 1434 2874 1488 areliitriclino
2905 1433 3229 1504 ferrijubet,
3262 1446 3524 1505 tanquam

1945 1529 2158 1597 jejuno.
2189 1527 2323 1581 Nam
2353 1528 2445 1597 qui
2483 1528 2589 1582 tale
2626 1528 2994 1581 ministerium
3043 1527 3271 1597 implent
3300 1528 3529 1582 multum

1950 1630 2076 1675 sunt
2109 1631 2497 1689 temperantes,
2537 1630 2594 1675 ιιι
2637 1621 2828 1675 Omnia
2867 1637 2992 1675 cttm
3038 1621 3230 1675 ordine
3250 1630 3300 1674 et
3333 1631 3530 1674 ornatu

1949 1713 2262 1782 disponant.
2312 1712 2368 1766 Si
2404 1715 2548 1766 enim
2582 1713 2708 1767 aliis
2762 1712 2950 1767 datum
2998 1711 3212 1775 fuisset,
3261 1712 3537 1766 diceretur

1951 1806 2058 1861 illis
2090 1806 2200 1871 jam
2229 1805 2418 1868 ebriis.
2453 1815 2507 1859 et
2533 1806 2652 1860 sine
2684 1805 2925 1868 ratione,
2956 1813 3140 1858 etnon
3171 1805 3533 1858 discernenti-

1880 1872 1922 1930 Β
1957 1897 2056 1951 bus
2084 1907 2272 1966 potum
2300 1896 2470 1950 fuisse
2488 1897 2700 1951 datum.

2026 2041 2194 2096 Vens.
2221 2040 2406 2096 9.Cur
2437 2056 2703 2110 sponsum
2756 2049 2969 2094 vocavit
3015 2036 3444 2105 arcliilriclinus,
3482 2050 3536 2095 et

1955 2155 2062 2192 ιιιτιι
2095 2137 2411 2190 ministros?
2444 2135 2520 2189 Ita
2552 2138 2699 2189 enim
2729 2135 3055 2188 miraculum
3077 2134 3374 2189 revelatum
3397 2133 3534 2188 luis-

1957 2240 2070 2294 set;
2103 2245 2170 2284 ex
2224 2230 2476 2283 instituto
2523 2227 2667 2280 istud
2726 2225 2927 2280 factum
2970 2235 3054 2280 est
3113 2241 3184 2280 ne
3217 2240 3412 2280 omnes
3442 2241 3537 2280 Cu-

1956 2329 2307 2389 gnoseerent.
2342 2319 2585 2389 Regulus
2617 2319 2738 2373 ideo
2775 2319 2928 2371 illum
2975 2318 3041 2371 ad
3091 2317 3382 2372 sanitatem
3429 2319 3539 2372 lilio

1957 2413 2192 2467 dandam
2221 2413 2453 2475 Vuearit,
2503 2412 2649 2481 quod
2683 2410 2952 2466 didicerat
2992 2411 3140 2465 illum
3188 2413 3292 2466 hoc
3322 2413 3537 2482 signum

1959 2506 2187 2570 fecisse;
2220 2507 2362 2574 quod
2393 2506 2688 2574 designans
2735 2504 3072 2572 evangelista
3100 2504 3250 2570 dicit,
3282 2505 3374 2559 ubi
3412 2505 3540 2560 fecit

1958 2615 2154 2667 aquam
2179 2599 2397 2662 riuum;
2438 2613 2545 2650 non
2580 2595 2767 2649 vinum
2791 2595 3115 2667 simpliciter
3137 2595 3290 2664 fecit,
3330 2596 3424 2652 sed
3461 2597 3540 2650 vi-

1960 2709 2088 2745 num
2109 2692 2401 2762 op:imum.

2034 2929 2194 2984 Vens.
2233 2926 2319 2981 12.
2350 2926 2462 2981 Cur
2491 2925 2772 2981 descendit
2808 2925 2861 2979 in
2903 2925 3333 2996 Capliarnaum?
3381 2929 3541 2984 Certe

1960 3022 2032 3076 ob
2062 3022 2254 3075 matris
2283 3020 2670 3084 reverentiam,
2705 3028 2763 3072 ut
2784 3035 2843 3073 se
2875 3018 3038 3072 matri
3068 3029 3125 3074 et
3149 3019 3412 3076 fratribus
3458 3039 3543 3078 re.

1959 3114 2306 3169 stitueret.Et
2323 3129 2420 3166 cur
2442 3114 2494 3166 in
2514 3112 2901 3180 Capliarnaum
2930 3114 3080 3183 signa
3098 3129 3205 3168 non
3226 3113 3389 3170 fecit?
3404 3118 3540 3183 Quia

2973 3207 3025 3260 id
3075 3222 3300 3278 quoque
3355 3220 3542 3264 ostenc

1951 3299 2030 3352 dit
2061 3299 2281 3354 dicens:
2315 3297 2383 3351 Et
2405 3309 2482 3364 tu,
2508 3297 2909 3367 Capliarnaum,
2930 3313 3045 3368 qua
3074 3317 3238 3372 usque
3261 3301 3330 3355 ad
3354 3304 3541 3357 caelum

1951 3393 2255 3456 ascendisti,
2282 3393 2351 3446 ad
2390 3393 2657 3462 infernum
2689 3391 3035 3447 descendisti.

2023 3581 2189 3636 Vens.
2212 3582 2299 3635 l5.
2323 3580 2563 3635 Dicendo
2589 3580 2872 3650 quoniam,
2897 3578 3064 3647 Prope
3083 3577 3416 3636 eralPusclta
3441 3585 3544 3637 Juo

1954 3677 2217 3741 atrorum,
2247 3675 2490 3730 ostendit
2521 3674 2681 3728 nobis
2728 3672 2874 3743 quod
2923 3673 3114 3742 paucis
3163 3684 3288 3729 ante
3333 3674 3540 3730 Paselia

1952 3769 2146 3822 diebus
2177 3767 2281 3822 luit
2315 3768 2640 3836 baptizatus.

2027 3860 2194 3914 Vens.
2223 3860 2309 3914 14.
2356 3858 2666 3913 Venduntes
2693 3867 2748 3912 et
2791 3871 3038 3915 ementes
3082 3858 3243 3929 ejecit
3274 3875 3304 3914 e
3340 3863 3542 3932 templo

1955 3950 2144 4007 dicens
2175 3969 2189 4005 :
2225 3950 2407 4004 Nolite
2434 3952 2608 4019 facere
2634 3951 2848 4004 domum
2881 3951 3062 4005 Patris
3084 3953 3181 4004 mei
3205 3952 3423 4006 domum
3447 3972 3538 4009 ne-

1957 4046 2300 4118 gotiationis;
2334 4047 2475 4099 alius
2505 4045 2838 4113 evangelista
2862 4045 3018 4107 dicit,
3050 4045 3354 4113 speluncam
3375 4045 3545 4101 Iatro-

1957 4159 2104 4196 num.
2138 4141 2292 4196 Unde
2329 4141 2582 4210 arguitur
2613 4157 2718 4193 non
2752 4141 2942 4194 eodem
2980 4149 3224 4210 tempore
3249 4152 3542 4216 utrumque

1958 4234 2160 4288 laetum
2187 4249 2342 4299 esse;
2361 4249 2482 4284 nam
2509 4231 2617 4286 illie
2638 4232 2703 4284 ad
2728 4234 3038 4301 passionem
3071 4234 3542 4305 appropinquans,

1958 4329 2028 4382 ibi
2057 4337 2238 4381 autem
2277 4325 2330 4378 in
2373 4325 2530 4378 initio
2555 4324 2839 4393 signorum
2889 4323 3138 4377 modesta
3176 4339 3310 4378 voce
3364 4327 3542 4384 inere-

1958 4420 2156 4488 pando.
2186 4418 2326 4473 Cum
2367 4415 2531 4486 igitur
2575 4426 2788 4486 tempus
2822 4423 2877 4471 et
2920 4430 3103 4471 sermo
3149 4417 3367 4475 diversa
3402 4423 3537 4492 sint,

1959 4513 2043 4568 liis
2073 4513 2202 4566 illud
2229 4511 2431 4565 factum
2455 4519 2558 4565 est.

1892 4570 1932 4622 D
2035 4603 2201 4659 Vens.
2245 4605 2330 4657 18.
2363 4604 2501 4657 Cum
2555 4602 2633 4656 illi
2666 4602 2854 4656 dicunt
2907 4621 2920 4656 :
2953 4602 3107 4668 Quod
3145 4604 3357 4674 signum
3386 4609 3538 4663 nobis

1960 4700 2190 4753 ostendis
2213 4700 2339 4769 quia
2362 4699 2470 4751 Ιιιεε
2496 4696 2668 4765 facit?
2699 4711 2966 4750 summam
2999 4695 3328 4753 dementiam
3352 4710 3540 4756 osten-

1961 4794 2118 4845 dunt.
2147 4791 2318 4858 Cujus
2348 4790 2494 4842 enim
2528 4787 2668 4859 signi
2701 4802 2842 4857 opus
2868 4797 2988 4842 erat
3013 4797 3072 4842 ιιι
3105 4790 3246 4845 male
3290 4804 3408 4846 acta
3443 4795 3539 4849 de-

1959 4886 2222 4944 sinerent.
2259 4884 2309 4937 id
2337 4892 2421 4937 est
2447 4894 2505 4936 ut
2533 4890 2849 4951 peccatores
2872 4885 3360 4939 converterentur?

2032 4985 2197 5042 Vens.
2240 4977 2324 5031 19.
2376 4975 2573 5030 Solvite
2622 4985 2672 5028 et
2701 4975 2976 5038 excitabo;
3029 4975 3170 5031 duas
3223 4982 3526 5036 sententias

1959 5069 2285 5133 ineludit,et
2314 5067 2459 5135 quod
2507 5074 2772 5134 resurget,
2824 5073 2880 5118 et
2920 5066 3069 5134 quod
3134 5067 3278 5123 Deus
3329 5075 3533 5142 estqui

1961 5171 2234 5228 resurget;
2257 5159 2383 5211 dicit
2411 5157 2556 5210 enim
2583 5157 2649 5210 de
2665 5171 2755 5209 se:
2794 5157 3070 5210 Excitabo.

2035 5251 2197 5305 Vens.
2227 5249 2316 5302 20.
2342 5249 2628 5313 Quomodo
2661 5247 3070 5315 intelligendum
3115 5266 3129 5302 :
3165 5248 3535 5323 Quadraginta

1960 5355 2008 5397 ct
2035 5359 2125 5397 sea:
2160 5343 2310 5396 anuis
2351 5341 2673 5408 wdiﬁcatum
2699 5349 2770 5392 est
2798 5339 3088 5407 templum?
3126 5341 3377 5398 Ultimatn
3406 5348 3504 5402 aedi
3524 5375 3540 5392 -

1963 5429 2269 5490 ﬁcationem
2305 5441 2607 5495 memerat;
2645 5446 2769 5484 nam
2821 5431 2925 5485 sub
2961 5430 3102 5502 Cyro
3134 5433 3408 5504 inceptum
3452 5451 3537 5493 est

1960 5543 2121 5594 opus,
2153 5523 2350 5578 deinde
2389 5524 2799 5592 interruptum;
2835 5533 3019 5591 postea
3064 5539 3195 5580 vero
3228 5543 3418 5583 rursus
3450 5531 3536 5584 in-

1961 5629 2177 5688 ceptum
2210 5627 2293 5671 est
2323 5615 2426 5672 sub
2467 5616 2626 5670 Dario
2652 5634 2666 5678 ;
2697 5616 2800 5669 sub
2832 5614 3123 5672 Salomone
3149 5619 3294 5673 enim
3346 5623 3532 5691 viginti

1962 5712 2122 5766 annis
2142 5719 2482 5766 exstructum
2517 5710 2639 5764 fuit.

2548 5801 2777 5858 CAPUT
2835 5804 2913 5860 lll.

2034 5895 2198 5951 Vens.
2232 5897 2283 5950 1.
2325 5895 2654 5954 Nieodemus
2709 5910 2867 5958 nocte
2897 5902 3066 5969 venit,
3100 5901 3326 5959 timebat
3361 5906 3529 5964 enim.

3095 5995 3172 6054 39
