4220 6432
333 422 469 486 1233

1381 424 1701 485 SCHOLM
1742 420 2038 484 VETERA
2082 421 2160 481 IN
2199 421 2574 482 JO.\NNEM.

3436 431 3570 497 1234

326 545 418 594 ἐπὶ
449 543 639 612 θρόνου
671 541 983 608 καθέζεται,
1017 544 1110 596 καὶ
1142 544 1291 614 παρὰ
1318 546 1469 614 πηγῇ
1497 542 1586 593 δια
1616 542 1676 594 τὸ
1697 540 1890 610 ψύχος·
1922 546 1944 600 1

2000 552 2126 589 vero
2150 546 2205 589 et
2232 554 2337 590 non
2367 538 2418 591 in
2449 538 2703 592 cathedra
2737 539 2909 602 sedet,
2959 551 3011 594 et
3063 543 3218 610 juxta
3272 544 3473 601 fontem
3503 552 3573 605 ob

323 635 412 687 δά
452 634 608 687 τοῦτο
640 638 734 687 καὶ
769 637 797 687 6
826 635 1222 705 εὐαγγελιστὴς
1275 637 1480 706 ἐδήλου·
1517 630 1630 689 Ἦν
1651 634 1719 686 δὲ
1749 632 1894 686 ὡσεὶ

322 728 443 795 ὥρα
474 728 638 795 ἕκτη.
667 728 739 781 Τὸ
766 728 822 781 δὲ
853 728 1055 797 ἄτυφον
1083 728 1246 780 αὐτοῦ
1292 728 1543 796 φαίνεται
1570 729 1633 780 ὲκ
1662 725 1755 778 τοῦ
1792 727 1891 796 μό-

324 837 413 873 νον
454 820 880 889 καταλειφθῆναι
909 823 965 874 ὲν
994 823 1059 891 τῇ
1094 821 1217 890 ὀδῷ,
1245 824 1338 873 καὶ
1371 821 1430 873 τὸ
1460 822 1587 891 περὶ
1636 820 1734 881 τὰς
1766 836 1891 888 τρο-

325 915 432 979 φὰς
484 913 831 982 ἠμελημένον
871 915 935 967 ἐκ
970 914 1064 967 τοῦ
1120 913 1376 965 ἀπελθεῖν
1452 915 1578 974 τοὺς
1641 912 1892 981 μαθητὰς

324 1004 593 1072 ἀγοράσαι
619 1003 824 1072 τροφὰς
854 1003 1148 1057 δείκνυται.
1202 1004 1307 1057 Καὶ
1342 1006 1467 1071 μετ’
1524 1003 1717 1070 ὀλίγην
1768 1003 1894 1064 Πῶς

321 1093 562 1155 δύναται,
596 1094 780 1162 φησὶν,
826 1093 938 1155 ἶσος
974 1090 1113 1146 εἶναι
1140 1096 1166 1146 6
1200 1095 1322 1157 Υἱὸς
1352 1095 1427 1163 τῷ
1454 1094 1661 1163 Πατρί;
1708 1093 1763 1144 ’0
1786 1094 1894 1163 γὰρ

321 1183 452 1245 Θεὸς
480 1182 733 1235 οὐδέποτε
765 1186 951 1253 κοπιᾷ·
984 1186 1011 1237 6
1038 1184 1090 1237 δὲ
1131 1184 1337 1253 Ἰησοῦς
1371 1185 1650 1236 ἐκοπίασε.
1685 1186 1887 1237 ’Ἄκουε

321 1275 429 1342 γὰρ
482 1274 580 1328 τοῦ
637 1277 920 1346 προφήτου
956 1276 1205 1344 λέγοντος
1268 1276 1515 1330 Ἡσαΐου*
1578 1277 1638 1329 ⁸0
1671 1277 1815 1341 Θεὸς
1859 1277 1892 1329 ό

320 1362 577 1429 αἰώνιος,
604 1368 637 1418 ό
662 1368 805 1432 Θεὸς
824 1370 857 1421 ὁ
878 1368 1342 1434 κατασκευάσας
1364 1371 1435 1421 τὰ
1451 1370 1601 1437 ἄκρα
1622 1367 1733 1436 τῆς
1758 1366 1890 1436 τῆς,

320 1457 392 1508 οὐ
413 1455 703 1521 πεινάσει,
731 1458 870 1512 οὐδὲ
898 1460 1193 1513 κοπιάσει·
1226 1461 1368 1514 οὐδὲ
1386 1461 1557 1515 ἔστιν
1583 1462 1892 1529 ἐξεύρεσις

318 1545 428 1612 τῆς
448 1549 797 1615 φρονήσεως
828 1552 1033 1605 αὐτοῦ.
1083 1552 1346 1623 Σύμιρημι
1397 1553 1551 1621 κάγώ
1580 1572 1683 1616 σοι,
1721 1555 1889 1609 Εὐνό-

322 1656 434 1704 μιε,
466 1640 547 1692 ὅτι
601 1640 734 1703 Θεὸς
767 1642 1021 1695 οὐδέποτε
1058 1646 1243 1714 κοπιᾷ·
1296 1645 1409 1697 ἀλλ’
1441 1646 1517 1699 ὅτ’
1550 1646 1618 1699 ἂν
1648 1646 1888 1718 ἀκούσῃς

331 1728 540 1796 Ἰησοῦν
593 1732 984 1785 κεκοπιακέναι
1030 1734 1094 1786 ἐκ
1128 1734 1227 1804 τῆς
1286 1736 1620 1807 ὁδοιπορίας,
1666 1736 1741 1807 μὴ
1796 1736 1889 1789 τὸν

314 1818 449 1871 Θεὸν
499 1820 670 1890 Λόγον
708 1823 798 1875 τὸν
846 1826 904 1876 ἐν
953 1825 1101 1896 αὐτῷ
1150 1828 1422 1895 φαντάζου
1472 1830 1885 1892 κεκοπιακέναι,

2000 636 2191 679 :rstmn
2235 645 2248 681 :
2291 629 2362 682 ob
2399 643 2517 681 eam
2563 645 2673 682 rem
2725 645 2946 701 quoque
3002 636 3335 704 evangelista
3381 638 3513 693 dicit
3558 657 3572 695 :

2006 713 2139 767 Erat
2161 725 2335 768 autem
2380 716 2508 769 hora
2545 720 2699 787 quasi
2738 732 2911 775 sexta.
2953 722 3105 779 Illius
3150 735 3331 781 autem
3362 743 3391 781 a
3429 729 3571 784 fastu

2000 809 2211 862 aversio
2245 811 2488 864 cernitur
2531 812 2582 865 in
2617 828 2681 868 co
2706 815 2850 883 quod
2895 817 3047 873 solus
3088 819 3142 871 in
3192 820 3386 875 itinere
3421 823 3577 877 inve-

2001 897 2149 952 nitnr
2180 908 2232 952 et
2265 900 2413 953 illius
2445 902 2588 955 circa
2621 904 2773 958 cibos
2799 907 3164 964 indiderentia
3192 926 3258 964 ex
3294 926 3361 965 eo
3391 923 3576 967 osten-

1999 992 2145 1045 ditur
2172 994 2316 1062 quod
2353 993 2609 1061 discipuli
2644 997 2891 1051 abierant
2918 1010 2976 1054 nt
3018 1003 3174 1057 cibos
3200 1015 3467 1058 emerent.
3505 1006 3573 1059 Et

1998 1082 2155 1149 paulo
2180 1092 2296 1149 post
2328 1102 2345 1137 :
2371 1083 2660 1150 Quomodo
2695 1097 2896 1156 potest,
2929 1090 3150 1155 dicitur,
3193 1095 3421 1164 :equalis
3452 1111 3574 1151 esse

1999 1177 2141 1231 lilius
2171 1178 2352 1246 patri?
2378 1194 2485 1233 non
2519 1180 2665 1233 enim
2712 1179 2855 1237 Deus
2884 1199 3124 1253 unquam
3157 1187 3448 1256 futignlur;
3483 1188 3573 1243 Je—

1997 1284 2090 1323 sus
2138 1284 2269 1323 vero
2326 1271 2587 1342 fatigatus
2645 1285 2787 1328 erat.
2853 1277 2991 1330 Audi
3050 1279 3198 1331 enim
3248 1283 3567 1350 prophetam

1997 1361 2189 1416 Isaiam
2237 1362 2505 1418 dicentem
2553 1384 2565 1420 ι
2614 1365 2751 1421 Deus
2785 1379 3033 1431 teter-nus,
3069 1370 3205 1424 Deus
3244 1373 3334 1441 qui
3372 1377 3573 1426 consti~

1997 1454 2096 1505 tuit
2140 1464 2296 1507 terra:
2321 1459 2703 1519 extremitates,
2727 1477 2829 1513 non
2851 1462 3069 1522 esui-iet,
3094 1478 3195 1514 non
3216 1462 3569 1532 fatigabitur;

1996 1560 2097 1597 non
2144 1556 2218 1599 est
2259 1548 2486 1602 inventio
2531 1550 2678 1603 illius
2726 1554 3043 1621 prudentia».
3088 1585 3155 1595 —
3208 1555 3464 1609 Concedo
3513 1566 3571 1611 et

1994 1653 2095 1707 ego
2124 1639 2242 1700 tibi,
2291 1638 2577 1706 Eunomie,
2631 1641 2800 1697 Deum
2847 1661 3129 1715 nunquam
3184 1645 3436 1716 fatigari;
3471 1649 3599 1713 sed,

1994 1731 2215 1799 quando
2244 1732 2483 1787 audieris
2524 1732 2710 1789 Jesum
2746 1736 3029 1807 fatigatum
3073 1752 3194 1793 csse
3240 1754 3305 1793 ex
3352 1739 3566 1805 itinere,

1997 1824 2108 1877 noli
2141 1825 2396 1879 arbitrari
2428 1824 2600 1881 Deum
2648 1826 2881 1883 Verbum
2917 1832 2969 1884 in
3006 1832 3097 1884 illo
3131 1830 3436 1900 fatigatum,
3473 1835 3567 1887 sed

314 1912 450 1965 ὰ).λά
481 1885 691 1983 τὴν-τοῦ
716 1914 904 1968 δούλου
942 1885 1178 1987 μοριρήνἰ
1212 1885 1350 1981 Θεὸς
1370 1919 1481 1989 γὰρ
1509 1920 1628 1974 οὐδὲ
1665 1885 1885 1974 πώποτε
1917 1885 1944 1944 Ι

1991 1914 2224 1970 formam
2260 1920 2403 1972 servi
2433 1937 2447 1985 ;
2489 1919 2632 1974 Deus
2662 1922 2809 1976 enim
2846 1939 3126 1993 nunquam
3164 1923 3443 1993 fatigatur,
3474 1928 3570 1979 do-

314 2006 502 2076 κοπιᾷ,
534 2004 703 2071 πάθος
738 2007 837 2062 οὐκ
871 2010 1200 2080 ἐπιδέχεται.
1240 2012 1363 2065 Ὀτι
1397 2013 1455 2066 δὲ
1484 2015 1513 2066 6
1552 2014 1688 2078 Θεὸς
1712 2014 1884 2082 Λόγος

312 2091 381 2166 ἦν
409 2100 472 2169 τῇ
523 2097 617 2152 τοῦ
651 2100 838 2154 δούλου
886 2104 1095 2173 μορφῇ,
1145 2102 1351 2171 λεγέτω
1402 2106 1497 2160 καὶ
1538 2109 1566 2160 6
1607 2106 1881 2177 Ἰωάννης·

309 2191 419 2243 Καὶ
450 2193 484 2245 ό
512 2195 702 2262 Λόγος
746 2193 905 2263 σὰρξ
953 2195 1213 2265 ἐγένετο,
1260 2200 1356 2251 καὶ
1412 2196 1768 2264 ἐσκήνωσεν
1814 2199 1885 2251 ἐν

310 2283 474 2351 ἡμῖν’
511 2286 572 2337 οὐ
618 2289 848 2356 τραπεὶς
904 2287 1000 2339 καὶ
1061 2286 1442 2358 μεταϐληθεὶς,
1498 2288 1636 2341 ἀλλὰ
1696 2287 1875 2354 σάρκα

308 2375 655 2443 προσλαϐών.
681 2378 797 2433 Ἵνα
833 2374 926 2433 οὖν
954 2379 1137 2450 δειχθῇ
1169 2382 1250 2433 ὅτι
1282 2384 1375 2433 καὶ
1420 2380 1708 2451 ἄνθρωπός
1742 2384 1878 2447 ἐστι,

307 2486 368 2521 κε
380 2471 662 2525 κοπίακεν.

380 2561 501 2622 Πῶς
527 2564 555 2616 ὁ
578 2562 753 2631 λέγων
781 2567 860 2627 εἰς
889 2566 1046 2620 πόλιν
1078 2565 1436 2636 Σαμαρειτῶν
1467 2566 1543 2637 μὴ
1588 2566 1877 2627 εἰσελθεῖν,

305 2652 673 2724 Σεαμαρείταις
704 2656 1007 2723 διελέγετος
1038 2659 1190 2713 Κατὰ
1221 2657 1391 2729 τύχην
1416 2658 1639 2727 ἐξῆλθεν
1676 2659 1705 2727 ἡ
1739 2657 1879 2728 γυνὴ

304 2746 567 2815 ἀντλῆσαι
600 2746 763 2818 ὕδωρ·
800 2748 878 2819 τῷ
930 2749 987 2801 δὲ
1044 2749 1264 2820 Χριστῷ
1297 2752 1331 2818 ἡ
1386 2747 1622 2819 καθέδρα
1654 2748 1747 2802 διὰ
1786 2749 1877 2800 τὸν

305 2833 477 2887 κόπον
499 2835 743 2905 γέγονεν,
768 2838 829 2891 οὐ
855 2839 963 2911 μὴν
988 2840 1076 2895 διὰ
1104 2840 1205 2912 τὴν
1230 2842 1489 2910 γυναῖκα.

375 3016 547 3071 Πόθεν
573 3018 739 3072 αὑτὸν
772 3018 1030 3074 Ἰουδαῖον
1071 3022 1366 3092 ἐγνώρισεν
1411 3020 1573 3088 ὅντα;
1618 3023 1751 3077 Ἀπὸ
1780 3022 1874 3076 τοῦ

305 3113 583 3184 σχήματος
606 3116 702 3168 καὶ
730 3115 838 3169 ἀπὸ
868 3117 966 3186 τῆς
999 3116 1202 3188 φωνῆςο

1990 2009 2154 2064 lorem
2189 2026 2298 2065 non
2336 2014 2557 2081 patitur.
2584 2013 2688 2068 Sed
2722 2018 2865 2085 quod
2892 2018 3033 2072 Deus
3060 2016 3298 2073 Verbum
3326 2028 3476 2075 esset
3508 2020 3565 2074 in

1987 2104 2127 2158 servi
2161 2104 2357 2170 forma,
2388 2105 2831 2163 dicatJoannes:
2864 2108 2930 2162 Et
2964 2109 3187 2164 Verbum
3214 2128 3337 2165 caro
3364 2112 3565 2181 factum

1984 2206 2084 2260 est,
2108 2207 2157 2251 et
2179 2198 2436 2253 habitavit
2468 2201 2522 2253 in
2545 2202 2712 2256 nobis.
2735 2200 2852 2256 Non
2880 2219 3230 2269 conversum,
3253 2220 3359 2259 non
3385 2213 3567 2261 trans-

1988 2298 2282 2351 tnutatum,
2322 2293 2414 2346 scd
2452 2307 2673 2349 carnem
2713 2310 3035 2363 assumens;
3077 2306 3137 2353 ut
3196 2298 3362 2368 igitur
3388 2308 3568 2354 osten-

1985 2381 2206 2437 duretur
2233 2385 2361 2454 quia
2391 2386 2555 2441 homo
2584 2397 2687 2452 est,
2726 2387 2984 2458 fatigatus
3014 2399 3119 2444 est.

2062 2567 2223 2624 Vsus.
2259 2570 2313 2623 7.
2344 2570 2629 2636 Quomodo
2655 2573 2748 2643 qui
2781 2575 2999 2630 dicebat
3029 2592 3137 2631 non
3167 2579 3374 2635 intrare
3403 2582 3455 2636 in
3480 2583 3564 2636 ci-

1986 2657 2208 2713 vitatem
2244 2659 2744 2729 Samaritanorum,
2777 2679 2901 2719 cum
2920 2664 3564 2741 Samaritanisloqueba-

1982 2751 2102 2805 tur?
2130 2748 2292 2807 Forte
2336 2753 2489 2809 venit
2538 2756 2737 2810 mulier
2789 2757 2857 2812 azl
2902 2758 3262 2815 hauriendam
3316 2777 3558 2832 aquam;

1979 2843 2234 2900 Christus
2279 2854 2464 2901 autem
2497 2848 2717 2904 sederat
2747 2860 2970 2921 propter
3003 2852 3413 2923 lassitudinem,
3446 2871 3559 2911 non

1980 2944 2199 3004 propter
2223 2938 2529 2994 mulierem.

2054 3022 2217 3081 Vens.
2246 3028 2296 3082 9.
2352 3028 2507 3084 Unde
2560 3029 2807 3088 Iudicum
2841 3034 2994 3090 illum
3029 3050 3152 3093 esse
3190 3040 3488 3109 cognovit?
3513 3043 3559 3097 A

1981 3116 2311 3175 vestimento
2341 3132 2396 3175 et
2427 3137 2583 3179 voce.

362 3206 469 3271 Τὸ,
503 3206 695 3261 Πόθεν
737 3207 898 3275 ἔχεις
945 3210 1012 3262 τὸ
1055 3209 1213 3277 ὕδωρ
1256 3210 1320 3262 τὸ
1362 3208 1494 3273 ζῶν,
1545 3206 1664 3263 εἶπε
1738 3212 1874 3280 πρὸς
1902 3230 1944 3287 c

2052 3206 2219 3263 Vens.
2252 3211 2340 3266 ll.
2375 3210 2525 3268 Unde
2550 3214 2710 3270 habes
2740 3232 2934 3287 aquam
2954 3221 3145 3283 vivam,
3175 3221 3307 3275 dicit
3331 3222 3383 3275 in
3408 3210 3556 3276 fonte

298 3297 399 3366 τὴν
425 3298 608 3368 πηγὴν
642 3298 969 3363 ὲξετάζουσα
1002 3299 1095 3352 τοῦ
1126 3299 1341 3363 ὓδατος,
1373 3301 1434 3352 τὸ
1472 3302 1680 3353 ἐκείνου
1706 3300 1872 3371 ὓδωρ.

298 3387 433 3439 Οὐδὲ
462 3387 591 3458 γαρ,
625 3389 783 3458 φησὶ,
807 3389 1075 3459 κρείττων
1098 3385 1146 3442 εἷ
1176 3392 1271 3444 τοῦ
1314 3390 1527 3454 Ἰακὼϐ,
1562 3393 1651 3444 ἵνα
1692 3395 1876 3462 κρεῖτ-

298 3497 390 3531 τον
423 3478 565 3550 ὕδωρ
607 3480 734 3552 δῷς.

369 3572 493 3634 Πῶς
524 3572 670 3639 λέγει
699 3590 713 3625 τ
758 3574 967 3628 Ἰακὼὸ
988 3577 1021 3628 ό
1062 3574 1257 3643 πατὴρ
1285 3575 1451 3644 ἡμῶν
1488 3577 1709 3629 ἔδωκεν
1734 3576 1876 3645 ἡμῖν

299 3665 414 3731 τὴν
434 3666 639 3735 πηγὴν
664 3667 892 3735 ταύτην
915 3685 933 3732 ;
954 3668 1074 3738 Χρὴ
1114 3668 1405 3733 γινώσκειν
1434 3670 1515 3722 ὅτι
1555 3671 1583 3722 6
1613 3671 1777 3734 τόπος
1804 3666 1869 3740 ἧν

296 3759 426 3812 ἔνθα
476 3760 605 3830 περ)⁸
636 3761 735 3828 τῆς
762 3760 951 3823 Δείνας
972 3763 1022 3814 οι
1068 3762 1199 3833 περὶ
1228 3762 1317 3815 τὸν
1369 3763 1500 3815 Aeni
1529 3765 1621 3816 καὶ
1646 3763 1872 3833 Συμεὼν

292 3850 753 3918 ἀγανακτοῦντες,
813 3852 905 3906 τὸν
975 3852 1212 3924 χαλεπὸν
1264 3855 1476 3907 ἐκεῖνον
1536 3856 1869 3926 εἰργάσαντο

294 3942 474 4011 φόνον.

365 4034 523 4087 Ποῖόν
555 4034 671 4087 ἐστι
710 4034 769 4087 τὸ
799 4032 942 4105 ὕδωρ
990 4035 1051 4089 τὸ
1085 4035 1194 4101 ζῶν
1221 4036 1249 4088 ὂ
1277 4037 1425 4104 λέγει
1458 4036 1691 4108 Χριστὸς
1726 4056 1868 4108 παρ-

292 4123 476 4193 ίχεινς
514 4123 574 4178 '0
607 4124 892 4196 καθαρμὸς
922 4126 981 4190 ἐξ
1005 4127 1300 4192 αὑτοῠ,κατ
1330 4129 1362 4198 ὴ
1401 4128 1698 4198 παραψυχὴ
1731 4131 1762 4199 ἡ
1805 4130 1868 4180 ὲκ

296 4216 551 4279 πίστεως.

364 4309 437 4361 Τὸ
456 4352 472 4375 ,
499 4312 565 4363 Οἱ
586 4310 837 4379 πατέρες
868 4307 1037 4379 ἡμῶν
1064 4309 1134 4362 ἐν
1168 4309 1244 4375 τῷ
1288 4310 1405 4378 ὄρει
1434 4309 1629 4377 τούτῳ
1676 4324 1865 4379 προσ-

288 4403 620 4467 εκύνησαν,
653 4404 777 4464 τοὺς
817 4405 945 4474 περὶ
993 4404 1085 4456 τὸν
1145 4402 1394 4473 Ἀϐραὰμ
1423 4403 1592 4474 δηλοίο
1630 4406 1722 4457 καὶ
1756 4406 1861 4474 γὰρ

287 4495 404 4546 ἐκεῖ
434 4511 565 4562 φασι
586 4496 676 4546 τὸν
707 4494 817 4547 υἱὸν
845 4495 1247 4566 ἀνενηνοχεναι.

360 4585 485 4649 Πῶς
498 4587 666 4655 λέγει,
682 4587 762 4641 ὅτι
805 4586 1002 4656 Ὑμεῖς
1028 4586 1422 4655 προσκυνεῖτε
1443 4586 1475 4641 ὃ
1499 4590 1610 4641 οὐκ
1634 4586 1866 4649 οἴδατε;
1904 4589 1944 4644 D

287 4678 412 4730 Ὅτι
442 4678 666 4747 μερικὸν
695 4677 826 4730 Θεὸν
848 4678 943 4730 καὶ
958 4679 1181 4730 τοπικὸν
1210 4678 1457 4747 ἐνόμιζον
1481 4672 1623 4730 εἶναι
1643 4694 1656 4706 '
1686 4677 1861 4731 οὕτως

287 4768 397 4837 γὰρ
421 4771 516 4821 καὶ
546 4770 783 4839 Πέρσαις
821 4772 1136 4840 πέμψαντες
1187 4770 1551 4840 ἀπήγγειλαν,
1581 4770 1663 4823 ὅτι
1696 4771 1725 4822 6
1763 4770 1859 4823 τοῦ

284 4862 455 4914 τόπου
484 4860 615 4924 Θεὸς
633 4862 699 4916 αὐ
711 4863 827 4925 τοὺς
844 4862 1181 4930 λυμαίνεται.
1209 4863 1333 4926 Πῶς
1352 4862 1515 4931 λέγει,
1539 4865 1620 4916 ὅτι
1666 4864 1860 4932 Ἡμεῖς

283 4952 747 5021 προσκυνοῦμεν
775 4953 805 5006 ὃ
845 4954 1129 5023 οἵδαμεν;
1160 4957 1299 5024 Πρὸς
1330 4955 1429 5027 τὴν
1471 4956 1726 5010 ὑπόνοιαν
1754 4956 1854 5025 τῆς

281 5041 540 5110 γυναικὸς
573 5042 739 5110 λέγειν
774 5039 887 5113 εἶχε
940 5044 1049 5115 γὰρ
1079 5045 1238 5099 αὑτὸν
1273 5046 1349 5110 ώς
1382 5049 1672 5118 προψήτην
1719 5047 1852 5101 Ἰου-

280 5128 450 5182 δαῖον.

355 5222 643 5287 Τοιούτους
671 5223 778 5293 γὰρ
808 5227 835 5280 ό
866 5226 1056 5296 Πατὴρ
1100 5229 1225 5289 τοὺς
1278 5231 1722 5299 προσκυνοῦντας
1752 5234 1852 5286 αὐ-

281 5314 372 5367 τὸν
394 5315 567 5386 ζητεῖ,
599 5318 726 5381 τοὺς
749 5316 823 5387 μὴ
850 5317 999 5388 τόπῳ
1023 5337 1087 5372 πε
1099 5321 1432 5388 ρικλείοντας
1461 5324 1559 5392 τὴν
1579 5324 1851 5394 λατρείαν.

355 5410 577 5479 Πνεῦμα
603 5412 632 5462 6
657 5411 789 5476 Θεὸς
840 5413 899 5465 τὸ
929 5413 1218 5481 ἀσώματον
1242 5416 1411 5483 λέγει.
1443 5421 1535 5471 καὶ
1565 5419 1648 5472 ὅτι
1687 5422 1718 5487 ἡ
1750 5420 1846 5473 λα-

282 5505 439 5574 τρεία
474 5505 641 5558 αὑτοῦ
694 5505 985 5577 ἀσώματος
1018 5509 1161 5560 θέλει
1195 5503 1355 5573 εἶναι,
1401 5512 1494 5564 καὶ
1544 5511 1632 5565 διὰ
1664 5512 1758 5565 τοῦ
1793 5515 1851 5566 ὲν

283 5598 416 5667 ἡμῖν
444 5597 735 5664 ἀσωμάτου
764 5598 1147 5669 προέρχεσθαι.

356 5687 526 5741 Πόθεν
554 5689 892 5760 Σαμαρεῖται
932 5693 990 5743 τὸ
1025 5692 1329 5765 προσδοκᾷς)
1374 5693 1465 5747 τὸν
1495 5696 1730 5766 Χριστὸν
1765 5693 1847 5752 εἷ-

283 5799 398 5849 χον,
428 5793 521 5833 τον
554 5782 758 5835 Μωσέα
780 5782 960 5853 μόνον,
997 5783 1113 5838 ἀλλ’
1146 5786 1207 5838 οὐ
1236 5787 1361 5848 τους
1391 5788 1675 5858 προφήτας
1703 5789 1852 5860 ἔχον-

280 5886 411 5933 τ;ς;
460 5870 552 5925 Ἐκ
587 5870 684 5926 τοῦ
713 5872 891 5943 λέγειν
926 5874 1015 5928 τὸν
1052 5874 1268 5942 Ἰακὼϐ,
1306 5878 1387 5931 ὅτι
1425 5880 1547 5932 Ουθι
1577 5878 1849 5949 ἐκλείψει

1979 3300 2299 3368 aqureillius
2327 3317 2527 3373 aquam
2553 3307 2868 3376 exquirens.
2896 3308 3150 3378 Nunquid
3192 3315 3365 3380 enim,
3394 3315 3548 3377 dicit,

1979 3392 2153 3462 major
2181 3408 2243 3449 es
2273 3393 2461 3463 Jaenb,
2494 3406 2553 3452 ut
2580 3400 2859 3455 meliorem
2886 3402 2984 3457 des
3011 3406 3253 3474 aquam?

2048 3573 2213 3628 Vens.
2260 3577 2345 3631 l2.
2388 3578 2674 3645 Quomodo
2705 3582 2838 3638 dicit
2880 3603 2892 3639 :
2944 3584 3112 3640 Iacob
3167 3602 3322 3657 pater
3372 3604 3554 3647 noster

1973 3666 2118 3722 dedit
2154 3669 2300 3723 nobis
2344 3672 2484 3725 hunc
2513 3678 2772 3743 puteum?
2801 3675 3036 3747 Oportet
3071 3682 3214 3737 seire
3250 3683 3395 3741 hunc
3428 3701 3551 3743 esse

1973 3759 2155 3815 locum
2190 3763 2280 3816 ubi
2309 3774 2529 3833 propter
2565 3765 2753 3822 Dinam
2786 3770 2881 3824 lilii
2919 3770 3044 3826 Levi
3085 3783 3140 3828 et
3170 3776 3389 3831 Simcon
3422 3779 3544 3833 irati

1974 3862 2214 3908 atrocem
2248 3855 2390 3911 hanc
2417 3858 2622 3914 caedem
2649 3860 2911 3917 iecerant.

2049 4041 2209 4099 Vens.
2261 4046 2348 4101 η.
2396 4047 2585 4113 Qualis
2635 4060 2720 4106 est
2774 4067 2915 4121 aqua
2963 4054 3151 4109 vivens
3198 4072 3361 4127 quam
3417 4059 3549 4114 dicit

1979 4133 2230 4191 Christus
2256 4136 2558 4194 PraaSIare?
2587 4143 2893 4210 pnrilicatio
2936 4163 3057 4214 qua:
3105 4162 3171 4203 ex
3200 4150 3318 4219 ipso
3342 4161 3447 4218 est,
3493 4164 3549 4209 et

1970 4225 2211 4280 levamen
2246 4230 2390 4298 quod
2418 4241 2591 4287 estex
2630 4233 2755 4290 ﬁde.

2041 4317 2203 4374 Vens.
2237 4321 2330 4375 20.
2358 4322 2545 4378 Patres
2573 4329 2741 4380 nostri
2762 4330 2813 4381 in
2836 4341 3008 4384 monte
3031 4334 3132 4387 isto
3164 4335 3542 4403 adoraverunt,

1966 4408 2033 4462 de
2071 4410 2344 4466 Abraham
2376 4414 2540 4483 dicit;
2584 4419 2786 4473 etenim
2845 4421 2955 4477 illic
2987 4424 3162 4479 fertur
3192 4426 3339 4484 hunc
3362 4432 3535 4486 lilium

1965 4502 2248 4558 obtulisse.

2049 4590 2212 4647 Vsus.
2257 4595 2346 4648 22.
2386 4596 2674 4661 Quomodo
2727 4601 2859 4655 dicit
2904 4621 2916 4656 :
2972 4602 3070 4658 Vos
3127 4608 3368 4665 adoratis
3400 4614 3541 4681 qua!

1970 4684 2221 4768 nescitis?
2245 4684 2383 4751 Quia
2412 4688 2796 4757 particularem
2839 4702 2892 4747 ct
2922 4697 3149 4751 localem
3186 4697 3353 4754 Deum
3380 4716 3537 4772 puta-

1971 4779 2101 4827 bant
2130 4754 2271 4831 esse.
2303 4776 2377 4831 lla
2408 4780 2553 4833 enim
2588 4778 2769 4837 Persis
2801 4785 3077 4841 mittentes
3129 4792 3536 4859 nuntiaverant.

1968 4863 2135 4918 Deum
2170 4866 2271 4920 loci
2321 4867 2442 4922 illos
2482 4870 2819 4941 depopulari.
2874 4875 3159 4942 Quomodo
3206 4883 3381 4939 dicit:
3420 4885 3536 4941 Nos

1968 4958 2252 5012 adoramus
2283 4962 2421 5030 quod
2453 4964 3016 5024 scimus?Secundum
3050 4974 3296 5030 mulieris
3324 4980 3540 5045 opinio-

1969 5068 2091 5105 nem
2140 5054 2403 5124 loquitur,
2447 5072 2569 5125 qua:
2620 5060 2853 5114 habebat
2895 5079 3016 5116 cum
3066 5070 3387 5135 prophetam
3443 5070 3538 5124 .ln-

1968 5144 2167 5200 (lacum.

2043 5234 2196 5290 Vens.
2245 5239 2334 5293 23.
2382 5238 2538 5294 Tales
2565 5242 2710 5296 enim
2739 5242 2901 5298 Pater
2939 5251 3136 5315 quaterit
3169 5253 3260 5319 qui
3297 5253 3534 5310 adorent

1964 5342 2112 5392 θιιιιι,
2141 5330 2232 5399 qui
2262 5330 2378 5383 loco
2410 5348 2515 5384 non
2550 5334 2846 5391 termiueut
2872 5354 3026 5392 suam
3062 5342 3456 5398 adoratinncm.

2038 5417 2203 5475 Vens.
2232 5420 2319 5475 24.
2353 5422 2590 5491 Spiritus
2620 5436 2703 5480 cst
2736 5426 2876 5482 Dens
2904 5430 3289 5502 incorporalis,
3328 5436 3530 5505 inquit,

1963 5522 2016 5566 et
2053 5512 2196 5565 illius
2225 5513 2475 5567 adoratio
2504 5516 2864 5586 incorporalis
2890 5522 3054 5576 etiam
3101 5540 3222 5579 eSse
3251 5527 3432 5589 debet,
3478 5540 3534 5583 ct

1962 5619 2024 5659 ex
2069 5607 2393 5675 incorporali
2432 5617 2613 5662 nostra
2646 5620 2799 5678 parte
2827 5614 2997 5667 exire.

2038 5695 2201 5751 Vens.
2235 5697 2326 5752 25.
2365 5699 2516 5754 Unde
2547 5702 2880 5758 Samaritaui
2916 5709 3353 5775 expectationem
3382 5712 3519 5768 Mes.

1963 5790 2056 5844 sia:
2099 5789 2395 5857 habebant,
2442 5793 2532 5863 qui
2568 5809 2764 5864 nempe
2817 5796 3055 5867 Moyscm
3102 5802 3278 5857 solum
3320 5814 3375 5859 et
3419 5822 3527 5861 non

1960 5883 2258 5955 propin-tas
2290 5884 2685 5944 admittebant?
2710 5888 2751 5945 Ε
2784 5890 2963 5948 verbis
2989 5890 3159 5950 Jacob
3188 5912 3204 5950 :
3237 5889 3355 5949 Non
3383 5896 3528 5960 aufe-
