4220 6432
294 605 463 670 τύπος
493 603 561 679 ἦν
592 608 685 662 τοῦ
717 610 1114 681 βαπτίσματος.

296 788 434 841 ἀλλὰ
493 793 633 861 μετά
678 794 740 846 τὸ
796 795 926 848 ἰδεῖν
986 798 1150 851 αὐτὸν
1206 799 1464 869 θαύματα
1537 806 1876 876 πεποιηκότα

297 1070 598 1133 πιστεύσας
631 1073 860 1143 ἠγέρθη.
898 1076 996 1127 Διά
1030 1076 1080 1128 τί
1124 1078 1225 1129 οὐκ
1257 1080 1533 1149 ἐρωτῶσιν
1572 1081 1754 1147 αὐτόν,
1781 1081 1877 1146 Τίς

298 1162 447 1212 ἐστιν
476 1164 504 1214 ὁ
547 1166 782 1234 ποιήσας
840 1167 967 1235 ύγιῆ
1000 1186 1013 1230 ;
1044 1168 1180 1235 ἀλλ’,
1224 1172 1276 1223 '0
1316 1174 1500 1225 εἰπών
1524 1189 1621 1227 σοι
1648 1192 1661 1205 ·
1691 1172 1879 1245 Ἀρον

297 1252 405 1304 τὸν
435 1255 768 1322 κρὰϐὅατόν
793 1276 940 1323 σου;
975 1262 1108 1315 Ἀπὸ
1140 1264 1340 1335 πολλῆς
1372 1271 1735 1338 κακουργίας·
1767 1272 1879 1325 ἄνω

298 1346 407 1416 γὰρ
454 1350 549 1401 καὶ
593 1352 746 1405 κάτω
791 1353 890 1425 τὴν
940 1356 1206 1412 δοκοῦσαν
1252 1360 1568 1431 παράθασιν
1600 1365 1681 1427 εἰς
1714 1366 1878 1435 μέσον

297 1434 434 1509 ἦγον
474 1442 568 1494 τοῦ
601 1445 900 1503 Σαϐὅάτου.

368 1534 467 1587 At‘z
502 1536 552 1588 τί
583 1536 832 1601 ἐξένευσε
859 1544 1094 1613 ποιήσας
1126 1544 1187 1597 τὸ
1216 1545 1431 1616 θαῦμα;
1458 1549 1576 1601 Ἵνα
1614 1550 1689 1620 μὴ
1717 1550 1879 1604 πλέον

300 1629 696 1698 παρασκευάσῃ
728 1630 926 1695 αὐτοὺς
969 1634 1238 1703 ὲκκαῆναι
1263 1653 1275 1666 ·
1301 1634 1409 1691 οἶδε
1469 1640 1578 1709 γὰρ
1614 1643 1706 1693 καὶ
1758 1640 1880 1711 ὄψις

304 1718 443 1787 μόνη
484 1718 577 1772 τοῦ
626 1721 1090 1795 ὃιαφθονουμένου
1129 1730 1190 1781 ού
1246 1732 1445 1801 μικρὸν
1503 1734 1616 1795 τοῖς
1652 1732 1880 1802 βασκαί-

298 1823 483 1861 νουσιν
503 1811 707 1866 ἐνιέναι
729 1815 1025 1887 σπινθῆρα.

1359 413 1679 473 SCHOLIA
1726 414 2021 474 VE'l‘Ell.\
2069 415 2147 477 ΙΝ
2186 416 2558 477 JOANNEM.

368 515 493 567 Ὅτι
525 514 583 567 τι
612 517 669 567 ἐν
696 518 761 587 τῇ
802 518 1107 591 προϐατικῇ
1140 521 1495 596 κολυμϐήθρᾳ
1527 525 1872 596 τελούμενον,
1912 532 1952 586 Α

3425 417 3563 484 1238

2057 524 2216 579 Vens.
2249 525 2303 578 9..
2333 526 2487 591 Quod
2535 527 2587 581 in
2618 525 2897 595 prohatica
2921 527 3129 596 piscina
3158 531 3557 599 complebatur,

1984 618 2154 685 Iigura
2186 626 2302 669 erat
2332 619 2609 688 baptismi.

2050 707 2209 762 Vens.
2252 710 2305 763 ti.
2338 709 2452 765 Non
2496 714 2653 765 tidem
2695 714 2872 769 ahcis
2923 715 3170 784 exigebat
3223 724 3350 769 ante
3397 717 3562 769 mira-

1981 802 2148 867 cula,
2219 802 2313 856 sed
2385 816 2674 873 postquam
2733 808 2884 863 illum
2944 810 3205 863 miracula
3270 808 3563 863 facit-nimii

1981 894 2245 959 videram,
2273 896 2542 963 exigebat.

2055 987 2216 1042 Vens.
2259 993 2310 1043 9.
2355 989 2501 1044 Tulit
2532 994 2814 1063 grabatum
2848 1012 3029 1051 suum.
3065 1013 3190 1051 cum
3218 995 3383 1049 simttl
3410 996 3565 1049 audi-

1982 1080 2078 1143 vit,
2112 1079 2342 1133 credens
2368 1083 2626 1136 surrexit.
2664 1082 2774 1137 Cur
2815 1100 2921 1138 non
2969 1087 3119 1140 illum
3176 1087 3515 1155 interrogant
3549 1104 3562 1140 :

1980 1169 2115 1235 Quis
2140 1178 2224 1224 est
2254 1170 2342 1240 qui
2373 1170 2499 1226 fecit
2547 1182 2599 1225 te
2627 1188 2822 1228 sanum
2849 1215 2863 1238 ,
2901 1174 3005 1241 Qui
3058 1176 3194 1229 dixit
3255 1177 3349 1230 tibi
3375 1191 3393 1230 :
3421 1174 3566 1230 Tolle

1981 1261 2260 1329 grabatum
2293 1269 2439 1314 tuum
2461 1263 2487 1316 ?
2509 1259 2591 1317 Ob
2621 1280 2873 1333 magnam
2910 1264 3173 1319 malitiam
3199 1284 3215 1331 ;
3238 1283 3359 1320 nam
3393 1267 3564 1321 indis-

1981 1352 2311 1406 criminatim
2378 1356 2868 1424 transgressionem
2912 1372 3076 1427 quam
3142 1358 3373 1412 libuerat
3423 1358 3563 1411 intra

1984 1443 2282 1500 Sabhatnm
2323 1447 2702 1503 admittebant.

2057 1537 2219 1592 Vens.
2260 1539 2348 1593 l5.
2398 1538 2513 1593 Cur
2556 1539 2850 1595 declinavit
2909 1551 3200 1611 pOSanam
3238 1542 3564 1596 miraculum

1984 1627 2250 1681 fecisset?
2276 1629 2357 1683 Ne
2395 1630 2571 1699 magis
2605 1630 2690 1685 his
2722 1632 2986 1700 praeberet
3026 1634 3374 1688 exeitationis
3410 1648 3567 1687 occa-

1983 1722 2217 1773 sionem.
2251 1718 2468 1775 Sciebat
2491 1722 2637 1776 enim
2671 1723 2847 1777 visum
2879 1724 3053 1779 solum
3087 1724 3207 1793 ejus
3243 1740 3404 1795 queat
3432 1727 3565 1780 ode-

1985 1813 2094 1866 rint
2130 1828 2236 1868 non
2267 1830 2492 1883 parvam
2527 1816 2723 1873 invidis
2750 1818 3040 1872 scintillam
3076 1821 3319 1889 injicere.

370 1905 468 1956 Διά
497 1905 544 1956 τί
575 1906 741 1975 λέγει’
778 1873 1128 1981 Ἰδε,”ὑγιλὴς
1151 1915 1424 1984 γέγονας,
1447 1918 1659 1986 μηκέτι
1699 1919 1880 1990 ἁμάρ-

2055 1904 2223 1963 Vsns.
2257 1908 2344 1961 Μ.
2376 1908 2487 1964 Cur
2514 1909 2645 1965 dicit
2680 1929 2694 1966 :
2736 1910 2884 1976 Ecce,
2914 1929 3077 1967 sanus
3122 1914 3295 1982 [actus
3350 1930 3425 1980 es,
3457 1913 3567 1968 noli

301 2009 475 2059 tare;
522 1995 677 2065 "Apta
729 1998 831 2068 μὲν
870 2002 952 2054 ὅτι
995 2002 1054 2067 ἐξ
1102 2004 1390 2076 ἁμαρτιῶν
1432 2010 1625 2080 ἐτέχθη
1664 2011 1743 2081 τῷ
1780 2011 1879 2064 ἀν-

302 2086 509 2157 θρώπῳ
553 2089 616 2141 τὸ
660 2092 914 2162 νόσημα*
970 2094 1161 2148 ἔπειτα
1205 2097 1261 2151 δὲ
1308 2099 1392 2153 ἵνα
1445 2102 1708 2173 μάθωμεν
1741 2105 1878 2175 ὠςή

301 2178 659 2250 ἀτελεύτητος
708 2184 949 2250 κόλασις,
997 2188 1096 2242 ούκ
1130 2189 1240 2260 ἔχει
1274 2195 1721 2248 ἀποκατάστασιν
1747 2213 1762 2229 ο
1788 2190 1882 2249 οὗ·

301 2288 391 2332 τος
433 2274 540 2345 γὰρ
570 2277 918 2350 ἁμαρτήσας,
955 2281 1153 2351 μικροῦ
1193 2285 1301 2337 δεῖν
1332 2286 1460 2356 ὃλην
1489 2288 1633 2360 ζωὴν
1668 2289 1881 2361 ἀνθρὼτ

206 2391 213 2397 -
302 2381 406 2417 που
450 2368 759 2433 ἐκολάζετο.
796 2373 930 2426 Οὐδὲ
973 2376 1080 2446 γὰρ
1111 2378 1171 2429 ὲν
1201 2380 1377 2450 χρόνῳ
1407 2381 1473 2433 τὰ
1502 2383 1883 2455 ἁμαρτήματα

302 2458 570 2528 κρίνεται,
614 2463 729 2516 ἀλλ’
760 2465 818 2517 ὲν
869 2468 1004 2539 αὐτῇ
1037 2473 1100 2541 τῇ
1146 2470 1306 2537 φύσει
1337 2473 1447 2525 τῶν
1478 2474 1881 2547 πεπλημμελη-

305 2554 483 2623 μένων
510 2573 524 2586 ·
559 2558 649 2611 καὶ
690 2558 847 2614 τοῦτο
887 2563 943 2617 δὲ
981 2566 1350 2637 μανθάνομεν,
1372 2568 1453 2621 ὅτι
1500 2569 1603 2622 κᾶν
1637 2570 1883 2641 χαλεπὴν

300 2648 482 2717 δῶμεν
524 2652 662 2721 ὑπὲρ
694 2655 979 2726 ἁμαρτιῶν
1028 2658 1208 2729 δίκην,
1251 2657 1368 2713 εἶτα
1412 2665 1525 2723 τοῖς
1572 2663 1756 2726 αὐτοῖς
1788 2682 1884 2716 πε-

304 2745 638 2812 ριπέσωμεν,
673 2748 1031 2821 χαλεπώτερα
1072 2754 1255 2821 πολλῷ
1296 2756 1599 2824 πεισόμεθα
1637 2758 1841 2827 μᾶλλον
1868 2776 1880 2788 ”

300 2836 377 2898 ὡς
428 2840 748 2911 ἀναίσθητος
811 2842 921 2914 γὰρ
970 2847 1060 2899 καὶ
1119 2852 1539 2922 καταφρονητὴς
1593 2852 1884 2915 κολάζεται

301 2930 444 2984 τότε.
493 2934 603 2985 Καὶ
640 2935 730 2987 διὰ
760 2937 813 2988 τί
856 2939 917 2990 ού
955 2941 1154 3004 πάντες
1203 2936 1303 2995 ὧδε
1338 2944 1721 3007 παιδεύονται;
1759 2947 1885 3001 Ὅτι

304 3025 652 3095 μακροτέρας
685 3028 897 3082 δέονται
933 3032 1230 3098 κολάσεως,
1269 3036 1301 3107 ἢ
1336 3037 1476 3090 κατὰ
1512 3039 1703 3108 χρόνον
1736 3041 1884 3111 ζωῆς

301 3112 652 3187 ἀνθρωπίνης
676 3136 688 3148 ·
736 3120 830 3173 καὶ
868 3121 948 3174 ὅτι
996 3122 1152 3177 τοῦτο
1190 3126 1326 3190 ἐστι,
1368 3126 1617 3195 λέγοντος
1654 3130 1885 3185 ἄκουσον

302 3206 547 3261 Παύλουο
580 3214 925 3279 Ιιρινόμενοι
954 3216 1020 3268 δὲ
1050 3217 1165 3273 ὑπὸ
1207 3221 1428 3289 Κυρίου
1464 3222 1882 3292 παιδευόμεθα,
1911 3245 1955 3307 C

301 3300 401 3352 ἵνα
436 3303 522 3371 μὴ
571 3306 693 3359 σὺν
745 3307 824 3373 τῷ
868 3311 1073 3378 κόσμῳ
1141 3317 1604 3386 κατακριθῶμεν.
1646 3318 1769 3371 ’Ότι
1814 3323 1883 3375 τὰ

300 3394 587 3464 νοσήματα
615 3398 646 3468 ἢ
689 3398 758 3451 δι’
786 3401 1083 3471 ἁμαρτίας,
1121 3404 1314 3478 ὥσπερ
1343 3408 1436 3461 καὶ
1465 3409 1522 3461 ἐν
1568 3413 1685 3473 ταῖς
1716 3410 1880 3465 Βασι-

301 3486 473 3551 λείαις
503 3491 719 3561 ὁρῶμέν
740 3511 862 3547 τινα
903 3496 1170 3567 ποδαλγίξι
1197 3500 1604 3571 κατασχεθέντα
1633 3520 1646 3535 °
1685 3506 1779 3557 καὶ
1814 3505 1884 3559 δι’

302 3580 658 3652 εὐδοκίμησιν
693 3586 768 3649 ὡς
806 3587 899 3639 ἐπὶ
938 3587 1035 3641 τοῦ
1078 3590 1198 3643 Ἰὼϐ
1225 3608 1239 3622 °
1281 3594 1493 3661 γίνεται
1524 3596 1620 3649 καὶ
1656 3596 1762 3650 ἀπὸ
1789 3600 1883 3669 ῥα-

302 3672 500 3743 θυμίας
525 3680 616 3729 καὶ
647 3679 755 3732 ἀπὸ
780 3682 1241 3754 γαστριμαργίας.
1410 3748 1413 3751 ν

376 3767 498 3820 Ὀτι
549 3768 630 3836 τὸ,
702 3771 766 3825 Ὀ
819 3777 1022 3842 Πατήρ
1073 3794 1187 3842 μου
1225 3776 1334 3843 ἕως
1375 3777 1505 3847 ἄρτι
1561 3780 1879 3851 exrcitum,

301 3858 465 3930 κάγὼ
482 3862 814 3932 ἐργάζομαι,
840 3866 899 3918 τὸ
922 3866 1209 3935 ὁμηιοὺσιον
1236 3867 1475 3923 δείκνυσι
1502 3886 1515 3899 ο
1545 3873 1639 3925 καὶ
1667 3875 1883 3944 ἀνάγων

301 3954 500 4015 αὐτοὺς
546 3956 651 4011 ἵνα.
681 3958 1027 4028 προσέχωσιν
1069 3959 1218 4031 αύτῷ
1257 3960 1332 4024 ὡς
1372 3962 1492 4032 Θεῷ
1517 3978 1532 3993 ο
1568 3966 1650 4019 ὅτι
1684 3968 1715 4036 ἡ
1753 3986 1883 4039 προ-

301 4048 529 4119 νοητικὴ
568 4049 799 4121 δύναμις
838 4053 930 4104 καὶ
979 4053 1036 4105 ὲν
1070 4052 1337 4123 Σαϐϐάτῳ
1364 4055 1518 4108 ἐστί’
1569 4058 1652 4127 ῥεῖ
1690 4058 1801 4130 γὰρ
1824 4061 1883 4113 τὸ

302 4140 450 4213 ὕδωρ
480 4142 574 4196 καὶ
606 4143 931 4214 σπερμαίνει
948 4144 1147 4208 πάντα,
1188 4147 1279 4198 καὶ
1314 4146 1468 4211 αὔξει
1500 4149 1596 4204 καὶ
1630 4154 1880 4207 κινεῖται.

374 4235 467 4300 Τὸ,
490 4239 572 4290 Οὐ
595 4236 845 4291 δύναται
876 4240 909 4290 ὀ
941 4238 1072 4303 Υἱὸς
1095 4238 1194 4307 ἀφ’
1217 4238 1436 4295 ἑαυτοῦ
1458 4242 1655 4296 ποιεῖν
1678 4244 1880 4310 οὐδὲν,

300 4330 422 4386 ἀντὶ
444 4331 751 4396 τοῦ,¹Ἀνευ
778 4328 884 4384 τοῦ
906 4332 1132 4398 Πατρός
1155 4348 1168 4363 ·
1195 4330 1383 4402 ἤγουν,
1409 4333 1561 4387 ούδὲν
1580 4334 1878 4405 ἀλλότριον,

300 4423 454 4478 οὐδὲν
470 4423 636 4490 ξένον.
656 4424 719 4478 Ei
734 4424 843 4494 γὰρ
865 4422 939 4493 μὴ
953 4423 1110 4476 τοῦτο
1126 4425 1334 4489 ἔστιτὸ,
1350 4425 1413 4478 ‘0
1430 4427 1629 4497 Πατήρ
1642 4446 1760 4498 μου
1774 4431 1883 4498 ἕως

300 4519 429 4588 ᾶρτι
442 4517 760 4588 ἐργάζεται,
779 4516 941 4585 κάγὼ
956 4515 1288 4586 ἐργάζομαι,
1304 4519 1755 4590 ἐναντιωθήσεται
1768 4523 1885 4575 τού·

1981 2000 2434 2070 peccare?Simul
2490 2004 2736 2073 quidem,
2792 2006 2919 2075 quia
2976 2022 3007 2060 e
3062 2008 3299 2077 peccatis
3356 2008 3564 2062 homini

1984 2095 2210 2149 morbus
2246 2105 2403 2151 ortus
2429 2106 2546 2163 est;
2574 2098 2771 2153 deinde
2800 2110 3004 2165 autem,
3041 2110 3099 2155 ut
3130 2100 3410 2157 discamus
3439 2119 3567 2173 sup-

1982 2182 2208 2252 plicium
2260 2192 2525 2239 aeternum
2560 2201 2667 2241 non
2722 2187 2923 2243 habere
2973 2189 3414 2245 redhibitioncm.
3461 2190 3569 2246 Istc

1982 2274 2130 2328 enim
2165 2275 2296 2345 quia
2337 2286 2677 2346 peccaverat,
2713 2277 2826 2334 fere
2868 2288 3038 2335 tatam
3081 2282 3322 2337 hominis
3361 2298 3455 2352 per
3486 2283 3567 2336 vi-

1984 2378 2093 2420 tam
2132 2368 2477 2436 puniebatur.
2510 2370 2628 2424 Non
2670 2372 2816 2425 enim
2849 2389 2914 2427 ex
2946 2381 3189 2444 tempore
3228 2386 3451 2445 peccata
3486 2377 3569 2445 juv

1985 2460 2261 2527 dicantur,
2305 2462 2398 2517 sed
2454 2478 2523 2517 ex
2559 2473 2751 2520 natura
2806 2466 2919 2536 ipsa
2977 2467 3332 2525 oll‘cnsarum.
3391 2471 3456 2525 Et
3518 2471 3567 2526 id

1986 2551 2254 2609 discimus
2283 2556 2407 2622 quia
2436 2556 2558 2611 licet
2593 2572 2843 2627 asperam
2878 2562 3069 2616 demus
3098 2561 3165 2616 de
3200 2574 3424 2631 peccato
3454 2579 3570 2634 pte-

1989 2661 2138 2711 nam,
2172 2648 2215 2701 si
2244 2646 2442 2703 deinde
2476 2650 2529 2703 in
2583 2650 2774 2706 eadem
2824 2652 3154 2718 incidamus,
3194 2658 3368 2711 multo
3414 2674 3568 2711 accr-

1988 2738 2142 2794 biora
2179 2740 2296 2796 fore
2343 2744 2673 2798 credendum
2708 2755 2810 2800 est.
2858 2747 2928 2801 Ut
2963 2747 3299 2804 insvnsibilis
3339 2761 3392 2805 et
3439 2768 3571 2806 cou-

1988 2839 2223 2901 tentptor
2254 2842 2385 2890 tunc
2413 2838 2637 2906 punitur
2675 2857 2688 2891 :
2715 2848 2769 2892 et
2799 2856 2899 2893 cur
2932 2857 3039 2893 non
3071 2858 3262 2897 omnes
3299 2844 3368 2897 ibi
3395 2847 3568 2898 corri-

1990 2926 2409 2995 piuntur?quia
2471 2929 2713 3000 longiore
2766 2932 3005 3001 indigent
3060 2950 3218 3003 pmua
3264 2952 3427 3006 quam
3474 2953 3609 3002 pro.

1989 3025 2239 3088 tempore
2282 3021 2535 3076 humauze
2570 3024 2730 3089 Viue;
2770 3038 2822 3079 et
2853 3029 2995 3094 quod
3036 3030 3117 3084 sic
3158 3046 3218 3084 se
3252 3047 3340 3086 res
3377 3032 3566 3087 habent

1988 3110 2111 3164 audi
2142 3110 2370 3167 Paulum
2406 3115 2710 3184 dicentem;
2739 3116 2983 3173 Jutlicati
3007 3137 3039 3173 tt
3078 3122 3303 3177 Domino
3343 3126 3571 3194 corripi-

1989 3218 2128 3267 mur,
2165 3222 2226 3259 ne
2258 3222 2376 3260 cum
2427 3208 2523 3261 hoc
2565 3212 2762 3264 mundo
2802 3213 3134 3269 dmunemur.
3168 3217 3340 3273 Morbi
3386 3220 3572 3274 incur—

1989 3304 2117 3349 runt
2151 3297 2221 3351 ob
2270 3312 2573 3366 peccatum,
2617 3313 2674 3356 ut
2711 3304 2763 3358 in
2804 3306 3019 3374 palatiis
3051 3310 3300 3366 videmus
3333 3312 3569 3383 aliquem

1986 3390 2224 3460 podagra
2274 3394 2639 3464 laborantem,
2689 3408 2741 3453 ct
2797 3402 2868 3453 ob
2915 3401 3112 3457 bonam
3149 3404 3371 3470 famam,
3410 3416 3471 3461 ut
3518 3409 3570 3461 in

1985 3480 2088 3536 Job
2119 3484 2395 3554 videmus;
2427 3488 2684 3545 oriuntur
2720 3492 2884 3546 etiam
2916 3511 2946 3549 e
2971 3496 3187 3565 pigritia
3212 3497 3431 3568 ctgula.

2061 3764 2222 3820 Vens.
2264 3766 2347 3821 ΓΙ.
2390 3766 2558 3822 Pater
2602 3786 2748 3824 meus
2805 3789 2967 3840 usque
3020 3779 3173 3830 modo
3220 3790 3473 3849 operatur
3522 3796 3574 3837 et

1986 3873 2077 3926 ego
2109 3875 2326 3926 operor,
2370 3864 3001 3921 consuhstautialitatem
3053 3872 3332 3938 ostendit;
3374 3883 3430 3929 ct
3477 3892 3575 3933 eos

1988 3951 2197 4006 inducit
2239 3954 2306 4007 ah
2335 3954 2696 4009 obedieudum
2730 3957 2806 4011 illi
2836 3967 2893 4014 ut
2933 3960 3069 4027 Deo;
3104 3964 3230 4031 quia
3260 3964 3567 4023 Providen-

1987 4044 2077 4098 tiae
2104 4045 2278 4100 virtus
2304 4046 2434 4101 etin
2468 4046 2706 4104 Sabhato
2734 4052 2981 4120 exsistit;
3024 4053 3141 4110 [luit
3166 4062 3309 4112 enim
3332 4076 3494 4131 aqua,
3523 4073 3578 4119 et

1988 4135 2172 4190 omnia
2207 4138 2570 4206 seminantur,
2600 4154 2859 4198 crescunt
2884 4154 2939 4199 et
2964 4159 3273 4206 moventur.

2064 4230 2225 4285 Vens.
2266 4231 2347 4286 l9.
2376 4231 2499 4286 Non
2528 4243 2695 4302 potest
2728 4236 2904 4291 Filius
2931 4255 2963 4293 a
2985 4257 3038 4294 se
3069 4242 3241 4310 [arere
3260 4246 3573 4318 quidquam,

1988 4339 2086 4394 pro
2114 4323 2238 4380 Sine
2264 4323 2532 4390 Patre;id
2563 4337 2646 4382 est
2677 4329 2812 4383 nihil
2848 4330 3110 4397 alienum,
3146 4336 3278 4391 nihil
3307 4353 3576 4397 exterum.

1990 4418 2047 4471 Si
2082 4420 2226 4472 enim
2255 4418 2397 4473 istud
2427 4434 2535 4473 non
2570 4420 2711 4475 idem
2754 4432 2840 4477 est
2867 4439 2933 4478 ac
2967 4439 2985 4478 :
3022 4424 3186 4481 Pater
3228 4444 3372 4484 mens
3414 4448 3578 4503 usque

1990 4513 2145 4562 modo
2176 4522 2428 4579 aperatur
2455 4523 2506 4567 et
2556 4530 2651 4584 ego
2682 4531 2891 4584 operor,
2938 4520 3363 4577 contradictoria
3402 4525 3580 4581 forent

298 4632 379 4684 τῳ
402 4614 463 4667 τὸ
480 4611 662 4685 ρητὸνσ
675 4612 735 4665 ‘A
758 4608 889 4679 τὰρ,
907 4609 1091 4679 φησὶν,
1110 4612 1142 4662 ό
1158 4610 1358 4677 Πατὴρ
1377 4611 1555 4677 ποιεῖ,
1576 4613 1765 4669 ταῦτα
1791 4614 1885 4669 καὶ

1997 4603 2111 4657 haec
2139 4605 2305 4659 verba
2342 4605 2482 4661 inter
2514 4623 2593 4663 se.
2633 4607 2765 4673 Qua:
2796 4612 2959 4672 enim.
2981 4612 3079 4677 ait,
3101 4611 3262 4669 Pater
3283 4616 3438 4686 facit,
3464 4618 3577 4675 luec

301 4714 335 4764 ό
366 4708 498 4774 Υἱὸς
516 4704 731 4777 ὁμοίως
748 4701 924 4757 ποιεῖ’
957 4701 1222 4755 καὶτοῦτο
1248 4703 1302 4756 δὲ
1320 4703 1481 4756 πάλιν
1508 4705 1571 4757 τὸ
1597 4706 1886 4775 ὁμοούσιον

303 4802 477 4871 κυροῖ.
548 4797 658 4853 Kal
711 4796 839 4866 μετ’
896 4796 1118 4865 ὀλίγην
1161 4795 1255 4860 Τὸ,
1311 4800 1395 4851 Οὐ
1457 4797 1729 4865 δύναται,
1786 4801 1887 4853 ούκ

300 4891 609 4954 ἀσθενείας,
642 4888 778 4943 ἀλλά
810 4888 909 4961 τῆς
943 4889 1118 4954 ἄκρας
1148 4889 1286 4960 πρὸς
1308 4890 1400 4943 τὸν
1434 4891 1654 4961 Πατέρα
1685 4909 1881 4944 ταυτο-

301 4988 465 5057 quia;
508 5000 598 5056 μοι
631 4981 925 5044 πίστωσιςο
972 4979 1034 5033 τὸ
1072 4980 1181 5048 γὰρ
1227 4980 1492 5035 ἀδύνατον
1537 4983 1623 5051 ἐφ’
1660 4983 1788 5037 Υίοῦ
1821 4985 1882 5036 οὐ

299 5080 360 5133 τὸ
380 5077 766 5146 ἀνεγχώρητον
792 5073 1067 5126 δείκνυσιν
1082 5088 1094 5101 ⁸
1117 5072 1193 5136 ὼς
1213 5072 1274 5125 τὸ
1296 5074 1557 5127 ἀδύνατον
1578 5073 1885 5140 ψεύσασθαι

301 5174 456 5233 Θεὸν,
485 5172 584 5224 ούκ
614 5169 922 5230 ἀσθενείας.
957 5168 1074 5221 ἀλλ’
1106 5169 1281 5237 ἄκρας
1306 5168 1590 5238 δυνάμεως
1637 5168 1881 5233 ἔνδειξις.

302 5266 515 5337 Σφόδρα
556 5265 666 5334 γὰρ
702 5266 758 5315 ὲν
795 5262 873 5333 τῷ
916 5262 1204 5333 ἀληθεύειν
1250 5262 1449 5333 πολλὴν
1480 5262 1620 5331 ἔχων
1664 5262 1762 5331 τὴν
1791 5261 1885 5314 δύ-

301 5380 488 5431 ναμιν,
535 5360 636 5412 ούκ
675 5359 742 5413 ἂν
783 5359 876 5412 ὑπ’
918 5358 1204 5420 ἀσθενείας
1245 5359 1596 5431 κατενεχθείη
1650 5358 1786 5426 πρὸς
1825 5358 1887 5411 τὸ

298 5455 491 5527 ψεῦδος
516 5473 529 5486 ’
565 5453 736 5519 οὕτως
776 5454 857 5519 τὸ,
917 5455 999 5507 Οὐ
1034 5452 1283 5506 δύναται
1312 5455 1339 5505 ὁ
1371 5455 1501 5519 Υἱὸς
1533 5454 1636 5522 ἀφ’
1666 5453 1885 5506 ἑαυτοῦ

301 5550 497 5606 ποιεῖν
517 5549 721 5615 οὐδὲν,
749 5547 1132 5620 ἀνεγχὼρητὸν
1161 5565 1295 5617 φησι
1326 5546 1415 5599 τὸν
1456 5547 1584 5600 Υίύν
1612 5548 1884 5617 διῃρημέ-

301 5662 402 5714 νην
427 5642 520 5695 τοῦ
560 5643 771 5710 [ἰατρὸς
805 5640 951 5710 ἔχειν
992 5641 1292 5710 ἐνέργειαν.
1326 5640 1401 5692 Οὐ
1436 5641 1543 5709 γὰρ
1573 5640 1796 5694 δυνατὸν
1824 5642 1885 5694 τὸ

304 5737 553 5804 γέννημα
614 5733 740 5803 δίχα
800 5732 894 5785 τοῦ
964 5732 1328 5801 γεννήσαντος
1389 5732 1443 5782 τί
1508 5733 1718 5783 ποιεῖν·
1784 5733 1883 5785 ούκ

302 5825 539 5895 ἐγχωρεῖ
563 5824 624 5875 τὸ
652 5822 995 5892 ἀπαύγασμα
1025 5823 1146 5891 δίχα
1171 5821 1262 5875 τοῦ
1293 5823 1503 5891 Harpe;
1535 5823 1846 5876 ἀνατέλλειν
1871 5841 1879 5850 ·

304 5917 404 5973 οὐκ
446 5918 625 5970 ἐνιστι
658 5918 745 5969 τὸν
792 5916 981 5970 κλᾶὁον
1023 5919 1145 5983 δεμ
1190 5916 1284 5987 τῆς
1320 5916 1472 5987 ριξης
1522 5918 1707 5988 φέρειν
1747 5935 1881 5989 καρο

1993 4705 2041 4749 et
2073 4694 2246 4752 Filius
2274 4698 2524 4754 similiter
2557 4701 2687 4770 facit
2714 4719 2735 4758 .'
2766 4704 2886 4758 etid
2915 4721 3109 4762 rursus
3132 4710 3577 4768 consubstantia-

1995 4789 2198 4844 litatem
2225 4791 2423 4861 arguit.
2460 4790 2523 4846 Et
2542 4795 2700 4862 paulo
2731 4804 2869 4863 post.
2902 4793 3025 4850 Non
3054 4807 3248 4867 potest,
3288 4817 3578 4872 argumen-

1998 4892 2110 4937 tum
2144 4894 2227 4939 est
2251 4901 2355 4938 non
2382 4886 2738 4949 iulirmitatis,
2765 4890 2857 4943 sed
2887 4905 3119 4947 summie
3149 4891 3289 4948 l’atri
3318 4884 3578 4951 similitu-

1995 4976 2161 5031 dinis.
2214 4976 2347 5030 Nam
2405 4978 2822 5049 itnpossibilitas
2877 4983 2931 5035 in
2981 4983 3091 5036 lilio
3148 5001 3256 5038 non
3325 4988 3576 5044 illicitum

1995 5070 2284 5140 signiﬁcat,
2317 5081 2373 5125 ut
2409 5073 2824 5142 impossibilitas
2865 5079 3160 5131 mentiendi
3194 5080 3246 5132 in
3294 5079 3403 5133 Deo
3439 5082 3580 5136 indi-

1996 5166 2140 5218 cium
2173 5176 2256 5218 est
2302 5182 2406 5219 non
2456 5166 2813 5233 infirmitatis,
2864 5171 2955 5224 sed
2995 5187 3222 5225 summa:
3266 5175 3576 5241 potestatis.

1997 5257 2131 5311 Nam
2178 5274 2428 5327 magnam
2462 5262 2697 5315 maxime
2736 5263 2801 5315 ad
2838 5263 3123 5316 dicendam
3157 5265 3443 5319 veritatem
3481 5269 3577 5320 ha-

1996 5351 2132 5405 hens
2171 5352 2491 5422 potentiam,
2540 5370 2647 5407 non
2700 5354 3019 5411 inﬁrmitate
3066 5355 3305 5411 ferretur
3330 5375 3574 5429 unquam

1996 5447 2060 5500 ad
2103 5447 2446 5500 mendacium
2475 5464 2488 5511 ;
2527 5447 2597 5500 ita
2634 5463 2757 5501 cum
2788 5464 2890 5500 non
2923 5458 3091 5515 potest
3134 5448 3313 5505 Filius
3337 5469 3370 5505 a
3397 5469 3452 5506 se
3489 5453 3580 5521 [a-

1996 5556 2111 5593 cere
2164 5540 2471 5608 quidquam,
2517 5538 2766 5593 illicitum
2813 5540 3011 5595 dicitur
3047 5556 3168 5597 esse
3232 5543 3343 5597 lilio
3392 5556 3451 5599 ut
3485 5544 3580 5599 ha-

1995 5634 2119 5688 brat
2174 5632 2487 5687 distinctam
2537 5648 2565 5685 a
2600 5633 2772 5702 [patre
2818 5635 3215 5703 operationem.
3268 5636 3386 5691 Non
3431 5641 3576 5693 enim

1996 5729 2253 5798 p05sibile
2294 5737 2374 5781 est
2433 5727 2675 5798 genitum
2712 5738 2865 5783 extra
2923 5734 3221 5795 genitorem
3276 5732 3575 5801 quidquam

1998 5822 2197 5885 lacere,
2226 5838 2334 5875 non
2363 5820 2485 5874 llCt'l
2517 5820 2860 5889 splendorem
2890 5831 3041 5875 extra
3066 5830 3274 5890 patrem
3306 5824 3576 5881 emittere.

1996 5933 2103 5971 neu
2156 5915 2279 5971 liCCl
2327 5927 2582 5970 truncum
2615 5913 3033 5970 catiatadtccm
3087 5915 3325 5971 fructum
3356 5916 3567 5977 facere;
