4212 6432
281 392 415 457 1249

879 512 1128 565 ΚΕΦΔᾹ.
1171 513 1241 563 Ζ’.

345 647 443 699 Διὰ
469 648 522 698 τί
550 645 760 713 λέγουσι
790 643 925 714 πρὸς
964 643 1126 696 αὐτὸν
1151 645 1197 694 οἱ
1239 640 1463 706 ὰδελέοὶ
1508 641 1697 699 αὑτοῦ,
1731 643 1845 692 Με-

273 736 480 804 τάϐηθι
537 735 817 789 ἐντεῦθεν
865 737 952 800 εἱς
989 734 1103 800 τὴν
1157 731 1501 794 Ἰουδαιίιν;
1548 734 1705 783 Δοκεῖ
1751 731 1848 800 μὲν

273 830 384 883 ἀπὸ
414 829 595 897 φιλίας
625 827 878 897 εἰρῆσθαι
899 844 912 856 °
953 827 1067 878 ἐστι
1099 828 1155 879 δὲ
1187 827 1285 894 οὐχ
1317 825 1514 886 οὕτως,
1555 825 1691 876 ά).λά
1739 825 1848 876 δει-

273 924 393 985 lia;
433 924 524 976 καὶ
556 921 857 991 φιλοδοξίας
895 920 1229 973 σκώπτουσι.
1264 919 1336 971 Τὸ
1371 921 1470 988 μὲν
1504 917 1614 986 γὰρ
1651 920 1844 981 εἰπεῖν,

275 1016 408 1068 Οὐδὲ
440 1015 519 1066 ἔτι
553 1016 609 1065 ὲν
639 1012 865 1084 κρυπτῷ
895 1014 1059 1072 ποιεῖ,
1080 1010 1278 1062 δειλίαν
1308 1011 1683 1077 ἐγκαλούντων
1708 1010 1844 1062 ἐστί’

272 1107 335 1158 τὸ
366 1106 420 1158 δὲ
448 1106 538 1157 καὶ
567 1106 741 1156 εἰπεῖν
777 1107 834 1155 ὲν
873 1101 1091 1171 φανερῷ
1125 1097 1285 1165 εἶναι,
1326 1099 1657 1168 φιλοδοξίαν.

343 1286 407 1337 Τί
435 1290 550 1338 ἐστι
592 1284 674 1349 τὸ,
719 1285 783 1335 '0
813 1284 1016 1351 καιρὸς
1053 1286 1084 1336 ὀ
1106 1283 1245 1351 ἐμὸς
1277 1281 1440 1334 οὔπω
1475 1281 1785 1347 πάρεστιν,
1813 1283 1846 1333 δ

270 1378 339 1429 δὲ
380 1379 582 1443 καιρὸς
639 1381 670 1428 ό
707 1377 989 1444 ὑμέτερος
1041 1375 1299 1426 πάντοτε
1349 1373 1604 1440 ἓρημος;
1635 1372 1842 1442 Καιρὸν

271 1470 402 1520 ίδιον
445 1469 532 1520 τὸν
589 1468 680 1519 τοῦ
741 1466 974 1536 σταυροῦ
1033 1467 1229 1532 λέγων,
1284 1465 1475 1534 καιρὸν
1513 1465 1567 1516 δὲ
1633 1467 1841 1535 ἔρημον

270 1559 501 1610 πάντοτε
536 1573 548 1586 ·
584 1558 727 1617 ὐτι,
768 1557 952 1624 φησιν,
986 1559 1086 1608 οὐκ
1119 1556 1507 1625 ἀναιρήσουσιν
1547 1557 1712 1622 ὑμᾶς,
1740 1555 1843 1608 κᾶν

267 1651 356 1702 ἀεὶ
394 1650 509 1718 μετ’
556 1649 733 1701 αὐτῶν
764 1645 882 1719 ἦτε.
931 1649 1054 1711 Πῶς
1089 1649 1307 1718 νοητέον
1340 1647 1419 1709 τὸ,
1466 1647 1520 1698 '0
1561 1649 1763 1714 καιρὸς
1809 1650 1841 1700 ό

263 1745 408 1811 ἐμὸς
438 1744 601 1796 οὔπω
627 1743 1048 1810 πεπλήρωται;
1080 1742 1205 1794 Ὀτι
1245 1742 1350 1793 ἔδει
1381 1742 1472 1794 καὶ
1511 1744 1711 1812 σημεῖα
1747 1759 1838 1810 γε-

263 1835 469 1889 νέσθαι.

336 1931 416 1979 οο
440 1927 690 1979 δύναται
725 1929 758 1980 ό
783 1928 1010 1995 κόσμος
1031 1925 1237 1996 μισεῖν
1258 1925 1412 1994 ὑμᾶς
1437 1928 1517 1993 ὠς
1544 1928 1614 1980 τὰ
1642 1927 1830 1981 αὐτοῦ

254 2017 709 2086 βουλομένους·
761 2016 867 2086 ἐμὲ
915 2017 1004 2080 δὲ,
1051 2018 1205 2086 φησὶ,
1250 2017 1436 2086 μισεῖ,
1492 2019 1573 2071 ὅτι
1627 2018 1832 2088 ἐλέγχω

257 2111 442 2163 αὐτόν.

326 2202 426 2252 Διὰ
457 2199 508 2251 τί
556 2199 658 2252 οὐκ
703 2199 991 2253 ἀναϐαίνει
1056 2199 1195 2269 μετὰ
1255 2201 1362 2253 τῶν
1401 2199 1668 2268 ἀδελφῶν,
1715 2199 1830 2252 ἀλλ’

256 2293 525 2361 ἐσχατον;
571 2291 743 2342 Τοῦτο
793 2291 891 2360 μὲν
944 2290 1018 2359 μὴ
1080 2289 1405 2360 βουλόμενος
1437 2290 1594 2359 δῆλον
1638 2292 1831 2342 ἑαυτὸν

255 2393 639 2455 καταστήσειν,
671 2385 853 2446 καθὼς
884 2387 1082 2435 ἐκεῖνοι
1113 2383 1426 2437 έῦούλοντο·
1451 2386 1729 2438 ἁναὸαίνει
1749 2386 1826 2450 δὲ,

255 2476 341 2530 ἴνα
377 2478 451 2548 μὴ
499 2477 698 2540 δειλίας
734 2472 874 2530 εἶναι
908 2477 1209 2545 νομίσωσιν
1269 2479 1469 2530 ἐκεῖνοι
1527 2476 1587 2529 τὸ
1644 2480 1827 2547 μεῖναι

252 2572 426 2626 κάτω.

323 2665 479 2726 Τίνος
509 2665 695 2718 ἕνεκεν
735 2664 1028 2733 ζητοῦντες
1068 2663 1250 2725 αὑτὸν,
1287 2663 1387 2715 οὐκ
1417 2661 1680 2729 ὀνομαστὶ
1710 2662 1820 2714 ἕλε-

251 2773 370 2826 γον,
401 2758 559 2822 ἀλλὰ,
588 2758 709 2811 Ποῦ
738 2760 911 2811 ἐστιν
949 2758 1217 2823 ἐκεῖνοςς
1259 2756 1391 2809 Ἀπὸ
1425 2757 1624 2826 πολλῆς
1659 2760 1821 2826 εἰρω-

249 2853 400 2913 νείας
435 2853 530 2904 καὶ
560 2851 779 2920 φθόνου.

320 2944 446 3005 Πῶς
479 2944 698 3014 νοητέον
737 2945 830 3008 τὸ,
864 2943 933 2997 ’11
958 2943 1067 3011 ἐμὴ
1101 2939 1317 3010 διδαχὴ
1351 2942 1461 2994 οὐκ
1495 2942 1666 2994 ἐστιν
1683 2941 1818 3010 ἐμὴ,

245 3036 410 3090 ἀλλὰ
451 3037 558 3090 τοῦ
588 3038 938 3105 πέμψαντός
961 3052 1075 3104 ys;
1110 3039 1173 3088 Ὀ
1193 3036 1338 3102 λέγει
1368 3034 1607 3087 τοιοῦτόν
1635 3037 1780 3087 ἐστιν
1801 3051 1814 3062 ο

248 3127 415 3179 Οὐδὲν
457 3129 566 3195 ἔχω
595 3127 1072 3195 παρηλλαγμένον,
1112 3127 1158 3179 εί
1212 3127 1304 3178 καὶ
1354 3127 1648 3188 ὑπόστασις
1683 3128 1816 3196 ἄλλη

1341 390 1658 452 SCIIOLIA
1701 383 1995 449 VETERA
2039 388 2114 447 ΙΝ
2158 389 2508 450 ΙΟΛΝΧΕΜ

1878 506 1927 563 Α

3393 391 3525 456 1250

2561 503 2788 559 CAPUT
2826 504 2939 560 VII.

2021 627 2185 683 Vnus.
2221 631 2271 686 5.
2301 631 2412 684 Cur
2441 634 2632 687 dicunt
2667 634 2740 687 illi
2767 633 2962 687 fratres
2991 633 3107 702 ejus
3140 651 3151 684 :
3183 633 3372 686 Transi
3405 636 3524 689 hinc

1951 723 2003 775 in
2047 723 2337 778 Juttream.’
2362 725 2611 780 videntur
2648 728 2867 796 quidem
2920 729 2990 779 ob
3024 727 3324 780 amicitiam
3359 728 3524 783 locuti

1948 829 2088 868 esse.
2118 815 2235 870 Non
2277 829 2456 871 autem
2509 818 2579 872 ita
2611 832 2713 883 est,
2745 819 2836 872 sed
2879 818 3226 871 timiditatem
3258 830 3314 874 et
3339 820 3526 886 gloria:

1948 906 2292 974 cupiditatem
2343 908 2652 961 intendunt.
2720 909 2956 962 Dicendo
3001 909 3167 970 enim,
3224 911 3366 976 quod
3417 925 3523 962 non

1943 997 2055 1066 jam
2106 999 2157 1052 in
2212 1000 2425 1053 occulto
2471 1000 2661 1062 faciat,
2696 1001 3040 1054 timiditatem
3075 1001 3521 1069 exprobrantium

1947 1103 2067 1158 est;
2099 1094 2329 1150 dicendo
2382 1105 2561 1149 autem
2614 1097 2790 1165 palam
2843 1110 2983 1160 esse,
3015 1094 3201 1164 gloriae
3255 1095 3524 1164 cupidita-

1946 1193 2078 1240 tcm.

2017 1277 2181 1332 Vens.
2220 1280 2273 1336 6.
2304 1279 2443 1346 Quid
2480 1291 2563 1337 est
2592 1301 2604 1337 :
2641 1282 2864 1349 Tempus
2901 1298 3068 1335 meum
3104 1281 3333 1335 nomium
3367 1288 3523 1338 adve-

1946 1371 2040 1433 nit,
2063 1380 2265 1438 tempus
2291 1384 2464 1421 autem
2486 1385 2711 1424 vestrum
2741 1388 2940 1437 semper
2962 1386 3032 1421 est
3055 1378 3343 1437 paratum."
3367 1377 3492 1427 Τνιι

1946 1476 2044 1528 pus
2068 1477 2227 1513 suum
2258 1461 2626 1516 crucitixionis
2656 1473 2868 1531 tempus
2896 1462 3046 1524 dicit,
3069 1475 3118 1514 et
3151 1472 3361 1531 tempus
3383 1484 3520 1522 sem-

1946 1570 2040 1623 per
2069 1567 2339 1623 paratmn.
2367 1555 2526 1624 Quia,
2554 1558 2748 1628 inquit,
2777 1576 2882 1613 non
2913 1575 3005 1613 ros
3031 1560 3298 1619 auferent.
3324 1577 3518 1628 quam-

1947 1647 2033 1699 vis
2064 1664 2280 1716 semper
2333 1665 2456 1702 cum
2516 1651 2595 1704 eis
2637 1653 2867 1705 fueritis.
2901 1651 3188 1718 Quomodo
3214 1653 3518 1720 intelligen-

1943 1738 2073 1791 dum
2104 1755 2116 1789 :
2149 1739 2369 1810 Tempus
2406 1758 2575 1794 meum
2625 1746 2855 1797 nondum
2906 1746 3177 1815 impletum
3223 1756 3303 1801 est
3329 1749 3353 1802 7
3379 1746 3516 1814 Quia

1867 1874 1914 1933 Β
1943 1841 2155 1899 oportet
2186 1849 2403 1902 quoque
2434 1835 2584 1904 signa
2614 1834 2752 1888 ﬁeri.

2007 1920 2173 1976 Vens.
2210 1924 2259 1978 7.
2297 1925 2418 1978 Δόιι
2447 1937 2614 1992 potest
2647 1929 2871 1981 mundus
2919 1929 3090 1981 odisse
3124 1945 3231 1992 ros,
3264 1939 3515 2001 tanquam

1940 2031 2056 2086 qua
2091 2035 2185 2070 sua
2217 2028 2338 2072 sunt
2393 2020 2655 2086 uolentes;
2691 2038 2770 2075 me
2825 2032 3003 2076 autem
3032 2023 3167 2088 odit,
3193 2025 3321 2092 quia
3381 2039 3514 2078 con-

1939 2111 2136 2163 demno
2168 2128 2316 2164 curn.

2015 2199 2178 2254 Vsus.
2221 2201 2271 2254 8.
2303 2201 2416 2256 Cur
2462 2219 2568 2256 non
2625 2205 2872 2258 ascendit
2931 2220 3055 2258 cum
3115 2205 3390 2268 fratribus.
3416 2211 3510 2263 sed

1940 2296 2168 2362 postea?
2193 2297 2316 2365 quia
2354 2311 2458 2349 non
2495 2297 2609 2350 vult
2635 2298 2853 2366 quidem
2881 2300 3117 2368 seipsurn
3153 2301 3502 2357 manifestum

1939 2389 2140 2451 lacere,
2165 2399 2221 2442 ut
2280 2389 2376 2457 ipsi
2419 2389 2707 2443 volebant:
2744 2392 2988 2445 ascendit
3026 2403 3230 2459 autem,
3256 2411 3321 2448 ue
3369 2396 3512 2450 timi-

1935 2482 2160 2535 ditatem
2199 2482 2286 2536 isti
2321 2491 2530 2551 putent,
2563 2483 2608 2537 si
2650 2482 2788 2536 infra
2819 2495 3084 2539 maneret.

1999 2660 2161 2717 Vens.
2189 2663 2206 2716 Ι
2224 2664 2271 2716 ι.
2291 2665 2463 2729 Quam
2479 2665 2548 2718 ob
2578 2680 2800 2719 causam
2819 2677 3124 2736 querentes
3151 2684 3276 2723 eum
3292 2685 3396 2725 non
3415 2686 3512 2725 no-

1931 2758 2206 2808 minantes
2238 2759 2448 2818 dicunt,
2476 2760 2592 2823 sed,
2629 2757 2723 2814 Ubi
2754 2769 2831 2812 est
2863 2758 3098 2815 ille.’0b
3126 2776 3376 2832 magnam
3399 2764 3511 2817 iro-

1930 2846 2074 2896 niam
2111 2855 2163 2897 et
2188 2846 2463 2898 invidiam.

2001 2934 2164 2990 Vens.
2211 2938 2294 2990 16.
2346 2937 2632 3003 Quomodo
2677 2938 3136 3009 intelligendum:
3176 2943 3293 2997 Mea
3318 2946 3512 3001 doctri-

1927 3045 1993 3081 na
2017 3041 2213 3081 nonest
2235 3047 2372 3095 mea,
2397 3031 2485 3084 sed
2509 3032 2621 3100 ejus
2638 3032 2729 3097 qui
2755 3033 2895 3086 misit
2921 3051 3001 3088 me
3018 3036 3044 3088 ?
3061 3035 3218 3102 Quod
3239 3039 3371 3092 dicit
3399 3040 3508 3094 tale

1925 3132 2008 3176 cst
2039 3137 2053 3174 :
2096 3120 2240 3174 Nihil
2279 3122 2451 3176 habeo
2481 3124 2782 3187 diversum,
2815 3126 2942 3180 licet
2969 3143 3199 3196 persona
3230 3131 3332 3182 alia
3377 3131 3503 3184 sini.

246 3219 382 3286 εἰμί’
418 3217 534 3269 ἀλλ’
561 3218 705 3270 οὕτω
733 3220 829 3272 καὶ
866 3219 1007 3285 λέγω
1034 3219 1127 3270 καὶ
1154 3219 1398 3286 πράττω,
1427 3218 1502 3281 ὡς
1544 3220 1620 3286 μὴ
1670 3220 1805 3288 νομί-

1927 3211 2030 3266 Sed
2055 3214 2128 3268 ita
2166 3215 2357 3284 loquor
2383 3226 2435 3270 et
2478 3231 2582 3286 ago
2605 3227 2664 3272 ut
2711 3233 2820 3273 non
2877 3219 3080 3274 habear
3119 3221 3263 3275 aliud
3313 3221 3442 3292 quid
3473 3239 3506 3278 α

244 3311 436 3375 ζεσθαι
475 3312 659 3382 ἕτερον
700 3330 750 3363 τι
795 3311 946 3381 παρὰ
983 3313 1073 3364 τὸν
1116 3313 1356 3380 Πατέρα.

314 3407 377 3458 Τί
406 3407 557 3477 δηλοῖ
582 3406 681 3471 τὸ,
729 3405 864 3457 Ἐάν
923 3423 1012 3470 τις
1061 3406 1207 3471 θέλῃ
1238 3405 1302 3457 τὸ
1349 3406 1581 3474 θέλημα
1626 3405 1815 3460 αὑτοῦ

241 3498 466 3562 ποιεῖν;
512 3497 827 3561 Τουτέστιν,
871 3496 929 3549 '0
962 3498 1212 3566 ,ἐραστὴς
1256 3495 1351 3548 τοῦ
1399 3496 1514 3566 βίου
1552 3497 1646 3550 τοῦ
1697 3499 1816 3550 κατ’

243 3593 445 3660 ἀρετὴν
477 3592 744 3658 γνώσεται
779 3590 908 3658 περὶ
958 3590 1054 3658 τῆς
1101 3589 1356 3658 διδακῆἶ’
1391 3591 1513 3642 ἀντὶ
1553 3591 1668 3656 τοῦθ
1721 3595 1814 3655 Ὃς

239 3680 538 3731 ἀποϐλέπει
583 3682 661 3741 είς
693 3680 816 3741 τοὺς
871 3681 1178 3749 προφήτας,
1231 3679 1498 3747 γνώσεται
1525 3683 1623 3753 τὴν
1676 3683 1815 3753 ἐμὴν

239 3774 480 3841 διδαχή-ι.

315 3882 438 3934 Ὅτι
469 3883 574 3951 χρὴ
626 3881 897 3948 σκοπῆσαι
926 3883 1009 3935 ὅτι
1054 3880 1148 3934 τοῦ
1193 3882 1426 3936 ταπεινά
1480 3882 1813 3951 φθέγγεσθαι

239 3974 424 4035 αὐτὸν,
459 3974 648 4026 πολλαί
678 3976 819 4026 εἰσιν
844 3975 1037 4038 αἰτίαι,
1061 3969 1173 4026 οἷον
1199 3975 1289 4027 διὰ
1313 3976 1372 4027 τὸ
1409 3977 1484 4045 μὴ
1518 3977 1812 4046 ἀγέννητον

235 4062 378 4119 εἶναι
407 4067 729 4136 νομισθῆναι
758 4082 770 4094 ·
794 4066 882 4118 διὰ
901 4067 962 4118 τὸ
995 4068 1069 4137 μὴ
1105 4068 1349 4119 ἀντίθεον
1368 4083 1383 4098 ·
1417 4067 1504 4120 διὰ
1542 4069 1603 4120 τὸ
1631 4069 1810 4138 σάρκα

236 4156 666 4225 περιϐεϐλῆσθαι
693 4173 704 4186 ·
739 4157 828 4209 διὰ
860 4157 918 4209 τὸ
947 4157 1170 4220 ἀσθενὲς
1210 4158 1318 4210 τῶν
1357 4161 1683 4211 ἀκουόντων·
1724 4161 1810 4214 διά

238 4251 300 4302 τὸ
359 4249 631 4302 διδάσκειν
695 4251 821 4310 τοὺς
868 4251 1188 4320 ἀνθρώπους
1243 4253 1582 4319 μετριάζειν.
1635 4254 1715 4304 Τὰ
1754 4254 1808 4304 δὲ

236 4341 417 4408 ὑψηλά
452 4341 824 4408 φθέγγεσθαι,
869 4343 1000 4410 μίαν
1040 4341 1190 4413 εὖροι
1253 4359 1336 4406 τις
1393 4346 1702 4408 αἰτίαν,διὰ
1750 4347 1810 4398 τὸ

237 4433 473 4502 μέγεθος
505 4433 602 4501 τῆς
636 4433 789 4495 θείας
824 4434 1060 4501 φύσεως.

307 4543 371 4596 Τί
403 4544 588 4595 ἐστινὸ
607 4545 772 4611 λέγει,
822 4546 904 4597 ὅτι
937 4548 1020 4598 Οὐ
1045 4546 1271 4612 Μωσῆς
1294 4545 1513 4599 ἔδωκεν
1540 4547 1680 4615 ὑμῖν
1704 4549 1807 4600 τὸν
1842 4582 1882 4634 D

231 4638 459 4703 νόμονς
492 4636 712 4705 Ἐπειδὴ
739 4637 850 4706 ,γὰρ
882 4637 1174 4690 ἐνεκάλουν
1209 4638 1355 4707 αὑτῴ
1387 4640 1468 4691 ὅτι
1501 4640 1562 4692 τὸ
1593 4641 1805 4694 Σάϐϐα-

229 4743 323 4777 τον
350 4727 639 4795 ἕλυε,πρὸ;
670 4729 828 4779 τοῦτο
851 4729 1086 4793 ἵσταται,
1116 4729 1343 4781 ὡσανεί·
1363 4729 1419 4781 '0
1451 4732 1611 4799 νόμος
1631 4730 1803 4783 εἶπεν·

233 4821 316 4870 Oti!
348 4820 686 4885 φονεύσεις·
723 4820 879 4887 ὑμεῖς
929 4821 982 4872 δὲ
1029 4821 1302 4888 φονεύετε.
1339 4823 1590 4889 »Λφέντες
1625 4820 1718 4876 οὖν
1748 4825 1808 4875 τὸ

1926 3307 2104 3361 Patre.

2002 3395 2165 3449 Vens.
2204 3395 2290 3450 l7.
2319 3395 2460 3463 Quid
2495 3397 2764 3466 signiﬁcat
2794 3415 2806 3452 :
2840 3397 2899 3453 Si
2923 3401 3038 3469 quis
3068 3399 3287 3455 voluerit
3318 3403 3505 3456 uoluu-

1923 3498 2080 3542 tatem
2127 3490 2240 3556 ejus
2291 3491 2509 3558 facere?
2537 3489 2590 3544 Id
2631 3503 2734 3556 est,
2772 3491 2876 3557 Qui
2911 3504 3057 3548 amat
3088 3495 3254 3548 vitam
3293 3511 3415 3564 qua:
3444 3511 3503 3552 ea

1920 3584 2218 3636 Secundum
2274 3585 2528 3637 virtutem
2586 3595 2881 3653 cognoscet
2921 3586 2988 3640 de
3042 3587 3338 3653 doctrina;
3392 3589 3500 3651 vel.

1917 3672 2018 3738 Qui
2079 3673 2131 3726 in
2182 3675 2474 3745 prophetas
2525 3677 2769 3747 respicit,
2833 3688 3145 3746 cognoscet
3191 3694 3368 3733 meam
3402 3680 3504 3736 do-

1916 3769 2171 3821 ctrinam.

1986 3875 2152 3930 Vens.
2189 3877 2272 3930 18.
2305 3877 2666 3931 Considerare
2700 3885 2914 3948 oportet
2959 3879 3032 3932 illi
3075 3879 3350 3934 humiliter
3405 3880 3496 3936 lo-

1917 3971 2118 4036 quendi
2155 3971 2350 4024 multas
2377 3985 2574 4024 causas
2604 3985 2747 4035 esse,
2781 3972 3010 4037 scilicet,
3034 3980 3090 4025 ut
3124 3974 3326 4027 nothus
3353 3990 3496 4041 esse,

1917 4079 2022 4113 non
2057 4049 2373 4130 rrputétur;
2413 4071 2470 4116 ut
2508 4077 2616 4116 non
2655 4063 2856 4132 impius
2881 4065 2933 4116 in
2971 4065 3135 4117 Deum
3183 4065 3499 4121 crederetur

1914 4155 2043 4223 quia
2076 4170 2241 4208 carne
2281 4155 2504 4209 indutus
2533 4165 2684 4220 erat;
2712 4157 2839 4225 quia
2890 4158 3096 4210 inﬁrmi
3138 4167 3296 4212 erant
3337 4160 3495 4214 audi-

1919 4258 2107 4313 tores;
2150 4257 2208 4301 ut
2235 4250 2455 4302 doceret
2497 4250 2746 4304 homines
2778 4250 3056 4305 modestos
3090 4266 3231 4316 esse,
3257 4252 3340 4305 vel
3364 4254 3496 4306 suh-

1914 4338 2060 4392 limia
2089 4341 2358 4403 dicentes,
2403 4355 2566 4392 unam
2599 4341 2838 4395 inveniat
2895 4341 3098 4412 aliquis
3143 4357 3366 4396 causam
3422 4344 3494 4398 ob

1919 4431 2352 4500 magnitudinem
2391 4433 2589 4485 divina:
2628 4431 2857 4485 natur'm.

1983 4539 2146 4593 Vens.
2184 4543 2267 4596 19.
2294 4541 2434 4607 Quid
2490 4552 2572 4595 est
2626 4545 2769 4611 quod
2819 4542 3002 4597 dicit:
3047 4542 3230 4597 Nonne
3283 4543 3490 4616 Moyses

1910 4633 2054 4686 dedit
2109 4635 2255 4687 nobis
2306 4636 2508 4703 legem?
2558 4635 2826 4700 Quoniam
2885 4636 3030 4688 enim
3090 4638 3492 4706 exprobrabant

1913 4729 1984 4780 illi
2019 4729 2164 4797 quod
2196 4727 2489 4781 Sahhatum
2520 4729 2773 4789 solveret,
2796 4728 2915 4780 ideo
2945 4730 3108 4782 instat
3140 4745 3153 4780 :
3183 4728 3288 4782 Lex
3320 4731 3484 4782 dicit:

1916 4818 2034 4871 Non
2058 4820 2302 4882 occides;
2345 4835 2439 4872 vos
2483 4829 2662 4871 autem
2699 4820 2970 4872 occiditis.
3014 4819 3338 4873 Omittcuti-s
3386 4822 3488 4889 igi-

1913 4923 1999 4964 tur
2033 4927 2127 4966 vos
2160 4913 2307 4980 ipsos
2333 4914 2728 4974 condemnare,
2771 4912 2839 4964 de
2871 4913 2972 4966 hoc
3009 4928 3092 4964 me
3129 4914 3396 4967 iucusatis
3429 4923 3489 4967 ut

1911 5005 2230 5058 violatorem
2265 5005 2421 5072 legis.
2449 5008 2578 5074 quia
2604 5006 2790 5058 sanari
2827 5006 3130 5059 hominem.

230 4911 459 4973 ἑαυτοὺς
492 4912 898 4978 καταδικάζειν,
933 4915 1062 4983 περὶ
1107 4914 1299 4967 τούτου
1352 4917 1474 4983 ἐμοὶ
1526 4915 1803 4980 ἐγκαλεῖτε

229 5003 302 5056 ὼε
361 5003 757 5073 παραϐαίνοντι
811 5003 902 5056 τὸν
953 5005 1119 5074 νόμον
1181 5007 1262 5058 ὃτι
1305 5007 1682 5077 τεθεράπευκα
1715 5009 1807 5060 ἄν·

229 5096 258 5146 0
267 5114 344 5164 {An
353 5113 466 5147 πον.

300 5188 365 5240 Τί
397 5189 544 5254 λέγει
575 5188 688 5250 καὶ,
722 5191 821 5241 Διὰ
849 5189 904 5240 τί
933 5187 1062 5257 Heg.
1099 5190 1201 5241 Διὰ
1232 5188 1426 5261 τοῦτο]
1463 5190 1684 5258 Μωσῆς
1711 5192 1804 5244 δέ·

226 5279 419 5331 δωκεν
450 5279 593 5346 ὑμῖν
637 5279 750 5346 τὴν
784 5279 1130 5348 περιτομὴν,
1186 5283 1297 5348 οὐχ
1321 5281 1411 5333 ὅτι
1444 5283 1512 5334 ἐκ
1543 5282 1647 5334 τοῦ
1677 5285 1805 5335 Mu-

227 5371 382 5435 σέως
409 5372 598 5433 ἐστὶν,
624 5370 841 5424 ἁλλ’ὲκ
866 5369 1288 5438 τῶνπατέρων;
1325 5373 1382 5424 ’0
1411 5373 1534 5433 νοῦς
1563 5373 1803 5434 τοιοῦτός

227 5468 345 5517 ἐστι
380 5481 394 5494 ο
432 5465 532 5517 Διὰ
588 5464 661 5526 τί,
722 5466 906 5533 φησιν,
964 5464 1139 5526 οὐδεὶς
1185 5465 1472 5518 ἐνεκάλεσε
1519 5467 1711 5518 Μωσεί
1764 5467 1797 5532 ἦ

225 5557 492 5626 ὴπείθησε
549 5557 827 5611 κελεύοντι
873 5559 962 5611 διά
1007 5558 1104 5627 τὴν
1143 5559 1449 5628 περιτομὴν
1488 5559 1710 5612 λύεσθαι
1741 5560 1802 5612 τὸ

226 5650 546 5716 Σάϐϐατον;
594 5651 843 5719 Δηλονότι
906 5651 979 5712 ὡς
1022 5649 1322 5712 Σαῦὸάτου,
1351 5651 1449 5721 τῆς
1493 5652 1801 5720 περιτομῆς

225 5742 391 5805 οὔσης
426 5743 788 5811 κυριιιιτέρας,
829 5743 1006 5795 καίτοι
1039 5744 1137 5794 οὐκ
1165 5742 1310 5794 ἔστιν
1347 5744 1410 5795 ἐκ
1436 5742 1530 5796 τοῦ
1555 5745 1798 5805 Μωσέως

227 5837 259 5903 ἡ
283 5836 770 5904 πίριτομή.’1“λ·;τι
807 5835 859 5888 δὲ
890 5836 1040 5903 ἔλεγε
1075 5836 1246 5889 θέλων
1267 5837 1463 5903 δεῖξαι,
1491 5839 1573 5890 ὃτι
1612 5840 1798 5906 μεῖξον

1986 5192 2149 5246 Vsus.
2183 5193 2273 5245 ‘29..
2309 5191 2449 5256 Quid
2508 5192 2686 5244 dicit:
2745 5191 3031 5259 Propterea
3085 5191 3291 5260 Moyses
3341 5192 3484 5244 dedit

1908 5287 2048 5339 uobis
2101 5284 2697 5343 cinumcisiouvm,non
2749 5287 2871 5351 quia
2931 5299 2996 5337 ea:
3055 5284 3232 5353 Moyse
3255 5295 3352 5344 est,
3392 5285 3482 5336 sed

1906 5395 1970 5431 ea:
1995 5378 2276 5446 patribus?
2302 5375 2510 5430 Sensus
2534 5376 2655 5429 talis
2679 5387 2764 5429 est
2795 5394 2806 5428 :
2838 5376 2968 5438 Cur,
2988 5375 3082 5438 ait,
3105 5391 3260 5429 nemo
3289 5391 3486 5444 expro-

1907 5471 2081 5524 hravn
2105 5468 2270 5538 Moysi
2295 5508 2309 5529 ,
2338 5478 2431 5520 aut
2455 5468 2672 5520 obedire
2696 5467 3109 5533 abnuitjuhenti
3134 5482 3228 5535 per
3249 5468 3482 5521 circurn-

1904 5565 2164 5618 cisioncm
2199 5561 2334 5615 solvi
2379 5561 2718 5615 Sahhatum?
2751 5560 3040 5614 Evidenter
3066 5565 3210 5630 quod
3242 5561 3482 5614 Sahhato

1905 5658 2076 5727 major
2113 5664 2201 5708 est
2233 5655 2601 5711 circumcisio,
2639 5662 2881 5707 attamen
2936 5669 3042 5706 non
3099 5663 3181 5706 est
3222 5669 3250 5705 a
3291 5655 3481 5723 Moyse

1903 5745 2271 5798 ('il‘t'lllllt'isio.
2305 5743 2426 5796 Haec
2458 5755 2636 5796 autem
2663 5743 2800 5796 dixit
2830 5752 2887 5794 ut
2914 5743 3229 5797 ostenderet
3255 5759 3311 5796 se
3341 5759 3481 5810 opus

1902 5839 2320 5894 circumcisione
2353 5837 2528 5905 majus
2565 5836 2774 5890 fecisse.
2806 5832 3042 5888 Dii-endo
3096 5845 3275 5888 autem
3307 5848 3477 5886 totum
