4212 6432
250 380 388 442 1953

825 492 1078 545 KE'I'AA.
1113 490 1194 545 Il'.

313 625 410 676 Διὰ
441 623 489 674 τί
519 622 662 688 λέγει
688 621 770 683 τὸ,
849 619 994 688 Ἐγώ
1022 621 1136 688 ειμι
1163 619 1226 672 τὸ
1258 617 1382 685 φῶς
1414 620 1518 672 τοῦ
1545 621 1811 687 κόσμους

260 714 477 783 Ἐπειδὴ
503 712 689 780 ἔλεγον
722 711 884 764 αὑτὸν
931 713 994 763 ἐκ
1041 712 1142 780 τῆς
1188 710 1475 771 Γαλιλαίας
1504 707 1664 776 εἶναι,
1695 713 1816 764 ἐπι-

247 805 426 874 φέρει,
440 805 522 856 ὃτι
538 803 650 856 οὐκ
671 803 728 869 ἐξ
746 804 914 872 αὐτῆς
944 803 1037 872 καὶ
1057 804 1116 855 οὐ
1140 802 1205 854 δι’
1231 801 1398 873 αὐτὴν
1421 798 1603 873 ἦλθον,
1629 805 1812 874 φησιν,

245 897 368 948 οὐδε
412 896 498 949 διὰ
529 895 624 966 τὴν
656 895 1040 964 Παλαιστίνην,
1089 895 1224 948 ἀλλὰ
1255 896 1341 948 διὰ
1371 895 1431 947 τὸ
1478 895 1571 949 τὸν
1601 897 1816 950 ἅπαντα

247 986 453 1052 κόσμον
509 985 762 1054 φωτίσαι.
816 987 890 1038 Τὸ
913 985 995 1047 δὲ,
1047 989 1130 1039 Οὐ
1181 985 1573 1054 περιπατήσει
1620 988 1690 1040 ἐν
1743 983 1817 1054 τῇ

247 1081 483 1144 σκοτίᾳ,
508 1081 628 1131 ἀντὶ⁸
659 1078 775 1140 τοῦ,
799 1079 890 1131 Ἐν
922 1083 985 1148 τῇ
1019 1080 1194 1150 πλάνῃ
1231 1083 1428 1133 κεῖται.

318 1171 415 1233 Τὸ,
457 1170 655 1238 ’Υμεῖς
684 1172 833 1224 κατὰ
871 1170 986 1238 τὴν
1012 1171 1208 1238 σάρκα
1238 1173 1488 1238 κρίνετε,
1526 1171 1587 1224 τὸ
1614 1171 1818 1233 ἀδίκως

249 1261 457 1330 κρίνειν
500 1261 669 1328 λέγει·
709 1261 958 1329 καθάπερ
987 1263 1080 1314 καὶ
1115 1262 1176 1314 τὸ
1216 1264 1356 1314 κατά
1391 1264 1570 1334 σάρκα
1605 1263 1726 1331 ζῇν,
1758 1262 1818 1313 τὸ

250 1355 466 1420 φαύλως
493 1354 613 1424 ζῇν.
648 1356 744 1408 Διά
796 1355 848 1408 τί
891 1354 1125 1423 ἀλλαχοῦ
1184 1354 1379 1419 λέγων,
1414 1356 1494 1408 ὅτι
1537 1356 1599 1408 '0
1620 1354 1820 1421 Πατὴρ

248 1451 436 1517 κρίνει
485 1450 727 1512 οὐδένα,
776 1451 940 1503 ἀλλὰ
969 1450 1083 1516 τὴν
1107 1450 1312 1519 κρίσιν
1349 1453 1554 1505 πᾶσαν
1599 1449 1819 1502 δέδωκε

247 1539 329 1603 τῷ
369 1538 495 1604 rio},
530 1539 763 1591 ἐνταῦθα
813 1539 984 1607 λέγει·
1043 1540 1191 1609 Ἐγὼ
1235 1542 1308 1594 οὐ
1335 1542 1514 1610 κρίνω
1555 1541 1817 1607 οὐδένας

250 1632 374 1685 Ὀτι
433 1633 593 1685 τοῦτο
639 1634 702 1685 οὐ
748 1634 875 1702 περὶ
920 1632 1014 1685 τοῦ
1053 1633 1337 1702 μέλλοντος
1389 1634 1536 1701 λέγει
1586 1636 1775 1707 καιροῦ
1803 1677 1818 1702 ,

250 1723 428 1775 ἐκεῖνο
452 1723 508 1776 δὲ
545 1726 672 1793 περὶ
702 1725 797 1793 τῆς
828 1724 1087 1794 δευτέρας
1119 1725 1439 1795 παρουσίας.

321 1816 506 1868 Εἰπὼν
547 1816 624 1877 δὲ,
679 1818 758 1869 ὅτι
786 1818 985 1881 Μόνος
1020 1820 1132 1870 οὐκ
1164 1817 1301 1886 ειμι,
1333 1818 1474 1872 ἀλλ’
1510 1817 1624 1885 ἐγὼ
1657 1819 1754 1872 καὶ
1789 1821 1822 1872 δ
1859 1862 1898 1916 Β

250 1908 494 1977 πέμψας
527 1925 603 1977 με
629 1909 850 1976 Πατὴρ,
891 1909 1185 1974 δείκνυσιν,
1225 1911 1306 1962 ὅτι
1355 1910 1466 1962 Οὐκ
1509 1910 1620 1977 ἐγὼ
1666 1912 1826 1982 μόνος

252 2001 600 2065 καταδικάζω
617 2003 781 2070 ὑμᾶς,
801 2001 937 2054 ἀλλά
954 2003 1048 2056 καὶ
1063 2002 1091 2054 6
1111 2004 1298 2074 Πατήρ
1363 2003 1421 2074 ἢ,
1442 2004 1528 2067 Ὠς
1557 2005 1686 2072 ἐγὼ,
1707 2004 1827 2057 οὐδὲ

252 2090 384 2156 ἐγὼ,
404 2091 449 2142 εί
468 2090 543 2161 μὴ
563 2089 635 2154 ὡς
655 2097 682 2144 ο
699 2092 908 2162 Πατήρ,
927 2093 1022 2143 Διά
1045 2092 1201 2144 τοῦτο
1219 2093 1310 2145 καὶ
1327 2094 1595 2163 ὲπίφερει,
1614 2094 1829 2158 ὃτι,Καὶ

251 2182 321 2232 ἐν
358 2180 436 2244 τῷ
476 2183 637 2249 νόμῳ
669 2179 748 2246 τῷ
788 2181 1048 2249 ὑμετέρῳ
1081 2182 1422 2251 γέγραπται,
1469 2175 1555 2236 ὅτι
1587 2185 1698 2238 δύο
1727 2185 1831 2238 ἁν-

254 2271 502 2338 θμὶιπων
529 2273 566 2338 ἠ
587 2273 880 2339 μαρτυρία
911 2271 1149 2339 ἀληθής
1180 2273 1369 2326 ἐστιν·
1405 2273 1438 2344 ἢ
1471 2272 1630 2325 τοῦτο
1660 2274 1826 2342 λέγει,

259 2366 343 2416 ἵνα
369 2364 518 2436 δείξῃ
556 2365 637 2417 ὅτι
665 2365 950 2434 ὁμοοίοσιος
973 2365 1068 2418 τοῦ
1105 2366 1316 2435 Πατρός
1353 2366 1523 2418 ἐστιν.

329 2457 371 2508 Τ
379 2458 394 2507 ί
421 2459 534 2509 ἐστι
563 2456 647 2518 τὸ,
680 2457 856 2510 Οὔπω
880 2457 1160 2522 ἐληλύθει
1187 2457 1226 2522 ἠ
1257 2455 1376 2522 ὥρα
1400 2456 1624 2520 αὑτοῦ;
1661 2456 1832 2509 Τοῦτό

257 2549 374 2599 ἐστι
403 2548 495 2612 τὸ,
527 2548 752 2602 οὐδέπω
783 2549 972 2619 καιρὸς
1003 2545 1071 2620 ἦν
1110 2549 1412 2619 ἐπιτήδειος
1453 2550 1575 2602 καθ’
1608 2549 1667 2603 ὃν
1707 2550 1831 2618 ἠθε-

261 2641 316 2692 λε
347 2641 749 2711 σταυρωθῆναι.

342 2750 431 2803 Ἐν
481 2750 559 2821 τῷ
605 2751 783 2820 λέγειν
824 2752 916 2805 τὸν
963 2753 1196 2823 Χριστὸν
1243 2751 1508 2822 συνεχῶς,
1552 2753 1632 2805 ὅτι
1685 2751 1834 2819 Ἐγὼ

259 2841 470 2911 ὑπάγω
498 2842 597 2895 καὶ
639 2841 923 2911 ᾧιτήσετέ
954 2861 1050 2912 με,
1089 2846 1178 2898 διὰ
1212 2845 1272 2897 τὸ
1313 2844 1624 2898 κατασείειν
1653 2844 1835 2898 αὐτῶν

261 2936 363 2995 τὰς
407 2934 606 3003 ψυχὰς,
657 2936 853 2987 ἐκεῖνοι
916 2935 1262 3005 ἐπιφέρουσι·
1315 2938 1468 3000 Μήτι
1520 2936 1841 2989 ἀποκτενεῖ

262 3025 516 3088 ἑαυτόνς
559 3026 653 3078 καὶ
698 3025 763 3077 τὰ
805 3025 965 3094 ἑξῆς·
1013 3027 1175 3088 αὐτὸς
1225 3028 1464 3097 ἀναιρῶν
1511 3029 1692 3081 αὐτῶν
1737 3029 1836 3099 τὴν

267 3116 522 3195 ὑποψίαν,
558 3118 742 3186 φησίνο
783 3118 969 3185 Ὑμεῖς
1001 3120 1070 3172 ἐκ
1101 3117 1218 3172 τῶν
1234 3119 1387 3172 κάτω
1417 3121 1579 3179 ἐστὲ.
1611 3121 1725 3190 ἐγὼ
1765 3123 1834 3176 ἐκ

1305 376 1631 437 SCIIOLIA
1676 375 1969 436 VETERA
2013 375 2094 433 IN
2126 374 2500 435 .IOANNEM.

3356 374 3490 440 1254

2502 485 2731 541 CAPUT
2771 487 2904 542 VIII.

2003 612 2160 668 Vens.
2208 616 2290 669 12.
2325 614 2588 669 Curdicit
2618 631 2632 666 :
2672 615 2779 683 Ego
2810 632 2926 668 sum
2974 615 3066 668 lux
3098 617 3318 671 mundi?
3356 633 3490 686 quo-

1926 706 2070 758 niam
2092 707 2342 759 dicebant
2364 722 2486 759 cum
2509 723 2536 759 a
2561 708 2942 769 Galilwacssc,
2968 709 3194 775 exponit
3208 725 3263 760 se
3287 725 3390 762 non
3423 725 3489 763 ex

1925 797 2014 850 illa
2041 813 2165 850 esse
2194 808 2289 850 aut
2307 796 2378 850 ob
2406 797 2553 849 illam
2581 798 3004 868 vcnisse,neque
3021 799 3090 852 ob
3115 800 3487 858 I’alzcstinam.

1926 891 2018 940 scd
2075 889 2140 940 ad
2192 887 2611 941 illuminandum
2667 890 2931 943 mundum
2987 891 3326 944 universum.
3370 891 3494 945 Non

1924 977 2220 1032 ambulabit
2245 983 2300 1032 in
2331 980 2579 1044 tenebris,
2612 980 2662 1034 id
2689 992 2793 1042 est,
2845 996 2953 1034 non
2987 984 3039 1036 in
3071 997 3258 1037 errore
3288 993 3490 1037 manet.

1997 1161 2164 1222 Vens.
2191 1165 2275 1219 15.
2301 1164 2402 1219 Vos
2437 1165 2724 1219 secundum
2755 1183 2961 1220 carnem
2978 1169 3260 1238 judicatis.
3294 1172 3366 1226 De
3402 1173 3488 1225 in-

1918 1257 2068 1324 justo
2089 1257 2297 1325 judicio
2326 1260 2489 1326 dicit;
2529 1261 2670 1314 sicut
2717 1264 3012 1316 secundum
3043 1280 3262 1317 carnem
3289 1265 3491 1326 vivere.

1927 1352 2067 1402 male
2097 1351 2278 1402 vivere
2304 1351 2590 1418 signiﬁcat.
2625 1351 2736 1405 Cur
2762 1353 2898 1406 alias
2923 1355 3141 1419 dicens;
3176 1357 3299 1425 quia
3334 1357 3495 1410 Pater

1925 1459 2024 1495 non
2047 1442 2257 1510 judicot
2278 1459 2607 1512 quemquam,
2633 1453 2721 1497 sed
2750 1461 2901 1498 omne
2921 1446 3184 1513 judicium
3215 1450 3359 1502 dedit
3399 1449 3494 1502 Fi-

1928 1532 2036 1595 lio;
2062 1534 2133 1586 ibi
2165 1535 2297 1587 dicit
2332 1536 2480 1604 :Ego
2507 1553 2606 1588 non
2633 1539 2818 1604 judico
2853 1543 3203 1607 quemquam?
3227 1543 3350 1609 quia
3393 1543 3495 1597 hoc

1928 1637 2036 1676 non
2068 1624 2136 1677 de
2166 1623 2350 1680 futuro
2380 1638 2624 1696 tempore
2655 1629 2806 1694 dicit,
2851 1630 2981 1683 illud
3008 1647 3136 1685 vero
3161 1631 3229 1685 dc
3257 1637 3493 1689 secundo

1927 1714 2184 1770 adventu.

2003 1804 2163 1862 VERS.
2200 1809 2288 1863 16.
2323 1808 2556 1864 Diceudo
2588 1829 2601 1864 :
2636 1809 2794 1866 Solus
2819 1829 2918 1865 non
2945 1829 3084 1874 sum,
3111 1815 3201 1866 sed
3217 1830 3310 1883 ego
3324 1825 3374 1868 et
3405 1818 3496 1884 qui

1931 1903 2070 1955 misit
2105 1920 2183 1956 me
2220 1902 2400 1969 Pater,
2433 1907 2670 1958 ostendit
2711 1908 2861 1976 quia,
2894 1906 3009 1960 Non
3041 1923 3143 1975 ego
3181 1911 3331 1963 solus
3357 1926 3492 1964 con-

1929 1994 2126 2048 demno
2159 2011 2275 2059 vos,
2294 1997 2385 2049 sed
2414 1997 2576 2050 etiam
2604 1997 2760 2050 Pater
2799 2015 2812 2065 ;
2852 1999 2932 2052 vel
2964 1997 3031 2052 Ut
3061 2015 3160 2069 ego
3186 2042 3200 2062 ,
3234 2017 3340 2052 non
3371 2019 3493 2071 eg»,

1930 2087 2035 2139 nisi
2068 2095 2126 2139 ut
2155 2086 2329 2143 Pater.
2363 2091 2726 2155 Quamobrem
2760 2099 2814 2143 et
2877 2092 3100 2159 subjicit
3148 2093 3311 2161 quod,
3342 2091 3408 2144 Et
3445 2095 3497 2146 in

1929 2182 2036 2247 lege
2070 2191 2237 2233 vestra
2271 2184 2522 2248 scriptum
2543 2193 2619 2235 est
2650 2185 2774 2252 quia
2795 2184 3021 2236 duorum
3049 2186 3316 2236 hominum
3346 2187 3496 2239 testi-

1930 2277 2165 2324 monium
2203 2289 2374 2325 verum
2408 2287 2482 2327 est
2520 2291 2538 2338 ;
2574 2277 2651 2327 vel
2689 2278 2791 2328 hoc
2835 2277 2988 2342 dicit,
3047 2285 3104 2329 ttt
3141 2278 3393 2330 ostendat
3438 2293 3497 2330 se

1931 2365 2450 2418 Consttbstantialcm
2483 2367 2630 2420 Patri
2664 2382 2807 2420 esse.

2004 2456 2165 2511 Vens.
2209 2458 2280 2511 20
2332 2458 2469 2524 Quid
2511 2469 2616 2524 est,
2659 2458 2906 2511 Nondum
2934 2469 3140 2512 venerat
3172 2459 3303 2512 hora
3349 2461 3502 2528 ejus?

1934 2545 1988 2599 Id
2014 2555 2116 2609 est,
2143 2547 2382 2600 nondum
2415 2558 2626 2617 tcznpus
2659 2559 2776 2602 erat
2802 2558 3010 2617 aptum,
3046 2549 3098 2601 ιιι
3130 2565 3238 2618 quo
3280 2551 3498 2604 volebat

1933 2639 2198 2707 cruciligi.

2012 2742 2169 2799 Vsus.
2204 2746 2294 2798 2|.
2338 2747 2474 2799 Cum
2531 2746 2660 2802 dicit
2727 2746 3038 2816 Ireqnenter
3074 2747 3344 2812 Christus,
3392 2747 3501 2818 Ego

1936 2837 2069 2889 uado
2100 2850 2144 2890 et
2180 2840 2426 2907 qua'retis
2469 2855 2566 2902 me,
2604 2849 2661 2892 ut
2706 2841 2885 2892 anima
2921 2856 3110 2893 eorum
3141 2853 3501 2903 commoveat,

1940 2928 2026 2982 iSIi
2049 2929 2349 2998 subjiciunt
2387 2949 2399 2983 :
2425 2930 2675 3000 Nunquid
2717 2933 2994 3000 interﬁciet
3037 2950 3090 2986 se
3115 2934 3284 3000 ipsum
3310 2937 3333 2988 ?
3356 2943 3495 2998 ctc.;

1936 3029 1990 3074 et
2022 3021 2131 3084 illc,
2152 3032 2211 3075 ut
2236 3037 2425 3076 eorum
2463 3024 2801 3092 suSpiciones
2823 3026 3047 3086 adimat,
3080 3026 3211 3078 dicit
3239 3043 3250 3078 :
3299 3023 3397 3078 Vos
3442 3028 3506 3080 de

1937 3115 2180 3166 deorsum
2223 3117 2367 3179 estis,
2409 3133 2501 3184 ego
2549 3116 2610 3168 de
2658 3117 2896 3185 superuis
2939 3133 3074 3171 sum.
3121 3117 3277 3184 Quod
3310 3130 3491 3172 autem

267 3205 384 3258 τῶν
411 3208 532 3260 ἅνω
559 3209 697 3276 ειμι.
754 3211 818 3261 Ὃ
845 3211 902 3262 δὲ
949 3211 1118 3276 λέγει.
1146 3210 1387 3263 τοιοῦτόν
1417 3213 1586 3263 ἐστιν·
1648 3213 1837 3282 Ὑμεῖς
1864 3199 1907 3258 C

1834 3199 1907 3258 νο
1941 3205 2075 3258 dicit
2099 3205 2207 3258 tale
2232 3217 2315 3260 est
2343 3224 2357 3259 :
2388 3207 2490 3259 Vos
2529 3221 2653 3259 cum
2689 3223 2718 3260 e
2747 3207 2950 3263 mundo
2984 3209 3104 3265 sitis
3150 3221 3204 3264 et
3249 3211 3497 3264 homines

266 3299 334 3350 ἐκ
353 3298 446 3351 τοῦ
470 3299 674 3368 κόσμου
696 3299 847 3363 ὄντες
865 3301 957 3353 καὶ
976 3301 1250 3372 ἄνθρωποι
1272 3301 1594 3370 πεφυκότες,
1612 3303 1839 3358 τοιαῦτα

267 3391 569 3458 λογίζεσθε.

337 3485 402 3536 Τί
450 3483 727 3554 σημαίνει,
774 3483 857 3535 ὄτι
918 3483 1058 3536 Ἐὰν
1087 3484 1173 3554 μὴ
1204 3485 1572 3554 πιστεύσητε
1607 3484 1694 3540 ὅτι
1728 3486 1842 3557 ἐγώ

267 3579 404 3646 εἰμι,
431 3577 825 3631 ἀποθανεῖσθε
845 3579 914 3629 ἐν·
942 3580 1394 3647 ταῖς-ἁμαρτίαις
1414 3581 1583 3648 ὑμῶν
1605 3596 1624 3643 ;
1660 3580 1841 3632 Ἐπει-

268 3672 332 3738 δὴ
384 3668 547 3739 ἦλθεν
580 3670 665 3721 ἴνα
704 3668 808 3739 ἄρῃ
836 3670 935 3735 τὴν
963 3671 1235 3739 ἁμαρτίαν
1254 3673 1344 3724 τοῦ
1373 3672 1578 3740 κόσμου
1603 3713 1616 3735 ,
1646 3676 1839 3724 ἐκεῖνοι

267 3763 368 3813 οὐκ
405 3760 673 3826 ἐδέξαντο,
708 3762 764 3825 ἐξ
801 3761 1046 3829 ἀνάγκης
1098 3762 1156 3812 ὲν
1195 3760 1422 3823 ταύταις
1465 3762 1662 3824 αὐτοὺς
1703 3762 1836 3813 ἀπο-

270 3856 453 3906 θανεῖν
483 3853 656 3920 λέγει.

354 3945 629 4015 Ἐρωτῶσι
658 3945 715 3998 δὲ
745 3944 927 3998 αὐτόν·
953 3945 1033 3998 Σὺ
1059 3945 1148 4009 τίς
1183 3939 1274 4006 si;
1311 3947 1338 3996 ὁ
1368 3943 1422 3995 δὲ
1443 3943 1800 4014 ἀποκρίνεται
1825 3961 1839 3974 ο

277 4037 398 4104 Τὴν
429 4036 626 4105 ἀρχὴν
658 4035 746 4088 ὅτι
779 4035 875 4088 καὶ
907 4033 1074 4088 λαλῶ
1109 4035 1270 4100 ὑμῖν.
1306 4033 1476 4086 Τοῦτο
1516 4033 1571 4085 δὲ
1602 4033 1843 4086 τοιοῦτόν

272 4133 442 4184 ἐστιν’
503 4128 722 4196 Ἐπειδὴ
757 4127 1014 4194 θαύματα
1053 4125 1146 4178 καὶ
1178 4126 1527 4178 διδασκαλίαν
1554 4125 1843 4186 ἀκούοντες

273 4225 367 4276 καὶ
397 4223 595 4285 ἰδόντες
637 4223 874 4291 ἐρωτᾶτε
920 4225 1001 4282 τίς
1049 4221 1186 4286 εἰμι,
1217 4219 1277 4271 τὸ
1313 4218 1447 4281 ὅλως
1480 4218 1697 4270 ἀκούειν
1735 4217 1844 4268 τῶν

271 4312 446 4378 λόγων
476 4311 582 4364 τῶν
619 4312 767 4381 ἐμῶν
803 4310 1007 4373 ἀνάξιοί
1057 4313 1200 4372 ἐστε,
1242 4309 1372 4378 μήτι
1410 4325 1472 4375 γε
1513 4310 1606 4361 καὶ
1657 4307 1844 4373 μαθεῖν

274 4406 356 4457 ὅτι
387 4405 497 4470 ἐγώ
523 4406 660 4472 εἰμι.
712 4403 899 4470 Ὑμεῖς
937 4402 1045 4472 γὰρ
1075 4401 1250 4454 πάντα
1288 4400 1640 4469 πειράζοντες
1676 4398 1844 4468 φθέγ-

275 4495 561 4563 γεσθε,ίνα
591 4511 656 4563 με
691 4495 764 4562 μὴ
791 4494 1070 4563 νομίσητε,
1099 4494 1179 4545 ὅτι
1207 4492 1445 4545 τοσαῦτα
1474 4492 1686 4544 ἀκούων
1715 4494 1846 4562 παρ’

275 4587 450 4654 ὑμῶν,
489 4587 554 4638 δι’
588 4585 870 4638 ἀσθένειαν
906 4585 1004 4637 οὐκ
1038 4584 1353 4654 ἐξέρχομαι,
1386 4583 1417 4652 ἦ
1445 4584 1528 4635 ὅτι
1595 4584 1695 4637 οὐκ
1733 4581 1847 4637 οῖδα

277 4680 431 4748 ὑμῶν
454 4678 551 4733 τὰς
580 4678 837 4739 διανοίας,
874 4677 980 4728 ἰδοὺ
1009 4677 1149 4745 λέγω
1177 4677 1303 4746 ὑμῖν
1333 4678 1410 4730 ὅτι
1442 4676 1674 4746 δύναμαι
1706 4677 1850 4747 ὑμᾶς

275 4772 509 4839 ἑλέ-[ξαν
539 4771 638 4823 οὐκ
677 4771 889 4835 ἐλέγξαι
934 4770 989 4821 δὲ
1026 4770 1205 4838 μόνον,
1242 4770 1376 4821 ἀλλὰ
1436 4771 1524 4822 καὶ
1584 4771 1848 4822 κολάσαι·

274 4864 432 4916 τοῦτο
460 4863 568 4932 γάρ
611 4864 727 4913 ἐστι
753 4865 811 4913 τὸ
837 4902 850 4923 ,
881 4861 1084 4914 Πολλὰ
1114 4861 1230 4928 ἔχω
1265 4862 1478 4915 λαλεῖν
1522 4862 1655 4928 περὶ
1686 4860 1851 4928 ὑμῶν

279 4956 377 5009 καὶ
431 4955 677 5021 κρίνειν.
735 4953 937 5022 Τῷδὲ,
975 4952 1168 5005 Ταῦτα
1207 4953 1376 5005 λαλῶ
1427 4955 1510 5017 εἰς
1565 4951 1674 5004 τὸν
1746 4952 1848 5002 κό-

278 5063 460 5116 σμον,
493 5045 763 5116 ἐδήλωσεν
796 5045 876 5096 ὅτι
903 5045 980 5104 εἰς
1008 5044 1076 5094 τὰ
1105 5043 1230 5111 ἔθνη
1277 5043 1479 5110 μέλλει.

349 5160 414 5212 Τί
449 5161 594 5211 ἐστιν
644 5158 672 5210 ὃ
707 5157 874 5224 λέγει,
905 5157 982 5209 ὅτι
1019 5155 1227 5207 Ὅτ’ἂν
1257 5155 1539 5222 ὑψώσητε
1569 5154 1661 5206 τὰ
1715 5155 1854 5208 Υἱῶν

277 5254 384 5306 τοῦ
410 5251 745 5320 ἀνθρώ-του,
787 5251 918 5302 τότε
966 5250 1273 5316 γνώσεσθε
1313 5247 1402 5300 ὅτι
1440 5247 1552 5316 ἐγώ
1600 5249 1749 5314 εἱμι;
1786 5248 1852 5299 "O

278 5345 426 5412 λέγει
457 5344 696 5396 τοιοῦτον
758 5343 922 5393 ἐστιν·
948 5342 1029 5394 ὅτι
1075 5341 1183 5407 εγώ
1221 5341 1332 5407 εἰμι
1364 5341 1391 5390 ὁ
1419 5338 1544 5401 Υἱὸς
1571 5337 1663 5390 τοῦ
1695 5336 1848 5392 Θεοῦ.

351 5455 447 5507 Διά
473 5457 525 5507 τί
547 5454 893 5523 ἐπισημαίνει
921 5455 947 5504 ὁ
973 5450 1398 5519 Εὑαγγελιστὴς,
1427 5449 1599 5517 λέγων
1617 5465 1629 5479 ·
1665 5448 1854 5502 Ταῦτα

277 5547 464 5601 αὐτοῦ
492 5545 848 5611 λαλοῦντος,
879 5544 1097 5597 πολλοὶ
1127 5544 1502 5596 ἐπίστευσαν
1527 5544 1612 5605 εις
1634 5542 1847 5603 αὐτόν,

280 5643 413 5694 Ποῖα
465 5638 673 5702 ταῦτα;
722 5637 790 5690 τὰ
827 5638 1054 5689 ταπεινᾶ
1096 5638 1338 5706 ῥήματα.
1392 5637 1561 5700 Ποῖα;
1595 5628 1718 5687 Οίον
1764 5631 1850 5696 τὸ,

293 5731 412 5785 Ἀπ’
442 5731 700 5799 ἐμαυτοῦ
728 5729 896 5783 λαλῶ
936 5730 1137 5792 οὐδὲν,
1179 5730 1316 5797 ὅπερ
1351 5729 1410 5780 τὸ
1448 5726 1561 5779 ἴσον
1597 5727 1730 5796 πρὸς
1761 5726 1851 5776 τὸν

284 5825 495 5887 Ιῐατέρσ
529 5825 804 5890 σημαίνει·
841 5825 1038 5874 ἐκεῖνοι
1086 5822 1141 5874 δὲ
1177 5822 1234 5874 τὸ
1269 5821 1486 5873 ἔλαττον
1516 5819 1716 5872 νοοῦσι’
1760 5819 1854 5870 καὶ

1942 3309 2158 3364 natura,
2184 3299 2308 3351 talia
2333 3299 2605 3367 cogitatis.

2012 3479 2179 3536 Vens.
2213 3481 2303 3535 2L
2335 3483 2474 3547 Quid
2500 3482 2768 3551 signiﬁcat
2797 3501 2807 3536 :
2835 3483 3014 3537 Sinon
3035 3485 3360 3539 crediacritis
3385 3487 3509 3556 quia

1941 3591 2033 3644 ego
2062 3591 2199 3637 sum,
2237 3576 2532 3626 moriemini
2560 3577 2612 3626 in
2639 3578 2864 3643 peccatis
2900 3579 3120 3629 vestris?
3141 3580 3396 3646 quoniam
3423 3596 3512 3634 ve-

1943 3669 2020 3720 nit
2053 3675 2110 3720 ut
2141 3669 2356 3721 tolleret
2387 3679 2668 3736 peccatqu
2703 3669 2910 3729 mundi.
2941 3679 2994 3722 ct
3024 3670 3110 3723 isti
3138 3686 3244 3723 nou
3283 3687 3506 3740 reccpc-

1943 3769 2089 3822 runt,
2111 3761 2422 3814 tteccssazio
2449 3761 2501 3813 ιιι
2528 3770 2748 3829 peccato
2783 3762 2906 3815 illos
2935 3766 3230 3816 morituros
3253 3764 3405 3818 dicit.

2020 3941 2181 3996 Vens.
2213 3942 2302 3996 ΞΒ.
2336 3942 2675 4012 lnterrogaut
2721 3955 2900 3997 autent
2931 3961 3054 3999 eum
3102 3964 3114 3998 :
3164 3944 3239 3998 Tu
3265 3947 3382 4016 quis
3419 3947 3518 4001 es.’

1945 4039 2464 4107 respondetautcm:
2489 4040 2841 4108 Principium,
2870 4040 3008 4109 quod
3056 4051 3100 4093 et
3138 4041 3322 4110 loquor
3348 4045 3515 4099 vobis.

1943 4133 2000 4186 Id
2032 4143 2210 4185 autem
2245 4133 2350 4185 tale
2386 4143 2468 4185 est
2504 4151 2516 4186 :
2545 4133 2813 4198 Quoniam
2840 4134 3102 4186 miracula
3135 4143 3188 4185 et
3213 4137 3512 4188 doctrinam

1946 4222 2227 4275 audientes
2250 4229 2301 4274 ct
2330 4221 2576 4276 videntes
2611 4223 2957 4291 interrogatis
2987 4225 3109 4289 quis
3133 4223 3256 4286 sint,
3287 4226 3515 4276 omnino

1947 4315 2136 4366 audire
2163 4313 2324 4365 verba
2362 4328 2478 4366 mea
2516 4314 2720 4382 indigni
2755 4314 2908 4378 estis,
2946 4329 3119 4382 neque
3143 4314 3356 4367 discere
3384 4315 3515 4383 quid

1947 4421 2046 4470 ego
2074 4407 2196 4458 sim.
2238 4405 2343 4457 Vos
2372 4407 2517 4457 enim
2552 4406 2735 4458 omnia
2757 4415 3028 4458 tentantes
3061 4405 3264 4469 dicitis,
3315 4422 3382 4458 ne
3415 4422 3517 4476 pu-

1952 4499 2077 4550 tetis
2107 4512 2190 4549 me
2245 4506 2388 4549 tanta
2427 4511 2455 4547 a
2505 4497 2661 4550 vobis
2689 4497 3024 4562 audientem,
3055 4512 3146 4564 per
3176 4496 3520 4550 imbecillita-

1954 4602 2058 4645 lcm
2095 4606 2199 4643 non
2228 4591 2398 4644 abire.
2427 4589 2520 4643 Vel
2551 4590 2676 4658 quia
2708 4605 2814 4642 non
2846 4590 2959 4643 scio
2994 4600 3205 4643 vestras
3233 4589 3518 4658 cogitatio-

1954 4703 2068 4747 ltus,
2092 4699 2218 4737 ecce
2247 4683 2368 4735 dico
2397 4684 2548 4734 vobis
2579 4698 2661 4735 me
2693 4695 2852 4749 posse
2881 4696 2976 4734 vos
3020 4683 3381 4747 convincere;
3410 4696 3519 4733 non

1955 4789 2157 4830 tantum
2197 4785 2374 4827 autem
2400 4774 2744 4835 conxincerc,
2772 4774 2864 4823 sed
2890 4781 2941 4824 et
2967 4773 3253 4840 castigare.
3289 4771 3342 4824 Id
3372 4773 3517 4824 cnim

1953 4879 2066 4920 est:
2102 4865 2273 4919 .‘Iulta
2303 4865 2466 4917 habeo
2491 4865 2553 4917 de
2581 4864 2722 4916 vobis
2751 4864 2893 4932 loqui
2923 4863 3260 4931 eLjudicare;
3284 4871 3334 4914 et
3358 4878 3369 4913 :
3397 4863 3516 4922 hoc.

1955 4956 2163 5028 Loquor
2202 4957 2255 5008 in
2311 4957 2532 5017 mundo,
2564 4956 2801 5010 ostendit
2839 4971 2897 5008 se
2933 4955 2985 5008 in
3019 4955 3269 5021 gentibus
3307 4955 3520 5008 loeutu-

1955 5065 2073 5102 l’lllll
2104 5064 2244 5102 €556.

2030 5156 2192 5211 Vsus.
2228 5158 2315 5212 28.
2352 5157 2489 5222 Quid
2524 5169 2606 5210 est
2632 5157 2772 5226 quod
2807 5157 2934 5210 dicit
2962 5174 2974 5209 :
3001 5156 3132 5210 Cum
3162 5154 3522 5206 exal‘averitis

1956 5248 2161 5302 Filium
2207 5250 2455 5311 hominis,
2505 5258 2627 5300 tunc
2681 5249 3000 5317 cognoscetis
3055 5246 3179 5314 quid
3229 5261 3322 5313 ego
3378 5245 3521 5298 sint?

1955 5342 2098 5411 quod
2131 5341 2261 5394 dicit
2293 5343 2397 5392 taic
2426 5347 2509 5393 est
2541 5358 2551 5393 :
2580 5339 2716 5405 Quia
2744 5354 2844 5408 ego
2875 5355 2993 5392 sum
3031 5336 3202 5390 Filius
3239 5338 3350 5389 Dei.
3464 5334 3466 5336 ’

2027 5447 2188 5502 Vens.
2222 5447 2310 5502 30.
2337 5446 2446 5500 Cur
2476 5457 2742 5501 memorat
2780 5448 3112 5517 evangelista
3137 5446 3326 5499 dicens
3354 5462 3367 5496 :
3400 5445 3524 5497 tlte:

1954 5541 2049 5595 illo
2082 5541 2343 5609 loquente,
2377 5541 2530 5592 multi
2576 5539 2910 5593 crediderunt
2943 5540 2996 5590 in
3035 5538 3194 5591 eum?
3215 5536 3346 5601 Quae
3377 5536 3524 5588 hac?

1957 5635 2182 5688 humilia
2211 5635 2382 5688 dicta.
2417 5634 2585 5698 Quae?
2617 5635 2846 5697 scilicet,
2889 5636 2928 5686 Α
2956 5650 3036 5686 me
3067 5634 3180 5699 ipso
3209 5649 3310 5684 non
3339 5633 3526 5693 loquor

1960 5724 2275 5793 quidquam,
2310 5725 2452 5794 quod
2486 5725 2851 5793 aequalitatem
2892 5739 3013 5777 cum
3042 5722 3197 5776 Patre
3228 5723 3519 5789 signiﬁcat.

1959 5816 2045 5870 Isti
2071 5832 2196 5869 vero
2229 5816 2638 5870 inl'crioritatem
2676 5815 3017 5885 intelligunt;
3046 5823 3101 5881 ct
3129 5815 3235 5878 ille,
3266 5830 3371 5866 nou
3401 5813 3524 5866 reli-
