4212 6432
251 403 384 471 1269

1312 403 1631 465 SCIIOLM
1675 403 1970 465 VE'I‘ERA
2017 405 2094 461 IN
2131 405 2509 465 JO.\N.\’E.\I.

3365 407 3502 472 1210

317 521 440 584 Πῶς
497 520 714 589 νοητέον
766 521 793 575 ὃ
839 519 991 575 εἶπεν
1048 521 1196 591 αὺτῳ
1245 525 1273 574 ὁ
1325 520 1581 591 Χριστὸς,
1615 523 1696 574 ὅτι
1757 523 1826 571 "0

2005 518 2163 572 Vens.
2219 521 2308 572 27.
2373 520 2658 586 Quomodo
2704 520 3112 588 intelligendum
3173 521 3320 589 (ιιι-δι]
3369 523 3503 577 dixit

246 614 456 678 ποιεῖς.
499 613 708 682 τάχιον
742 615 1048 678 ποίησον;
1082 615 1157 666 Οὐ
1205 612 1644 684 προστάσσοντός
1708 615 1822 665 ἐστι

245 706 425 766 τοῦτο,
450 706 585 758 ἀλλὰ
611 706 963 770 ὀνειδίζοντος
1000 707 1092 758 καὶ
1118 705 1573 777 εἱρωνευομένου.

312 796 433 859 Πῶς
461 797 622 860 αὐτὸς
673 797 937 860 κελεύων,
989 797 1063 866 μὴ
1129 798 1334 868 πήραν,
1371 796 1445 866 μὴ
1495 796 1715 865 χαλκὸν,
1751 795 1828 864 μὴ

249 888 445 957 ρἁδον
490 889 870 959 ἐπιφέρεσθαι,
908 889 1297 957 γλωσσόκομον
1341 889 1640 957 ἐπεφέρετο
1666 905 1679 950 ;
1709 888 1828 939 Ἵνα

251 979 514 1048 μάθωμεν
549 980 628 1033 ὅτι
660 982 754 1033 καὶ
787 981 877 1033 τὸν
925 981 1132 1048 σφόδρα
1162 980 1471 1048 ἀκτήμονα,
1512 978 1714 1047 πολλὴν
1745 978 1826 1030 δεῖ

249 1069 509 1138 πρόνοιαν
549 1073 656 1124 τῶν
689 1072 939 1140 πενήτων
972 1070 1272 1123 ποιεῖσθαι.

322 1163 420 1216 Διὰ
451 1163 505 1215 τί
539 1163 628 1216 τὸν
659 1164 849 1232 καιρὸν
873 1164 900 1215 ὁ
927 1163 1314 1233 εὖαγγελιστὴς
1358 1162 1506 1229 λέγει
1540 1177 1553 1191 ·
1615 1155 1734 1213 Ἦν
1764 1159 1827 1212 δὲ

252 1255 370 1319 νὺξ
404 1255 502 1308 ὅτε
551 1255 814 1322 ἐξῆλθεν
874 1256 1132 1320 Ἰούδας;
1170 1257 1286 1309 Ἱνα
1347 1256 1610 1324 μάθωμεν
1664 1255 1829 1309 αὑτοῦ

251 1352 354 1418 τὴν
407 1349 722 1420 ἰταμότητα,
757 1351 838 1404 ὃτι
889 1350 1011 1402 οὐδὲ
1060 1352 1088 1402 ὁ
1132 1350 1321 1420 καιρὸς
1373 1350 1536 1401 αὑτὸν
1568 1348 1691 1417 ἔσχε
1734 1347 1833 1417 τῆς

254 1442 454 1512 ὁρμῆς.

333 1535 525 1586 Ὅπου
571 1533 687 1602 ἐγὼ
713 1532 939 1600 ὑπάγω,
971 1532 1140 1601 ὑμεῖς
1180 1535 1251 1586 οὺ
1290 1532 1559 1584 δύνασθε
1603 1532 1829 1586 ἐλθεῖν.

259 1621 546 1673 Δεξκνυσιν
579 1623 660 1675 ὃτι
681 1624 710 1675 ό
748 1622 978 1684 θάνατος
1009 1621 1200 1682 αὑτοῦ,
1237 1621 1572 1690 μετάστασῑς
1603 1625 1686 1685 τίς
1716 1624 1835 1674 ἐστι

259 1714 353 1764 καὶ
387 1712 676 1782 μετάθεσις
702 1713 941 1783 ἀμείνων
975 1714 1054 1776 εἰς
1082 1715 1245 1766 τόπον
1287 1712 1514 1783 σώματα
1544 1713 1838 1782 δεχόμενον

262 1805 484 1874 φθαρτὰ
519 1806 624 1875 πρὸ
662 1806 755 1859 τοῦ
783 1807 1094 1860 ἀποθανεῖν.

1929 611 2002 664 illi
2037 610 2311 675 Christus,
2338 614 2491 678 Quod
2513 614 2645 682 facis
2669 614 2754 683 [ac
2779 616 2936 667 citius
2955 615 2978 667 ?
2999 614 3117 668 Non
3142 613 3386 679 iubentis
3403 627 3506 678 est,

1929 705 2022 757 Sed
2061 705 2446 774 exprobrantis
2477 717 2530 760 rt
2562 707 2862 762 irridentis.

2003 795 2166 850 Vens.
2221 797 2311 852 29.
2353 795 2642 862 Quomodo
2676 799 2764 852 ille
2820 799 3142 868 prmcipiens
3184 814 3249 850 ne
3299 813 3507 866 peram,

1930 905 2024 948 aes,
2057 891 2136 943 vel
2171 890 2424 943 baculum
2449 899 2661 959 gerant,
2695 891 2905 944 loculos
2933 890 3197 961 gerebat’
3227 888 3296 944 Ut
3334 891 3511 943 disca-

1933 999 2055 1037 nms
2087 982 2167 1035 vel
2187 983 2422 1035 maxime
2447 996 2699 1052 egenum,
2727 995 2979 1049 magnam
3000 980 3509 1051 habeatpauperum

1934 1072 2324 1143 providentiam
2363 1081 2639 1142 oportere.

2008 1161 2165 1216 Vens.
2229 1161 2316 1214 30.
2366 1160 2476 1214 Cur
2522 1169 2739 1228 tentpus
2766 1158 2900 1212 dicit
2946 1157 3280 1226 evangelista
3317 1175 3329 1210 :
3380 1156 3513 1210 Erat

1936 1261 2110 1304 autem
2147 1265 2251 1303 nos
2277 1249 2487 1317 quando
2523 1249 2683 1302 exivit
2729 1245 2902 1300 Jurlas
2928 1250 2951 1302 .’
2982 1246 3049 1300 Ut
3088 1248 3370 1301 discamus
3396 1246 3515 1312 ejus

1938 1342 2247 1401 audaciam,
2299 1337 2428 1405 quia
2488 1347 2702 1406 tempus
2756 1353 2863 1390 non
2923 1337 3073 1390 illum
3130 1352 3159 1388 a
3232 1334 3517 1404 proposito

1939 1431 2192 1487 detinuit.

2014 1522 2173 1576 Vens.
2211 1521 2302 1575 56.
2338 1517 2455 1583 Quo
2494 1537 2587 1589 ego
2625 1520 2779 1580 vado,
2811 1534 2896 1570 vos
2931 1533 3032 1569 non
3070 1516 3287 1584 potestis
3321 1514 3517 1577 venire;

1939 1617 2177 1669 ostendit
2222 1625 2453 1671 mortem
2515 1629 2670 1670 suam
2716 1628 2839 1667 esse
2886 1611 3178 1680 quemdam
3226 1606 3518 1662 transitum

1940 1717 1996 1762 et
2053 1708 2564 1762 transmutationem
2611 1704 2893 1759 meliorem
2937 1704 2989 1755 in
3050 1701 3230 1755 locum
3292 1711 3523 1766 corpora

1945 1797 2294 1867 recipientem
2347 1797 2723 1868 corruptibilia
2785 1803 3076 1862 antequam
3154 1797 3518 1843 morerentur.

331 1870 429 1947 Διά
463 1896 514 1949 τί
552 1870 733 1968 ἐρωτᾷ
780 1899 808 1951 ό
848 1898 1054 1966 Πέτρος
1082 1914 1096 1927 ’
1138 1900 1332 1965 Κύριε,
1379 1897 1498 1952 ποῦ
1551 1899 1838 1969 ὑπάγεις;

2018 1886 2181 1942 Vens.
2219 1889 2309 1943 57.
2359 1890 2472 1944 Cur
2523 1890 2826 1956 interrogat
2867 1883 3080 1944 Petrus,
3127 1879 3373 1940 Domine,
3423 1891 3524 1946 quo

231 1988 340 2039 -Οὑ
383 1989 1001 2060 τοσοῦτονιβουλόμενος
1046 1991 1261 2061 μαθεῖν,
1293 1991 1415 2044 ὅσον
1475 1993 1840 2064 ἀκολουθῆσαι

262 2079 352 2132 διὰ
381 2078 718 2150 θερμότητα.

882 2212 1129 2266 ΚΕΦΑΛ.
1179 2213 1274 2268 ω’.

343 2344 657 2396 Πιστεύετε
675 2345 758 2409 εις
785 2343 890 2396 τὸν
919 2344 1087 2408 Θεὸν,
1123 2346 1219 2398 καὶ
1240 2347 1327 2409 εἰς
1353 2345 1460 2413 ἐμὲ
1498 2346 1836 2399 πιστεύετε.

270 2433 346 2484 Τὸ
375 2431 662 2502 όμοούσιον
701 2431 870 2503 δηλοῖ.

344 2525 417 2576 Τὸ
454 2525 633 2592 λέγειν
664 2527 753 2579 τὸν
795 2527 1018 2598 Θωμᾶν,
1055 2529 1251 2592 Κύριε,
1276 2530 1386 2582 οὐκ
1423 2529 1677 2598 οἴδαμεν
1730 2528 1848 2582 πού

273 2617 546 2684 ὑπάγεις,
574 2618 681 2670 ἀπὸ
708 2618 909 2681 δειλίας
933 2619 1093 2671 τοῦτο
1119 2619 1287 2687 λέγει.

345 2711 436 2772 Τὸ,
470 2709 678 2774 Δεῖξον
711 2710 852 2779 ἡμῖν
901 2712 1006 2764 τὸν
1038 2713 1287 2780 Πατέρα,
1346 2713 1444 2766 καὶ
1477 2714 1650 2779 ἀρκεῖ
1687 2715 1850 2781 ἡμῖν,

276 2801 555 2869 αἰσθητοῖς
570 2801 870 2871 ὀφθαλμοῖς
897 2803 1026 2856 ὲὸόα
1057 2803 1215 2856 τοῦτο
1247 2804 1378 2856 ἰδεῖν
1407 2821 1420 2835 ·
1455 2805 1517 2868 ἐξ
1553 2800 1617 2858 οὗ
1656 2805 1684 2856 ὁ
1732 2806 1854 2868 Υἱὸς

278 2893 530 2960 ἐπιφέρει
570 2892 795 2956 τὸ,οὺ)ι
848 2893 1114 2961 ἔγνωκάς
1165 2912 1240 2962 με
1274 2909 1288 2923 ·
1347 2895 1504 2948 τοῦτο
1557 2897 1662 2966 γάρ
1709 2899 1856 2950 ἐστιν

277 2981 463 3048 αὖτδς,
498 2983 634 3054 ὅπερ
660 2983 808 3036 ἐστὶν
834 2985 862 3036 ό
905 2984 1118 3053 Πατήρ.

352 3072 450 3123 Διὰ
485 3071 538 3124 τί
568 3071 716 3140 λέγει
742 3089 756 3102 ·
799 3072 910 3126 Καὶ
950 3072 1146 3126 ἄλλον
1176 3073 1573 3141 Παράκλητον
1599 3073 1854 3143 aspersi;

281 3161 675 3232 Καταισχύνων
705 3164 798 3216 καὶ
818 3164 944 3226 τοὺς
970 3163 1064 3216 τοῦ
1082 3162 1369 3217 Σαῆελλίου
1385 3165 1478 3216 καὶ
1510 3164 1744 3233 ⁹Δρείου.
1769 3165 1859 3235 Τῷ

285 3254 384 3321 μὲν
408 3257 517 3325 γὰρ
549 3256 746 3319 εἰπεῖν,
763 3256 976 3320 ἄλλον,
1010 3256 1108 3326 τῆς
1148 3256 1494 3318 ὑποστάσεως
1526 3255 1589 3308 τὸ
1607 3257 1864 3326 διάφορον

282 3345 555 3398 δείκνυσιν
580 3362 594 3376 ο
648 3346 727 3415 τῷ
747 3346 812 3414 δὲ
841 3348 1038 3410 εἰπεῖν,
1076 3345 1492 3413 Παράκλητον,
1526 3349 1624 3417 τῆς
1676 3347 1864 3410 οὐσίας

285 3437 607 3507 1‘2690t0v'
662 3437 747 3491 ἵνα
790 3436 847 3490 δὲ
911 3439 986 3508 μὴ
1034 3439 1306 3507 νομίσωσι
1369 3437 1865 3509 σαρκωθησόμενον

289 3531 438 3592 αὐτὸ,
463 3531 713 3604 ἐπιφέρει
735 3547 750 3564 ο
787 3533 856 3585 "0
892 3534 924 3585 ὁ
951 3533 1179 3599 κόσμος
1220 3533 1290 3584 οὐ
1325 3529 1576 3584 δύναται
1607 3531 1818 3586 λαϐεῖν
1843 3549 1856 3563 ·

290 3623 322 3690 ἢ
357 3623 561 3692 κόσμον
592 3623 716 3684 τοὺς
747 3624 1018 3691 πονηροὺς
1049 3621 1222 3689 λέγει.

365 3714 567 3779 Εἰπὼν,
600 3716 680 3768 ὅτι
887 3713 958 3775 ζῶ
983 3714 1080 3768 καὶ
1117 3714 1284 3784 ὑμεῖς
1309 3714 1587 3780 ζήσεσθε,
1619 3715 1740 3784 οὐχὶ
1768 3717 1868 3786 τὴν

298 3808 601 3880 παροῦσαν,
637 3809 772 3865 ἀλλὰ
802 3811 898 3879 τὴν
931 3808 1232 3879 μέλλουσαν
1254 3808 1401 3876 λέγει
1431 3809 1598 3878 ζωήν.
1635 3810 1756 3861 Ὅτι
1786 3810 1865 3872 τὸ,

294 3900 496 3966 Καθὼς
529 3899 850 3954 ἀπέστειλέ
877 3917 972 3968 με.
1006 3900 1166 3965 κάγὼ
1213 3899 1572 3953 ἀποστέλλω
1606 3895 1781 3968 ὑμᾶς.
1811 3901 1872 3952 τὸ

296 3990 581 4058 όμοούσιον
639 3990 807 4060 δηλοῖ.
840 3989 902 4042 Ei
952 3991 1059 4059 7&9
1097 3991 1171 4060 μὴ
1226 3989 1398 4052 οὓτως
1452 3991 1585 4043 αὐτὸ
1629 3990 1872 4060 ἐκλαβών

303 4085 464 4153 μεθα,
506 4085 657 4138 οὐδὲν
681 4085 867 4137 διοίσει
895 4085 1003 4136 τῶν
1034 4083 1347 4137 ἀποστόλων
1374 4085 1398 4135 ό
1438 4084 1693 4153 Χριστός.

373 4176 438 4228 Ti
496 4179 610 4229 tm
654 4177 714 4230 τὸ
762 4177 1052 4245 λεγόμενον
1085 4191 1098 4206 ο
1135 4175 1328 4244 Κύρω,
1360 4176 1417 4229 τί
1472 4174 1741 4243 γέγονεν,
1778 4175 1870 4228 ὅτι

302 4266 446 4336 ἡμῖν
479 4267 721 4335 μέλλεις
778 4264 1117 4336 ἐμφανίζειν
1156 4265 1419 4320 σεαυτὸν
1459 4266 1558 4320 καὶ
1614 4267 1750 4334 οὐχὶ
1791 4264 1872 4330 τῷ

304 4362 547 4424 edam):
588 4360 866 4428 Ἐνόμιζον
918 4361 1052 4430 ὄναρ
1100 4359 1436 4430 ὀφθήσεσθαι
1489 4360 1754 4430 αὖτοῐς,ἢ
1801 4359 1876 4423 ὡς

304 4454 431 4514 τοὺς
463 4454 690 4522 νεκροὺς
724 4452 962 4522 ὁρῶμεν.

1948 1981 2277 2035 vadis?Non
2307 1982 2496 2036 volens
2553 1990 2760 2035 tantum
2814 1979 2980 2039 scire,
3041 1984 3307 2044 quantum
3370 1969 3526 2038 sequi

1947 2071 2017 2124 ob
2042 2087 2201 2126 suum
2241 2073 2518 2127 ardorem.

2503 2218 2732 2276 CAPUT
2799 2218 2932 2271 XIV.

2009 2355 2174 2408 Vens.
2229 2353 2274 2408 I.
2331 2350 2560 2405 Creditis
2620 2349 2671 2400 in
2739 2345 2926 2409 Deum,
2994 2355 3039 2396 et
3068 2345 3120 2396 in
3152 2359 3229 2395 me
3296 2340 3526 2402 credite;

1954 2444 2585 2506 consubstantialitatem
2621 2439 2880 2494 ostendit.

2028 2539 2187 2593 Vens.
2219 2537 2271 2590 5.
2302 2535 2501 2589 Dicens
2533 2533 2796 2594 Thomas,
2843 2529 3082 2588 Domine.
3117 2526 3378 2579 nescimus
3432 2539 3532 2592 quo

1957 2632 2130 2693 vadis,
2165 2644 2226 2683 ea
2256 2627 2552 2681 timiditate
2588 2624 2854 2693 loquitur.

2031 2721 2189 2775 Vens.
2219 2720 2272 2774 8.
2321 2716 2549 2772 Ostende
2586 2716 2733 2768 nobis
2781 2713 3016 2774 Patrem,
3055 2720 3101 2764 et
3141 2709 3326 2778 snﬂicit
3355 2708 3524 2760 nobis.

1956 2813 2342 2882 Corporalihus
2375 2807 2550 2865 oculis
2603 2807 2830 2877 rogabat
2857 2805 3060 2858 videre.
3113 2801 3188 2856 Es
3227 2818 3335 2870 quo
3366 2799 3540 2854 Filius

1960 2905 2202 2975 subjicit.
2257 2900 2378 2955 Non
2414 2899 2728 2970 eognovistis
2761 2913 2861 2964 nte,
2902 2897 3005 2950 hoc
3026 2904 3110 2948 est
3157 2893 3265 2955 ille,
3294 2890 3541 2961 quodest

1960 2997 2143 3051 Paltel'.

2035 3088 2200 3142 Vens.
2243 3087 2326 3143 16.
2363 3085 2473 3140 Cur
2523 3083 2697 3138 dicit:
2741 3080 2920 3133 Alium
2954 3077 3296 3132 Paracletum
3329 3075 3495 3127 mittet
3519 3075 3544 3126 .’

1966 3180 2318 3235 Conl‘nndens
2351 3175 2698 3231 Sabellianos
2735 3182 2786 3226 et
2821 3171 3083 3226 Arianos.
3124 3168 3365 3222 Dicendo
3392 3167 3537 3220 enim

1969 3273 2156 3334 alium,
2229 3283 2476 3338 persona:
2531 3265 2904 3320 diversitatem
2967 3261 3239 3326 ostendit;
3310 3259 3543 3314 dicendo

1967 3373 2145 3418 autem
2180 3359 2544 3424 Paracletum,
2590 3355 2917 3412 substantia:
2973 3351 3437 3415 similitudinem;
3488 3359 3545 3404 ut

1968 3471 2075 3509 non
2105 3461 2296 3524 putant
2321 3467 2445 3506 eum
2503 3451 2842 3504 incarnatum
2902 3460 3044 3510 esse,
3076 3441 3297 3508 subjieit
3328 3459 3339 3493 :
3379 3438 3545 3504 Quem

1970 3547 2197 3602 mundus
2236 3560 2337 3597 non
2388 3550 2557 3612 potest
2603 3540 2875 3608 accipere;
2911 3551 3007 3607 per
3065 3534 3328 3589 mundum
3376 3532 3549 3585 malos

1971 3640 2240 3709 designat.

2048 3732 2212 3785 Vens.
2248 3729 2332 3783 i9.
2376 3727 2608 3783 Dicenda
2649 3723 2803 3794 :Ego
2833 3722 2946 3775 vivo
2980 3730 3028 3775 et
3051 3736 3134 3774 vos
3189 3719 3390 3777 vivetis,
3441 3731 3547 3767 ttntt

1972 3825 2318 3884 prmsentem,
2368 3819 2460 3872 sed
2516 3814 2754 3869 futuram
2824 3811 2992 3865 vitam
3053 3809 3311 3878 loquitur.
3390 3804 3552 3859 Sicut

1975 3910 2121 3962 misit
2172 3925 2272 3974 me,
2321 3917 2370 3960 et
2438 3922 2530 3976 ego
2563 3907 2716 3958 mitto
2756 3921 2874 3964 vos,
2926 3898 3550 3957 consubstantialitatem

1976 4001 2239 4055 ostendit.
2285 3999 2340 4053 Si
2379 4001 2524 4054 enim
2568 4014 2675 4053 non
2710 3998 2782 4052 ita
2823 3998 2875 4051 id
2931 3995 3374 4064 intelligeremus,
3419 3989 3554 4044 nihil

1975 4092 2215 4149 diﬂ'crret
2248 4093 2316 4146 ab
2347 4092 2611 4160 apostolis
2643 4090 2924 4145 Christus.

2050 4184 2213 4238 V'sns.
2245 4183 2336 4236 22.
2365 4182 2506 4248 Quid
2540 4191 2624 4236 est
2669 4182 2813 4251 quod
2861 4181 3100 4234 dicitur:
3145 4178 3382 4236 Domine,
3429 4174 3554 4243 quid

1979 4277 2177 4346 factum
2201 4285 2300 4339 est,
2331 4276 2455 4344 quia
2484 4274 2632 4327 nobis
2661 4272 3108 4341 manifestaturus
3139 4286 3192 4323 es
3222 4279 3270 4322 te
3299 4270 3473 4335 ipsum
3507 4274 3556 4318 et

1980 4386 2080 4421 non
2144 4367 2387 4422 mundo?
2438 4367 2705 4420 Putabant
2761 4365 3033 4419 somnium
3093 4364 3310 4427 videre,
3369 4359 3453 4412 vel
3501 4367 3558 4411 ut

1983 4473 2228 4514 mortuos
2253 4460 2521 4514 videmus.

375 4545 501 4596 Ὂτι
530 4546 610 4607 τὸ,
650 4543 704 4596 Ὁ
735 4546 915 4613 λόγος
937 4544 1010 4597 ὃν
1037 4545 1340 4612 ἠκούσατε
1371 4547 1481 4598 οὐκ
1508 4544 1679 4598 ἔστιν
1709 4545 1847 4612 ἐμός

1949 4567 1954 4598 t
2053 4551 2216 4606 Vens.
2278 4552 2369 4605 Ἠ.
2408 4551 2591 4605 Sermo
2656 4566 2808 4619 quem
2853 4549 3081 4602 audistis
3138 4556 3341 4600 nonest
3392 4560 3558 4605 meus,

305 4633 468 4687 ἀλλὰ
520 4634 625 4687 τοῦ
684 4634 1034 4702 πέμψαντός
1087 4651 1160 4702 με
1203 4634 1451 4702 Πατρὸς,
1481 4635 1753 4688 δείκνυσιν
1795 4637 1874 4688 ὅτι

307 4726 461 4778 οὐδὲν
503 4726 606 4790 ἔξω
644 4727 735 4779 τοῦ
770 4727 982 4796 Πατρὸς
1015 4725 1340 4794 φθέγγεται.

392 4817 488 4879 Ti;
519 4820 546 4870 ὁ
581 4818 951 4887 πορευόμενος
999 4818 1132 4885 πρὸς
1159 4817 1249 4869 τὸν
1274 4818 1512 4888 Πατέρα,
1547 4813 1592 4871 ὦ
1657 4820 1877 4889 ’Δρειες

320 4911 382 4963 Ὀ
415 4909 546 4969 Θεὸς
598 4909 767 4976 Λόγος
797 4923 810 4939 ο
835 4910 950 4962 ἀλλ’
984 4910 1041 4961 ἐν
1069 4911 1178 4972 τοῖς
1221 4909 1443 4972 κόλποις
1485 4906 1554 4980 ἦν
1603 4911 1696 4963 καὶ
1734 4911 1882 4963 ἐστιν

312 5006 400 5056 ἀεὶ
448 5003 541 5056 τοῦ
596 5003 827 5072 Πατρός.
874 5001 939 5054 Ti
975 5002 1081 5072 7&9
1124 5003 1397 5073 ἐχωρίσθη
1451 5004 1704 5073 Πατρός;
1765 5005 1882 5055 ’⁸1να

317 5097 554 5167 πορευθῇ
609 5097 745 5165 πρὸς
790 5095 880 5148 τὸν
915 5095 1169 5166 Πατέρα·
1203 5097 1429 5162 ἐξέπεσε
1488 5098 1596 5150 τῶν
1643 5098 1882 5160 κόλπων,

319 5189 384 5240 ἵν’
413 5187 679 5257 ἐπανέλθῃ
711 5188 847 5256 πρὸς
881 5187 1125 5249 τούτους.
1159 5187 1223 5238 Ti
1245 5183 1335 5241 οὖν
1366 5190 1514 5242 ἐστιν
1541 5207 1557 5253 ;
1592 5190 1655 5241 'H
1688 5189 1882 5258 βλεπο-

319 5281 454 5346 μένη
478 5279 637 5346 φύσις
671 5279 806 5348 πρὸς
836 5279 925 5332 τὸν
966 5279 1178 5349 Πατέρα
1210 5280 1503 5351 πορεύεται
1542 5300 1551 5310 δ
1594 5283 1653 5336 τὸ
1686 5300 1888 5351 συγγε-

317 5373 406 5434 νὲς
436 5372 613 5442 ἡμῶν,
644 5371 706 5424 τὸ
741 5373 804 5424 ὲκ
846 5374 969 5443 γῆς,
1004 5373 1141 5443 πρὸς
1179 5373 1271 5426 τὸν
1310 5374 1368 5427 ὲν
1410 5374 1680 5445 οὐρανοῖς,
1715 5371 1888 5447 οὗπέρ

320 5467 437 5518 ἐστι
472 5465 672 5534 μείζων
701 5465 729 5517 ὁ
760 5466 975 5535 Πατήρ.
1005 5465 1216 5535 ’Ὠσπερ
1244 5466 1422 5519 τοίνυν
1464 5466 1635 5538 βραχύ
1669 5485 1722 5521 τι
1755 5470 1888 5540 παρ’

320 5557 585 5624 ἀγγέλους
641 5558 986 5625 ἠλαττῶσθαι
1041 5559 1350 5628 λεγόμενος,
1384 5560 1482 5612 οὐκ
1543 5560 1688 5613 ἔστιν
1739 5561 1892 5614 ὲλάτ·

323 5668 431 5701 των
493 5651 739 5716 ἀγγέλων
800 5651 882 5720 (τὸ
929 5651 1036 5722 γὰρ
1081 5651 1252 5722 βραχύ
1319 5670 1370 5704 τι
1439 5654 1570 5723 παρ’
1623 5655 1893 5723 ἀγγέλους

321 5743 701 5812 ἠλαττωμένον
734 5743 1001 5813 βλέπομεν
1044 5745 1248 5808 Ἰησοῦν
1287 5745 1372 5798 διὰ
1441 5747 1501 5798 τὸ
1535 5746 1759 5817 πάθημα
1802 5747 1894 5801 τοῦ

327 5835 559 5888 θανάτου
580 5852 596 5870 ο
626 5839 776 5904 καθὸ,
810 5839 993 5907 φησὶν,
1025 5838 1196 5891 εἵλετο
1233 5838 1461 5908 Χριστὸς
1491 5839 1720 5893 θανάτου
1765 5842 1892 5908 7s")-

1982 4645 2070 4699 sed
2101 4645 2213 4711 ejus
2239 4647 2328 4714 qui
2361 4645 2502 4698 misit
2534 4660 2612 4696 me
2642 4642 2844 4706 Patris,
2881 4642 3120 4694 ostendit
3150 4655 3209 4694 se
3245 4638 3380 4692 nihil
3404 4645 3559 4690 extra

1983 4734 2197 4788 Patrem
2225 4737 2424 4789 dicere.

2055 4826 2219 4881 Vens.
2251 4828 2342 4880 ‘28.
2377 4826 2514 4891 Quis
2555 4827 2701 4880 vadit
2745 4826 2811 4879 ad
2862 4824 3098 4886 Patrem,
3141 4838 3173 4874 ο
3214 4820 3387 4875 Arie?
3422 4819 3563 4875 Dens

2002 4923 2274 4987 Verbum;
2328 4925 2420 4976 sed
2478 4923 2531 4976 in
2585 4923 2706 4977 sinu
2746 4922 2922 4977 Patris
2949 4929 3068 4972 erat
3096 4928 3150 4973 et
3187 4926 3272 4973 cst
3329 4932 3563 4983 semper.

1985 5017 2122 5081 Quid
2179 5015 2323 5069 enim
2382 5016 2632 5069 avulsum
2701 5024 2844 5069 esta
2919 5011 3117 5065 Patre?
3152 5010 3222 5064 Ut
3275 5009 3438 5063 vadat
3498 4997 3562 5061 ad

1992 5108 2200 5163 Patrem
2228 5126 2240 5160 :
2266 5124 2292 5159 τι
2314 5108 2434 5162 sinu
2462 5108 2729 5162 abscessit
2765 5117 2822 5160 ut
2858 5107 2922 5160 ad
2947 5106 3127 5160 sinum
3157 5103 3380 5156 rediret.
3416 5100 3559 5166 Quid

1989 5210 2072 5254 est
2108 5200 2308 5270 igitur?
2349 5200 2575 5253 visibilis
2615 5211 2809 5252 natura
2851 5199 2917 5252 ad
2959 5195 3169 5249 Patrem
3212 5193 3362 5248 vadit
3389 5195 3564 5261 ;qnod

1994 5300 2078 5344 est
2108 5299 2394 5358 cognatum
2422 5290 2601 5351 nobis,
2639 5291 2782 5358 quod
2812 5297 2898 5342 est
2927 5304 2956 5342 e
2986 5297 3150 5347 terra,
3185 5282 3250 5336 ad
3293 5283 3444 5335 illum
3474 5282 3566 5349 qui

1996 5393 2079 5435 est
2112 5382 2164 5435 in
2197 5381 2368 5443 cmlis,
2409 5397 2517 5435 non
2559 5391 2738 5434 tamen
2770 5381 2928 5434 Pater
2977 5377 3152 5446 major
3177 5383 3295 5439 est;
3329 5382 3385 5425 nt
3408 5372 3571 5442 igitur

2000 5476 2090 5543 qui
2125 5475 2281 5544 paulo
2333 5473 2515 5527 minor
2559 5473 2765 5542 angelis
2815 5471 3040 5526 ell'ectns
3091 5483 3212 5522 esse
3261 5466 3438 5519 dictus
3467 5472 3570 5525 est.

2003 5583 2109 5621 non
2146 5565 2352 5634 angelis
2389 5566 2568 5618 minor
2586 5575 2689 5628 est,
2724 5579 2846 5616 nam
2874 5562 3036 5632 paulo
3066 5560 3330 5614 minorem
3361 5555 3573 5621 angelis

1997 5659 2268 5718 etii-ctum,
2322 5657 2569 5712 videmus
2623 5656 2806 5711 Jcsum
2864 5671 2958 5724 per
3005 5657 3312 5725 passionem
3359 5651 3571 5704 mortis.

1999 5751 2136 5815 Quia
2191 5749 2350 5817 cli-git
2408 5749 2658 5802 Christus
2716 5760 2943 5802 mortem
3010 5755 3254 5814 gustare,
3316 5748 3402 5799 cui
3459 5757 3567 5795 non

2003 5842 2325 5912 participant
2372 5841 2586 5909 angeli;
2641 5842 2710 5894 ita
2760 5857 2818 5897 se
2850 5839 3111 5893 minorem
3167 5839 3330 5896 Patre
3364 5839 3574 5896 dicem.
