  <div class='ocr_page' id='page_1' title='image "/cluster/home/n/w/nwhite01/storage/ocr_20150623/106/nnc1.0046979980/679.png"; bbox 0 0 4212 6432; ppageno 0'>
   <div class='ocr_carea' id='block_1_1' title="bbox 726 361 860 423">
    <p class='ocr_par' dir='ltr' id='par_1_1' title="bbox 726 361 860 423">
     <span class='ocr_line' id='line_1_1' title="bbox 726 361 860 423; baseline 0.007 -1"><span class='ocrx_word' id='word_1_1' title='bbox 726 361 860 423; x_wconf 77' lang='grc'>1275</span> 
     </span>
    </p>
   </div>
   <div class='ocr_carea' id='block_1_2' title="bbox 1458 366 3261 434">
    <p class='ocr_par' dir='ltr' id='par_1_2' title="bbox 1458 366 3261 434">
     <span class='ocr_line' id='line_1_2' title="bbox 1458 366 3261 434; baseline 0.006 -11"><span class='ocrx_word' id='word_1_2' title='bbox 1458 366 1846 426; x_wconf 76' lang='lat' dir='ltr'><strong>OPUSCULA</strong></span> <span class='ocrx_word' id='word_1_3' title='bbox 1890 368 2522 431; x_wconf 73' lang='lat' dir='ltr'><strong>SCRIPTURISTICA</strong></span> <span class='ocrx_word' id='word_1_4' title='bbox 2565 372 2911 432; x_wconf 67' lang='lat' dir='ltr'><strong>INCERTAE</strong></span> <span class='ocrx_word' id='word_1_5' title='bbox 2950 372 3261 434; x_wconf 73' lang='lat' dir='ltr'><strong>.ETATIS.</strong></span> 
     </span>
    </p>
   </div>
   <div class='ocr_carea' id='block_1_3' title="bbox 3839 374 3983 437">
    <p class='ocr_par' dir='ltr' id='par_1_3' title="bbox 3839 374 3983 437">
     <span class='ocr_line' id='line_1_3' title="bbox 3839 374 3983 437; baseline -0.014 0"><span class='ocrx_word' id='word_1_6' title='bbox 3839 374 3983 437; x_wconf 75' lang='grc'><strong>1276</strong></span> 
     </span>
    </p>
   </div>
   <div class='ocr_carea' id='block_1_4' title="bbox 715 469 2378 556">
    <p class='ocr_par' dir='ltr' id='par_1_4' title="bbox 715 469 2359 545">
     <span class='ocr_line' id='line_1_4' title="bbox 715 469 2359 545; baseline 0.01 -24"><span class='ocrx_word' id='word_1_7' title='bbox 715 469 917 533; x_wconf 71' lang='lat' dir='ltr'><strong>dicere,</strong></span> <span class='ocrx_word' id='word_1_8' title='bbox 950 484 1171 527; x_wconf 85' lang='lat' dir='ltr'><strong>necesse</strong></span> <span class='ocrx_word' id='word_1_9' title='bbox 1199 482 1281 528; x_wconf 83' lang='lat' dir='ltr'><strong>est</strong></span> <span class='ocrx_word' id='word_1_10' title='bbox 1319 474 1484 528; x_wconf 77' lang='lat' dir='ltr'><strong>Deum</strong></span> <span class='ocrx_word' id='word_1_11' title='bbox 1522 493 1710 530; x_wconf 83' lang='lat' dir='ltr'><strong>verum</strong></span> <span class='ocrx_word' id='word_1_12' title='bbox 1743 479 1887 534; x_wconf 84' lang='lat' dir='ltr'><strong>hunc</strong></span> <span class='ocrx_word' id='word_1_13' title='bbox 1923 496 2077 545; x_wconf 85' lang='lat' dir='ltr'><strong>esse;</strong></span> <span class='ocrx_word' id='word_1_14' title='bbox 2123 498 2284 537; x_wconf 85' lang='lat' dir='ltr'><strong>verus</strong></span> <span class='ocrx_word' id='word_1_15' title='bbox 2316 490 2359 545; x_wconf 70' lang='grc' dir='ltr'><strong>Α</strong></span> 
     </span>
    </p>
   </div>
   <div class='ocr_carea' id='block_1_5' title="bbox 2312 469 3975 556">
    <p class='ocr_par' dir='ltr' id='par_1_5' title="bbox 2316 480 3975 556">
     <span class='ocr_line' id='line_1_5' title="bbox 2316 480 3975 556; baseline -0.001 -18"><span class='ocrx_word' id='word_1_16' title='bbox 2316 490 2359 545; x_wconf 70' lang='grc' dir='ltr'><strong>Α</strong></span> <span class='ocrx_word' id='word_1_17' title='bbox 2391 501 2487 556; x_wconf 83' lang='grc' dir='ltr'><strong>σῃς</strong></span> <span class='ocrx_word' id='word_1_18' title='bbox 2541 485 2735 538; x_wconf 72' lang='grc' dir='ltr'>εἰπεῖν.</span> <span class='ocrx_word' id='word_1_19' title='bbox 2798 484 3036 554; x_wconf 79' lang='grc' dir='ltr'>Ἀνάγκη</span> <span class='ocrx_word' id='word_1_20' title='bbox 3088 484 3224 536; x_wconf 94' lang='grc' dir='ltr'>Θεὸν</span> <span class='ocrx_word' id='word_1_21' title='bbox 3276 484 3533 553; x_wconf 79' lang='grc' dir='ltr'>ἀληθινὸν</span> <span class='ocrx_word' id='word_1_22' title='bbox 3580 484 3747 538; x_wconf 80' lang='grc' dir='ltr'>αὑτὸν</span> <span class='ocrx_word' id='word_1_23' title='bbox 3791 480 3975 538; x_wconf 81' lang='grc' dir='ltr'>εἶναι·</span> 
     </span>
    </p>
   </div>
   <div class='ocr_carea' id='block_1_6' title="bbox 714 557 2291 626">
    <p class='ocr_par' dir='ltr' id='par_1_6' title="bbox 714 557 2291 626">
     <span class='ocr_line' id='line_1_6' title="bbox 714 557 2291 626; baseline 0.009 -14"><span class='ocrx_word' id='word_1_24' title='bbox 714 567 893 612; x_wconf 79' lang='lat' dir='ltr'><strong>autem</strong></span> <span class='ocrx_word' id='word_1_25' title='bbox 932 557 1074 615; x_wconf 82' lang='lat' dir='ltr'><strong>Deus</strong></span> <span class='ocrx_word' id='word_1_26' title='bbox 1126 577 1254 617; x_wconf 84' lang='lat' dir='ltr'><strong>vero</strong></span> <span class='ocrx_word' id='word_1_27' title='bbox 1310 563 1421 617; x_wconf 85' lang='lat' dir='ltr'><strong>Deo</strong></span> <span class='ocrx_word' id='word_1_28' title='bbox 1455 567 1946 625; x_wconf 87' lang='lat' dir='ltr'><strong>consubstantialis</strong></span> <span class='ocrx_word' id='word_1_29' title='bbox 1995 580 2291 626; x_wconf 87' lang='lat' dir='ltr'><strong>vocaretur</strong></span> 
     </span>
    </p>
   </div>
   <div class='ocr_carea' id='block_1_7' title="bbox 715 651 2290 734">
    <p class='ocr_par' dir='ltr' id='par_1_7' title="bbox 715 651 2290 734">
     <span class='ocr_line' id='line_1_7' title="bbox 715 651 2290 734; baseline 0.011 -33"><span class='ocrx_word' id='word_1_30' title='bbox 715 651 932 713; x_wconf 74' lang='lat' dir='ltr'><strong>merito,</strong></span> <span class='ocrx_word' id='word_1_31' title='bbox 971 670 1075 707; x_wconf 76' lang='lat' dir='ltr'><strong>una</strong></span> <span class='ocrx_word' id='word_1_32' title='bbox 1131 656 1270 723; x_wconf 88' lang='lat' dir='ltr'><strong>apud</strong></span> <span class='ocrx_word' id='word_1_33' title='bbox 1308 668 1601 727; x_wconf 88' lang='lat' dir='ltr'><strong>utrumque</strong></span> <span class='ocrx_word' id='word_1_34' title='bbox 1643 663 1890 727; x_wconf 87' lang='lat' dir='ltr'><strong>veritate,</strong></span> <span class='ocrx_word' id='word_1_35' title='bbox 1930 680 2092 718; x_wconf 89' lang='lat' dir='ltr'><strong>unam</strong></span> <span class='ocrx_word' id='word_1_36' title='bbox 2153 680 2290 734; x_wconf 86' lang='lat' dir='ltr'><strong>quo-</strong></span> 
     </span>
    </p>
   </div>
   <div class='ocr_carea' id='block_1_8' title="bbox 712 745 2286 825">
    <p class='ocr_par' dir='ltr' id='par_1_8' title="bbox 712 745 2286 825">
     <span class='ocr_line' id='line_1_8' title="bbox 712 745 2286 825; baseline 0.011 -32"><span class='ocrx_word' id='word_1_37' title='bbox 712 757 820 808; x_wconf 85' lang='lat' dir='ltr'><strong>que</strong></span> <span class='ocrx_word' id='word_1_38' title='bbox 841 745 1200 799; x_wconf 80' lang='lat' dir='ltr'><strong>substantiam</strong></span> <span class='ocrx_word' id='word_1_39' title='bbox 1230 749 1575 804; x_wconf 87' lang='lat' dir='ltr'><strong>ostendente.</strong></span> <span class='ocrx_word' id='word_1_40' title='bbox 1613 751 1815 809; x_wconf 78' lang='lat' dir='ltr'><strong>Deinde</strong></span> <span class='ocrx_word' id='word_1_41' title='bbox 1865 755 1998 825; x_wconf 77' lang='lat' dir='ltr'><strong>legis</strong></span> <span class='ocrx_word' id='word_1_42' title='bbox 2044 756 2286 825; x_wconf 86' lang='lat' dir='ltr'><strong>quidem,</strong></span> 
     </span>
    </p>
   </div>
   <div class='ocr_carea' id='block_1_9' title="bbox 714 836 2285 902">
    <p class='ocr_par' dir='ltr' id='par_1_9' title="bbox 714 836 2285 902">
     <span class='ocr_line' id='line_1_9' title="bbox 714 836 2285 902; baseline 0.011 -17"><span class='ocrx_word' id='word_1_43' title='bbox 714 836 863 888; x_wconf 87' lang='lat' dir='ltr'><strong>solus</strong></span> <span class='ocrx_word' id='word_1_44' title='bbox 892 837 1031 890; x_wconf 82' lang='lat' dir='ltr'><strong>ltens</strong></span> <span class='ocrx_word' id='word_1_45' title='bbox 1066 853 1265 902; x_wconf 87' lang='lat' dir='ltr'><strong>verus;</strong></span> <span class='ocrx_word' id='word_1_46' title='bbox 1301 849 1356 893; x_wconf 94' lang='lat' dir='ltr'><strong>ut</strong></span> <span class='ocrx_word' id='word_1_47' title='bbox 1400 852 1581 896; x_wconf 87' lang='lat' dir='ltr'><strong>autem</strong></span> <span class='ocrx_word' id='word_1_48' title='bbox 1611 860 1789 900; x_wconf 66' lang='lat' dir='ltr'><strong>caecus</strong></span> <span class='ocrx_word' id='word_1_49' title='bbox 1822 847 1875 900; x_wconf 90' lang='lat' dir='ltr'><strong>in</strong></span> <span class='ocrx_word' id='word_1_50' title='bbox 1913 848 2015 902; x_wconf 83' lang='lat' dir='ltr'><strong>ltoc</strong></span> <span class='ocrx_word' id='word_1_51' title='bbox 2059 847 2285 902; x_wconf 86' lang='lat' dir='ltr'><strong>verbum</strong></span> 
     </span>
    </p>
   </div>
   <div class='ocr_carea' id='block_1_10' title="bbox 714 927 2288 1007">
    <p class='ocr_par' dir='ltr' id='par_1_10' title="bbox 714 927 2288 1007">
     <span class='ocr_line' id='line_1_10' title="bbox 714 927 2288 1007; baseline 0.011 -32"><span class='ocrx_word' id='word_1_52' title='bbox 714 927 1013 988; x_wconf 67' lang='lat' dir='ltr'><strong>ulti-oderis,</strong></span> <span class='ocrx_word' id='word_1_53' title='bbox 1069 930 1167 983; x_wconf 89' lang='lat' dir='ltr'><strong>soli</strong></span> <span class='ocrx_word' id='word_1_54' title='bbox 1207 930 1351 985; x_wconf 86' lang='lat' dir='ltr'><strong>Patri</strong></span> <span class='ocrx_word' id='word_1_55' title='bbox 1412 934 1687 990; x_wconf 77' lang='lat' dir='ltr'><strong>attribuis.</strong></span> <span class='ocrx_word' id='word_1_56' title='bbox 1739 936 1911 1002; x_wconf 85' lang='lat' dir='ltr'><strong>Unde,</strong></span> <span class='ocrx_word' id='word_1_57' title='bbox 1957 953 2162 1007; x_wconf 81' lang='lat' dir='ltr'><strong>qmcso,</strong></span> <span class='ocrx_word' id='word_1_58' title='bbox 2220 940 2288 993; x_wconf 89' lang='lat' dir='ltr'><strong>de</strong></span> 
     </span>
    </p>
   </div>
   <div class='ocr_carea' id='block_1_11' title="bbox 716 1016 2284 1087">
    <p class='ocr_par' dir='ltr' id='par_1_11' title="bbox 716 1016 2284 1087">
     <span class='ocr_line' id='line_1_11' title="bbox 716 1016 2284 1087; baseline 0.012 -19"><span class='ocrx_word' id='word_1_59' title='bbox 716 1016 873 1070; x_wconf 73' lang='lat' dir='ltr'><strong>Patre</strong></span> <span class='ocrx_word' id='word_1_60' title='bbox 926 1020 1125 1074; x_wconf 83' lang='lat' dir='ltr'><strong>dictam</strong></span> <span class='ocrx_word' id='word_1_61' title='bbox 1179 1038 1301 1077; x_wconf 90' lang='lat' dir='ltr'><strong>esse</strong></span> <span class='ocrx_word' id='word_1_62' title='bbox 1352 1026 1587 1080; x_wconf 80' lang='lat' dir='ltr'><strong>didicisti</strong></span> <span class='ocrx_word' id='word_1_63' title='bbox 1621 1029 1758 1083; x_wconf 84' lang='lat' dir='ltr'><strong>hanc</strong></span> <span class='ocrx_word' id='word_1_64' title='bbox 1793 1032 2017 1084; x_wconf 82' lang='lat' dir='ltr'><strong>vocem?</strong></span> <span class='ocrx_word' id='word_1_65' title='bbox 2047 1046 2079 1086; x_wconf 85' lang='grc' dir='ltr'><strong>ο</strong></span> <span class='ocrx_word' id='word_1_66' title='bbox 2108 1035 2284 1087; x_wconf 79' lang='lat' dir='ltr'><strong>textu!</strong></span> 
     </span>
    </p>
   </div>
   <div class='ocr_carea' id='block_1_12' title="bbox 716 1109 2288 1183">
    <p class='ocr_par' dir='ltr' id='par_1_12' title="bbox 716 1109 2288 1183">
     <span class='ocr_line' id='line_1_12' title="bbox 716 1109 2288 1183; baseline 0.013 -21"><span class='ocrx_word' id='word_1_67' title='bbox 716 1109 818 1163; x_wconf 69' lang='lat' dir='ltr'><strong>Sed</strong></span> <span class='ocrx_word' id='word_1_68' title='bbox 870 1126 978 1165; x_wconf 86' lang='lat' dir='ltr'><strong>non</strong></span> <span class='ocrx_word' id='word_1_69' title='bbox 1037 1116 1281 1168; x_wconf 80' lang='lat' dir='ltr'><strong>nominat</strong></span> <span class='ocrx_word' id='word_1_70' title='bbox 1329 1114 1565 1183; x_wconf 86' lang='lat' dir='ltr'><strong>Patrem,</strong></span> <span class='ocrx_word' id='word_1_71' title='bbox 1624 1136 1729 1176; x_wconf 90' lang='lat' dir='ltr'><strong>non</strong></span> <span class='ocrx_word' id='word_1_72' title='bbox 1781 1122 1927 1178; x_wconf 86' lang='lat' dir='ltr'><strong>enim</strong></span> <span class='ocrx_word' id='word_1_73' title='bbox 1992 1127 2160 1181; x_wconf 85' lang='lat' dir='ltr'><strong>dicit:</strong></span> <span class='ocrx_word' id='word_1_74' title='bbox 2217 1128 2288 1183; x_wconf 77' lang='lat' dir='ltr'><strong>Ut</strong></span> 
     </span>
    </p>
   </div>
   <div class='ocr_carea' id='block_1_13' title="bbox 715 1208 2283 1287">
    <p class='ocr_par' dir='ltr' id='par_1_13' title="bbox 715 1208 2283 1287">
     <span class='ocr_line' id='line_1_13' title="bbox 715 1208 2283 1287; baseline 0.012 -32"><span class='ocrx_word' id='word_1_75' title='bbox 715 1215 1046 1272; x_wconf 71' lang='lat' dir='ltr'><strong>tagnoscant</strong></span> <span class='ocrx_word' id='word_1_76' title='bbox 1084 1214 1135 1259; x_wconf 88' lang='lat' dir='ltr'><strong>te</strong></span> <span class='ocrx_word' id='word_1_77' title='bbox 1180 1208 1355 1261; x_wconf 91' lang='lat' dir='ltr'><strong>solum</strong></span> <span class='ocrx_word' id='word_1_78' title='bbox 1412 1210 1579 1265; x_wconf 82' lang='lat' dir='ltr'><strong>Deum</strong></span> <span class='ocrx_word' id='word_1_79' title='bbox 1618 1230 1803 1268; x_wconf 88' lang='lat' dir='ltr'><strong>verum</strong></span> <span class='ocrx_word' id='word_1_80' title='bbox 1838 1226 1889 1270; x_wconf 76' lang='lat' dir='ltr'><strong>ct</strong></span> <span class='ocrx_word' id='word_1_81' title='bbox 1917 1219 2156 1287; x_wconf 80' lang='lat' dir='ltr'><strong>Patrem;</strong></span> <span class='ocrx_word' id='word_1_82' title='bbox 2190 1223 2283 1276; x_wconf 89' lang='lat' dir='ltr'><strong>sed</strong></span> 
     </span>
    </p>
   </div>
   <div class='ocr_carea' id='block_1_14' title="bbox 715 1299 2286 1375">
    <p class='ocr_par' dir='ltr' id='par_1_14' title="bbox 715 1299 2286 1375">
     <span class='ocr_line' id='line_1_14' title="bbox 715 1299 2286 1375; baseline 0.016 -31"><span class='ocrx_word' id='word_1_83' title='bbox 715 1299 1016 1351; x_wconf 69' lang='lat' dir='ltr'><strong>conncedant</strong></span> <span class='ocrx_word' id='word_1_84' title='bbox 1060 1299 1235 1353; x_wconf 91' lang='lat' dir='ltr'><strong>solum</strong></span> <span class='ocrx_word' id='word_1_85' title='bbox 1275 1300 1442 1356; x_wconf 79' lang='lat' dir='ltr'><strong>Deum</strong></span> <span class='ocrx_word' id='word_1_86' title='bbox 1481 1321 1693 1372; x_wconf 88' lang='lat' dir='ltr'><strong>verum,</strong></span> <span class='ocrx_word' id='word_1_87' title='bbox 1732 1308 1924 1375; x_wconf 88' lang='lat' dir='ltr'><strong>Deum,</strong></span> <span class='ocrx_word' id='word_1_88' title='bbox 1953 1321 2012 1364; x_wconf 89' lang='lat' dir='ltr'><strong>ut</strong></span> <span class='ocrx_word' id='word_1_89' title='bbox 2044 1323 2128 1367; x_wconf 88' lang='lat' dir='ltr'><strong>est</strong></span> <span class='ocrx_word' id='word_1_90' title='bbox 2164 1314 2286 1368; x_wconf 86' lang='lat' dir='ltr'><strong>Tri-</strong></span> 
     </span>
    </p>
   </div>
   <div class='ocr_carea' id='block_1_15' title="bbox 715 1387 2284 1464">
    <p class='ocr_par' dir='ltr' id='par_1_15' title="bbox 715 1387 2284 1464">
     <span class='ocr_line' id='line_1_15' title="bbox 715 1387 2284 1464; baseline 0.015 -27"><span class='ocrx_word' id='word_1_91' title='bbox 715 1387 900 1441; x_wconf 88' lang='lat' dir='ltr'><strong>nitatis</strong></span> <span class='ocrx_word' id='word_1_92' title='bbox 929 1388 1300 1445; x_wconf 90' lang='lat' dir='ltr'><strong>denominatio</strong></span> <span class='ocrx_word' id='word_1_93' title='bbox 1333 1404 1386 1447; x_wconf 90' lang='lat' dir='ltr'><strong>et</strong></span> <span class='ocrx_word' id='word_1_94' title='bbox 1421 1399 1770 1464; x_wconf 74' lang='lat' dir='ltr'><strong>signiﬁcatio,</strong></span> <span class='ocrx_word' id='word_1_95' title='bbox 1804 1403 1897 1455; x_wconf 63' lang='lat' dir='ltr'><strong>seal</strong></span> <span class='ocrx_word' id='word_1_96' title='bbox 1931 1419 2041 1456; x_wconf 93' lang='lat' dir='ltr'><strong>non</strong></span> <span class='ocrx_word' id='word_1_97' title='bbox 2090 1420 2284 1460; x_wconf 89' lang='lat' dir='ltr'><strong>rursus</strong></span> 
     </span>
    </p>
   </div>
   <div class='ocr_carea' id='block_1_16' title="bbox 2391 574 3979 645">
    <p class='ocr_par' dir='ltr' id='par_1_16' title="bbox 2391 574 3979 645">
     <span class='ocr_line' id='line_1_16' title="bbox 2391 574 3979 645; baseline 0 -17"><span class='ocrx_word' id='word_1_98' title='bbox 2391 574 2643 644; x_wconf 89' lang='grc' dir='ltr'>ἀληθινὸς</span> <span class='ocrx_word' id='word_1_99' title='bbox 2668 576 2726 629; x_wconf 86' lang='grc' dir='ltr'>δὲ</span> <span class='ocrx_word' id='word_1_100' title='bbox 2758 574 2913 638; x_wconf 86' lang='grc' dir='ltr'>Θεὸς,</span> <span class='ocrx_word' id='word_1_101' title='bbox 2940 574 3180 645; x_wconf 81' lang='grc' dir='ltr'><strong>ἀληθινῷ</strong></span> <span class='ocrx_word' id='word_1_102' title='bbox 3207 574 3325 643; x_wconf 83' lang='grc' dir='ltr'><strong>Θεῷ</strong></span> <span class='ocrx_word' id='word_1_103' title='bbox 3352 577 3634 645; x_wconf 83' lang='grc' dir='ltr'>ὁμοούσιος</span> <span class='ocrx_word' id='word_1_104' title='bbox 3659 577 3726 628; x_wconf 81' lang='grc' dir='ltr'>ἂν</span> <span class='ocrx_word' id='word_1_105' title='bbox 3750 576 3979 629; x_wconf 75' lang='grc' dir='ltr'><strong>καλοῖτο</strong></span> 
     </span>
    </p>
   </div>
   <div class='ocr_carea' id='block_1_17' title="bbox 2389 665 3973 739">
    <p class='ocr_par' dir='ltr' id='par_1_17' title="bbox 2389 665 3973 739">
     <span class='ocr_line' id='line_1_17' title="bbox 2389 665 3973 739; baseline 0.001 -22"><span class='ocrx_word' id='word_1_106' title='bbox 2389 665 2615 728; x_wconf 83' lang='grc' dir='ltr'>δικαίως</span> <span class='ocrx_word' id='word_1_107' title='bbox 2634 682 2649 696; x_wconf 90' lang='grc'><strong>·</strong></span> <span class='ocrx_word' id='word_1_108' title='bbox 2676 667 2775 735; x_wconf 82' lang='grc' dir='ltr'>τῆς</span> <span class='ocrx_word' id='word_1_109' title='bbox 2816 668 2949 739; x_wconf 85' lang='grc' dir='ltr'>παρ’</span> <span class='ocrx_word' id='word_1_110' title='bbox 2978 666 3225 737; x_wconf 77' lang='grc' dir='ltr'>ἑκατέρῳ</span> <span class='ocrx_word' id='word_1_111' title='bbox 3253 669 3381 735; x_wconf 80' lang='grc' dir='ltr'>μιᾶς</span> <span class='ocrx_word' id='word_1_112' title='bbox 3411 667 3667 735; x_wconf 75' lang='grc' dir='ltr'><strong>ἀληθείας</strong></span> <span class='ocrx_word' id='word_1_113' title='bbox 3698 667 3832 735; x_wconf 86' lang='grc' dir='ltr'>μίαν</span> <span class='ocrx_word' id='word_1_114' title='bbox 3877 669 3973 718; x_wconf 72' lang='grc' dir='ltr'><strong>καὶ</strong></span> 
     </span>
    </p>
   </div>
   <div class='ocr_carea' id='block_1_18' title="bbox 2389 754 3969 827">
    <p class='ocr_par' dir='ltr' id='par_1_18' title="bbox 2389 754 3969 827">
     <span class='ocr_line' id='line_1_18' title="bbox 2389 754 3969 827; baseline -0.001 -17"><span class='ocrx_word' id='word_1_115' title='bbox 2389 760 2490 827; x_wconf 73' lang='grc' dir='ltr'><strong>τὴν</strong></span> <span class='ocrx_word' id='word_1_116' title='bbox 2527 756 2714 811; x_wconf 78' lang='grc' dir='ltr'>οὐσίαν</span> <span class='ocrx_word' id='word_1_117' title='bbox 2749 759 3061 827; x_wconf 82' lang='grc' dir='ltr'>δεικνύσης.</span> <span class='ocrx_word' id='word_1_118' title='bbox 3112 754 3245 811; x_wconf 79' lang='grc' dir='ltr'><strong>Εἶτα</strong></span> <span class='ocrx_word' id='word_1_119' title='bbox 3293 758 3689 825; x_wconf 79' lang='grc' dir='ltr'><strong>ἀναγινώσκεις</strong></span> <span class='ocrx_word' id='word_1_120' title='bbox 3739 758 3844 826; x_wconf 69' lang='grc' dir='ltr'><strong>μὲν</strong></span> <span class='ocrx_word' id='word_1_121' title='bbox 3887 758 3969 822; x_wconf 81' lang='grc' dir='ltr'><strong>τὸ,</strong></span> 
     </span>
    </p>
   </div>
   <div class='ocr_carea' id='block_1_19' title="bbox 2392 848 3974 918">
    <p class='ocr_par' dir='ltr' id='par_1_19' title="bbox 2392 848 3974 918">
     <span class='ocr_line' id='line_1_19' title="bbox 2392 848 3974 918; baseline -0.001 -17"><span class='ocrx_word' id='word_1_122' title='bbox 2392 851 2551 918; x_wconf 80' lang='grc' dir='ltr'>μόνος</span> <span class='ocrx_word' id='word_1_123' title='bbox 2588 850 2843 918; x_wconf 79' lang='grc' dir='ltr'>ἀληθινὸς</span> <span class='ocrx_word' id='word_1_124' title='bbox 2871 850 3003 913; x_wconf 86' lang='grc' dir='ltr'><strong>Θεός</strong></span> <span class='ocrx_word' id='word_1_125' title='bbox 3024 866 3039 881; x_wconf 77' lang='grc' dir='ltr'><strong>ο</strong></span> <span class='ocrx_word' id='word_1_126' title='bbox 3068 850 3142 911; x_wconf 80' lang='grc' dir='ltr'>ὡς</span> <span class='ocrx_word' id='word_1_127' title='bbox 3173 849 3230 902; x_wconf 74' lang='grc' dir='ltr'>δὲ</span> <span class='ocrx_word' id='word_1_128' title='bbox 3257 848 3457 915; x_wconf 83' lang='grc' dir='ltr'>τυφλὸς</span> <span class='ocrx_word' id='word_1_129' title='bbox 3485 851 3851 918; x_wconf 71' lang='grc' dir='ltr'><strong>προσκύπτων</strong></span> <span class='ocrx_word' id='word_1_130' title='bbox 3893 850 3974 917; x_wconf 84' lang='grc' dir='ltr'>τῷ</span> 
     </span>
    </p>
   </div>
   <div class='ocr_carea' id='block_1_20' title="bbox 2391 940 3971 1013">
    <p class='ocr_par' dir='ltr' id='par_1_20' title="bbox 2391 940 3971 1013">
     <span class='ocr_line' id='line_1_20' title="bbox 2391 940 3971 1013; baseline -0.004 -18"><span class='ocrx_word' id='word_1_131' title='bbox 2391 943 2595 1011; x_wconf 81' lang='grc' dir='ltr'>ῥήματι</span> <span class='ocrx_word' id='word_1_132' title='bbox 2624 942 2832 1013; x_wconf 83' lang='grc' dir='ltr'>τούτῳ.</span> <span class='ocrx_word' id='word_1_133' title='bbox 2873 943 3019 1012; x_wconf 86' lang='grc' dir='ltr'>μόνῳ</span> <span class='ocrx_word' id='word_1_134' title='bbox 3046 943 3124 1011; x_wconf 81' lang='grc' dir='ltr'>τῷ</span> <span class='ocrx_word' id='word_1_135' title='bbox 3171 942 3345 1011; x_wconf 80' lang='grc' dir='ltr'>Πατρὶ</span> <span class='ocrx_word' id='word_1_136' title='bbox 3380 940 3812 1009; x_wconf 72' lang='grc' dir='ltr'>προσαρμόζεις.</span> <span class='ocrx_word' id='word_1_137' title='bbox 3862 941 3971 991; x_wconf 77' lang='lat' dir='ltr'><strong>[l6-</strong></span> 
     </span>
    </p>
   </div>
   <div class='ocr_carea' id='block_1_21' title="bbox 2388 1031 3970 1105">
    <p class='ocr_par' dir='ltr' id='par_1_21' title="bbox 2388 1031 3970 1105">
     <span class='ocr_line' id='line_1_21' title="bbox 2388 1031 3970 1105; baseline -0.003 -18"><span class='ocrx_word' id='word_1_138' title='bbox 2388 1034 2499 1098; x_wconf 83' lang='grc' dir='ltr'>θεν,</span> <span class='ocrx_word' id='word_1_139' title='bbox 2529 1034 2649 1087; x_wconf 75' lang='grc' dir='ltr'>εἰπέ</span> <span class='ocrx_word' id='word_1_140' title='bbox 2684 1053 2795 1103; x_wconf 90' lang='grc' dir='ltr'>μοι.</span> <span class='ocrx_word' id='word_1_141' title='bbox 2828 1036 2955 1105; x_wconf 77' lang='grc' dir='ltr'>περὶ</span> <span class='ocrx_word' id='word_1_142' title='bbox 2992 1034 3086 1089; x_wconf 84' lang='grc' dir='ltr'>τοῦ</span> <span class='ocrx_word' id='word_1_143' title='bbox 3130 1034 3342 1101; x_wconf 83' lang='grc' dir='ltr'>Πατρὸς</span> <span class='ocrx_word' id='word_1_144' title='bbox 3371 1032 3621 1102; x_wconf 77' lang='grc' dir='ltr'>είρῆσθαι</span> <span class='ocrx_word' id='word_1_145' title='bbox 3649 1031 3839 1097; x_wconf 81' lang='grc' dir='ltr'>μαθὼν</span> <span class='ocrx_word' id='word_1_146' title='bbox 3866 1032 3970 1101; x_wconf 80' lang='grc' dir='ltr'><strong>τὴν</strong></span> 
     </span>
    </p>
   </div>
   <div class='ocr_carea' id='block_1_22' title="bbox 2389 1123 3968 1196">
    <p class='ocr_par' dir='ltr' id='par_1_22' title="bbox 2389 1123 3968 1196">
     <span class='ocr_line' id='line_1_22' title="bbox 2389 1123 3968 1196; baseline -0.001 -20"><span class='ocrx_word' id='word_1_147' title='bbox 2389 1127 2603 1196; x_wconf 77' lang='grc' dir='ltr'>φωνήνς</span> <span class='ocrx_word' id='word_1_148' title='bbox 2682 1127 2777 1179; x_wconf 81' lang='grc' dir='ltr'><strong>Ἐκ</strong></span> <span class='ocrx_word' id='word_1_149' title='bbox 2822 1128 2919 1195; x_wconf 79' lang='grc' dir='ltr'>τῆς</span> <span class='ocrx_word' id='word_1_150' title='bbox 2967 1125 3200 1191; x_wconf 75' lang='grc' dir='ltr'>λέξεωςς</span> <span class='ocrx_word' id='word_1_151' title='bbox 3258 1124 3375 1179; x_wconf 81' lang='grc' dir='ltr'>ἀλλ’</span> <span class='ocrx_word' id='word_1_152' title='bbox 3417 1125 3517 1177; x_wconf 75' lang='grc' dir='ltr'><strong>οὐκ</strong></span> <span class='ocrx_word' id='word_1_153' title='bbox 3555 1123 3811 1192; x_wconf 72' lang='grc' dir='ltr'>ὀνομάζει</span> <span class='ocrx_word' id='word_1_154' title='bbox 3851 1124 3968 1175; x_wconf 83' lang='grc' dir='ltr'><strong>Πα-</strong></span> 
     </span>
    </p>
   </div>
   <div class='ocr_carea' id='block_1_23' title="bbox 2386 1215 3968 1288">
    <p class='ocr_par' dir='ltr' id='par_1_23' title="bbox 2386 1215 3968 1288">
     <span class='ocr_line' id='line_1_23' title="bbox 2386 1215 3968 1288; baseline -0.004 -16"><span class='ocrx_word' id='word_1_155' title='bbox 2386 1220 2550 1287; x_wconf 81' lang='grc' dir='ltr'>τέρα·</span> <span class='ocrx_word' id='word_1_156' title='bbox 2598 1220 2658 1271; x_wconf 83' lang='grc' dir='ltr'>οὐ</span> <span class='ocrx_word' id='word_1_157' title='bbox 2705 1220 2814 1288; x_wconf 83' lang='grc' dir='ltr'>γὰρ</span> <span class='ocrx_word' id='word_1_158' title='bbox 2846 1215 3029 1280; x_wconf 69' lang='grc' dir='ltr'>εἶπεν,</span> <span class='ocrx_word' id='word_1_159' title='bbox 3065 1219 3183 1270; x_wconf 81' lang='grc' dir='ltr'>Ἰνα</span> <span class='ocrx_word' id='word_1_160' title='bbox 3215 1216 3528 1284; x_wconf 79' lang='grc' dir='ltr'>γινώσκωσί</span> <span class='ocrx_word' id='word_1_161' title='bbox 3566 1232 3626 1268; x_wconf 87' lang='grc' dir='ltr'><strong>σε</strong></span> <span class='ocrx_word' id='word_1_162' title='bbox 3669 1215 3760 1268; x_wconf 85' lang='grc' dir='ltr'>τὸν</span> <span class='ocrx_word' id='word_1_163' title='bbox 3801 1215 3968 1284; x_wconf 76' lang='grc' dir='ltr'>μόνον</span> 
     </span>
    </p>
   </div>
   <div class='ocr_carea' id='block_1_24' title="bbox 2385 1308 3967 1381">
    <p class='ocr_par' dir='ltr' id='par_1_24' title="bbox 2385 1308 3967 1381">
     <span class='ocr_line' id='line_1_24' title="bbox 2385 1308 3967 1381; baseline -0.004 -17"><span class='ocrx_word' id='word_1_164' title='bbox 2385 1310 2636 1381; x_wconf 82' lang='grc' dir='ltr'>ἀληθινὸν</span> <span class='ocrx_word' id='word_1_165' title='bbox 2661 1310 2795 1364; x_wconf 89' lang='grc' dir='ltr'>Θεὸν</span> <span class='ocrx_word' id='word_1_166' title='bbox 2813 1312 2911 1364; x_wconf 75' lang='grc' dir='ltr'><strong>καὶ</strong></span> <span class='ocrx_word' id='word_1_167' title='bbox 2938 1310 3157 1380; x_wconf 84' lang='grc' dir='ltr'>Πατέρα</span> <span class='ocrx_word' id='word_1_168' title='bbox 3174 1325 3188 1339; x_wconf 96' lang='grc'><strong>·</strong></span> <span class='ocrx_word' id='word_1_169' title='bbox 3213 1309 3331 1364; x_wconf 83' lang='grc' dir='ltr'>ἀλλ’</span> <span class='ocrx_word' id='word_1_170' title='bbox 3360 1310 3652 1376; x_wconf 64' lang='grc' dir='ltr'>ἀφέτωσαν</span> <span class='ocrx_word' id='word_1_171' title='bbox 3680 1308 3773 1360; x_wconf 84' lang='grc' dir='ltr'>τὸν</span> <span class='ocrx_word' id='word_1_172' title='bbox 3799 1309 3967 1375; x_wconf 74' lang='grc' dir='ltr'>μόνον</span> 
     </span>
    </p>
   </div>
   <div class='ocr_carea' id='block_1_25' title="bbox 2384 1400 3967 1473">
    <p class='ocr_par' dir='ltr' id='par_1_25' title="bbox 2384 1400 3967 1473">
     <span class='ocr_line' id='line_1_25' title="bbox 2384 1400 3967 1473; baseline -0.003 -17"><span class='ocrx_word' id='word_1_173' title='bbox 2384 1404 2634 1473; x_wconf 80' lang='grc' dir='ltr'>ἀληθινὸν</span> <span class='ocrx_word' id='word_1_174' title='bbox 2660 1402 2815 1464; x_wconf 82' lang='grc' dir='ltr'>Θεὸν.</span> <span class='ocrx_word' id='word_1_175' title='bbox 2847 1403 3003 1462; x_wconf 85' lang='grc' dir='ltr'>Θεὸν,</span> <span class='ocrx_word' id='word_1_176' title='bbox 3033 1405 3061 1456; x_wconf 85' lang='grc' dir='ltr'><strong>ὅ</strong></span> <span class='ocrx_word' id='word_1_177' title='bbox 3089 1405 3206 1456; x_wconf 76' lang='grc' dir='ltr'>ἐστι</span> <span class='ocrx_word' id='word_1_178' title='bbox 3241 1400 3583 1471; x_wconf 72' lang='grc' dir='ltr'><strong>προσηγορία</strong></span> <span class='ocrx_word' id='word_1_179' title='bbox 3610 1401 3841 1470; x_wconf 82' lang='grc' dir='ltr'>Τριὰδος</span> <span class='ocrx_word' id='word_1_180' title='bbox 3869 1401 3967 1452; x_wconf 69' lang='grc' dir='ltr'><strong>καὶ</strong></span> 
     </span>
    </p>
   </div>
   <div class='ocr_carea' id='block_1_26' title="bbox 713 1479 2376 1565">
    <p class='ocr_par' dir='ltr' id='par_1_26' title="bbox 713 1479 2281 1556">
     <span class='ocr_line' id='line_1_26' title="bbox 713 1479 2281 1556; baseline 0.013 -28"><span class='ocrx_word' id='word_1_181' title='bbox 713 1494 871 1545; x_wconf 87' lang='lat' dir='ltr'><strong>quem</strong></span> <span class='ocrx_word' id='word_1_182' title='bbox 908 1479 1104 1536; x_wconf 88' lang='lat' dir='ltr'><strong>misisti</strong></span> <span class='ocrx_word' id='word_1_183' title='bbox 1133 1484 1329 1539; x_wconf 80' lang='lat' dir='ltr'><strong>Filium</strong></span> <span class='ocrx_word' id='word_1_184' title='bbox 1361 1485 1739 1556; x_wconf 77' lang='lat' dir='ltr'><strong>Unigcnitum.</strong></span> <span class='ocrx_word' id='word_1_185' title='bbox 1775 1492 1907 1547; x_wconf 85' lang='lat' dir='ltr'><strong>dicit</strong></span> <span class='ocrx_word' id='word_1_186' title='bbox 1931 1496 2055 1548; x_wconf 83' lang='lat' dir='ltr'><strong>:sed</strong></span> <span class='ocrx_word' id='word_1_187' title='bbox 2099 1493 2281 1549; x_wconf 75' lang='lat' dir='ltr'><strong>Iesum</strong></span> 
     </span>
    </p>
   </div>
   <div class='ocr_carea' id='block_1_27' title="bbox 2301 1479 3964 1565">
    <p class='ocr_par' dir='ltr' id='par_1_27' title="bbox 2387 1493 3964 1565">
     <span class='ocr_line' id='line_1_27' title="bbox 2387 1493 3964 1565; baseline -0.003 -18"><span class='ocrx_word' id='word_1_188' title='bbox 2387 1495 2668 1565; x_wconf 88' lang='grc' dir='ltr'>σημασία·</span> <span class='ocrx_word' id='word_1_189' title='bbox 2724 1495 2839 1548; x_wconf 80' lang='grc' dir='ltr'>ἀλλ’</span> <span class='ocrx_word' id='word_1_190' title='bbox 2885 1494 3006 1547; x_wconf 80' lang='grc' dir='ltr'>οὐδὲ</span> <span class='ocrx_word' id='word_1_191' title='bbox 3057 1495 3255 1559; x_wconf 79' lang='grc' dir='ltr'>πάλιν,</span> <span class='ocrx_word' id='word_1_192' title='bbox 3309 1497 3406 1546; x_wconf 89' lang='grc' dir='ltr'><strong>Ὃν</strong></span> <span class='ocrx_word' id='word_1_193' title='bbox 3451 1494 3785 1555; x_wconf 75' lang='grc' dir='ltr'><strong>ἀπέστειλας</strong></span> <span class='ocrx_word' id='word_1_194' title='bbox 3833 1493 3964 1545; x_wconf 73' lang='grc' dir='ltr'>Υίὸν</span> 
     </span>
    </p>
   </div>
   <div class='ocr_carea' id='block_1_28' title="bbox 713 1572 2376 1658">
    <p class='ocr_par' dir='ltr' id='par_1_28' title="bbox 713 1572 2281 1646">
     <span class='ocr_line' id='line_1_28' title="bbox 713 1572 2281 1646; baseline 0.015 -24"><span class='ocrx_word' id='word_1_195' title='bbox 713 1572 1020 1641; x_wconf 75' lang='lat' dir='ltr'><strong>Christum;</strong></span> <span class='ocrx_word' id='word_1_196' title='bbox 1053 1582 1233 1634; x_wconf 81' lang='lat' dir='ltr'><strong>statim</strong></span> <span class='ocrx_word' id='word_1_197' title='bbox 1266 1584 1465 1638; x_wconf 75' lang='lat' dir='ltr'><strong>Christi</strong></span> <span class='ocrx_word' id='word_1_198' title='bbox 1523 1586 1792 1640; x_wconf 83' lang='lat' dir='ltr'><strong>vocabulo</strong></span> <span class='ocrx_word' id='word_1_199' title='bbox 1844 1596 1991 1641; x_wconf 87' lang='lat' dir='ltr'><strong>tuam</strong></span> <span class='ocrx_word' id='word_1_200' title='bbox 2051 1590 2281 1646; x_wconf 88' lang='lat' dir='ltr'><strong>incitans</strong></span> 
     </span>
    </p>
   </div>
   <div class='ocr_carea' id='block_1_29' title="bbox 2302 1572 3965 1658">
    <p class='ocr_par' dir='ltr' id='par_1_29' title="bbox 2388 1583 3965 1658">
     <span class='ocr_line' id='line_1_29' title="bbox 2388 1583 3965 1658; baseline -0.003 -18"><span class='ocrx_word' id='word_1_201' title='bbox 2388 1588 2681 1658; x_wconf 82' lang='grc' dir='ltr'><strong>μονογενῆ,</strong></span> <span class='ocrx_word' id='word_1_202' title='bbox 2729 1583 2911 1651; x_wconf 80' lang='grc' dir='ltr'>εἶπεν,</span> <span class='ocrx_word' id='word_1_203' title='bbox 2958 1587 3105 1648; x_wconf 75' lang='grc' dir='ltr'>ἀλλ’,</span> <span class='ocrx_word' id='word_1_204' title='bbox 3163 1587 3408 1652; x_wconf 81' lang='grc' dir='ltr'><strong>Ἰησοῦν</strong></span> <span class='ocrx_word' id='word_1_205' title='bbox 3459 1588 3754 1652; x_wconf 79' lang='grc' dir='ltr'>Χριστόν·</span> <span class='ocrx_word' id='word_1_206' title='bbox 3800 1586 3965 1647; x_wconf 70' lang='grc' dir='ltr'>εὐθὺς</span> 
     </span>
    </p>
   </div>
   <div class='ocr_carea' id='block_1_30' title="bbox 716 1666 2379 1749">
    <p class='ocr_par' dir='ltr' id='par_1_30' title="bbox 716 1666 2277 1749">
     <span class='ocr_line' id='line_1_30' title="bbox 716 1666 2277 1749; baseline 0.013 -32"><span class='ocrx_word' id='word_1_207' title='bbox 716 1666 984 1722; x_wconf 87' lang='lat' dir='ltr'><strong>rationem</strong></span> <span class='ocrx_word' id='word_1_208' title='bbox 1037 1682 1096 1725; x_wconf 93' lang='lat' dir='ltr'><strong>ut</strong></span> <span class='ocrx_word' id='word_1_209' title='bbox 1146 1675 1541 1732; x_wconf 88' lang='lat' dir='ltr'><strong>incarnationis</strong></span> <span class='ocrx_word' id='word_1_210' title='bbox 1613 1679 1942 1733; x_wconf 88' lang='lat' dir='ltr'><strong>meminerit.</strong></span> <span class='ocrx_word' id='word_1_211' title='bbox 1996 1682 2277 1749; x_wconf 85' lang='lat' dir='ltr'><strong>Siquidem</strong></span> 
     </span>
    </p>
   </div>
   <div class='ocr_carea' id='block_1_31' title="bbox 2301 1666 3964 1749">
    <p class='ocr_par' dir='ltr' id='par_1_31' title="bbox 2382 1677 3964 1748">
     <span class='ocr_line' id='line_1_31' title="bbox 2382 1677 3964 1748; baseline -0.001 -18"><span class='ocrx_word' id='word_1_212' title='bbox 2382 1681 2447 1747; x_wconf 81' lang='grc' dir='ltr'>τῇ</span> <span class='ocrx_word' id='word_1_213' title='bbox 2484 1681 2736 1745; x_wconf 82' lang='grc' dir='ltr'>Χριστὸς</span> <span class='ocrx_word' id='word_1_214' title='bbox 2765 1677 3109 1748; x_wconf 67' lang='grc' dir='ltr'>προσηγορία</span> <span class='ocrx_word' id='word_1_215' title='bbox 3138 1680 3345 1731; x_wconf 78' lang='grc' dir='ltr'><strong>νύττων</strong></span> <span class='ocrx_word' id='word_1_216' title='bbox 3369 1694 3463 1729; x_wconf 81' lang='grc' dir='ltr'><strong>σου</strong></span> <span class='ocrx_word' id='word_1_217' title='bbox 3490 1678 3583 1727; x_wconf 75' lang='grc' dir='ltr'>τὸν</span> <span class='ocrx_word' id='word_1_218' title='bbox 3610 1677 3964 1744; x_wconf 67' lang='grc' dir='ltr'>διαλογισμὸν</span> 
     </span>
    </p>
   </div>
   <div class='ocr_carea' id='block_1_32' title="bbox 713 1760 2376 1840">
    <p class='ocr_par' dir='ltr' id='par_1_32' title="bbox 713 1760 2252 1840">
     <span class='ocr_line' id='line_1_32' title="bbox 713 1760 2252 1840; baseline 0.01 -27"><span class='ocrx_word' id='word_1_219' title='bbox 713 1760 858 1814; x_wconf 91' lang='lat' dir='ltr'><strong>cnim</strong></span> <span class='ocrx_word' id='word_1_220' title='bbox 879 1764 1144 1820; x_wconf 81' lang='lat' dir='ltr'><strong>dixisset:</strong></span> <span class='ocrx_word' id='word_1_221' title='bbox 1182 1766 1251 1822; x_wconf 89' lang='lat' dir='ltr'><strong>Ut</strong></span> <span class='ocrx_word' id='word_1_222' title='bbox 1288 1781 1626 1840; x_wconf 75' lang='lat' dir='ltr'><strong>cognoscant</strong></span> <span class='ocrx_word' id='word_1_223' title='bbox 1680 1781 1729 1825; x_wconf 91' lang='lat' dir='ltr'><strong>te</strong></span> <span class='ocrx_word' id='word_1_224' title='bbox 1758 1772 1935 1826; x_wconf 90' lang='lat' dir='ltr'><strong>solum</strong></span> <span class='ocrx_word' id='word_1_225' title='bbox 1986 1772 2157 1828; x_wconf 87' lang='lat' dir='ltr'><strong>Deum</strong></span> <span class='ocrx_word' id='word_1_226' title='bbox 2191 1790 2252 1829; x_wconf 82' lang='lat' dir='ltr'><strong>ve</strong></span> 
     </span>
    </p>
   </div>
   <div class='ocr_carea' id='block_1_33' title="bbox 2299 1760 3962 1840">
    <p class='ocr_par' dir='ltr' id='par_1_33' title="bbox 2381 1765 3962 1840">
     <span class='ocr_line' id='line_1_33' title="bbox 2381 1765 3962 1840; baseline -0.003 -18"><span class='ocrx_word' id='word_1_227' title='bbox 2381 1769 2481 1837; x_wconf 86' lang='grc' dir='ltr'>τῆς</span> <span class='ocrx_word' id='word_1_228' title='bbox 2513 1771 2827 1837; x_wconf 76' lang='grc' dir='ltr'>οἰκονομίας</span> <span class='ocrx_word' id='word_1_229' title='bbox 2882 1769 3209 1840; x_wconf 82' lang='grc' dir='ltr'>μνησθῆναι.</span> <span class='ocrx_word' id='word_1_230' title='bbox 3249 1769 3311 1821; x_wconf 84' lang='lat' dir='ltr'><strong>El</strong></span> <span class='ocrx_word' id='word_1_231' title='bbox 3358 1768 3456 1839; x_wconf 80' lang='grc' dir='ltr'>μὲν</span> <span class='ocrx_word' id='word_1_232' title='bbox 3497 1768 3607 1838; x_wconf 83' lang='grc' dir='ltr'><strong>γὰρ</strong></span> <span class='ocrx_word' id='word_1_233' title='bbox 3643 1765 3802 1829; x_wconf 82' lang='grc' dir='ltr'>εἷπε,</span> <span class='ocrx_word' id='word_1_234' title='bbox 3845 1769 3962 1819; x_wconf 84' lang='grc' dir='ltr'><strong>Ἱνα</strong></span> 
     </span>
    </p>
   </div>
   <div class='ocr_carea' id='block_1_34' title="bbox 713 1845 2376 1935">
    <p class='ocr_par' dir='ltr' id='par_1_34' title="bbox 713 1845 2356 1935">
     <span class='ocr_line' id='line_1_34' title="bbox 713 1845 2356 1935; baseline 0.01 -30"><span class='ocrx_word' id='word_1_235' title='bbox 713 1869 834 1908; x_wconf 91' lang='lat' dir='ltr'><strong>rum</strong></span> <span class='ocrx_word' id='word_1_236' title='bbox 866 1866 914 1909; x_wconf 81' lang='lat' dir='ltr'><strong>et</strong></span> <span class='ocrx_word' id='word_1_237' title='bbox 949 1856 1183 1923; x_wconf 84' lang='lat' dir='ltr'><strong>Patrem,</strong></span> <span class='ocrx_word' id='word_1_238' title='bbox 1217 1865 1528 1917; x_wconf 83' lang='lat' dir='ltr'><strong>necessario</strong></span> <span class='ocrx_word' id='word_1_239' title='bbox 1566 1864 1860 1935; x_wconf 70' lang='lat' dir='ltr'><strong>adjecisset</strong></span> <span class='ocrx_word' id='word_1_240' title='bbox 1892 1865 1985 1919; x_wconf 86' lang='lat' dir='ltr'><strong>Dei</strong></span> <span class='ocrx_word' id='word_1_241' title='bbox 2028 1866 2279 1921; x_wconf 58' lang='lat' dir='ltr'><strong>denomi-</strong></span> <span class='ocrx_word' id='word_1_242' title='bbox 2316 1845 2356 1902; x_wconf 67' lang='grc' dir='ltr'><strong>Β</strong></span> 
     </span>
    </p>
   </div>
   <div class='ocr_carea' id='block_1_35' title="bbox 2299 1845 3962 1935">
    <p class='ocr_par' dir='ltr' id='par_1_35' title="bbox 2316 1845 3962 1931">
     <span class='ocr_line' id='line_1_35' title="bbox 2316 1845 3962 1931; baseline -0.005 -15"><span class='ocrx_word' id='word_1_243' title='bbox 2316 1845 2356 1902; x_wconf 69' lang='grc' dir='ltr'><strong>Β</strong></span> <span class='ocrx_word' id='word_1_244' title='bbox 2382 1858 2693 1930; x_wconf 75' lang='grc' dir='ltr'>γινώσκωσι</span> <span class='ocrx_word' id='word_1_245' title='bbox 2728 1879 2787 1915; x_wconf 91' lang='grc' dir='ltr'><strong>σε</strong></span> <span class='ocrx_word' id='word_1_246' title='bbox 2818 1862 2909 1915; x_wconf 87' lang='grc' dir='ltr'>τὸν</span> <span class='ocrx_word' id='word_1_247' title='bbox 2940 1864 3097 1931; x_wconf 78' lang='grc' dir='ltr'>μόνον</span> <span class='ocrx_word' id='word_1_248' title='bbox 3118 1860 3368 1929; x_wconf 74' lang='grc' dir='ltr'>ἀληθινὸν</span> <span class='ocrx_word' id='word_1_249' title='bbox 3399 1861 3532 1913; x_wconf 83' lang='grc' dir='ltr'>Θεὸν</span> <span class='ocrx_word' id='word_1_250' title='bbox 3565 1862 3658 1913; x_wconf 77' lang='grc' dir='ltr'><strong>καὶ</strong></span> <span class='ocrx_word' id='word_1_251' title='bbox 3708 1861 3962 1929; x_wconf 78' lang='grc' dir='ltr'><strong>Πατέρα,</strong></span> 
     </span>
    </p>
   </div>
   <div class='ocr_carea' id='block_1_36' title="bbox 710 1949 2373 2026">
    <p class='ocr_par' dir='ltr' id='par_1_36' title="bbox 710 1949 2279 2026">
     <span class='ocr_line' id='line_1_36' title="bbox 710 1949 2279 2026; baseline 0.011 -27"><span class='ocrx_word' id='word_1_252' title='bbox 710 1949 1017 2015; x_wconf 87' lang='lat' dir='ltr'><strong>nationem;</strong></span> <span class='ocrx_word' id='word_1_253' title='bbox 1070 1968 1194 2008; x_wconf 92' lang='lat' dir='ltr'><strong>cum</strong></span> <span class='ocrx_word' id='word_1_254' title='bbox 1256 1966 1436 2010; x_wconf 87' lang='lat' dir='ltr'><strong>autem</strong></span> <span class='ocrx_word' id='word_1_255' title='bbox 1494 1974 1601 2012; x_wconf 91' lang='lat' dir='ltr'><strong>non</strong></span> <span class='ocrx_word' id='word_1_256' title='bbox 1673 1959 1886 2013; x_wconf 82' lang='lat' dir='ltr'><strong>Patrem</strong></span> <span class='ocrx_word' id='word_1_257' title='bbox 1939 1960 2099 2026; x_wconf 78' lang='lat' dir='ltr'><strong>dixit,</strong></span> <span class='ocrx_word' id='word_1_258' title='bbox 2159 1962 2279 2016; x_wconf 91' lang='lat' dir='ltr'><strong>ideo</strong></span> 
     </span>
    </p>
   </div>
   <div class='ocr_carea' id='block_1_37' title="bbox 2300 1949 3963 2026">
    <p class='ocr_par' dir='ltr' id='par_1_37' title="bbox 2380 1953 3963 2025">
     <span class='ocr_line' id='line_1_37' title="bbox 2380 1953 3963 2025; baseline -0.001 -20"><span class='ocrx_word' id='word_1_259' title='bbox 2380 1954 2697 2022; x_wconf 75' lang='grc' dir='ltr'><strong>ἀναγκαίως</strong></span> <span class='ocrx_word' id='word_1_260' title='bbox 2730 1955 2904 2025; x_wconf 69' lang='grc' dir='ltr'>ἒπῆγε</span> <span class='ocrx_word' id='word_1_261' title='bbox 2936 1954 3073 2007; x_wconf 72' lang='grc' dir='ltr'>Θεοῦ</span> <span class='ocrx_word' id='word_1_262' title='bbox 3103 1953 3513 2024; x_wconf 79' lang='grc' dir='ltr'><strong>προσηγορίαν·</strong></span> <span class='ocrx_word' id='word_1_263' title='bbox 3544 1954 3735 2024; x_wconf 73' lang='grc' dir='ltr'>ἐπειδὴ</span> <span class='ocrx_word' id='word_1_264' title='bbox 3772 1953 3830 2005; x_wconf 75' lang='grc' dir='ltr'>δὲ</span> <span class='ocrx_word' id='word_1_265' title='bbox 3861 1954 3963 2004; x_wconf 63' lang='grc' dir='ltr'><strong>οὐκ</strong></span> 
     </span>
    </p>
   </div>
   <div class='ocr_carea' id='block_1_38' title="bbox 707 2041 2278 2118">
    <p class='ocr_par' dir='ltr' id='par_1_38' title="bbox 707 2041 2278 2118">
     <span class='ocr_line' id='line_1_38' title="bbox 707 2041 2278 2118; baseline 0.01 -27"><span class='ocrx_word' id='word_1_266' title='bbox 707 2041 893 2095; x_wconf 88' lang='lat' dir='ltr'><strong>omisit</strong></span> <span class='ocrx_word' id='word_1_267' title='bbox 915 2041 1110 2097; x_wconf 88' lang='lat' dir='ltr'><strong>Filium</strong></span> <span class='ocrx_word' id='word_1_268' title='bbox 1146 2046 1349 2101; x_wconf 86' lang='lat' dir='ltr'><strong>dicere.</strong></span> <span class='ocrx_word' id='word_1_269' title='bbox 1384 2048 1500 2104; x_wconf 87' lang='lat' dir='ltr'><strong>Non</strong></span> <span class='ocrx_word' id='word_1_270' title='bbox 1541 2052 1686 2104; x_wconf 86' lang='lat' dir='ltr'><strong>enim</strong></span> <span class='ocrx_word' id='word_1_271' title='bbox 1726 2067 2013 2118; x_wconf 80' lang='lat' dir='ltr'><strong>personas,</strong></span> <span class='ocrx_word' id='word_1_272' title='bbox 2050 2053 2143 2107; x_wconf 81' lang='lat' dir='ltr'><strong>sed</strong></span> <span class='ocrx_word' id='word_1_273' title='bbox 2180 2069 2278 2107; x_wconf 85' lang='lat' dir='ltr'><strong>na-</strong></span> 
     </span>
    </p>
   </div>
   <div class='ocr_carea' id='block_1_39' title="bbox 709 2136 2280 2212">
    <p class='ocr_par' dir='ltr' id='par_1_39' title="bbox 709 2136 2280 2212">
     <span class='ocr_line' id='line_1_39' title="bbox 709 2136 2280 2212; baseline 0.011 -29"><span class='ocrx_word' id='word_1_274' title='bbox 709 2142 860 2187; x_wconf 89' lang='lat' dir='ltr'><strong>turas</strong></span> <span class='ocrx_word' id='word_1_275' title='bbox 912 2136 1070 2191; x_wconf 87' lang='lat' dir='ltr'><strong>nobis</strong></span> <span class='ocrx_word' id='word_1_276' title='bbox 1120 2140 1371 2206; x_wconf 71' lang='lat' dir='ltr'><strong>pra-buit,</strong></span> <span class='ocrx_word' id='word_1_277' title='bbox 1408 2151 1461 2196; x_wconf 87' lang='lat' dir='ltr'><strong>et</strong></span> <span class='ocrx_word' id='word_1_278' title='bbox 1505 2144 1650 2212; x_wconf 87' lang='lat' dir='ltr'><strong>quod</strong></span> <span class='ocrx_word' id='word_1_279' title='bbox 1691 2145 1823 2199; x_wconf 85' lang='lat' dir='ltr'><strong>dicit</strong></span> <span class='ocrx_word' id='word_1_280' title='bbox 1864 2162 2061 2209; x_wconf 85' lang='lat' dir='ltr'><strong>verum,</strong></span> <span class='ocrx_word' id='word_1_281' title='bbox 2089 2146 2157 2201; x_wconf 91' lang='lat' dir='ltr'><strong>de</strong></span> <span class='ocrx_word' id='word_1_282' title='bbox 2195 2149 2280 2201; x_wconf 81' lang='lat' dir='ltr'><strong>di-</strong></span> 
     </span>
    </p>
   </div>
   <div class='ocr_carea' id='block_1_40' title="bbox 708 2227 2278 2303">
    <p class='ocr_par' dir='ltr' id='par_1_40' title="bbox 708 2227 2278 2303">
     <span class='ocr_line' id='line_1_40' title="bbox 708 2227 2278 2303; baseline 0.01 -27"><span class='ocrx_word' id='word_1_283' title='bbox 708 2227 832 2280; x_wconf 90' lang='lat' dir='ltr'><strong>vina</strong></span> <span class='ocrx_word' id='word_1_284' title='bbox 870 2238 1063 2281; x_wconf 84' lang='lat' dir='ltr'><strong>natura</strong></span> <span class='ocrx_word' id='word_1_285' title='bbox 1101 2231 1269 2297; x_wconf 83' lang='lat' dir='ltr'><strong>dicit;</strong></span> <span class='ocrx_word' id='word_1_286' title='bbox 1298 2242 1371 2297; x_wconf 91' lang='lat' dir='ltr'><strong>et,</strong></span> <span class='ocrx_word' id='word_1_287' title='bbox 1408 2249 1570 2303; x_wconf 91' lang='lat' dir='ltr'><strong>quem</strong></span> <span class='ocrx_word' id='word_1_288' title='bbox 1634 2236 1830 2290; x_wconf 91' lang='lat' dir='ltr'><strong>misisti</strong></span> <span class='ocrx_word' id='word_1_289' title='bbox 1883 2235 2069 2290; x_wconf 85' lang='lat' dir='ltr'><strong>Jesum</strong></span> <span class='ocrx_word' id='word_1_290' title='bbox 2117 2238 2278 2292; x_wconf 84' lang='lat' dir='ltr'><strong>Chri-</strong></span> 
     </span>
    </p>
   </div>
   <div class='ocr_carea' id='block_1_41' title="bbox 707 2320 2274 2384">
    <p class='ocr_par' dir='ltr' id='par_1_41' title="bbox 707 2320 2274 2384">
     <span class='ocr_line' id='line_1_41' title="bbox 707 2320 2274 2384; baseline 0.009 -15"><span class='ocrx_word' id='word_1_291' title='bbox 707 2327 873 2383; x_wconf 76' lang='lat' dir='ltr'><strong>stum,</strong></span> <span class='ocrx_word' id='word_1_292' title='bbox 898 2320 963 2373; x_wconf 91' lang='lat' dir='ltr'><strong>de</strong></span> <span class='ocrx_word' id='word_1_293' title='bbox 996 2322 1229 2375; x_wconf 90' lang='lat' dir='ltr'><strong>lntmana</strong></span> <span class='ocrx_word' id='word_1_294' title='bbox 1261 2324 1394 2379; x_wconf 89' lang='lat' dir='ltr'><strong>dicit</strong></span> <span class='ocrx_word' id='word_1_295' title='bbox 1428 2336 1641 2380; x_wconf 88' lang='lat' dir='ltr'><strong>natura.</strong></span> <span class='ocrx_word' id='word_1_296' title='bbox 1683 2327 1822 2382; x_wconf 90' lang='lat' dir='ltr'><strong>Sicit</strong></span> <span class='ocrx_word' id='word_1_297' title='bbox 1860 2328 2059 2384; x_wconf 81' lang='lat' dir='ltr'><strong>Paulus</strong></span> <span class='ocrx_word' id='word_1_298' title='bbox 2098 2330 2227 2383; x_wconf 87' lang='lat' dir='ltr'><strong>dicit</strong></span> <span class='ocrx_word' id='word_1_299' title='bbox 2263 2350 2274 2383; x_wconf 93' lang='lat'>:</span> 
     </span>
    </p>
   </div>
   <div class='ocr_carea' id='block_1_42' title="bbox 711 2410 2279 2485">
    <p class='ocr_par' dir='ltr' id='par_1_42' title="bbox 711 2410 2279 2485">
     <span class='ocr_line' id='line_1_42' title="bbox 711 2410 2279 2485; baseline 0.008 -23"><span class='ocrx_word' id='word_1_300' title='bbox 711 2410 852 2462; x_wconf 74' lang='lat' dir='ltr'><strong>Unus</strong></span> <span class='ocrx_word' id='word_1_301' title='bbox 886 2414 1144 2466; x_wconf 61' lang='lat' dir='ltr'><strong>mediator</strong></span> <span class='ocrx_word' id='word_1_302' title='bbox 1176 2415 1272 2468; x_wconf 84' lang='lat' dir='ltr'><strong>Dei</strong></span> <span class='ocrx_word' id='word_1_303' title='bbox 1320 2425 1368 2469; x_wconf 83' lang='lat' dir='ltr'><strong>et</strong></span> <span class='ocrx_word' id='word_1_304' title='bbox 1410 2417 1700 2485; x_wconf 84' lang='lat' dir='ltr'><strong>hominum,</strong></span> <span class='ocrx_word' id='word_1_305' title='bbox 1750 2422 1903 2474; x_wconf 90' lang='lat' dir='ltr'><strong>homo</strong></span> <span class='ocrx_word' id='word_1_306' title='bbox 1942 2420 2098 2475; x_wconf 83' lang='lat' dir='ltr'><strong>Jesus</strong></span> <span class='ocrx_word' id='word_1_307' title='bbox 2125 2421 2279 2477; x_wconf 86' lang='lat' dir='ltr'><strong>Chri-</strong></span> 
     </span>
    </p>
   </div>
   <div class='ocr_carea' id='block_1_43' title="bbox 706 2504 2278 2575">
    <p class='ocr_par' dir='ltr' id='par_1_43' title="bbox 706 2504 2278 2575">
     <span class='ocr_line' id='line_1_43' title="bbox 706 2504 2278 2575; baseline 0.011 -23"><span class='ocrx_word' id='word_1_308' title='bbox 706 2513 841 2556; x_wconf 80' lang='lat' dir='ltr'><strong>stus.</strong></span> <span class='ocrx_word' id='word_1_309' title='bbox 880 2504 1059 2573; x_wconf 90' lang='lat' dir='ltr'><strong>Ipsum</strong></span> <span class='ocrx_word' id='word_1_310' title='bbox 1105 2509 1249 2559; x_wconf 88' lang='lat' dir='ltr'><strong>enim</strong></span> <span class='ocrx_word' id='word_1_311' title='bbox 1306 2510 1521 2575; x_wconf 88' lang='lat' dir='ltr'><strong>misisti,</strong></span> <span class='ocrx_word' id='word_1_312' title='bbox 1559 2526 1743 2566; x_wconf 87' lang='lat' dir='ltr'><strong>nonne</strong></span> <span class='ocrx_word' id='word_1_313' title='bbox 1787 2513 2081 2568; x_wconf 87' lang='lat' dir='ltr'><strong>humanam</strong></span> <span class='ocrx_word' id='word_1_314' title='bbox 2116 2525 2278 2569; x_wconf 83' lang='lat' dir='ltr'><strong>natu-</strong></span> 
     </span>
    </p>
   </div>
   <div class='ocr_carea' id='block_1_44' title="bbox 706 2598 2277 2671">
    <p class='ocr_par' dir='ltr' id='par_1_44' title="bbox 706 2598 2277 2671">
     <span class='ocr_line' id='line_1_44' title="bbox 706 2598 2277 2671; baseline 0.01 -26"><span class='ocrx_word' id='word_1_315' title='bbox 706 2608 819 2646; x_wconf 88' lang='lat' dir='ltr'><strong>ram</strong></span> <span class='ocrx_word' id='word_1_316' title='bbox 869 2598 1143 2651; x_wconf 82' lang='lat' dir='ltr'><strong>ostendit?</strong></span> <span class='ocrx_word' id='word_1_317' title='bbox 1198 2598 1328 2653; x_wconf 78' lang='lat' dir='ltr'><strong>Nam</strong></span> <span class='ocrx_word' id='word_1_318' title='bbox 1387 2603 1480 2671; x_wconf 87' lang='lat' dir='ltr'><strong>qui</strong></span> <span class='ocrx_word' id='word_1_319' title='bbox 1541 2613 1669 2657; x_wconf 88' lang='lat' dir='ltr'><strong>ante</strong></span> <span class='ocrx_word' id='word_1_320' title='bbox 1722 2604 2156 2661; x_wconf 73' lang='lat' dir='ltr'><strong>incarnationem</strong></span> <span class='ocrx_word' id='word_1_321' title='bbox 2225 2610 2277 2661; x_wconf 92' lang='lat' dir='ltr'><strong>in</strong></span> 
     </span>
    </p>
   </div>
   <div class='ocr_carea' id='block_1_45' title="bbox 705 2687 2279 2767">
    <p class='ocr_par' dir='ltr' id='par_1_45' title="bbox 705 2687 2279 2767">
     <span class='ocr_line' id='line_1_45' title="bbox 705 2687 2279 2767; baseline 0.01 -29"><span class='ocrx_word' id='word_1_322' title='bbox 705 2687 911 2741; x_wconf 88' lang='lat' dir='ltr'><strong>mundo</strong></span> <span class='ocrx_word' id='word_1_323' title='bbox 963 2697 1101 2753; x_wconf 87' lang='lat' dir='ltr'><strong>erat,</strong></span> <span class='ocrx_word' id='word_1_324' title='bbox 1152 2693 1293 2745; x_wconf 84' lang='lat' dir='ltr'><strong>sicut</strong></span> <span class='ocrx_word' id='word_1_325' title='bbox 1351 2694 1485 2748; x_wconf 73' lang='lat' dir='ltr'><strong>dicit</strong></span> <span class='ocrx_word' id='word_1_326' title='bbox 1542 2698 1899 2767; x_wconf 72' lang='lat' dir='ltr'><strong>evangelista,</strong></span> <span class='ocrx_word' id='word_1_327' title='bbox 1962 2699 2015 2751; x_wconf 92' lang='lat' dir='ltr'><strong>in</strong></span> <span class='ocrx_word' id='word_1_328' title='bbox 2068 2700 2279 2753; x_wconf 90' lang='lat' dir='ltr'><strong>mundo</strong></span> 
     </span>
    </p>
   </div>
   <div class='ocr_carea' id='block_1_46' title="bbox 703 2782 2279 2857">
    <p class='ocr_par' dir='ltr' id='par_1_46' title="bbox 703 2782 2279 2857">
     <span class='ocr_line' id='line_1_46' title="bbox 703 2782 2279 2857; baseline 0.008 -26"><span class='ocrx_word' id='word_1_329' title='bbox 703 2791 841 2841; x_wconf 84' lang='lat' dir='ltr'><strong>erat,</strong></span> <span class='ocrx_word' id='word_1_330' title='bbox 866 2782 1142 2848; x_wconf 84' lang='lat' dir='ltr'><strong>quomodo</strong></span> <span class='ocrx_word' id='word_1_331' title='bbox 1165 2784 1472 2839; x_wconf 80' lang='lat' dir='ltr'><strong>mitteretur</strong></span> <span class='ocrx_word' id='word_1_332' title='bbox 1503 2803 1626 2841; x_wconf 89' lang='lat' dir='ltr'><strong>cum</strong></span> <span class='ocrx_word' id='word_1_333' title='bbox 1652 2788 1759 2857; x_wconf 75' lang='lat' dir='ltr'><strong>iam</strong></span> <span class='ocrx_word' id='word_1_334' title='bbox 1781 2790 1833 2843; x_wconf 92' lang='lat' dir='ltr'><strong>in</strong></span> <span class='ocrx_word' id='word_1_335' title='bbox 1859 2790 2062 2843; x_wconf 90' lang='lat' dir='ltr'><strong>mundo</strong></span> <span class='ocrx_word' id='word_1_336' title='bbox 2099 2792 2279 2845; x_wconf 78' lang='lat' dir='ltr'><strong>esset?</strong></span> 
     </span>
    </p>
   </div>
   <div class='ocr_carea' id='block_1_47' title="bbox 706 2868 2277 2947">
    <p class='ocr_par' dir='ltr' id='par_1_47' title="bbox 706 2868 2277 2947">
     <span class='ocr_line' id='line_1_47' title="bbox 706 2868 2277 2947; baseline 0.008 -27"><span class='ocrx_word' id='word_1_337' title='bbox 706 2868 810 2922; x_wconf 84' lang='lat' dir='ltr'><strong>Sed</strong></span> <span class='ocrx_word' id='word_1_338' title='bbox 840 2872 968 2940; x_wconf 88' lang='lat' dir='ltr'><strong>quid</strong></span> <span class='ocrx_word' id='word_1_339' title='bbox 1002 2873 1231 2927; x_wconf 90' lang='lat' dir='ltr'><strong>missum</strong></span> <span class='ocrx_word' id='word_1_340' title='bbox 1265 2877 1388 2929; x_wconf 85' lang='lat' dir='ltr'><strong>est?</strong></span> <span class='ocrx_word' id='word_1_341' title='bbox 1428 2874 1675 2932; x_wconf 80' lang='lat' dir='ltr'><strong>Visibilis</strong></span> <span class='ocrx_word' id='word_1_342' title='bbox 1702 2878 1897 2933; x_wconf 82' lang='lat' dir='ltr'><strong>forma.</strong></span> <span class='ocrx_word' id='word_1_343' title='bbox 1935 2878 2075 2944; x_wconf 86' lang='lat' dir='ltr'><strong>Quid</strong></span> <span class='ocrx_word' id='word_1_344' title='bbox 2111 2880 2277 2947; x_wconf 78' lang='lat' dir='ltr'><strong>igitur</strong></span> 
     </span>
    </p>
   </div>
   <div class='ocr_carea' id='block_1_48' title="bbox 703 2963 2269 3035">
    <p class='ocr_par' dir='ltr' id='par_1_48' title="bbox 703 2963 2269 3035">
     <span class='ocr_line' id='line_1_48' title="bbox 703 2963 2269 3035; baseline 0.008 -21"><span class='ocrx_word' id='word_1_345' title='bbox 703 2963 839 3029; x_wconf 77' lang='lat' dir='ltr'><strong>vult,</strong></span> <span class='ocrx_word' id='word_1_346' title='bbox 915 2965 976 3019; x_wconf 85' lang='lat' dir='ltr'><strong>Et</strong></span> <span class='ocrx_word' id='word_1_347' title='bbox 1025 2982 1177 3035; x_wconf 86' lang='lat' dir='ltr'><strong>quem</strong></span> <span class='ocrx_word' id='word_1_348' title='bbox 1235 2968 1423 3023; x_wconf 82' lang='lat' dir='ltr'><strong>misisti</strong></span> <span class='ocrx_word' id='word_1_349' title='bbox 1484 2969 1665 3024; x_wconf 70' lang='lat' dir='ltr'><strong>Iesum</strong></span> <span class='ocrx_word' id='word_1_350' title='bbox 1697 2970 2002 3026; x_wconf 80' lang='lat' dir='ltr'><strong>Christum?</strong></span> <span class='ocrx_word' id='word_1_351' title='bbox 2055 2971 2269 3027; x_wconf 78' lang='lat' dir='ltr'><strong>Rursus</strong></span> 
     </span>
    </p>
   </div>
   <div class='ocr_carea' id='block_1_49' title="bbox 704 3057 2277 3135">
    <p class='ocr_par' dir='ltr' id='par_1_49' title="bbox 704 3057 2277 3135">
     <span class='ocr_line' id='line_1_49' title="bbox 704 3057 2277 3135; baseline 0.005 -26"><span class='ocrx_word' id='word_1_352' title='bbox 704 3057 1049 3127; x_wconf 78' lang='lat' dir='ltr'><strong>interrogas?</strong></span> <span class='ocrx_word' id='word_1_353' title='bbox 1095 3059 1233 3114; x_wconf 80' lang='lat' dir='ltr'><strong>Audi</strong></span> <span class='ocrx_word' id='word_1_354' title='bbox 1288 3078 1302 3115; x_wconf 89' lang='lat'><strong>:</strong></span> <span class='ocrx_word' id='word_1_355' title='bbox 1353 3077 1420 3115; x_wconf 88' lang='lat' dir='ltr'><strong>ne</strong></span> <span class='ocrx_word' id='word_1_356' title='bbox 1467 3060 1896 3118; x_wconf 88' lang='lat' dir='ltr'><strong>incarnationem</strong></span> <span class='ocrx_word' id='word_1_357' title='bbox 1956 3079 2142 3135; x_wconf 78' lang='lat' dir='ltr'><strong>neges,</strong></span> <span class='ocrx_word' id='word_1_358' title='bbox 2208 3078 2277 3117; x_wconf 91' lang='lat' dir='ltr'><strong>ne</strong></span> 
     </span>
    </p>
   </div>
   <div class='ocr_carea' id='block_1_50' title="bbox 2380 2040 3961 2118">
    <p class='ocr_par' dir='ltr' id='par_1_50' title="bbox 2380 2040 3961 2118">
     <span class='ocr_line' id='line_1_50' title="bbox 2380 2040 3961 2118; baseline 0 -21"><span class='ocrx_word' id='word_1_359' title='bbox 2380 2040 2534 2100; x_wconf 76' lang='grc' dir='ltr'>εἶπεν</span> <span class='ocrx_word' id='word_1_360' title='bbox 2568 2047 2817 2118; x_wconf 77' lang='grc' dir='ltr'>Πατέρα,</span> <span class='ocrx_word' id='word_1_361' title='bbox 2860 2046 2947 2100; x_wconf 73' lang='grc' dir='ltr'><strong>διὰ</strong></span> <span class='ocrx_word' id='word_1_362' title='bbox 2983 2045 3142 2100; x_wconf 81' lang='grc' dir='ltr'>τοῦτο</span> <span class='ocrx_word' id='word_1_363' title='bbox 3176 2047 3425 2117; x_wconf 81' lang='grc' dir='ltr'>παρῆκεν</span> <span class='ocrx_word' id='word_1_364' title='bbox 3468 2047 3646 2099; x_wconf 81' lang='grc' dir='ltr'>είπεῐν</span> <span class='ocrx_word' id='word_1_365' title='bbox 3671 2047 3767 2098; x_wconf 74' lang='grc' dir='ltr'><strong>καὶ</strong></span> <span class='ocrx_word' id='word_1_366' title='bbox 3803 2046 3961 2103; x_wconf 75' lang='grc' dir='ltr'>Υξὸν.</span> 
     </span>
    </p>
   </div>
   <div class='ocr_carea' id='block_1_51' title="bbox 2382 2140 3965 2211">
    <p class='ocr_par' dir='ltr' id='par_1_51' title="bbox 2382 2140 3965 2211">
     <span class='ocr_line' id='line_1_51' title="bbox 2382 2140 3965 2211; baseline 0 -19"><span class='ocrx_word' id='word_1_367' title='bbox 2382 2140 2457 2194; x_wconf 81' lang='grc' dir='ltr'><strong>Οὐ</strong></span> <span class='ocrx_word' id='word_1_368' title='bbox 2490 2140 2599 2211; x_wconf 78' lang='grc' dir='ltr'><strong>γὰρ</strong></span> <span class='ocrx_word' id='word_1_369' title='bbox 2630 2141 2920 2210; x_wconf 84' lang='grc' dir='ltr'>πρόσωπα,</span> <span class='ocrx_word' id='word_1_370' title='bbox 2962 2140 3098 2194; x_wconf 80' lang='grc' dir='ltr'>ἀλλὰ</span> <span class='ocrx_word' id='word_1_371' title='bbox 3136 2140 3325 2209; x_wconf 77' lang='grc' dir='ltr'>φύσεις</span> <span class='ocrx_word' id='word_1_372' title='bbox 3358 2143 3489 2210; x_wconf 82' lang='grc' dir='ltr'>ἡμῖν</span> <span class='ocrx_word' id='word_1_373' title='bbox 3518 2140 3811 2209; x_wconf 77' lang='grc' dir='ltr'>παρεδίδου</span> <span class='ocrx_word' id='word_1_374' title='bbox 3837 2157 3853 2170; x_wconf 95' lang='grc'><strong>·</strong></span> <span class='ocrx_word' id='word_1_375' title='bbox 3902 2140 3965 2192; x_wconf 80' lang='grc' dir='ltr'>τὸ</span> 
     </span>
    </p>
   </div>
   <div class='ocr_carea' id='block_1_52' title="bbox 2384 2232 3965 2303">
    <p class='ocr_par' dir='ltr' id='par_1_52' title="bbox 2384 2232 3965 2303">
     <span class='ocr_line' id='line_1_52' title="bbox 2384 2232 3965 2303; baseline -0.001 -19"><span class='ocrx_word' id='word_1_376' title='bbox 2384 2233 2484 2301; x_wconf 79' lang='grc' dir='ltr'>μὲν</span> <span class='ocrx_word' id='word_1_377' title='bbox 2512 2232 2789 2301; x_wconf 82' lang='grc' dir='ltr'>ἀληθινὸν,</span> <span class='ocrx_word' id='word_1_378' title='bbox 2823 2232 2921 2303; x_wconf 82' lang='grc' dir='ltr'>τὴν</span> <span class='ocrx_word' id='word_1_379' title='bbox 2959 2234 3111 2287; x_wconf 80' lang='grc' dir='ltr'>θείαν</span> <span class='ocrx_word' id='word_1_380' title='bbox 3139 2232 3301 2301; x_wconf 80' lang='grc' dir='ltr'>φύσιν</span> <span class='ocrx_word' id='word_1_381' title='bbox 3322 2249 3337 2265; x_wconf 91' lang='grc'><strong>·</strong></span> <span class='ocrx_word' id='word_1_382' title='bbox 3365 2233 3428 2285; x_wconf 89' lang='grc' dir='ltr'>τὸ</span> <span class='ocrx_word' id='word_1_383' title='bbox 3453 2233 3533 2296; x_wconf 80' lang='grc' dir='ltr'><strong>δὲ,</strong></span> <span class='ocrx_word' id='word_1_384' title='bbox 3569 2236 3667 2285; x_wconf 83' lang='grc' dir='ltr'>ὐν</span> <span class='ocrx_word' id='word_1_385' title='bbox 3708 2233 3965 2285; x_wconf 82' lang='grc' dir='ltr'>ἀπέστει-</span> 
     </span>
    </p>
   </div>
   <div class='ocr_carea' id='block_1_53' title="bbox 2379 2326 3960 2401">
    <p class='ocr_par' dir='ltr' id='par_1_53' title="bbox 2379 2326 3960 2401">
     <span class='ocr_line' id='line_1_53' title="bbox 2379 2326 3960 2401; baseline -0.001 -22"><span class='ocrx_word' id='word_1_386' title='bbox 2379 2328 2477 2389; x_wconf 83' lang='grc' dir='ltr'>λας</span> <span class='ocrx_word' id='word_1_387' title='bbox 2514 2327 2722 2401; x_wconf 83' lang='grc' dir='ltr'>Ἰησοῦν</span> <span class='ocrx_word' id='word_1_388' title='bbox 2754 2326 3012 2397; x_wconf 81' lang='grc' dir='ltr'>Χριστὸν,</span> <span class='ocrx_word' id='word_1_389' title='bbox 3049 2327 3148 2397; x_wconf 82' lang='grc' dir='ltr'>τὴν</span> <span class='ocrx_word' id='word_1_390' title='bbox 3180 2327 3562 2398; x_wconf 77' lang='grc' dir='ltr'><strong>ἀνθρωπείαν·</strong></span> <span class='ocrx_word' id='word_1_391' title='bbox 3592 2326 3779 2389; x_wconf 84' lang='grc' dir='ltr'>καθὼς</span> <span class='ocrx_word' id='word_1_392' title='bbox 3812 2327 3960 2380; x_wconf 67' lang='grc' dir='ltr'><strong>Παζ-</strong></span> 
     </span>
    </p>
   </div>
   <div class='ocr_carea' id='block_1_54' title="bbox 2378 2417 3960 2490">
    <p class='ocr_par' dir='ltr' id='par_1_54' title="bbox 2378 2417 3960 2490">
     <span class='ocr_line' id='line_1_54' title="bbox 2378 2417 3960 2490; baseline 0.001 -19"><span class='ocrx_word' id='word_1_393' title='bbox 2378 2419 2468 2483; x_wconf 78' lang='grc' dir='ltr'><strong>λός</strong></span> <span class='ocrx_word' id='word_1_394' title='bbox 2499 2436 2696 2490; x_wconf 87' lang='grc' dir='ltr'>φησιν·</span> <span class='ocrx_word' id='word_1_395' title='bbox 2733 2417 2834 2486; x_wconf 79' lang='grc' dir='ltr'><strong>Εἷς</strong></span> <span class='ocrx_word' id='word_1_396' title='bbox 2865 2422 2961 2473; x_wconf 75' lang='grc' dir='ltr'><strong>καὶ</strong></span> <span class='ocrx_word' id='word_1_397' title='bbox 2992 2422 3246 2489; x_wconf 78' lang='grc' dir='ltr'>μεσίτης</span> <span class='ocrx_word' id='word_1_398' title='bbox 3283 2419 3431 2473; x_wconf 78' lang='grc' dir='ltr'>Θεοῦ</span> <span class='ocrx_word' id='word_1_399' title='bbox 3467 2419 3564 2474; x_wconf 81' lang='grc' dir='ltr'><strong>καί</strong></span> <span class='ocrx_word' id='word_1_400' title='bbox 3596 2418 3960 2487; x_wconf 77' lang='grc' dir='ltr'>ἀνθρώπων,</span> 
     </span>
    </p>
   </div>
   <div class='ocr_carea' id='block_1_55' title="bbox 2377 2512 3959 2583">
    <p class='ocr_par' dir='ltr' id='par_1_55' title="bbox 2377 2512 3959 2583">
     <span class='ocr_line' id='line_1_55' title="bbox 2377 2512 3959 2583; baseline 0 -18"><span class='ocrx_word' id='word_1_401' title='bbox 2377 2513 2689 2580; x_wconf 75' lang='grc' dir='ltr'>ἅνθρωπος</span> <span class='ocrx_word' id='word_1_402' title='bbox 2735 2513 2973 2580; x_wconf 85' lang='grc' dir='ltr'>Ἰησοῦς</span> <span class='ocrx_word' id='word_1_403' title='bbox 3004 2515 3277 2580; x_wconf 76' lang='grc' dir='ltr'>Χριστός.</span> <span class='ocrx_word' id='word_1_404' title='bbox 3303 2514 3447 2567; x_wconf 78' lang='grc' dir='ltr'><strong>Αὐτὸ</strong></span> <span class='ocrx_word' id='word_1_405' title='bbox 3472 2513 3581 2583; x_wconf 70' lang='grc' dir='ltr'>γὰρ</span> <span class='ocrx_word' id='word_1_406' title='bbox 3603 2512 3667 2565; x_wconf 85' lang='grc' dir='ltr'>τὸ</span> <span class='ocrx_word' id='word_1_407' title='bbox 3698 2513 3959 2567; x_wconf 82' lang='grc' dir='ltr'>ἀποστεῖ-</span> 
     </span>
    </p>
   </div>
   <div class='ocr_carea' id='block_1_56' title="bbox 2378 2603 3960 2676">
    <p class='ocr_par' dir='ltr' id='par_1_56' title="bbox 2378 2603 3960 2676">
     <span class='ocr_line' id='line_1_56' title="bbox 2378 2603 3960 2676; baseline 0.001 -21"><span class='ocrx_word' id='word_1_408' title='bbox 2378 2603 2618 2669; x_wconf 80' lang='grc' dir='ltr'>λαι,οὐκ</span> <span class='ocrx_word' id='word_1_409' title='bbox 2664 2605 3009 2676; x_wconf 72' lang='grc' dir='ltr'>ἀνθρωπείαν</span> <span class='ocrx_word' id='word_1_410' title='bbox 3044 2604 3207 2672; x_wconf 75' lang='grc' dir='ltr'>φύσιν</span> <span class='ocrx_word' id='word_1_411' title='bbox 3258 2605 3535 2673; x_wconf 73' lang='grc' dir='ltr'>σημαίνει.</span> <span class='ocrx_word' id='word_1_412' title='bbox 3596 2605 3657 2657; x_wconf 88' lang='grc'><strong>’0</strong></span> <span class='ocrx_word' id='word_1_413' title='bbox 3704 2606 3817 2676; x_wconf 70' lang='grc' dir='ltr'><strong>γαρ</strong></span> <span class='ocrx_word' id='word_1_414' title='bbox 3864 2610 3960 2657; x_wconf 75' lang='grc' dir='ltr'>καὶ</span> 
     </span>
    </p>
   </div>
   <div class='ocr_carea' id='block_1_57' title="bbox 2380 2694 3962 2768">
    <p class='ocr_par' dir='ltr' id='par_1_57' title="bbox 2380 2694 3962 2768">
     <span class='ocr_line' id='line_1_57' title="bbox 2380 2694 3962 2768; baseline 0.001 -19"><span class='ocrx_word' id='word_1_415' title='bbox 2380 2696 2510 2767; x_wconf 77' lang='grc' dir='ltr'>πρὶν</span> <span class='ocrx_word' id='word_1_416' title='bbox 2553 2696 2651 2768; x_wconf 85' lang='grc' dir='ltr'>τῆς</span> <span class='ocrx_word' id='word_1_417' title='bbox 2694 2696 3159 2768; x_wconf 70' lang='grc' dir='ltr'>ὶνανθρωπήσεως</span> <span class='ocrx_word' id='word_1_418' title='bbox 3211 2698 3271 2749; x_wconf 78' lang='grc' dir='ltr'>ὲν</span> <span class='ocrx_word' id='word_1_419' title='bbox 3305 2696 3383 2766; x_wconf 81' lang='grc' dir='ltr'><strong>τῷ</strong></span> <span class='ocrx_word' id='word_1_420' title='bbox 3413 2697 3603 2766; x_wconf 82' lang='grc' dir='ltr'>κόσμῳ</span> <span class='ocrx_word' id='word_1_421' title='bbox 3646 2694 3743 2757; x_wconf 83' lang='grc' dir='ltr'><strong>ὣν,</strong></span> <span class='ocrx_word' id='word_1_422' title='bbox 3778 2695 3962 2759; x_wconf 77' lang='grc' dir='ltr'>καθώς</span> 
     </span>
    </p>
   </div>
   <div class='ocr_carea' id='block_1_58' title="bbox 2380 2784 3963 2859">
    <p class='ocr_par' dir='ltr' id='par_1_58' title="bbox 2380 2784 3963 2859">
     <span class='ocr_line' id='line_1_58' title="bbox 2380 2784 3963 2859; baseline 0 -19"><span class='ocrx_word' id='word_1_423' title='bbox 2380 2804 2544 2858; x_wconf 81' lang='grc' dir='ltr'>φησιν</span> <span class='ocrx_word' id='word_1_424' title='bbox 2576 2791 2603 2842; x_wconf 81' lang='grc' dir='ltr'>ὁ</span> <span class='ocrx_word' id='word_1_425' title='bbox 2646 2788 3057 2858; x_wconf 79' lang='grc' dir='ltr'>εὐαγγελιστὴς,</span> <span class='ocrx_word' id='word_1_426' title='bbox 3096 2789 3157 2841; x_wconf 77' lang='grc' dir='ltr'>ὲν</span> <span class='ocrx_word' id='word_1_427' title='bbox 3188 2787 3267 2858; x_wconf 86' lang='grc' dir='ltr'><strong>τῷ</strong></span> <span class='ocrx_word' id='word_1_428' title='bbox 3298 2788 3490 2857; x_wconf 79' lang='grc' dir='ltr'>κόσμῳ</span> <span class='ocrx_word' id='word_1_429' title='bbox 3550 2784 3646 2859; x_wconf 78' lang='grc' dir='ltr'><strong>ἦν,</strong></span> <span class='ocrx_word' id='word_1_430' title='bbox 3680 2788 3801 2851; x_wconf 84' lang='grc' dir='ltr'><strong>πῶς</strong></span> <span class='ocrx_word' id='word_1_431' title='bbox 3856 2789 3963 2840; x_wconf 76' lang='grc' dir='ltr'><strong>ἀπ⁹</strong></span> 
     </span>
    </p>
   </div>
   <div class='ocr_carea' id='block_1_59' title="bbox 2380 2880 3962 2951">
    <p class='ocr_par' dir='ltr' id='par_1_59' title="bbox 2380 2880 3962 2951">
     <span class='ocr_line' id='line_1_59' title="bbox 2380 2880 3962 2951; baseline -0.001 -18"><span class='ocrx_word' id='word_1_432' title='bbox 2380 2881 2661 2934; x_wconf 82' lang='grc' dir='ltr'>εστέλλετο</span> <span class='ocrx_word' id='word_1_433' title='bbox 2686 2883 2715 2935; x_wconf 84' lang='grc' dir='ltr'><strong>ὁ</strong></span> <span class='ocrx_word' id='word_1_434' title='bbox 2752 2880 2827 2934; x_wconf 80' lang='grc' dir='ltr'>ὢν</span> <span class='ocrx_word' id='word_1_435' title='bbox 2864 2882 2920 2934; x_wconf 84' lang='grc' dir='ltr'>ὲν</span> <span class='ocrx_word' id='word_1_436' title='bbox 2942 2880 3020 2950; x_wconf 84' lang='grc' dir='ltr'>τῷ</span> <span class='ocrx_word' id='word_1_437' title='bbox 3049 2881 3275 2951; x_wconf 78' lang='grc' dir='ltr'>κόσμῳς</span> <span class='ocrx_word' id='word_1_438' title='bbox 3328 2880 3489 2934; x_wconf 77' lang='grc' dir='ltr'>Ἀλλά</span> <span class='ocrx_word' id='word_1_439' title='bbox 3523 2882 3604 2941; x_wconf 77' lang='grc' dir='ltr'><strong>τίς</strong></span> <span class='ocrx_word' id='word_1_440' title='bbox 3634 2882 3920 2950; x_wconf 73' lang='grc' dir='ltr'>ἀπεστάλη</span> <span class='ocrx_word' id='word_1_441' title='bbox 3946 2900 3962 2946; x_wconf 87' lang='lat'><strong>;</strong></span> 
     </span>
    </p>
   </div>
   <div class='ocr_carea' id='block_1_60' title="bbox 2387 2968 3960 3042">
    <p class='ocr_par' dir='ltr' id='par_1_60' title="bbox 2387 2968 3960 3042">
     <span class='ocr_line' id='line_1_60' title="bbox 2387 2968 3960 3042; baseline 0 -19"><span class='ocrx_word' id='word_1_442' title='bbox 2387 2968 2453 3023; x_wconf 84' lang='grc' dir='ltr'>Ἦ</span> <span class='ocrx_word' id='word_1_443' title='bbox 2484 2970 2792 3042; x_wconf 76' lang='grc' dir='ltr'>βλεπομένη</span> <span class='ocrx_word' id='word_1_444' title='bbox 2824 2974 3024 3042; x_wconf 73' lang='grc' dir='ltr'>μορφή.</span> <span class='ocrx_word' id='word_1_445' title='bbox 3065 2972 3129 3024; x_wconf 87' lang='grc' dir='ltr'>Τί</span> <span class='ocrx_word' id='word_1_446' title='bbox 3155 2971 3247 3027; x_wconf 79' lang='grc' dir='ltr'><strong>οὖν</strong></span> <span class='ocrx_word' id='word_1_447' title='bbox 3268 3014 3281 3036; x_wconf 88' lang='grc'><strong>,</strong></span> <span class='ocrx_word' id='word_1_448' title='bbox 3313 2973 3481 3040; x_wconf 77' lang='grc' dir='ltr'>φησὶ,</span> <span class='ocrx_word' id='word_1_449' title='bbox 3511 2972 3760 3041; x_wconf 83' lang='grc' dir='ltr'>βούλεται</span> <span class='ocrx_word' id='word_1_450' title='bbox 3780 3015 3794 3035; x_wconf 85' lang='lat'><strong>,</strong></span> <span class='ocrx_word' id='word_1_451' title='bbox 3849 2974 3960 3026; x_wconf 79' lang='lat' dir='ltr'><strong>Kal</strong></span> 
     </span>
    </p>
   </div>
   <div class='ocr_carea' id='block_1_61' title="bbox 2378 3062 3961 3141">
    <p class='ocr_par' dir='ltr' id='par_1_61' title="bbox 2378 3062 3961 3141">
     <span class='ocr_line' id='line_1_61' title="bbox 2378 3062 3961 3141; baseline 0.001 -27"><span class='ocrx_word' id='word_1_452' title='bbox 2378 3063 2450 3115; x_wconf 83' lang='grc' dir='ltr'>ὃν</span> <span class='ocrx_word' id='word_1_453' title='bbox 2475 3062 2843 3129; x_wconf 69' lang='grc' dir='ltr'><strong>ἀπέστειλας</strong></span> <span class='ocrx_word' id='word_1_454' title='bbox 2907 3064 3154 3131; x_wconf 81' lang='grc' dir='ltr'>Ἰησοῦν</span> <span class='ocrx_word' id='word_1_455' title='bbox 3176 3064 3466 3141; x_wconf 78' lang='grc' dir='ltr'>Χριστόν;</span> <span class='ocrx_word' id='word_1_456' title='bbox 3507 3064 3673 3117; x_wconf 82' lang='grc' dir='ltr'>Πάλιν</span> <span class='ocrx_word' id='word_1_457' title='bbox 3709 3066 3961 3133; x_wconf 53' lang='grc' dir='ltr'>ἐρωτᾷς</span> 
     </span>
    </p>
   </div>
   <div class='ocr_carea' id='block_1_62' title="bbox 703 3150 2366 3252">
    <p class='ocr_par' dir='ltr' id='par_1_62' title="bbox 703 3150 2347 3252">
     <span class='ocr_line' id='line_1_62' title="bbox 703 3150 2347 3252; baseline 0.004 -49"><span class='ocrx_word' id='word_1_458' title='bbox 703 3150 984 3213; x_wconf 85' lang='lat' dir='ltr'><strong>psallendo</strong></span> <span class='ocrx_word' id='word_1_459' title='bbox 1016 3166 1047 3205; x_wconf 88' lang='lat' dir='ltr'><strong>a</strong></span> <span class='ocrx_word' id='word_1_460' title='bbox 1078 3153 1366 3208; x_wconf 76' lang='lat' dir='ltr'><strong>divinitate</strong></span> <span class='ocrx_word' id='word_1_461' title='bbox 1402 3155 1831 3209; x_wconf 82' lang='lat' dir='ltr'><strong>incarnationem</strong></span> <span class='ocrx_word' id='word_1_462' title='bbox 1865 3155 2142 3223; x_wconf 76' lang='lat' dir='ltr'><strong>sejungas,</strong></span> <span class='ocrx_word' id='word_1_463' title='bbox 2179 3156 2272 3209; x_wconf 86' lang='lat' dir='ltr'><strong>sed</strong></span> <span class='ocrx_word' id='word_1_464' title='bbox 2303 3194 2347 3252; x_wconf 62' lang='grc' dir='ltr'>ο</span> 
     </span>
    </p>
   </div>
   <div class='ocr_carea' id='block_1_63' title="bbox 2301 3150 3964 3252">
    <p class='ocr_par' dir='ltr' id='par_1_63' title="bbox 2303 3158 3964 3252">
     <span class='ocr_line' id='line_1_63' title="bbox 2303 3158 3964 3252; baseline 0.001 -42"><span class='ocrx_word' id='word_1_465' title='bbox 2303 3194 2347 3252; x_wconf 74' lang='lat' dir='ltr'>c</span> <span class='ocrx_word' id='word_1_466' title='bbox 2382 3159 2615 3212; x_wconf 79' lang='lat' dir='ltr'><strong>&#39;Axoue°</strong></span> <span class='ocrx_word' id='word_1_467' title='bbox 2653 3158 2742 3211; x_wconf 77' lang='grc' dir='ltr'><strong>ἵνα</strong></span> <span class='ocrx_word' id='word_1_468' title='bbox 2794 3158 2870 3229; x_wconf 83' lang='grc' dir='ltr'>μὴ</span> <span class='ocrx_word' id='word_1_469' title='bbox 2922 3158 3025 3228; x_wconf 79' lang='grc' dir='ltr'>τὴν</span> <span class='ocrx_word' id='word_1_470' title='bbox 3074 3158 3390 3226; x_wconf 84' lang='grc' dir='ltr'>οἰκονομίαν</span> <span class='ocrx_word' id='word_1_471' title='bbox 3442 3159 3691 3230; x_wconf 80' lang='grc' dir='ltr'><strong>ἀρνήσῃ·</strong></span> <span class='ocrx_word' id='word_1_472' title='bbox 3752 3159 3844 3211; x_wconf 82' lang='grc' dir='ltr'>ἵνα</span> <span class='ocrx_word' id='word_1_473' title='bbox 3888 3158 3964 3228; x_wconf 76' lang='grc' dir='ltr'>μὴ</span> 
     </span>
    </p>
   </div>
   <div class='ocr_carea' id='block_1_64' title="bbox 705 3244 2269 3316">
    <p class='ocr_par' dir='ltr' id='par_1_64' title="bbox 705 3244 2269 3316">
     <span class='ocr_line' id='line_1_64' title="bbox 705 3244 2269 3316; baseline 0.003 -20"><span class='ocrx_word' id='word_1_474' title='bbox 705 3259 811 3297; x_wconf 87' lang='lat' dir='ltr'><strong>una</strong></span> <span class='ocrx_word' id='word_1_475' title='bbox 842 3259 967 3298; x_wconf 92' lang='lat' dir='ltr'><strong>cum</strong></span> <span class='ocrx_word' id='word_1_476' title='bbox 1001 3244 1285 3301; x_wconf 80' lang='lat' dir='ltr'><strong>divinitate</strong></span> <span class='ocrx_word' id='word_1_477' title='bbox 1311 3248 1592 3316; x_wconf 75' lang='lat' dir='ltr'><strong>concipias</strong></span> <span class='ocrx_word' id='word_1_478' title='bbox 1619 3247 2015 3301; x_wconf 73' lang='lat' dir='ltr'><strong>humanitatem</strong></span> <span class='ocrx_word' id='word_1_479' title='bbox 2049 3263 2269 3303; x_wconf 88' lang='lat' dir='ltr'><strong>assum-</strong></span> 
     </span>
    </p>
   </div>
   <div class='ocr_carea' id='block_1_65' title="bbox 705 3339 2276 3408">
    <p class='ocr_par' dir='ltr' id='par_1_65' title="bbox 705 3339 2276 3408">
     <span class='ocr_line' id='line_1_65' title="bbox 705 3339 2276 3408; baseline 0.005 -22"><span class='ocrx_word' id='word_1_480' title='bbox 705 3347 885 3403; x_wconf 77' lang='lat' dir='ltr'><strong>piam;</strong></span> <span class='ocrx_word' id='word_1_481' title='bbox 933 3348 988 3390; x_wconf 93' lang='lat' dir='ltr'><strong>nt</strong></span> <span class='ocrx_word' id='word_1_482' title='bbox 1022 3352 1185 3391; x_wconf 88' lang='lat' dir='ltr'><strong>unam</strong></span> <span class='ocrx_word' id='word_1_483' title='bbox 1223 3339 1444 3408; x_wconf 88' lang='lat' dir='ltr'><strong>quidem</strong></span> <span class='ocrx_word' id='word_1_484' title='bbox 1501 3340 1738 3394; x_wconf 83' lang='lat' dir='ltr'><strong>divinam</strong></span> <span class='ocrx_word' id='word_1_485' title='bbox 1786 3350 2031 3394; x_wconf 84' lang='lat' dir='ltr'><strong>naturam</strong></span> <span class='ocrx_word' id='word_1_486' title='bbox 2059 3340 2114 3394; x_wconf 90' lang='lat' dir='ltr'><strong>in</strong></span> <span class='ocrx_word' id='word_1_487' title='bbox 2150 3339 2276 3394; x_wconf 84' lang='lat' dir='ltr'><strong>Tri-</strong></span> 
     </span>
    </p>
   </div>
   <div class='ocr_carea' id='block_1_66' title="bbox 705 3426 2253 3498">
    <p class='ocr_par' dir='ltr' id='par_1_66' title="bbox 705 3426 2253 3498">
     <span class='ocr_line' id='line_1_66' title="bbox 705 3426 2253 3498; baseline 0.006 -22"><span class='ocrx_word' id='word_1_488' title='bbox 705 3426 873 3479; x_wconf 89' lang='lat' dir='ltr'><strong>nitate</strong></span> <span class='ocrx_word' id='word_1_489' title='bbox 898 3441 1188 3495; x_wconf 80' lang='lat' dir='ltr'><strong>agnoscas,</strong></span> <span class='ocrx_word' id='word_1_490' title='bbox 1220 3428 1314 3481; x_wconf 87' lang='lat' dir='ltr'><strong>sed</strong></span> <span class='ocrx_word' id='word_1_491' title='bbox 1347 3428 1646 3482; x_wconf 88' lang='lat' dir='ltr'><strong>novissime</strong></span> <span class='ocrx_word' id='word_1_492' title='bbox 1672 3440 2013 3498; x_wconf 87' lang='lat' dir='ltr'><strong>assumptam</strong></span> <span class='ocrx_word' id='word_1_493' title='bbox 2056 3438 2109 3484; x_wconf 87' lang='lat' dir='ltr'><strong>et</strong></span> <span class='ocrx_word' id='word_1_494' title='bbox 2148 3430 2253 3485; x_wconf 85' lang='lat' dir='ltr'><strong>mis</strong></span> 
     </span>
    </p>
   </div>
   <div class='ocr_carea' id='block_1_67' title="bbox 705 3519 2279 3591">
    <p class='ocr_par' dir='ltr' id='par_1_67' title="bbox 705 3519 2279 3591">
     <span class='ocr_line' id='line_1_67' title="bbox 705 3519 2279 3591; baseline 0.005 -22"><span class='ocrx_word' id='word_1_495' title='bbox 705 3534 821 3570; x_wconf 82' lang='lat' dir='ltr'><strong>sam</strong></span> <span class='ocrx_word' id='word_1_496' title='bbox 856 3519 1085 3573; x_wconf 76' lang='lat' dir='ltr'><strong>formam</strong></span> <span class='ocrx_word' id='word_1_497' title='bbox 1128 3529 1187 3574; x_wconf 93' lang='lat' dir='ltr'><strong>ut</strong></span> <span class='ocrx_word' id='word_1_498' title='bbox 1224 3521 1454 3591; x_wconf 75' lang='lat' dir='ltr'><strong>liguram</strong></span> <span class='ocrx_word' id='word_1_499' title='bbox 1500 3523 1802 3577; x_wconf 79' lang='lat' dir='ltr'><strong>divinitatis</strong></span> <span class='ocrx_word' id='word_1_500' title='bbox 1844 3538 2060 3588; x_wconf 88' lang='lat' dir='ltr'><strong>cernas,</strong></span> <span class='ocrx_word' id='word_1_501' title='bbox 2093 3534 2151 3579; x_wconf 91' lang='lat' dir='ltr'><strong>ut</strong></span> <span class='ocrx_word' id='word_1_502' title='bbox 2200 3523 2279 3578; x_wconf 81' lang='lat' dir='ltr'><strong>l‘a-</strong></span> 
     </span>
    </p>
   </div>
   <div class='ocr_carea' id='block_1_68' title="bbox 703 3611 1462 3682">
    <p class='ocr_par' dir='ltr' id='par_1_68' title="bbox 703 3611 1462 3682">
     <span class='ocr_line' id='line_1_68' title="bbox 703 3611 1462 3682; baseline 0.008 -19"><span class='ocrx_word' id='word_1_503' title='bbox 703 3611 841 3665; x_wconf 78' lang='lat' dir='ltr'><strong>ciem</strong></span> <span class='ocrx_word' id='word_1_504' title='bbox 869 3612 989 3681; x_wconf 83' lang='lat' dir='ltr'><strong>ejus</strong></span> <span class='ocrx_word' id='word_1_505' title='bbox 1021 3613 1462 3682; x_wconf 88' lang='lat' dir='ltr'><strong>inseparabilem.</strong></span> 
     </span>
    </p>
   </div>
   <div class='ocr_carea' id='block_1_69' title="bbox 774 3799 2278 3871">
    <p class='ocr_par' dir='ltr' id='par_1_69' title="bbox 774 3799 2278 3871">
     <span class='ocr_line' id='line_1_69' title="bbox 774 3799 2278 3871; baseline 0.003 -17"><span class='ocrx_word' id='word_1_506' title='bbox 774 3800 939 3855; x_wconf 72' lang='lat' dir='ltr'><strong>Vens.</strong></span> <span class='ocrx_word' id='word_1_507' title='bbox 969 3801 1026 3855; x_wconf 70' lang='grc'>4.</span> <span class='ocrx_word' id='word_1_508' title='bbox 1064 3799 1174 3868; x_wconf 83' lang='lat' dir='ltr'><strong>Ego</strong></span> <span class='ocrx_word' id='word_1_509' title='bbox 1202 3810 1249 3855; x_wconf 82' lang='lat' dir='ltr'><strong>te</strong></span> <span class='ocrx_word' id='word_1_510' title='bbox 1286 3801 1581 3871; x_wconf 77' lang='lat' dir='ltr'><strong>gloriﬁcavi</strong></span> <span class='ocrx_word' id='word_1_511' title='bbox 1624 3818 1780 3869; x_wconf 85' lang='lat' dir='ltr'><strong>super</strong></span> <span class='ocrx_word' id='word_1_512' title='bbox 1807 3812 2040 3868; x_wconf 85' lang='lat' dir='ltr'><strong>terram;</strong></span> <span class='ocrx_word' id='word_1_513' title='bbox 2073 3805 2278 3859; x_wconf 89' lang='lat' dir='ltr'><strong>cultum</strong></span> 
     </span>
    </p>
   </div>
   <div class='ocr_carea' id='block_1_70' title="bbox 707 3892 2059 3963">
    <p class='ocr_par' dir='ltr' id='par_1_70' title="bbox 707 3892 2059 3963">
     <span class='ocr_line' id='line_1_70' title="bbox 707 3892 2059 3963; baseline 0.003 -18"><span class='ocrx_word' id='word_1_514' title='bbox 707 3892 881 3948; x_wconf 81' lang='lat' dir='ltr'><strong>Patris</strong></span> <span class='ocrx_word' id='word_1_515' title='bbox 917 3893 986 3947; x_wconf 90' lang='lat' dir='ltr'><strong>ab</strong></span> <span class='ocrx_word' id='word_1_516' title='bbox 1014 3893 1329 3947; x_wconf 83' lang='lat' dir='ltr'><strong>hominibus</strong></span> <span class='ocrx_word' id='word_1_517' title='bbox 1360 3910 1456 3963; x_wconf 87' lang='lat' dir='ltr'><strong>per</strong></span> <span class='ocrx_word' id='word_1_518' title='bbox 1486 3910 1544 3948; x_wconf 87' lang='lat' dir='ltr'><strong>se</strong></span> <span class='ocrx_word' id='word_1_519' title='bbox 1570 3895 1873 3948; x_wconf 78' lang='lat' dir='ltr'><strong>exltibitum</strong></span> <span class='ocrx_word' id='word_1_520' title='bbox 1904 3895 2059 3949; x_wconf 89' lang='lat' dir='ltr'><strong>dicit.</strong></span> 
     </span>
    </p>
   </div>
   <div class='ocr_carea' id='block_1_71' title="bbox 776 4075 2284 4146">
    <p class='ocr_par' dir='ltr' id='par_1_71' title="bbox 776 4075 2284 4146">
     <span class='ocr_line' id='line_1_71' title="bbox 776 4075 2284 4146; baseline -0.001 -13"><span class='ocrx_word' id='word_1_521' title='bbox 776 4078 939 4134; x_wconf 72' lang='lat' dir='ltr'><strong>Vens.</strong></span> <span class='ocrx_word' id='word_1_522' title='bbox 970 4078 1022 4132; x_wconf 85' lang='lat'><strong>5.</strong></span> <span class='ocrx_word' id='word_1_523' title='bbox 1058 4076 1342 4145; x_wconf 77' lang='lat' dir='ltr'><strong>Quomodo</strong></span> <span class='ocrx_word' id='word_1_524' title='bbox 1373 4075 1785 4146; x_wconf 81' lang='lat' dir='ltr'><strong>intelligendum</strong></span> <span class='ocrx_word' id='word_1_525' title='bbox 1822 4096 1834 4131; x_wconf 91' lang='lat'><strong>:</strong></span> <span class='ocrx_word' id='word_1_526' title='bbox 1866 4077 2010 4146; x_wconf 87' lang='lat' dir='ltr'><strong>Opus</strong></span> <span class='ocrx_word' id='word_1_527' title='bbox 2038 4095 2284 4132; x_wconf 84' lang='lat' dir='ltr'><strong>consum-</strong></span> 
     </span>
    </p>
   </div>
   <div class='ocr_carea' id='block_1_72' title="bbox 704 4169 2281 4242">
    <p class='ocr_par' dir='ltr' id='par_1_72' title="bbox 704 4169 2281 4242">
     <span class='ocr_line' id='line_1_72' title="bbox 704 4169 2281 4242; baseline 0.001 -17"><span class='ocrx_word' id='word_1_528' title='bbox 704 4175 841 4226; x_wconf 81' lang='lat' dir='ltr'><strong>movi</strong></span> <span class='ocrx_word' id='word_1_529' title='bbox 886 4172 1025 4242; x_wconf 85' lang='lat' dir='ltr'><strong>quod</strong></span> <span class='ocrx_word' id='word_1_530' title='bbox 1054 4170 1242 4224; x_wconf 82' lang='lat' dir='ltr'><strong>dedisti</strong></span> <span class='ocrx_word' id='word_1_531' title='bbox 1292 4170 1418 4222; x_wconf 88' lang='lat' dir='ltr'><strong>mihi</strong></span> <span class='ocrx_word' id='word_1_532' title='bbox 1457 4178 1513 4221; x_wconf 88' lang='lat' dir='ltr'><strong>ut</strong></span> <span class='ocrx_word' id='word_1_533' title='bbox 1556 4169 1776 4237; x_wconf 77' lang='lat' dir='ltr'><strong>faciam,</strong></span> <span class='ocrx_word' id='word_1_534' title='bbox 1813 4181 2052 4225; x_wconf 88' lang='lat' dir='ltr'><strong>attamen</strong></span> <span class='ocrx_word' id='word_1_535' title='bbox 2101 4172 2281 4227; x_wconf 82' lang='lat' dir='ltr'><strong>adltnc</strong></span> 
     </span>
    </p>
   </div>
   <div class='ocr_carea' id='block_1_73' title="bbox 707 4260 2281 4335">
    <p class='ocr_par' dir='ltr' id='par_1_73' title="bbox 707 4260 2281 4335">
     <span class='ocr_line' id='line_1_73' title="bbox 707 4260 2281 4335; baseline -0.001 -17"><span class='ocrx_word' id='word_1_536' title='bbox 707 4270 760 4320; x_wconf 90' lang='lat' dir='ltr'><strong>in</strong></span> <span class='ocrx_word' id='word_1_537' title='bbox 788 4263 1055 4335; x_wconf 84' lang='lat' dir='ltr'><strong>principio</strong></span> <span class='ocrx_word' id='word_1_538' title='bbox 1078 4278 1166 4318; x_wconf 85' lang='lat' dir='ltr'><strong>res</strong></span> <span class='ocrx_word' id='word_1_539' title='bbox 1206 4263 1323 4317; x_wconf 82' lang='lat' dir='ltr'><strong>est?</strong></span> <span class='ocrx_word' id='word_1_540' title='bbox 1355 4260 1621 4316; x_wconf 84' lang='lat' dir='ltr'><strong>Futurum</strong></span> <span class='ocrx_word' id='word_1_541' title='bbox 1656 4273 1713 4315; x_wconf 93' lang='lat' dir='ltr'><strong>ut</strong></span> <span class='ocrx_word' id='word_1_542' title='bbox 1746 4278 1987 4332; x_wconf 76' lang='lat' dir='ltr'><strong>przesens</strong></span> <span class='ocrx_word' id='word_1_543' title='bbox 2016 4263 2169 4329; x_wconf 88' lang='lat' dir='ltr'><strong>dicit;</strong></span> <span class='ocrx_word' id='word_1_544' title='bbox 2200 4265 2281 4318; x_wconf 85' lang='lat' dir='ltr'><strong>vel</strong></span> 
     </span>
    </p>
   </div>
   <div class='ocr_carea' id='block_1_74' title="bbox 704 4354 2281 4427">
    <p class='ocr_par' dir='ltr' id='par_1_74' title="bbox 704 4354 2281 4427">
     <span class='ocr_line' id='line_1_74' title="bbox 704 4354 2281 4427; baseline 0 -17"><span class='ocrx_word' id='word_1_545' title='bbox 704 4358 851 4427; x_wconf 82' lang='lat' dir='ltr'><strong>quod</strong></span> <span class='ocrx_word' id='word_1_546' title='bbox 888 4374 953 4411; x_wconf 81' lang='lat' dir='ltr'><strong>ex</strong></span> <span class='ocrx_word' id='word_1_547' title='bbox 991 4372 1078 4411; x_wconf 89' lang='lat' dir='ltr'><strong>me</strong></span> <span class='ocrx_word' id='word_1_548' title='bbox 1101 4366 1218 4410; x_wconf 87' lang='lat' dir='ltr'><strong>erat</strong></span> <span class='ocrx_word' id='word_1_549' title='bbox 1250 4370 1411 4409; x_wconf 89' lang='lat' dir='ltr'><strong>omne</strong></span> <span class='ocrx_word' id='word_1_550' title='bbox 1439 4355 1836 4419; x_wconf 78' lang='lat' dir='ltr'><strong>consummavi,</strong></span> <span class='ocrx_word' id='word_1_551' title='bbox 1877 4354 2161 4421; x_wconf 90' lang='lat' dir='ltr'><strong>Quomodo</strong></span> <span class='ocrx_word' id='word_1_552' title='bbox 2198 4357 2281 4410; x_wconf 86' lang='lat' dir='ltr'><strong>in—</strong></span> 
     </span>
    </p>
   </div>
   <div class='ocr_carea' id='block_1_75' title="bbox 706 4443 2282 4516">
    <p class='ocr_par' dir='ltr' id='par_1_75' title="bbox 706 4443 2282 4516">
     <span class='ocr_line' id='line_1_75' title="bbox 706 4443 2282 4516; baseline -0.003 -14"><span class='ocrx_word' id='word_1_553' title='bbox 706 4448 1078 4516; x_wconf 61' lang='lat' dir='ltr'><strong>telligendum,</strong></span> <span class='ocrx_word' id='word_1_554' title='bbox 1114 4446 1365 4512; x_wconf 75' lang='lat' dir='ltr'><strong>Cleri/ica</strong></span> <span class='ocrx_word' id='word_1_555' title='bbox 1387 4460 1465 4496; x_wconf 85' lang='lat' dir='ltr'><strong>me</strong></span> <span class='ocrx_word' id='word_1_556' title='bbox 1491 4443 1661 4512; x_wconf 87' lang='lat' dir='ltr'><strong>gloria</strong></span> <span class='ocrx_word' id='word_1_557' title='bbox 1696 4460 1853 4511; x_wconf 83' lang='lat' dir='ltr'><strong>quant</strong></span> <span class='ocrx_word' id='word_1_558' title='bbox 1893 4444 2053 4497; x_wconf 86' lang='lat' dir='ltr'><strong>habui</strong></span> <span class='ocrx_word' id='word_1_559' title='bbox 2104 4445 2282 4510; x_wconf 85' lang='lat' dir='ltr'><strong>prius-</strong></span> 
     </span>
    </p>
   </div>
   <div class='ocr_carea' id='block_1_76' title="bbox 2378 3247 3953 3319">
    <p class='ocr_par' dir='ltr' id='par_1_76' title="bbox 2378 3247 3953 3319">
     <span class='ocr_line' id='line_1_76' title="bbox 2378 3247 3953 3319; baseline -0.001 -18"><span class='ocrx_word' id='word_1_560' title='bbox 2378 3247 2708 3317; x_wconf 81' lang='grc' dir='ltr'>δοξολογῶν,</span> <span class='ocrx_word' id='word_1_561' title='bbox 2744 3249 2841 3318; x_wconf 79' lang='grc' dir='ltr'>τῆς</span> <span class='ocrx_word' id='word_1_562' title='bbox 2889 3248 3144 3319; x_wconf 77' lang='grc' dir='ltr'>θεότητος</span> <span class='ocrx_word' id='word_1_563' title='bbox 3189 3248 3289 3317; x_wconf 79' lang='grc' dir='ltr'>τὴν</span> <span class='ocrx_word' id='word_1_564' title='bbox 3319 3249 3632 3315; x_wconf 78' lang='grc' dir='ltr'>οἰκονομίαν</span> <span class='ocrx_word' id='word_1_565' title='bbox 3664 3252 3916 3319; x_wconf 82' lang='grc' dir='ltr'>χωρίσῃς</span> <span class='ocrx_word' id='word_1_566' title='bbox 3936 3289 3953 3313; x_wconf 94' lang='lat'><strong>,</strong></span> 
     </span>
    </p>
   </div>
   <div class='ocr_carea' id='block_1_77' title="bbox 2380 3340 3966 3411">
    <p class='ocr_par' dir='ltr' id='par_1_77' title="bbox 2380 3340 3966 3411">
     <span class='ocr_line' id='line_1_77' title="bbox 2380 3340 3966 3411; baseline -0.001 -18"><span class='ocrx_word' id='word_1_567' title='bbox 2380 3340 2495 3393; x_wconf 88' lang='grc' dir='ltr'>ἀλλ’</span> <span class='ocrx_word' id='word_1_568' title='bbox 2554 3340 2671 3409; x_wconf 73' lang='grc' dir='ltr'>ἅμα</span> <span class='ocrx_word' id='word_1_569' title='bbox 2702 3340 2917 3411; x_wconf 86' lang='grc' dir='ltr'>θεότητι</span> <span class='ocrx_word' id='word_1_570' title='bbox 2961 3342 3285 3409; x_wconf 79' lang='grc' dir='ltr'>σννεπινοῇς</span> <span class='ocrx_word' id='word_1_571' title='bbox 3324 3340 3386 3393; x_wconf 89' lang='grc' dir='ltr'>τὸ</span> <span class='ocrx_word' id='word_1_572' title='bbox 3421 3340 3624 3407; x_wconf 80' lang='grc' dir='ltr'>ληφθέν</span> <span class='ocrx_word' id='word_1_573' title='bbox 3650 3356 3664 3370; x_wconf 90' lang='grc'><strong>·</strong></span> <span class='ocrx_word' id='word_1_574' title='bbox 3707 3341 3796 3393; x_wconf 81' lang='grc' dir='ltr'>ἴνα</span> <span class='ocrx_word' id='word_1_575' title='bbox 3830 3342 3966 3409; x_wconf 89' lang='grc' dir='ltr'>μίαν</span> 
     </span>
    </p>
   </div>
   <div class='ocr_carea' id='block_1_78' title="bbox 2382 3428 3967 3501">
    <p class='ocr_par' dir='ltr' id='par_1_78' title="bbox 2382 3428 3967 3501">
     <span class='ocr_line' id='line_1_78' title="bbox 2382 3428 3967 3501; baseline -0.001 -19"><span class='ocrx_word' id='word_1_576' title='bbox 2382 3431 2481 3501; x_wconf 79' lang='grc' dir='ltr'>μὲν</span> <span class='ocrx_word' id='word_1_577' title='bbox 2506 3431 2604 3500; x_wconf 81' lang='grc' dir='ltr'>τὴν</span> <span class='ocrx_word' id='word_1_578' title='bbox 2634 3430 2783 3483; x_wconf 86' lang='grc' dir='ltr'>θείαν</span> <span class='ocrx_word' id='word_1_579' title='bbox 2807 3429 2968 3497; x_wconf 82' lang='grc' dir='ltr'>φύσιν</span> <span class='ocrx_word' id='word_1_580' title='bbox 2992 3431 3050 3483; x_wconf 83' lang='grc' dir='ltr'><strong>ὲν</strong></span> <span class='ocrx_word' id='word_1_581' title='bbox 3083 3430 3281 3500; x_wconf 82' lang='grc' dir='ltr'>Τριάδι</span> <span class='ocrx_word' id='word_1_582' title='bbox 3306 3430 3583 3501; x_wconf 81' lang='grc' dir='ltr'><strong>γινώσκῃς</strong></span> <span class='ocrx_word' id='word_1_583' title='bbox 3604 3445 3617 3458; x_wconf 88' lang='grc'><strong>·</strong></span> <span class='ocrx_word' id='word_1_584' title='bbox 3651 3429 3754 3499; x_wconf 76' lang='grc' dir='ltr'>τὴν</span> <span class='ocrx_word' id='word_1_585' title='bbox 3786 3429 3845 3481; x_wconf 74' lang='grc' dir='ltr'>δὲ</span> <span class='ocrx_word' id='word_1_586' title='bbox 3878 3428 3967 3481; x_wconf 68' lang='grc' dir='ltr'><strong>ἐπ’</strong></span> 
     </span>
    </p>
   </div>
   <div class='ocr_carea' id='block_1_79' title="bbox 2381 3521 3967 3593">
    <p class='ocr_par' dir='ltr' id='par_1_79' title="bbox 2381 3521 3967 3593">
     <span class='ocr_line' id='line_1_79' title="bbox 2381 3521 3967 3593; baseline -0.001 -17"><span class='ocrx_word' id='word_1_587' title='bbox 2381 3524 2626 3593; x_wconf 78' lang='grc' dir='ltr'>ἐσχάτων</span> <span class='ocrx_word' id='word_1_588' title='bbox 2674 3523 2974 3591; x_wconf 77' lang='grc' dir='ltr'>ληφθεῖσαν</span> <span class='ocrx_word' id='word_1_589' title='bbox 3027 3522 3120 3574; x_wconf 74' lang='grc' dir='ltr'><strong>καὶ</strong></span> <span class='ocrx_word' id='word_1_590' title='bbox 3166 3521 3568 3575; x_wconf 80' lang='grc' dir='ltr'>ἀποσταλεῖσαν</span> <span class='ocrx_word' id='word_1_591' title='bbox 3621 3522 3843 3591; x_wconf 76' lang='grc' dir='ltr'>μορφὴν</span> <span class='ocrx_word' id='word_1_592' title='bbox 3889 3522 3967 3584; x_wconf 81' lang='grc' dir='ltr'>ὡς</span> 
     </span>
    </p>
   </div>
   <div class='ocr_carea' id='block_1_80' title="bbox 2379 3611 3968 3685">
    <p class='ocr_par' dir='ltr' id='par_1_80' title="bbox 2379 3611 3968 3685">
     <span class='ocr_line' id='line_1_80' title="bbox 2379 3611 3968 3685; baseline -0.003 -18"><span class='ocrx_word' id='word_1_593' title='bbox 2379 3614 2708 3685; x_wconf 79' lang='grc' dir='ltr'><strong>χαρακτῆρα</strong></span> <span class='ocrx_word' id='word_1_594' title='bbox 2746 3614 2952 3685; x_wconf 81' lang='grc' dir='ltr'>βλέπῃς</span> <span class='ocrx_word' id='word_1_595' title='bbox 2992 3613 3271 3683; x_wconf 77' lang='grc' dir='ltr'>θεότητος.</span> <span class='ocrx_word' id='word_1_596' title='bbox 3329 3612 3406 3675; x_wconf 84' lang='grc' dir='ltr'><strong>ὠς</strong></span> <span class='ocrx_word' id='word_1_597' title='bbox 3445 3612 3740 3682; x_wconf 85' lang='grc' dir='ltr'>πρόσωπον</span> <span class='ocrx_word' id='word_1_598' title='bbox 3787 3611 3968 3665; x_wconf 78' lang='grc' dir='ltr'>ἀδιαί-</span> 
     </span>
    </p>
   </div>
   <div class='ocr_carea' id='block_1_81' title="bbox 2382 3704 2793 3775">
    <p class='ocr_par' dir='ltr' id='par_1_81' title="bbox 2382 3704 2793 3775">
     <span class='ocr_line' id='line_1_81' title="bbox 2382 3704 2793 3775; baseline -0.002 -18"><span class='ocrx_word' id='word_1_599' title='bbox 2382 3722 2535 3775; x_wconf 86' lang='grc' dir='ltr'>ρετον</span> <span class='ocrx_word' id='word_1_600' title='bbox 2568 3704 2793 3773; x_wconf 80' lang='grc' dir='ltr'>ταύτης.</span> 
     </span>
    </p>
   </div>
   <div class='ocr_carea' id='block_1_82' title="bbox 2452 3792 3966 3863">
    <p class='ocr_par' dir='ltr' id='par_1_82' title="bbox 2452 3792 3966 3863">
     <span class='ocr_line' id='line_1_82' title="bbox 2452 3792 3966 3863; baseline -0.001 -16"><span class='ocrx_word' id='word_1_601' title='bbox 2452 3796 2561 3858; x_wconf 86' lang='grc' dir='ltr'><strong>Τὸ,</strong></span> <span class='ocrx_word' id='word_1_602' title='bbox 2619 3796 2766 3863; x_wconf 56' lang='grc' dir='ltr'><strong>Ἐγὼ</strong></span> <span class='ocrx_word' id='word_1_603' title='bbox 2817 3812 2892 3850; x_wconf 81' lang='grc' dir='ltr'>σε</span> <span class='ocrx_word' id='word_1_604' title='bbox 2936 3793 3340 3859; x_wconf 57' lang='lat' dir='ltr'><strong>sesamum</strong></span> <span class='ocrx_word' id='word_1_605' title='bbox 3385 3792 3494 3861; x_wconf 83' lang='grc' dir='ltr'>τῆς</span> <span class='ocrx_word' id='word_1_606' title='bbox 3544 3792 3693 3861; x_wconf 77' lang='grc' dir='ltr'><strong>τῆς,</strong></span> <span class='ocrx_word' id='word_1_607' title='bbox 3745 3793 3847 3863; x_wconf 76' lang='grc' dir='ltr'>τὴν</span> <span class='ocrx_word' id='word_1_608' title='bbox 3899 3794 3966 3846; x_wconf 84' lang='grc' dir='ltr'><strong>δι’</strong></span> 
     </span>
    </p>
   </div>
   <div class='ocr_carea' id='block_1_83' title="bbox 2382 3885 3965 3959">
    <p class='ocr_par' dir='ltr' id='par_1_83' title="bbox 2382 3885 3965 3959">
     <span class='ocr_line' id='line_1_83' title="bbox 2382 3885 3965 3959; baseline -0.001 -19"><span class='ocrx_word' id='word_1_609' title='bbox 2382 3888 2548 3940; x_wconf 71' lang='grc' dir='ltr'>αὐτοῦ</span> <span class='ocrx_word' id='word_1_610' title='bbox 2595 3887 2705 3940; x_wconf 83' lang='grc' dir='ltr'><strong>τῶν</strong></span> <span class='ocrx_word' id='word_1_611' title='bbox 2750 3886 3057 3959; x_wconf 85' lang='grc' dir='ltr'>ἀνθρωπων</span> <span class='ocrx_word' id='word_1_612' title='bbox 3107 3886 3244 3955; x_wconf 84' lang='grc' dir='ltr'>πρὸς</span> <span class='ocrx_word' id='word_1_613' title='bbox 3288 3885 3381 3940; x_wconf 93' lang='grc' dir='ltr'>τὸν</span> <span class='ocrx_word' id='word_1_614' title='bbox 3426 3885 3645 3953; x_wconf 81' lang='grc' dir='ltr'><strong>Πατέρα</strong></span> <span class='ocrx_word' id='word_1_615' title='bbox 3695 3885 3965 3955; x_wconf 79' lang='grc' dir='ltr'>λατρείαν</span> 
     </span>
    </p>
   </div>
   <div class='ocr_carea' id='block_1_84' title="bbox 2383 3980 2555 4048">
    <p class='ocr_par' dir='ltr' id='par_1_84' title="bbox 2383 3980 2555 4048">
     <span class='ocr_line' id='line_1_84' title="bbox 2383 3980 2555 4048; baseline 0.012 -16"><span class='ocrx_word' id='word_1_616' title='bbox 2383 3980 2555 4048; x_wconf 77' lang='grc' dir='ltr'>λέγει.</span> 
     </span>
    </p>
   </div>
   <div class='ocr_carea' id='block_1_85' title="bbox 2453 4066 3969 4141">
    <p class='ocr_par' dir='ltr' id='par_1_85' title="bbox 2453 4066 3969 4141">
     <span class='ocr_line' id='line_1_85' title="bbox 2453 4066 3969 4141; baseline -0.003 -16"><span class='ocrx_word' id='word_1_617' title='bbox 2453 4071 2578 4136; x_wconf 82' lang='grc' dir='ltr'><strong>Πῶς</strong></span> <span class='ocrx_word' id='word_1_618' title='bbox 2630 4071 2848 4141; x_wconf 86' lang='grc' dir='ltr'>νοητέον</span> <span class='ocrx_word' id='word_1_619' title='bbox 2891 4070 2985 4132; x_wconf 87' lang='grc' dir='ltr'><strong>τὸ,</strong></span> <span class='ocrx_word' id='word_1_620' title='bbox 3030 4070 3245 4138; x_wconf 79' lang='grc' dir='ltr'>Ἔργον</span> <span class='ocrx_word' id='word_1_621' title='bbox 3290 4068 3615 4122; x_wconf 70' lang='grc' dir='ltr'>ἐτελείωσα</span> <span class='ocrx_word' id='word_1_622' title='bbox 3649 4067 3680 4120; x_wconf 85' lang='grc' dir='ltr'><strong>ὅ</strong></span> <span class='ocrx_word' id='word_1_623' title='bbox 3736 4066 3969 4133; x_wconf 75' lang='grc' dir='ltr'>ἔδωκάς</span> 
     </span>
    </p>
   </div>
   <div class='ocr_carea' id='block_1_86' title="bbox 2380 4154 3970 4233">
    <p class='ocr_par' dir='ltr' id='par_1_86' title="bbox 2380 4154 3970 4233">
     <span class='ocr_line' id='line_1_86' title="bbox 2380 4154 3970 4233; baseline -0.004 -16"><span class='ocrx_word' id='word_1_624' title='bbox 2380 4180 2482 4233; x_wconf 81' lang='grc' dir='ltr'><strong>μοι</strong></span> <span class='ocrx_word' id='word_1_625' title='bbox 2531 4164 2632 4217; x_wconf 74' lang='grc' dir='ltr'>ἵνα</span> <span class='ocrx_word' id='word_1_626' title='bbox 2687 4161 2959 4229; x_wconf 80' lang='grc' dir='ltr'>ποιήσω,</span> <span class='ocrx_word' id='word_1_627' title='bbox 3017 4160 3195 4213; x_wconf 80' lang='grc' dir='ltr'>καίτοι</span> <span class='ocrx_word' id='word_1_628' title='bbox 3254 4176 3317 4227; x_wconf 88' lang='grc' dir='ltr'><strong>γε</strong></span> <span class='ocrx_word' id='word_1_629' title='bbox 3369 4159 3547 4230; x_wconf 78' lang='grc' dir='ltr'>ἀρχὴν</span> <span class='ocrx_word' id='word_1_630' title='bbox 3604 4158 3686 4211; x_wconf 74' lang='grc' dir='ltr'>ετι</span> <span class='ocrx_word' id='word_1_631' title='bbox 3737 4154 3855 4229; x_wconf 75' lang='grc' dir='ltr'>εἶχε</span> <span class='ocrx_word' id='word_1_632' title='bbox 3907 4162 3970 4211; x_wconf 86' lang='grc' dir='ltr'>τὸ</span> 
     </span>
    </p>
   </div>
   <div class='ocr_carea' id='block_1_87' title="bbox 2385 4246 3972 4327">
    <p class='ocr_par' dir='ltr' id='par_1_87' title="bbox 2385 4246 3972 4327">
     <span class='ocr_line' id='line_1_87' title="bbox 2385 4246 3972 4327; baseline -0.003 -17"><span class='ocrx_word' id='word_1_633' title='bbox 2385 4258 2653 4327; x_wconf 76' lang='grc' dir='ltr'>πρᾶγμας</span> <span class='ocrx_word' id='word_1_634' title='bbox 2680 4255 2753 4308; x_wconf 87' lang='grc' dir='ltr'>Τὸ</span> <span class='ocrx_word' id='word_1_635' title='bbox 2784 4253 2977 4324; x_wconf 82' lang='grc' dir='ltr'>μέλλον</span> <span class='ocrx_word' id='word_1_636' title='bbox 3007 4252 3083 4316; x_wconf 83' lang='grc' dir='ltr'><strong>ὡς</strong></span> <span class='ocrx_word' id='word_1_637' title='bbox 3112 4252 3288 4322; x_wconf 87' lang='grc' dir='ltr'>παρὸν</span> <span class='ocrx_word' id='word_1_638' title='bbox 3306 4246 3462 4319; x_wconf 82' lang='grc' dir='ltr'>λέγει</span> <span class='ocrx_word' id='word_1_639' title='bbox 3482 4268 3497 4283; x_wconf 91' lang='grc'><strong>·</strong></span> <span class='ocrx_word' id='word_1_640' title='bbox 3524 4251 3557 4322; x_wconf 74' lang='grc' dir='ltr'>ἢ</span> <span class='ocrx_word' id='word_1_641' title='bbox 3590 4252 3674 4304; x_wconf 81' lang='grc' dir='ltr'>ὅτι</span> <span class='ocrx_word' id='word_1_642' title='bbox 3699 4251 3776 4305; x_wconf 81' lang='grc' dir='ltr'>τὸ</span> <span class='ocrx_word' id='word_1_643' title='bbox 3799 4253 3972 4321; x_wconf 69' lang='grc' dir='ltr'>ἐμαυ-</span> 
     </span>
    </p>
   </div>
   <div class='ocr_carea' id='block_1_88' title="bbox 2384 4343 3970 4417">
    <p class='ocr_par' dir='ltr' id='par_1_88' title="bbox 2384 4343 3970 4417">
     <span class='ocr_line' id='line_1_88' title="bbox 2384 4343 3970 4417; baseline -0.003 -14"><span class='ocrx_word' id='word_1_644' title='bbox 2384 4349 2478 4403; x_wconf 86' lang='grc' dir='ltr'>τοῦ</span> <span class='ocrx_word' id='word_1_645' title='bbox 2525 4351 2633 4402; x_wconf 76' lang='grc' dir='ltr'>πᾶν</span> <span class='ocrx_word' id='word_1_646' title='bbox 2669 4349 2920 4417; x_wconf 76' lang='grc' dir='ltr'>ἐποίησα.</span> <span class='ocrx_word' id='word_1_647' title='bbox 2963 4346 3087 4409; x_wconf 83' lang='grc' dir='ltr'><strong>Πῶς</strong></span> <span class='ocrx_word' id='word_1_648' title='bbox 3125 4348 3328 4399; x_wconf 78' lang='grc' dir='ltr'>νοεῖται</span> <span class='ocrx_word' id='word_1_649' title='bbox 3358 4344 3441 4411; x_wconf 89' lang='grc' dir='ltr'><strong>τὸ,</strong></span> <span class='ocrx_word' id='word_1_650' title='bbox 3476 4344 3754 4409; x_wconf 79' lang='grc' dir='ltr'>Δόεασόν</span> <span class='ocrx_word' id='word_1_651' title='bbox 3779 4361 3861 4413; x_wconf 76' lang='grc' dir='ltr'>με</span> <span class='ocrx_word' id='word_1_652' title='bbox 3894 4343 3970 4411; x_wconf 77' lang='grc' dir='ltr'>τῇ</span> 
     </span>
    </p>
   </div>
   <div class='ocr_carea' id='block_1_89' title="bbox 2384 4430 3970 4508">
    <p class='ocr_par' dir='ltr' id='par_1_89' title="bbox 2384 4430 3970 4508">
     <span class='ocr_line' id='line_1_89' title="bbox 2384 4430 3970 4508; baseline -0.003 -18"><span class='ocrx_word' id='word_1_653' title='bbox 2384 4438 2533 4504; x_wconf 80' lang='grc' dir='ltr'>δόξῃ</span> <span class='ocrx_word' id='word_1_654' title='bbox 2564 4432 2603 4508; x_wconf 81' lang='grc' dir='ltr'><strong><em>ᾖ</em></strong></span> <span class='ocrx_word' id='word_1_655' title='bbox 2628 4434 2816 4505; x_wconf 72' lang='grc' dir='ltr'>εἵχον,</span> <span class='ocrx_word' id='word_1_656' title='bbox 2858 4436 2973 4505; x_wconf 77' lang='grc' dir='ltr'>πρὸ</span> <span class='ocrx_word' id='word_1_657' title='bbox 2994 4436 3101 4490; x_wconf 85' lang='grc' dir='ltr'>τοῦ</span> <span class='ocrx_word' id='word_1_658' title='bbox 3150 4435 3260 4489; x_wconf 84' lang='grc' dir='ltr'>τὸν</span> <span class='ocrx_word' id='word_1_659' title='bbox 3309 4435 3542 4503; x_wconf 77' lang='grc' dir='ltr'>κόσμον</span> <span class='ocrx_word' id='word_1_660' title='bbox 3584 4430 3763 4500; x_wconf 75' lang='grc' dir='ltr'>εῖναι,</span> <span class='ocrx_word' id='word_1_661' title='bbox 3804 4437 3970 4502; x_wconf 74' lang='grc' dir='ltr'>παρὰ</span> 
     </span>
    </p>
   </div>
   <div class='ocr_carea' id='block_1_90' title="bbox 702 4526 2365 4610">
    <p class='ocr_par' dir='ltr' id='par_1_90' title="bbox 702 4533 2358 4610">
     <span class='ocr_line' id='line_1_90' title="bbox 702 4533 2358 4610; baseline 0 -17"><span class='ocrx_word' id='word_1_662' title='bbox 702 4557 861 4610; x_wconf 87' lang='lat' dir='ltr'><strong>quum</strong></span> <span class='ocrx_word' id='word_1_663' title='bbox 911 4540 1137 4593; x_wconf 85' lang='lat' dir='ltr'><strong>mundus</strong></span> <span class='ocrx_word' id='word_1_664' title='bbox 1190 4547 1344 4600; x_wconf 80' lang='lat' dir='ltr'><strong>esset,</strong></span> <span class='ocrx_word' id='word_1_665' title='bbox 1378 4536 1520 4605; x_wconf 83' lang='lat' dir='ltr'><strong>apud</strong></span> <span class='ocrx_word' id='word_1_666' title='bbox 1568 4545 1615 4588; x_wconf 82' lang='lat' dir='ltr'><strong>te</strong></span> <span class='ocrx_word' id='word_1_667' title='bbox 1641 4536 1666 4588; x_wconf 72' lang='grc' dir='ltr'><strong>ἴ)</strong></span> <span class='ocrx_word' id='word_1_668' title='bbox 1701 4533 1783 4589; x_wconf 74' lang='lat' dir='ltr'><strong>Ol)</strong></span> <span class='ocrx_word' id='word_1_669' title='bbox 1834 4537 2013 4591; x_wconf 83' lang='lat' dir='ltr'><strong>carnis</strong></span> <span class='ocrx_word' id='word_1_670' title='bbox 2041 4537 2280 4592; x_wconf 83' lang='lat' dir='ltr'><strong>circum-</strong></span> <span class='ocrx_word' id='word_1_671' title='bbox 2318 4539 2358 4593; x_wconf 90' lang='lat' dir='ltr'><strong>D</strong></span> 
     </span>
    </p>
   </div>
   <div class='ocr_carea' id='block_1_91' title="bbox 2305 4526 3968 4610">
    <p class='ocr_par' dir='ltr' id='par_1_91' title="bbox 2318 4526 3968 4599">
     <span class='ocr_line' id='line_1_91' title="bbox 2318 4526 3968 4599; baseline -0.002 -15"><span class='ocrx_word' id='word_1_672' title='bbox 2318 4539 2358 4593; x_wconf 80' lang='grc' dir='ltr'>υ</span> <span class='ocrx_word' id='word_1_673' title='bbox 2386 4532 2524 4591; x_wconf 86' lang='grc' dir='ltr'>σοί;</span> <span class='ocrx_word' id='word_1_674' title='bbox 2556 4528 2654 4582; x_wconf 83' lang='grc' dir='ltr'>Διά</span> <span class='ocrx_word' id='word_1_675' title='bbox 2681 4529 2743 4583; x_wconf 78' lang='grc' dir='ltr'>τὸ</span> <span class='ocrx_word' id='word_1_676' title='bbox 2774 4528 3159 4599; x_wconf 83' lang='grc' dir='ltr'>περικείμενον</span> <span class='ocrx_word' id='word_1_677' title='bbox 3189 4527 3391 4596; x_wconf 77' lang='grc' dir='ltr'>ἔνδυμα</span> <span class='ocrx_word' id='word_1_678' title='bbox 3421 4527 3521 4595; x_wconf 83' lang='grc' dir='ltr'>τῆς</span> <span class='ocrx_word' id='word_1_679' title='bbox 3557 4526 3761 4594; x_wconf 80' lang='grc' dir='ltr'>σαρκὸς</span> <span class='ocrx_word' id='word_1_680' title='bbox 3792 4526 3968 4592; x_wconf 83' lang='grc' dir='ltr'>λέγει.</span> 
     </span>
    </p>
   </div>
   <div class='ocr_carea' id='block_1_92' title="bbox 703 4628 2279 4702">
    <p class='ocr_par' dir='ltr' id='par_1_92' title="bbox 703 4628 2279 4702">
     <span class='ocr_line' id='line_1_92' title="bbox 703 4628 2279 4702; baseline -0.004 -13"><span class='ocrx_word' id='word_1_681' title='bbox 703 4634 905 4702; x_wconf 70' lang='lat' dir='ltr'><strong>lectum</strong></span> <span class='ocrx_word' id='word_1_682' title='bbox 942 4631 1321 4685; x_wconf 85' lang='lat' dir='ltr'><strong>indumentum</strong></span> <span class='ocrx_word' id='word_1_683' title='bbox 1384 4628 1535 4683; x_wconf 87' lang='lat' dir='ltr'><strong>dicit.</strong></span> <span class='ocrx_word' id='word_1_684' title='bbox 1570 4630 1721 4696; x_wconf 80' lang='lat' dir='ltr'><strong>Apud</strong></span> <span class='ocrx_word' id='word_1_685' title='bbox 1789 4638 1858 4690; x_wconf 86' lang='lat' dir='ltr'><strong>te,</strong></span> <span class='ocrx_word' id='word_1_686' title='bbox 1894 4644 2012 4695; x_wconf 87' lang='lat' dir='ltr'><strong>pro,</strong></span> <span class='ocrx_word' id='word_1_687' title='bbox 2046 4628 2177 4682; x_wconf 87' lang='lat' dir='ltr'><strong>Cum</strong></span> <span class='ocrx_word' id='word_1_688' title='bbox 2230 4640 2279 4683; x_wconf 87' lang='lat' dir='ltr'><strong>te</strong></span> 
     </span>
    </p>
   </div>
   <div class='ocr_carea' id='block_1_93' title="bbox 704 4718 2277 4793">
    <p class='ocr_par' dir='ltr' id='par_1_93' title="bbox 704 4718 2277 4793">
     <span class='ocr_line' id='line_1_93' title="bbox 704 4718 2277 4793; baseline -0.003 -15"><span class='ocrx_word' id='word_1_689' title='bbox 704 4735 752 4778; x_wconf 84' lang='lat' dir='ltr'><strong>ct</strong></span> <span class='ocrx_word' id='word_1_690' title='bbox 778 4725 935 4793; x_wconf 72' lang='lat' dir='ltr'><strong>juxta</strong></span> <span class='ocrx_word' id='word_1_691' title='bbox 964 4733 1048 4787; x_wconf 84' lang='lat' dir='ltr'><strong>te;</strong></span> <span class='ocrx_word' id='word_1_692' title='bbox 1090 4738 1195 4775; x_wconf 91' lang='lat' dir='ltr'><strong>non</strong></span> <span class='ocrx_word' id='word_1_693' title='bbox 1226 4723 1370 4776; x_wconf 86' lang='lat' dir='ltr'><strong>enim</strong></span> <span class='ocrx_word' id='word_1_694' title='bbox 1411 4720 1543 4773; x_wconf 88' lang='lat' dir='ltr'><strong>dicit</strong></span> <span class='ocrx_word' id='word_1_695' title='bbox 1571 4720 1623 4772; x_wconf 92' lang='lat' dir='ltr'><strong>in</strong></span> <span class='ocrx_word' id='word_1_696' title='bbox 1657 4731 1821 4774; x_wconf 89' lang='lat' dir='ltr'><strong>terra.</strong></span> <span class='ocrx_word' id='word_1_697' title='bbox 1862 4718 1928 4771; x_wconf 78' lang='lat' dir='ltr'><strong>Et</strong></span> <span class='ocrx_word' id='word_1_698' title='bbox 1954 4719 2131 4773; x_wconf 83' lang='lat' dir='ltr'><strong>aliter.</strong></span> <span class='ocrx_word' id='word_1_699' title='bbox 2159 4718 2277 4773; x_wconf 84' lang='lat' dir='ltr'><strong>Non</strong></span> 
     </span>
    </p>
   </div>
   <div class='ocr_carea' id='block_1_94' title="bbox 708 4812 2279 4887">
    <p class='ocr_par' dir='ltr' id='par_1_94' title="bbox 708 4812 2279 4887">
     <span class='ocr_line' id='line_1_94' title="bbox 708 4812 2279 4887; baseline -0.003 -17"><span class='ocrx_word' id='word_1_700' title='bbox 708 4833 805 4887; x_wconf 87' lang='lat' dir='ltr'><strong>pro</strong></span> <span class='ocrx_word' id='word_1_701' title='bbox 834 4833 893 4871; x_wconf 87' lang='lat' dir='ltr'><strong>se</strong></span> <span class='ocrx_word' id='word_1_702' title='bbox 927 4817 1041 4870; x_wconf 69' lang='lat' dir='ltr'><strong>iure</strong></span> <span class='ocrx_word' id='word_1_703' title='bbox 1067 4816 1218 4878; x_wconf 84' lang='lat' dir='ltr'><strong>dicit,</strong></span> <span class='ocrx_word' id='word_1_704' title='bbox 1247 4814 1341 4869; x_wconf 81' lang='lat' dir='ltr'><strong>sed</strong></span> <span class='ocrx_word' id='word_1_705' title='bbox 1398 4828 1497 4883; x_wconf 86' lang='lat' dir='ltr'><strong>pro</strong></span> <span class='ocrx_word' id='word_1_706' title='bbox 1526 4812 1695 4866; x_wconf 79' lang='lat' dir='ltr'><strong>Adam</strong></span> <span class='ocrx_word' id='word_1_707' title='bbox 1752 4826 1911 4880; x_wconf 85' lang='lat' dir='ltr'><strong>quem</strong></span> <span class='ocrx_word' id='word_1_708' title='bbox 1963 4812 2279 4880; x_wconf 88' lang='lat' dir='ltr'><strong>assumpsit.</strong></span> 
     </span>
    </p>
   </div>
   <div class='ocr_carea' id='block_1_95' title="bbox 708 4901 2275 4974">
    <p class='ocr_par' dir='ltr' id='par_1_95' title="bbox 708 4901 2275 4974">
     <span class='ocr_line' id='line_1_95' title="bbox 708 4901 2275 4974; baseline -0.006 -11"><span class='ocrx_word' id='word_1_709' title='bbox 708 4910 863 4963; x_wconf 85' lang='lat' dir='ltr'><strong>Sicut</strong></span> <span class='ocrx_word' id='word_1_710' title='bbox 892 4906 1035 4962; x_wconf 88' lang='lat' dir='ltr'><strong>enim</strong></span> <span class='ocrx_word' id='word_1_711' title='bbox 1064 4906 1261 4974; x_wconf 89' lang='lat' dir='ltr'><strong>aliquis</strong></span> <span class='ocrx_word' id='word_1_712' title='bbox 1291 4906 1456 4958; x_wconf 88' lang='lat' dir='ltr'><strong>intrat</strong></span> <span class='ocrx_word' id='word_1_713' title='bbox 1485 4904 1535 4956; x_wconf 93' lang='lat' dir='ltr'><strong>in</strong></span> <span class='ocrx_word' id='word_1_714' title='bbox 1570 4901 1884 4971; x_wconf 63' lang='lat' dir='ltr'><strong>praetorium</strong></span> <span class='ocrx_word' id='word_1_715' title='bbox 1924 4908 1978 4954; x_wconf 89' lang='lat' dir='ltr'><strong>et</strong></span> <span class='ocrx_word' id='word_1_716' title='bbox 2016 4902 2275 4955; x_wconf 88' lang='lat' dir='ltr'><strong>omnibus</strong></span> 
     </span>
    </p>
   </div>
   <div class='ocr_carea' id='block_1_96' title="bbox 706 4995 2281 5063">
    <p class='ocr_par' dir='ltr' id='par_1_96' title="bbox 706 4995 2281 5063">
     <span class='ocr_line' id='line_1_96' title="bbox 706 4995 2281 5063; baseline -0.004 -8"><span class='ocrx_word' id='word_1_717' title='bbox 706 5000 950 5055; x_wconf 88' lang='lat' dir='ltr'><strong>accusati</strong></span> <span class='ocrx_word' id='word_1_718' title='bbox 981 4998 1303 5053; x_wconf 87' lang='lat' dir='ltr'><strong>criminibus</strong></span> <span class='ocrx_word' id='word_1_719' title='bbox 1366 4995 1628 5059; x_wconf 88' lang='lat' dir='ltr'><strong>induitur,</strong></span> <span class='ocrx_word' id='word_1_720' title='bbox 1676 5003 1727 5049; x_wconf 88' lang='lat' dir='ltr'><strong>et</strong></span> <span class='ocrx_word' id='word_1_721' title='bbox 1763 5004 2019 5063; x_wconf 82' lang='lat' dir='ltr'><strong>tanquam</strong></span> <span class='ocrx_word' id='word_1_722' title='bbox 2077 5010 2173 5062; x_wconf 90' lang='lat' dir='ltr'><strong>pro</strong></span> <span class='ocrx_word' id='word_1_723' title='bbox 2222 5011 2281 5049; x_wconf 89' lang='lat' dir='ltr'><strong>se</strong></span> 
     </span>
    </p>
   </div>
   <div class='ocr_carea' id='block_1_97' title="bbox 707 5086 2278 5160">
    <p class='ocr_par' dir='ltr' id='par_1_97' title="bbox 707 5086 2278 5160">
     <span class='ocr_line' id='line_1_97' title="bbox 707 5086 2278 5160; baseline -0.003 -15"><span class='ocrx_word' id='word_1_724' title='bbox 707 5108 891 5145; x_wconf 82' lang='lat' dir='ltr'><strong>coram</strong></span> <span class='ocrx_word' id='word_1_725' title='bbox 923 5090 1108 5160; x_wconf 75' lang='lat' dir='ltr'><strong>judit-e</strong></span> <span class='ocrx_word' id='word_1_726' title='bbox 1133 5091 1395 5159; x_wconf 86' lang='lat' dir='ltr'><strong>loquitur,</strong></span> <span class='ocrx_word' id='word_1_727' title='bbox 1442 5087 1568 5143; x_wconf 88' lang='lat' dir='ltr'><strong>licet</strong></span> <span class='ocrx_word' id='word_1_728' title='bbox 1620 5088 1733 5157; x_wconf 90' lang='lat' dir='ltr'><strong>ipse</strong></span> <span class='ocrx_word' id='word_1_729' title='bbox 1776 5087 1939 5140; x_wconf 80' lang='lat' dir='ltr'><strong>fuerit</strong></span> <span class='ocrx_word' id='word_1_730' title='bbox 1991 5086 2278 5147; x_wconf 88' lang='lat' dir='ltr'><strong>innocens.</strong></span> 
     </span>
    </p>
   </div>
   <div class='ocr_carea' id='block_1_98' title="bbox 707 5177 2280 5237">
    <p class='ocr_par' dir='ltr' id='par_1_98' title="bbox 707 5177 2280 5237">
     <span class='ocr_line' id='line_1_98' title="bbox 707 5177 2280 5237; baseline -0.006 0"><span class='ocrx_word' id='word_1_731' title='bbox 707 5184 894 5237; x_wconf 82' lang='lat' dir='ltr'><strong>eodem</strong></span> <span class='ocrx_word' id='word_1_732' title='bbox 927 5181 1087 5235; x_wconf 90' lang='lat' dir='ltr'><strong>modo</strong></span> <span class='ocrx_word' id='word_1_733' title='bbox 1117 5182 1382 5235; x_wconf 87' lang='lat' dir='ltr'><strong>Dominus</strong></span> <span class='ocrx_word' id='word_1_734' title='bbox 1415 5187 1603 5232; x_wconf 88' lang='lat' dir='ltr'><strong>noster</strong></span> <span class='ocrx_word' id='word_1_735' title='bbox 1653 5178 1885 5231; x_wconf 89' lang='lat' dir='ltr'><strong>assumit</strong></span> <span class='ocrx_word' id='word_1_736' title='bbox 1938 5189 2122 5229; x_wconf 84' lang='lat' dir='ltr'><strong>nostra</strong></span> <span class='ocrx_word' id='word_1_737' title='bbox 2176 5177 2280 5228; x_wconf 82' lang='lat' dir='ltr'><strong>cri-</strong></span> 
     </span>
    </p>
   </div>
   <div class='ocr_carea' id='block_1_99' title="bbox 708 5269 2278 5340">
    <p class='ocr_par' dir='ltr' id='par_1_99' title="bbox 708 5269 2278 5340">
     <span class='ocr_line' id='line_1_99' title="bbox 708 5269 2278 5340; baseline -0.006 -12"><span class='ocrx_word' id='word_1_738' title='bbox 708 5275 1020 5334; x_wconf 87' lang='lat' dir='ltr'><strong>mina,cum</strong></span> <span class='ocrx_word' id='word_1_739' title='bbox 1055 5272 1170 5325; x_wconf 85' lang='lat' dir='ltr'><strong>sine</strong></span> <span class='ocrx_word' id='word_1_740' title='bbox 1201 5279 1424 5340; x_wconf 81' lang='lat' dir='ltr'><strong>percato</strong></span> <span class='ocrx_word' id='word_1_741' title='bbox 1456 5277 1632 5333; x_wconf 85' lang='lat' dir='ltr'><strong>esset;</strong></span> <span class='ocrx_word' id='word_1_742' title='bbox 1671 5276 1952 5335; x_wconf 72' lang='lat' dir='ltr'><strong>pet-catum</strong></span> <span class='ocrx_word' id='word_1_743' title='bbox 1984 5269 2129 5321; x_wconf 84' lang='lat' dir='ltr'><strong>enim</strong></span> <span class='ocrx_word' id='word_1_744' title='bbox 2172 5282 2278 5319; x_wconf 89' lang='lat' dir='ltr'><strong>non</strong></span> 
     </span>
    </p>
   </div>
   <div class='ocr_carea' id='block_1_100' title="bbox 709 5357 2283 5432">
    <p class='ocr_par' dir='ltr' id='par_1_100' title="bbox 709 5357 2283 5432">
     <span class='ocr_line' id='line_1_100' title="bbox 709 5357 2283 5432; baseline -0.006 -14"><span class='ocrx_word' id='word_1_745' title='bbox 709 5364 857 5428; x_wconf 75' lang='lat' dir='ltr'><strong>fecit,</strong></span> <span class='ocrx_word' id='word_1_746' title='bbox 890 5377 941 5417; x_wconf 86' lang='lat' dir='ltr'><strong>et</strong></span> <span class='ocrx_word' id='word_1_747' title='bbox 977 5379 1072 5432; x_wconf 82' lang='lat' dir='ltr'><strong>pro</strong></span> <span class='ocrx_word' id='word_1_748' title='bbox 1103 5362 1259 5415; x_wconf 82' lang='lat' dir='ltr'><strong>nobis</strong></span> <span class='ocrx_word' id='word_1_749' title='bbox 1294 5360 1560 5430; x_wconf 65' lang='lat' dir='ltr'><strong>legatione</strong></span> <span class='ocrx_word' id='word_1_750' title='bbox 1592 5358 1857 5417; x_wconf 64' lang='lat' dir='ltr'><strong>intuitur.</strong></span> <span class='ocrx_word' id='word_1_751' title='bbox 1896 5357 2151 5424; x_wconf 72' lang='lat' dir='ltr'><strong>Cleri/ica</strong></span> <span class='ocrx_word' id='word_1_752' title='bbox 2205 5374 2283 5409; x_wconf 87' lang='lat' dir='ltr'><strong>me</strong></span> 
     </span>
    </p>
   </div>
   <div class='ocr_carea' id='block_1_101' title="bbox 708 5450 2283 5528">
    <p class='ocr_par' dir='ltr' id='par_1_101' title="bbox 708 5450 2283 5528">
     <span class='ocr_line' id='line_1_101' title="bbox 708 5450 2283 5528; baseline -0.005 -19"><span class='ocrx_word' id='word_1_753' title='bbox 708 5458 875 5528; x_wconf 62' lang='lat' dir='ltr'><strong>giario</strong></span> <span class='ocrx_word' id='word_1_754' title='bbox 927 5472 1083 5526; x_wconf 85' lang='lat' dir='ltr'><strong>quant</strong></span> <span class='ocrx_word' id='word_1_755' title='bbox 1117 5454 1277 5506; x_wconf 83' lang='lat' dir='ltr'><strong>habui</strong></span> <span class='ocrx_word' id='word_1_756' title='bbox 1324 5453 1634 5521; x_wconf 83' lang='lat' dir='ltr'><strong>priusquam</strong></span> <span class='ocrx_word' id='word_1_757' title='bbox 1688 5451 1913 5503; x_wconf 80' lang='lat' dir='ltr'><strong>mundus</strong></span> <span class='ocrx_word' id='word_1_758' title='bbox 1962 5458 2115 5511; x_wconf 69' lang='lat' dir='ltr'><strong>esset,</strong></span> <span class='ocrx_word' id='word_1_759' title='bbox 2145 5450 2283 5517; x_wconf 82' lang='lat' dir='ltr'><strong>apud</strong></span> 
     </span>
    </p>
   </div>
   <div class='ocr_carea' id='block_1_102' title="bbox 714 5543 2280 5616">
    <p class='ocr_par' dir='ltr' id='par_1_102' title="bbox 714 5543 2280 5616">
     <span class='ocr_line' id='line_1_102' title="bbox 714 5543 2280 5616; baseline -0.007 -11"><span class='ocrx_word' id='word_1_760' title='bbox 714 5565 805 5607; x_wconf 84' lang='lat' dir='ltr'><strong>te:</strong></span> <span class='ocrx_word' id='word_1_761' title='bbox 841 5552 896 5605; x_wconf 85' lang='lat' dir='ltr'><strong>in</strong></span> <span class='ocrx_word' id='word_1_762' title='bbox 935 5548 1344 5616; x_wconf 88' lang='lat' dir='ltr'><strong>incorruptione</strong></span> <span class='ocrx_word' id='word_1_763' title='bbox 1379 5547 1523 5599; x_wconf 87' lang='lat' dir='ltr'><strong>enim</strong></span> <span class='ocrx_word' id='word_1_764' title='bbox 1556 5544 1730 5597; x_wconf 81' lang='lat' dir='ltr'><strong>factus</strong></span> <span class='ocrx_word' id='word_1_765' title='bbox 1765 5560 1915 5595; x_wconf 81' lang='lat' dir='ltr'><strong>eram</strong></span> <span class='ocrx_word' id='word_1_766' title='bbox 1952 5558 2051 5605; x_wconf 73' lang='lat' dir='ltr'><strong>ego</strong></span> <span class='ocrx_word' id='word_1_767' title='bbox 2088 5543 2280 5606; x_wconf 79' lang='lat' dir='ltr'><strong>Adam,</strong></span> 
     </span>
    </p>
   </div>
   <div class='ocr_carea' id='block_1_103' title="bbox 712 5637 2286 5703">
    <p class='ocr_par' dir='ltr' id='par_1_103' title="bbox 712 5637 2286 5703">
     <span class='ocr_line' id='line_1_103' title="bbox 712 5637 2286 5703; baseline -0.008 -4"><span class='ocrx_word' id='word_1_768' title='bbox 712 5644 1125 5699; x_wconf 71' lang='lat' dir='ltr'><strong>conversatione</strong></span> <span class='ocrx_word' id='word_1_769' title='bbox 1162 5640 1253 5694; x_wconf 82' lang='grc' dir='ltr'><strong>ί)οἰ</strong></span> <span class='ocrx_word' id='word_1_770' title='bbox 1285 5639 1523 5699; x_wconf 76' lang='lat' dir='ltr'><strong>fruebar,</strong></span> <span class='ocrx_word' id='word_1_771' title='bbox 1555 5637 1870 5703; x_wconf 72' lang='lat' dir='ltr'><strong>angelorum</strong></span> <span class='ocrx_word' id='word_1_772' title='bbox 1916 5652 2115 5689; x_wconf 60' lang='lat' dir='ltr'><strong>mensa:</strong></span> <span class='ocrx_word' id='word_1_773' title='bbox 2163 5652 2286 5703; x_wconf 81' lang='lat' dir='ltr'><strong>par-</strong></span> 
     </span>
    </p>
   </div>
   <div class='ocr_carea' id='block_1_104' title="bbox 715 5729 2282 5806">
    <p class='ocr_par' dir='ltr' id='par_1_104' title="bbox 715 5729 2282 5806">
     <span class='ocr_line' id='line_1_104' title="bbox 715 5729 2282 5806; baseline -0.006 -17"><span class='ocrx_word' id='word_1_774' title='bbox 715 5736 1029 5806; x_wconf 74' lang='lat' dir='ltr'><strong>ticipalmm,</strong></span> <span class='ocrx_word' id='word_1_775' title='bbox 1068 5734 1301 5800; x_wconf 70' lang='lat' dir='ltr'><strong>Spiritus</strong></span> <span class='ocrx_word' id='word_1_776' title='bbox 1357 5731 1527 5784; x_wconf 84' lang='lat' dir='ltr'><strong>sancti</strong></span> <span class='ocrx_word' id='word_1_777' title='bbox 1571 5730 1797 5799; x_wconf 72' lang='lat' dir='ltr'><strong>gratiam</strong></span> <span class='ocrx_word' id='word_1_778' title='bbox 1843 5739 1896 5781; x_wconf 81' lang='lat' dir='ltr'><strong>et</strong></span> <span class='ocrx_word' id='word_1_779' title='bbox 1950 5729 2174 5794; x_wconf 66' lang='lat' dir='ltr'><strong>gloriam</strong></span> <span class='ocrx_word' id='word_1_780' title='bbox 2231 5729 2282 5780; x_wconf 86' lang='lat' dir='ltr'><strong>in</strong></span> 
     </span>
    </p>
   </div>
   <div class='ocr_carea' id='block_1_105' title="bbox 720 5820 2281 5888">
    <p class='ocr_par' dir='ltr' id='par_1_105' title="bbox 720 5820 2281 5888">
     <span class='ocr_line' id='line_1_105' title="bbox 720 5820 2281 5888; baseline -0.009 -7"><span class='ocrx_word' id='word_1_781' title='bbox 720 5831 896 5881; x_wconf 76' lang='lat' dir='ltr'><strong>lmnte</strong></span> <span class='ocrx_word' id='word_1_782' title='bbox 931 5823 1165 5876; x_wconf 75' lang='lat' dir='ltr'><strong>terebant</strong></span> <span class='ocrx_word' id='word_1_783' title='bbox 1204 5841 1213 5873; x_wconf 89' lang='lat'>:</span> <span class='ocrx_word' id='word_1_784' title='bbox 1257 5824 1393 5875; x_wconf 76' lang='lat' dir='ltr'><strong>hanc</strong></span> <span class='ocrx_word' id='word_1_785' title='bbox 1434 5836 1524 5888; x_wconf 67' lang='lat' dir='ltr'><strong>per</strong></span> <span class='ocrx_word' id='word_1_786' title='bbox 1570 5835 1741 5872; x_wconf 66' lang='lat' dir='ltr'><strong>meam</strong></span> <span class='ocrx_word' id='word_1_787' title='bbox 1795 5820 2281 5874; x_wconf 61' lang='lat' dir='ltr'><strong>lt&#39;allhﬁt‘t‘Ssintlt‘lll</strong></span> 
     </span>
    </p>
   </div>
   <div class='ocr_carea' id='block_1_106' title="bbox 2384 4616 3967 4688">
    <p class='ocr_par' dir='ltr' id='par_1_106' title="bbox 2384 4616 3967 4688">
     <span class='ocr_line' id='line_1_106' title="bbox 2384 4616 3967 4688; baseline -0.004 -13"><span class='ocrx_word' id='word_1_788' title='bbox 2384 4622 2457 4675; x_wconf 84' lang='grc' dir='ltr'>τὸ</span> <span class='ocrx_word' id='word_1_789' title='bbox 2482 4622 2560 4684; x_wconf 84' lang='grc' dir='ltr'>δὲ.</span> <span class='ocrx_word' id='word_1_790' title='bbox 2593 4621 2753 4688; x_wconf 80' lang='grc' dir='ltr'>παρὰ</span> <span class='ocrx_word' id='word_1_791' title='bbox 2782 4621 2901 4678; x_wconf 80' lang='grc' dir='ltr'>σοὶ.</span> <span class='ocrx_word' id='word_1_792' title='bbox 2932 4620 3055 4673; x_wconf 75' lang='grc' dir='ltr'>ἀντὶ</span> <span class='ocrx_word' id='word_1_793' title='bbox 3078 4617 3198 4682; x_wconf 80' lang='grc' dir='ltr'>τοῦ,</span> <span class='ocrx_word' id='word_1_794' title='bbox 3222 4617 3373 4687; x_wconf 73' lang='grc' dir='ltr'>μετὰ</span> <span class='ocrx_word' id='word_1_795' title='bbox 3400 4617 3519 4671; x_wconf 87' lang='grc' dir='ltr'>σοῦ</span> <span class='ocrx_word' id='word_1_796' title='bbox 3550 4616 3650 4670; x_wconf 78' lang='grc' dir='ltr'>καί</span> <span class='ocrx_word' id='word_1_797' title='bbox 3675 4617 3799 4669; x_wconf 84' lang='grc' dir='ltr'>σὺν</span> <span class='ocrx_word' id='word_1_798' title='bbox 3828 4618 3967 4671; x_wconf 83' lang='grc' dir='ltr'>σοί·</span> 
     </span>
    </p>
   </div>
   <div class='ocr_carea' id='block_1_107' title="bbox 2381 4709 3971 4783">
    <p class='ocr_par' dir='ltr' id='par_1_107' title="bbox 2381 4709 3971 4783">
     <span class='ocr_line' id='line_1_107' title="bbox 2381 4709 3971 4783; baseline -0.002 -17"><span class='ocrx_word' id='word_1_799' title='bbox 2381 4713 2442 4766; x_wconf 76' lang='grc' dir='ltr'>οὐ</span> <span class='ocrx_word' id='word_1_800' title='bbox 2476 4714 2586 4783; x_wconf 81' lang='grc' dir='ltr'><strong>γὰρ</strong></span> <span class='ocrx_word' id='word_1_801' title='bbox 2619 4709 2793 4778; x_wconf 82' lang='grc' dir='ltr'>εἶπεν,</span> <span class='ocrx_word' id='word_1_802' title='bbox 2845 4712 2967 4765; x_wconf 80' lang='grc' dir='ltr'><strong>Ἐπὶ</strong></span> <span class='ocrx_word' id='word_1_803' title='bbox 2993 4712 3091 4781; x_wconf 83' lang='grc' dir='ltr'>τῆς</span> <span class='ocrx_word' id='word_1_804' title='bbox 3118 4713 3243 4780; x_wconf 83' lang='grc' dir='ltr'>γῆς.</span> <span class='ocrx_word' id='word_1_805' title='bbox 3277 4709 3385 4763; x_wconf 73' lang='lat' dir='ltr'><strong>Kal</strong></span> <span class='ocrx_word' id='word_1_806' title='bbox 3414 4709 3652 4773; x_wconf 67' lang='grc' dir='ltr'>ἄλλως·</span> <span class='ocrx_word' id='word_1_807' title='bbox 3685 4709 3799 4778; x_wconf 77' lang='grc' dir='ltr'><strong>Οὐχ</strong></span> <span class='ocrx_word' id='word_1_808' title='bbox 3825 4710 3971 4781; x_wconf 77' lang='grc' dir='ltr'>ὑπὲρ</span> 
     </span>
    </p>
   </div>
   <div class='ocr_carea' id='block_1_108' title="bbox 2383 4799 3973 4871">
    <p class='ocr_par' dir='ltr' id='par_1_108' title="bbox 2383 4799 3973 4871">
     <span class='ocr_line' id='line_1_108' title="bbox 2383 4799 3973 4871; baseline -0.003 -13"><span class='ocrx_word' id='word_1_809' title='bbox 2383 4805 2576 4859; x_wconf 74' lang='grc' dir='ltr'>ἑαυτοῦ</span> <span class='ocrx_word' id='word_1_810' title='bbox 2614 4806 2790 4860; x_wconf 85' lang='grc' dir='ltr'>ταῦτα</span> <span class='ocrx_word' id='word_1_811' title='bbox 2831 4804 3001 4871; x_wconf 81' lang='grc' dir='ltr'>λέγει,</span> <span class='ocrx_word' id='word_1_812' title='bbox 3043 4803 3157 4855; x_wconf 78' lang='grc' dir='ltr'>ἀλλ’</span> <span class='ocrx_word' id='word_1_813' title='bbox 3190 4802 3332 4871; x_wconf 76' lang='grc' dir='ltr'>ὑπὲρ</span> <span class='ocrx_word' id='word_1_814' title='bbox 3358 4800 3463 4854; x_wconf 73' lang='grc' dir='ltr'><strong>τοῦ</strong></span> <span class='ocrx_word' id='word_1_815' title='bbox 3518 4800 3731 4869; x_wconf 70' lang='grc' dir='ltr'>Ἀδὰμ,</span> <span class='ocrx_word' id='word_1_816' title='bbox 3767 4799 3829 4852; x_wconf 81' lang='grc' dir='ltr'>ὃν</span> <span class='ocrx_word' id='word_1_817' title='bbox 3874 4802 3973 4854; x_wconf 74' lang='grc' dir='ltr'><strong>καὶ</strong></span> 
     </span>
    </p>
   </div>
   <div class='ocr_carea' id='block_1_109' title="bbox 2382 4892 3974 4967">
    <p class='ocr_par' dir='ltr' id='par_1_109' title="bbox 2382 4892 3974 4967">
     <span class='ocr_line' id='line_1_109' title="bbox 2382 4892 3974 4967; baseline -0.005 -16"><span class='ocrx_word' id='word_1_818' title='bbox 2382 4897 2664 4951; x_wconf 78' lang='grc' dir='ltr'>ἀνέλαϐεν.</span> <span class='ocrx_word' id='word_1_819' title='bbox 2703 4897 2916 4967; x_wconf 82' lang='grc' dir='ltr'>Ὠσπερ</span> <span class='ocrx_word' id='word_1_820' title='bbox 2949 4896 3060 4964; x_wconf 86' lang='grc' dir='ltr'><strong>γάρ</strong></span> <span class='ocrx_word' id='word_1_821' title='bbox 3106 4911 3194 4957; x_wconf 91' lang='grc' dir='ltr'>τις</span> <span class='ocrx_word' id='word_1_822' title='bbox 3241 4893 3554 4963; x_wconf 73' lang='grc' dir='ltr'>εἰσέρχεται</span> <span class='ocrx_word' id='word_1_823' title='bbox 3594 4892 3675 4954; x_wconf 90' lang='grc' dir='ltr'><strong>είς</strong></span> <span class='ocrx_word' id='word_1_824' title='bbox 3717 4893 3777 4943; x_wconf 79' lang='grc' dir='ltr'>τὸ</span> <span class='ocrx_word' id='word_1_825' title='bbox 3818 4893 3974 4945; x_wconf 77' lang='grc' dir='ltr'>δικα-</span> 
     </span>
    </p>
   </div>
   <div class='ocr_carea' id='block_1_110' title="bbox 2386 4984 3974 5060">
    <p class='ocr_par' dir='ltr' id='par_1_110' title="bbox 2386 4984 3974 5060">
     <span class='ocr_line' id='line_1_110' title="bbox 2386 4984 3974 5060; baseline -0.005 -17"><span class='ocrx_word' id='word_1_826' title='bbox 2386 4991 2604 5060; x_wconf 78' lang='grc' dir='ltr'>στήριον</span> <span class='ocrx_word' id='word_1_827' title='bbox 2642 4989 2738 5042; x_wconf 71' lang='grc' dir='ltr'><strong>καὶ</strong></span> <span class='ocrx_word' id='word_1_828' title='bbox 2779 4989 2957 5041; x_wconf 83' lang='grc' dir='ltr'>πάντα</span> <span class='ocrx_word' id='word_1_829' title='bbox 3006 4989 3076 5040; x_wconf 70' lang='grc' dir='ltr'>τὰ</span> <span class='ocrx_word' id='word_1_830' title='bbox 3128 4986 3453 5055; x_wconf 76' lang='grc' dir='ltr'>ἐγκλήματα</span> <span class='ocrx_word' id='word_1_831' title='bbox 3493 4984 3590 5038; x_wconf 82' lang='grc' dir='ltr'><strong>τοῦ</strong></span> <span class='ocrx_word' id='word_1_832' title='bbox 3636 5001 3974 5052; x_wconf 77' lang='grc' dir='ltr'>κατηγορου-</span> 
     </span>
    </p>
   </div>
   <div class='ocr_carea' id='block_1_111' title="bbox 2388 5074 3974 5152">
    <p class='ocr_par' dir='ltr' id='par_1_111' title="bbox 2388 5074 3974 5152">
     <span class='ocr_line' id='line_1_111' title="bbox 2388 5074 3974 5152; baseline -0.006 -17"><span class='ocrx_word' id='word_1_833' title='bbox 2388 5084 2549 5152; x_wconf 76' lang='grc' dir='ltr'>μένου</span> <span class='ocrx_word' id='word_1_834' title='bbox 2597 5081 2860 5144; x_wconf 76' lang='grc' dir='ltr'>ἐνδύεται,</span> <span class='ocrx_word' id='word_1_835' title='bbox 2899 5080 2994 5132; x_wconf 71' lang='grc' dir='ltr'><strong>καὶ</strong></span> <span class='ocrx_word' id='word_1_836' title='bbox 3022 5079 3097 5141; x_wconf 90' lang='grc' dir='ltr'>ὡς</span> <span class='ocrx_word' id='word_1_837' title='bbox 3140 5078 3279 5149; x_wconf 76' lang='grc' dir='ltr'>ὑπὲρ</span> <span class='ocrx_word' id='word_1_838' title='bbox 3316 5075 3513 5133; x_wconf 77' lang='grc' dir='ltr'>ἑαυτοῦ</span> <span class='ocrx_word' id='word_1_839' title='bbox 3551 5076 3705 5144; x_wconf 82' lang='grc' dir='ltr'>λέγει</span> <span class='ocrx_word' id='word_1_840' title='bbox 3754 5077 3847 5127; x_wconf 67' lang='grc' dir='ltr'><strong>ἐπὶ</strong></span> <span class='ocrx_word' id='word_1_841' title='bbox 3878 5074 3974 5127; x_wconf 81' lang='grc' dir='ltr'>τοῦ</span> 
     </span>
    </p>
   </div>
   <div class='ocr_carea' id='block_1_112' title="bbox 2384 5167 3977 5236">
    <p class='ocr_par' dir='ltr' id='par_1_112' title="bbox 2384 5167 3977 5236">
     <span class='ocr_line' id='line_1_112' title="bbox 2384 5167 3977 5236; baseline -0.006 -9"><span class='ocrx_word' id='word_1_842' title='bbox 2384 5174 2674 5236; x_wconf 82' lang='grc' dir='ltr'>δικαστοῦ,</span> <span class='ocrx_word' id='word_1_843' title='bbox 2728 5172 2908 5226; x_wconf 84' lang='grc' dir='ltr'>καίτοι</span> <span class='ocrx_word' id='word_1_844' title='bbox 2967 5170 3043 5223; x_wconf 80' lang='grc' dir='ltr'>ὢν</span> <span class='ocrx_word' id='word_1_845' title='bbox 3082 5170 3245 5233; x_wconf 82' lang='grc' dir='ltr'>αὐτὸς</span> <span class='ocrx_word' id='word_1_846' title='bbox 3290 5169 3585 5230; x_wconf 85' lang='grc' dir='ltr'>ἀνεύθυνος</span> <span class='ocrx_word' id='word_1_847' title='bbox 3612 5184 3627 5200; x_wconf 89' lang='grc'><strong>·</strong></span> <span class='ocrx_word' id='word_1_848' title='bbox 3669 5167 3762 5221; x_wconf 87' lang='grc' dir='ltr'>τὸν</span> <span class='ocrx_word' id='word_1_849' title='bbox 3808 5167 3977 5220; x_wconf 68' lang='grc' dir='ltr'>αὐτὸν</span> 
     </span>
    </p>
   </div>
   <div class='ocr_carea' id='block_1_113' title="bbox 2384 5252 3975 5335">
    <p class='ocr_par' dir='ltr' id='par_1_113' title="bbox 2384 5252 3975 5335">
     <span class='ocr_line' id='line_1_113' title="bbox 2384 5252 3975 5335; baseline -0.006 -18"><span class='ocrx_word' id='word_1_850' title='bbox 2384 5265 2585 5335; x_wconf 77' lang='grc' dir='ltr'>τρόπον</span> <span class='ocrx_word' id='word_1_851' title='bbox 2626 5264 2719 5317; x_wconf 68' lang='grc' dir='ltr'>καὶ</span> <span class='ocrx_word' id='word_1_852' title='bbox 2767 5263 2794 5315; x_wconf 80' lang='grc' dir='ltr'>ὁ</span> <span class='ocrx_word' id='word_1_853' title='bbox 2834 5261 3038 5333; x_wconf 81' lang='grc' dir='ltr'>Κύριος</span> <span class='ocrx_word' id='word_1_854' title='bbox 3067 5262 3227 5333; x_wconf 77' lang='grc' dir='ltr'>ἡμῶν</span> <span class='ocrx_word' id='word_1_855' title='bbox 3272 5258 3650 5329; x_wconf 77' lang='grc' dir='ltr'>ἀναλαμϐάνει</span> <span class='ocrx_word' id='word_1_856' title='bbox 3696 5252 3765 5310; x_wconf 65' lang='grc' dir='ltr'><strong>τὰ</strong></span> <span class='ocrx_word' id='word_1_857' title='bbox 3811 5257 3975 5326; x_wconf 82' lang='grc' dir='ltr'>ἡμῶν</span> 
     </span>
    </p>
   </div>
   <div class='ocr_carea' id='block_1_114' title="bbox 2385 5351 3973 5427">
    <p class='ocr_par' dir='ltr' id='par_1_114' title="bbox 2385 5351 3973 5427">
     <span class='ocr_line' id='line_1_114' title="bbox 2385 5351 3973 5427; baseline -0.004 -17"><span class='ocrx_word' id='word_1_858' title='bbox 2385 5358 2709 5427; x_wconf 80' lang='grc' dir='ltr'>ἐγκλήματα</span> <span class='ocrx_word' id='word_1_859' title='bbox 2758 5356 3143 5426; x_wconf 82' lang='grc' dir='ltr'>ἀναμάρτητος</span> <span class='ocrx_word' id='word_1_860' title='bbox 3196 5353 3295 5408; x_wconf 78' lang='grc' dir='ltr'>ὢν.</span> <span class='ocrx_word' id='word_1_861' title='bbox 3360 5351 3667 5423; x_wconf 79' lang='grc' dir='ltr'>’Δμαρτίαν</span> <span class='ocrx_word' id='word_1_862' title='bbox 3713 5351 3826 5420; x_wconf 80' lang='grc' dir='ltr'>γὰρ</span> <span class='ocrx_word' id='word_1_863' title='bbox 3871 5351 3973 5404; x_wconf 71' lang='grc' dir='ltr'><strong>οὐκ</strong></span> 
     </span>
    </p>
   </div>
   <div class='ocr_carea' id='block_1_115' title="bbox 2386 5438 3975 5514">
    <p class='ocr_par' dir='ltr' id='par_1_115' title="bbox 2386 5438 3975 5514">
     <span class='ocr_line' id='line_1_115' title="bbox 2386 5438 3975 5514; baseline -0.007 -14"><span class='ocrx_word' id='word_1_864' title='bbox 2386 5449 2643 5511; x_wconf 74' lang='grc' dir='ltr'>ἐποίησε,</span> <span class='ocrx_word' id='word_1_865' title='bbox 2674 5448 2767 5499; x_wconf 71' lang='grc' dir='ltr'><strong>καὶ</strong></span> <span class='ocrx_word' id='word_1_866' title='bbox 2798 5447 2939 5514; x_wconf 78' lang='grc' dir='ltr'><strong>ὑπὲρ</strong></span> <span class='ocrx_word' id='word_1_867' title='bbox 2979 5444 3138 5513; x_wconf 79' lang='grc' dir='ltr'>ἡμῶν</span> <span class='ocrx_word' id='word_1_868' title='bbox 3190 5440 3525 5512; x_wconf 78' lang='grc' dir='ltr'>πρεσϐεύει·</span> <span class='ocrx_word' id='word_1_869' title='bbox 3576 5438 3858 5502; x_wconf 82' lang='grc' dir='ltr'>Δόξασόν</span> <span class='ocrx_word' id='word_1_870' title='bbox 3898 5455 3975 5505; x_wconf 80' lang='grc' dir='ltr'><strong>με</strong></span> 
     </span>
    </p>
   </div>
   <div class='ocr_carea' id='block_1_116' title="bbox 2387 5525 3975 5608">
    <p class='ocr_par' dir='ltr' id='par_1_116' title="bbox 2387 5525 3975 5608">
     <span class='ocr_line' id='line_1_116' title="bbox 2387 5525 3975 5608; baseline -0.009 -16"><span class='ocrx_word' id='word_1_871' title='bbox 2387 5539 2459 5607; x_wconf 75' lang='grc' dir='ltr'>τῇ</span> <span class='ocrx_word' id='word_1_872' title='bbox 2479 5539 2630 5606; x_wconf 75' lang='grc' dir='ltr'>δόξῃ</span> <span class='ocrx_word' id='word_1_873' title='bbox 2664 5532 2704 5608; x_wconf 81' lang='grc' dir='ltr'><em>ᾖ</em></span> <span class='ocrx_word' id='word_1_874' title='bbox 2723 5538 2910 5606; x_wconf 79' lang='grc' dir='ltr'>εἶχον,</span> <span class='ocrx_word' id='word_1_875' title='bbox 2932 5536 3045 5603; x_wconf 81' lang='grc' dir='ltr'>πρὸ</span> <span class='ocrx_word' id='word_1_876' title='bbox 3072 5534 3177 5588; x_wconf 84' lang='grc' dir='ltr'>τοῦ</span> <span class='ocrx_word' id='word_1_877' title='bbox 3208 5532 3315 5585; x_wconf 80' lang='grc' dir='ltr'>τὸν</span> <span class='ocrx_word' id='word_1_878' title='bbox 3333 5532 3565 5599; x_wconf 78' lang='grc' dir='ltr'>κόσμον</span> <span class='ocrx_word' id='word_1_879' title='bbox 3595 5525 3775 5593; x_wconf 81' lang='grc' dir='ltr'>εἶναι,</span> <span class='ocrx_word' id='word_1_880' title='bbox 3810 5527 3975 5594; x_wconf 76' lang='grc' dir='ltr'>παρὰ</span> 
     </span>
    </p>
   </div>
   <div class='ocr_carea' id='block_1_117' title="bbox 2388 5620 3976 5700">
    <p class='ocr_par' dir='ltr' id='par_1_117' title="bbox 2388 5620 3976 5700">
     <span class='ocr_line' id='line_1_117' title="bbox 2388 5620 3976 5700; baseline -0.009 -14"><span class='ocrx_word' id='word_1_881' title='bbox 2388 5633 2508 5685; x_wconf 74' lang='grc' dir='ltr'>(τοί.</span> <span class='ocrx_word' id='word_1_882' title='bbox 2552 5633 2674 5684; x_wconf 77' lang='grc' dir='ltr'><strong>Ἐπὶ</strong></span> <span class='ocrx_word' id='word_1_883' title='bbox 2719 5629 2998 5700; x_wconf 62' lang='grc' dir='ltr'>ἀᾳθαρσίᾳ</span> <span class='ocrx_word' id='word_1_884' title='bbox 3047 5626 3158 5697; x_wconf 70' lang='grc' dir='ltr'><strong>γὰρ</strong></span> <span class='ocrx_word' id='word_1_885' title='bbox 3203 5626 3351 5695; x_wconf 69' lang='grc' dir='ltr'>ήμην</span> <span class='ocrx_word' id='word_1_886' title='bbox 3384 5622 3757 5692; x_wconf 80' lang='grc' dir='ltr'>πεποιημένος</span> <span class='ocrx_word' id='word_1_887' title='bbox 3801 5620 3919 5685; x_wconf 74' lang='grc' dir='ltr'><strong>ἐγὼ</strong></span> <span class='ocrx_word' id='word_1_888' title='bbox 3948 5622 3976 5673; x_wconf 78' lang='grc' dir='ltr'>ὁ</span> 
     </span>
    </p>
   </div>
   <div class='ocr_carea' id='block_1_118' title="bbox 2402 5712 3976 5794">
    <p class='ocr_par' dir='ltr' id='par_1_118' title="bbox 2402 5712 3976 5794">
     <span class='ocr_line' id='line_1_118' title="bbox 2402 5712 3976 5794; baseline -0.01 -17"><span class='ocrx_word' id='word_1_889' title='bbox 2402 5725 2601 5794; x_wconf 72' lang='grc' dir='ltr'>Ἀδὰμ,</span> <span class='ocrx_word' id='word_1_890' title='bbox 2662 5720 2944 5792; x_wconf 74' lang='grc' dir='ltr'>σονόμιλος</span> <span class='ocrx_word' id='word_1_891' title='bbox 2984 5719 3102 5787; x_wconf 77' lang='grc' dir='ltr'><strong>Θεῷ</strong></span> <span class='ocrx_word' id='word_1_892' title='bbox 3151 5717 3478 5785; x_wconf 78' lang='grc' dir='ltr'>ἐτύγχανον·</span> <span class='ocrx_word' id='word_1_893' title='bbox 3534 5712 3788 5781; x_wconf 84' lang='grc' dir='ltr'>ἀγγέλοις</span> <span class='ocrx_word' id='word_1_894' title='bbox 3826 5714 3976 5781; x_wconf 69' lang='grc' dir='ltr'>ᾕμην</span> 
     </span>
    </p>
   </div>
   <div class='ocr_carea' id='block_1_119' title="bbox 2390 5803 3976 5889">
    <p class='ocr_par' dir='ltr' id='par_1_119' title="bbox 2390 5803 3976 5889">
     <span class='ocr_line' id='line_1_119' title="bbox 2390 5803 3976 5889; baseline -0.008 -19"><span class='ocrx_word' id='word_1_895' title='bbox 2390 5815 2782 5889; x_wconf 66' lang='grc' dir='ltr'>ὁμοτράπεζος,</span> <span class='ocrx_word' id='word_1_896' title='bbox 2823 5814 3139 5884; x_wconf 73' lang='grc' dir='ltr'>ιινεύματος</span> <span class='ocrx_word' id='word_1_897' title='bbox 3170 5811 3326 5878; x_wconf 75' lang='grc' dir='ltr'>ἁγίου</span> <span class='ocrx_word' id='word_1_898' title='bbox 3364 5810 3525 5879; x_wconf 67' lang='grc' dir='ltr'>χάριν</span> <span class='ocrx_word' id='word_1_899' title='bbox 3560 5807 3655 5860; x_wconf 67' lang='grc' dir='ltr'><strong>καὶ</strong></span> <span class='ocrx_word' id='word_1_900' title='bbox 3695 5806 3857 5872; x_wconf 66' lang='grc' dir='ltr'>δόξαν</span> <span class='ocrx_word' id='word_1_901' title='bbox 3892 5803 3976 5858; x_wconf 75' lang='grc' dir='ltr'><strong>ἐπ’</strong></span> 
     </span>
    </p>
   </div>
  </div>
