4212 6432
256 355 385 418 1281

1307 364 1627 424 SCHULIA
1668 363 1962 424 VETERA
2006 366 2084 424 ΙΝ
2127 366 2500 428 ΙΟΑΝΧΕΜ.

3346 376 3363 436 l
3377 377 3481 437 282

244 470 561 538 μάχαιραν.
588 472 658 523 ἐν
696 473 958 541 μαχαίρᾳ
997 474 1461 536 ἀποθανοῦντάι,
1497 479 1616 547 ἐμοὶ
1643 478 1805 534 δοκεῖ,
1839 477 1884 534 Α

1839 477 1884 534 Α
1917 477 2124 530 videtur
2169 497 2340 533 mune;
2402 496 2499 549 pro
2526 479 2710 533 multis
2759 479 2887 546 dici,
2958 491 3013 533 ut
3053 481 3216 546 istud,
3288 489 3482 543 Avibus

243 563 302 614 τὸ
337 565 391 614 οι
424 562 666 626 πάντες,
698 566 816 614 ἀντὶ
846 565 959 627 τοῦ,
996 567 1201 631 πολλοὶ,
1235 571 1431 633 κεῖται,
1458 571 1532 632 ὼς
1564 571 1642 634 τὸ,
1679 575 1816 624 Οἰω-

243 653 406 707 νοῖσί
438 672 499 706 τε
527 654 697 709 πᾶσι.
725 655 948 726 [nonI-2n.
978 659 1046 712 Il.
1083 659 1146 722 A,
1180 658 1261 731 5.]

315 749 415 800 Διὰ
437 747 487 800 τί
505 747 652 816 λέγει
678 765 691 777 ·
729 750 1063 805 Ἠκολούθει
1087 754 1246 818 αὑτῴ
1269 755 1488 825 Πέτρος
1513 757 1607 809 καὶ
1647 759 1678 809 ό
1710 757 1815 808 (3.!-

243 841 356 902 ,λος
377 840 688 907 μαθητής;
724 841 851 894 Ὅτε
894 844 994 909 μὲν
1025 844 1133 914 γὰρ
1171 847 1262 899 ἐπὶ
1295 849 1351 900 τὸ
1385 849 1575 918 στῆθος
1615 851 1813 902 ἀνέπε-

248 946 361 994 σεν,
404 931 626 994 εἰκότως
663 933 824 1002 χάριν
856 933 1209 1005 ἀφιλοτιμίας
1239 939 1394 993 τοῦτο
1453 940 1682 1010 κρύὸει·
1718 939 1812 991 νῦν

245 1019 302 1071 δὲ
333 1021 418 1085 τίς
454 1023 549 1074 Διά
591 1023 791 1092 ταύτην
859 1025 1060 1089 αἰτίαν,
1100 1027 1184 1079 ἵνα
1237 1033 1310 1099 μὴ
1352 1029 1476 1101 δόξῃ
1511 1031 1811 1101 κομπάζειν

244 1110 349 1175 ὃτι,
400 1113 617 1165 πάντων
676 1115 975 1181 φυγόντων,
1013 1117 1170 1187 μόνος
1213 1120 1612 1191 ἠκολούθησενο
1643 1125 1814 1191 ἡναγ-

244 1201 422 1270 κάσθη
445 1203 500 1255 δὲ
530 1205 622 1256 καὶ
648 1206 842 1259 ἑαυτοῦ
860 1208 1368 1281 ὲπιμνησθῆναι,ί’να
1389 1215 1536 1288 δείξῃ
1553 1218 1631 1269 ὅτι
1653 1217 1811 1287 ἀκρι-

245 1292 357 1354 ϐῶς
384 1295 562 1348 πάντα
593 1294 698 1349 οἶδε
735 1298 804 1350 τὰ
837 1302 893 1352 ὲν
933 1304 996 1369 τῇ
1027 1303 1187 1369 αὐλῇ,
1218 1305 1312 1358 ὅτε
1352 1306 1498 1360 ἔνδον
1535 1309 1809 1361 συνεισελ·

242 1386 388 1438 θωνα
422 1389 509 1442 διὰ
560 1392 716 1445 τοῦτο
759 1397 852 1447 καὶ
881 1399 1151 1467 μέμνηται
1197 1401 1277 1452 ὃτι
1319 1404 1558 1469 γνωστὸς
1610 1400 1678 1475 ἦν
1733 1404 1810 1474 τῷ

241 1476 507 1549 ἀρχιερεῖ,
541 1481 625 1534 ἵνα
659 1482 808 1556 δείξῃ
842 1485 923 1538 ὅτι
949 1487 1170 1542 ἐδύνατο
1205 1493 1582 1548 συνεισελθεῖν.

309 1659 408 1712 Διὰ
436 1662 508 1728 τί,
549 1666 670 1718 καθ’
711 1660 926 1737 ἡμέραν
951 1672 1008 1724 ἐν
1034 1671 1110 1742 τῷ
1135 1674 1266 1745 ἱερῷ
1295 1677 1436 1746 ὀρῶν
1465 1679 1625 1731 αὐτὸν
1655 1682 1681 1733 ὁ
1708 1683 1806 1751 ἀρ-

237 1757 480 1825 χιερεὺς.
527 1757 623 1810 νῦν
653 1762 832 1830 ἐρωτᾷ
858 1764 955 1830 τὴν
977 1764 1197 1835 διδαχὴν
1226 1767 1410 1831 αὐτοῦ,
1442 1770 1536 1821 καὶ
1565 1771 1664 1823 ποῦ
1694 1768 1805 1825 εἷεν

1922 573 2178 622 omnibus.

1990 751 2151 805 Vens.
2199 753 2283 807 15.
2314 753 2424 806 Cur
2450 757 2650 810 dicitur
2686 776 2697 810 :
2733 756 3061 826 Sequebatur
3081 774 3196 809 eum
3233 757 3415 815 I’etrus
3435 773 3483 814 et

1919 842 2053 892 alius
2088 843 2411 908 discipulus!
2471 860 2591 897 nam
2626 860 2750 899 cum
2809 861 2971 914 super
3001 859 3188 914 peetus
3215 851 3482 914 recubuit,

1919 933 2109 986 tuerito
2173 933 2499 987 humilitatis
2552 950 2712 988 causa
2772 936 2899 988 illud
2960 940 3118 1002 celat,
3170 957 3314 995 nunc
3360 957 3480 995 τοι(

1914 1022 2082 1089 quid?
2139 1023 2220 1076 Ob
2263 1027 2507 1076 eamdem
2565 1041 2806 1088 causam,
2860 1043 2925 1079 ne
2982 1028 3225 1083 videnlur
3264 1033 3483 1100 gloriari

1918 1115 2084 1184 quod,
2109 1119 2364 1171 omnibus
2399 1118 2749 1186 fugientibus,
2778 1122 2928 1174 solus
2959 1135 3180 1177 secutus
3220 1126 3309 1179 sit.
3341 1129 3481 1181 Cea-

1915 1219 2033 1262 ctus
2062 1221 2143 1262 est
2167 1221 2348 1263 autem
2379 1213 2444 1264 de
2470 1226 2528 1264 se
2553 1212 2881 1265 mentionem
2904 1213 3101 1279 facere,
3137 1227 3193 1270 ιιι
3233 1223 3470 1273 ostende-

1913 1311 1993 1352 ret
2022 1301 2322 1354 certissime
2344 1301 2525 1354 omnia
2552 1319 2609 1356 se
2631 1303 2774 1356 scire
2804 1319 2920 1370 quae
2949 1305 3082 1359 farta
3109 1320 3229 1361 sunt
3254 1310 3303 1361 in
3338 1313 3481 1372 aula,

1912 1402 2095 1460 utpote
2151 1394 2292 1446 intus
2354 1395 2634 1460 ingressus
2685 1403 2820 1448 erat.
2870 1395 3158 1463 PrOpterea
3218 1413 3484 1454 memorat

1909 1487 2072 1538 etiam
2104 1501 2160 1538 se
2191 1500 2311 1538 esse
2339 1497 2523 1538 notum
2559 1486 2834 1555 pontifici,
2891 1499 2948 1540 ut
2976 1490 3222 1542 ostendat
3265 1491 3484 1546 licuisse

1907 1578 1955 1631 ei
1991 1593 2095 1630 uua
2131 1577 2355 1629 intrare.

1977 1666 2234 1720 Vens.l9.
2256 1668 2384 1731 Cur,
2414 1682 2536 1720 cum
2569 1670 2882 1737 quotidieiu
2931 1673 3130 1740 templo
3163 1675 3308 1727 illum
3333 1678 3478 1729 vide-

1907 1767 1987 1812 ret
2019 1758 2285 1827 pontifex,
2334 1775 2478 1812 nunc
2535 1759 2826 1828 interregat
2863 1762 2928 1813 de
2974 1764 3215 1816 doctrinm
3262 1766 3400 1834 ejus.
3426 1779 3481 1821 et

233 1847 284 1896 οί
315 1846 576 1918 μαθηταὶ,
602 1852 692 1902 καὶ
715 1850 859 1912 τίνος
904 1853 1087 1909 ἕνεκεν
1108 1857 1306 1919 αὐτοὺς
1325 1860 1593 1927 συνέλεξε,
1629 1863 1722 1915 καὶ
1754 1863 1806 1916 τί
1839 1854 1883 1908 Β

1839 1854 1883 1908 Β
1913 1852 1999 1903 ubi
2037 1859 2222 1903 essent
2250 1851 2578 1920 disripuli,ct
2602 1869 2763 1920 quam
2793 1855 2861 1904 ob
2877 1869 3095 1907 causam
3125 1855 3222 1910 bos
3240 1858 3478 1927 elegi-rit.

236 1939 582 2009 βουλόμενος,
614 1945 706 1996 καὶ
757 1947 848 1998 ἐπὶ
880 1947 1024 2010 τίσις
1056 1948 1227 2003 Τοῦτο
1256 1952 1441 2021 ἠρώτα
1471 1954 1544 2016 ὼς
1582 1973 1803 2009 στασια-

238 2032 372 2100 στὴν
406 2033 502 2086 καὶ
525 2039 915 2105 νεωτεροποιδν
968 2041 1184 2108 ἐλέγξαι
1215 2043 1404 2108 θέλων,
1431 2046 1506 2110 ὡς
1533 2049 1802 2119 ἐργαστη-

236 2125 354 2193 ρίου
382 2128 528 2190 τινὸς
558 2130 709 2194 ὄντος
749 2134 1010 2203 πονηροῦ.

311 2217 435 2278 Πῶς
461 2218 607 2286 λέγει
677 2223 703 2274 ό
760 2224 1016 2293 Χριστὸς,
1064 2229 1158 2282 Ἐν
1221 2233 1463 2299 κρυπτῷ
1529 2234 1803 2303 ἐλάλησα

233 2307 437 2369 οὐδὲν.
499 2311 700 2382 καίπερ
753 2315 921 2368 πολλὰ
983 2316 1222 2389 λαλήσας
1278 2326 1389 2386 τοῖς
1446 2328 1712 2397 μαθηταῖς
1745 2330 1802 2380 ὲν

235 2401 498 2470 κρυπτῷς
543 2403 675 2474 Περὶ
726 2399 799 2458 ὧν
854 2409 1052 2463 ἐκεῖνοι
1115 2413 1363 2480 ἐνόμιζον
1410 2416 1801 2491 ἀποκρίνεται,

235 2492 452 2551 στάσεις
484 2491 624 2560 λέγω
655 2495 749 2548 καὶ
777 2500 1021 2567 ταραχὰς
1059 2499 1251 2570 δηλῶν.

304 2674 378 2725 Τὸ
412 2675 605 2741 εἰπεῖν,
648 2678 708 2730 Τί
738 2697 813 2745 με
865 2680 1185 2750 ἐπερωτᾷς,
1245 2687 1628 2754 ἐπερώτησον
1663 2689 1803 2754 τοὺς

231 2765 590 2830 ἀκηκοότας.
622 2768 721 2821 οὐκ
747 2770 1240 2842 αὐθαδειαζομένου
1269 2777 1436 2840 ἐστὶν,
1468 2779 1602 2831 ἀλλὰ
1661 2785 1801 2852 παῤ-

235 2856 634 2926 ῥησιαζομὲνου
667 2862 743 2923 είς
766 2861 1044 2929 ἀλήθειαν.

306 2950 397 3004 Τὸ.
427 2952 496 3003 Ei
527 2951 646 3020 μὲν
676 2953 872 3018 κακῶς
893 2955 1186 3022 ἐλάλησα,
1213 2962 1604 3028 μαρτύρησον
1666 2967 1798 3032 περὶ

230 3039 339 3092 τοῦ
371 3041 594 3094 κακοῦο
640 3045 690 3095 εί
719 3043 786 3096 δὲ
813 3045 1031 3110 καλῶς,
1083 3050 1139 3099 τί
1167 3067 1242 3115 με
1263 3049 1487 3117 ὃέρεις;
1550 3055 1656 3106 Καὶ
1713 3057 1798 3108 διὰ

233 3131 286 3181 τί
329 3133 402 3200 μὴ
429 3133 654 3204 ἔστρεψε
686 3137 778 3188 καὶ
799 3137 897 3204 τὴν
960 3138 1145 3208 ἄλλην,
1216 3140 1291 3202 ὡς
1345 3141 1628 3208 ἐδίδασκε,
1692 3147 1798 3196 Καὶ

230 3221 452 3286 λέγουσί
471 3242 615 3287 τινες
647 3227 938 3297 ὑπόψυχρα
961 3230 1053 3281 καὶ
1075 3231 1310 3284 ἄπιστα·
1333 3232 1445 3298 ἐγὼ
1471 3235 1523 3285 δὲ
1548 3234 1693 3300 λέγω
1715 3238 1794 3290 ὅτι

228 3316 263 3382 ἡ
291 3315 525 3384 Χριστοῦ
553 3317 861 3386 νομοθεσία,
881 3318 1013 3388 πρὸς
1041 3322 1308 3388 γείτονας,
1337 3324 1471 3394 πρὸς
1497 3325 1737 3378 ὁδεύοντο
1750 3347 1800 3394 ς,

235 3406 366 3474 πρὸς
393 3407 517 3469 τοὺς
552 3409 610 3461 ἐν
641 3410 792 3479 οἴκῳ,
856 3411 991 3482 πρὸς
1026 3413 1315 3482 πολεμίους
1365 3417 1577 3478 αὐτοὺς,
1606 3419 1797 3472 ἀλλὀὺ

229 3500 364 3567 πρὸς
389 3501 646 3570 κριτήρια
667 3502 795 3555 ἔνθα
823 3504 1178 3570 φυλάττεσθαι
1208 3508 1266 3557 τὸ
1287 3506 1493 3562 δίκαιον
1519 3509 1796 3578 βούλεται.

226 3585 354 3643 Ὧδε
397 3594 506 3662 γὰρ
545 3595 578 3663 ή
608 3595 782 3663 σιωπὴ
814 3595 1108 3666 καταδίκην
1134 3600 1373 3668 εἰσῆγεν,
1400 3600 1476 3662 ὡς
1499 3603 1676 3666 καλῶς
1701 3622 1796 3656 τυ-

231 3681 456 3749 φθέντος
514 3683 700 3748 αὐτοῦ,
734 3685 760 3736 ὃ
788 3687 885 3739 οὐκ
920 3687 1043 3740 ἔδει.

305 3774 404 3825 Δια
469 3774 520 3826 τί
570 3774 793 3842 ἄγουσιν
853 3778 1016 3831 αὐτὸν
1073 3781 1300 3835 ἀπὸτοῦ
1356 3785 1581 3854 Καῖάφα
1631 3789 1710 3850 εἰς
1740 3789 1798 3840 τὸ

232 3868 599 3937 πραιτώριον;
677 3869 894 3938 Ἐπειδὴ
951 3870 1055 3923 ὑπὸ
1119 3873 1421 3943 Ῥωμαίους
1472 3872 1634 3946 ἦσαν,
1707 3881 1799 3931 καὶ

233 3965 400 4032 χωρὶς
431 3962 608 4015 αὐτῶν
642 3964 857 4016 ἐποίουν
901 3966 1050 4018 οὐδὲν
1085 3969 1142 4018 ἐν
1184 3973 1298 4031 τοῖς
1353 3970 1630 4040 δημοσίοις
1664 3975 1798 4043 πρα-

231 4067 427 4119 γμασι,
464 4055 556 4106 καὶ
588 4054 923 4108 ἐδεδοίκεσαν
954 4058 1009 4110 δὲ
1043 4061 1115 4128 μὴ
1142 4059 1372 4112 δώσουσι
1406 4062 1560 4133 δίκην
1594 4064 1668 4126 ὡς
1698 4083 1797 4117 κα-

227 4145 541 4214 ⁴ιηγόρησαν
572 4147 838 4215 ματαίως.
866 4151 929 4200 Τί
951 4152 1098 4202 ἐστιν
1131 4154 1187 4202 ὲν
1208 4151 1282 4222 τῷ
1312 4155 1508 4220 λέγειν.
1544 4156 1675 4209 Ἵνα
1695 4156 1780 4224 55d

231 4253 378 4304 γωσι
408 4237 471 4290 τὸ
501 4238 747 4306 Πάσχα;
803 4242 897 4292 καὶ
930 4241 1040 4303 πῶς
1074 4243 1306 4311 Χριστὸς
1336 4240 1403 4313 ἦν
1422 4248 1550 4298 α·’-τδ
1570 4266 1796 4316 πεποιη-

229 4329 340 4392 κὼς
374 4333 438 4398 τῇ
465 4332 564 4400 μιᾷ
607 4332 713 4384 τῶν
769 4333 1044 4402 ’Δζὺμων;
1079 4336 1266 4405 Πάσχα
1293 4338 1523 4391 ἐνταῦθα
1557 4341 1654 4410 τὴν
1678 4342 1797 4412 ἐορ-

227 4421 327 4489 τὴν
362 4425 542 4475 πᾶσαν
577 4424 743 4490 λέγει.

313 4515 731 4586 Ἐ’ρωτηθέντες,
801 4517 938 4570 Τίνα
979 4521 1339 4586 κατηγορίαν
1392 4521 1599 4589 φέρετε
1647 4523 1795 4576 κατὰ
1824 4531 1876 4590 D

232 4607 337 4660 τοῦ
371 4609 686 4674 ἀνθρώπου
722 4610 973 4673 τούτου;
1003 4612 1429 4681 ἀποκρίνονται·
1489 4614 1664 4683 Ειμὴ
1719 4613 1797 4685 ἦν

227 4696 407 4764 οὗτος
458 4701 798 4766 κακοποιὸς,
824 4704 934 4754 οὐκ
963 4701 1040 4753 ἄν
1082 4719 1178 4755 σοι
1210 4703 1632 4772 παρεδώκαμεν
1689 4709 1796 4760 αὺ-

229 4793 337 4842 τόν
362 4807 374 4819 °
405 4790 576 4852 οὕτως
603 4792 1303 4863 πανταχοῦιπαραιτοῦνται
1327 4795 1424 4864 τὴν
1473 4796 1530 4862 ἐξ
1585 4797 1798 4861 εὐθείας

228 4884 586 4952 κατηγορίαν.
618 4885 621 4888 ⁴

301 4976 400 5026 Διὰ
458 4975 508 5027 τί
563 4974 710 5042 λέγει
760 4976 941 5037 αὐτοῖς
978 4975 1295 5042 ὀῐΙιλάτος·
1339 4968 1558 5033 Λάϐετε
1611 4982 1799 5035 αὑτὸν

229 5069 421 5138 ὑμεῖς,
485 5069 581 5121 καὶ
653 5068 815 5138 ὲξῆς;
879 5069 1278 5142 Ἀπαλλαγῆναι
1336 5073 1546 5136 ἀδικίας
1609 5073 1795 5143 βουλό-

231 5180 409 5231 μενος.

299 5255 397 5303 Δια
428 5253 479 5303 τί
505 5252 605 5304 οὐκ
632 5253 716 5303 ἐπ’
755 5252 933 5305 αὐτῶν
967 5255 1195 5306 ποιεῖται
1229 5255 1327 5320 τὴν
1363 5255 1629 5320 ἐξέτασιν.
1679 5257 1795 5307 ἀλλ’

233 5345 374 5413 ιδίας
414 5344 645 5412 Εἱσῆλθε
685 5345 790 5412 γὰρ
820 5346 900 5408 είς
927 5346 985 5398 τὸ
1020 5345 1353 5416 πραιτώριον
1379 5350 1541 5401 πάλιν
1577 5351 1602 5400 ο
1633 5350 1795 5400 Πιλά-

227 5453 315 5498 τος
337 5453 349 5465 ⁸
385 5435 568 5504 ἐπειδὴ
601 5435 842 5504 μεγάλην
874 5436 994 5487 τινα
1026 5436 1280 5489 ὑπόνοιαν
1319 5435 1464 5507 εἶχον
1515 5439 1642 5506 περὶ
1694 5440 1785 5490 αὺ-

225 5527 340 5585 sab,
374 5530 465 5577 καὶ
496 5525 749 5578 ἐϐούλετο
785 5527 857 5596 μὴ
892 5526 1262 5596 θορυϐούντων
1320 5528 1586 5580 Ἰουδαίων
1619 5529 1794 5580 πάντα

225 5619 474 5688 ἀκριϐῶς
506 5619 717 5686 μαθεῖν.

297 5714 394 5763 Διὰ
424 5711 475 5762 τί
507 5712 652 5778 λέγει
685 5711 937 5780 Χριστὸς,
981 5711 1077 5777 Ἀξρ
1120 5709 1336 5763 ἑαυτοῦ
1365 5710 1446 5764 σὺ
1483 5711 1658 5765 τοῦτο
1691 5713 1792 5764 .λέ-
1847 5765 1849 5767 ,

222 5823 370 5875 τεις,
401 5803 431 5871 ἢ
465 5803 639 5855 ἄλλοι
670 5818 766 5854 σοι
798 5799 998 5860 cher;
1032 5800 1139 5870 Τὴν
1196 5801 1436 5870 πονηρὰν
1495 5802 1602 5854 τῶν
1668 5805 1792 5856 Ἰουο

1908 1952 1960 1994 et
1989 1942 2116 2010 quid
2145 1943 2346 2004 volens,
2373 1953 2423 1996 et
2447 1943 2496 1995 in
2519 1945 2766 2011 quibus?
2795 1943 2904 2000 lloc
2956 1947 3269 2015 interrogat,
3301 1950 3481 2004 \oluns

1907 2036 2302 2089 utseditiosum
2351 2045 2404 2088 et
2461 2047 2775 2088 novatorem
2837 2052 2960 2090 eum
3022 2054 3270 2108 arguere,
3324 2043 3481 2111 quasi

1907 2128 2030 2180 mali
2055 2129 2345 2195 quemdam
2375 2125 2778 2182 fabricatorem.

1980 2219 2144 2276 Vens.
2186 2218 2276 2273 20.
2307 2219 2591 2284 Quomodo
2616 2220 2746 2274 dicit
2767 2220 3017 2275 Christus
3051 2241 3063 2275 :
3089 2220 3152 2274 In
3179 2224 3382 2276 occulto
3404 2223 3475 2276 lo-

1904 2326 2054 2368 cutus
2085 2330 2200 2366 sum
2223 2315 2373 2377 nihil,
2414 2315 2664 2382 quamvis
2697 2314 2865 2367 multa
2921 2315 2973 2367 in
3006 2324 3214 2369 secreto
3239 2316 3482 2386 discipu-

1905 2408 2214 2462 lislocutus
2271 2406 2456 2460 fuerit?
2489 2407 2558 2460 De
2590 2407 2673 2460 bis
2725 2422 2844 2476 qua:
2888 2406 2973 2461 isti
3035 2408 3344 2476 cogitabant
3401 2426 3482 2462 re-

1906 2503 2155 2570 spondet,
2208 2501 2560 2563 seditionum,
2635 2501 2778 2565 dico,
2845 2510 2898 2554 et
2941 2502 3313 2555 tnrbationum
3374 2503 3481 2558 (l'i-

1909 2597 2075 2648 mine.

1975 2686 2139 2740 Vens.
2182 2687 2272 2741 2|.
2323 2687 2590 2740 Dicendo:
2635 2685 2773 2749 Quid
2805 2701 2883 2737 me
2925 2686 3242 2752 interrogas,
3314 2685 3478 2737 inter-

1904 2795 2028 2846 roga
2050 2796 2132 2830 eos
2151 2780 2237 2844 qui
2258 2779 2558 2840 audierunt;
2590 2794 2694 2830 non
2737 2777 3046 2843 arrogantis
3071 2786 3176 2842 est,
3205 2774 3297 2828 sed
3316 2775 3481 2830 libere

1904 2885 2002 2938 pro
2029 2870 2251 2922 w-ritate
2281 2870 2402 2938 loqu
2429 2871 2572 2922 -utis.

1977 2959 2142 3014 Vens.
2175 2961 2262 3014 25.
2299 2960 2358 3014 Si
2403 2961 2537 3012 male
2566 2960 2768 3011 locutus
2801 2975 2936 3019 sum,
2970 2957 3320 3010 testimonium
3357 2972 3473 3024 per-

1903 3051 2016 3104 hibe
2051 3052 2114 3103 de
2169 3050 2351 3112 nia/0;
2379 3055 2423 3102 si
2454 3067 2571 3102 tero
2605 3050 2748 3112 bene,
2784 3048 2906 3115 quid
2942 3063 3021 3099 me
3082 3045 3269 3099 ca’dis?
3291 3055 3342 3118 et
3383 3061 3480 3098 cur

1906 3160 2008 3194 non
2040 3142 2264 3210 pra-ltuit
2300 3141 2520 3194 alteram
2589 3156 2800 3209 genam,
2837 3149 2894 3191 ut
2920 3137 3204 3190 docuerat?
3246 3136 3477 3202 Quidam

1907 3235 2068 3286 etiam
2105 3234 2293 3287 dicunt
2328 3231 2532 3286 frivola
2555 3242 2607 3284 et
2645 3230 3002 3294 incredibilia;
3029 3244 3126 3297 ego
3152 3238 3330 3282 autem
3354 3229 3477 3282 dico

1906 3326 2105 3379 Christi
2141 3326 2454 3378 mandatum
2507 3324 2571 3376 ad
2616 3323 2844 3385 \icinos,
2879 3322 3141 3382 viatores,
3168 3322 3267 3374 hos
3296 3321 3388 3390 qui
3422 3336 3474 3374 In

1906 3419 2068 3471 domo
2089 3429 2216 3470 sunt
2245 3417 2493 3469 ininiit-os
2521 3416 2668 3483 ipsos
2692 3414 2955 3476 attinere,
2993 3414 3084 3472 sed
3125 3428 3229 3465 non
3262 3412 3481 3481 injudlo

1907 3511 2030 3569 riis,
2059 3510 2144 3560 ubi
2167 3510 2254 3572 jus
2293 3507 2507 3561 defendi
2544 3507 2674 3558 vult.
2709 3505 2805 3558 llic
2828 3506 2972 3558 enim
3036 3505 3308 3557 silentium
3342 3519 3476 3558 eun-

1906 3599 2307 3651 deinnatioucm
2373 3596 2675 3649 induxisset
2717 3604 2972 3663 tanquam
3011 3594 3157 3662 juste
3209 3607 3375 3661 oppre
3401 3593 3475 3657 si,

1906 3692 2047 3760 quod
2078 3705 2183 3742 non
2219 3689 2328 3740 tirri
2361 3688 2665 3755 oportebat.

1977 3781 2140 3836 Vsus.
2173 3781 2264 3833 28.
2307 3779 2417 3832 Cur
2446 3780 2652 3831 ducunt
2703 3794 2825 3830 eum
2863 3792 2889 3828 a
2944 3775 3145 3845 Caipla
3179 3776 3230 3828 in
3286 3785 3476 3843 praeto-

1907 3871 2071 3924 rium?
2087 3869 2220 3935 Quia
2256 3866 2638 3937 subuRomauis
2669 3875 2903 3929 erant,et
2935 3866 3052 3919 sine
3082 3866 3160 3919 eis
3186 3865 3318 3917 nihil
3354 3880 3480 3933 age-

1905 3964 2034 4017 bant
2067 3963 2119 4014 iu
2175 3962 2334 4013 rebus
2378 3958 2630 4028 publicis,
2677 3969 2728 4010 et
2757 3957 3019 4009 timebant
3058 3970 3122 4008 ne
3157 3957 3478 4024 punirentur

1906 4051 2061 4121 quasi
2105 4064 2254 4101 vana:
2283 4047 2652 4100 accusationis
2690 4056 2961 4098 auctores.
3005 4043 3147 4108 Quid
3193 4053 3276 4097 est
3309 4044 3362 4096 in
3410 4059 3476 4098 co

1906 4143 2047 4211 quod
2072 4141 2292 4201 dicitur,
2325 4137 2390 4191 Ut
2421 4139 2805 4191 uiauducareut
2833 4135 3035 4188 Pascha
3065 4135 3162 4187 ?et
3206 4136 3475 4201 quomodo

1905 4234 2157 4287 Christus
2188 4231 2391 4286 Pascha
2415 4229 2707 4284 celebravit
2741 4242 2848 4280 una
2896 4228 3248 4296 Anmorum?
3271 4226 3472 4280 Pascha

1908 4326 1977 4378 ibi
2006 4340 2219 4378 omnem
2253 4323 2596 4376 festivitatem
2626 4321 2914 4390 significat.

1981 4507 2145 4562 Vens.
2178 4505 2271 4559 29.
2327 4502 2672 4571 Interrogati,
2716 4501 2887 4565 Quam
2947 4500 3335 4553 accusationem
3367 4499 3474 4568 [er-

1903 4612 2015 4656 rent
2078 4611 2260 4653 rontra
2317 4598 2576 4649 hominem
2635 4595 2817 4652 istum.
2869 4594 3233 4661 reSpoudent;
3284 4590 3342 4645 Si
3371 4609 3472 4645 nou

1899 4696 2082 4763 [uisset
2129 4692 2221 4745 ille
2255 4689 2592 4751 malafactor,
2631 4701 2730 4739 nan
2765 4685 2858 4737 tibi
2908 4684 3306 4736 tradidissemus
3335 4698 3471 4735 eum.

1899 4787 1972 4842 Ita
2005 4786 2204 4853 ubique
2231 4783 2476 4835 abnuunt
2501 4777 2901 4833 accusatiOnem
2929 4775 3217 4828 directam.

1975 4968 2131 5021 Vens.
2163 4967 2249 5018 3|.
2274 4950 2384 5018 Cur
2415 4963 2547 5017 dicit
2577 4961 2681 5014 illis
2711 4959 2946 5012 Pilatus:
2982 4958 3184 5012 Sumite
3221 4973 3337 5011 eum
3366 4973 3470 5014 ros.

1898 5072 1951 5116 ct
1973 5057 2202 5127 reliqua?
2229 5057 2309 5108 Ab
2337 5054 2602 5123 injustitia
2662 5052 2900 5104 eximere
2929 5065 2988 5103 se
3011 5049 3219 5102 volens.

1968 5247 2244 5302 Vr.ns.53.
2296 5243 2405 5297 Cur
2456 5256 2638 5294 coram
2689 5238 2794 5292 illis
2832 5237 3308 5305 interrogationem
3363 5248 3470 5285 non

1898 5343 2043 5405 fecit,
2092 5339 2184 5393 sed
2240 5332 2532 5389 seorsum?
2591 5329 2833 5383 introivit
2879 5329 3022 5381 enim
3059 5323 3111 5378 iii
3161 5323 3470 5393 preturium

1898 5435 2090 5486 iterum
2139 5429 2362 5482 Pilatus.
2422 5424 2559 5490 Quia
2620 5435 2868 5488 magnam
2919 5415 3211 5486 quamdam
3261 5416 3474 5482 opinio-

1899 5540 2020 5577 nem
2045 5523 2110 5576 de
2143 5521 2231 5572 illo
2255 5516 2509 5579 habebat,
2550 5523 2604 5567 et
2644 5511 2862 5565 volebat
2916 5509 3024 5572 ille,
3052 5521 3161 5560 non
3207 5503 3476 5559 turbanti-

1899 5617 2000 5669 bus
2033 5610 2253 5669 Judmis.
2287 5608 2472 5663 Omnia
2521 5606 2622 5658 rite
2652 5603 2883 5655 discere.

1969 5708 2132 5760 Vnus.
2170 5705 2258 5758 δι.
2282 5703 2392 5756 Cur
2413 5703 2540 5754 dicit
2572 5697 2821 5752 Christus
2857 5717 2866 5748 :
2901 5693 2973 5746 De
2993 5703 3041 5744 te
3058 5693 3166 5756 ipso
3194 5689 3288 5741 hoc
3318 5687 3470 5747 dicis,

1895 5821 1960 5856 an
1992 5802 2084 5854 alii
2119 5799 2361 5850 dixerunt
2402 5793 2534 5846 tibi?
2591 5791 2855 5844 Revelaus
2911 5785 3107 5838 malam
3163 5781 3472 5865 Iudaeorum
