4212 6432
292 368 430 432 ῙΞ89

1305 364 1615 425 SCHOLIA
1660 365 1951 426 VETERA
1994 364 2072 424 IN
2114 366 2482 426 JOANNEM.

3371 371 3508 433 1290

283 483 456 543 ἄλλως
487 480 543 533 δὲ
575 480 668 532 καὶ
717 478 918 550 τρανὴν
961 479 1056 530 καὶ
1111 479 1317 548 ἥμερον
1360 476 1485 543 ὄψιν
1525 477 1704 539 αὐτοῖς
1743 479 1840 529 ἐπ-
1872 486 1916 538 Α

1872 486 1916 538 Α
1947 478 2105 530 aliter
2130 488 2332 541 autem,
2358 487 2407 530 et
2429 480 2705 535 evidenter
2735 493 2786 536 et
2821 482 2976 536 facile
3023 483 3127 537 illis
3167 486 3505 555 conspicien-

283 572 543 635 εδείξατο.

354 662 450 724 Τὸ,
477 663 680 724 Καθὼς
700 658 1049 712 ἀπέσταλκέ
1063 675 1138 726 με
1158 661 1189 711 ό
1211 659 1432 726 Πατὴρ,
1458 659 1619 729 κάγὼ
1642 659 1848 727 πέμπω

285 750 464 821 ὑμᾶς,
500 751 599 821 τὴν
632 751 906 820 ἰσοτιμίαν
930 749 1198 802 δείκνυσιν
1226 750 1428 812 αὐτοῖς.

356 842 452 905 Τὸ,
481 841 703 896 Λάϐετε
726 841 967 910 Πνεῦμα
991 841 1184 910 ἄτιον,
1209 843 1326 904 πῶς
1357 845 1576 906 νοεῖται,
1607 845 1851 904 εἰπόντος

286 934 475 998 αὐτοῦ,
519 934 655 987 Ἐὰν
669 934 755 1002 μὴ
782 932 897 1002 ἐγὼ
925 932 1185 996 ἀπέλθω.
1213 935 1284 987 οὐ
1306 933 1392 1001 μὴ
1413 934 1560 1000 ἔλθῃ
1589 935 1814 1001 ἐκεῖνος
1836 952 1852 998 ;

290 1026 451 1088 Τινές
480 1041 646 1095 φασιν
697 1026 777 1078 ὃτι
809 1025 870 1076 οὐ
910 1025 971 1075 τὸ
1001 1024 1226 1093 Πνεῦμα
1254 1025 1472 1087 ἔδωκεν,
1507 1025 1621 1076 ἀλλ’
1663 1027 1854 1094 ἐπιτη-

285 1117 465 1179 δείους
503 1116 702 1178 αὑτοὺς
729 1115 818 1168 διὰ
865 1114 960 1168 τοῦ
1005 1116 1400 1184 ἐμφυσήματος
1433 1115 1852 1178 κατεσκεύασεν,

291 1208 323 1277 ἦ
346 1208 426 1261 ὅτι
449 1207 591 1261 κατὰ
619 1207 1034 1277 ἁμαρτημάτων
1052 1207 1266 1269 ἐξουσία
1286 1207 1438 1275 ἐδόθη
1458 1208 1639 1270 αὐτοῖς
1668 1208 1823 1260 τοῦτο
1839 1223 1852 1237 ο

289 1299 520 1368 ὕστερον
562 1299 620 1350 δὲ
647 1298 735 1350 διὰ
783 1298 878 1350 τοῦ
929 1297 1247 1366 Πνεύματος
1290 1302 1385 1351 καὶ
1435 1298 1504 1350 τά
1553 1298 1793 1366 μείζονα,
1829 1299 1856 1350 ὅ

289 1392 409 1442 ἐστι
447 1388 703 1460 θαύματα
725 1405 738 1418 ⁸
771 1389 920 1457 λέγει
950 1390 1082 1460 γὰρ,
1134 1391 1214 1442 ὅτι
1273 1391 1408 1443 Τότε
1430 1389 1704 1456 λήψεσθε
1753 1390 1854 1443 δύ-

286 1496 487 1545 ναμιν.

362 1571 488 1637 Πῶς
524 1571 740 1624 πάντων
777 1569 1132 1638 συνηγμένων
1153 1571 1181 1622 ὁ
1213 1569 1414 1638 Θωμᾶς
1445 1569 1855 1639 ἁπελιμπὰνετο

289 1663 454 1731 μόνος
474 1679 489 1725 ;
511 1662 672 1725 Εἰκὸς
689 1658 757 1732 ἦν
778 1663 885 1714 ἀπὸ
908 1662 1005 1730 τῆς
1036 1661 1334 1731 διασπορᾶς
1364 1661 1465 1729 τῆς
1502 1662 1601 1732 ἥδη
1635 1662 1854 1730 γενομέ-

289 1771 388 1824 νης
426 1754 652 1823 μηδέπω
686 1754 848 1806 αὑτὸν
873 1751 1205 1805 ἐπανελθεῖν.

1949 569 2077 620 dum
2103 583 2160 621 se
2189 568 2357 622 dedit.

2027 657 2292 713 Vansﬂi.
2330 659 2477 712 Sicut
2509 662 2651 713 misit
2680 678 2757 713 me
2793 659 2974 720 Pater,
3004 672 3050 713 et
3081 678 3200 731 ergo
3234 664 3386 717 mitto
3401 681 3510 725 uos,

1951 750 2309 818 aequalitatem
2334 766 2458 804 cum
2483 750 2640 805 Patre
2660 755 2741 806 eis
2771 754 3027 806 ostendit.

2026 841 2188 898 Vens.
2220 844 2310 896 ‘22.
2347 843 2577 911 Accipite
2622 843 2881 910 Spiritum
2933 856 3195 910 sanctum,
3243 848 3518 916 quomodo

1954 933 2291 1000 intelligitur,
2320 950 2444 986 cum
2489 935 2703 996 dixerit,
2742 935 2799 988 Si
2828 953 2926 988 non
2966 938 3174 1001 abiero,
3204 955 3305 990 non
3354 940 3515 992 reniet

1954 1023 2080 1075 ille?
2112 1022 2344 1087 Quidam
2385 1024 2576 1078 dicunt
2608 1024 2752 1093 quod
2786 1024 3045 1095 Spiritum
3090 1043 3194 1082 non
3225 1029 3394 1090 dedit,
3425 1033 3515 1082 sed

1954 1121 2174 1180 paratos
2214 1112 2334 1166 illos
2352 1129 2447 1182 per
2469 1115 2656 1184 gratiae
2687 1115 3005 1170 eﬂ‘usionem
3033 1118 3230 1182 ell‘ecit,
3266 1120 3346 1173 vel
3369 1122 3516 1188 quod

1956 1213 2144 1257 contra
2195 1216 2416 1273 peccata
2473 1215 2717 1275 potestas
2777 1207 2883 1260 illis
2913 1209 3034 1261 data
3067 1220 3148 1263 est
3187 1211 3282 1274 ibi,
3332 1223 3518 1280 postea

1957 1306 2136 1349 autem
2166 1311 2259 1364 per
2294 1296 2552 1366 Spiritum
2590 1309 2643 1352 et
2674 1299 2878 1368 majora
2915 1300 3037 1353 data
3062 1311 3208 1364 sunt,
3236 1305 3379 1356 velut
3413 1306 3520 1357 mi-

1956 1386 2140 1439 racula
2173 1401 2186 1451 ;
2224 1386 2353 1441 dicit
2386 1389 2528 1442 enim
2566 1407 2578 1441 :
2614 1388 2757 1442 Tunc
2789 1391 3054 1458 accipietis
3082 1393 3343 1447 virtutem.

2033 1565 2304 1621 Vanam.
2333 1567 2615 1632 Quomodo
2641 1571 2893 1625 omnibus
2912 1575 3254 1643 congregatis
3286 1573 3523 1630 Thomas

1958 1655 2145 1711 aberat
2173 1658 2355 1711 solus?
2381 1658 2683 1713 Verisimile
2697 1669 2813 1713 erat
2839 1675 2867 1712 a
2889 1661 3227 1730 dispersione
3251 1665 3360 1731 jam
3385 1666 3522 1720 facta

1960 1750 2200 1803 nondum
2231 1751 2382 1802 illum
2419 1750 2664 1805 rediisse.

357 1819 455 1897 Διά
473 1819 525 1897 τί
548 1844 666 1914 μεθ’
688 1844 901 1913 ἡμέρας
923 1841 1068 1894 ὀκτὼ
1092 1843 1195 1911 δρᾷ
1215 1840 1399 1908 αὑτὸν,
1421 1841 1515 1895 καὶ
1536 1841 1635 1893 οὐκ
1656 1841 1815 1903 εὐθύς
1836 1857 1851 1904 ;
1889 1819 1928 1873 Β

1889 1819 1928 1873 Β
2027 1841 2192 1897 Vens.
2225 1841 2314 1897 26.
2347 1843 2460 1896 Cur
2507 1852 2629 1912 post
2658 1843 2774 1897 dies
2809 1852 2931 1896 octo
2968 1844 3110 1898 videt
3164 1861 3287 1900 eum
3330 1856 3384 1901 et
3419 1863 3521 1901 non

285 1938 478 2000 ’Ὅπως
515 1935 737 2005 διδαχθῇ
779 1934 866 1988 διὰ
893 1934 1001 1987 τῶν
1040 1933 1350 1988 ἀποστόλων
1403 1933 1496 1988 κα)⁸
1529 1933 1854 2003 θερμότερος

284 2029 530 2099 γένηται.

355 2123 480 2184 Πῶς
516 2121 792 2189 ἄφθαρτον
826 2121 986 2188 σῶμα
1020 2118 1211 2181 ἁπτὸν,
1233 2118 1448 2185 ἐγένετο
1491 2118 1657 2187 θνητῇ
1690 2119 1851 2189 χειρῖ,

285 2215 382 2266 καὶ
411 2214 538 2276 τοὺς
571 2213 774 2274 τύπους
809 2211 1087 2264 ἐδείκνυτο
1131 2210 1307 2279 ἐχεινς
1343 2208 1514 2262 Τοῦτο
1539 2210 1732 2263 λεπτὸν
1763 2212 1856 2263 καὶ

285 2299 522 2369 κοῦφον,
549 2299 624 2362 ὠς
677 2299 1079 2369 κεκλεισμένων
1118 2299 1334 2367 εἰσῆλθε
1371 2297 1481 2351 τῶν
1531 2298 1732 2368 θυρῶν,
1769 2299 1855 2352 ἴνα

286 2392 552 2462 πιστευθῇ
576 2393 608 2460 ὴ
631 2393 947 2456 ἀνάστασις,
982 2390 1158 2445 ταῦτα
1179 2391 1452 2444 δείκνυται
1475 2406 1488 2419 ·
1527 2392 1621 2443 καὶ
1650 2391 1853 2460 τρώγει

283 2483 344 2536 δὲ
378 2483 465 2536 διὰ
497 2483 655 2536 τοῦτο
681 2483 833 2538 αὑτό.

351 2573 485 2642 Περὶ
507 2573 677 2626 ποίων
710 2573 956 2643 σημείων
972 2573 1168 2642 λέγειὸ
1196 2573 1586 2644 εὐαγγελιστὴς
1605 2590 1617 2602 ·
1653 2577 1856 2628 Πολλὰ

279 2664 398 2732 μὲν
436 2659 548 2717 οὖν
577 2663 674 2717 καὶ
725 2663 881 2716 ἄλλα
924 2663 1140 2732 σημεῖα
1178 2663 1470 2730 ἐποίησεν
1501 2666 1534 2716 ὀ
1576 2663 1856 2730 Ἰησοῖνς;

301 2757 457 2825 Ἐμοὶ
489 2756 727 2807 δοκεῖτὰ
766 2755 908 2825 μετὰ
942 2755 1042 2826 τὴν
1072 2755 1372 2810 ἀνάστασιν
1392 2770 1407 2785 °
1444 2757 1694 2827 ἐπιφέρει
1726 2756 1854 2824 γὰρ,

300 2846 584 2898 Ἐνώπιον
621 2844 742 2898 τῶν
787 2845 1072 2914 μαθητῶν
1121 2847 1340 2910 αὑτοῦ,
1400 2846 1514 2900 ἀλλ’
1549 2846 1700 2914 οὐχὶ,
1736 2846 1857 2898 Τῶν

286 2939 480 3007 ὄχλων.
525 2937 650 2994 Ὀτι
675 2939 776 2990 οὐκ
809 2939 1056 3008 ἔγραψαν
1093 2939 1308 2990 ἅπαντα
1349 2939 1399 2992 oi
1449 2937 1853 3005 εὐαγγελισταὶ,

287 3030 426 3083 ἀλλά
455 3029 612 3092 ἄλλος
631 3029 787 3091 ἄλλα.
816 3030 1109 3098 φεύγοντες
1128 3029 1188 3082 τὸ
1216 3029 1498 3099 φιλότιμον
1524 3031 1618 3081 καὶ
1648 3029 1856 3082 κενόδο-

285 3121 378 3186 ξον
395 3140 409 3153 ·
433 3123 557 3174 ὅσον
584 3122 640 3174 δὲ
673 3121 832 3191 μόνον
860 3121 996 3191 πρὸς
1017 3120 1197 3174 πίστιν
1231 3121 1493 3173 συντελεῖ·
1512 3119 1592 3172 διὸ
1621 3121 1715 3174 καὶ
1735 3122 1854 3172 ἐπι-

291 3212 446 3284 φέρει
467 3229 479 3242 ·
509 3213 703 3268 Ταῦτα
731 3211 799 3266 δὲ·
831 3212 1173 3282 γέγραπται,
1198 3213 1298 3265 ἵνα
1320 3212 1707 3280 πιστεύσητε.

859 3397 1110 3450 ΚΕΦΑΛ.
1156 3395 1288 3449 KA'.

363 3488 486 3542 Ὀτι
520 3490 657 3558 μετά
711 3488 809 3560 τὴν
856 3489 1149 3542 ἀνάστασιν
1188 3491 1286 3540 οὐκ
1344 3487 1622 3552 ἐϐλέπετο,
1684 3489 1732 3538 εἰ
1782 3488 1854 3555 μὴ

295 3583 629 3651 συγκατέὸη,
659 3583 746 3635 διὰ
784 3581 844 3634 τὸ
890 3582 1075 3633 λοιπὸν
1122 3579 1398 3649 ἄφθαρτον
1431 3578 1564 3632 εἶναι
1605 3581 1664 3632 τὸ
1700 3581 1857 3648 σῶμα

295 3675 386 3726 καὶ
421 3677 526 3744 ἁκή
536 3693 712 3743 ρατον.

365 3770 489 3822 ὐτι
527 3770 576 3821 οἱ
620 3768 750 3837 περὶ
791 3767 996 3835 Πέτρον
1043 3766 1139 3817 καὶ
1196 3765 1449 3831 Ἰωάννην
1503 3763 1600 3833 τὴν
1650 3764 1857 3815 οἰκείαν

293 3866 489 3932 τέχνην
520 3861 813 3930 μετῄεσαν,
845 3859 966 3912 ἐπεὶ
1014 3858 1149 3927 μήτε
1191 3857 1353 3919 αὐτὸς
1409 3856 1639 3924 Χριστὸς
1675 3857 1858 3916 αὐτοῖς

300 3958 486 4027 συνῆν,
524 3956 661 4024 μήτε
692 3953 752 4005 τὸ
781 3951 1005 4022 Πνεῦμα
1031 3951 1092 4003 τὸ
1123 3951 1276 4017 ἀγιον
1318 3949 1468 4002 δοθὲν
1495 3944 1562 4018 ἦν
1583 3964 1595 3978 ο
1636 3948 1859 4009 ἐπιστὰς

295 4050 352 4100 δὲ
387 4048 568 4108 αὐτοῖς
607 4045 874 4113 κάμνουσι
907 4042 1035 4113 περὶ
1066 4043 1164 4111 τὴν
1195 4041 1370 4110 ἄγραν
1401 4039 1579 4107 λέγει’
1627 4038 1858 4097 Παιδία,

290 4143 376 4211 μή
412 4158 467 4193 τι
497 4137 877 4208 προσφάγιον
904 4137 1103 4204 Egere;
1138 4133 1308 4186 Τοῦτο
1337 4133 1392 4186 δὲ
1421 4133 1588 4198 λέγει,
1620 4132 1692 4194 ὼς
1731 4132 1859 4198 μέλε

299 4235 406 4286 λων
434 4251 487 4286 τι
524 4231 840 4300 ὠνήσασθαι
881 4227 1012 4298 παρ’
1044 4226 1246 4280 αὐτῶν.

369 4326 493 4377 Ὀτι
521 4323 618 4393 τὴν
664 4321 965 4391 ἀνθρακιὰν
1003 4320 1093 4372 καὶ
1144 4319 1203 4371 τὸ
1238 4319 1584 4387 ἐπικείμενον
1617 4319 1859 4387 ὀψάριον,

295 4416 504 4470 καὶτὸν
538 4417 722 4484 ἄρτον,
764 4414 863 4466 οὐκ
906 4413 965 4477 ἐξ
999 4411 1362 4481 ὑποκειμένης
1401 4411 1532 4479 ὕλης
1573 4411 1863 4479 εἰργάσατο

1880 3193 1923 3254 C
1958 3213 2091 3272 licit,
2142 3213 2263 3268 ideo
2303 3214 2501 3283 adjecit
2554 3234 2564 3267 ε

1956 1933 2187 1987 statim?
2247 1932 2316 1988 Ut
2362 1933 2624 1988 doceatur
2692 1934 2760 1987 ab
2815 1935 3078 2002 apostolis
3129 1945 3182 1990 et
3247 1937 3525 1991 ardentior

1955 2024 2070 2078 liat.

2026 2116 2189 2172 Vens.
2219 2117 2308 2172 27,
2339 2117 2628 2183 Quomodo
2675 2121 3085 2188 incorruptibile
3133 2136 3332 2191 corpus
3379 2125 3525 2192 tangi

1956 2210 2134 2277 potuit
2173 2210 2391 2264 mortali
2426 2226 2614 2274 manu,
2644 2220 2696 2265 et
2726 2212 2983 2280 stigmata
3014 2214 3250 2268 ostendit
3287 2213 3485 2267 habere
3509 2220 3529 2264 ’ξ

1958 2300 2092 2354 Illud
2124 2301 2239 2356 leve
2284 2313 2403 2355 erat
2453 2312 2507 2356 et
2549 2304 2744 2357 subtile
2782 2319 2904 2357 cum
2943 2306 3145 2360 clausis
3190 2307 3411 2360 intravit
3449 2307 3527 2374 ja-

1959 2392 2110 2458 nuis;
2143 2403 2202 2446 ut
2256 2395 2569 2449 crederetur
2600 2400 2928 2451 resurrectio
2960 2398 3063 2450 ista
3104 2399 3447 2462 exhibentur,
3478 2410 3530 2452 et

1959 2498 2174 2554 prepter
2199 2489 2444 2541 eamdem
2476 2502 2698 2542 causam
2731 2488 3043 2542 manducat.

2035 2571 2196 2628 Vens.
2223 2574 2310 2628 30.
2392 2574 2466 2628 De
2508 2576 2708 2644 quibus
2755 2577 2924 2646 signis
2968 2577 3101 2630 dicit
3152 2578 3481 2648 evangelista
3517 2598 3528 2631 :

1960 2666 2132 2719 Multa
2156 2668 2364 2734 quidem
2387 2677 2434 2721 et
2461 2667 2570 2720 alia
2595 2669 2746 2736 signa
2777 2670 2899 2736 fecit
2934 2669 3128 2722 Iesus?
3166 2668 3295 2723 Mihi
3322 2673 3535 2724 videtur

1956 2773 2077 2812 esse
2109 2773 2228 2826 qua:
2259 2768 2379 2826 post
2406 2760 2858 2813 resurrectionem
2890 2760 3055 2826 fecit;
3101 2761 3322 2829 subjicit
3363 2765 3534 2822 enim.

1961 2847 2026 2901 In
2053 2859 2326 2917 conspectu
2355 2850 2737 2918 discipulorum
2766 2867 2981 2904 suorum
3003 2891 3018 2915 ,
3045 2852 3138 2906 sed
3167 2868 3274 2906 non
3316 2852 3366 2905 in
3398 2869 3534 2906 con-

1959 2948 2146 3005 spectu
2187 2939 2492 2992 turbarum.
2551 2938 2668 2993 Non
2713 2941 3051 3009 scripserunt
3079 2941 3262 2994 omnia
3303 2955 3535 3010 evange-

1958 3030 2116 3093 listze,
2161 3030 2254 3083 sed
2284 3031 2424 3084 alius
2448 3030 2576 3094 alia,
2624 3030 2892 3100 fugientes
2923 3033 3229 3101 superbiam
3260 3042 3313 3087 et
3343 3048 3531 3086 vanam

1960 3120 2219 3188 gloriam;
2243 3131 2506 3190 quantum
2533 3133 2712 3177 autem
2745 3124 3090 3177 solummodo
3122 3124 3187 3177 ad
3224 3123 3378 3177 ﬁdem
3412 3140 3538 3193 pro-

2625 3213 2753 3269 Ha'c
2801 3228 2976 3270 autem
3030 3220 3224 3285 scripta
3288 3227 3430 3280 sunt,
3480 3227 3536 3268 ut

1958 3305 2204 3358 credatis.

2517 3399 2749 3454 CAPUT
2822 3401 2964 3455 XXI.

2035 3489 2198 3545 Vens.
2252 3493 2304 3544 1.
2361 3489 2492 3545 Post
2551 3494 3005 3546 resurrectionem
3059 3509 3166 3549 non
3216 3497 3540 3550 cernebatur

1963 3587 2146 3633 utrum
2172 3594 2289 3633 .non
2331 3595 2392 3635 se
2419 3579 2634 3634 facilem
2663 3582 2922 3650 pra-heret
2954 3583 3079 3652 quia
3123 3585 3235 3653 jam
3292 3587 3541 3641 itu-orru-

1961 3673 2148 3742 ptihile
2183 3682 2299 3726 erat
2325 3688 2524 3741 corpus
2560 3683 2613 3726 et
2643 3674 2936 3743 integrum.

2039 3762 2200 3817 Vens.
2234 3764 2285 3817 '5.
2322 3762 2463 3817 Petri
2495 3773 2548 3818 et
2572 3761 2798 3819 Joannis
2825 3767 2958 3819 socii
2987 3782 3143 3820 suam
3180 3779 3354 3820 artem
3385 3783 3543 3822 exer-

1961 3854 2175 3918 cebant,
2209 3871 2332 3908 cum
2373 3870 2546 3923 neque
2580 3856 2830 3910 Christus
2856 3858 2967 3926 ipse
3001 3875 3123 3911 cum
3161 3862 3241 3912 eis
3290 3869 3406 3912 erat
3447 3875 3543 3914 ne-

1963 3964 2063 4016 que
2089 3948 2325 4016 Spiritus
2370 3959 2590 4004 sanctus
2618 3951 2773 4003 datus
2795 3964 2928 4003 erat.
2967 3950 3131 4004 Stans
3162 3962 3339 4005 autem
3386 3953 3543 4021 juxta

1967 4041 2088 4093 illos
2129 4043 2440 4094 laborantes
2487 4043 2630 4095 circa
2665 4043 2815 4096 littus
2845 4044 2974 4096 dicit
3011 4060 3022 4095 :
3074 4043 3259 4106 Pueri,
3303 4043 3539 4110 nunquid

1964 4133 2371 4199 pulmentarium
2389 4132 2626 4185 habetis?
2649 4134 2759 4187 lloc
2789 4135 2939 4199 dicit,
2959 4134 3101 4188 velut
3122 4133 3309 4187 volens
3337 4135 3541 4202 aliquid

1968 4225 2035 4276 ab
2065 4224 2144 4277 eis
2180 4239 2379 4279 emere.

2045 4315 2202 4370 Vens.
2227 4317 2279 4371 9.
2316 4318 2528 4371 Pl'llnaS
2575 4327 2623 4370 et
2665 4320 3062 4386 superpositum
3115 4319 3318 4388 piscem
3349 4328 3402 4373 et
3450 4334 3546 4388 pa—

1969 4424 2112 4472 nem,
2151 4424 2258 4460 non
2295 4424 2359 4461 ex
2391 4410 2632 4476 subjecta
2688 4409 2914 4462 materia
2961 4409 3092 4464 facit
3129 4409 3404 4476 Christus,
3443 4413 3543 4464 ad-

295 4513 324 4562 ὸ
354 4507 607 4578 Χριστὸς,
643 4508 735 4560 ἐπὶ
769 4506 830 4558 τὸ
860 4504 1296 4574 θαυμαστότερον
1342 4502 1490 4570 ἄγων
1517 4503 1584 4554 τὰ
1624 4505 1822 4570 σημεῖ).
1848 4517 1859 4528 ·
1892 4525 1943 4582 D

1892 4525 1943 4582 D
1972 4499 2279 4551 mirandum
2327 4500 2497 4568 magis
2537 4501 2753 4567 signum
2783 4515 3032 4555 exerens.
3077 4498 3251 4555 Jussit
3291 4510 3471 4553 autem
3516 4517 3546 4554 ε

299 4603 555 4655 ἐκέλευσε
599 4600 656 4653 δὲ
689 4601 753 4651 ἐκ
792 4598 900 4650 τῶν
935 4596 1177 4665 ὀψαρίων
1211 4588 1285 4647 ὧν
1329 4595 1560 4645 ἐπίασαν
1600 4595 1864 4659 ἐνεγκεῖν,

300 4695 515 4755 δεικνὺς
548 4694 632 4745 ὅτι
666 4693 725 4744 τὸ
753 4689 1031 4760 ὁρώμενον
1061 4688 1159 4740 οὐκ
1196 4683 1265 4756 ἦν
1297 4686 1588 4754 φάντασμα
1612 4701 1624 4713 ·
1663 4689 1755 4738 καὶ
1787 4687 1867 4737 ὃτι

304 4785 402 4854 μὲν
437 4784 596 4843 αὐτὸς
626 4779 715 4850 ἦν,
750 4781 970 4851 ᾔδεσαν,
1002 4777 1103 4832 κᾶν
1135 4777 1288 4846 ξένην
1331 4777 1580 4846 ἐπιφέρει
1605 4777 1701 4845 τὴν
1735 4793 1865 4845 μορ-

302 4875 440 4944 φήν·
480 4869 776 4939 ἐφοϐοῦντο
807 4869 863 4920 δέ
901 4866 1194 4936 ἐρωτῆσαι.

363 4964 464 5018 Διά
501 4964 552 5015 τί
585 4962 764 5033 ἐρωτᾷ
815 4959 977 5012 αὑτοῦ
1021 4957 1086 5028 [Ῑ.
1129 4955 1313 5028 αὐτὸν]
1345 4956 1524 5023 τρίτον
1557 4955 1636 5013 τὸ,
1672 4954 1869 5019 Φιλεῖς

294 5073 371 5126 με
395 5072 414 5120 ;
439 5055 513 5107 Τὸ
536 5053 756 5125 τρισσὸν
779 5053 1080 5120 ἐξαλείφων
1098 5051 1198 5120 τῆς
1220 5049 1522 5120 ἀρνήσεως,
1545 5051 1638 5102 καὶ
1658 5050 1868 5112 δεικνὺς

298 5151 424 5201 ὅσου
456 5149 688 5216 τιμᾶται
709 5147 806 5208 τὴν
837 5143 1172 5214 προστασίαν
1193 5141 1303 5194 τῶν
1321 5142 1536 5194 οἰκείων
1560 5141 1866 5210 προϐάτων·

297 5238 447 5305 λέγει
485 5239 593 5305 γὰρ
621 5235 808 5298 εὐθύς·
841 5237 1040 5288 Βόσκε
1066 5234 1135 5287 τὰ
1154 5233 1330 5302 ἀρνία
1357 5250 1498 5302 μου.

373 5329 500 5379 Ὀτι
538 5329 630 5379 ἐπὶ¹
666 5327 759 5380 τοῦ
797 5325 1032 5396 σταυροῦ
1064 5325 1268 5387 τέλειος
1300 5326 1437 5394 ἀνὴρ
1471 5319 1537 5394 ἦν
1567 5324 1595 5373 ὁ
1644 5323 1868 5390 Πέτρος.

299 5420 462 5486 Λέγει
496 5420 604 5489 γὰρ
633 5420 660 5471 ὁ
687 5418 922 5487 Χριστός
948 5433 960 5446 ·
989 5417 1128 5471 Ὅτε
1156 5412 1230 5486 ἧς
1254 5416 1538 5485 νεώτερος
1560 5432 1572 5445 -
1606 5413 1722 5468 εἶτα
1752 5417 1866 5481 καὶ,

302 5511 426 5563 “”οτ’
457 5510 532 5564 ἂν
571 5510 862 5579 γηράσῃς.

368 5603 432 5653 Τί
465 5602 718 5671 σημαίνει
745 5603 801 5653 ἐν
823 5599 902 5670 τῷ
931 5599 1112 5669 λέγειν
1132 5613 1145 5628 ·
1179 5599 1336 5664 Ποίῳ
1367 5598 1598 5665 θανάτῳ
1624 5598 1870 5662 δοξάσει

300 5694 406 5746 τὸν
450 5694 944 5757 Θεόν;Δείκνυσιν
973 5693 1054 5744 ὅτι
1105 5689 1165 5743 τὸ
1198 5690 1337 5760 ὺπέρ
1382 5691 1619 5761 Χριστοῦ
1655 5692 1866 5755 παθεῖν,

305 5784 432 5848 δόξα
465 5783 558 5836 τοῦ
599 5783 898 5852 πάσχοντός
925 5785 1040 5835 ἐστι
1075 5783 1168 5834 καὶ
1193 5784 1346 5851 τιμή.

521 5879 794 5940 Ριτιιοι..
835 5878 951 5940 Gn.
1016 5879 1173 5939 CVI.

1970 4590 2211 4658 piscibus
2233 4605 2372 4658 quos
2397 4603 2649 4659 ceperant
2675 4591 2890 4652 aliene,
2911 4591 3206 4644 ostendens
3234 4592 3361 4659 quia
3401 4605 3544 4658 quoa

1972 4681 2224 4734 videbant
2257 4683 2580 4750 phantasma
2637 4699 2740 4734 non
2780 4693 2914 4736 erat.
2967 4681 3031 4735 Et
3064 4682 3207 4750 quod
3259 4684 3372 4749 ipse
3403 4693 3547 4735 esset

1971 4772 2240 4832 viderunt.
2269 4775 2516 4841 quamvis
2537 4776 2772 4828 alienum
2802 4790 2994 4843 gerens
3019 4785 3324 4844 aspectum.
3360 4772 3547 4827 Time-

1972 4863 2099 4914 bant
2128 4872 2308 4916 autem
2349 4864 2702 4932 interrogare.

2048 4951 2211 5007 Vens.
2257 4954 2339 5005 l7.
2390 4955 2500 5009 Cur
2550 4957 2848 5024 interrogat
2896 4971 3019 5008 eum
3082 4966 3181 5019 ter,
3240 4958 3401 5009 Amas
3433 4956 3548 5008 me?

1974 5046 2171 5098 trinam
2206 5054 2263 5098 ut
2283 5045 2485 5099 deleret
2520 5048 2885 5114 negationem,
2921 5058 2977 5101 et
3013 5049 3327 5102 ostenderet
3359 5050 3548 5116 quanti

1972 5135 2201 5186 :cstimct
2241 5135 2616 5201 pml'ecturam
2667 5151 2887 5190 suarum
2942 5138 3164 5200 ovium,
3216 5138 3348 5191 dicit
3401 5137 3548 5190 enim

1973 5227 2154 5280 statim
2190 5243 2202 5278 :
2229 5225 2394 5278 Pasce
2413 5243 2572 5294 agnos
2614 5245 2775 5281 meos.

2051 5316 2210 5371 Vens.
2253 5320 2332 5372 l8.
2386 5322 2440 5370 In
2481 5332 2724 5388 lllIIPOI'C
2772 5321 3150 5376 crucitixiouis
3195 5321 3414 5375 adultus
3439 5319 3550 5390 jam

1972 5411 2055 5464 vir
2085 5423 2197 5465 erat
2228 5411 2458 5468 Petrus:
2494 5414 2624 5467 dicit
2650 5415 2793 5468 enim
2828 5413 3102 5479 Christus,
3135 5413 3268 5468 Cum
3309 5413 3548 5483 essesju-

1975 5504 2112 5566 nior,
2132 5503 2345 5563 deinde.
2375 5503 2507 5558 Cum
2531 5517 2704 5558 autem
2734 5508 2988 5561 senueris.

2049 5597 2214 5652 Vens.
2236 5597 2321 5651 i9.
2340 5595 2480 5662 Quid
2500 5599 2768 5666 signiﬁcat
2799 5598 3061 5654 dicendo:
3089 5599 3210 5664 Qua
3245 5608 3409 5652 morte
3443 5596 3555 5666 glo-

1975 5693 2278 5760 riﬁcaturus
2315 5699 2445 5743 esset
2483 5688 2687 5743 Deum?
2732 5688 2978 5744 Ostendit
3014 5693 3121 5759 pati
3172 5707 3269 5760 pro
3309 5689 3554 5758 Christo,

1977 5783 2202 5855 gloriam
2241 5781 2495 5852 patientis
2530 5797 2649 5838 esse
2673 5789 2726 5837 ct
2756 5781 3041 5837 honorem.

3160 5874 3231 5934 ἵει
