4212 6432
772 375 904 440 1291

784 519 2257 548 W

1820 662 2333 793 0PUSCULA
2412 662 2963 793 Ll'l‘UllGlCA

1517 372 1905 432 OPUSCULA
1950 372 2365 431 LITURGICA
2407 371 2757 431 INCERTJ‘I
2791 371 3102 431 )ETATIS.

1563 1062 1976 1154 SANCTI
2054 1063 2495 1154 BASILII
2576 1063 3193 1167 LITURGIA.

764 1253 907 1337 Non
942 1254 1121 1337 modo
1169 1255 1244 1317 ab
1285 1256 1458 1337 edita
1485 1257 1705 1318 erca
1737 1257 1805 1316 in
1855 1256 2071 1337 multis
2102 1256 2374 1332 diversa,
2419 1274 2633 1319 verum
2683 1258 2863 1317 etiam
2906 1258 2980 1317 ab
3028 1277 3117 1331 eo,
3163 1276 3347 1337 quam
3396 1261 3549 1324 Eua.
3592 1264 3929 1327 Renaudot
3961 1270 4026 1329 in

841 1335 1222 1425 Collectionc
1275 1335 1685 1414 liturgiarum
1746 1336 2147 1397 orientalium
2182 1340 2254 1415 (t.
2310 1338 2368 1408 ι,
2394 1354 2463 1415 p.
2501 1338 2597 1413 57)
2646 1355 2725 1397 ea:
2771 1337 2983 1398 codice
3037 1335 3229 1416 Regio
3274 1342 3525 1418 primus
3566 1343 3787 1415 edidit,
3848 1344 4028 1425 longe

839 1409 1154 1473 recedens.

1221 1561 1315 1622 {Ex
1345 1561 1739 1612 Uﬂ'enbachianas
1760 1561 1980 1613 Biblioth
2022 1576 2136 1612 mss.
2163 1564 2316 1613 Graec.
2341 1577 2491 1626 opera
2515 1566 2588 1614 Jo.
2620 1564 2773 1613 Henr.
2800 1564 2914 1613 ΜΑιι
2934 1566 3019 1616 ed.
3046 1592 3103 1604 —
3127 1568 3244 1619 Cod.
3269 1583 3316 1618 ix
3337 1568 3547 1635 saeculi.)

2372 1725 2440 1738 ’-

830 1813 1099 1883 Mementp
1127 1827 1400 1881 nostrum,
1434 1817 1662 1872 Domine
1687 1818 1847 1884 Deus,
1878 1834 1942 1875 ac
1967 1837 2128 1891 super
2153 1838 2345 1880 omnes
2375 1836 2417 1888 Α

2521 1827 2599 1897 (1)
2629 1829 2941 1905 Μνήσθητι,
2962 1831 3132 1902 Κύριε
3154 1835 3183 1887 6
3202 1833 3336 1898 Θεὸς
3366 1835 3543 1906 ἡμῶν,
3565 1838 3657 1891 καὶ
3690 1841 3784 1893 ἐπὶ
3821 1842 4030 1909 πάντας

755 1906 971 1962 effunde
1012 1906 1412 1962 misericordia:
1435 1911 1776 1975 thesaurum,
1809 1912 1948 1967 dans
1984 1914 2157 1969 cuivis
2195 1918 2340 1984 quod

2446 1914 2633 1988 ἔκχεον
2658 1921 2720 1973 τὸ
2752 1922 3001 1976 πλούσιόν
3025 1941 3121 1977 σου
3147 1925 3317 1991 ἔλεος,
3343 1930 3478 1982 πᾶσι
3509 1931 3766 2003 παρέχων
3792 1934 3864 1987 τὰ
3893 1938 4029 2004 πρὸς

754 1998 821 2050 ad
867 1998 1096 2052 salutem
1132 1998 1229 2054 abs
1269 2007 1320 2054 te
1377 1999 1535 2069 petit;
1586 2002 1752 2055 etiam
1792 2002 2032 2068 illorum,
2058 2020 2196 2074 quos
2249 2022 2344 2076 per
2448 2023 2516 2062 σω

2448 2010 2721 2079 σωτηρίαν
2770 2013 3077 2082 αἰτήματαο
3126 2015 3220 2069 καὶ
3247 2009 3323 2070 ὧν
3354 2020 3516 2088 ἡμεῖς
3545 1998 4028 2094 ούκνεμνημσνεύ-

759 2090 1146 2155 ignorantiam,
1182 2090 1266 2144 vel
1292 2090 1647 2157 oblivionem,
1680 2092 1765 2146 vel
1819 2093 2103 2149 nominum
2153 2098 2341 2151 multi-

752 2180 1000 2234 tudinem
1036 2196 1144 2235 non
1188 2182 1637 2248 memoravimus,
1704 2189 1996 2246 memento,
2044 2185 2208 2251 Deus,
2247 2189 2339 2257 qui

760 2270 1036 2340 cujusque
1068 2279 1285 2327 tetatem
1317 2281 1372 2328 et
1397 2288 1596 2327 nomen
1637 2274 1830 2338 nostri,
1866 2276 1960 2343 qui
2015 2290 2286 2345 quemque
2308 2294 2337 2332 a

754 2362 943 2415 matris
998 2377 1111 2417 sua:
1167 2372 1322 2419 utero
1373 2365 1703 2435 cognovisti.
1760 2363 1842 2420 Tu
1883 2357 2334 2441 οιιὶιιιζᾟοηιίηρ,

754 2451 1019 2505 auxilium
1077 2467 1139 2507 es
1194 2454 1412 2510 illorum
1476 2457 1568 2525 qui
1598 2456 1804 2511 auxilio
1864 2441 2087 2521 carent:
2109 2469 2165 2513 tu
2212 2477 2336 2528 spes

755 2539 1187 2607 uesper-nntium,
1212 2548 1267 2594 tu
1310 2550 1629 2611 tempestate
1679 2542 2009 2610 jactatorum
2064 2556 2331 2612 servator,

752 2639 808 2681 tu
841 2629 1212 2698 navigantium
1251 2640 1461 2700 portus,
1499 2642 1555 2688 tu
1604 2634 1983 2702 aegrotantium
2047 2635 2328 2705 medicus;

750 2730 869 2777 esto
912 2722 1172 2777 omnibus
1224 2721 1309 2777 liis
1336 2722 1519 2777 onmia
1571 2724 1707 2793 :qui
1761 2724 2009 2795 singulos
2050 2737 2105 2784 et
2140 2743 2330 2784 eorum

753 2812 1045 2885 petitiones
1102 2813 1271 2877 nosti,
1324 2811 1548 2866 domum
1602 2822 1657 2867 et
1705 2817 2061 2873 necessitates
2114 2834 2330 2883 eorum,

751 2901 1003 2969 defende,
1027 2900 1279 2966 Domine,
1315 2900 1456 2955 hanc
1497 2901 1710 2966 urbem,
1738 2912 1793 2956 et
1819 2906 2331 2973 quamlibetcivita-

753 3009 859 3050 tem
892 3004 945 3050 et
966 2994 1239 3066 regionem
1297 2992 1517 3058 afame,
1566 2994 1894 3064 pestilentia,
1933 3006 2090 3054 terra:
2151 3010 2326 3065 motu,

752 3096 1028 3154 aquarum
1053 3080 1237 3137 illuvie
1294 3080 1440 3149 igne,
1468 3094 1621 3145 ense,
1655 3091 1964 3138 exteret-um
1994 3085 2238 3154 incursu,
2273 3096 2327 3141 et

752 3177 894 3232 bello
923 3175 1205 3230 intestino.

1385 3283 1508 3338 Alta
1555 3300 1693 3339 voce.

823 3393 1099 3463 Imprimis
1132 3403 1429 3459 memento,
1459 3392 1709 3458 Domine,
1741 3394 2141 3467 archiepiscopi
2171 3398 2333 3467 hujus

754 3486 951 3549 nostri,
983 3499 1145 3553 quem
1186 3483 1395 3539 sanctis
1429 3484 1537 3537 tuis
1581 3484 1826 3539 ecclesiis
1859 3484 1912 3538 in
1947 3500 2078 3554 pare
2124 3488 2331 3542 salvum

754 3586 972 3645 praesta,
1007 3575 1358 3640 bonoratum,
1382 3590 1599 3639 sanum,
1644 3576 1974 3645 longaevum,
2003 3591 2148 3633 recte
2177 3595 2332 3649 spar-

752 3676 961 3735 gentem
1006 3665 1225 3720 verbum
1262 3664 1504 3720 veritilas
1537 3675 1663 3719 tuae.

828 3774 1092 3829 Diaconus
1119 3775 1364 3846 diptyclta
1403 3776 1638 3829 vivorum
1676 3776 1800 3847 legit
1831 3784 2117 3833 :sacerdos
2158 3791 2331 3836 autem

755 3868 1042 3921 inclinatus
1065 3877 1203 3921 orat.

829 3972 1121 4038 LIernento,
1152 3973 1402 4039 Domine,
1433 3975 1613 4030 omnis
1656 3977 2082 4031 ortltodoxorum
2117 3979 2330 4048 episeo-

758 4072 934 4134 patus,
963 4080 1151 4118 eorum
1185 4064 1277 4134 qui
1307 4073 1454 4120 recte
1483 4064 1819 4122 distribuunt
1846 4068 2067 4124 verbum
2090 4071 2333 4127 veritatis

756 4171 881 4211 H12.

828 4245 1119 4313 Memento,
1181 4246 1410 4303 Domine
1459 4249 1600 4303 servi
1639 4250 1714 4303 tui
1762 4248 1990 4319 Nicolai,
2048 4269 2150 4307 uua
2205 4270 2327 4309 cum

754 4339 1007 4409 conjuge,
1036 4339 1223 4394 liberis
1253 4348 1304 4394 et
1339 4341 1657 4410 parentibus
1703 4343 1841 4412 ejus.

826 4429 1118 4495 Memento,
1152 4429 1402 4497 Domine,
1432 4433 1573 4487 servi
1608 4434 1681 4487 tui
1706 4431 1954 4492 Joannis.

827 4519 1118 4585 Memento,
1159 4520 1403 4589 Domine,
1438 4523 1579 4579 servi
1604 4524 1678 4579 tui
1709 4524 1938 4582 Nicolai.

2356 3174 2404 3232 B

2446 2115 2621 2171 σαμεν
2648 2101 2717 2155 δι’
2746 2103 2973 2171 ἄγνοιαν
3007 2106 3039 2177 ἢ
3072 2106 3242 2178 λήθην
3275 2107 3309 2179 ἢ
3351 2110 3558 2180 πῦἧοος
3586 2113 3897 2183 ὀνομάτων,
3934 2118 4031 2170 αύ-

2443 2191 2535 2255 τὸς
2563 2194 2961 2263 μνημόνευσον,
3006 2198 3035 2250 ὁ
3071 2196 3227 2265 Θεὸς,
3268 2200 3297 2251 ὁ
3327 2200 3483 2264 εἰδὼς
3510 2202 3747 2256 ἑκάστου
3779 2206 3881 2272 τὴν
3908 2207 4027 2274 ἠλι-

2442 2285 2567 2338 κίαν
2597 2288 2692 2341 καὶ
2719 2289 2818 2361 τὴν
2849 2292 3250 2363 προσηγορίαν,
3284 2294 3313 2347 ὀ
3337 2294 3494 2358 εἰδὼς
3534 2296 3767 2351 ἕκαστον
3805 2299 3869 2351 ἐκ
3912 2318 4032 2353 κοιο

2439 2374 2560 2439 λίας
2615 2381 2824 2449 μητρὸς
2869 2381 3059 2436 αὐτοῦ.
3102 2384 3175 2436 Σὺ
3210 2385 3320 2455 γὰρ
3372 2381 3424 2439 εἷ
3469 2386 3672 2458 Κύριος
3707 2393 3740 2461 η
3802 2391 4031 2461 βοήθεια

2440 2465 2550 2518 τῶν
2580 2468 2921 2539 ἀῦοηθήτων,
2956 2475 2990 2543 ἠ
3036 2474 3190 2539 ἐλπὶς
3221 2477 3330 2529 τῶν
3352 2477 3805 2549 ἀπηλπισμένων,
3856 2485 3886 2535 6
3918 2485 4028 2534 τιῖιν

2439 2560 2853 2629 χειμαζομένων
2885 2563 3097 2634 Σωτὴρ,
3132 2567 3160 2618 6
3188 2566 3297 2617 τῶν
3331 2564 3601 2621 πλεόντων
3629 2568 3817 2640 λιμὴν,
3856 2572 3886 2623 6
3916 2572 4026 2623 τῶν

2439 2648 2737 2702 νοσούντων
2796 2652 3005 2723 ίατρός’
3038 2653 3201 2719 αὐτὸς
3233 2658 3344 2719 ταῖς
3378 2658 3510 2710 πᾶσι
3530 2658 3598 2710 τὰ
3622 2660 3803 2711 πάντα
3822 2658 3986 2727 γενοῦ
4008 2674 4022 2687 ·

2435 2738 2465 2791 6
2488 2739 2643 2803 είδὼς
2669 2740 2899 2796 ἕκαστον
2928 2744 3022 2798 καὶ
3056 2744 3118 2798 τὸ
3145 2746 3354 2816 αίτημα
3385 2748 3574 2811 αὑτοῦ,
3601 2746 3751 2803 οἷκον
3789 2752 3889 2803 καὶ
3921 2753 4022 2822 τὴν

2436 2830 2625 2900 χρείαν
2650 2832 2841 2898 αὑτοῦ,
2881 2834 3043 2904 ῥῦσαι
3064 2876 3080 2902 ,
3112 2837 3314 2909 Κύριε,
3344 2838 3442 2909 τὴν
3465 2840 3621 2893 πόλιν
3657 2841 3886 2911 ταύτην,
3924 2847 4022 2897 καὶ

2435 2921 2616 2974 πᾶσαν
2643 2923 2798 2977 πόλιν
2823 2926 2916 2978 καὶ
2946 2924 3127 2997 χώραν
3157 2928 3267 2982 ἀπὸ
3297 2928 3491 2999 λιμοῦ,
3516 2930 3730 3000 λοιμοῦ,
3764 2933 4018 3001 σεισμοῦ,

2436 3015 2907 3083 καταποντισμοῦ,
2945 3017 3138 3086 πυρὸς,
3178 3018 3477 3089 μαχαίρας,
3523 3020 3829 3092 ἐπιδρομῆς
3861 3021 4022 3076 ἁλλο-

2433 3100 2635 3169 φύλων,
2668 3103 2760 3155 καὶ
2788 3102 3050 3173 ἐμφυλίου
3080 3105 3336 3176 πολέμου.

3028 3307 3417 3377 Ἑκφώνησις.

2517 3413 2605 3465 Ἑν
2638 3412 2877 3484 πρώτοις
2910 3416 3199 3487 μνήσθητι,
3232 3418 3426 3487 Κύριε,
3454 3419 3548 3473 τοῦ
3577 3420 4018 3492 ἁρχιεπισκόπου

2435 3503 2592 3573 ἡμῶν
2622 3504 2799 3569 τοῦδε,
2822 3506 2881 3558 ὃν
2905 3506 3124 3577 χάρισαι
3154 3511 3275 3573 ταῖς
3313 3510 3497 3577 ἁγίαις
3527 3528 3622 3565 σου
3657 3513 4020 3582 Ἐκκλησίαις

2435 3595 2493 3647 ὲν
2535 3595 2729 3665 είρήνῃ
2761 3594 2919 3661 σῶον,
2963 3598 3202 3669 ἔντιμον,
3244 3602 3421 3668 ὑγιᾶθ
3450 3606 4016 3674 μακροημερεύοντα,

2435 3685 2530 3739 καὶ
2555 3685 2955 3757 ὀρθοτομοῦντα
2983 3690 3073 3743 τὸν
3099 3690 3255 3759 λόγον
3289 3693 3386 3763 τῆς
3422 3693 3524 3762 σῆς
3555 3695 3840 3764 ἀληθείας.

2448 3793 2511 3846 '0
2539 3792 2816 3862 διάκονος
2843 3796 2914 3850 τὰ
2939 3796 3202 3873 (Sintula
3225 3797 3344 3873 ζῶν
3364 3799 3602 3873 ζώντων
3623 3819 3636 3833 ·
3665 3807 3699 3857 ό
3718 3803 3787 3856 δὲ
3821 3805 4020 3873 ἱερεὺς

2884 3866 3193 3934 κλώμενος
3229 3869 3566 3939 ἐπεύχεται.

2504 3974 2813 4045 Μνήσθητι,
2863 3976 3058 4048 Κύριε,
3110 3977 3292 4048 πάσης
3334 3981 3642 4051 ἐπισκοπῆς
3689 3982 4016 4054 ὀρθοδόξων,

2432 4066 2542 4122 τῶν
2574 4068 3018 4141 δρθοτομούντων
3043 4072 3135 4126 τὸν
3156 4072 3315 4142 λόγον
3337 4075 3437 4145 τῆς
3466 4076 3564 4146 σῆς
3586 4076 3868 4150 ἀληθείας.

2504 4250 2828 4324 [Μνήσθητι
2859 4255 2959 4324 (2),
2998 4255 3191 4326 Κύριε,
3228 4256 3323 4312 τοῦ
3362 4259 3551 4315 δούλου
3598 4277 3691 4314 σου
3738 4262 4018 4319 Νικολάου

2432 4343 2549 4414 ἄμα
2580 4344 2807 4414 συμσίου
2830 4346 2925 4400 καὶ
2952 4348 3157 4402 τέκνων
3185 4351 3276 4404 καὶ
3303 4351 3413 4405 τῶν
3443 4354 3645 4421 γονέων
3662 4355 3852 4410 αὑτοῦ.
3876 4354 3897 4429 ]

2503 4437 2808 4510 Μνήσθητι,
2836 4440 3033 4512 Κύριε,
3052 4440 3149 4495 τοῦ
3180 4442 3367 4497 δούλου
3404 4462 3500 4499 σου
3536 4446 3809 4502 Ἰωάννου.

2499 4531 2807 4603 Μνήσθητι,
2845 4532 3042 4604 Κύριε,
3072 4534 3165 4589 τοῦ
3189 4536 3379 4591 δούλου
3407 4556 3501 4592 σου
3531 4540 3824 4595 Νικολάου.

826 4612 866 4684 σξ-
905 4613 1197 4677 Memento,
1233 4613 1487 4679 Domine,
1519 4617 1661 4671 servi
1693 4618 1769 4671 tui
1801 4616 2095 4684 Theodori,
2128 4630 2329 4676 sancta:
2353 4590 2397 4650 C
2507 4620 2516 4695 |

2507 4619 2582 4695 ['l'
2608 4590 2949 4698 'MVDUéTjﬂ.l
2970 4590 3164 4698 Κύριε,
3207 4630 3303 4683 τοῦ
3328 4590 3550 4685 69620:;—
3690 4590 4018 4706 τόξων,

753 4702 967 4767 salutis,
1000 4710 1051 4755 et
1081 4701 1294 4756 dimitte
1351 4702 1499 4757 illius
1522 4714 1764 4775 peccata.

827 4794 1119 4858 Memento,
1155 4794 1403 4860 Domine,
1429 4812 1599 4852 serva:
1631 4808 1738 4853 tua:
1761 4800 1951 4855 Annae.

823 4887 1117 4950 Memento,
1149 4884 1397 4950 Domine,
1434 4889 1578 4943 servi
1598 4891 1676 4943 tui
1706 4888 1968 4957 Pantelei,
2008 4890 2182 4947 felicis
2209 4909 2323 4947 mc-

754 4978 961 5045 morize,
998 4987 1053 5033 et
1085 4972 1298 5032 dimitte
1324 4977 1471 5033 illius
1503 4991 1719 5049 peccata
1759 4981 1791 5051 ἰ-

822 5070 1118 5133 Memento,
1169 5067 1418 5135 Domine,
1450 5087 1622 5127 serva:
1667 5083 1773 5127 tua:
1824 5076 1991 5129 Anna:
2058 5072 2330 5129 Stamatc-

752 5176 853 5213 na).

818 5251 1362 5319 Memento,Domine,
1395 5270 1564 5310 servae
1592 5264 1695 5310 tute
1720 5256 1919 5321 lreues,
1941 5255 2115 5313 felicis
2133 5274 2335 5314 memo-

749 5344 864 5407 tite,
889 5353 943 5399 et
980 5345 1196 5401 dimitte
1241 5348 1385 5402 illius
1416 5358 1660 5417 peccata.

816 5434 1107 5504 Memento,
1136 5437 1383 5505 Domine,
1431 5456 1603 5496 serva:
1639 5448 1759 5496 tum.
1788 5440 2112 5496 Moscltanae.

820 5614 895 5685 (Ι)
931 5617 1071 5671 Hine
1095 5617 1312 5674 initium
1347 5619 1579 5687 lilurgim
1603 5618 1860 5682 facimus,
1893 5635 1961 5673 eo
2001 5620 2145 5688 quod
2178 5621 2324 5675 nulla

747 5687 853 5763 alia
882 5688 1077 5763 (:ltarltt
1104 5689 1325 5763 incipiat
1353 5706 1380 5746 a
1415 5690 1623 5763 majore
1657 5692 1854 5745 littera.
1888 5687 2083 5746 Decesse
2116 5691 2324 5746 videtur

746 5756 946 5825 atiqnid
976 5761 1042 5812 ab
1066 5756 1243 5819 initio.

2436 4713 2596 4781 ἁγίας
2634 4716 2931 4786 σωτηρίας,
2963 4718 3055 4772 καὶ
3084 4719 3221 4788 ἄφες
3248 4721 3534 4791 ἁμαρτιῶν
3562 4722 3791 4799 αὑτοῦ.]

2507 4806 2815 4876 Μνήσθητι,
2845 4808 3040 4880 Κύριε,
3072 4812 3169 4882 τῆς
3199 4811 3392 4883 δούλης
3423 4831 3517 4868 σου
3550 4817 3769 4886 Ἀννης.

2503 4897 2842 4972 [Μνήσθητι,
2892 4902 3087 4975 Κύριε,
3141 4904 3237 4959 τοῦ
3283 4906 3471 4961 δούλου
3524 4926 3619 4963 σου
3680 4911 4013 4982 Παντελέου,

2436 4989 2710 5061 μακαρίας
2739 4994 2978 5063 μνήμης,
3008 4998 3102 5048 καὶ
3131 4995 3269 5065 ἄφες
3296 4998 3581 5069 ἁμαρτιῶν
3611 5002 3836 5077 αὐτοῦ.]
3862 5004 3904 5076 1-

2499 5081 2808 5152 Μνήσθητι,
2860 5085 3055 5155 Κύριε,
3081 5086 3179 5156 τῆς
3204 5087 3399 5157 δούλης
3425 5107 3519 5144 σου
3558 5093 3756 5163 ’Δννης
3785 5094 3826 5164 ’Ξ-
3871 5098 4014 5150 Στα·

2435 5173 2697 5241 ματηνῆς.

2503 5260 2846 5335 [Μνὴσθητι,
2879 5267 3079 5338 Κύριε,
3114 5271 3211 5341 τῆς
3247 5272 3440 5343 δούλης
3482 5292 3577 5328 σου
3614 5276 3872 5348 Εἰρήνης,
3906 5299 4012 5352 μι-

2436 5355 2633 5425 καρίας
2670 5359 2911 5428 μνήμης,
2945 5362 3037 5414 καὶ
3068 5361 3201 5429 ἄφες
3232 5359 3517 5436 ἁμαρτιῶν
3537 5368 3731 5438 αὐτῆς.
3758 5367 3778 5439 ]

2508 5448 2850 5521 [Μνήσοητι,
2887 5453 3080 5523 Κύριε,
3109 5460 3208 5527 τῆς
3237 5458 3431 5529 δούλης
3460 5476 3553 5512 σου
3587 5461 3942 5536 Μοσχάνας.]

2509 5622 2585 5692 (‘2)
2628 5622 2967 5699 Quaausignis
2992 5625 3038 5699 []
3075 5628 3283 5686 inclusa
3325 5643 3456 5689 sunt
3486 5637 3754 5690 recentior
3794 5639 4008 5694 addidit

2438 5707 2660 5757 ntanus;
2688 5694 3053 5777 relic-tuumne
3086 5710 3203 5777 erat
3233 5704 3467 5777 spatium
3501 5706 3645 5762 intra
3677 5707 3854 5777 ipsum
3889 5721 4009 5766 tex-

2435 5773 2568 5828 tum,
2606 5775 2661 5819 ut
2688 5764 2907 5820 inscribi
2935 5772 3210 5836 potuerint
3232 5764 3437 5829 omnia.
