4212 6432
332 371 472 434 1293

402 486 708 558 Μνήσθητι,
739 487 928 556 Κύριε,
970 487 1110 539 κατα
1144 488 1203 538 τὸ
1229 486 1431 555 πλῆθος
1459 487 1566 540 τῶν
1597 489 1897 558 οἰκτιρμῶν
1928 504 1972 558 Α

323 598 419 632 σου
449 582 540 633 καὶ
575 581 674 646 τῆς
704 582 841 646 ἐμῆς
873 578 1239 647 ἁναξιότητος,
1275 580 1625 648 συγχώρησὸν
1659 598 1746 648 μοι
1781 581 1890 632 πᾶν

326 671 704 740 πλημμέλημα
746 668 990 722 ἑκούσιόν
1019 686 1077 721 τε
1125 673 1217 721 καὶ
1245 671 1519 734 ἀκούσιον,
1561 672 1652 723 καὶ
1697 672 1770 740 μὴ
1800 671 1888 724 διὰ

322 764 423 826 τὰς
466 763 606 833 ἐμάς
652 762 926 831 ἁμαρτίας
975 761 1224 833 κωλύσῃς
1257 763 1356 832 τὴν
1394 763 1551 832 χάριν
1595 761 1689 814 τοῦ
1731 762 1886 828 ἁγίου

325 871 420 907 σου
449 854 764 923 Πνεύματος
791 854 897 906 άπὸ
923 853 1030 905 τῶν
1061 855 1435 926 προκειμένων
1463 856 1670 924 δώρων.

391 943 699 1012 Μνήσθητι,
730 943 920 1010 Κύριε,
963 944 1056 994 τοῦ
1083 945 1499 1014 πρεσϐυτερίου,
1531 946 1630 1013 τῆς
1660 946 1716 997 ἐν
1755 948 1886 1014 Χρι-

323 1033 433 1104 στῷ
461 1034 752 1097 διακονίας,
787 1036 879 1085 καὶ
914 1036 1111 1097 παντὸς
1145 1035 1418 1104 ἱερατικοῦ
1447 1036 1746 1103 τάγματος,
1791 1039 1884 1088 καὶ

325 1123 530 1192 μηδένα
553 1123 709 1193 ἡμῶν
737 1125 1098 1196 καταισχύνῃς
1125 1127 1232 1176 τῶν
1270 1126 1611 1178 κυκλούντων
1638 1126 1698 1177 τὸ
1730 1125 1884 1192 ἅγιόν

323 1232 418 1267 σου
463 1215 866 1285 θυσιαστήριον.
929 1217 1246 1285 Ἐπίσκεψαι
1287 1219 1434 1286 ἡμᾶς
1465 1221 1522 1270 ἐν
1546 1220 1610 1287 τῇ
1648 1218 1878 1287 χρηστό⁴

318 1305 440 1373 τητί
465 1322 581 1370 σου,
623 1307 820 1377 Κύριε·
865 1309 1158 1377 ἐπιφάνηθι
1190 1311 1320 1378 ἡμῖν
1354 1310 1413 1361 ἐν
1450 1311 1565 1371 τοῖς
1605 1309 1880 1370 πλουσίοις

317 1411 415 1446 σου
440 1398 758 1466 οἰκτιρμοίς,
784 1397 1094 1465 Εὐκράτους
1119 1400 1215 1453 καὶ
1241 1399 1540 1466 ἐπωφελείς
1562 1401 1685 1461 τούς
1710 1401 1880 1468 ἀέρας

314 1487 447 1553 ἡμῖν
477 1488 721 1557 χάρισαι,
755 1487 994 1556 ὄμϐρους
1029 1489 1337 1557 εἰρηνικοὺς
1374 1491 1439 1559 τῇ
1469 1492 1538 1559 γῇ
1574 1491 1707 1561 πρὸς
1741 1506 1878 1556 καρο

316 1578 582 1646 ποφορίαν
632 1579 950 1648 δενδρῆσαι·
997 1579 1293 1648 εὐλόγησον
1333 1581 1424 1632 τὸν
1470 1581 1732 1647 στέφανον
1763 1563 1874 1632 ν’τοῦ

312 1666 558 1718 ἐνιαυτοῦ
592 1669 688 1738 τῆς
727 1670 1093 1740 χρηστότητός
1121 1687 1234 1724 σου.
1269 1670 1481 1723 Παῦσον
1512 1671 1578 1722 τὰ
1603 1674 1873 1739 σχίσματα

312 1757 421 1810 τῶν
467 1758 829 1829 Ἐκκλησιῶνο
858 1761 1049 1813 σϐέσον
1070 1764 1137 1814 τὰ
1173 1763 1504 1831 φρυάγματα
1534 1757 1642 1814 τῶν
1671 1761 1839 1814 ἐθνῶν
1857 1779 1870 1792 ·

1507 373 1566 430 S.
1608 374 1890 433 BASILII
1930 373 2317 433 LlTURGlA.

3423 376 3555 442 129i

2073 488 2363 551 Memento,
2394 487 2640 555 Domine,
2677 505 2774 559 pro
2806 490 3152 545 multitudine
3175 491 3558 562 miscricordim

1994 585 2118 641 tum,
2155 587 2208 631 et
2238 591 2371 631 mea:
2394 577 2752 646 indignitatis.
2791 580 3040 640 condono
3100 580 3229 632 mihi
3274 596 3433 634 omne
3462 584 3556 634 tle-

1993 667 2180 721 lictnm
2213 667 2577 722 voluntarium
2606 679 2658 722 et
2691 684 2796 722 non
2850 669 3240 735 voluntarium,
3282 685 3457 738 neque
3490 674 3559 725 ob

1993 767 2211 827 peccata
2237 772 2358 812 mea
2397 759 2625 827 gratiam
2653 759 2826 814 sancti
2854 760 2932 814 tui
2957 759 3192 829 Spiritus
3221 761 3291 815 ab
3325 762 3409 816 his
3429 777 3558 830 pro-

1993 853 2184 921 positis
2206 853 2364 907 donis
2392 867 2600 907 arceas.

2061 942 2349 1009 Memento,
2384 942 2631 1007 Domine,
2670 944 3096 1014 presbyteratus,
3140 953 3196 1002 et
3227 945 3280 1001 in
3333 946 3554 1000 Christo

1989 1034 2332 1098 diaconatus,
2366 1036 2638 1104 totiusque
2669 1037 2876 1090 ordinis
2932 1037 3097 1097 sacri,
3129 1053 3302 1106 neque
3334 1039 3501 1092 ullum
3527 1054 3556 1092 e

1989 1126 2150 1179 nobis
2177 1126 2269 1195 qui
2291 1137 2540 1180 sanctum
2566 1135 2714 1185 tuum
2745 1127 2914 1182 altare
2937 1128 3228 1196 cingiinus,
3259 1131 3554 1199 opprobrio

1985 1215 2205 1268 adicias.
2255 1213 2426 1268 Visita
2484 1229 2584 1269 nos
2638 1214 2692 1267 in
2747 1225 2835 1268 tua
2894 1216 3239 1283 benignitate,
3305 1216 3549 1281 Doinine,

1987 1305 2334 1361 n-anil‘estare
2365 1305 2524 1360 nobis
2565 1305 2618 1359 in
2647 1306 3049 1361 abundantibus
3081 1308 3189 1362 tuis
3239 1309 3552 1363 misericor-

1981 1397 2102 1450 diis.
2160 1397 2300 1451 Bene
2337 1407 2782 1465 temperatum-et
2806 1397 3097 1451 salutarem
3141 1414 3267 1454 aera
3296 1403 3550 1463 concede.

1983 1485 2303 1553 pluviasque
2341 1485 2656 1540 salutiferas
2706 1496 2866 1539 terra:
2904 1487 2969 1539 ad
3015 1484 3225 1541 [ructus
3287 1491 3544 1544 arborum

1982 1576 2373 1642 producendos.
2432 1575 2670 1630 Benedic
2723 1591 2938 1631 corona:
2999 1579 3126 1630 anni
3205 1580 3550 1647 benignitatis

1979 1676 2106 1718 tuae.
2131 1664 2301 1718 Abole
2320 1665 2680 1718 Beclesiarum
2706 1667 3001 1721 schismata
3028 1687 3041 1734 ;
3063 1669 3347 1738 exsungue
3371 1671 3552 1722 h'enii-

1981 1765 2069 1810 tus
2095 1757 2360 1824 gentium;
2421 1757 2729 1810 exorientes
2780 1758 3012 1812 haereses
3042 1761 3289 1813 celeriter
3316 1760 3552 1814 dissolve

311 1848 408 1909 τὰς
445 1849 554 1900 τῶν
599 1851 862 1920 αἱρέσεων
911 1854 1310 1914 ἐπαναστάσεις
1333 1853 1540 1921 ταχέως
1577 1853 1878 1905 κατάλυσον
1912 1831 1951 1884 Β

1912 1831 1951 1884 Β
1984 1847 2225 1915 potentia
2265 1849 2440 1901 sancti
2472 1847 2706 1914 Spiritus
2737 1849 2846 1912 tui;
2869 1864 3058 1904 onun-s
3101 1866 3198 1904 nos
3231 1852 3285 1905 in
3325 1867 3549 1921 regnum

311 1942 376 2010 τῇ
412 1940 634 2009 δυνάμει
669 1941 760 1995 τού
793 1943 947 2012 ἁγίου
985 1961 1078 1996 σου
1116 1945 1429 2013 Πνεύματος
1450 1961 1464 1973 ο
1497 1944 1702 2005 πάντας
1729 1945 1879 2013 ἡμᾶς

313 2033 601 2100 πρόσδεξαι
641 2036 722 2096 εἰς
755 2037 854 2104 τὴν
889 2034 1166 2104 βασιλείαν
1205 2052 1299 2087 σου
1322 2075 1337 2099 ,
1393 2036 1517 2098 τοὺς
1556 2035 1733 2101 φωτὸς
1784 2034 1879 2086 καὶ

311 2123 523 2192 ἡμέρας
543 2123 691 2187 υιούς
725 2124 984 2189 ἀναδέξας
1011 2127 1090 2188 είς
1112 2127 1215 2195 τὴν
1242 2128 1491 2199 εἰρήνην*
1522 2128 1616 2181 καὶ
1643 2129 1742 2197 τὴν
1781 2127 1879 2196 σὴν

309 2215 532 2284 ἀγάπην
566 2215 787 2285 χάρισαι
818 2218 973 2285 ἡμῖν,
1002 2216 1171 2288 Κύριε
1203 2221 1230 2272 ὁ
1256 2220 1385 2283 Θεὸς
1423 2219 1599 2290 ἡμῶν.
1635 2259 1650 2274 .
1696 2259 1709 2272 .
1749 2261 1760 2272 .
1808 2259 1820 2271 .
1859 2260 1871 2272 .

311 2343 376 2360 ...
389 2305 676 2374 ,Ἀμειψαι
700 2307 778 2376 (ὅ)
791 2307 985 2371 αὐτοὺς
999 2312 1109 2372 τοῖς
1135 2309 1404 2373 πλοδσίοις
1423 2328 1514 2366 σου
1531 2313 1620 2364 καὶ
1639 2314 1874 2380 ἐπουρα-

309 2397 442 2458 νίοις
477 2397 794 2466 χαρίσμασι.
844 2400 1080 2470 Χάρισαι
1114 2401 1294 2464 αὐτοῖς
1327 2401 1447 2453 ἀντὶ
1479 2401 1586 2454 τῶν
1616 2403 1874 2469 ἐπιγείων

308 2487 377 2538 τὰ
407 2487 723 2556 ἐπουράνια,
757 2489 879 2542 ἀντὶ
901 2490 1009 2542 τῶν
1041 2491 1390 2560 προσκαίρων
1417 2490 1483 2543 τὰ
1509 2489 1722 2557 αίῶνια,
1752 2492 1874 2545 ἀντὶ

307 2578 416 2630 τῶν
438 2578 691 2649 φθαρτῶν
717 2579 784 2631 τὰ
813 2578 1085 2649 ἄφθαρτα.
1321 2605 1354 2616 νο
1408 2580 1426 2596 ⁸

379 2669 682 2739 Μνήσθητι,
704 2669 897 2741 Κύριε,
928 2671 1035 2723 τῶν
1063 2672 1121 2723 ἐν
1150 2673 1425 2741 ἐρημίαις,
1457 2673 1552 2726 καὶ
1580 2673 1750 2741 ὄρεσι,
1783 2677 1875 2728 καὶ

311 2758 620 2828 σπηλαίοις,
654 2758 750 2811 καὶ
776 2762 894 2822 ταῖς
916 2759 1079 2824 ὀπαῖς
1106 2762 1204 2830 τῆς
1219 2761 1355 2829 γῆς.

379 2847 685 2918 Μνήσθητι,
736 2847 931 2917 Κύριε,
961 2849 1066 2902 τῶν
1099 2852 1154 2900 ἐν
1203 2852 1466 2922 παρθενίᾳ
1495 2853 1587 2904 καὶ
1620 2853 1874 2924 εὐλαϐείᾳ

309 2939 404 2991 καὶ
427 2940 660 3009 ἀσκήσει
687 2940 780 2993 καὶ
816 2943 986 3011 σεμνῇ
1017 2941 1260 3012 πολιτεία
1289 2942 1601 3008 διαγόντων.

381 3028 684 3100 Μνὴσθητι,
738 3031 934 3100 Κύριε,
979 3032 1086 3084 τῶν
1129 3033 1531 3086 εὐσεϐεστάτων
1558 3036 1650 3087 καὶ
1689 3052 1870 3087 πιστο-

1983 1945 2135 1990 tnum
2194 1938 2392 2007 recipe;
2431 1953 2527 1992 nos
2582 1939 2717 1993 lucis
2770 1947 2824 1994 et
2870 1940 2979 1996 diei
3039 1940 3182 1996 ﬁlios
3235 1943 3300 1995 in'
3362 1959 3547 2013 pacem

1980 2044 2286 2092 assumens;
2320 2039 2374 2083 et
2401 2039 2549 2082 tuam
2581 2029 2900 2086 charitatem
2939 2032 3176 2088 concede
3221 2035 3398 2097 nobis,
3445 2035 3548 2090 Do-

1935 2121 2144 2180 -mine,
2210 2119 2353 2174 Deus
2438 2130 2638 2174 noster.

1981 2248 1996 2264 .
2039 2249 2053 2263 .
2100 2209 2424 2264 .Remunera
2450 2211 2568 2264 illos
2593 2211 2998 2268 abundantibus
3028 2209 3136 2270 t‘uis
3158 2223 3212 2269 et
3231 2216 3545 2273 caelestibus

1977 2301 2159 2355 donis.
2196 2300 2426 2371 Largire
2453 2304 2587 2373 ipsis
2615 2318 2714 2373 pro
2747 2305 2978 2360 terrenis
2998 2306 3259 2372 caelestia,
3294 2324 3390 2377 pro
3411 2320 3547 2364 tem-

1977 2392 2254 2462 poralibns
2297 2405 2520 2461 mterna,
2555 2410 2654 2464 pro
2675 2398 3124 2466 corruptibilibus
3168 2399 3549 2470 incorruptibi-

1978 2481 2069 2533 lia.
3238 2488 3268 2502 '

2045 2663 2335 2729 Memento,
2396 2663 2645 2732 Domine,
2700 2668 2916 2722 illorum
2960 2669 3057 2738 qui
3083 2669 3139 2724 in
3179 2673 3430 2740 desertis,
3490 2676 3544 2728 in

1973 2759 2272 2822 montibus,
2301 2761 2577 2828 speluncis
2599 2772 2655 2816 et
2682 2763 3055 2820 subterraneis
3083 2764 3217 2820 locis
3251 2766 3470 2838 degunt.

2045 2853 2338 2919 Demento,
2364 2855 2611 2922 Domine,
2635 2872 2824 2912 eorum
2859 2857 2952 2928 qui
2983 2859 3038 2913 in
3059 2861 3386 2930 virginitate,
3415 2864 3544 2918 reli-

1976 2944 2155 3013 gione,
2190 2945 2388 3009 ascesi,
2422 2955 2475 3000 et
2511 2948 2741 3003 hbuesta
2773 2949 2893 3004 vita:
2921 2950 3134 3006 ratione
3180 2952 3398 3021 degunt.

2044 3032 2332 3095 Memento,
2359 3033 2608 3102 Domine,
2660 3038 3199 3106 religiosissimorum
3257 3054 3313 3095 et
3342 3043 3545 3099 ﬁdelis-
3588 3076 3598 3082 -

308 3121 487 3174 τατων
534 3122 689 3192 ἡμῶν
721 3121 1004 3192 βασιλέων,
1054 3122 1145 3186 οὓς
1199 3125 1520 3188 ἐδικαίωσας
1574 3126 1873 3195 βασιλεύειν
1901 3157 1944 3218 C

1901 3157 1944 3218 Ο
1978 3121 2238 3175 simorum
2269 3122 2656 3207 imperatorum
2683 3129 3232 3215 nostrorum,qnibus
3271 3132 3540 3201 imperare

309 3213 402 3266 ἐπὶ
447 3214 546 3282 τῆς
589 3213 722 3282 γῆς·
774 3213 922 3283 ὅπλῳ
950 3214 1227 3284 ἀληθείας,
1276 3216 1424 3287 ὅπλῳ
1455 3215 1700 3280 εὐδοκίας
1742 3234 1863 3268 στε-

309 3307 558 3373 φάνωσον
587 3304 802 3368 αὐτούς’
831 3306 1144 3359 ἐπισκίασον
1176 3308 1267 3360 ἐπὶ
1291 3307 1387 3378 τὴν
1421 3309 1661 3377 κεφαλὴν
1691 3309 1868 3362 αὐτῶν

309 3399 370 3448 ὲν
399 3396 579 3467 ἡμέρᾳ
613 3395 880 3466 πολέμου·
927 3397 1206 3466 ἐνίσχυσον
1246 3399 1423 3452 αὐτῶν
1458 3398 1546 3450 τὸν
1579 3397 1866 3468 βραχίοναο

309 3487 524 3552 ὒίωωσον
551 3485 730 3538 αὐτῶν
758 3485 857 3557 τὴν
884 3484 1063 3552 δεξιάν
1084 3502 1097 3515 ·
1139 3487 1403 3558 κράτυνον
1433 3485 1610 3538 αὐτῶν
1639 3488 1735 3556 τὴν
1771 3484 1867 3553 βα-

313 3577 546 3628 σιλείαν·
586 3574 852 3639 ὑπόταξον
894 3576 1074 3639 αὐτοῖς
1109 3577 1286 3630 πάντα
1335 3581 1402 3628 τὰ
1428 3577 1677 3648 βάρϐαρα
1707 3576 1864 3644 ἔθνη,

311 3668 380 3717 τὰ
408 3665 534 3726 τοὺς
577 3665 848 3732 πολέμους
881 3664 1119 3717 θέλοντα.
1168 3666 1402 3734 Χάρισαι
1436 3667 1612 3727 αὐτοῖς
1646 3663 1865 3734 βαθεῖαν

311 3756 406 3808 καὶ
457 3753 813 3823 ἀναφαίρετον
852 3747 1103 3824 εἰρήνην·
1136 3755 1365 3824 λάλησον
1397 3755 1475 3816 είς
1518 3757 1615 3823 τὴν
1641 3754 1864 3822 καρδίαν

310 3844 490 3900 αὐτῶν
515 3844 696 3912 ἁγαθά
722 3845 859 3915 ὐπέρ
887 3847 986 3916 τῆς
1043 3846 1366 3918 Ἐκκλησίας
1399 3864 1512 3911 σου,
1543 3849 1634 3899 καὶ
1667 3846 1865 3908 παντὸς

307 3939 401 3993 τοῦ
440 3936 569 3991 λαοῦ
601 3955 716 4004 σου,
767 3939 852 3993 ἵνα
886 3941 944 3991 ἐν
973 3941 1037 4009 τῇ
1076 3939 1281 4009 γαλήνῃ
1316 3939 1493 3992 αὐτῶν
1522 3939 1726 4008 ἤρεμον
1770 3940 1866 3990 καὶ

306 4027 532 4099 ἡσύχιον
563 4024 676 4096 βίον
704 4028 980 4100 διάγωμεν
1006 4030 1065 4080 ἐν
1091 4028 1237 4097 πάσῃ
1264 4026 1514 4098 εὐσεϐείᾳ
1546 4029 1636 4080 καὶ
1669 4027 1859 4096 σεμνό-

305 4140 449 4193 τητι.
736 4149 761 4158 ρ

374 4215 681 4286 Μνήσθητι,
719 4212 910 4283 Κύριε,
946 4212 1121 4281 πάσης
1153 4211 1327 4280 ἀρχῆς
1355 4212 1448 4264 καὶ
1473 4209 1738 4276 ἐξουσίας,
1769 4213 1862 4262 καὶ

303 4310 412 4362 τῶν
438 4310 496 4360 ἐν
525 4309 604 4378 τῷ
634 4307 875 4377 παλατίῳ
917 4306 1159 4374 ἀδελφῶν
1186 4307 1365 4376 ἡμῶν,
1413 4308 1507 4358 καὶ
1534 4305 1729 4367 παντὸς
1767 4304 1861 4357 τοῦ

306 4401 668 4470 στρατοπέδου
708 4401 835 4463 τοὺς
866 4398 1202 4470 στρατηγοὺς
1248 4399 1305 4450 έν
1347 4396 1643 4467 ἀγαθότητι
1676 4397 1860 4466 διατή-

1978 3212 2032 3263 in
2080 3212 2180 3265 hac
2236 3222 2378 3268 terra
2430 3216 2996 3282 concessisti,-armis
3057 3212 3320 3287 veritatis,
3373 3227 3541 3282 anuis

1969 3300 2123 3356 boum
2149 3306 2440 3359 voluntatis
2467 3320 2667 3360 corona
2691 3306 2846 3370 illos;
2890 3317 3109 3380 protege
3145 3311 3358 3365 illorum
3380 3327 3541 3384 caput

1968 3407 2021 3460 in
2069 3395 2157 3450 die
2201 3397 2356 3462 belli,
2409 3397 2602 3450 robora
2684 3398 2965 3452 brachium
3029 3400 3296 3470 ipsorum;
3361 3409 3537 3459 exalia

1967 3497 2154 3537 eorum
2172 3486 2474 3552 dexteram;
2511 3487 2771 3541 conﬁrma
2793 3503 2983 3542 eorum
3008 3489 3318 3559 imperium;
3345 3497 3537 3567 subigc

1969 3572 2076 3626 illis
2132 3589 2323 3630 omnes
2377 3577 2638 3630 barbaras
2690 3587 2877 3647 gentes
2929 3592 3051 3647 qua)
3108 3579 3304 3635 bellum
3359 3584 3538 3642 lacere

1967 3665 2174 3719 volunt.
2216 3667 2417 3721 Praesta
2469 3669 2574 3722 illis
2607 3669 2934 3737 profundam
2980 3679 3035 3723 et
3088 3670 3417 3730 immobilem
3443 3695 3536 3747 pa-

1964 3773 2117 3823 cem;
2149 3762 2351 3830 inspira
2377 3763 2427 3816 in
2462 3765 2627 3818 corda
2657 3779 2844 3819 eorum
2873 3779 2993 3834 quae
3026 3776 3153 3820 sunt
3190 3769 3327 3824 bona
3359 3774 3534 3828 eccie-

1967 3853 2057 3904 sine
2114 3864 2219 3907 tuae
2263 3864 2317 3908 et
2378 3857 2476 3908 toti
2512 3857 2728 3923 .p0pulo
2782 3867 2894 3922 tuo,
2978 3869 3036 3912 ut
3067 3860 3171 3914 sub
3241 3864 3535 3931 tranquillo

1967 3958 2157 3997 eorum
2189 3946 2453 4016 regimine
2475 3949 2741 4015 placidam
2796 3964 2847 4005 et
2872 3967 3124 4021 pacatam
3185 3955 3350 4008 vitam
3403 3972 3530 4024 aga-

1969 4050 2090 4089 mns
2114 4036 2165 4089 in
2186 4038 2335 4090 omni
2376 4040 2574 4106 pietate
2595 4049 2647 4093 et
2675 4041 2974 4098 honestate.

2039 4210 2328 4278 Memento,
2352 4213 2600 4281 Domine,
2625 4221 2800 4275 omnis
2828 4221 3110 4290 dignitatis
3136 4235 3189 4278 et
3227 4229 3528 4294 potestatis,

1967 4318 2021 4356 et
2050 4303 2283 4357 l‘ratrnm
2315 4316 2628 4361 nostrorum
2657 4311 2707 4362 in
2746 4312 2968 4379 palatio;
2999 4327 3050 4368 et
3072 4319 3238 4371 totius
3259 4322 3530 4374 exercitus

1965 4396 2131 4448 duces
2159 4396 2210 4448 in
2229 4396 2462 4450 bonitate
2488 4414 2782 4467 conserva;
2805 4407 2974 4458 malos
3007 4406 3176 4462 bonos
3198 4408 3344 4464 ellice
3362 4411 3416 4464 in
3440 4420 3530 4466 tua

308 4508 502 4561 ρησονο
548 4493 674 4552 τοὺς
724 4489 992 4560 πονηροὺς
1021 4489 1257 4556 ἀγαθοὺς
1288 4487 1511 4556 ποίησον
1543 4488 1598 4539 ἐν
1630 4488 1695 4556 τῇ
1727 4503 1851 4556 χρη·
1897 4484 1940 4537 D

656 4508 674 4552 ;
724 4489 992 4560 πονηροὺς
1021 4489 1257 4556 ἀγαθοὺς
1288 4487 1511 4556 ποίησον
1543 4488 1598 4539 ἐν
1630 4488 1695 4556 τῇ
1727 4503 1851 4556 χρη·
1897 4484 1940 4537 D
1971 4486 2319 4554 benignitate.

306 4582 523 4651 στότητί
556 4597 672 4636 σου.

372 4673 687 4743 Μνήσθητι,
735 4670 929 4742 Κύριε,
979 4669 1074 4725 τοῦ
1129 4668 1490 4740 περιεστῶτος
1547 4668 1714 4732 λαοῦ,
1770 4669 1862 4723 καὶ

302 4762 410 4812 τῶν
438 4748 785 4828 δι’λεύλόγους
821 4760 1000 4821 αἰτίας
1026 4757 1478 4827 ἀπολειφθέντων,
1511 4758 1604 4810 καὶ
1640 4757 1859 4827 ἐλέησον

302 4854 497 4915 αὐτοὺς
521 4852 614 4905 καὶ
646 4854 791 4923 ἡμᾶς
815 4851 954 4905 κατὰ
986 4850 1046 4903 τὸ
1071 4851 1273 4917 πλῆθος
1305 4851 1394 4903 τοῦ
1429 4850 1612 4911 ὲσλέους
1637 4868 1730 4902 σου
1747 4867 1767 4908 1
1791 4850 1857 4903 τὰ

301 4946 520 5014 ταμιεῖα
545 4943 723 4998 αὐτῶν
767 4942 1042 5012 ἔμπλησον
1066 4942 1258 5002 παντὸς
1286 4940 1487 5008 ἀγαθοῦ
1509 4959 1521 4971 ·
1561 4942 1659 5004 τὰς
1698 4942 1857 5005 συζυ-

299 5037 425 5104 γίας
455 5036 634 5088 αὐτῶν
679 5037 737 5110 ἐν
786 5036 977 5105 εἰρήνῃ
1018 5032 1113 5085 καὶ
1142 5034 1363 5102 ὁμονοίᾳ
1405 5033 1758 5102 διατήρησον·
1791 5033 1858 5086 τὰ

298 5122 467 5192 νήπια
517 5120 810 5191 ἐκθρεψον·
869 5122 969 5192 τὴν
1016 5121 1240 5189 νεότητα
1298 5121 1740 5190 παιδαγώγησονο
1796 5122 1857 5175 τὸ

295 5213 473 5283 γῆρας
514 5213 915 5283 περικράτησον
936 5228 950 5241 ο
980 5213 1105 5275 τούς
1131 5212 1483 5280 ὀλιγοψύχους
1522 5212 1852 5283 παραμύθη-
1873 5205 1885 5214 ’

295 5319 418 5355 σαιο
459 5305 584 5365 τούς
634 5303 1095 5374 ἐσκορπισμένους
1141 5304 1541 5370 ἐπισυνάγαγε·
1583 5306 1706 5366 τοὺς
1754 5321 1850 5355 πε-

295 5395 668 5464 πλανημένους
706 5396 1038 5462 ἐπανάγιγε,
1079 5395 1174 5446 καὶ
1220 5394 1451 5463 σύναψον
1484 5398 1548 5465 τῇ
1583 5396 1714 5465 ἁγία
1756 5412 1848 5448 σου

292 5485 550 5554 καθολικῇ
567 5487 659 5538 καὶ
680 5485 1006 5555 ἁποστολικῇ
1023 5484 1335 5556 Ἐκκλησία·
1354 5487 1478 5548 τοὺς
1494 5487 1850 5557 ὀχλουμένους

364 5689 440 5754 (5)
481 5686 612 5752 Qua:
645 5697 950 5757 sequuntur
977 5698 1190 5742 exstant
1235 5691 1286 5742 in
1328 5688 1385 5742 S.
1423 5689 1603 5743 Basilii
1639 5691 1854 5758 Iitnrgia

289 5758 534 5828 Syriaca,
571 5775 732 5828 qnam
775 5768 922 5813 tomo
963 5758 1004 5812 ll
1054 5760 1271 5814 exhibet
1305 5760 1602 5814 lienandot.
1642 5762 1836 5816 Omnia

2399 4613 2435 4633 κν

2046 4667 2333 4734 Memento,
2414 4672 2656 4734 Domine,
2734 4676 3144 4734 circumstantis
3202 4683 3409 4752 populi,
3478 4697 3528 4739 et

1963 4772 2148 4810 eorum
2179 4761 2270 4827 qui
2298 4761 2368 4814 ob
2403 4762 2670 4831 legitimas
2689 4779 2867 4820 causa!
2910 4768 3129 4835 absunt,
3165 4779 3220 4823 et
3271 4773 3528 4828 miserere

1964 4863 2151 4902 eorum
2174 4858 2228 4902 et
2264 4853 2432 4905 nostri
2461 4869 2558 4922 pro
2590 4856 2936 4913 multitudine
2965 4861 3357 4932 misericordia:
3382 4874 3485 4919 tuae
3511 4885 3522 4917 :

1960 4941 2178 4994 cellaria
2211 4956 2397 4996 eorum
2432 4948 2580 4999 omni
2604 4949 2745 5002 bono
2773 4950 2942 5018 reple;
2973 4931 3225 5021 Coniugia
3258 4931 3446 5009 eorum
3473 4958 3525 5010 in

1961 5049 2089 5102 pace
2115 5045 2168 5088 et
2197 5038 2486 5114 concordia
2511 5054 2803 5104 conserva;
2832 5041 3088 5109 parvulus
3113 5028 3281 5111 iiutri,
3301 5047 3525 5114 juvenes

1956 5125 2149 5186 educa,
2171 5141 2328 5181 senes
2351 5129 2565 5192 robora,
2597 5133 2780 5214 animo
2798 5132 3039 5200 dejectos
3075 5138 3374 5201 consolare,
3409 5140 3520 5193 dis-

1956 5231 2140 5284 persos
2163 5218 2376 5286 collige,
2399 5219 2715 5274 oberrantes
2740 5223 2928 5289 reduc,
2963 5237 3014 5278 ct
3069 5241 3193 5279 cum
3226 5242 3410 5282 sancta
3435 5241 3520 5284 tua

1955 5307 2220 5361 catholica
2245 5318 2296 5361 et
2319 5312 2613 5378 apostolica
2638 5312 2877 5368 Ecclesia
2925 5318 3215 5388 coniunge;
3243 5333 3464 5377 vexatos
3493 5340 3520 5376 a

1959 5400 2241 5468 spiritibus
2266 5401 2560 5457 immundis
2588 5405 2775 5471 libera;
2807 5422 2930 5461 cum
2972 5413 3350 5482 navigantibus
3373 5419 3495 5469 navi

1959 5507 2044 5562 ga,
2075 5493 2176 5547 iter
2207 5492 2518 5550 facientium
2552 5512 2736 5553 comes
2777 5509 2919 5566 esto,
2951 5504 3128 5559 viduis
3157 5508 3516 5575 patrocinare,

1965 5695 2274 5770 etiamnunc
2307 5700 2370 5751 ad
2404 5701 2703 5767 proximam
2728 5720 2899 5769 ns'lue
2925 5708 3171 5760 lacunam
3201 5723 3511 5770 cernuntur.

1947 5764 2109 5820 habes
2142 5767 2194 5820 in
2222 5764 2428 5838 vulgari
2466 5771 2649 5826 Gra'ca
2681 5773 2718 5826 S
2776 5764 2955 5829 Basilii
2993 5777 3233 5849 litnrgia.
