4212 6432
276 380 410 447 1297

1419 396 1481 456 S.
1521 395 1805 458 BASILII
1845 397 2239 458 LITURGIA.

3362 403 3502 469 1298

273 500 493 569 εἰρήνην
529 499 607 569 τῷ
657 504 842 570 κόσμῳ
885 499 1146 573 δὼρησαι,
1201 505 1351 574 παρὰ
1397 507 1489 558 τὸν
1535 509 1824 562 ὑπόλοιπον
1849 520 1936 576 Λι

1849 520 1901 568 Α
1927 523 2111 576 pacem
2145 509 2347 564 mundo
2367 509 2580 577 donari,
2603 519 2662 566 ut
2697 512 2965 581 reliquum
2993 514 3117 568 vita
3142 525 3338 571 nostra:
3367 527 3501 572 tem-

272 590 458 657 χρόνον
487 589 584 658 τῆς
618 590 761 660 ζωῆς
790 591 945 660 ἡμῶν
976 594 1034 644 ὲν
1059 594 1251 666 είρήνῃ
1270 594 1363 647 καὶ
1390 598 1646 669 μετανοίᾳ
1673 600 1830 652 ἐκτε-

273 679 443 731 λέσαι.

340 771 642 840 Χριστιανά
689 772 756 825 τά
803 773 932 843 τέλη
989 774 1088 844 τῆς
1139 775 1284 843 ζωῆς
1334 777 1518 846 ἡμῶν,
1553 777 1828 847 ἀνώδυνα,

273 860 675 930 ἀνεπαίσχυντα
697 901 711 925 ,
746 864 994 932 είρηνικά
1015 904 1030 926 ,
1071 865 1166 916 καὶ
1202 865 1372 934 καλὴν
1410 868 1706 934 ἀπολογίαν
1739 872 1856 923 ἐπι

273 949 508 1019 φοϐεροῦ
567 951 810 1021 βήματος
865 953 958 1006 τοῦ
1009 955 1243 1023 Χριστοῦ
1295 956 1666 1026 αίτησώμεθα.
1721 961 1831 1029 Τῆς

274 1039 563 1105 παναγίας,
613 1039 911 1107 ἀχράντου,
946 1041 1486 1112 ὑπερευλογουμένης
1531 1046 1832 1112 Δεσποίνης

273 1126 427 1194 ἡμῶν
455 1127 716 1181 Θεοτόκου
750 1131 843 1182 καὶ
884 1130 1268 1200 Ἀειπαρθένου
1299 1134 1535 1202 Μαρίας,
1567 1135 1662 1187 καὶ
1693 1136 1834 1190 πάν-

273 1231 382 1266 των
411 1215 518 1268 τῶν
550 1216 722 1284 ἁγίων
756 1220 1256 1289 μνημονεύσαντες,
1291 1224 1516 1287 ἑαυτοὺς
1539 1226 1635 1279 καὶ
1673 1227 1836 1297 ἀλλή-

274 1302 400 1364 λους
434 1305 530 1356 καὶ
569 1305 778 1368 πάντας
807 1306 895 1360 διά
923 1308 1031 1360 τῶν
1059 1310 1354 1379 οἰκτιρμῶν
1385 1312 1480 1365 τοῦ
1510 1317 1835 1383 μονογενοῦς

277 1409 371 1445 σου
398 1394 548 1459 Υἰοῦ,
579 1395 697 1465 μεθ’
719 1390 781 1450 οῦ
803 1399 1094 1465 εὐλογητὸς
1123 1395 1192 1462 εἴ,
1224 1403 1321 1453 σὺν
1353 1401 1431 1470 τῷ
1462 1405 1712 1475 παναγίῳ
1741 1407 1834 1458 καὶ

273 1483 467 1553 ἀγαθῷ
504 1487 597 1537 καὶ
626 1486 872 1556 ζωοποιῷ
903 1505 996 1541 σου
1027 1488 1322 1558 Πνεύματι,
1357 1492 1453 1546 νῦν
1486 1495 1580 1548 καὶ
1608 1497 1714 1560 ἀεὶ,
1741 1498 1836 1550 καὶ

271 1577 353 1635 είς
372 1576 498 1638 τοὺς
525 1578 726 1641 αίῶνας
745 1579 853 1633 τῶν
874 1580 1104 1636 αἰώνων.

345 1665 547 1736 Είρήνη
602 1670 785 1723 πᾶσιν.
837 1672 1236 1744 Ἀγαπήσωμεν
1281 1676 1582 1747 ἀλλήλους,
1639 1678 1726 1732 ἵνα
1779 1679 1835 1733 ὲν

272 1755 497 1826 ὁμονοίᾳ
525 1760 972 1830 ὁμολογήσωμεν.

346 1848 459 1910 Τάς
490 1848 680 1918 θύρας,
713 1852 813 1915 τὰς
839 1853 1028 1924 θύραςο
1062 1857 1120 1908 ἐν
1151 1857 1313 1928 σοφίᾳ
1343 1858 1689 1930 πρόσχωμεν.

342 1937 420 2007 (6)
449 1939 670 2009 Στῶμεν
704 1942 901 2005 καλῶς·
933 1945 1147 2014 στῶμεν
1179 1947 1314 2016 μετὰ
1340 1948 1536 2015 φόϐου·
1580 1950 1834 2019 πρόσχω-

274 2045 374 2098 μεν
408 2029 507 2101 τὴν
531 2030 692 2101 ἁγίαν
720 2031 998 2106 ἀναφορὰν
1027 2040 1086 2090 ὲν
1115 2039 1307 2112 είρήνῃ
1334 2042 1691 2111 προσφέρειν.

866 2161 1253 2230 Ἐκφώνησις.

353 2263 417 2319 Ἦ
439 2265 593 2335 χάρις
624 2265 716 2320 τοῦ
743 2268 948 2338 Κυρίου
975 2269 1134 2340 ήμῶν
1171 2271 1345 2342 Ἰησοῦ
1371 2274 1632 2343 Χριστοῦ,
1678 2280 1770 2332 καὶ
1801 2282 1834 2350 ἡ

271 2355 463 2426 ἀγάπη
494 2356 587 2410 τοῦ
623 2358 770 2412 ’Θεοῦ
812 2360 907 2413 καὶ
940 2361 1173 2432 Πατρὸς,
1218 2363 1312 2415 καὶ
1368 2363 1401 2432 ἠ
1448 2368 1699 2421 κοινωνία
1737 2368 1834 2423 τοῦ

273 2451 431 2519 ἁγίου
467 2449 782 2522 Πνεῦματος
815 2453 902 2523 εἴη
931 2455 1069 2524 μετά
1106 2455 1321 2509 πάντων
1350 2455 1502 2526 ὑμῶν

356 2540 705 2612 ’Λνάσχωμεν
731 2543 828 2606 τὰς
858 2543 1103 2612 καρδίας.

381 2633 872 2704 Εὐχαριστήσωμεν
902 2633 981 2705 τῷ
1011 2635 1219 2706 Κυρίῳ.

735 2759 798 2812 '0
830 2761 1019 2828 ἱερεὺς
1045 2761 1380 2830 ἐπεύχεται.

348 2885 426 2952 (7,)
474 2886 530 2939 ’0
555 2884 651 2948 ὢν,
688 2887 930 2940 Δέσποτα
965 2889 1058 2940 καὶ
1087 2888 1246 2950 Θεὸς.
1281 2891 1492 2960 Πατὴρ,
1529 2894 1838 2966 παντοκράο

277 2993 395 3046 τορ,
434 2976 794 3045 προσκυνητέο
829 2977 978 3042 ἀξιον
1003 2978 1078 3042 ὡς
1103 2979 1335 3049 ἀληθῶς,
1370 2983 1461 3034 καὶ
1488 2983 1712 3046 δίκαιον,
1745 2987 1838 3038 καὶ

277 3067 488 3139 πρέπον
509 3070 572 3138 τῇ
602 3067 1044 3138 μεγαλοπρεπείᾳ
1072 3070 1172 3138 τῆς
1203 3072 1511 3142 ἁγιωσύνης
1530 3090 1646 3139 σου,
1665 3075 1724 3127 σὲ
1750 3078 1835 3129 αί-

1933 613 2035 666 pus
2067 599 2118 653 in
2149 614 2281 668 pace
2302 607 2356 653 et
2384 601 2700 668 paenitentia
2728 603 3002 657 ﬁniamus.

2001 780 2373 836 Christianum
2422 780 2582 835 ﬁnem
2610 781 2732 835 vita:
2762 795 2980 846 nostrae,
3010 783 3216 837 doloris
3243 794 3295 838 et
3326 786 3500 853 turpi-

1932 872 2132 926 tudinis
2165 881 2459 941 expertem,
2493 882 2769 940 pacatum,
2801 881 2855 927 et
2883 873 3080 928 bonam
3125 875 3498 929 defensionem

1932 973 2056 1018 ante
2090 964 2323 1016 tribunal
2349 964 2685 1017 tremendum
2715 965 2914 1018 Christi
2948 981 3252 1032 poscamus.

2005 1054 2395 1117 Sanctissimae,
2452 1053 2832 1118 immaculatre,
2892 1056 3186 1109 benedicta:
3256 1057 3503 1110 Dominae

1933 1154 2131 1199 nostrae
2146 1143 2448 1212 ῡείρπεεει
2463 1159 2674 1210 semper
2705 1143 2936 1212 Virginis
2964 1145 3163 1205 Mariae,
3186 1155 3239 1198 et
3258 1149 3499 1200 omnium

1933 1244 2244 1290 sanctorum
2281 1235 2595 1289 memoriam
2627 1244 2990 1305 agentes,nos
3014 1237 3163 1305 ipsos
3191 1245 3247 1289 et
3270 1235 3499 1289 invicem

1931 1336 1985 1382 et
2012 1342 2201 1381 omnes
2221 1326 2716 1398 (commendamus)
2749 1342 2843 1397 per
2874 1327 3309 1381 misericordiam
3365 1325 3500 1379 Uni-

1932 1418 2097 1488 geniti
2157 1417 2278 1472 Filii
2308 1419 2408 1482 tui,
2443 1434 2677 1488 quocum
2721 1419 3037 1472 benedictus
3081 1432 3160 1478 es,
3192 1433 3316 1471 cum
3376 1433 3504 1471 san-

1933 1508 2201 1572 ctissimo,
2227 1509 2510 1577 optimoet
2535 1508 2748 1563 viviﬁco
2773 1507 3001 1578 Spiritu,
3034 1523 3178 1562 nunc
3192 1517 3246 1562 et
3266 1522 3501 1577 semper,

1934 1607 1990 1653 et
2027 1598 2080 1650 in
2113 1599 2308 1651 saecula
2343 1598 2689 1652 saeulorum.

2005 1685 2117 1739 Pax
2147 1686 2422 1740 omnibus.
2449 1686 2747 1757 Diligamus
2780 1700 2880 1741 nos
2908 1685 3161 1750 invicem,
3185 1694 3244 1739 ut
3275 1685 3328 1738 in
3363 1685 3502 1738 una-

1939 1777 2182 1831 nimitate
2219 1777 2602 1832 conﬁteamur.

2007 1867 2193 1929 Fores.
2223 1867 2387 1923 fores.
2420 1867 2639 1922 Attente
2667 1869 2974 1924 audiamus.

2009 1959 2225 2014 Stemus
2272 1960 2546 2025 decenter,
2594 1967 2801 2015 stemus
2835 1968 3147 2015 reverenter
3192 1978 3206 2014 :
3244 1958 3497 2016 attenda-

1914 2056 2056 2106 ‘imus
2078 2062 2321 2106 sanctam
2345 2051 2678 2121 auapboram
2714 2052 2767 2106 in
2800 2066 2932 2122 pace
2953 2050 3220 2122 proferre.

2567 2173 2698 2228 Alta
2728 2191 2870 2229 voce.

2004 2283 2190 2338 Gratia
2228 2283 2440 2339 Domini
2476 2285 2645 2339 nostri
2699 2284 2825 2339 Jesu
2858 2283 3088 2346 Christi,
3123 2284 3364 2338 Charitas
3401 2282 3492 2336 Dei

1935 2386 1985 2428 et
2017 2376 2217 2440 Patris,
2248 2384 2302 2430 et
2329 2377 2754 2433 communicatio
2781 2377 2950 2432 sancti
2983 2376 3220 2446 Spiritus
3263 2376 3334 2430 sit
3370 2390 3497 2430 cum

1936 2467 2191 2522 omnibus
2213 2469 2388 2526 vobis.

2009 2557 2235 2613 Sursum
2272 2560 2456 2614 corda.

2005 2648 2220 2707 Gratias
2255 2665 2482 2722 agamus
2503 2651 2756 2706 Domino.

2497 2774 2757 2830 Sacerdos
2797 2785 2918 2830 ora:

2009 2900 2089 2956 Tu
2120 2902 2212 2973 qui
2243 2917 2324 2968 es,
2366 2901 2597 2958 Domine
2631 2912 2687 2958 et
2729 2902 2890 2966 Deus,
2918 2902 3098 2967 Pater,
3130 2902 3495 2970 omnipotens,

1940 2993 2247 3059 adorande;
2276 2994 2500 3064 dignum
2551 3009 2697 3062 vere,
2727 3005 2780 3048 et
2808 2994 3013 3063 justum
3068 3004 3122 3050 et
3171 3000 3500 3053 conveniens

1939 3087 2210 3157 maiestati
2239 3087 2544 3142 sanctitatis
2570 3094 2698 3150 tua}.
2728 3095 2781 3142 te
2819 3087 3066 3154 laudare,
3097 3097 3150 3143 te
3198 3090 3502 3158 celebrare,

276 3160 420 3224 νεῖν,
458 3158 516 3213 σὲ
543 3160 752 3228 ὑμνεῖν,
784 3161 842 3212 σὲ
870 3161 1131 3228 εὐλογεῖν,
1164 3163 1223 3214 σὲ
1254 3167 1598 3232 προσκυνεῖν,
1631 3167 1689 3218 σὲ
1730 3168 1834 3219 eia-
1859 3163 1906 3224 ο
1937 3197 1939 3204 ε

1859 3163 1906 3224 c
1937 3191 1990 3236 te
2048 3180 2389 3244 benedicere,
2427 3186 2479 3235 te
2530 3179 2780 3242 adorare,
2819 3179 2914 3233 tibi
2980 3180 3182 3249 gratias
3242 3197 3423 3251 agere,
3452 3194 3505 3238 te

273 3249 552 3317 χαριστείν
573 3287 589 3311 ,
622 3248 682 3300 σὲ
727 3247 968 3312 δοξάζειν
999 3250 1088 3302 τὸν
1125 3251 1282 3319 μόνον
1322 3250 1492 3315 ὸντως
1523 3253 1653 3308 ὄντα
1682 3255 1834 3321 Θεὸν,

276 3337 373 3389 καὶ
427 3338 509 3390 σοὶ
554 3339 882 3409 προσφέρειν
935 3341 992 3390 ὲν
1030 3340 1224 3411 καρδίᾳ
1272 3343 1706 3414 συντετριμμένῃ
1744 3346 1837 3398 καὶ

277 3425 548 3495 πνεύματι
580 3427 960 3489 ταπεινώσεως
984 3427 1082 3496 τὴν
1105 3428 1330 3500 λογικὴν
1355 3431 1557 3499 ταύτην
1584 3431 1837 3501 λατρείαν

274 3515 453 3583 ἡμῶν*
484 3516 565 3569 ὅτι
605 3517 670 3570 σὺ
702 3511 753 3569 εί
777 3518 804 3569 ὁ
839 3518 1206 3586 χαρισάμενος
1251 3521 1380 3587 ἡμῖν
1412 3520 1510 3585 τὴν
1546 3521 1838 3589 ἐπίγνωσιν

275 3606 371 3674 τῆς
400 3605 498 3675 σῆς
523 3604 797 3676 ἀληθείας.
836 3607 945 3658 Καὶ
967 3608 1049 3668 τίς
1085 3607 1267 3671 ἱκανὸς
1291 3608 1522 3680 λαλῆσαι
1554 3612 1651 3675 τάς
1677 3612 1836 3665 δυνα-

279 3695 461 3758 στείας
499 3712 626 3761 σου;
657 3697 924 3760 ἀκουστάς
962 3699 1183 3766 ποιῆσαι
1232 3701 1410 3764 πάσας
1453 3703 1551 3764 τάς
1604 3705 1837 3768 αἱνέσεις

281 3786 375 3840 σοῦ
396 3805 410 3852 ;
434 3788 467 3856 ἢ
489 3788 856 3858 διηγήσασθαι
879 3790 1055 3843 πάντα
1081 3791 1149 3843 τὰ
1173 3790 1450 3861 θαυμάσιά
1477 3810 1568 3846 σου
1595 3794 1652 3846 ὲν
1674 3795 1838 3848 παντὶ

279 3879 490 3949 nth;
523 3879 767 3933 Δέσποτα
805 3882 913 3934 τῶν
951 3883 1206 3936 ἁπάντων
1231 3923 1246 3948 ,
1282 3884 1453 3954 Κύριε
1482 3886 1712 3956 οὐρανοῦ
1743 3886 1837 3940 καὶ

278 3969 402 4038 γῆςο
430 3970 524 4023 καὶ
548 3970 727 4039 πάσης
753 3972 978 4035 κτίσεως
998 3974 1281 4044 ὁρωμένης
1307 3993 1365 4028 τε
1390 3976 1482 4029 καὶ
1507 3977 1604 4045 οὐχ
1625 3976 1838 4047 ὁρωμέ-

280 4079 396 4130 νης,
431 4064 460 4115 ὁ
485 4062 788 4132 καθήμενος
819 4064 912 4117 ἐπὶ
945 4064 1136 4135 θρόνου
1179 4066 1364 4136 δόξης,
1407 4068 1501 4120 καὶ
1531 4069 1837 4122 ἐπιϐλέπων

280 4156 580 4220 ἀϐύσσους·
632 4157 856 4227 ἀναρχε,
918 4157 1137 4226 ἀόρατε,
1198 4160 1579 4230 ἀκατάληπτε,
1643 4163 1837 4232 ἀπερί-

283 4263 544 4315 στραπτε,
568 4246 909 4312 ἀναλλοίωτε,
935 4249 963 4300 ὁ
987 4247 1175 4316 Πατὴρ
1198 4247 1290 4300 τοῦ
1317 4251 1522 4318 Κυρίου
1546 4253 1699 4322 ἡμῶν
1732 4253 1837 4323 ’1η-

282 4338 376 4392 σοῦ
421 4337 692 4406 Χριστοῦ,
723 4337 815 4391 τοῦ
862 4339 1096 4408 μεγάλου
1137 4339 1270 4392 Θεοῦ
1317 4344 1410 4394 καὶ
1445 4343 1697 4415 Σωτῆρος
1741 4345 1838 4415 τῆς

279 4429 494 4491 ἐλπίδος
525 4429 683 4499 ήμῶν
706 4469 720 4494 ,
758 4432 817 4491 ὃς
843 4431 988 4482 ἐστιν
1034 4430 1197 4483 εἰκὼν
1220 4431 1318 4500 τῆς
1353 4433 1451 4502 σῆς
1481 4435 1835 4507 ἀγαθότητος,

279 4519 513 4587 σφραγὶς
546 4519 800 4582 ίσότυπος
826 4521 884 4573 ἐν
915 4521 1113 4590 ἐαυτῷ,
1144 4522 1355 4586 δεικνύς
1381 4500 1440 4576 σε
1465 4500 1557 4578 τὸν
1580 4500 1797 4597 Πατέρα
1822 4545 1836 4559 σ
1867 4500 1915 4558 θ

276 4609 449 4676 Λόγος
488 4607 615 4670 ζῶν,
669 4607 800 4672 Θεὸς
839 4609 1110 4679 ἀληθινὸς,
1150 4613 1182 4681 η
1237 4612 1340 4682 πρὸ
1388 4613 1606 4667 αίώνων
1656 4616 1841 4685 σοφία,

277 4700 414 4766 ζωὴ,
446 4700 717 4769 ἁγιασμὸς
737 4739 752 4763 ,
781 4701 1033 4771 δύναμις,
1060 4702 1120 4755 τὸ
1147 4703 1262 4770 φῶς
1290 4703 1349 4757 τὸ
1382 4704 1633 4774 ἀληθινὸν
1659 4748 1672 4770 ,
1710 4708 1841 4779 παρ’

277 4787 338 4845 οὗ
382 4792 444 4844 τὸ
474 4791 697 4862 Πνεῦμα
735 4792 795 4844 τὸ
828 4793 983 4860 ἅγιον
1029 4793 1261 4866 ἐξεφάνη
1285 4839 1299 4863 ,
1335 4796 1397 4849 τὸ
1439 4799 1536 4867 τῆς
1585 4799 1842 4869 ἀληθείας

281 4884 523 4953 πνεῦμα,
552 4885 614 4937 τὸ
646 4885 742 4953 τῆς
787 4886 1056 4950 υἱοθεσίας
1091 4887 1355 4958 χάρισμα,
1391 4891 1418 4941 ὁ
1445 4889 1702 4959 ἀρραϐὼν
1746 4894 1843 4961 τῆς

281 4977 578 5047 μελλούσης
607 4979 988 5048 κληρονομίας,
1011 4981 1042 5048 ἡ
1070 4980 1293 5051 ἀπαρχὴ
1319 4982 1429 5035 τῶν
1451 4983 1682 5036 αίωνίων
1703 4983 1842 5048 ἀγα-

283 5069 414 5134 θῶν,
435 5071 466 5136 ὴ
492 5069 752 5133 ζωοποιὸς
775 5069 1024 5140 δύναμις,
1049 5073 1082 5140 ὴ
1103 5073 1252 5141 πηγὴ
1274 5073 1367 5125 τοῦ
1390 5074 1684 5143 ἀγιασμοῦ,
1711 5074 1842 5143 παρ’

282 5157 344 5212 οῦ
372 5163 519 5214 πᾶσα
543 5163 719 5226 κτίσις
746 5164 936 5236 λογική
967 5183 1024 5218 τε
1050 5167 1146 5218 καὶ
1172 5167 1332 5237 νοερά
1354 5169 1734 5238 δυναμουμένη
1760 5185 1842 5222 σοι

280 5253 528 5323 λατρεύει
549 5295 564 5318 ,
592 5256 686 5307 καὶ
721 5257 802 5308 σοὶ
833 5256 930 5326 τὴν
963 5259 1130 5312 ἀΐδιον
1159 5259 1471 5330 ἀναπέμπει
1502 5262 1838 5328 δοξολογίαν,

280 5344 360 5394 ὅτι
382 5344 449 5396 τά
471 5344 760 5414 σύμπαντα
778 5345 938 5399 δοῦλα
963 5348 1051 5402 σάο
1077 5348 1136 5400 σὲ
1163 5349 1270 5419 γὰρ
1299 5351 1538 5404 αἰνοῦσιν
1566 5351 1840 5418 Ἄγγελοι,

292 5435 894 5508 Ἀρχάγγελοι,Θρόνοι,
915 5439 1266 5509 κυριότητες,
1307 5441 1515 5510 ’Δρχαὶ,
1546 5441 1838 5504 Ἐξουσίαι,

280 5528 571 5596 Δυνάμεις,
601 5529 694 5583 καὶ
723 5529 789 5582 τὰ
828 5529 1190 5599 πολυσώματα
1225 5533 1504 5603 Χερουϐὶμ
1528 5549 1541 5563 ·
1580 5533 1662 5586 σοὶ
1692 5549 1836 5603 παρ-

356 5707 432 5776 (6)
472 5706 603 5782 Ωυω
657 5721 960 5777 sequuntur
1004 5713 1182 5766 omnia
1235 5729 1406 5782 usque
1470 5713 1537 5768 ad
1590 5714 1838 5767 lacunam

284 5779 345 5844 ἓξ
388 5779 651 5850 πτέρυγες
688 5789 902 5836 exstant
935 5782 990 5836 in
1040 5783 1253 5851 liturgia
1295 5779 1514 5854 Syriaca
1559 5783 1616 5839 S.
1649 5783 1835 5841 Basilii

1937 3269 2243 3339 gloriﬁcare
2293 3268 2472 3324 solum
2531 3281 2658 3323 vere
2713 3267 2905 3331 Deum,
2932 3278 2988 3322 et
3047 3267 3146 3323 tibi
3202 3269 3396 3325 oll‘erre
3447 3272 3501 3324 in

1936 3360 2100 3416 corde
2135 3362 2370 3416 contrito
2408 3369 2464 3414 et
2498 3359 2691 3429 spiritu
2741 3359 3066 3414 humilitatis
3119 3360 3501 3416 rationabilem

1936 3452 2082 3508 hunc
2118 3452 2325 3506 cultum
2355 3460 2604 3506 nostrum
2636 3469 2650 3505 :
2682 3458 2738 3505 tu
2771 3451 2919 3506 enim
2968 3451 3165 3513 dedisti
3207 3452 3363 3508 nobis
3411 3469 3506 3509 co-

1936 3542 2232 3613 gnitionem
2260 3550 2364 3597 tua:
2404 3542 2672 3597 veritatis.
2714 3541 2780 3596 Et
2807 3543 2930 3612 quis
2959 3551 3120 3612 aptus
3164 3545 3268 3598 erit
3321 3546 3504 3614 eloqui

1936 3635 2203 3705 potentias
2261 3634 2420 3690 tuas?
2472 3643 2567 3690 aut
2619 3635 2895 3691 celebrare
2955 3637 3144 3693 laudes
3192 3636 3352 3691 tuas?
3411 3647 3508 3691 aut

1936 3741 2192 3781 enarrare
2224 3727 2404 3780 omnia
2434 3734 2527 3780 tua
2558 3722 2620 3780 in
2651 3726 2799 3780 omni
2856 3736 3102 3798 tempore
3148 3728 3508 3782 admiranda?

1938 3817 2163 3872 Domine
2202 3818 2603 3883 universorum,
2646 3818 2793 3884 caeli,
2829 3828 3008 3883 terrae,
3036 3828 3091 3874 et
3120 3819 3300 3873 omnis
3340 3834 3507 3873 crea-

1936 3915 2072 3962 tura:
2122 3907 2349 3963 visibilis
2402 3917 2457 3964 et
2508 3908 2817 3973 invisibilis,
2843 3908 2936 3979 qui
2992 3907 3149 3964 sedes
3185 3908 3240 3962 in
3303 3909 3505 3962 throno

1937 3999 2142 4069 gloria',
2177 4008 2231 4054 et
2292 3999 2522 4054 intueris
2573 3999 2797 4070 abyssos
2841 4017 2856 4053 :
2896 4009 3117 4065 aeterne,
3189 3999 3505 4061 invisibilis,

1938 4091 2519 4160 incomprehensibilis,
2539 4091 2919 4156 immutabilis,
2957 4091 3321 4156 invariabilis,
3347 4090 3508 4144 Pater

1939 4181 2148 4236 Domini
2185 4184 2351 4238 nostri
2379 4183 2506 4238 .Iesu
2567 4182 2792 4247 Christi,
2827 4183 3005 4253 magni
3051 4184 3145 4238 Dei
3177 4193 3230 4239 et
3259 4183 3508 4238 Salvato-

1939 4273 2016 4327 ris
2047 4274 2158 4343 spei
2196 4285 2413 4338 nostrae,
2439 4275 2530 4344 qui
2571 4284 2657 4330 est
2693 4275 2872 4345 imago
2905 4275 3163 4329 bonitatis
3196 4283 3323 4338 tuae,
3355 4275 3505 4343 sigil-

1940 4366 2049 4419 lum
2095 4367 2338 4420 eamdem
2403 4377 2604 4431 tecum,
2660 4367 2841 4429 Pater,
2897 4366 3130 4421 formam
3192 4369 3505 4422 exhibens:

1941 4454 2176 4510 Verbum
2241 4459 2440 4520 vivum,
2479 4457 2621 4511 Deus
2677 4473 2862 4523 verus,
2918 4459 3197 4528 sapientia:
3234 4475 3354 4528 qua:
3403 4459 3506 4513 fuit

1941 4556 2066 4600 ante
2097 4547 2316 4610 smcula,
2343 4548 2475 4611 vita,
2519 4548 2802 4611 sanctitas,
2838 4549 3030 4612 virtus,
3075 4549 3256 4603 lumen
3288 4565 3501 4612 verum,

1942 4637 2086 4705 quod
2115 4637 2370 4692 revelavit
2418 4638 2572 4692 nobis
2619 4637 2878 4706 Spiritum
2932 4647 3207 4700 sanctum,
3245 4636 3502 4706 Spiritum

1943 4728 2095 4781 illum
2141 4728 2406 4789 veritatis,
2451 4730 2651 4782 donum
2692 4727 3024 4796 adoptionis,
3075 4727 3269 4796 pignus
3307 4725 3504 4780 futura:

1944 4818 2295 4880 haereditatis,
2333 4818 2604 4885 primitias
2641 4830 2973 4871 aeternorum
3009 4816 3301 4881 bonorum,
3335 4816 3504 4869 virtu-

1943 4917 2048 4962 tem
2100 4908 2220 4960 vitae
2270 4907 2615 4973 eﬁectricem,
2659 4908 2963 4962 sanctitatis
3011 4905 3236 4970 fontem,
3280 4920 3347 4960 ex
3398 4921 3506 4972 quo

1943 4997 2121 5051 omnis
2151 5006 2402 5051 creatura
2446 4997 2657 5052 ratione
2691 5006 2745 5052 et
2797 4998 3070 5051 intellectu
3123 4997 3352 5066 praedita
3401 4997 3500 5049 tibi

1942 5089 2126 5151 servit,
2155 5098 2521 5156 :eternamque
2558 5087 2652 5140 tibi
2682 5087 2867 5155 gloria:
2921 5087 3362 5156 praedicationem
3419 5087 3503 5139 of-

1942 5178 2078 5243 fert;
2133 5178 2229 5233 tibi
2287 5176 2430 5231 enim
2494 5177 2802 5231 inserviunt
2855 5178 3088 5231 omnia:
3127 5185 3178 5229 te
3227 5176 3502 5230 celebrant

1942 5267 2154 5335 Angeli,
2200 5266 2543 5335 Archangeli,
2579 5264 2808 5329 Throni,
2851 5265 3287 5332 Dominationes,
3345 5265 3503 5319 Prin-

1941 5358 2172 5426 cipatus,
2223 5357 2556 5420 Potestates,
2618 5356 2892 5419 Virtutes,
2941 5357 3250 5425 multasque
3301 5355 3503 5425 ﬁguras

1945 5448 2237 5502 referentes
2275 5447 2601 5514 Cherubim;
2643 5447 2849 5502 circum
2907 5455 2961 5502 te
3011 5457 3157 5502 stant
3191 5447 3500 5516 Seraphim,

1943 5556 2034 5595 sex
2069 5542 2281 5595 alae.....
2347 5539 2456 5595 Fac
2512 5549 2570 5594 ut
2623 5540 2752 5594 dum
2823 5555 2923 5594 nos
2967 5540 3299 5610 ingredimur
3339 5539 3502 5594 simul

1943 5721 2082 5791 apud
2113 5718 2413 5791 Beneudot.

2014 5791 2087 5859 (7)
2122 5789 2340 5860 Legitur
2393 5790 2445 5844 in
2471 5789 2686 5858 vulgata
2729 5787 2910 5843 Grzeca
2948 5789 3161 5857 lilurgia
3207 5786 3265 5842 S.
3297 5785 3497 5842 Basilii.
