4212 6432
725 399 862 463 Ῑ¹299

1459 396 1845 456 OPUSCULA
1882 393 2298 454 LITURGICA
2337 392 2688 455 INCERTIE
2727 393 3038 454 )ETATIS.

3824 382 3970 447 1300

718 507 992 564 introeant
1052 508 1251 578 angeli,
1287 507 1378 574 qui
1411 506 1694 558 nobiscum
1731 503 2062 565 ministrent,
2098 511 2279 554 tttam-
2314 503 2356 558 Α
2389 500 2630 554 ίστανται
2652 499 2834 567 κύκλῳ
2860 499 2926 552 τὰ
2947 500 3038 568 te;

2389 500 2630 554 ίστανται
2652 499 2834 567 κύκλῳ
2860 499 2926 552 τὰ
2947 498 3218 568 Σεραφὶμ,
3243 496 3302 561 ἒξ
3325 496 3708 567 πτέρυγες.....
3735 497 3972 561 ποίησον

716 617 824 670 que
875 601 1166 655 bonitatem
1210 596 1536 652 collaudent.
1579 595 1789 648 Etenim
1847 592 2018 662 gloria
2077 592 2281 653 omnis,

717 694 914 757 honor,
952 690 1197 746 adoratio
1256 689 1352 742 tibi
1404 687 1681 747 convenit,
1713 686 1880 750 Patri,
1922 694 1975 739 et
2022 682 2181 748 Filio,
2229 689 2285 737 et

715 793 904 840 sancto
932 780 1176 851 Spiritui,
1213 794 1360 835 nunc
1385 789 1440 834 et
1469 778 1520 832 in
1559 777 1756 832 saecula
1788 775 2136 830 saeculorum.

1255 1086 1440 1140 Oratio
1492 1085 1740 1155 Trisagit'.

781 1194 926 1251 Deus
953 1203 1164 1260 sancte,
1194 1194 1247 1248 in
1288 1193 1494 1249 sanctis
1527 1193 1797 1255 habitans,
1833 1205 1997 1261 quem
2035 1199 2118 1244 ter
2149 1205 2278 1246 sau-

712 1295 797 1340 cta
843 1300 977 1340 voce
1025 1284 1310 1354 Seraphim
1342 1282 1679 1349 collaudant,
1711 1297 1874 1353 quem
1906 1281 2171 1351 quidquid
2222 1280 2276 1334 iu

711 1378 852 1431 cmlo
874 1385 958 1431 est
987 1375 1206 1430 virtutis
1245 1376 1470 1440 adorat;
1505 1375 1599 1442 qui
1637 1389 1703 1427 ex
1753 1372 1929 1427 nihilo
1970 1371 2280 1442 produxisti

711 1483 893 1522 rerum
942 1483 1134 1522 omnes
1168 1469 1474 1532 essentias;
1507 1467 1598 1536 qui
1649 1465 1926 1519 hominem
1975 1464 2176 1523 creasti
2211 1463 2278 1517 ad

711 1558 790 1611 tui
821 1559 1113 1628 imaginem
1143 1574 1206 1612 ac
1242 1554 1674 1618 similitudinem,
1707 1561 1761 1608 et
1810 1553 2071 1608 omnibus
2117 1551 2279 1606 donis

710 1650 942 1715 ornasti,
967 1659 1023 1705 et
1047 1651 1146 1705 das
1195 1648 1398 1719 petenti
1436 1648 1760 1718 sapientiam
1817 1655 1872 1702 et
1917 1646 2275 1705 intellectum.

710 1742 803 1812 qui
829 1755 1168 1812 peccatorum
1217 1754 1325 1794 non
1355 1738 1610 1807 despicis,
1643 1737 1737 1792 sed
1787 1738 1853 1791 ad
1898 1737 2132 1792 salutem
2172 1747 2278 1804 poe-

2385 595 2482 648 σὺν
2501 597 2567 664 τῇ
2595 594 2785 662 εἰσόδῳ
2807 595 2839 664 ἠ
2847 593 2962 663 μῶν
2991 591 3196 644 εἴσοδον
3216 592 3389 658 ἁγιων
3405 589 3654 658 ἀγγέλων
3675 588 3966 657 γενέσθαι,

2378 684 2948 754 ρυλλειτουργούντων
2988 684 3121 752 ἡμῖν
3167 682 3261 734 καὶ
3294 678 3824 746 συνδοξολογούντων
3866 679 3971 747 τὴν

2385 780 2484 848 σὴν
2513 777 2852 845 άγαθότητα’
2877 777 2962 830 ὅτι
2989 774 3188 846 πρέπει
3223 789 3305 826 σοι
3333 774 3483 825 πᾶσα
3510 772 3661 837 δόξα,
3693 770 3833 840 τιμὴ
3869 771 3969 823 καὶ

2384 868 2860 940 προσκύνησις,τῷ
2871 868 2982 919 Πατ
2991 869 3064 938 pl,
3082 867 3176 920 καὶ
3192 862 3269 935 τῷ
3283 863 3416 932 Υίῷ,
3434 864 3528 916 καὶ
3542 862 3620 932 τῷ
3633 863 3776 932 ἁγίῳ
3789 860 3970 915 “vsti-

2387 978 2534 1025 ⁶ιατι,
2570 962 2664 1015 νῦν
2690 960 2788 1014 καὶ
2816 959 2901 1013 ἀεὶ
2928 958 3069 1031 [καὶ]
3097 960 3176 1022 εἰς
3201 954 3326 1019 τοὺς
3349 956 3554 1018 αἰῶνας
3581 950 3691 1006 τῶν
3721 952 3964 1006 αἰώνων.

2831 1067 2998 1136 Εὑχὴ
3017 1067 3126 1120 τοῦ
3154 1064 3493 1133 Τρισατιου.

2462 1179 2521 1232 '0
2547 1176 2716 1241 Θεὸς,
2752 1179 2780 1231 6
2829 1176 2983 1246 ἅγιος
3004 1217 3019 1241 ,
3073 1176 3102 1228 6
3131 1176 3191 1228 ὲν
3224 1174 3402 1242 ἁγίοις
3448 1170 3898 1241 ἀναπαυόμενος,
3937 1169 3968 1221 ι

2379 1267 2648 1342 τρισαγίῳ
2675 1268 2830 1340 φωνῇ
2855 1269 2958 1322 ὑπὸ
2981 1267 3088 1321 τῶν
3115 1267 3372 1336 Σεραφὶμ
3402 1264 3838 1333 ἁνυμνούμενος,
3867 1262 3965 1314 καὶ

2378 1361 2486 1417 ὑπὸ
2515 1361 2695 1430 πάσης
2726 1358 3055 1429 ἐπουρανίου
3086 1357 3369 1425 δυνάμεως
3403 1353 3905 1424 προσκυνούμενος·
3936 1353 3967 1404 ὁ

2379 1454 2446 1508 ὲκ
2471 1448 2565 1505 τοῦ
2603 1450 2678 1521 μὴ
2709 1447 2862 1512 ὄντος
2905 1447 2988 1511 εἰς
3028 1447 3087 1500 τὸ
3127 1443 3271 1499 εἶναι
3310 1439 3650 1514 παραγαγὼν
3698 1439 3769 1492 τὰ
3821 1439 3964 1506 σύμο

2379 1553 2578 1596 «avra:
2607 1539 2636 1595 6
2665 1539 2859 1601 κτίσας
2890 1536 2983 1590 τὸν
3007 1535 3295 1607 ἄνθρωπον
3329 1535 3450 1587 κατ’
3496 1533 3683 1585 εἰκόνα
3717 1531 3820 1598 σὴν
3868 1533 3964 1581 καὶ

2378 1633 2659 1704 ὁμοίωσιν,
2687 1630 2783 1685 καὶ
2817 1629 2981 1683 παντί
3013 1644 3108 1680 σου
3156 1626 3461 1697 χαρίσματι
3491 1623 3962 1692 κατακοσμήσας.

2379 1724 2474 1777 καὶ
2501 1721 2676 1786 διδοὺς
2711 1719 2948 1774 αἰτοῦντι
2977 1717 3168 1785 σοφίαν
3197 1717 3294 1772 καὶ
3329 1717 3566 1780 σύνεσιν,
3592 1714 3686 1767 καὶ
3713 1711 3792 1784 μὴ
3815 1729 3964 1781 παρα

713 1834 990 1888 nitentiam
1029 1832 1272 1902 largiris;
1304 1831 1396 1900 qui
1437 1844 1540 1883 nos
1566 1829 1797 1884 humiles
1835 1834 1888 1882 et
1921 1841 2110 1881 servos
2157 1834 2278 1879 tuos
2310 1838 2351 1892 Β
2378 1800 2519 1883 ορῶὖ
2550 1811 2954 1883 ἁμαρτάνοντα,
2979 1809 3038 1862 ἀλ

2380 1800 2519 1883 ορῶν
2550 1811 2954 1883 ἁμαρτάνοντα,
2979 1809 3114 1862 ἀλλὰ
3142 1808 3368 1878 θέμενος
3391 1808 3484 1860 ἐπὶ
3512 1805 3760 1876 σωτηρίᾳ
3791 1803 3966 1873 μετά-

712 1926 966 1994 indignos
997 1923 1188 1992 dignos
1229 1923 1510 1992 judicasti,
1541 1929 1603 1975 ut
1633 1921 1736 1974 hac
1767 1919 1932 1973 etiam
1977 1919 2108 1972 hora
2145 1930 2278 1971 cou-

709 2017 968 2071 sistamus
999 2023 1125 2069 ante
1165 2013 1352 2085 gloriae
1381 2022 1631 2068 sanctum
1679 2012 1853 2064 altare
1901 2021 2076 2073 tuum,
2107 2017 2162 2064 et
2184 2010 2280 2063 de-

710 2107 876 2160 bitam
921 2105 1015 2160 tibi
1063 2105 1439 2159 adorationem
1482 2112 1536 2157 et
1582 2101 2035 2155 collaudationem
2084 2097 2282 2156 oﬂ'era-

712 2213 870 2264 mus;
903 2198 1039 2268 ipse,
1075 2195 1324 2260 Domine,
1351 2195 1536 2266 σεχ-ἦρε
1561 2195 1725 2249 etiam
1757 2208 1820 2248 ex
1855 2202 2044 2247 nostro
2082 2205 2277 2263 pecca-

709 2298 890 2344 torum
915 2304 1010 2344 ore
1039 2297 1125 2343 ter
1153 2295 1400 2343 sanctum
1436 2288 1731 2358 hymnum,
1767 2294 1822 2341 et
1861 2285 2023 2340 visita
2071 2297 2174 2340 nos
2221 2283 2278 2338 in

711 2391 801 2435 tua
845 2381 1208 2450 benignitate;
1259 2379 1508 2435 condona
1570 2380 1728 2433 nobis
1789 2391 1953 2432 omne
2011 2376 2273 2431 delictum

711 2470 1076 2524 voluntarium
1129 2480 1184 2525 et
1226 2469 1691 2534 involuntarium;
1739 2468 2014 2522 sanctillea
2069 2465 2285 2522 animas-

712 2570 925 2616 nostras
961 2570 1014 2616 et
1042 2576 1290 2630 corpora,
1318 2570 1375 2615 et
1423 2559 1492 2614 da
1547 2559 1705 2614 nobis
1749 2559 1803 2614 in
1849 2559 2136 2614 sanctitate
2182 2557 2277 2612 tibi

710 2654 975 2708 inservire
1006 2654 1218 2706 cunctis
1261 2651 1454 2706 diebus
1480 2651 1605 2705 vita;
1644 2660 1865 2716 nostrae,
1891 2650 2279 2706 intercessione

711 2755 912 2799 sanctae
966 2743 1234 2813 Deiparae,
1281 2742 1599 2800 etonmium
1655 2752 1971 2798 sanctorum
2037 2741 2135 2811 qui
2181 2736 2280 2796 tibi

713 2850 952 2906 unquam
981 2836 1323 2905 placuerunt.

1320 3108 1677 3163 Exclamatio.

784 3222 995 3276 Etenim
1030 3231 1252 3276 sanctus
1291 3235 1374 3283 es,
1412 3217 1553 3273 Deus
1579 3225 1785 3279 noster,
1825 3215 2031 3285 tibique
2056 3213 2281 3286 gloriam
2315 3173 2359 3236 ς

715 3314 1027 3377 tribuimus,
1057 3311 1228 3376 Patri,
1258 3320 1312 3365 et
1340 3309 1498 3372 Filio,
1521 3322 1575 3365 et
1619 3318 1810 3365 sancto
1852 3305 2105 3378 Spiritui,
2135 3322 2283 3360 nunc

711 3413 765 3457 et
794 3419 1006 3472 semper
1037 3413 1090 3456 et
1118 3404 1170 3456 itt
1196 3402 1393 3457 saecula
1434 3404 1782 3456 saeculorum.

781 3603 911 3659 Post
936 3602 1241 3673 Apostolum
1273 3615 1324 3657 et
1355 3600 1690 3672 Evangelia»:
1703 3600 1983 3654 diaconum
2009 3601 2136 3653 dicit
2161 3618 2180 3656 .‘

784 3790 1039 3845 Dicamus
1061 3803 1254 3844 omnes
1287 3794 1403 3841 toto
1437 3787 1646 3850 animo,
1675 3793 1730 3841 et
1761 3793 1871 3840 tota
1915 3791 2094 3839 mente
2134 3783 2282 3839 dica-

711 3898 857 3937 "HIS.

782 3975 1032 4036 Domine,
1082 3971 1452 4042 omnipotens,
1483 3969 1623 4024 Deus
1669 3965 1892 4022 Patrum
1943 3974 2275 4029 nostrorum,

713 4076 763 4121 te
792 4081 1070 4135 rogamus,
1102 4063 1296 4117 exaudi
1331 4073 1387 4118 et
1410 4060 1688 4117 miserere.

780 4158 1039 4214 Miserere
1084 4157 1282 4220 nostri,
1313 4156 1475 4222 Deus,
1521 4150 1821 4209 secundum
1869 4165 2117 4221 magnam
2173 4152 2278 4203 ini-

711 4249 1065 4305 sericordiam
1109 4258 1281 4314 tuam,
1331 4258 1586 4317 rogamus
1636 4251 1709 4307 te,
1757 4242 1952 4297 exaudi
2009 4251 2066 4295 et
2113 4242 2278 4296 mise-

711 4358 850 4397 rere.

788 4432 1025 4488 Oramus
1063 4433 1227 4487 etiam
1279 4445 1379 4501 pro
1426 4431 1965 4500 religiosissimorum
2001 4444 2030 4482 a
2059 4429 2279 4498 Deique

2381 1921 2549 1958 votav'
2585 1902 2615 1954 6
2653 1899 2996 1966 καταξιώσας
3039 1898 3188 1970 ἡμᾶς
3219 1898 3348 1959 τοὺς
3411 1897 3701 1958 ταπεινοὺς
3741 1893 3840 1948 καὶ
3866 1895 3963 1946 dv-

2380 1996 2565 2060 αξξους
2598 1990 2819 2056 δούλους
2863 2010 2980 2055 σου,
3018 1993 3112 2046 καὶ
3164 1993 3223 2044 ὲν
3271 1993 3338 2061 τῇ
3371 1989 3491 2061 ὥρα
3540 1987 3714 2061 ταύτῃ
3765 1986 3965 2055 στῆναι

2381 2090 2717 2147 κατενώπιον
2747 2089 2846 2158 τῆς
2875 2087 3034 2156 δόξης
3070 2087 3165 2138 τοῦ
3202 2085 3358 2154 ἁγίου
3391 2101 3486 2137 σου
3522 2080 3923 2150 θυσιαστηρίου
3947 2118 3961 2139 .

2381 2185 2475 2237 καὶ
2500 2181 2598 2254 τὴν
2626 2181 2985 2251 ὀφειλομένην
3011 2194 3093 2230 σοι
3122 2177 3495 2248 προσκύνησιν
3525 2176 3620 2228 καὶ
3647 2171 3964 2239 δοξολογίαν

2380 2275 2681 2346 προσάγειν
2704 2290 2718 2304 ⁸
2752 2273 2914 2336 αὐτὸς
2935 2311 2949 2335 ,
2981 2265 3248 2336 Δέσπϐτα,
3279 2269 3570 2340 πρόσὸεξαι
3605 2268 3698 2321 καὶ
3737 2269 3804 2320 ὲκ
3837 2267 3962 2320 στό-

2385 2383 2552 2438 ματος
2573 2365 2734 2435 ἡμῶν
2769 2363 2876 2416 τῶν
2917 2362 3258 2432 ἁμαρτωλῶν
3299 2362 3392 2415 τὸν
3424 2361 3728 2429 Τρισάγιον
3765 2359 3961 2429 ὕμνον,

2380 2458 2476 2512 καὶ
2504 2455 2801 2525 ἐπίσκεψον
2843 2455 2992 2524 ἡμᾶς
3023 2456 3080 2506 ἐν
3109 2457 3176 2523 τῇ
3211 2452 3539 2523 χρηστότητί
3575 2467 3670 2504 σου
3694 2468 3709 2483 ο
3744 2449 3962 2519 συγχὼ-

2385 2564 2548 2619 ρησον
2577 2548 2708 2616 ἡμῖν
2734 2546 2840 2598 πᾶν
2866 2545 3246 2614 πλημμέλημα
3277 2544 3528 2596 ἑκούσιόν
3561 2559 3619 2595 τε
3663 2541 3760 2596 καὶ
3794 2542 3962 2594 ἁκού-

2383 2657 2516 2694 σιονο
2558 2639 2786 2708 ἁγίασον
2817 2639 2849 2708 ἡ
2860 2636 2978 2707 μῶν
3012 2636 3111 2698 τὰς
3137 2633 3318 2706 ψυχάς
3349 2637 3444 2688 καὶ
3473 2635 3540 2689 τὰ
3570 2633 3831 2703 σώματα,
3867 2631 3965 2683 le

2379 2732 2469 2794 δὸς
2494 2731 2626 2801 ἡμῖν
2647 2730 2705 2782 ἐν
2727 2728 2968 2798 ὁσιότητι
2997 2725 3281 2795 λατρεύειν
3305 2743 3389 2778 σοι
3410 2724 3590 2787 πάσας
3613 2723 3710 2786 τὰς
3740 2722 3961 2792 ἡμέρας

2384 2824 2486 2892 τῆς
2522 2822 2668 2891 ζωῆς
2711 2818 2907 2890 ήμῶν,
2946 2815 3272 2888 πρεσϐείαις
3317 2815 3417 2885 τῆς
3459 2814 3620 2883 ἁγίας
3667 2813 3960 2874 Θεοτόκου,

2383 2916 2481 2970 καὶ
2512 2915 2732 2968 πάντων
2757 2909 2928 2978 ἁγίων
2959 2907 3066 2961 τῶν
3097 2907 3191 2962 ἀπ’
3218 2905 3411 2970 αἰῶνός
3440 2921 3524 2958 σοι
3556 2905 3961 2974 coaptat-nativ-

2383 3025 2510 3063 των.

2974 3113 3373 3182 Ἐκςρώνησις.

2461 3235 2585 3288 Ὀτι
2631 3233 2786 3302 ἁγιος
2819 3227 2868 3284 εἴ
2899 3231 2928 3282 ό
2958 3226 3090 3290 Θεὸς
3144 3221 3302 3294 ἡμῶν
3324 3259 3340 3285 ,
3381 3218 3476 3272 καὶ
3525 3217 3608 3270 σοὶ
3656 3215 3758 3285 τὴν
3799 3213 3964 3280 δόξαν

2387 3323 2807 3394 ἁναπέμπομεν,
2842 3319 2919 3388 τῷ
2953 3315 3162 3386 Πατρὶ,
3193 3313 3291 3366 καὶ
3317 3309 3397 3381 τῷ
3425 3307 3562 3376 Υίῷ,
3591 3306 3686 3359 καὶ
3713 3303 3794 3375 τῷ
3821 3304 3963 3372 ἁγίῳ

2388 3413 2708 3484 Πνεύματι,
2739 3411 2835 3466 νῦν
2887 3407 2984 3462 καὶ
3030 3405 3119 3460 ἀεὶ
3161 3403 3258 3458 καὶ
3303 3401 3384 3465 εἰς
3429 3399 3555 3462 τοὺς
3610 3396 3814 3460 αἰῶνας
3852 3395 3961 3448 τῶν

2387 3522 2422 3558 α
2429 3521 2600 3557 ιωνων
2604 3543 2618 3556 ο

2387 3614 2547 3669 Μετὰ
2578 3613 2684 3666 τὸν
2719 3610 3082 3666 Ἁπόστολον
3114 3605 3212 3658 καί
3238 3604 3304 3658 τὸ
3341 3597 3707 3669 Εῠαττέυιιον
3750 3595 3788 3649 δ
3829 3592 3958 3647 διά-

3073 3691 3276 3740 κογος.

2455 3791 2713 3859 Εῐπωμεν
2751 3789 2951 3849 πάντες
2980 3785 3039 3850 ἑξ
3070 3783 3198 3851 ὅλης
3225 3781 3323 3852 τῆς
3351 3779 3560 3850 ψυχῆς,
3608 3775 3704 3828 καὶ
3733 3773 3796 3840 ἐξ
3829 3773 3960 3840 ὅλης

2383 3882 2483 3954 τῆς
2514 3881 2754 3942 διανοίας
2789 3879 3054 3946 είπωμεν.

2455 3975 2629 4046 Κύριε
2668 3969 3070 4041 παντοκράτορ,
3126 3968 3156 4020 6
3186 3964 3322 4028 Θεὸς
3351 3961 3462 4016 τῶν
3489 3959 3747 4029 πατέρων
3775 3955 3959 4026 ἡμῶν,

2382 4067 2616 4139 δεόμεθὰ
2643 4083 2761 4132 σου,
2789 4062 3096 4117 ὲπάκουσον
3126 4059 3224 4112 καὶ
3248 4056 3495 4126 ὲλιησον.

2464 4159 2723 4228 Ἐλέησον
2745 4156 2915 4226 ἡμᾶς,
2944 4155 2973 4207 6
2999 4151 3132 4213 Θεὸς
3153 4190 3168 4215 ,
3201 4148 3344 4202 κατὰ
3366 4146 3426 4197 τὸ
3461 4144 3602 4214 μέγα
3632 4140 3780 4201 ἔλεός
3820 4155 3917 4190 σου
3940 4152 3951 4165 ο

2381 4251 2616 4323 δεόμεθά
2643 4264 2759 4314 σου,
2793 4247 2989 4317 Κύριε,
3020 4243 3332 4298 ἐπάκουσον
3363 4239 3461 4292 καὶ
3487 4235 3734 4304 ἐλέησον.

2460 4436 2584 4489 Ἔτι
2614 4431 2849 4503 δεόμεθα
2875 4428 3016 4499 ὑπιρ
3046 4427 3157 4480 τῶν
3190 4421 3598 4478 εὐσεϐεστάτων
3629 4417 3724 4471 καὶ
3758 4415 3959 4483 θεοφο-

715 4527 1114 4581 custoditorum
1181 4524 1573 4594 imperatorum
1653 4534 1961 4578 nostrorum
2015 4522 2282 4591 potentia,
2316 4520 2357 4576 D
2386 4527 2602 4580 λάκτων
2639 4522 2903 4594 βασιλέων
2949 4521 3038 4588 ἠμί

2386 4527 2602 4580 λάκτων
2639 4522 2903 4594 βασιλέων
2949 4518 3108 4588 ἡμῶν
3135 4517 3395 4588 κράτους,
3427 4511 3583 4578 νίκης
3607 4548 3624 4573 ,
3656 4506 3922 4576 διαμονῆς
3943 4543 3958 4560 .

712 4619 964 4682 victoria,
1013 4616 1443 4687 perseverantia,
1485 4631 1640 4686 pace,
1684 4615 1937 4680 sanitate,
1982 4615 2178 4678 salute,
2227 4623 2284 4668 et

714 4710 979 4765 Dominus
1030 4709 1173 4763 Deus
1216 4717 1400 4764 noster
1443 4708 1662 4777 adjuvet
1715 4720 1832 4772 eos,
1878 4707 2050 4761 bonos
2097 4707 2281 4759 exitus

713 4803 977 4871 largiatur
999 4801 1080 4855 eis
1111 4802 1164 4854 iu
1189 4800 1472 4865 omnibus,
1491 4808 1548 4853 et
1570 4797 1828 4866 subjiciat
1873 4796 2089 4851 illorum
2122 4796 2275 4866 pedi-

710 4894 814 4948 bus
845 4907 1062 4947 omnem
1094 4892 1306 4946 hostem
1332 4888 1798 4946 etadversarittm.

1051 5015 1240 5072 Oralt’o
1255 5016 1488 5070 assidua:
1525 5013 1946 5083 suppticationis.

785 5128 1033 5190 Damine,
1071 5125 1213 5180 Deus
1245 5135 1451 5186 noster,
1488 5123 1762 5178 assiduam
1814 5123 1955 5176 hanc
2010 5121 2281 5190 supplica-

714 5221 917 5275 tionem
964 5217 1149 5285 accipe
1192 5229 1221 5268 a
1261 5214 1435 5269 servis
1495 5215 1625 5278 tuis,
1673 5219 1725 5268 et
1791 5213 2050 5267 miserere
2107 5211 2280 5266 nostri

710 5311 1012 5367 secundum
1058 5306 1462 5361 multitudinem
1509 5304 1900 5359 misericordia:
1932 5312 2056 5367 tuae,
2084 5313 2137 5360 et
2180 5302 2280 5358 mi-

713 5403 1022 5460 serationes
1045 5407 1168 5454 tuas
1194 5397 1425 5452 immitte
1444 5411 1608 5466 super
1639 5411 1740 5451 nos
1769 5404 1823 5450 et
1868 5410 2034 5464 super
2061 5408 2279 5449 omnem

715 5497 979 5567 populum
1019 5502 1198 5558 tuum,
1235 5491 1329 5561 qui
1366 5499 1646 5560 exspectat
1684 5497 1791 5543 ate
1817 5489 2036 5543 divitem
2069 5487 2283 5543 miseri-

714 5587 977 5642 eordiam.

1323 5695 1675 5749 Exclamalio.

787 5808 999 5863 Etenim
1025 5808 1335 5864 misericors
1365 5816 1415 5862 et
1449 5806 1715 5876 benignus
1740 5819 1822 5870 es,
1865 5804 2001 5859 Deus
2029 5822 2041 5871 ;
2081 5805 2284 5875 tibique

2390 4619 2645 4688 εἰρήνης,
2679 4613 2887 4680 ὑγιείας
2908 4651 2924 4677 ,
2957 4607 3230 4677 σωτηρίας
3259 4604 3474 4667 αὐτῶν,
3503 4601 3597 4655 καὶ
3627 4597 3725 4652 τοῦ
3752 4597 3962 4688 Κύριον

2389 4685 2481 4762 τὸν
2500 4685 2644 4760 Θεὸν
2685 4703 2844 4777 ἡμῶν
2875 4699 3132 4753 ἔπιπλέον
3173 4694 3542 4765 συνεργῆσαι,
3583 4685 3960 4742 κατευοδῶσαπ.

2389 4801 2586 4863 αὐτοὺς
2615 4799 2675 4852 ἐν
2692 4799 2854 4859 πᾶσι,
2884 4795 2979 4849 καὶ
3006 4791 3274 4857 ὑποτάξαι
3297 4789 3401 4841 ὑπὸ
3423 4788 3553 4848 τοὺς
3573 4783 3742 4845 πόδας
3776 4779 3958 4834 αὐτῶν

2390 4894 2569 4947 πάντα
2594 4888 2789 4960 ἐχθρὸν
2820 4887 2916 4940 καὶ
2941 4882 3223 4952 πολέμιον.

2729 5012 2895 5080 Εὑχὴ
2923 5005 3033 5077 τῆς
3060 5005 3344 5072 ὲκτενοῦς
3365 5003 3616 5068 ικεσίας.

2465 5130 2656 5200 Κύριε,
2680 5129 2707 5179 ὁ
2735 5125 2864 5186 Θεὸς
2891 5119 3067 5193 ἡμῶν,
3098 5117 3292 5187 ὲκτενῆ
3321 5115 3526 5184 ταύτην
3549 5111 3762 5166 ἱκεσίαν
3787 5111 3958 5181 πρόσ-

2386 5199 2721 5288 δεξαιίπαρὰ
2747 5217 2855 5269 τῶν
2886 5211 2992 5266 σῶν
3020 5210 3242 5272 δούλων,
3268 5209 3362 5260 καὶ
3396 5204 3617 5273 ἐλέησον
3645 5202 3793 5273 ἡμεῖς
3818 5199 3959 5254 κατά

2390 5315 2451 5368 τὸ
2478 5310 2683 5381 πλῆθος
2710 5304 2804 5362 τοῦ
2839 5305 3020 5367 ἐλέους
3056 5320 3150 5355 σου
3173 5343 3187 5367 ,
3219 5301 3312 5353 καὶ
3343 5299 3468 5360 τοὺς
3496 5293 3823 5365 οἰκτιρμούς
3861 5311 3954 5346 σου

2392 5401 2751 5470 κατάπεμψον
2792 5395 2882 5467 ἐφ’
2911 5395 3058 5466 ἡμᾶς
3089 5393 3184 5447 καὶ
3212 5392 3307 5444 ἐπὶ
3351 5390 3530 5442 πάντα
3561 5389 3652 5440 τὸν
3698 5385 3829 5440 λαόν
3864 5401 3958 5438 σου

2389 5491 2482 5544 τὸν
2522 5487 2960 5557 ἀπεκδεχόμενον
3004 5483 3064 5536 τὸ
3121 5480 3274 5551 παρὰ
3326 5476 3423 5532 σοῦ
3474 5476 3731 5530 πλούσιον
3787 5475 3956 5537 ἔλεος.

2987 5685 3374 5754 Ἐχςρὼνησιᾳ

2468 5803 2586 5853 Ὅτι
2613 5799 2858 5870 ἐλεήμων
2883 5798 2971 5852 καὶ
2996 5796 3372 5868 φιλάνθρωπος
3393 5793 3524 5859 Θεὸς
3551 5794 3838 5865 ὑπάρχεις·
3867 5792 3959 5847 καὶ
