4212 6432
285 389 414 455 1301

1449 386 1511 445 s.
1554 366 1838 444 BASILII
1874 383 2273 444 LITURGIA.

3371 381 3508 445 1302

286 502 369 553 oo".
397 499 494 569 τὴν
518 498 675 562 δόξαν
709 497 1109 567 ἁναπέμπομεν
1139 497 1217 565 τῷ
1251 495 1451 565 "arpi,
1479 497 1574 548 καὶ
1600 495 1678 565 τῷ
1714 495 1842 564 mp,
1875 501 1918 554 Α
1948 537 1949 542 η

1875 501 1918 554 Α
1948 497 2176 566 gloriam
2225 495 2532 560 referimus,
2565 495 2732 561 Patri,
2761 503 2815 549 et
2865 495 3024 557 Filio,
3055 505 3108 550 et
3157 506 3347 551 sancto
3389 497 3510 566 Spi'

286 593 378 644 καὶ
423 591 498 656 τῷ
530 590 667 657 ἁγίῳ
717 590 995 657 [Ινεύματι
1020 627 1035 655 ,
1081 587 1176 641 νῦν
1217 590 1309 641 καὶ
1342 586 1432 640 ἀεὶ
1464 586 1558 639 καὶ
1592 588 1670 648 εἰς
1720 589 1844 650 τοὺς

285 681 484 741 αἰῶνας
515 679 621 731 τῶν
645 678 876 733 αἰώνων.

877 768 938 822 '0
959 769 1255 837 διάκονος.

362 876 597 940 Εὔξασθε
618 918 633 943 ,
665 880 713 930 οἱ
744 879 1140 948 κατηχούμενοι
1173 879 1250 948 τῷ
1295 882 1504 952 Κυρίῳ.
1555 883 1618 934 Οἱ
1664 879 1849 934 πιστοὶ

291 971 428 1038 ὑπὲρ
449 969 556 1022 τῶν
586 969 1003 1038 κατηχουμένων
1034 970 1282 1040 δεήθητε,
1315 973 1400 1024 ἵνα
1434 974 1720 1042 κατηχήσῃ
1749 972 1850 1024 αύ-

288 1061 414 1118 τοὺς
441 1063 531 1113 τὸν
570 1060 727 1128 λόγον
765 1061 863 1130 τῆς
895 1061 1188 1130 ἀληθείας,
1217 1064 1543 1136 ἀποκαλύψῃ
1581 1066 1759 1125 αὐτοῖς
1791 1062 1854 1114 τὸ

292 1150 626 1216 Εὑαγγέλιον
660 1151 756 1218 τῆς
792 1151 1153 1222 δικαιοσύνης,
1196 1154 1373 1224 ἐνώσῃ
1408 1155 1603 1216 αὐτοὺς
1630 1158 1695 1224 τῇ
1725 1153 1855 1222 ἁγία

292 1241 456 1293 αὐτοῦ
491 1240 751 1310 καθολικῇ
799 1241 891 1293 καὶ
922 1243 1252 1313 ἀποστολικῇ
1297 1246 1610 1316 Ἐκκλησία.
1655 1245 1854 1308 Σῶσον,

292 1332 535 1399 ἐλέησον,
568 1330 854 1384 ἀντιλαϐοῦ
909 1334 1000 1383 καὶ
1057 1333 1382 1402 διαφύλαξον
1427 1336 1617 1397 αὐτοὺς
1675 1337 1740 1403 τῇ
1789 1337 1855 1404 σῇ

293 1423 496 1492 χάριτι.

362 1518 425 1568 Ui
462 1515 883 1586 κατηχούμενοι,
919 1523 1016 1581 τὰς
1068 1519 1307 1587 κεφαλὰς
1353 1518 1505 1589 ὑμῶν
1545 1519 1622 1587 τῷ
1675 1519 1860 1587 Κυρίῳ

293 1607 509 1660 κλίνατε

400 1718 569 1786 Εὺχὴ
609 1719 1074 1788 κατηχουμένων
1115 1720 1226 1786 πρὸ
1267 1719 1377 1786 τῆς
1425 1719 1752 1790 ἀναφορᾶς.

1948 590 2100 652 ritui,
2132 600 2276 642 nunc
2304 598 2357 642 et
2387 603 2602 658 semper
2628 599 2683 644 et
2709 589 2763 643 in
2789 586 2986 643 saecula
3019 587 3367 642 saeculorum.

2593 772 2878 824 Diaconus.

2022 884 2204 946 Orate,
2237 882 2634 942 catcchumeni.
2670 881 2978 934 Dominum.
3015 876 3124 933 Vos
3177 876 3385 938 ﬁdeles,
3413 891 3511 944 pro

1954 974 2356 1030 catechumenis
2385 981 2556 1036 orate,
2587 982 2645 1026 ιιι
2667 973 2898 1026 instruat
2931 986 3026 1025 eos
3049 971 3215 1024 verho
3247 968 3512 1024 veritatis.

1957 1069 2154 1122 revelet
2188 1067 2268 1120 eis
2302 1064 2649 1133 Evangelium
2675 1063 2920 1132 iustitiae,
2947 1060 3241 1128 eonjungat
3272 1073 3367 1111 eos
3390 1072 3515 1110 cum

1958 1167 2146 1214 sancta
2179 1173 2276 1212 sua
2308 1157 2573 1212 catholica
2617 1163 2672 1208 et
2697 1154 2990 1222 apostolica
3019 1151 3281 1206 Ecclesia.
3318 1151 3511 1210 Serva,

1959 1252 2241 1315 miserere,
2267 1250 2454 1319 excipe
2482 1258 2535 1303 et
2565 1246 2780 1302 custodi
2813 1245 2934 1302 illos
2961 1255 3049 1300 tua
3074 1243 3269 1313 gratia.

2035 1524 2164 1587 Vos,
2197 1520 2594 1585 catechumeni,
2621 1517 2797 1586 capita
2841 1523 3020 1571 vestra
3074 1527 3257 1567 coram
3297 1509 3524 1563 Domine

1964 1618 2237 1674 inclinate.

2106 1725 2289 1780 Oratio
2342 1722 2827 1776 catechumenorum
2857 1726 2976 1772 ante
3004 1714 3383 1784 expulsionem.

366 1825 558 1894 Κύριε,
593 1828 621 1878 ὁ
653 1825 783 1887 Θεὸς
820 1827 978 1896 ἡμῶν
1007 1829 1033 1879 ὁ
1067 1829 1126 1880 ἐν
1159 1827 1404 1896 οὐρανοῖς
1440 1826 1727 1891 κατοικῶν,
1758 1825 1851 1879 καὶ
1878 1816 1925 1875 Β
2019 1837 2029 1890 1

1878 1816 1925 1875 Β
2019 1835 2247 1890 Domine
2302 1834 2443 1886 Deus
2492 1837 2695 1892 noster,
2738 1827 2830 1897 qui
2880 1825 2934 1879 in
2981 1824 3137 1878 caelis
3191 1820 3431 1881 habitas,
3479 1827 3532 1868 et

295 1916 606 1968 ἐπιϐλέπων
636 1918 728 1968 ἐπὶ
765 1917 944 1970 πάντα
974 1917 1041 1971 τὰ
1085 1919 1221 1989 ἔργα
1258 1936 1383 1984 σου,
1435 1918 1724 1987 ἐπίϐλεψιν
1769 1920 1863 1972 ἐπὶ.

293 2007 420 2068 τοὺς
447 2006 664 2069 δούλους
698 2025 791 2060 σου
827 2008 951 2071 τοὺς
985 2011 1424 2079 κατηχουμένους
1444 2049 1458 2070 ,
1494 2011 1620 2072 τοὺς
1655 2011 1860 2062 ὑποκε-

297 2097 551 2160 κλικότας
581 2099 710 2161 τοὺς
740 2099 950 2151 ἑαυτῶν
974 2101 1204 2170 αὐχένας
1235 2101 1464 2154 ἐνώπιόν
1493 2117 1585 2152 σου
1604 2119 1617 2133 ο
1649 2101 1736 2162 δὺς
1763 2102 1862 2153 αύ-

296 2193 408 2252 τοῖς
443 2191 532 2242 τὺν
574 2191 808 2260 ἐλαφρὸν
842 2191 1001 2258 ζυγόν
1042 2209 1155 2244 σου·
1201 2193 1424 2262 ποίησον
1479 2195 1678 2255 αὐτοὺς
1728 2194 1861 2264 μέλη

297 2281 398 2348 τῆς
424 2281 587 2348 ἁγίας
625 2298 718 2337 σου
765 2282 1090 2352 Ἐκκλησίας
1117 2325 1130 2347 ,
1164 2284 1258 2337 καὶ
1304 2283 1637 2347 καταξίωσον
1667 2284 1862 2348 αὐτοὺς

299 2371 394 2423 τοῦ
428 2371 651 2442 λουτροῦ
701 2372 802 2442 τῆς
841 2373 1284 2442 παλιγγενεσίας,
1319 2375 1417 2444 τῆς
1465 2374 1710 2443 ἀφέσεως
1757 2376 1864 2428 τῶν

300 2469 604 2538 ἁμαρτιῶν,
644 2470 735 2523 καὶ
778 2468 871 2522 τοῦ
923 2469 1218 2538 ἐνδύματος
1262 2469 1361 2537 τῆς
1409 2469 1745 2541 ἀφθαρσίας,
1784 2470 1866 2532 είς

301 2559 594 2626 ὲπίγνωσίν
618 2576 710 2612 σου
739 2558 832 2613 τοῦ
863 2559 1116 2628 ἀληθινοῦ
1146 2559 1280 2613 Θεοῦ
1303 2559 1478 2629 ἡμῶν.

894 2667 1286 2736 Ἐκφώνησις.

375 2775 491 2828 Ἵνα
513 2775 609 2828 καὶ
632 2774 787 2828 αὐτοὶ
817 2775 913 2827 σὺν
939 2777 1071 2845 ἡμῖν
1100 2775 1360 2838 δοξάζωσι
1392 2775 1451 2827 τὸ
1481 2776 1747 2845 πάντιμον
1778 2777 1869 2828 καὶ

306 2867 720 2936 μεγαλοπρεπὲς
743 2865 914 2936 δνομά
942 2884 1057 2927 σου,
1088 2867 1178 2919 τοῦ
1207 2867 1440 2936 Πατρδς,
1474 2867 1566 2918 καὶ
1597 2867 1690 2920 τοῦ
1715 2867 1867 2933 Υἰοῦ,

306 2962 398 3008 καὶ
430 2958 522 3010 τοῦ
556 2958 712 3025 ἁγίου
747 2956 1084 3027 Πνεύματος,
1117 2957 1210 3010 νῦν
1243 2959 1337 3010 καὶ
1370 2958 1477 3022 ἀεὶ,
1509 2957 1604 3010 καὶ
1635 2958 1714 3020 εἰς
1746 2957 1872 3020 τοὺς

307 3049 509 3112 αἰῶνας
533 3049 641 3101 τῶν
666 3047 897 3102 αἰώνων.

889 3136 952 3188 '0
986 3134 1286 3200 διάκονος.

380 3247 532 3298 Ὅσοι
560 3244 983 3314 κατηχούμενοι,
1017 3243 1310 3312 προέλθετε
1333 3257 1345 3270 ·
1369 3243 1416 3294 οἱ
1449 3242 1872 3312 κατηχούμενοι,

311 3335 640 3405 προέλθετε*
686 3335 801 3386 ὅσοι
861 3333 1284 3402 κατηχούμενοι,
1319 3331 1610 3400 προέλθετε
1637 3337 1649 3349 ⁶
1711 3334 1874 3400 μήτις

309 3426 420 3479 τῶν
456 3427 912 3497 κατηχουμένων·
949 3425 1061 3477 ὅσοι
1084 3424 1283 3489 πιστοὶ,
1329 3421 1409 3475 ἔτι
1456 3423 1549 3475 καὶ
1580 3422 1660 3474 ἔτι
1711 3425 1767 3473 ὲν
1796 3424 1874 3475 εί-

314 3520 455 3592 [ήνῃ
493 3518 584 3571 τοῦ
615 3517 820 3586 Κυρίου
855 3515 1158 3585 δεηθῶμεν.

309 3721 478 3793 Εὐχή
505 3719 735 3775 πιστῶν
760 3718 834 3785 α’,
857 3718 1008 3788 μετὰ
1036 3717 1100 3771 τὸ
1126 3716 1472 3784 ἁπλωθῆνιιι
1513 3716 1580 3768 τὸ
1611 3719 1876 3783 είλητόν.

390 3835 482 3896 Σὺ,
533 3831 722 3900 Κύριε,
765 3827 1079 3891 κατέδειξας
1129 3829 1262 3896 ἡμῖν
1314 3827 1374 3878 τὸ
1406 3827 1549 3896 μέγα
1587 3824 1746 3879 τοῦτο
1780 3827 1881 3896 τῆς

319 3925 591 3994 σωτηρίας
626 3921 924 3992 μυστήριον
945 3936 956 3948 ·
985 3920 1048 3971 σὺ
1073 3918 1420 3988 κατηξίωσας
1445 3920 1597 3988 ἡμᾶς
1622 3918 1749 3980 τοὺς
1781 3935 1879 3970 τα-

321 4015 539 4077 πεινοὺς
566 4013 659 4067 καὶ
687 4011 937 4076 ἀναξίους
963 4011 1182 4072 δούλους
1218 4027 1308 4062 σου
1343 4010 1596 4078 γενέσθαι
1638 4009 1883 4077 λειτουρ-

319 4109 451 4175 γοὺς
497 4105 590 4158 τοῦ
635 4104 796 4173 ἁγίου
861 4120 954 4156 σου
1007 4102 1434 4172 θυσιαστηρίου·
1495 4101 1560 4152 σὺ
1619 4101 1882 4153 ίκάνωσον

319 4200 468 4268 ἡμᾶς
495 4200 562 4267 τῇ
601 4196 827 4263 δυνάμει
869 4193 962 4246 τοῦ
996 4194 1150 4261 ἁγίου
1189 4210 1282 4244 σου
1315 4192 1632 4261 Πνεύματος
1661 4193 1740 4254 είς
1787 4191 1885 4260 τὴν

318 4290 592 4342 διακονίαν
619 4288 845 4358 ταύτην,
872 4288 957 4340 ἵνα
979 4285 1363 4354 ἁκατακρίτως
1400 4286 1625 4346 στάντες
1654 4283 1885 4337 ἐνώπιον

321 4385 419 4450 τῆς
442 4383 600 4450 ἁγίας
633 4380 790 4450 δόξης
820 4396 913 4432 σου
959 4377 1398 4448 προσαγάγωμέν
1449 4393 1530 4429 σοι
1569 4377 1758 4429 θυσίαν
1796 4375 1882 4428 αίο

1965 1928 2147 1984 omnia
2177 1940 2339 1994 opera
2387 1931 2478 1976 tua
2532 1917 3013 1990 respicis,rcspiee
3050 1929 3238 1969 servos
3277 1922 3400 1965 tuos
3434 1926 3529 1962 ca-

1967 2023 2341 2079 techumenos,
2378 2017 2469 2085 qui
2498 2029 2625 2068 suas
2649 2008 3306 2066 cervicesinclinaverunt
3346 2017 3530 2054 coram

1968 2122 2018 2167 te
2051 2131 2062 2166 :
2095 2111 2160 2164 tia
2225 2108 2332 2162 illis
2383 2119 2550 2159 suave
2574 2102 2760 2171 jugum
2795 2111 2969 2160 tuum,
3008 2097 3092 2150 fac
3137 2111 3233 2148 cos
3289 2093 3530 2146 membra

1969 2211 2167 2260 sancta
2199 2210 2302 2252 tuae
2320 2195 2594 2259 Ecclesia),
2627 2201 2680 2246 et
2708 2192 2904 2262 dignos
2934 2189 3056 2242 illos
3099 2185 3264 2240 redde
3313 2184 3534 2237 lavat-ru

1969 2288 2420 2364 regenerationis,
2458 2285 2783 2340 remissione
2830 2287 3202 2350 peccatorum,
3259 2282 3313 2328 et
3373 2275 3537 2326 indu-

1972 2393 2158 2440 mento
2190 2379 2629 2450 incorruptionis,
2650 2375 2716 2431 ad
2745 2375 3103 2445 cognitionem
3133 2369 3232 2434 tui,
3258 2368 3349 2437 qui
3377 2381 3537 2420 verus

1969 2492 2028 2532 es
2053 2476 2195 2530 Deus
2224 2484 2426 2529 noster.

2577 2669 2932 2724 Exclamatio.

2066 2783 2135 2839 Ut
2155 2793 2207 2838 et
2245 2784 2345 2852 ipsi
2399 2781 2685 2836 nobiscum
2715 2777 3020 2847 gloriﬁcent
3069 2771 3451 2828 honorandum
3486 2780 3541 2824 et

1974 2886 2267 2943 augustum
2317 2889 2511 2928 nomen
2546 2881 2722 2936 tuum,
2772 2869 2973 2932 Patris,
3026 2865 3169 2932 Filii,
3212 2875 3261 2918 et
3303 2863 3544 2932 Spiritus

1974 2968 2168 3034 sancti,
2202 2981 2344 3022 nunc
2368 2974 2420 3020 et
2448 2979 2681 3035 semper,
2706 2963 2835 3019 etin
2867 2961 3067 3016 saecula
3093 2956 3436 3014 smculorum.

2621 3145 2912 3201 Diaconos.

2048 3252 2328 3322 Quotquot
2358 3251 2491 3307 estis
2515 3248 2923 3310 catechumeni,
2969 3246 3242 3309 recedite;
3284 3240 3552 3298 catechu-'

1977 3346 2142 3408 meni,
2171 3345 2441 3408 recedite;
2473 3350 2744 3414 quotquot
2779 3339 2912 3397 estis
2947 3335 3320 3394 catechumeui
3345 3375 3360 3399 ,
3395 3349 3546 3387 recc-

1978 3437 2109 3491 dite.
2156 3434 2348 3491 Nullus
2391 3435 2907 3490 ratechumenorum
2963 3431 3071 3484 hic.
3106 3428 3382 3494 Quotquot
3417 3426 3550 3478 estis

1979 3527 2183 3592 ﬁdeles,
2209 3528 2371 3581 etiam
2412 3537 2576 3594 atque
2603 3524 2765 3579 etiam
2797 3523 2851 3576 in
2889 3534 3022 3591 pace
3054 3518 3338 3573 Domiumn
3371 3516 3554 3582 depre-

1979 3635 2184 3675 cemur.

2125 3729 2312 3784 Oratio
2339 3729 2574 3798 ﬁdelium
2601 3727 2651 3791 ί,
2685 3736 2800 3795 post
2842 3727 3214 3794 expansionem
3241 3722 3409 3777 lintei.

2055 3838 2158 3900 Tu,
2201 3837 2448 3900 Domine,
2480 3832 2764 3887 ostendisti
2808 3831 2966 3885 nobis
2995 3844 3246 3898 magnum
3281 3829 3381 3881 hoc
3407 3844 3553 3882 sam-

1982 3934 2054 3990 tis
2084 3927 2439 4000 mysterium:
2469 3933 2526 3979 tu
2554 3925 2807 3994 dignatus
2832 3937 2890 3977 es
2939 3936 3037 3975 nos
3069 3920 3301 3974 humiles
3331 3930 3384 3972 et
3417 3920 3554 3972 incli-

1984 4039 2121 4094 gnos
2149 4035 2337 4076 servos
2372 4027 2494 4071 tuos
2543 4016 2823 4069 ministros
2871 4014 2983 4067 ﬁeri
3017 4013 3186 4067 S‘JIICti
3215 4013 3289 4065 tui
3325 4013 3552 4075 altaris;

1987 4127 2041 4172 tu
2097 4115 2289 4183 dignos
2321 4126 2419 4165 nos
2442 4108 2589 4164 efﬁce
2639 4108 2837 4160 virtute
2888 4109 3059 4159 sancti
3105 4105 3180 4158 tui
3227 4103 3462 4172 Spiritus
3490 4104 3554 4155 ad

1987 4211 2092 4264 hoe
2124 4204 2506 4262 ministerium,
2558 4209 2614 4254 ut
2644 4200 2761 4254 sine
2781 4198 2985 4252 oﬂensa
3030 4206 3234 4252 stantes
3274 4206 3399 4249 ante
3432 4212 3558 4249 san-

1987 4312 2130 4357 ctam
2157 4297 2381 4366 gloriam
2423 4303 2572 4348 tuam
2609 4291 2904 4346 oﬂ‘eramus
2936 4291 3029 4344 tibi
3065 4291 3296 4345 hostiam
3327 4291 3504 4343 laudis
3540 4309 3553 4343 :

1988 4402 2044 4446 tu
2077 4390 2222 4445 enim
2268 4403 2326 4442 es
2371 4385 2463 4455 qui
2503 4382 2746 4454 Operaris
2775 4381 2958 4434 omnia
3006 4381 3058 4433 in
3116 4381 3392 4433 omnibus.
3431 4381 3555 4438 Far,

321 4475 521 4533 νέσεως
545 4490 558 4503 ·
605 4473 670 4524 σὺ
720 4471 830 4541 γὰρ
855 4467 908 4523 εἴ
936 4472 964 4522 ὁ
1013 4470 1250 4540 ἐνεργῶν
1283 4469 1351 4521 τὰ
1405 4470 1582 4521 πάντα
1626 4471 1684 4521 ὲν
1723 4469 1880 4520 πᾶσι.
1920 4489 1962 4545 D

1920 4489 1962 4545 ο
1992 4481 2235 4543 Domine,
2272 4486 2332 4531 ut
2353 4491 2450 4545 pro
2474 4473 2676 4529 nostris
2708 4472 2919 4526 delictis
2947 4480 3000 4525 et
3024 4472 3343 4540 ignorantiis
3374 4471 3556 4540 populi

322 4569 440 4630 Δὸς,
476 4564 664 4633 Κύριε,
697 4563 792 4616 καὶ
824 4562 966 4633 ὑπὲρ
1005 4560 1113 4613 τῶν
1153 4562 1436 4630 ἡμετέρων
1470 4561 1884 4631 ἁμαρτημάτων

325 4660 416 4710 καὶ
444 4656 551 4708 τῶν
573 4655 664 4707 τοῦ
690 4652 822 4706 λαοῦ
849 4654 1209 4722 ἀγνοημάτων
1241 4652 1435 4722 δεκτὴν
1477 4651 1731 4719 γενέσθαι
1779 4651 1878 4721 τὴν

324 4746 515 4801 θυσίαν
558 4746 710 4816 ημῶν
739 4744 834 4797 καὶ
863 4743 1256 4813 εύπρόσδεκτον
1287 4741 1516 4795 ἐνώπιόν
1554 4758 1670 4795 σου.

913 4851 976 4905 '0
1012 4852 1310 4917 διάκονος.

409 4962 744 5029 Ἀντιλαϐοῦ,
823 4961 1023 5026 σῶσον,
1097 4959 1339 5029 ἐλέησον,
1403 4963 1495 5013 καὶ
1560 4957 1885 5030 διαφύλαξον

327 5059 496 5129 ἡμᾶς»
522 5058 549 5108 ὁ
578 5057 727 5118 Θεὸς.
768 5055 835 5125 τῇ
869 5056 937 5124 σῇ
961 5052 1162 5123 χάριτι.

749 5165 956 5234 Σοφία.
985 5195 1054 5206 --
1068 5162 1460 5231 Ἐλιφώνησις.

401 5284 523 5334 Ὅτι
562 5279 763 5349 πρέπει
791 5293 872 5330 σοι
905 5276 1054 5329 πᾶσα
1081 5273 1227 5338 δόξα,
1257 5271 1392 5342 τιμὴ
1439 5273 1534 5325 καὶ
1579 5271 1888 5342 προσκύνη-

331 5393 414 5437 σις
444 5374 522 5442 τῷ
551 5371 744 5442 “arpi,
783 5369 877 5422 καὶ
911 5367 985 5436 τῷ
1010 5365 1143 5434 Υἰῷ,
1180 5366 1273 5418 καὶ
1307 5365 1382 5434 τῷ
1414 5364 1553 5435 ἁγίῳ
1592 5363 1887 5432 Πνεύματι,

331 5467 426 5520 νῦν
461 5465 553 5517 καὶ
583 5465 688 5527 ἀεὶ,
713 5462 804 5515 καὶ
827 5462 908 5522 είς
938 5456 1286 5520 τοῦςαίῶνας
1316 5455 1423 5509 τῶν
1449 5453 1680 5510 αἰώνων.

931 5567 983 5620 Ὁ
1014 5564 1311 5628 διάκονος.

407 5683 529 5735 Ἔτι
562 5681 654 5734 καὶ
684 5679 764 5732 ἔτι
791 5679 848 5732 ἐν
887 5677 1078 5748 εἰρήνῃ
1103 5673 1195 5728 τοῦ
1224 5674 1429 5744 Κυρίου
1454 5671 1752 5743 δεηθῶμεν.

1990 4582 2199 4643 gratum
2230 4570 2325 4625 tihi
2357 4569 2427 4624 sit
2457 4568 2561 4622 hoc
2584 4564 2910 4622 sacriﬁcium
2943 4575 3186 4619 nostrum
3213 4574 3555 4635 etaceeptum

1986 4679 2170 4721 coram
2202 4673 2270 4718 te.

2643 4845 2923 4900 Diaconus.

2060 4955 2216 5021 Juva,
2253 4969 2435 5019 serva,
2468 4956 2745 5018 miserere,
2771 4965 2822 5007 et
2851 4951 3058 5008 custodi
3087 4965 3208 5013 nos,
3249 4949 3388 5003 Deus
3410 4989 3423 5014 ,
3470 4959 3558 5002 tua

1995 5048 2183 5118 gratia.

2395 5154 2685 5223 Sapientia.
2720 5183 2788 5193 —
2823 5151 3177 5205 Exclamatio.

2064 5267 2198 5322 Nam
2236 5264 2327 5319 tibi
2357 5264 2617 5318 convenit
2649 5262 2830 5316 omnis
2864 5260 3058 5328 gloria,
3103 5259 3278 5311 honor
3326 5264 3381 5308 et
3430 5254 3559 5307 ado-

1997 5359 2156 5420 ratio,
2186 5354 2355 5419 Patri,
2385 5362 2439 5409 et
2488 5353 2643 5416 Filio,
2686 5360 2739 5405 et
2784 5358 2973 5404 sancto
3017 5346 3277 5417 Spiritui,
3328 5360 3471 5399 nunc
3509 5350 3564 5404 et

2000 5464 2231 5518 semper,
2272 5456 2323 5502 et
2358 5447 2411 5501 in
2445 5444 3002 5501 saeculaszeculorum.

2655 5557 2934 5610 Diaconus.

2074 5670 2245 5723 Etiam
2277 5679 2436 5739 atque
2476 5667 2636 5723 etiam
2686 5665 2739 5719 in
2785 5680 2915 5734 pace
2968 5659 3256 5716 Dominum
3306 5657 3565 5726 deprece-

2008 5775 2148 5815 mur.
