4212 6432
695 363 834 427 1303

1207 481 1394 536 Oratio
1420 481 1659 548 ﬁdelium
1688 482 1743 538 2.

755 584 917 650 Deus,
947 587 1041 657 qui
1075 588 1129 643 in
1160 588 1536 643 misericordia
1567 598 1623 644 et
1657 591 2104 650 miserationibus
2131 593 2264 648 visi-

683 679 809 732 tasti
842 688 1084 734 nostram
1116 679 1500 747 humilitatem,
1522 683 1617 751 qui
1647 684 1886 740 statuisti
1903 699 2002 740 nos
2030 685 2266 742 humiles

684 778 738 821 et
767 779 1080 839 peccatores
1120 779 1175 825 et
1202 771 1458 842 indignos
1484 789 1672 829 servos
1706 785 1829 832 tuos
1868 786 1993 831 ante
2017 786 2260 832 sanctam

685 863 912 932 gloriam
965 871 1115 918 tuam
1173 873 1229 919 ut
1269 866 1646 923 ministremus
1702 869 1861 924 altari
1911 879 2106 926 sancto
2145 879 2261 935 tuo,

685 956 980 1010 corrobora
1035 973 1139 1014 nos
1182 959 1385 1015 virtute
1427 961 1599 1016 sancti
1657 963 1736 1018 tui
1790 962 2028 1033 Spiritus
2057 963 2124 1017 ad
2156 962 2264 1016 hoc

683 1046 1076 1113 ministerium,
1106 1058 1160 1104 et
1185 1052 1252 1104 da
1285 1050 1442 1106 nobis
1472 1066 1779 1108 sermonem
1801 1092 1816 1117 ,
1857 1053 1988 1107 dum
2044 1066 2108 1107 os
2136 1067 2265 1122 ape—

683 1137 861 1192 rimus
901 1151 1177 1206 nostrutn,
1201 1141 1266 1194 ad
1313 1142 1680 1198 invocantium
1705 1143 1932 1213 gratiam
1982 1143 2156 1199 sancti
2183 1145 2262 1198 tui

684 1234 920 1305 Spiritus
945 1237 1004 1293 in
1038 1238 1138 1294 bos
1165 1239 1258 1309 qui
1286 1239 1488 1297 debent
1526 1241 1638 1297 haec
1663 1257 1892 1297 munera
1930 1242 2150 1298 oﬂ'erre.

1337 1439 1625 1492 Diacomts.

753 1544 913 1607 Juva.
953 1561 1135 1609 serva.
1177 1547 1461 1612 miserere,
1506 1548 1718 1603 custodi
1770 1563 1896 1613 nos,
1951 1548 2116 1614 Deus,
2177 1558 2263 1602 tua

688 1639 886 1706 gratia.

1113 1749 1490 1819 Sapientia.—
1521 1752 1880 1808 Exclamatio.

760 1852 831 1908 Ut
858 1864 946 1908 tua
971 1855 1208 1924 potentia
1242 1857 1442 1911 servati
1473 1872 1713 1927 semper,
1741 1857 1838 1912 tibi
1874 1856 2103 1929 gloriam
2129 1855 2272 1912 refe-

687 1961 895 2012 ramus,
919 1944 1087 2012 Patri,
1129 1957 1184 2002 et
1213 1946 1372 2012 Filio,
1411 1957 1464 2004 et
1507 1958 1697 2004 sancto
1742 1948 1994 2020 Spiritui,
2025 1964 2173 2004 nunc
2218 1958 2273 2004 et

688 2050 923 2107 semper,
959 2046 1015 2092 et
1047 2038 1104 2091 in
1129 2039 1327 2095 saeuis
1361 2041 1709 2096 seculorum.

780 2239 970 2297 Oratio
1003 2256 1162 2312 quam
1191 2241 1382 2312 recitat
1410 2242 1657 2298 sacerdos
1691 2243 1832 2296 intra
1856 2259 1932 2308 se,
1965 2241 2179 2312 quando

1184 2310 1536 2367 Cherubicum
1569 2316 1787 2368 accinil.

758 2419 929 2478 Nemo
969 2421 1169 2493 dignus
1201 2431 1284 2478 est
1307 2437 1522 2488 eorum,
1551 2423 1645 2493 qui
1688 2422 1881 2492 illigati
1916 2431 2044 2478 sunt
2080 2436 2277 2479 carnao

687 2515 831 2569 libus
854 2514 1146 2572 desideriis
1169 2525 1222 2570 et
1253 2515 1622 2584 voluptatibus
1640 2558 1657 2582 ,
1675 2516 1956 2579 accedere,
1985 2513 2277 2584 appropin-

687 2623 858 2676 quare
899 2607 1580 2668 autministraretibiﬁes
1618 2609 1825 2679 gloria}.
1864 2607 2145 2678 Siquidem
2175 2605 2274 2660 tibi

690 2699 1026 2766 ministrare,
1058 2715 1317 2768 magnum
1348 2700 1477 2770 quid
1525 2707 1608 2754 est
1647 2709 1703 2754 et
1747 2699 2090 2755 tremendum
2139 2698 2277 2768 ipsis

689 2793 1005 2852 caelestibus
1033 2795 1415 2863 potestatibus.
1445 2793 1809 2850 Nihilominus
1839 2809 1935 2864 pro
1965 2801 2058 2848 tua
2082 2791 2276 2848 ineﬂ'a-

694 2885 788 2939 bili
826 2895 882 2940 et
924 2885 1195 2941 immensa
1227 2886 1588 2956 benignitate,
1628 2886 1748 2942 sine
1789 2884 2148 2941 conversione
2193 2883 2278 2938 vel

691 2977 996 3034 mutatione
1041 2976 1218 3034 factus
1266 2993 1328 3034 es
1380 2979 1564 3043 homo,
1620 2992 1982 3045 summusque
2019 2975 2280 3032 sacerdos

693 3077 879 3123 noster
928 3069 1293 3130 constitutus,
1341 3068 1599 3123 solemnis
1659 3068 1824 3138 huius
1883 3075 1940 3122 et
2002 3062 2276 3121 incruenti

1431 369 1820 430 OPUSCULA
1857 370 2274 432 LITURGICA
2314 371 2668 433 INCERTJE
2709 374 3020 438 IETATIS.

2291 489 2339 546 Δ

3801 373 3947 437 1304

2872 485 3041 555 Εῠχὴ
3068 486 3301 541 πιστῶν
3327 486 3410 551 β’.

2446 595 2508 646 '0
2530 594 2682 660 Θεὸς,
2709 595 2739 648 6
2763 594 3205 665 ἑπισκεψάμενος
3232 599 3292 649 ὲν
3314 597 3454 649 ἐλέει
3483 596 3579 649 καὶ
3619 596 3948 664 οίκτιρμοῖς

2365 687 2465 758 τὴν
2491 687 2814 741 ταπείνωσιν
2841 688 3020 760 ἡμῶν,
3065 689 3095 740 6
3143 689 3347 760 στήσας
3390 690 3540 757 ἡμὰς
3565 689 3694 752 τοὺς
3740 704 3947 741 ταπει-

2366 780 2489 844 νοὺς
2510 779 2605 834 καὶ
2628 780 2984 852 ἁμαρτωλοὺς
3003 779 3097 834 καὶ
3113 779 3366 844 ἀναξίους
3384 779 3604 843 δούλους
3625 796 3719 833 σου
3742 796 3949 834 κατενο

2367 873 2540 925 ὠπιον
2574 873 2675 944 τῆς
2726 872 2890 942 ἁγίας
2943 871 3104 943 δόξης
3154 888 3250 925 σου
3284 871 3620 943 λειτουργεῖν
3664 870 3744 940 τῷ
3795 870 3948 938 ἁγίῳ

2371 980 2463 1018 σου
2493 964 2888 1037 θυσιαστηρίῳ,
2910 965 2979 1019 σὺ
3009 965 3296 1035 ένίσχυσον
3319 965 3469 1035 ἡμᾶς
3499 967 3566 1034 τῇ
3588 964 3824 1032 δυνάμει
3847 961 3949 1014 τοῦ

2369 1055 2524 1123 ἁγίου
2560 1073 2655 1110 σου
2684 1057 3003 1127 Πνεύματος
3035 1059 3114 1119 είς
3147 1057 3248 1126 τὴν
3270 1055 3550 1110 διακονίαν
3572 1054 3805 1122 ταύτην,
3852 1053 3950 1105 καὶ

2365 1148 2456 1212 δὸς
2487 1149 2619 1219 ἡμίν
2644 1148 2804 1218 λόγον
2837 1151 2900 1203 έν
2923 1148 3128 1215 ἀνοίξει
3143 1148 3255 1202 ⁸τοῦ
3284 1147 3556 1218 στόματος
3581 1147 3742 1218 ἡμῶν
3768 1147 3851 1208 είς
3885 1143 3950 1195 τὸ

2366 1240 2748 1295 ἐπικαλεῖσθαι
2796 1241 2900 1312 τὴν
2944 1240 3108 1312 χάριν
3132 1239 3228 1294 τοῦ
3281 1241 3439 1309 ἁγίου
3473 1258 3570 1293 σου
3619 1239 3950 1304 Πνεύματος

2367 1334 2462 1387 ἀπὶ
2487 1333 2600 1387 τῶν
2629 1331 3356 1404 μελλόντων-προστίθεσθαι
3388 1333 3596 1400 δώρων.

2975 1442 3042 1494 '0
3070 1441 3353 1506 διάκονος

2452 1547 2787 1611 Ἀντιλασοῦ,
2815 1547 3010 1612 σῶσον,
3041 1547 3290 1618 ἐλέησον,
3341 1545 3671 1614 διαφύλαξον
3712 1549 3886 1616 ἡμᾶς,
3926 1547 3954 1596 6

2368 1641 2522 1705 θεὸς,
2552 1642 2621 1711 τῇ
2646 1643 2713 1712 σῇ
2759 1640 2964 1713 χάριτι.

2790 1750 2998 1818 Σοφία.
3023 1777 3092 1789 -
3125 1747 3523 1816 Ἐκφώνησιᾳ

2450 1860 2636 1923 Ὅπως
2661 1859 2768 1914 ὑπὸ
2791 1876 2885 1914 του
2923 1860 3162 1931 κράτους
3202 1874 3298 1912 σου
3347 1856 3580 1911 πάντοτε
3613 1853 3960 1926 φυλαττόμε-

2375 1970 2477 2014 νοι,
2515 1953 2598 2006 σοὶ
2626 1953 2786 2020 δόξαν
2807 1953 3228 2023 ἀναπέμπωμεν
3251 1950 3328 2022 τῷ
3347 1949 3542 2020 Πατρὶ,
3566 1950 3664 2004 καὶ
3705 1948 3788 2015 τῷ
3814 1947 3958 2014 Υῐῷς

2376 2043 2579 2115 καὶτῷ
2604 2045 2744 2116 ἁγίῳ
2784 2046 3086 2117 Πνεύματι,
3132 2045 3228 2098 νῦν
3286 2045 3382 2098 καὶ
3419 2044 3526 2108 ἀεὶ,
3573 2043 3671 2096 καὶ
3712 2041 3797 2106 είς
3831 2041 3961 2102 τοὺς

2374 2136 2580 2197 αἰῶνας
2601 2136 2714 2192 τῶν
2737 2139 2974 2192 αίὼνων.

2376 2251 2454 2323 (8)
2488 2250 2658 2321 Εὐχὴ
2682 2249 2763 2318 ἣν·
2788 2250 2948 2323 ποιεῖ
2971 2253 3003 2323 d
3024 2249 3218 2323 ίερεὺς
3269 2248 3681 2323 καφ-ἑαυτὸν.
3699 2244 3809 2301 τοῦ
3855 2244 3962 2298 Χε-

2649 2316 2936 2391 ρουσικοῦ
2970 2316 3344 2393 ᾀδόμενοςμ.
3361 2316 3705 2389 ᾲόομένου].

2443 2429 2640 2493 οὐδεὶς
2687 2428 2840 2493 ἄξιος
2873 2425 2987 2482 τῶν
3035 2424 3438 2494 συνδεδεμένων
3476 2425 3597 2487 ταῖς
3652 2423 3956 2494 σαρκικαῖς

2377 2521 2697 2592 meum”;
2725 2521 2822 2575 καὶ
2869 2519 3089 2589 ἡδοναῖς
3123 2517 3526 2590 προσέρχεσθαι
3583 2517 3618 2586 ἢ
3655 2515 3958 2588 προσεγγίο

2379 2613 2493 2678 ζειν
2521 2613 2556 2684 ἢ
2599 2613 2936 2683 λειτουργεῖν
2980 2627 3085 2677 σοι,
3118 2609 3350 2664 Βασιλεῦ
3392 2608 3494 2679 τῆς
3523 2608 3682 2678 δόξης
3703 2623 3723 2641 ο
3754 2607 3816 2662 τὸ
3845 2609 3962 2676 γάρ

2377 2704 2647 2758 διακονεῖν
2697 2720 2801 2769 σοι,
2833 2704 2982 2774 μέγα
3017 2703 3113 2756 καὶ
3167 2701 3401 2772 φοϐερὸν
3451 2704 3546 2754 καὶ
3593 2701 3790 2763 αὐταῖς
3832 2703 3960 2761 ταῖς

2377 2797 2722 2871 ἐπουρανίοις
2741 2796 3060 2867 δυνάμεσιν·
3087 2795 3202 2850 ἀλλ’
3224 2795 3376 2865 ὅμως
3396 2793 3490 2848 διὰ
3506 2794 3606 2866 τὴν
3629 2793 3840 2863 ἄφατον
3863 2793 3963 2846 καὶ

2379 2888 2619 2960 ἁμετρδν
2643 2904 2738 2942 σου
2766 2887 3201 2958 φιλανθρωπίαν,
3228 2887 3518 2957 ἀτρέπτως
3547 2886 3642 2940 καὶ
3659 2884 3963 2939 ἀναλλοιὼ-

2377 2997 2489 3042 τως
2521 2978 2750 3048 γέγονας
2780 2977 3088 3049 ἄνθρωπος,
3133 2977 3229 3032 καὶ
3263 2978 3556 3049 ἀρχιερεὺς
3584 2975 3744 3048 ἡμῶν
3788 2977 3963 3044 ἐχρη-

2383 3071 2638 3142 μάτισας,
2691 3071 2788 3124 καὶ⁷
2825 3069 2929 3139 τῆς
2973 3068 3357 3140 λειτουργικῆς
3412 3068 3622 3138 ταύτης
3663 3067 3760 3121 καὶ
3805 3067 3966 3119 dvas-

692 3161 946 3216 sacriﬁcii
1003 3161 1421 3216 celebrationem
1478 3160 1748 3215 tradidisti
1801 3157 1982 3226 nobis,
2013 3163 2305 3226 tanquam'

2383 3161 2593 3233 μάκτου
2631 3160 2824 3223 θυσίας
2852 3161 2953 3228 τὴν
2986 3160 3296 3232 ἱερουργίαν
3326 3159 3653 3229 παρέδωκας
3681 3159 3840 3228 ἡμῖν,
3887 3156 3966 3218 ὡς

697 3252 959 3305 Dominus
1007 3252 1292 3305 omnium.
1345 3250 1424 3304 Tu
1455 3251 1599 3305 enim
1630 3251 1804 3313 solus,
1851 3248 2081 3304 Domine
2129 3247 2276 3301 Deus

696 3352 904 3405 noster,
944 3342 1248 3397 dominaris
1303 3342 1620 3396 emlestibus
1677 3350 1732 3395 et
1775 3339 2169 3404 terrestribus;
2216 3347 2274 3392 tu

693 3429 1004 3486 Cheruliico
1028 3431 1230 3486 throno
1263 3432 1498 3494 veheris,
1535 3441 1592 3485 tu
1619 3430 1903 3501 Serapltim
1929 3444 2047 3493 res,
2077 3427 2276 3485 Israel-

694 3539 801 3593 que
830 3521 1093 3578 Dominus
1126 3540 1220 3590 es;
1253 3531 1308 3578 tu
1337 3523 1492 3578 solus
1515 3531 1762 3587 sanctus,
1781 3530 1836 3576 et
1870 3521 1923 3575 in
1957 3519 2167 3576 sanctis
2192 3520 2276 3574 in-

696 3615 968 3669 habitans.
1010 3612 1086 3667 Te
1123 3613 1288 3682 igitur
1334 3627 1504 3669 exoro
1543 3613 1719 3668 solum
1768 3612 1974 3667 bonum
1999 3620 2054 3666 et
2092 3611 2278 3681 propi-

695 3707 959 3770 tiabilem,
983 3706 1194 3778 respice
1209 3721 1298 3761 me
1324 3712 1662 3777 peccatorem
1696 3713 1752 3760 et
1784 3704 2031 3760 inutilem
2056 3717 2276 3760 servum

697 3813 873 3864 tuum,
893 3807 948 3855 et
973 3814 1145 3870 purga
1169 3807 1403 3855 mentem
1439 3812 1614 3852 meam
1644 3805 1700 3851 et
1725 3811 1823 3851 cor
1845 3811 2028 3851 meum
2060 3811 2092 3850 a
2122 3795 2278 3866 cogi-

698 3894 905 3949 tatione
949 3907 1149 3962 prava,
1200 3901 1256 3945 et
1303 3890 1557 3944 idoneum
1606 3904 1693 3943 me
1737 3887 1905 3944 redde
1949 3887 2150 3942 virtute
2199 3887 2277 3941 tui

697 3987 872 4042 sancti
903 3984 1161 4055 Spiritus,
1207 3992 1267 4038 ut
1307 3982 1532 4038 indutus
1561 3981 1731 4052 gratia
1752 3979 2066 4044 sacerdotii,
2106 3979 2278 4034 assis-

697 4086 807 4132 tam
845 4085 1048 4132 sanctae
1079 4084 1183 4130 tua
1213 4074 1340 4128 huic
1362 4087 1581 4136 mensae,
1609 4081 1659 4126 et
1682 4085 2001 4128 consecrem
2025 4079 2277 4126 sanctum

696 4183 750 4226 rt
797 4169 1208 4225 immaculatum
1226 4181 1428 4236 corpus
1465 4175 1618 4220 tuum
1642 4175 1695 4219 et
1722 4163 2022 4234 pretiosum
2051 4163 2279 4233 sanguio

701 4278 844 4317 ncm.
873 4263 954 4317 Ad
1000 4271 1055 4319 te
1085 4261 1231 4318 enim
1261 4257 1464 4315 accedo
1499 4256 1757 4312 inclinata
1786 4255 1998 4311 cervice
2025 4270 2144 4310 mea
2165 4294 2181 4322 ,
2228 4264 2284 4312 et

698 4359 961 4427 deprecor
1009 4366 1084 4416 te,
1117 4354 1227 4408 noli
1266 4351 1460 4407 faciem
1498 4360 1646 4406 tuam
1667 4364 1699 4403 a
1734 4363 1823 4405 me
1859 4357 2108 4404 avertere
2129 4384 2151 4415 ,
2185 4363 2283 4403 ne-

2382 3250 2664 3321 Δεσπότης
2712 3249 2824 3303 τῶν
2854 3250 3155 3304 άπάντωνο
3207 3250 3276 3303 σὺ
3319 3248 3430 3320 γάρ
3492 3249 3684 3318 μόνος,
3735 3245 3969 3317 Κύριεὸ

2377 3342 2516 3406 Θεὸς
2549 3341 2728 3412 ἡμῶν,
2753 3341 3042 3406 δεσπόζεις
3069 3340 3178 3394 τῶν
3201 3341 3544 3411 έπουρανεων
3577 3339 3677 3393 καὶ
3707 3339 3821 3392 τῶν
3848 3339 3966 3390 ἔπι-

2381 3434 2580 3502 γείωνο
2605 3433 2636 3486 6
2661 3434 2757 3486 ἐπὶ
2786 3432 2980 3504 θρόνου
3009 3431 3346 3504 Χερουΰικοῦ
3372 3433 3762 3504 έποχούμενος,
3785 3433 3814 3487 6
3853 3431 3969 3486 τῶν

2386 3524 2640 3595 Σεραφὶμ
2670 3523 2895 3594 Κύριος,
2931 3525 3026 3578 καὶ
3069 3523 3336 3588 Βασιλεὺς
3368 3524 3464 3583 τοῦ
3506 3523 3760 3596 Ἰσραήλ·
3796 3525 3826 3578 6
3869 3525 3960 3592 μό-

2384 3631 2473 3677 νος
2510 3615 2687 3682 ἆγιος,
2725 3614 2823 3668 καὶ
2847 3614 2907 3668 έν
2955 3615 3134 3684 ἁγίοις
3170 3616 3619 3685 ἀναπαυόμενος’
3673 3616 3732 3669 οὶ
3781 3614 3969 3668 τοίνυν

2382 3706 2616 3761 δυσωπῶ
2643 3707 2735 3760 τὸν
2783 3707 2945 3777 μόνον
2993 3706 3200 3777 ἀγαθὸν
3237 3709 3340 3763 καὶ
3379 3708 3636 3779 εὑήκοον,
3669 3707 3967 3778 έπίσλεψον

2384 3799 2474 3853 tr.“
2504 3800 2608 3871 έμέ
2639 3802 2730 3854 τὸν
2759 3801 3087 3873 ἁμαρτωλὸν
3103 3803 3199 3856 καὶ
3230 3803 3454 3873 ἀχρεῖον
3481 3802 3670 3857 δοῦλόν
3715 3820 3836 3870 σου,
3873 3805 3970 3857 καὶ

2387 3890 2686 3964 καθάρισόν
2713 3909 2816 3961 μου
2844 3891 2946 3964 τὴν
2969 3893 3151 3964 ψυχὴν
3178 3893 3275 3948 καὶ
3314 3897 3416 3964 τὴν
3439 3893 3672 3964 καρδίαν
3695 3894 3810 3948 ἀπὸ
3842 3910 3971 3947 συν-

2385 3983 2646 4053 ειδήσεως
2668 3984 2940 4054 τιωνηρᾶς,
2974 3983 3072 4036 καὶ
3105 3983 3372 4038 ίκάνωσόν
3408 3999 3477 4055 με
3501 3985 3570 4055 τῇ
3604 3983 3840 4055 δυνάμει
3873 3984 3969 4038 τοῦ

2387 4075 2546 4144 ἁγίου
2574 4091 2668 4129 σου
2693 4074 3038 4145 Πνεύματος,
3067 4075 3416 4145 ένδεδυμένον
3442 4076 3545 4147 τὴν
3565 4079 3666 4148 τῆς
3694 4077 3972 4148 ίερατείας

2387 4165 2575 4236 χάριν,
2591 4166 2951 4236 παραστῆναι
2977 4170 3041 4238 τῇ
3073 4168 3208 4238 ἁγίᾳ
3243 4183 3338 4220 σου
3377 4168 3550 4239 ταύτῃ
3579 4170 3853 4242 τραπέζῃ,
3878 4171 3972 4223 καὶ

2387 4257 2749 4328 ίερουργῆσαι
2776 4257 2842 4311 τὸ
2859 4257 3017 4326 ἁγιον
3043 4259 3138 4312 καὶ
3156 4258 3432 4328 ἁχραντόν
3459 4276 3555 4312 σου
3591 4260 3755 4330 σῶμα
3782 4263 3884 4314 καὶ
3910 4261 3972 4314 τὸ

2389 4350 2572 4420 τίμιον
2602 4345 2763 4419 αἷμα.
2794 4351 2885 4404 Σοὶ
2909 4351 3022 4420 γάρ
3053 4352 3434 4423 προσέρχομαι
3459 4352 3648 4416 κλίνας
3677 4353 3771 4406 τὸν
3797 4356 3972 4423 ἐμαυ-

699 4463 808 4518 que
839 4447 1029 4518 ejicias
1073 4461 1138 4499 ex
1173 4444 1408 4499 filiorum
1450 4453 1670 4497 tuorum
1710 4455 1942 4496 numero
1989 4457 2003 4492 :
2035 4438 2133 4494 sed
2183 4437 2282 4492 di-

2383 4440 2486 4494 τοῦ
2533 4442 2756 4512 αὐχένα,
2793 4442 2896 4497 καὶ
2939 4442 3131 4514 δέομαί
3191 4459 3309 4509 σου,
3371 4445 3447 4515 μὴ
3505 4445 3864 4516 άποστρέψῃς
3913 4447 3974 4500 τὸ

700 4502 1046 4612 g'uttm'eﬂice
1088 4538 1182 4610 qui
1216 4537 1442 4594 oderam
1476 4536 1597 4603 tibi,
1625 4551 1727 4606 ego
1759 4543 2012 4604 peccator
2043 4541 2099 4588 et
2136 4530 2283 4587 indi-

2391 4502 2688 4602 xpéamtdv
2717 4502 2813 4587 σου
2840 4533 2939 4588 ἀπ’
2967 4502 3125 4604 ἐμοῦ,
3183 4502 3320 4605 μηδέ
3909 4539 3975 4591 tat

700 4650 839 4704 guns
866 4649 1058 4689 servus
1089 4643 1237 4695 tuus,
1261 4630 1376 4684 haec
1403 4631 1546 4683 dona
1579 4645 1594 4683 :
1623 4636 1680 4682 tu
1705 4627 1852 4681 enim
1887 4640 1948 4680 es
1986 4624 2080 4694 qui
2118 4623 2284 4679 odere

2388 4623 2601 4676 παίδων
2645 4641 2776 4678 σου·
2815 4624 2934 4679 ἀλλ’
2981 4626 3216 4693 ἀξίωσον
3266 4627 3699 4698 προσενεχθῆναί
3753 4645 3838 4682 σοι
3880 4630 3974 4683 ὑπ’

698 4735 751 4778 et
777 4723 991 4779 oll‘erris
1020 4723 1119 4792 (9).
1167 4761 1183 4775 .
1240 4762 1254 4776 .
1317 4759 1332 4775 .
1382 4760 1396 4776 .
1419 4720 1648 4774 honesta
1675 4727 1730 4772 et
1761 4715 2132 4771 conducibilia
2157 4715 2283 4770 ani-

2391 4714 2530 4785 ιμοῦ
2550 4713 2644 4768 τοῦ
2666 4717 2782 4786 ἁμα
2789 4717 2995 4787 ρτωλοῢ
3020 4721 3115 4770 καὶ
3132 4717 3353 4782 ἀναξίου
3372 4717 3563 4772 δούλου
3599 4736 3695 4772 σου
3727 4719 3798 4774 τά
3824 4720 3974 4791 δῶρα

701 4817 894 4871 tnabus
917 4815 1142 4880 nostris,
1165 4823 1220 4868 et
1247 4829 1430 4882 pacem
1453 4810 1660 4867 mundo
1687 4825 1720 4864 a
1751 4809 1981 4863 Domino
2008 4821 2283 4878 rogemus.

2389 4807 2605 4861 ταῦτα’
2634 4812 2700 4862 σὺ
2748 4809 2860 4880 γὰρ
2895 4807 2947 4864 εῐ
2982 4811 3011 4864 6
3053 4811 3381 4881 προσφέρων
3441 4811 3538 4864 καὶ
3594 4813 3624 4865 6
3665 4816 3974 4884 προσφερόο

701 4926 980 4978 μενος.....
1011 4909 1081 4961 τά
1123 4905 1262 4959 καλά
1319 4907 1414 4959 καὶ
1471 4903 1822 4974 συμφέροντα
1855 4902 1978 4964 ταῖς
2028 4897 2230 4968 ψυχαίς
2271 4898 2457 4969 ἡμῶν,
2490 4899 2586 4952 καὶ
2615 4900 2845 4970 είρήνην
2895 4899 2974 4971 τῷ
3031 4902 3220 4972 κόσμῳ
3264 4899 3416 4972 παρὰ
3447 4900 3542 4955 τοῦ
3573 4902 3782 4974 Κυρίου
3815 4907 3973 4976 αἰτη-

699 5002 941 5072 σώμεθα.

772 5097 843 5152 υι
874 5095 1142 5166 reliquum
1167 5103 1384 5161 tempus
1414 5093 1538 5148 vita:
1562 5100 1766 5148 nostra
1788 5091 1840 5146 in
1874 5106 2005 5161 pace
2028 5099 2083 5146 et
2105 5105 2280 5161 potnt-

699 5189 871 5242 tentia
905 5188 1281 5241 absolvamus.

2396 5185 2493 5238 καὶ
2527 5186 2787 5256 μετανοίᾳ
2816 5188 3124 5242 ἐκτελέσαι.

768 5281 1148 5336 Christianum
1185 5280 1345 5336 tinem
1387 5280 1512 5333 vitae
1536 5289 1760 5342 nostra,
1786 5277 1992 5332 doloris
2012 5284 2069 5330 et
2090 5275 2289 5332 confu-

2467 5276 2768 5345 Χριστιανά
2796 5278 2867 5331 τά
2888 5279 3016 5350 τέλη
3039 5279 3141 5348 τῆς
3171 5280 3317 5350 ζωῆς
3350 5280 3510 5350 ἡμῶν
3569 5280 3844 5347 ἀνώδυνα,
3877 5284 3974 5336 άν-

699 5375 871 5432 sionis
896 5383 1198 5445 expertem,
1229 5384 1483 5444 pacat-um
1506 5416 1521 5438 ,
1557 5385 1611 5427 et
1657 5375 1855 5428 bonam
1913 5371 2287 5427 defensionem

2393 5367 2753 5438 επαίσχυντα,
2783 5370 3059 5441 είνρηνικά,
3093 5371 3187 5424 καὶ
3216 5370 3390 5444 καλὴν
3410 5373 3713 5441 ἀπολογίαν
3748 5374 3854 5444 τὴν
3886 5376 3979 5428 ἰπὶ

2460 5092 2565 5144 Τὸν
2596 5092 2878 5146 ἐπίλοιπον
2907 5095 3100 5164 χρόνον
3133 5096 3234 5166 τῆς
3282 5094 3431 5167 ζωῆς
3461 5095 3622 5167 ἡμῶν
3665 5097 3726 5150 έν
3775 5100 3974 5173 εἰρήνῃ

697 5485 883 5526 coram
909 5468 1192 5524 tremendo
1225 5468 1482 5522 tribunali
1524 5466 1730 5522 Christi
1761 5481 2044 5534 rogemus.

776 5560 1046 5614 Unitatem
1097 5559 1220 5615 fidei
1254 5569 1308 5613 et
1353 5557 1792 5613 communionem
1843 5557 2083 5625 Spiritus
2114 5554 2289 5609 sancti

774 5719 854 5786 (8)
921 5717 1055 5770 Tam
1136 5719 1189 5770 in
1247 5716 1469 5784 liturgia
1528 5715 1586 5769 S.
1653 5714 2030 5786 lihrysostorni
2111 5729 2276 5782 quam

703 5785 789 5846 S;
821 5788 1067 5860 Gregorii
1099 5789 1464 5842 Alexandrina
1491 5794 1546 5842 et
1590 5786 1720 5842 alibi
1759 5787 1956 5857 legitur
1993 5785 2109 5841 haec
2152 5800 2277 5840 ora-

2391 5459 2486 5514 τοῦ
2510 5461 2742 5531 φοϐεροῦ
2765 5462 3011 5533 βήματος
3044 5463 3139 5516 τοῦ
3170 5463 3412 5534 Χριστοῦ
3442 5464 3826 5536 αἱτησώμεθα.

2465 5553 2576 5623 Τὴν
2603 5553 2836 5623 ένότητα
2880 5553 2979 5624 τῆς
3007 5555 3244 5618 πίστεως
3285 5557 3380 5608 καὶ
3427 5557 3527 5627 τὴν
3554 5556 3847 5610 κοινωνίαν
3879 5557 3971 5609 τοῦ

2393 5722 2545 5853 ιιυ(9)
2588 5783 2752 5838 Multa
2785 5783 2872 5839 hic
2896 5783 3095 5838 desunt
3119 5792 3172 5839 et
3204 5782 3388 5839 forsan
3431 5786 3639 5856 integra
3667 5785 3888 5842 charta.
