4212 6432
280 422 421 488 1305

1460 417 1520 477 S.
1556 415 1838 478 BASILII
1880 416 2272 478 LITURGIA.

3377 416 3517 482 i306

280 537 438 605 ἁγίου
468 531 784 603 Πνεύματος
824 528 1202 602 αίτησάμενοι,
1250 529 1500 592 ἑαυτοὺς,
1533 532 1628 583 καὶ
1676 529 1840 600 ἄλλη·
1866 532 1918 592 Α

1866 532 1918 592 Α
1945 542 2222 599 rogantes,
2250 547 2350 587 nos
2376 534 2541 602 ipsos,
2571 544 2624 589 et
2658 533 2796 590 alios
2842 531 3096 593 invicem,
3129 540 3182 585 et
3215 540 3382 586 totam
3435 538 3517 587 vi-

279 629 429 690 λους.
461 625 555 678 καὶ
590 626 774 678 πᾶσαν
803 621 904 693 τὴν
960 622 1105 691 ζωὴν
1134 621 1291 692 ἡμῶν
1340 620 1560 690 Χριστῷ
1605 620 1682 693 τῷ
1723 620 1843 691 Θεῷ

280 738 359 772 πα
366 717 679 791 ραθὼμεθα.

786 822 1164 893 Ἐκφώνησις
1219 821 1353 891 (ιθ).

356 933 838 999 natanatath
892 932 1064 1002 ἡμᾶς.
1113 930 1358 983 Δέσποτα
1418 929 1845 1002 ἡμῶνοπαρῤηο

289 1027 411 1091 σίας
435 1026 818 1095 ἀκατακρίτως
851 1026 1055 1095 τολμᾷν
1076 1023 1451 1077 ιπικαλείσοαί
1484 1038 1542 1074 σε
1572 1022 1663 1075 τὸν
1680 1024 1844 1075 ἔπου-

293 1117 472 1191 ράνιον
507 1119 640 1171 Θεὸν
669 1116 909 1185 Πατέρα.
935 1115 1032 1168 καὶ
1056 1115 1237 1180 λέγειν
1270 1130 1284 1143 ·

361 1211 543 1279 Πάτερ
574 1207 753 1278 ἡμῶν,
777 1208 805 1261 6
833 1210 891 1261 εν
919 1208 1032 1267 τοῖς
1059 1206 1428 1276 οὐρανοῖς.....

876 1312 1271 1383 Ἔκφώνησις.

357 1424 480 1477 Ὀτι
532 1421 627 1475 σοῦ
653 1422 800 1475 εστιν
830 1421 865 1487 ἡ
914 1419 1159 1490 βασιλεία
1201 1419 1296 1472 καὶ
1328 1420 1361 1488 ή
1419 1417 1646 1489 δύναμις
1691 1419 1785 1471 καὶ
1812 1421 1846 1490 ἠ

284 1512 432 1578 δόξα,
462 1513 557 1565 τοῦ
584 1510 817 1579 ῐιατρὸς.
842 1509 938 1562 καὶ
969 1508 1063 1563 τοῦ
1086 1508 1240 1571 Tia-3,
1265 1506 1470 1561 καὶτοῦ
1494 1509 1649 1575 ἁγίου
1675 1509 1847 1561 Πνεῦ-

288 1621 479 1670 ματος,
535 1602 631 1656 νῦν
683 1604 778 1657 καὶ
820 1602 929 1665 ἀεὶ,
994 1601 1093 1656 καὶ
1162 1604 1244 1664 είς
1307 1602 1435 1665 τοὺς
1478 1601 1683 1664 αἰῶνας
1739 1601 1849 1654 τῶν

283 1696 513 1750 αίώνων.
839 1694 852 1711 ⁸

356 1783 561 1854 Εἰρήνη
588 1785 776 1838 πᾶσιν.

863 1892 927 1946 '0
954 1891 1256 1954 διάκονος.

357 2001 469 2065 Τᾶς
504 2001 746 2070 κεφαλὰς
775 2002 1032 2073 υμῦντῷ
1062 2000 1254 2071 Κυρίῳ
1288 1999 1519 2053 κλίνατε.

541 2110 605 2163 '0
638 2109 828 2180 ἱερεὺς
855 2109 1212 2177 κλινάμενος
1239 2107 1552 2176 ἐπεύχεται
1579 2119 1596 2135 ο

353 2218 600 2272 Δέσποτα
628 2216 807 2289 ἡμῶν,
856 2215 1053 2286 Κύριε,
1085 2216 1114 2268 6
1142 2215 1329 2285 Πατὴρ
1370 2213 1481 2267 τῶν
1521 2210 1841 2282 οἰκτιρμῶν,

281 2311 376 2363 καὶ
402 2310 534 2373 Θεὸς
576 2310 757 2380 πάσης
791 2308 1214 2379 παρακλήσεως,
1247 2306 1376 2369 τοὺς
1410 2303 1841 2358 ὑποκεκλικὸτας

283 2418 368 2454 σοι
396 2401 495 2464 τὰς
534 2400 741 2456 ἑαυτῶν
769 2399 1011 2468 κεφαλὰς
1045 2398 1363 2467 εὐλόγησον,
1395 2395 1641 2463 ἁγίασον,
1674 2391 1840 2461 φρού-

285 2510 471 2564 ρησον.
502 2492 799 2563 ὀχύρωσον,
831 2488 1235 2560 εώυνάμωσονο
1294 2486 1402 2543 ἀπὸ
1428 2486 1626 2549 παντὸς
1677 2485 1840 2553 ἔργου

280 2585 522 2655 πονηροῦ
557 2586 887 2655 ἀπόστησον,
926 2583 1091 2639 ⁴ιιαντὶ
1118 2582 1176 2636 δὲ
1206 2580 1354 2652 ἔργῳ
1375 2578 1561 2648 ἀγαθῷ
1584 2576 1841 2644 σύναψον.

283 2675 377 2726 καὶ
417 2674 753 2740 καταξίωσυν
773 2673 1161 2744 ἀκατακρίτους
1192 2671 1482 2741 μετασχεῖν
1502 2668 1608 2721 τῶν
1636 2667 1841 2736 ἀχράν-

280 2783 389 2817 των
423 2767 629 2818 τούτων
676 2764 773 2817 καὶ
806 2763 1088 2828 ζωοποιῶν
1140 2761 1478 2831 μυστηρίων.
1526 2760 1606 2821 είς
1648 2757 1843 2827 ᾶῖεσιν

280 2856 588 2925 ἁμαρτιῶν,
619 2855 698 2918 είς
728 2854 1040 2924 Πνεύματος
1070 2853 1227 2922 ἁγίου
1256 2850 1562 2905 κοινωνίαν.

870 2979 1265 3051 Ἐκρῶνησιςκ

352 3091 553 3161 Χάριτι
592 3092 693 3146 καὶ
721 3093 1025 3163 οίκτιρμοῖς
1065 3092 1157 3143 καὶ
1196 3088 1579 3158 φιλανθρωπία
1615 3086 1709 3140 τοῦ
1745 3102 1845 3156 μο-

280 3183 533 3251 νογενοῦς
565 3200 658 3237 σου
696 3183 850 3245 Υίοῦ,
888 3181 1009 3253 μεθ’
1057 3173 1121 3235 οὗ
1170 3180 1461 3250 εὐλογητὸς
1502 3174 1574 3239 εἶ.
1628 3178 1725 3231 σὺν
1760 3175 1839 3244 τῷ

282 3247 533 3345 mm
556 3277 650 3330 καὶ
681 3247 1007 3344 ἀγαθῷ-καὶ
1032 3272 1279 3342 {nemo
1304 3247 1397 3325 acu
1424 3270 1723 3335 Πνεύματι,
1748 3268 1839 3322 καὶ
1865 3247 1908 3306 ϐ

280 3366 377 3418 νῦν
408 3368 504 3419 καὶ
536 3368 645 3429 ἀεὶ,
670 3368 766 3420 καὶ
786 3366 866 3428 εις
892 3368 1019 3428 τοὺς
1041 3365 1245 3427 αἰῶνας
1276 3363 1385 3417 τῶν
1417 3363 1651 3417 αἰώνων.

361 3478 426 3530 '0
446 3477 637 3546 Ιερεὺς
664 3478 1019 3547 κλινάμενος
1051 3477 1388 3545 ἐπεύχεται.

354 3586 617 3656 Πρόσχες,
665 3586 838 3656 Κύριε
900 3585 1071 3656 Ἰησοῦ
1114 3585 1315 3655 Χριστὶ
1345 3585 1375 3638 6
1418 3584 1550 3648 Θεὸς
1576 3583 1754 3654 ἡμῶν,
1785 3580 1846 3646 ἐξ

283 3676 441 3743 ἁγίου
479 3675 901 3747 κατοικητήρίου
930 3693 1045 3738 σου.
1074 3680 1169 3728 καὶ
1202 3674 1310 3728 ἀπὸ
1332 3674 1524 3745 θρόνου
1547 3674 1704 3745 δόξης
1740 3673 1843 3742 τῆς

283 3767 561 3837 βασιλείας
585 3784 679 3820 σου
698 3782 715 3798 ⁸
740 3768 837 3820 καὶ
863 3766 985 3819 ιλθι
1010 3768 1088 3831 είς
1110 3767 1172 3819 τὸ
1201 3766 1428 3834 ἁγιάσαι
1460 3767 1631 3835 ἡμᾶς,
1662 3767 1692 3818 6
1730 3766 1843 3819 ἄνω

280 3857 358 3923 τῷ
380 3858 554 3929 Uatpl
570 3856 1010 3928 συγκαθήμενος,
1031 3859 1125 3911 καὶ
1144 3850 1246 3913 ὧδε
1265 3860 1399 3928 ἡμῖν
1425 3858 1689 3928 ἀορίστως
1719 3874 1844 3909 συνο

284 3949 395 4003 ὡν·
449 3952 542 4004 καὶ
600 3951 939 4016 ιαταξίωσον
995 3954 1062 4021 τῇ
1100 3952 1335 4020 κραταιᾷ
1369 3967 1464 4004 σου
1490 3950 1636 4020 χειρὶ
1673 3966 1842 4019 μετα-

279 4041 310 4093 δ
341 4040 461 4093 ὗναι
492 4041 623 4110 ἡμῖν
646 4041 741 4093 τοῦ
767 4041 1035 4109 ἀχράντου
1076 4038 1330 4109 σώματός
1374 4056 1469 4092 σου
1510 4041 1609 4093 καὶ
1638 4038 1734 4093 τοῦ
1769 4056 1846 4094 τι·

282 4133 407 4201 μίου
427 4131 681 4200 αἵματος,
707 4131 803 4186 καὶ
830 4132 899 4185 δι’
932 4132 1090 4201 ἡμῶν
1112 4132 1277 4185 παντὶ
1311 4130 1388 4201 τῷ
1411 4129 1544 4201 λαῷ.

868 4238 932 4292 ὀ
965 4239 1262 4305 διάκονος.

354 4348 769 4420 Προσεύχωμεν.

921 4455 983 4508 '0
1016 4456 1227 4523 ἱερεύς.

350 4568 431 4619 Τὰ
461 4566 627 4635 Ἅγια
662 4568 775 4628 τοῖς
804 4564 1001 4633 ἁγίοις.

363 4677 426 4727 '0
461 4716 475 4731 .
521 4717 534 4730 .
571 4716 585 4730 .
622 4714 640 4731 .
676 4716 691 4730 .
734 4677 1168 4741 τελειωθείσης,
1214 4674 1458 4729 καὶτῶν
1501 4678 1685 4741 ἁγίων
1719 4681 1843 4731 λει-

280 4748 493 4813 ψὰνων
523 4746 644 4799 ἀπὸ
676 4744 797 4817 τῆς
826 4744 985 4813 Ιερᾶς
1012 4746 1311 4814 ἀρθέντων
1337 4744 1642 4817 τραπέζης,
1669 4749 1838 4802 ἐπεύο

280 4832 447 4885 χεται
477 4821 511 4869 ὀ
534 4815 745 4883 ἱερεύς.

350 4942 791 5013 Εὐχαριστοῦμίν
828 4960 932 5007 σοι,
968 4943 1165 5013 Κύριε,
1204 4946 1234 4997 6
1258 4944 1393 5009 Θεὸς
1434 4947 1613 5016 ἡμῶν,
1645 4948 1737 5000 ἐπὶ
1772 4950 1841 5019 τῇ

280 5035 579 5103 μεταλήψει
606 5034 714 5087 τῶν
742 5036 913 5103 ἁγίων
955 5036 1051 5088 καὶ
1094 5036 1400 5105 ὰχράντων,
1427 5039 1707 5093 ἀθανάτων
1736 5042 1831 5094 καὶ

278 5127 619 5194 ἐπουρανίων
652 5128 990 5197 μυστηρίων,
1029 5126 1067 5181 ἃ
1098 5128 1302 5192 ἔδωκας
1330 5132 1464 5199 ἡμῖν
1490 5132 1582 5184 ἐπὶ
1612 5133 1840 5202 εὐεργε-

279 5220 371 5287 σίᾳ
417 5219 597 5289 ἡμῶν,
649 5222 744 5271 καὶ
803 5220 944 5273 ίὰσει
1255 5223 1452 5293 ἡμῶν
1520 5226 1698 5279 πάντα
1729 5226 1842 5298 γὰρ

278 5310 565 5374 ἀπέδωκας
594 5310 749 5381 ἡμῖν.

868 5440 1265 5509 Ἔκφώνησις.

346 5550 457 5602 Kal
487 5550 573 5613 δὸς
597 5551 731 5619 ἡμῖν
762 5550 823 5604 ἐν
856 5551 938 5604 ἑνὶ
972 5552 1200 5621 στόματι
1221 5554 1317 5606 καὶ
1343 5556 1442 5627 μιᾷ
1462 5555 1660 5627 καρδίᾳ
1684 5557 1841 5623 δοξά-

277 5641 389 5706 ζειν
430 5646 523 5696 καὶ
563 5644 821 5712 ἀνυμνεϊν
877 5644 936 5698 τὸ
971 5645 1236 5715 πάντιμον
1274 5647 1369 5701 καὶ
1422 5650 1841 5721 μεγαλοπρεπὲς

1871 1877 1919 1937 Β

1946 629 2055 676 tam
2108 636 2345 679 nostram
2385 626 2605 679 Christo
2640 626 2748 678 Deo
2773 625 3200 679 committamus.

2538 822 2899 878 Exclamatio.

2018 932 2121 986 Fac
2144 932 2305 986 etiam
2337 944 2437 984 nos
2467 930 2688 1000 dignos,
2726 928 2949 985 Domine
2982 939 3202 993 noster,
3252 940 3312 984 ut
3350 935 3519 983 conti-

1945 1024 2104 1078 dcnte
2141 1026 2347 1084 animo,
2369 1023 2736 1078 damnationis
2770 1021 3060 1086 immunes,
3091 1024 3390 1078 audeamus
3439 1024 3520 1075 in-

1948 1130 2138 1168 vocare
2172 1123 2224 1168 te
2249 1114 2523 1169 caelestem
2565 1113 2775 1169 Patrem
2804 1114 3031 1168 dicendo
3070 1133 3085 1169 :

2016 1204 2180 1256 Pater
2209 1211 2409 1266 noster,
2447 1202 2629 1272 quies
2665 1205 2717 1255 in
2750 1204 3021 1259 θειώδη...

2570 1310 2931 1367 Επιαηιαιίο.

2019 1420 2287 1486 Quoniam
2330 1429 2480 1473 tuum
2513 1428 2598 1473 est
2630 1434 2856 1487 regnum
2890 1428 2944 1472 et
2980 1428 3215 1487 potestas
3243 1427 3295 1473 et
3320 1418 3511 1489 gloria.

1949 1513 2143 1575 Putris,
2180 1523 2232 1567 et
2247 1511 2391 1573 Filii,
2436 1521 2490 1566 et
2518 1510 2750 1581 Spiritus
2772 1512 2968 1574 sancti,
3003 1527 3153 1567 nunc
3190 1521 3243 1566 et
3278 1527 3517 1581 semper,

1946 1617 2000 1660 et
2026 1608 2077 1658 in
2114 1604 2308 1658 saecula
2337 1604 2685 1658 mulorum.

2022 1788 2129 1843 Pas
2156 1788 2433 1842 omnibus.

2587 1896 2881 1952 Diaconus.

2010 2003 2199 2075 Capita
2224 2014 2402 2060 vestra
2434 2003 2666 2059 Domino
2696 2003 2981 2059 inclinate.

2362 2115 2621 2172 Sacerdos
2659 2116 2948 2170 inclinatas
2984 2124 3103 2168 orat
3128 2130 3146 2168 :

2014 2224 2332 2279 Dominator
2360 2222 2555 2285 nostri,
2599 2220 2844 2289 Domine,
2882 2220 3040 2275 Pater
3102 2218 3515 2275 miserationum

1940 2324 1997 2371 et
2039 2316 2180 2371 Dens
2225 2315 2394 2369 totius
2438 2313 2851 2375 consolationis,
2895 2312 3221 2367 inclinantes
3267 2311 3364 2365 tibi
3418 2326 3517 2364 sna

1942 2407 2118 2476 capita
2135 2404 2459 2467 benedicito,
2474 2402 2833 2465 sanetilicato,
2855 2403 3151 2461 custodito.
3174 2402 3515 2463 conﬁrmato,

1944 2496 2238 2559 roborato;
2270 2493 2339 2547 ab
2374 2494 2521 2547 omni
2573 2508 2735 2562 opere
2774 2506 2940 2561 pravo
2971 2500 3177 2555 averte,
3230 2490 3379 2543 omni
3412 2505 3514 2543 au-

1945 2596 2051 2642 tem
2088 2588 2237 2657 operi
2290 2586 2435 2641 bono
2462 2594 2618 2654 apta,
2654 2594 2709 2639 et
2740 2586 2935 2653 dignos
2971 2584 3124 2639 edice
3167 2584 3283 2639 sine
3328 2598 3512 2651 repre-

1945 2681 2206 2736 hensione
2260 2679 2589 2750 participare
2633 2678 2719 2733 Itis
2772 2679 3134 2734 immaculatis
3188 2686 3242 2731 et
3291 2675 3519 2729 viviticis

1944 2770 2239 2841 mysteriis,
2277 2770 2331 2823 in
2388 2768 2765 2822 remissionem
2813 2777 3158 2837 peccatorum
3190 2765 3244 2819 in
3270 2779 3518 2820 commn-

1943 2862 2273 2918 nicationem
2304 2860 2477 2916 sancti
2496 2858 2759 2929 Spiritus.
2870 2908 2873 2915 .

2561 2988 2919 3043 Exclamatio.

2016 3097 2202 3153 Gratia
2229 3106 2284 3151 et
2305 3096 2748 3151 miserationibus
2796 3105 2852 3150 ct
2881 3095 3212 3165 benignitate
3253 3093 3515 3165 unigeniti

1948 3189 2024 3244 tui
2056 3188 2196 3252 Filii,
2220 3203 2457 3258 quocum
2481 3187 2799 3242 benedictus
2828 3202 2909 3248 es,
2930 3200 3052 3240 cum
3085 3192 3277 3240 sancto
3290 3192 3343 3238 et
3374 3184 3518 3237 bono

1944 3291 1995 3335 et
2026 3280 2241 3335 viviﬁco
2277 3278 2504 3350 Spiritu,
2526 3287 2581 3335 et
2608 3293 2752 3333 nunc
2786 3286 2842 3333 et
2870 3292 3105 3347 semper,
3138 3286 3192 3331 ct
3222 3276 3276 3330 in
3320 3274 3516 3330 sarcula

1944 3371 2294 3425 saeculorum.

2363 3474 2620 3532 Sacerdos
2646 3475 2932 3529 inclinatus
2958 3482 3096 3527 orat.

2014 3586 2266 3651 Attende.
2299 3584 2527 3641 Domine
2557 3583 2686 3641 Jesu
2739 3583 2978 3644 Christe.
3031 3581 3175 3635 Deus
3205 3588 3410 3642 noster,
3448 3593 3515 3632 ex

1945 3677 2255 3731 itabitaculo
2284 3685 2474 3731 saneto
2506 3686 2617 3737 tuo.
2644 3683 2698 3728 et
2727 3690 2757 3728 e
2781 3673 2977 3729 throno
3004 3671 3189 3743 gloria!
3225 3669 3374 3739 regni
3406 3669 3515 3733 tui;

1943 3782 1997 3825 et
2023 3771 2145 3826 veni
2195 3770 2263 3825 ad
2313 3769 2759 3825 sanctiticandum
2804 3783 2925 3832 nos,
2983 3768 3075 3837 qui
3130 3779 3363 3835 superne
3391 3778 3513 3816 cum

1942 3866 2107 3920 Patre
2130 3865 2308 3929 sedes,
2337 3873 2391 3919 et
2417 3863 2506 3918 hic
2528 3864 2688 3918 nobis
2714 3862 3003 3917 identidem
3037 3860 3203 3924 sdes;
3242 3867 3297 3914 et
3323 3857 3516 3925 dignos

1944 3973 2047 4013 nos
2070 3957 2219 4012 edice
2249 3958 2455 4028 potenti
2488 3968 2579 4011 tua
2613 3972 2774 4011 manu
2812 3955 3136 4026 participare
3164 3968 3266 4007 nos
3299 3951 3517 4004 Iuoim-

1947 4049 2221 4103 maculato
2265 4050 2481 4119 corpori
2521 4060 2575 4105 ct
2602 4050 2839 4120 pretioso
2867 4046 3154 4118 sanguini,
3195 4053 3251 4100 et
3288 4060 3385 4115 per
3418 4056 3523 4095 nos

1944 4157 2162 4196 omnem
2192 4144 2471 4212 populum.

2593 4248 2887 4303 Diaconos.

2015 4356 2268 4415 Oremus.

2597 4461 2877 4517 Sacerdos.

1869 4571 1921 4631 D
2016 4577 2213 4632 Sancta
2239 4576 2463 4630 sanctis.

1944 4724 1961 4740 .
2023 4724 2039 4741 .
2105 4724 2123 4739 .
2183 4723 2201 4740 .
2261 4724 2277 4739 .
2337 4683 2625 4751 Complela,
2656 4692 2706 4735 et
2734 4682 2932 4736 sanctis
2973 4681 3517 4750 [ragmntisasacra

2303 4770 2477 4807 mensa
2498 4753 2714 4816 ablatis,
2740 4752 2987 4805 sacerdos
3021 4760 3160 4804 orat.

2011 4952 2223 5008 Gratias
2253 4954 2466 5023 agimus
2493 4954 2610 5018 tibi,
2643 4953 2889 5021 Domine,
2915 4953 3059 5009 Deus
3081 4965 3287 5013 noster.
3313 4952 3367 5007 in
3390 4968 3516 5023 par-

1937 5046 2244 5116 ticipatione
2272 5056 2584 5102 sanctorum
2623 5058 2677 5101 et
2704 5048 3197 5109 imtnaculatorum,
3228 5048 3515 5100 immorta-

1948 5140 2080 5211 lium
2111 5149 2165 5194 et
2185 5140 2487 5194 cmlestium
2523 5140 2901 5210 mysteriorum
2924 5179 2941 5204 ,
2977 5155 3100 5209 qua:
3126 5138 3324 5193 dedisti
3358 5138 3513 5191 nobis

1948 5232 2017 5287 ad
2044 5231 2343 5304 profectum
2394 5241 2667 5295 nostrum,
2699 5242 2755 5287 et
2784 5233 3128 5288 salutem.....
3163 5240 3468 5286 nostrorum
3496 5247 3512 5295 ;

1945 5323 2128 5377 omnia
2155 5322 2298 5377 enim
2333 5324 2495 5378 nobis
2519 5322 2735 5377 dedisti.

2556 5449 2911 5505 Exclamatio.
2983 5518 2988 5527 δ

2019 5562 2081 5614 Ει
2104 5560 2173 5614 da
2210 5560 2369 5615 nobis
2398 5560 2453 5614 in
2477 5574 2588 5615 uno
2618 5575 2713 5613 ore
2748 5568 2802 5614 et
2849 5574 2959 5612 uno
3001 5558 3162 5612 corde
3207 5556 3512 5625 gloriﬁcare

1945 5662 2001 5709 et
2062 5654 2336 5708 celebrare
2392 5651 2772 5708 honorandum
2849 5661 2903 5707 et
2961 5660 3253 5721 augustum
3311 5664 3517 5704 nomen

345 5801 457 5870 (l0)
497 5800 677 5857 Habes
716 5802 905 5859 eadem
954 5805 1009 5861 in
1041 5806 1099 5862 S.
1130 5804 1317 5859 Basilii
1348 5802 1563 5880 iiturgia
1596 5809 1954 5865 Alexandrina
1980 5811 2121 5882 apud
2154 5809 2455 5864 limandos.
