4212 6432
751 374 771 438 1
787 371 884 433 307

1486 373 1870 432 OPUSCULA
1912 371 2327 431 LiTURGiCA
2371 370 2716 430 lNCERT.E
2757 372 3065 432 lETATIS.

3860 380 4002 442 1303

746 497 922 549 tuum,
952 485 1148 550 Patris,
1187 486 1324 549 Filii,
1352 496 1404 540 et
1439 487 1671 554 Spiritus
1698 488 1895 549 sancti,
1935 503 2078 541 nunc
2107 495 2315 541 etsem-
2348 503 2388 556 Α
2418 486 2486 538 ὃν(

2418 486 2584 555 ὄνομά
2615 505 2730 550 σου,
2765 487 2856 540 τοῦ
2894 487 3124 555 Πατρδς,
3168 488 3377 542 καὶτοῦ
3416 489 3567 552 Υἰοῦ,
3596 491 3689 544 καὶ
3720 492 3815 543 τοῦ
3845 494 4008 558 ἁγίου

747 593 867 644 per,
901 586 954 631 ct
995 579 1046 630 itt
1080 579 1275 633 saecula
1308 579 1654 631 δευρυίυτυιιι.

823 758 885 812 Et
905 760 1007 812 erit
1033 761 1405 813 misericordia
1433 761 1611 825 magni
1636 761 1724 814 Dei
1745 772 1799 815 et
1822 763 2119 816 Salvator-is
2143 765 2318 818 nostri

747 850 874 904 tit-su
906 852 1101 904 tihristi
1139 868 1262 905 cum
1302 853 1554 906 omnibus
1582 853 1751 907 vobis.

820 942 1073 996 Omnium
1112 955 1423 999 sanctorum
1448 951 2016 1002 commenmrationcm
2037 950 2317 1013 facientes.

748 1037 910 1087 etiam
963 1048 1126 1104 atque
1176 1040 1338 1092 etiam
1396 1038 1449 1091 in
1517 1055 1649 1108 pace
1704 1041 1989 1094 Dominum
2048 1042 2318 1110 deprece-

750 1143 892 1181 mur.

827 1220 890 1273 Ut
923 1222 1186 1290 benignus
1227 1223 1369 1276 Deus
1399 1233 1608 1286 noster,
1663 1225 1934 1293 accipiens
1966 1241 2027 1278 ea
2082 1227 2136 1280 in
2187 1243 2315 1280 san-

748 1324 898 1366 ctum
940 1323 992 1366 et
1028 1315 1250 1368 caeleste
1283 1327 1334 1368 et
1363 1317 1646 1382 spirituale
1680 1331 1837 1368 suum
1871 1318 2064 1377 altare,
2094 1319 2146 1371 in
2177 1319 2313 1370 odo-

749 1419 861 1455 rent
914 1403 1199 1457 suavitatis
1243 1405 1563 1471 spiritualis,
1602 1421 1698 1473 pro
1746 1407 1828 1461 eis
1882 1409 2097 1460 emittat
2157 1409 2314 1462 nobis

746 1494 983 1547 divinam
1034 1497 1264 1564 gratiam
1294 1505 1348 1549 et
1385 1497 1586 1549 donum
1619 1497 1857 1566 Spiritus
1886 1498 2087 1563 sancti,
2119 1499 2314 1567 deprc-

746 1602 951 1638 CCIIIUI'.

821 1678 889 1731 Ut
919 1679 1212 1733 liberemur
1245 1679 1312 1731 ab
1341 1679 1487 1732 onmi
1522 1681 1796 1748 angustia,
1831 1682 1931 1747 ira,
1966 1683 2309 1748 necessitate,

749 1770 1037 1824 Dominum
1069 1773 1440 1840 deprecemur.

1334 1878 1604 1933 ‘Sacerdos
1639 1891 1777 1934 orat.

819 1970 955 2023 Deus
989 1982 1192 2037 noster,
1230 1972 1370 2026 Deus
1396 1973 1614 2038 salutis,
1632 1973 1766 2027 doce
1793 1989 1892 2028 nos
1917 1976 2120 2044 gratias
2145 1992 2309 2046 agere

747 2063 838 2114 tibi
869 2063 1062 2130 dignas
1095 2065 1200 2117 tuis
1251 2064 1551 2129 beneficiis,
1593 2082 1714 2134 qua:
1768 2069 2064 2135 praestitisti
2093 2079 2146 2122 et
2176 2085 2311 2138 pra:-

743 2165 854 2205 stas
884 2153 1073 2217 nobis;
1107 2162 1164 2206 tu
1200 2171 1260 2208 es
1293 2154 1430 2208 Dens
1461 2166 1667 2220 noster,
1691 2159 1971 2226 excipiens
2002 2159 2115 2214 haec
2144 2161 2308 2221 dona,

742 2245 967 2313 purifica
1009 2262 1110 2301 nos
1143 2247 1214 2301 ab
1249 2249 1398 2301 omni
1441 2249 1650 2302 macula
1683 2251 1867 2303 carnis
1893 2261 1952 2304 et
1979 2251 2228 2320 spiritus,
2258 2262 2311 2306 ct

743 2339 875 2392 doce
902 2339 1160 2408 perficere
1190 2341 1677 2395 sanctiﬁcationem
1705 2342 1757 2396 in
1791 2343 1988 2398 timore
2023 2353 2138 2408 tuo,
2169 2355 2227 2400 ut
2258 2347 2310 2400 in

744 2446 881 2498 puro
931 2432 1277 2486 conscientia:
1325 2433 1642 2489 testimonio
1695 2445 1896 2491 nostrae
1951 2438 2313 2507 suscipientes

743 2531 951 2589 partem
991 2533 1227 2577 tuorum
1278 2524 1474 2578 horum
1519 2538 2007 2591 sacramentorum,
2058 2532 2313 2586 uniamur

740 2629 865 2667 cum
901 2623 1094 2668 sancto
1121 2631 1349 2686 corpore
1378 2626 1432 2670 et
1461 2619 1727 2686 sanguine
1756 2619 1958 2675 Christi
1991 2624 2090 2685 tui,
2137 2633 2190 2694 et
2225 2639 2312 2677 re-

740 2704 1005 2774 cipientes
1023 2707 1113 2761 illa
1127 2707 1291 2777 digne
1305 2708 1606 2762 habeamus
1624 2709 1900 2764 Christum
1920 2712 2307 2767 inhabitantem

742 2796 796 2849 in
828 2797 1084 2850 cordibus
1135 2800 1444 2871 nostris,‘et
1487 2802 1683 2854 fiamus
1725 2804 1983 2871 templum
2017 2806 2192 2858 sancti
2233 2805 2306 2858 tui

742 2887 999 2954 Spiritus.
1045 2890 1222 2951 Certe,
1260 2867 1399 2944 Deus
1447 2903 1652 2957 noster,
1699 2895 1907 2947 nullum
1955 2910 1984 2947 e
2036 2897 2194 2950 nobis
2228 2895 2310 2948 fa-

739 2979 856 3032 cias
884 2995 1034 3032 reum
1075 2980 1478 3034 tremendornm
1517 2983 1742 3037 istorum
1781 2997 1834 3038 et
1862 2987 2168 3040 cmlestinm
2200 3002 2310 3056 my-

740 3071 1051 3126 .steriornt'n.
1092 3087 1264 3141 neque
1293 3086 1494 3141 a-grota
1539 3075 1721 3129 anima
1757 3086 1810 3129 et
1840 3092 2071 3145 corpore
2095 3093 2214 3132 esse
2237 3079 2309 3133 ob

740 3159 1014 3230 indignam
1053 3161 1270 3215 illorum
1320 3163 1756 3231 susceptionem;
1790 3165 1882 3220 sed
1925 3168 1990 3218 da
2031 3167 2187 3220 nobis
2219 3182 2310 3221 us-

739 3268 845 3320 que
895 3253 962 3306 ad
1005 3253 1251 3308 ultimum
1299 3265 1545 3310 nostrum
1580 3257 1830 3324 spiritum
1878 3257 2037 3326 digne
2067 3259 2306 3327 recipere
2335 3244 2376 3299 (ἶ

741 3357 945 3412 partem
995 3359 1460 3401 sacramentorum
1495 3357 1738 3410 tuorum,
1787 3350 1839 3402 in
1895 3350 2150 3402 viaticum
2187 3351 2308 3403 vitae

737 3447 971 3494 teter-nte.
1019 3439 1070 3490 in
1105 3438 1476 3493 defensionem
1520 3440 1924 3508 propitiabilem
1959 3456 2144 3494 coram
2196 3450 2307 3494 tre-

740 3530 936 3583 nendo
964 3530 1219 3583 tribunali
1252 3528 1452 3583 Christi
1479 3532 1586 3592 tui;
1619 3540 1749 3584 utet
1774 3547 1872 3584 nos
1900 3547 2024 3584 cum
2053 3531 2306 3586 omnibus

736 3623 964 3685 sanctis,
997 3622 1088 3690 qui
1117 3623 1212 3676 tibi
1240 3624 1529 3676 abaeterno
1551 3623 1892 3690 placuerunt,
1925 3626 2119 3679 fiamus
2141 3627 2304 3692 parti-

735 3715 886 3780 cipes
915 3725 1245 3768 aeternorum
1273 3725 1491 3770 tuorum
1518 3714 1808 3780 bonorum,
1840 3731 1959 3786 qua:
1985 3716 2192 3786 parasti
2221 3717 2306 3770 di-

734 3805 1027 3874 ligentibus
1051 3814 1124 3873 te,
1157 3807 1406 3862 Domine.

1376 4102 1644 4155 Diaconus

802 4195 959 4260 Juva,
993 4211 1173 4263 serva,
1206 4197 1492 4260 miserere,
1523 4206 1577 4248 et
1619 4193 1836 4250 custodi
1867 4209 1991 4258 nos,
2023 4192 2185 4258 Deus,
2215 4202 2304 4247 tua

732 4291 930 4355 gratia.

804 4379 1032 4434 Omnem
1069 4379 1209 4433 diem
1245 4381 1565 4447 perfectam,
1596 4387 1865 4444 sanetam,
1897 4377 2205 4447 pacificam,
2245 4384 2300 4431 et

731 4473 1077 4524 innocentem
1104 4488 1134 4524 a
1170 4470 1401 4523 Domino
1431 4472 1805 4538 tleprecemnr,

797 4562 1058 4630 Augeluni
1097 4562 1264 4630 pacis,
1318 4561 1530 4616 fidelem
1583 4562 1798 4630 ducem,
1841 4567 2124 4621 custodem
2181 4569 2300 4622 ani-
2339 4579 2382 4633 ι)

733 4668 949 4706 marum
981 4661 1035 4706 et
1066 4668 1378 4721 corporum,

805 4739 1201 4810 lndulgentiana
1261 4752 1316 4796 et
1388 4744 1768 4799 remissionem
1821 4755 2174 4815 peccatorum
2251 4761 2306 4805 et

724 4830 1012 4899 culparum
1045 4832 1352 4887 animarum
1382 4845 1696 4889 nostrarum
1728 4846 1784 4891 et
1813 4853 2131 4907 corporum.

795 5015 934 5083 Ipse,
967 5017 1285 5072 Dominator
1306 5020 1579 5082 omnium,
1608 5020 1675 5073 da
1707 5021 1823 5076 tieri
1859 5022 2017 5076 nobis
2051 5036 2301 5077 commu-

727 5107 1056 5161 nicationetn
1087 5110 1258 5164 sancti
1287 5111 1537 5179 corporis
1564 5120 1618 5163 et
1643 5111 1930 5182 Sanguinis
1967 5111 2168 5166 Christi
2194 5113 2296 5174 ttti,

721 5201 782 5253 in
803 5201 960 5253 fidem
983 5217 1089 5253 non
1109 5202 1542 5268 erubescentem,
1563 5205 1887 5259 charitatem
1905 5220 2012 5257 non
2032 5203 2293 5270 fucatam,

723 5293 1120 5347 abunlantiam
1169 5294 1469 5363 sapientiae,
1507 5299 1804 5352 sanitatem
1836 5297 2034 5352 animae
2073 5309 2126 5352 et
2173 5313 2300 5352 cor-

723 5386 895 5454 poris,
928 5387 1272 5442 aversionem
1304 5391 1486 5444 omnis
1531 5391 1818 5454 contrarii,
1857 5392 1909 5444 in
1960 5392 2304 5446 observatio-

725 5491 848 5528 nem
885 5487 1279 5547 praeceptorum
1331 5489 1575 5546 tuorum,
1613 5489 1667 5535 et
1707 5480 2082 5535 defensionem
2119 5479 2304 5550 propi-

730 5576 748 5619 t
775 5569 970 5623 ahilcm
1002 5581 1129 5626 ante
1160 5576 1500 5629 tremendum
1531 5575 1778 5630 tribunal
1806 5573 2010 5629 Christi
2037 5575 2140 5628 tui.

2427 576 2756 646 Πνεῦματος,
2795 577 2890 630 νῦν
2939 577 3033 630 καὶ
3080 579 3188 641 ἀεὶ,
3221 581 3314 632 καὶ
3367 580 3448 644 είς
3496 581 3621 643 τοὺς
3650 582 3859 644 αἰῶνας
3893 583 4005 633 τῶν

2422 666 2655 720 αἰώνων.

2492 761 2600 813 Καὶ
2653 762 2803 813 ἔσται
2841 760 2906 812 τὰ
2937 761 3060 830 ὲλέη
3095 761 3187 813 τοῦ
3223 763 3460 830 μεγάλου
3511 762 3648 815 Θεοῦ
3681 764 3775 816 καὶ
3808 765 4000 834 Σωτῆο

2425 867 2514 919 ρος
2538 851 2694 919 ἡμῶν
2739 849 2910 920 Ἰησοῦ
2938 850 3176 920 Χριστοῦ
3214 853 3351 919 μετὰ
3378 853 3596 906 πάντων
3631 855 3809 922 ὑμῶν.

2492 943 2715 993 Πάντων
2773 941 2880 993 τῶν
2926 943 3097 1008 ἁγίων
3132 945 3626 1014 μνημονεύσαντες,
3658 949 3736 1001 ἔτι
3787 949 3886 1000 καὶ
3921 949 3999 999 ἔτι

2421 1034 2477 1085 ὲν
2505 1033 2696 1104 εἰρήνῃ
2719 1034 2812 1085 τοῦ
2849 1035 3050 1104 Κυρίου
3081 1036 3390 1106 δεηοώμεν.

2495 1218 2732 1279 Ὅπωςὸ
2785 1217 3164 1289 φιλάνθρωπος
3199 1221 3333 1283 Θεὸς
3383 1222 3561 1291 ἡμῶν,
3612 1223 3642 1274 ὀ
3692 1220 3999 1291 προσδεξά-

2423 1322 2582 1374 μενος
2609 1307 2747 1358 αὐτὰ
2775 1308 2855 1368 εἰς
2884 1308 2946 1360 τὸ
2987 1308 3142 1373 ἅγιον
3174 1311 3268 1363 καὶ
3299 1311 3696 1380 ὑπερθυράνιον
3730 1311 3823 1362 καὶ
3883 1329 3996 1362 νοε-

2420 1396 2512 1464 ρὸν
2537 1396 2704 1449 αὑτοῦ
2754 1397 3168 1468 θυσιαστήριον,
3226 1401 3307 1463 είς
3337 1402 3517 1470 ὀσμὴν
3558 1402 3791 1463 εὐωδίας
3831 1419 3994 1453 πνευ-

2421 1486 2682 1553 ματικῆς,
2711 1487 3186 1556 ἀντικαταπέμψοι
3213 1491 3347 1558 ἡμῖν
3378 1491 3477 1559 τὴν
3513 1491 3665 1542 Θείαν
3698 1491 3861 1560 χάριν
3902 1489 3995 1541 καὶ

2415 1575 2514 1645 τὴν
2537 1574 2746 1642 δωρεάν
2774 1575 2870 1628 τοῦ
2900 1577 3055 1644 ἁγίου
3088 1579 3428 1646 Πνεῦματος,
3459 1579 3760 1648 δεηοῶμεν.

2497 1668 2668 1738 ’Υπὲρ
2719 1667 2814 1720 τοῦ
2862 1670 3127 1739 ῥυσθῆναι
3161 1671 3308 1739 ἡμᾶς
3343 1671 3451 1722 άπὸ
3500 1673 3681 1739 πάσης
3736 1670 3990 1739 θλίψεως,

2416 1759 2606 1830 ὀργῆς,
2639 1761 2908 1831 ἀνάγκης,
2946 1760 3039 1813 τοῦ
3073 1762 3278 1831 Κυρίου
3308 1762 3612 1830 δεηοῶμεν.

2822 1869 2876 1921 Ὀ
2903 1869 3095 1936 ἱερεὺς
3129 1870 3446 1938 ἐπεύχεται
3475 1871 3606 1941 (ll).

2495 1962 2552 2013 Ὀ
2582 1961 2714 2023 Θεὸς
2749 1960 2927 2030 ἡμῶν,
2969 1964 2997 2014 ὁ
3027 1961 3158 2023 Θεὸς
3191 1961 3287 2014 τοῦ
3321 1962 3539 2026 σώζειν,
3600 1963 3665 2014 σὺ
3698 1963 3847 2031 ἡμᾶς
3908 1964 3987 2016 δί-

2412 2053 2566 2116 δαξον
2598 2053 2942 2123 εὐχαριστεῖν
2975 2070 3056 2105 σοι
3084 2051 3249 2116 ἀξίως
3272 2052 3384 2104 τῶν
3414 2053 3744 2123 εὐεργεσιῶν
3764 2071 3882 2118 σου,
3915 2048 3988 2106 ὧν

2412 2147 2676 2216 ἐποίησας
2699 2146 2796 2199 καὶ
2824 2149 2997 2208 ποιεῖς
3025 2147 3143 2214 μεθ’
3175 2145 3335 2215 ἡμῶν
3360 2160 3375 2174 ⁸
3412 2148 3476 2199 σὺ
3509 2143 3560 2198 εί
3588 2148 3615 2197 ὀ
3646 2147 3781 2209 Θεὸς
3811 2149 3985 2217 ήιιῶυ,

2413 2237 2441 2289 δ
2471 2237 2907 2305 προσδεξάμενος
2938 2237 3004 2288 τὰ
3042 2237 3190 2306 δῶρα
3218 2236 3391 2290 ταῦτα
3417 2252 3434 2268 ·
3484 2236 3784 2308 καθάρισον
3840 2235 3986 2307 imi;

2414 2332 2520 2384 ἀπὸ
2571 2331 2773 2393 παντὸς
2809 2329 3083 2399 μολυσμοῦ
3124 2331 3327 2400 σαρκὸς
3377 2331 3470 2384 καὶ
3519 2331 3855 2400 πνεύματος,
3899 2334 3990 2386 καὶ

2413 2424 2620 2489 δίδαξον
2664 2424 2932 2476 ἐπιτελεῖν
2970 2421 3281 2492 ἁγιωσύνην
3331 2422 3388 2475 έν
3424 2423 3587 2492 ,φόϐῳ
3620 2439 3735 2486 σου,
3795 2424 3883 2476 ἵνα
3933 2425 3988 2474 ἐν

2419 2513 2644 2584 καθαρῷ
2676 2515 2754 2583 τῷ
2805 2513 3089 2583 μαρτυρίῳ
3133 2513 3230 2582 τῆς
3262 2513 3625 2582 συνειδήσεως
3669 2515 3828 2582 ἡμῶν
3870 2515 3990 2565 ὑπο-

2412 2609 2690 2678 δεχόμενοι
2716 2608 2814 2678 τὴν
2849 2608 3043 2678 μερίδα
3065 2608 3175 2661 τῶν
3216 2608 3578 2677 ἁγιασμάτων
3608 2625 3727 2670 σου,
3779 2609 3990 2660 ἐνωῡῶ-

2415 2718 2515 2770 μεν
2559 2700 2636 2770 τῷ
2688 2700 2829 2771 ἁγίῳ
2857 2699 3068 2770 σώματι
3099 2700 3193 2752 καὶ
3225 2700 3419 2769 αἵματι
3447 2699 3542 2752 τοῦ
3579 2700 3816 2769 Χριστοῦ
3873 2717 3988 2761 σου,

2413 2793 2507 2844 καὶ
2535 2791 2926 2860 ὑποδεξάμενοι
2962 2789 3102 2843 αὑτά
3139 2789 3308 2854 ἀξίως
3349 2789 3571 2859 σχῶμεν
3617 2790 3707 2841 τὸν
3754 2791 3990 2858 Χριστὸν

2413 2882 2774 2936 κατοικοῦντα
2808 2883 2865 2933 ὲν
2895 2884 3019 2944 ταῖς
3069 2881 3324 2951 καρδίαις
3377 2880 3558 2951 ἡμῶν,
3585 2882 3679 2932 καὶ
3699 2880 3990 2948 γενώμεθα

2414 2974 2540 3035 ναὸς
2573 2973 2665 3025 τοῦ
2699 2974 2858 3040 ἁγίου
2903 2990 3011 3025 ·σου
3044 2973 3383 3041 Πνεῦματος.
3422 2972 3554 3032 Ναὶ,
3586 2973 3614 3023 ὁ
3647 2972 3782 3033 Θεὸς
3813 2972 3988 3039 ἡμῶν,

2412 3065 2508 3118 καὶ
2539 3065 2743 3134 μηδένα
2777 3065 2935 3135 ἡμῶν
2966 3064 3150 3134 ἔνοχον
3195 3065 3428 3133 ποιήσῃς
3467 3062 3577 3116 τῶν
3605 3063 3858 3131 φρικτῶν
3899 3081 3988 3114 σου

2412 3157 2615 3209 τούτων
2663 3157 2758 3209 καὶ
2820 3155 3165 3224 ἐπουρανίων
3217 3153 3552 3225 μυστηρίων,
3600 3153 3734 3223 μηδὲ
3787 3151 3991 3222 ἀσθενῆ

2411 3246 2553 3316 ψυχῇ
2581 3247 2675 3299 καὶ
2698 3243 2912 3314 σώματι
2943 3247 3007 3298 ὲκ
3039 3244 3134 3296 τοῦ
3177 3245 3414 3309 ἀναξίως
3457 3243 3640 3295 αὐτῶν
3699 3244 3990 3311 μεταλαμ-

2697 3337 2835 3389 ana
2883 3336 2972 3397 δὸς
3003 3335 3137 3405 ἧμιν
3183 3336 3348 3405 μέχρι
3402 3335 3502 3401 τῆς
3540 3335 3776 3403 ἐσχάτης
3834 3335 3991 3402 ἡμῶν

2412 3430 2687 3498 ἀναπνοῆς
2722 3430 2890 3495 ἀξίως
2917 3427 3276 3497 ὑποδέχεσθαι
3315 3427 3413 3496 τὴν
3447 3426 3640 3496 μερίδα
3671 3427 3782 3477 τῶν
3834 3426 3991 3491 ἀγια·

2413 3524 2637 3592 σμάτων
2667 3540 2780 3588 σου,
2815 3524 2895 3584 είς
2949 3520 3162 3589 ὲφόδιοθ
3205 3519 3350 3587 ζωῆς
3385 3520 3628 3580 αἰωνίου,
3677 3519 3758 3580 είς
3796 3518 3993 3569 ἀπολο-

2410 3615 2538 3683 γίαν
2577 3613 2974 3684 εὖπρὸσδεκτον
3031 3613 3130 3680 τὴν
3183 3612 3278 3664 ἐπὶ
3328 3610 3421 3663 τοῦ
3461 3609 3704 3679 ,φοϐεροῦ
3745 3609 3992 3678 βήματος

2407 3706 2502 3760 τοῦ
2536 3706 2773 3776 Χριστοῦ
2809 3722 2900 3757 σου
2933 3721 2946 3735 ·
2979 3705 3126 3766 ὅπως
3153 3703 3220 3756 ἂν
3273 3705 3367 3754 καὶ
3411 3703 3570 3771 ἡμεῖς
3601 3701 3740 3770 μετά
3772 3701 3995 3752 πάντων

2408 3797 2517 3849 τῶν
2550 3797 2742 3864 ἁγίων.
2774 3796 2884 3848 τῶν
2939 3793 3034 3846 ἀπ’
3099 3794 3294 3855 αἰῶνός
3350 3811 3432 3845 σοι
3482 3793 3993 3860 εὑαρεστησάντων,

2409 3889 2698 3958 γενώμεθα
2751 3887 2971 3958 μέτοχοι
3019 3887 3130 3938 τῶν
3179 3885 3413 3939 αἰωνίων
3473 3903 3569 3937 σου
3626 3884 3875 3953 ἀγαθῶν,
3923 3882 3996 3940 ὧν

2411 3983 2717 4055 ἡτοίμασας
2748 3983 2859 4043 τοῖς
2887 3979 3147 4049 ἀγαπῶσι
3199 3996 3280 4039 σε.
3322 3977 3516 4049 Κύριε.

2413 3339 2597 3391 ὄὰνειν
2631 3355 2644 3367 '

3007 4086 3070 4139 '0
3102 4084 3406 4152 διάκονος.

2494 4177 2832 4237 Ἀντιλαόοῦ,
2895 4176 3089 4241 σῶσον,
3133 4176 3418 4246 -έλέησον,
3501 4178 3596 4229 καὶ
3660 4176 3994 4246 διαφύλαξον

2409 4270 2577 4338 ἡμᾶς,
2614 4271 2641 4322 ὀ
2674 4267 2825 4331 Θεὸς,
2855 4270 2920 4338 τῇ
2955 4270 3021 4338 σῇ
3056 4267 3262 4337 χάριτι.

2479 4362 2591 4431 Τὴν
2625 4363 2841 4431 ἡμέραν
2863 4362 3045 4413 πᾶσαν
3072 4359 3308 4424 τελείαν,
3341 4359 3527 4426 ἁγίαν,
3563 4360 3850 4430 εἰρηνικὴν
3899 4361 3996 4416 καὶ

2409 4454 2798 4523 ἀναμάρτητον
2831 4453 2983 4520 παρὰ
3009 4452 3084 4520 τῷ
3107 4452 3298 4522 Κυρίῳ
3326 4450 3701 4520 αίτησὼμεθα,

2487 4545 2757 4613 Ἄγγελον
2792 4545 3038 4614 εἰρήνης,
3090 4542 3302 4609 πιστὸν,
3343 4542 3558 4612 ὁδηγὸν,
3596 4541 3815 4609 φύλακα
3882 4543 3996 4596 τῶν

2407 4638 2595 4708 ψυχῶν
2625 4637 2844 4690 καὶτῶν
2877 4635 3169 4706 σώματων,

2480 4729 2816 4799 Συγγνώμην
2859 4728 2952 4780 καὶ
2981 4729 3174 4794 ἄφεσιν
3223 4725 3334 4779 τῶν
3385 4725 3681 4796 ἁμαρτιῶν
3743 4725 3838 4779 καὶ
3884 4725 3995 4781 τῶν

2407 4822 2900 4892 πλημμελημάτων
2951 4821 3059 4873 τῶν
3108 4819 3300 4889 ψυχῶν
3350 4819 3508 4889 ἡμῶν
3564 4817 3660 4872 καὶ
3717 4819 3830 4870 τῶν
3885 4836 3995 4873 σω-

2408 4911 2615 4982 μάτων.

2483 5001 2676 5064 Λῦτὸς,
2703 5003 2947 5053 Δέσποτα
2969 4998 3076 5051 τῶν
3094 4998 3376 5063 ἁπάντων,
3413 4998 3500 5061 δὺς
3558 4998 3814 5066 γενέσθαι
3857 5001 3993 5070 ἡμῖν

2408 5095 2509 5162 τὴν
2541 5091 2826 5146 κοινωνίαν
2855 5091 2950 5144 τοῦ
2977 5091 3137 5159 ἁγίου
3169 5090 3426 5161 σώματος
3479 5091 3571 5144 καὶ
3622 5092 3857 5158 αἵματος
3898 5092 3990 5146 τοῦ

2410 5181 2647 5250 Χριστοῦ
2677 5196 2795 5244 σου,
2825 5181 2905 5243 είς
2938 5180 3123 5234 πίστιν
3146 5181 3602 5249 ἀκαταίσχυντον.
3634 5183 3713 5244 είς
3765 5185 3987 5252 ἀγάπην

2409 5272 2786 5342 ἀνυπόκριτον,
2839 5273 2917 5333 είς
2965 5270 3282 5341 πλησμονὴν
3319 5271 3531 5339 σοφίας,
3593 5273 3672 5334 si;
3714 5271 3862 5326 ἴασιν
3890 5274 3987 5342 duo

2417 5365 2517 5432 χῆς
2549 5364 2640 5414 καὶ
2672 5361 2942 5432 σώματος,
2979 5364 3058 5426 είς
3094 5363 3412 5434 ἀποτροπὴν
3450 5363 3655 5426 παντὸς
3710 5366 3980 5424 ἐναντίου,

2415 5456 2492 5515 ei;
2529 5454 2878 5525 περιποίησιν
2929 5454 3038 5507 τῶν
3103 5454 3331 5507 ἐντολῶν
3394 5472 3510 5516 σου,
3563 5458 3642 5518 εἰς
3688 5457 3985 5523 ἀπολογίαν

2417 5547 2818 5615 εῦπρόσδεκτον
2840 5546 2940 5618 τὴν
2967 5548 3059 5600 ἐπὶ
3094 5546 3329 5619 φοϐεροῦ
3353 5548 3418 5618 βή
3429 5565 3596 5618 ματος
3627 5548 3723 5601 τοῦ
3748 5547 3979 5620 Χριστοῦ

2415 5657 2529 5694 σου.

803 5799 848 5866 (l
873 5798 915 5866 Ξ)
959 5795 1048 5852 Est
1089 5799 1200 5854 lucc
1231 5802 1406 5856 oratio
1440 5802 1494 5856 in
1535 5802 1744 5871 vulgari
1791 5802 1868 5857 lit.
1914 5801 1970 5856 S.
2010 5799 2191 5855 Basilii
2230 5808 2282 5854 et
2311 5799 2362 5852 in
2389 5797 2751 5854 Alexandrina
2783 5798 2925 5868 apuJ
2962 5797 3263 5854 Renaudot.
