  <div class='ocr_page' id='page_1' title='image "/cluster/home/n/w/nwhite01/storage/ocr_20150623/106/nnc1.0046979980/696.png"; bbox 0 0 4212 6432; ppageno 0'>
   <div class='ocr_carea' id='block_1_1' title="bbox 290 408 431 475">
    <p class='ocr_par' dir='ltr' id='par_1_1' title="bbox 290 408 431 475">
     <span class='ocr_line' id='line_1_1' title="bbox 290 408 431 475; baseline -0.035 0"><span class='ocrx_word' id='word_1_1' title='bbox 290 408 431 475; x_wconf 80' lang='grc'><strong>1309</strong></span> 
     </span>
    </p>
   </div>
   <div class='ocr_carea' id='block_1_2' title="bbox 1654 411 2167 471">
    <p class='ocr_par' dir='ltr' id='par_1_2' title="bbox 1654 411 2167 471">
     <span class='ocr_line' id='line_1_2' title="bbox 1654 411 2167 471; baseline 0.002 -1"><span class='ocrx_word' id='word_1_2' title='bbox 1654 411 2167 471; x_wconf 78' lang='lat' dir='ltr'><strong>SYNAXARIUM.</strong></span> 
     </span>
    </p>
   </div>
   <div class='ocr_carea' id='block_1_3' title="bbox 3393 413 3529 477">
    <p class='ocr_par' dir='ltr' id='par_1_3' title="bbox 3393 413 3529 477">
     <span class='ocr_line' id='line_1_3' title="bbox 3393 413 3529 477; baseline -0.015 0"><span class='ocrx_word' id='word_1_3' title='bbox 3393 413 3529 477; x_wconf 75' lang='lat' dir='ltr'><strong>i3l0</strong></span> 
     </span>
    </p>
   </div>
   <div class='ocr_carea' id='block_1_4' title="bbox 375 520 2038 596">
    <p class='ocr_par' dir='ltr' id='par_1_4' title="bbox 375 520 1933 595">
     <span class='ocr_line' id='line_1_4' title="bbox 375 520 1933 595; baseline 0.001 -21"><span class='ocrx_word' id='word_1_4' title='bbox 375 520 555 592; x_wconf 72' lang='grc' dir='ltr'><strong>ὐρθοὶ</strong></span> <span class='ocrx_word' id='word_1_5' title='bbox 583 521 980 591; x_wconf 67' lang='grc' dir='ltr'><strong>μεταλαχόντας</strong></span> <span class='ocrx_word' id='word_1_6' title='bbox 1016 521 1126 574; x_wconf 79' lang='grc' dir='ltr'><strong>τῶν</strong></span> <span class='ocrx_word' id='word_1_7' title='bbox 1175 522 1358 587; x_wconf 84' lang='grc' dir='ltr'>θείων,</span> <span class='ocrx_word' id='word_1_8' title='bbox 1390 522 1586 590; x_wconf 80' lang='grc' dir='ltr'><strong>ἁγίων,</strong></span> <span class='ocrx_word' id='word_1_9' title='bbox 1642 525 1845 595; x_wconf 79' lang='grc' dir='ltr'><strong>ἁχρὰν-</strong></span> <span class='ocrx_word' id='word_1_10' title='bbox 1886 537 1933 595; x_wconf 70' lang='grc' dir='ltr'>Α</span> 
     </span>
    </p>
   </div>
   <div class='ocr_carea' id='block_1_5' title="bbox 1866 520 3529 596">
    <p class='ocr_par' dir='ltr' id='par_1_5' title="bbox 1886 525 3529 596">
     <span class='ocr_line' id='line_1_5' title="bbox 1886 525 3529 596; baseline 0.004 -18"><span class='ocrx_word' id='word_1_11' title='bbox 1886 537 1933 595; x_wconf 74' lang='grc' dir='ltr'><strong>Α</strong></span> <span class='ocrx_word' id='word_1_12' title='bbox 2039 525 2161 581; x_wconf 77' lang='lat' dir='ltr'><strong>Rite</strong></span> <span class='ocrx_word' id='word_1_13' title='bbox 2194 528 2484 596; x_wconf 75' lang='lat' dir='ltr'><strong>participes</strong></span> <span class='ocrx_word' id='word_1_14' title='bbox 2513 527 2642 582; x_wconf 91' lang='lat' dir='ltr'><strong>facti</strong></span> <span class='ocrx_word' id='word_1_15' title='bbox 2675 527 3018 590; x_wconf 85' lang='lat' dir='ltr'><strong>divinorum,</strong></span> <span class='ocrx_word' id='word_1_16' title='bbox 3054 536 3393 594; x_wconf 84' lang='lat' dir='ltr'><strong>sanctorum,</strong></span> <span class='ocrx_word' id='word_1_17' title='bbox 3430 533 3529 585; x_wconf 86' lang='lat' dir='ltr'><strong>im-</strong></span> 
     </span>
    </p>
   </div>
   <div class='ocr_carea' id='block_1_6' title="bbox 283 612 1855 685">
    <p class='ocr_par' dir='ltr' id='par_1_6' title="bbox 283 612 1855 685">
     <span class='ocr_line' id='line_1_6' title="bbox 283 612 1855 685; baseline 0 -18"><span class='ocrx_word' id='word_1_18' title='bbox 283 631 417 678; x_wconf 88' lang='grc' dir='ltr'>των,</span> <span class='ocrx_word' id='word_1_19' title='bbox 440 612 747 677; x_wconf 79' lang='grc' dir='ltr'><strong>ἀθανάτων,</strong></span> <span class='ocrx_word' id='word_1_20' title='bbox 781 612 1122 683; x_wconf 71' lang='grc' dir='ltr'><strong>ιπουρανίων</strong></span> <span class='ocrx_word' id='word_1_21' title='bbox 1152 614 1246 666; x_wconf 76' lang='grc' dir='ltr'><strong>καὶ</strong></span> <span class='ocrx_word' id='word_1_22' title='bbox 1283 614 1563 677; x_wconf 69' lang='lat' dir='ltr'><strong>Cumth</strong></span> <span class='ocrx_word' id='word_1_23' title='bbox 1588 615 1687 669; x_wconf 82' lang='grc' dir='ltr'><strong>τοῦ</strong></span> <span class='ocrx_word' id='word_1_24' title='bbox 1716 617 1758 667; x_wconf 87' lang='grc' dir='ltr'><strong>Χ</strong></span> <span class='ocrx_word' id='word_1_25' title='bbox 1769 633 1855 685; x_wconf 80' lang='grc' dir='ltr'><strong>ρι-</strong></span> 
     </span>
    </p>
   </div>
   <div class='ocr_carea' id='block_1_7' title="bbox 286 703 1674 777">
    <p class='ocr_par' dir='ltr' id='par_1_7' title="bbox 286 703 1674 777">
     <span class='ocr_line' id='line_1_7' title="bbox 286 703 1674 777; baseline 0.004 -20"><span class='ocrx_word' id='word_1_26' title='bbox 286 703 416 757; x_wconf 84' lang='grc' dir='ltr'><strong>στοῦ</strong></span> <span class='ocrx_word' id='word_1_27' title='bbox 454 705 793 775; x_wconf 74' lang='grc' dir='ltr'><strong>μυστηρίων,</strong></span> <span class='ocrx_word' id='word_1_28' title='bbox 833 704 1320 775; x_wconf 75' lang='grc' dir='ltr'><strong>εὑχαριστήσωμεν</strong></span> <span class='ocrx_word' id='word_1_29' title='bbox 1348 705 1428 775; x_wconf 80' lang='grc' dir='ltr'><strong>τῷ</strong></span> <span class='ocrx_word' id='word_1_30' title='bbox 1464 708 1674 777; x_wconf 84' lang='grc' dir='ltr'><strong>Κυρίῳ.</strong></span> 
     </span>
    </p>
   </div>
   <div class='ocr_carea' id='block_1_8' title="bbox 374 792 1857 868">
    <p class='ocr_par' dir='ltr' id='par_1_8' title="bbox 374 792 1857 868">
     <span class='ocr_line' id='line_1_8' title="bbox 374 792 1857 868; baseline 0.003 -19"><span class='ocrx_word' id='word_1_31' title='bbox 374 795 712 860; x_wconf 79' lang='grc' dir='ltr'><strong>Ἀντιλασοῦ,</strong></span> <span class='ocrx_word' id='word_1_32' title='bbox 739 796 933 861; x_wconf 84' lang='grc' dir='ltr'><strong>σῶσον,</strong></span> <span class='ocrx_word' id='word_1_33' title='bbox 968 796 1212 866; x_wconf 65' lang='grc' dir='ltr'><strong>ἐλέησον,</strong></span> <span class='ocrx_word' id='word_1_34' title='bbox 1250 797 1339 851; x_wconf 71' lang='grc' dir='ltr'>ἀεὶ</span> <span class='ocrx_word' id='word_1_35' title='bbox 1388 792 1718 868; x_wconf 78' lang='grc' dir='ltr'><strong>διαφύλαξον</strong></span> <span class='ocrx_word' id='word_1_36' title='bbox 1758 801 1857 854; x_wconf 74' lang='grc' dir='ltr'><strong>αὖ·</strong></span> 
     </span>
    </p>
   </div>
   <div class='ocr_carea' id='block_1_9' title="bbox 288 887 1111 959">
    <p class='ocr_par' dir='ltr' id='par_1_9' title="bbox 288 887 1111 959">
     <span class='ocr_line' id='line_1_9' title="bbox 288 887 1111 959; baseline -0.002 -17"><span class='ocrx_word' id='word_1_37' title='bbox 288 891 437 952; x_wconf 80' lang='grc' dir='ltr'>τοὺς,</span> <span class='ocrx_word' id='word_1_38' title='bbox 468 888 497 940; x_wconf 83' lang='grc'>6</span> <span class='ocrx_word' id='word_1_39' title='bbox 526 887 677 954; x_wconf 76' lang='grc' dir='ltr'>Θεὸς,</span> <span class='ocrx_word' id='word_1_40' title='bbox 710 890 775 958; x_wconf 75' lang='grc' dir='ltr'><strong>τῇ</strong></span> <span class='ocrx_word' id='word_1_41' title='bbox 810 891 876 959; x_wconf 80' lang='grc' dir='ltr'><strong>σῇ</strong></span> <span class='ocrx_word' id='word_1_42' title='bbox 902 889 1111 959; x_wconf 82' lang='grc' dir='ltr'><strong>χάριτι.</strong></span> 
     </span>
    </p>
   </div>
   <div class='ocr_carea' id='block_1_10' title="bbox 356 978 1857 1053">
    <p class='ocr_par' dir='ltr' id='par_1_10' title="bbox 356 978 1857 1053">
     <span class='ocr_line' id='line_1_10' title="bbox 356 978 1857 1053; baseline 0.001 -19"><span class='ocrx_word' id='word_1_43' title='bbox 356 981 470 1049; x_wconf 82' lang='grc' dir='ltr'><strong>Τὴν</strong></span> <span class='ocrx_word' id='word_1_44' title='bbox 491 979 709 1050; x_wconf 74' lang='grc' dir='ltr'><strong>ἡμέραν</strong></span> <span class='ocrx_word' id='word_1_45' title='bbox 743 983 924 1033; x_wconf 79' lang='grc' dir='ltr'><strong>πᾶσαν</strong></span> <span class='ocrx_word' id='word_1_46' title='bbox 945 978 1182 1047; x_wconf 80' lang='grc' dir='ltr'><strong>τελείαν,</strong></span> <span class='ocrx_word' id='word_1_47' title='bbox 1214 980 1400 1050; x_wconf 89' lang='grc' dir='ltr'><strong>ἁγίαν,</strong></span> <span class='ocrx_word' id='word_1_48' title='bbox 1448 982 1730 1053; x_wconf 71' lang='grc' dir='ltr'><strong>εἰρηνικὴν</strong></span> <span class='ocrx_word' id='word_1_49' title='bbox 1763 982 1857 1036; x_wconf 75' lang='grc' dir='ltr'><strong>καὶ</strong></span> 
     </span>
    </p>
   </div>
   <div class='ocr_carea' id='block_1_11' title="bbox 282 1072 1853 1143">
    <p class='ocr_par' dir='ltr' id='par_1_11' title="bbox 282 1072 1853 1143">
     <span class='ocr_line' id='line_1_11' title="bbox 282 1072 1853 1143; baseline 0 -18"><span class='ocrx_word' id='word_1_50' title='bbox 282 1072 672 1143; x_wconf 77' lang='grc' dir='ltr'><strong>ἀναμάρτητον</strong></span> <span class='ocrx_word' id='word_1_51' title='bbox 708 1072 1089 1141; x_wconf 76' lang='grc' dir='ltr'><strong>αἰτησάμενοι,</strong></span> <span class='ocrx_word' id='word_1_52' title='bbox 1128 1073 1377 1137; x_wconf 74' lang='grc' dir='ltr'><strong>ἑαυτοὺς,</strong></span> <span class='ocrx_word' id='word_1_53' title='bbox 1428 1074 1523 1127; x_wconf 60' lang='grc' dir='ltr'><strong>καί⁵</strong></span> <span class='ocrx_word' id='word_1_54' title='bbox 1568 1074 1853 1143; x_wconf 82' lang='grc' dir='ltr'><strong>ἀλλήλους,</strong></span> 
     </span>
    </p>
   </div>
   <div class='ocr_carea' id='block_1_12' title="bbox 284 1162 1766 1237">
    <p class='ocr_par' dir='ltr' id='par_1_12' title="bbox 284 1162 1766 1237">
     <span class='ocr_line' id='line_1_12' title="bbox 284 1162 1766 1237; baseline 0.003 -22"><span class='ocrx_word' id='word_1_55' title='bbox 284 1164 381 1216; x_wconf 72' lang='grc' dir='ltr'><strong>καὶ</strong></span> <span class='ocrx_word' id='word_1_56' title='bbox 420 1164 602 1216; x_wconf 73' lang='grc' dir='ltr'><strong>πᾶσαν</strong></span> <span class='ocrx_word' id='word_1_57' title='bbox 625 1163 725 1231; x_wconf 76' lang='grc' dir='ltr'><strong>τὴν</strong></span> <span class='ocrx_word' id='word_1_58' title='bbox 755 1162 899 1233; x_wconf 77' lang='grc' dir='ltr'><strong>ζωὴν</strong></span> <span class='ocrx_word' id='word_1_59' title='bbox 927 1163 1087 1233; x_wconf 75' lang='grc' dir='ltr'><strong>ἡμῶν</strong></span> <span class='ocrx_word' id='word_1_60' title='bbox 1117 1164 1339 1236; x_wconf 82' lang='grc' dir='ltr'><strong>Χριστῷ</strong></span> <span class='ocrx_word' id='word_1_61' title='bbox 1369 1165 1766 1237; x_wconf 82' lang='grc' dir='ltr'><strong>παραθώμεθα.</strong></span> 
     </span>
    </p>
   </div>
   <div class='ocr_carea' id='block_1_13' title="bbox 874 1274 1297 1343">
    <p class='ocr_par' dir='ltr' id='par_1_13' title="bbox 874 1274 1297 1343">
     <span class='ocr_line' id='line_1_13' title="bbox 874 1274 1297 1343; baseline 0.007 -17"><span class='ocrx_word' id='word_1_62' title='bbox 874 1274 1297 1343; x_wconf 68' lang='grc' dir='ltr'><strong>Ἐπιφώνησις.</strong></span> 
     </span>
    </p>
   </div>
   <div class='ocr_carea' id='block_1_14' title="bbox 358 1378 1857 1455">
    <p class='ocr_par' dir='ltr' id='par_1_14' title="bbox 358 1378 1857 1455">
     <span class='ocr_line' id='line_1_14' title="bbox 358 1378 1857 1455; baseline 0.002 -24"><span class='ocrx_word' id='word_1_63' title='bbox 358 1378 481 1431; x_wconf 84' lang='grc' dir='ltr'><strong>Ὀτι</strong></span> <span class='ocrx_word' id='word_1_64' title='bbox 508 1378 555 1433; x_wconf 78' lang='grc' dir='ltr'><strong>εἶ</strong></span> <span class='ocrx_word' id='word_1_65' title='bbox 584 1382 611 1433; x_wconf 84' lang='grc' dir='ltr'><strong>ὁ</strong></span> <span class='ocrx_word' id='word_1_66' title='bbox 647 1382 921 1453; x_wconf 77' lang='grc' dir='ltr'><strong>ἁγιασμὸς</strong></span> <span class='ocrx_word' id='word_1_67' title='bbox 942 1383 1116 1455; x_wconf 74' lang='grc' dir='ltr'>ἡμῶν,</span> <span class='ocrx_word' id='word_1_68' title='bbox 1152 1384 1249 1437; x_wconf 70' lang='grc' dir='ltr'>καὶ</span> <span class='ocrx_word' id='word_1_69' title='bbox 1285 1383 1368 1437; x_wconf 73' lang='grc' dir='ltr'><strong>σοὶ</strong></span> <span class='ocrx_word' id='word_1_70' title='bbox 1397 1383 1499 1452; x_wconf 73' lang='grc' dir='ltr'><strong>τὴν</strong></span> <span class='ocrx_word' id='word_1_71' title='bbox 1524 1382 1682 1448; x_wconf 81' lang='grc' dir='ltr'>δόξαν</span> <span class='ocrx_word' id='word_1_72' title='bbox 1727 1383 1857 1435; x_wconf 85' lang='grc' dir='ltr'><strong>ἁνα-</strong></span> 
     </span>
    </p>
   </div>
   <div class='ocr_carea' id='block_1_15' title="bbox 287 1468 1857 1545">
    <p class='ocr_par' dir='ltr' id='par_1_15' title="bbox 287 1468 1857 1545">
     <span class='ocr_line' id='line_1_15' title="bbox 287 1468 1857 1545; baseline 0.003 -24"><span class='ocrx_word' id='word_1_73' title='bbox 287 1470 601 1541; x_wconf 84' lang='grc' dir='ltr'><strong>πέμπομεν,</strong></span> <span class='ocrx_word' id='word_1_74' title='bbox 630 1474 709 1543; x_wconf 85' lang='grc' dir='ltr'>τῷ</span> <span class='ocrx_word' id='word_1_75' title='bbox 732 1474 930 1544; x_wconf 70' lang='grc' dir='ltr'><strong>Πατρὶ,</strong></span> <span class='ocrx_word' id='word_1_76' title='bbox 955 1468 1049 1529; x_wconf 68' lang='grc' dir='ltr'><strong>καὶ</strong></span> <span class='ocrx_word' id='word_1_77' title='bbox 1074 1475 1149 1545; x_wconf 72' lang='grc' dir='ltr'><strong>τῷ</strong></span> <span class='ocrx_word' id='word_1_78' title='bbox 1168 1474 1302 1545; x_wconf 82' lang='grc' dir='ltr'>Υίῷ,</span> <span class='ocrx_word' id='word_1_79' title='bbox 1321 1476 1416 1529; x_wconf 79' lang='grc' dir='ltr'><strong>καὶ</strong></span> <span class='ocrx_word' id='word_1_80' title='bbox 1436 1475 1513 1545; x_wconf 83' lang='grc' dir='ltr'><strong>τῷ</strong></span> <span class='ocrx_word' id='word_1_81' title='bbox 1529 1475 1672 1545; x_wconf 84' lang='grc' dir='ltr'><strong>ἁγίῳ</strong></span> <span class='ocrx_word' id='word_1_82' title='bbox 1689 1474 1857 1526; x_wconf 77' lang='lat' dir='ltr'><strong>“vsti-</strong></span> 
     </span>
    </p>
   </div>
   <div class='ocr_carea' id='block_1_16' title="bbox 288 1564 1851 1633">
    <p class='ocr_par' dir='ltr' id='par_1_16' title="bbox 288 1564 1851 1633">
     <span class='ocr_line' id='line_1_16' title="bbox 288 1564 1851 1633; baseline 0.005 -20"><span class='ocrx_word' id='word_1_83' title='bbox 288 1578 441 1631; x_wconf 79' lang='grc' dir='ltr'><strong>ματι,</strong></span> <span class='ocrx_word' id='word_1_84' title='bbox 463 1564 559 1616; x_wconf 85' lang='grc' dir='ltr'><strong>νῦν</strong></span> <span class='ocrx_word' id='word_1_85' title='bbox 583 1566 679 1617; x_wconf 75' lang='grc' dir='ltr'><strong>καὶ</strong></span> <span class='ocrx_word' id='word_1_86' title='bbox 710 1566 819 1633; x_wconf 78' lang='grc' dir='ltr'>ἀεὶ,</span> <span class='ocrx_word' id='word_1_87' title='bbox 844 1567 938 1621; x_wconf 78' lang='grc' dir='ltr'><strong>καὶ</strong></span> <span class='ocrx_word' id='word_1_88' title='bbox 971 1568 1054 1631; x_wconf 81' lang='grc' dir='ltr'><strong>είς</strong></span> <span class='ocrx_word' id='word_1_89' title='bbox 1073 1569 1201 1632; x_wconf 77' lang='grc' dir='ltr'><strong>τοὺς</strong></span> <span class='ocrx_word' id='word_1_90' title='bbox 1239 1568 1444 1633; x_wconf 77' lang='grc' dir='ltr'><strong>αἰῶνας</strong></span> <span class='ocrx_word' id='word_1_91' title='bbox 1474 1568 1586 1622; x_wconf 80' lang='grc' dir='ltr'><strong>τῶν</strong></span> <span class='ocrx_word' id='word_1_92' title='bbox 1618 1566 1851 1622; x_wconf 72' lang='grc' dir='ltr'>αἰώνων.</span> 
     </span>
    </p>
   </div>
   <div class='ocr_carea' id='block_1_17' title="bbox 368 1652 1080 1728">
    <p class='ocr_par' dir='ltr' id='par_1_17' title="bbox 368 1652 1080 1728">
     <span class='ocr_line' id='line_1_17' title="bbox 368 1652 1080 1728; baseline 0.013 -25"><span class='ocrx_word' id='word_1_93' title='bbox 368 1652 456 1703; x_wconf 83' lang='grc' dir='ltr'><strong>Ἐν</strong></span> <span class='ocrx_word' id='word_1_94' title='bbox 486 1654 533 1705; x_wconf 82' lang='grc' dir='ltr'><strong>εί</strong></span> <span class='ocrx_word' id='word_1_95' title='bbox 540 1655 679 1727; x_wconf 79' lang='grc' dir='ltr'><strong>ρήνῃ</strong></span> <span class='ocrx_word' id='word_1_96' title='bbox 704 1656 1080 1728; x_wconf 79' lang='grc' dir='ltr'><strong>προέλθωμεν.</strong></span> 
     </span>
    </p>
   </div>
   <div class='ocr_carea' id='block_1_18' title="bbox 360 1745 1179 1821">
    <p class='ocr_par' dir='ltr' id='par_1_18' title="bbox 360 1745 1179 1821">
     <span class='ocr_line' id='line_1_18' title="bbox 360 1745 1179 1821; baseline 0.009 -25"><span class='ocrx_word' id='word_1_97' title='bbox 360 1745 467 1797; x_wconf 91' lang='grc' dir='ltr'><strong>Τοῦ</strong></span> <span class='ocrx_word' id='word_1_98' title='bbox 503 1746 706 1815; x_wconf 82' lang='grc' dir='ltr'>Κυρίου</span> <span class='ocrx_word' id='word_1_99' title='bbox 734 1747 1015 1818; x_wconf 79' lang='grc' dir='ltr'><strong>δεηθῶμεν</strong></span> <span class='ocrx_word' id='word_1_100' title='bbox 1046 1749 1179 1821; x_wconf 72' lang='grc'>(12).</span> 
     </span>
    </p>
   </div>
   <div class='ocr_carea' id='block_1_19' title="bbox 1962 619 3530 682">
    <p class='ocr_par' dir='ltr' id='par_1_19' title="bbox 1962 619 3530 682">
     <span class='ocr_line' id='line_1_19' title="bbox 1962 619 3530 682; baseline 0.003 -8"><span class='ocrx_word' id='word_1_101' title='bbox 1962 619 2387 682; x_wconf 87' lang='lat' dir='ltr'><strong>maculatorum,</strong></span> <span class='ocrx_word' id='word_1_102' title='bbox 2421 620 2837 681; x_wconf 88' lang='lat' dir='ltr'><strong>immortalium.</strong></span> <span class='ocrx_word' id='word_1_103' title='bbox 2866 620 3173 676; x_wconf 53' lang='lat' dir='ltr'><strong>caelestium</strong></span> <span class='ocrx_word' id='word_1_104' title='bbox 3206 631 3261 676; x_wconf 89' lang='lat' dir='ltr'><strong>et</strong></span> <span class='ocrx_word' id='word_1_105' title='bbox 3292 623 3530 678; x_wconf 75' lang='lat' dir='ltr'><strong>vivifico-</strong></span> 
     </span>
    </p>
   </div>
   <div class='ocr_carea' id='block_1_20' title="bbox 1959 711 3525 781">
    <p class='ocr_par' dir='ltr' id='par_1_20' title="bbox 1959 711 3525 781">
     <span class='ocr_line' id='line_1_20' title="bbox 1959 711 3525 781; baseline 0.003 -16"><span class='ocrx_word' id='word_1_106' title='bbox 1959 726 2081 766; x_wconf 92' lang='lat' dir='ltr'><strong>rum</strong></span> <span class='ocrx_word' id='word_1_107' title='bbox 2110 711 2315 767; x_wconf 83' lang='lat' dir='ltr'><strong>Christi</strong></span> <span class='ocrx_word' id='word_1_108' title='bbox 2342 714 2745 781; x_wconf 74' lang='lat' dir='ltr'><strong>mysteriorum,</strong></span> <span class='ocrx_word' id='word_1_109' title='bbox 2780 714 2986 781; x_wconf 69' lang='lat' dir='ltr'><strong>gratias</strong></span> <span class='ocrx_word' id='word_1_110' title='bbox 3015 727 3243 780; x_wconf 65' lang='lat' dir='ltr'><strong>agamus</strong></span> <span class='ocrx_word' id='word_1_111' title='bbox 3269 712 3525 770; x_wconf 90' lang='lat' dir='ltr'><strong>Domino.</strong></span> 
     </span>
    </p>
   </div>
   <div class='ocr_carea' id='block_1_21' title="bbox 2029 802 3521 872">
    <p class='ocr_par' dir='ltr' id='par_1_21' title="bbox 2029 802 3521 872">
     <span class='ocr_line' id='line_1_21' title="bbox 2029 802 3521 872; baseline 0.001 -14"><span class='ocrx_word' id='word_1_112' title='bbox 2029 802 2189 869; x_wconf 79' lang='lat' dir='ltr'><strong>Jnva,</strong></span> <span class='ocrx_word' id='word_1_113' title='bbox 2218 818 2400 868; x_wconf 77' lang='lat' dir='ltr'><strong>serva,</strong></span> <span class='ocrx_word' id='word_1_114' title='bbox 2437 803 2712 869; x_wconf 86' lang='lat' dir='ltr'><strong>miserere,</strong></span> <span class='ocrx_word' id='word_1_115' title='bbox 2743 814 2799 860; x_wconf 89' lang='lat' dir='ltr'><strong>et</strong></span> <span class='ocrx_word' id='word_1_116' title='bbox 2824 806 3037 860; x_wconf 76' lang='lat' dir='ltr'><strong>custodi</strong></span> <span class='ocrx_word' id='word_1_117' title='bbox 3070 820 3188 869; x_wconf 82' lang='lat' dir='ltr'><strong>eos,</strong></span> <span class='ocrx_word' id='word_1_118' title='bbox 3233 805 3395 872; x_wconf 83' lang='lat' dir='ltr'><strong>Deus,</strong></span> <span class='ocrx_word' id='word_1_119' title='bbox 3430 818 3521 860; x_wconf 88' lang='lat' dir='ltr'><strong>tua</strong></span> 
     </span>
    </p>
   </div>
   <div class='ocr_carea' id='block_1_22' title="bbox 1958 894 2149 964">
    <p class='ocr_par' dir='ltr' id='par_1_22' title="bbox 1958 894 2149 964">
     <span class='ocr_line' id='line_1_22' title="bbox 1958 894 2149 964; baseline 0 -17"><span class='ocrx_word' id='word_1_120' title='bbox 1958 894 2149 964; x_wconf 74' lang='lat' dir='ltr'><strong>gratia.</strong></span> 
     </span>
    </p>
   </div>
   <div class='ocr_carea' id='block_1_23' title="bbox 2027 982 3524 1054">
    <p class='ocr_par' dir='ltr' id='par_1_23' title="bbox 2027 982 3524 1054">
     <span class='ocr_line' id='line_1_23' title="bbox 2027 982 3524 1054; baseline 0.001 -15"><span class='ocrx_word' id='word_1_121' title='bbox 2027 982 2253 1039; x_wconf 87' lang='lat' dir='ltr'><strong>Omnem</strong></span> <span class='ocrx_word' id='word_1_122' title='bbox 2283 983 2423 1037; x_wconf 86' lang='lat' dir='ltr'><strong>diem</strong></span> <span class='ocrx_word' id='word_1_123' title='bbox 2456 983 2773 1053; x_wconf 79' lang='lat' dir='ltr'><strong>perfectam,</strong></span> <span class='ocrx_word' id='word_1_124' title='bbox 2826 994 3097 1051; x_wconf 85' lang='lat' dir='ltr'><strong>sanctam,</strong></span> <span class='ocrx_word' id='word_1_125' title='bbox 3143 985 3428 1054; x_wconf 84' lang='lat' dir='ltr'><strong>pacificam</strong></span> <span class='ocrx_word' id='word_1_126' title='bbox 3470 997 3524 1041; x_wconf 89' lang='lat' dir='ltr'><strong>et</strong></span> 
     </span>
    </p>
   </div>
   <div class='ocr_carea' id='block_1_24' title="bbox 1957 1074 3521 1145">
    <p class='ocr_par' dir='ltr' id='par_1_24' title="bbox 1957 1074 3521 1145">
     <span class='ocr_line' id='line_1_24' title="bbox 1957 1074 3521 1145; baseline 0.004 -17"><span class='ocrx_word' id='word_1_127' title='bbox 1957 1074 2235 1128; x_wconf 78' lang='lat' dir='ltr'><strong>innoxiam</strong></span> <span class='ocrx_word' id='word_1_128' title='bbox 2275 1084 2609 1142; x_wconf 77' lang='lat' dir='ltr'><strong>expetentes,</strong></span> <span class='ocrx_word' id='word_1_129' title='bbox 2645 1090 2744 1129; x_wconf 82' lang='lat' dir='ltr'><strong>nos</strong></span> <span class='ocrx_word' id='word_1_130' title='bbox 2789 1076 2963 1145; x_wconf 88' lang='lat' dir='ltr'><strong>ipsos,</strong></span> <span class='ocrx_word' id='word_1_131' title='bbox 3005 1086 3060 1129; x_wconf 83' lang='lat' dir='ltr'><strong>et</strong></span> <span class='ocrx_word' id='word_1_132' title='bbox 3088 1078 3226 1131; x_wconf 89' lang='lat' dir='ltr'><strong>alios</strong></span> <span class='ocrx_word' id='word_1_133' title='bbox 3264 1076 3521 1134; x_wconf 83' lang='lat' dir='ltr'><strong>invicem.</strong></span> 
     </span>
    </p>
   </div>
   <div class='ocr_carea' id='block_1_25' title="bbox 1960 1166 3513 1235">
    <p class='ocr_par' dir='ltr' id='par_1_25' title="bbox 1960 1166 3513 1235">
     <span class='ocr_line' id='line_1_25' title="bbox 1960 1166 3513 1235; baseline 0.001 -15"><span class='ocrx_word' id='word_1_134' title='bbox 1960 1175 2235 1235; x_wconf 84' lang='lat' dir='ltr'><strong>totamque</strong></span> <span class='ocrx_word' id='word_1_135' title='bbox 2282 1166 2445 1220; x_wconf 80' lang='lat' dir='ltr'><strong>vitam</strong></span> <span class='ocrx_word' id='word_1_136' title='bbox 2506 1176 2749 1220; x_wconf 91' lang='lat' dir='ltr'><strong>nostram</strong></span> <span class='ocrx_word' id='word_1_137' title='bbox 2803 1167 3023 1221; x_wconf 86' lang='lat' dir='ltr'><strong>Christo</strong></span> <span class='ocrx_word' id='word_1_138' title='bbox 3079 1169 3513 1222; x_wconf 84' lang='lat' dir='ltr'><strong>committamus.</strong></span> 
     </span>
    </p>
   </div>
   <div class='ocr_carea' id='block_1_26' title="bbox 2570 1273 2931 1329">
    <p class='ocr_par' dir='ltr' id='par_1_26' title="bbox 2570 1273 2931 1329">
     <span class='ocr_line' id='line_1_26' title="bbox 2570 1273 2931 1329; baseline 0.006 -2"><span class='ocrx_word' id='word_1_139' title='bbox 2570 1273 2931 1329; x_wconf 75' lang='lat' dir='ltr'><strong>Exclamatio.</strong></span> 
     </span>
    </p>
   </div>
   <div class='ocr_carea' id='block_1_27' title="bbox 2029 1381 3517 1453">
    <p class='ocr_par' dir='ltr' id='par_1_27' title="bbox 2029 1381 3517 1453">
     <span class='ocr_line' id='line_1_27' title="bbox 2029 1381 3517 1453; baseline -0.003 -15"><span class='ocrx_word' id='word_1_140' title='bbox 2029 1384 2299 1450; x_wconf 80' lang='lat' dir='ltr'><strong>Quoniam</strong></span> <span class='ocrx_word' id='word_1_141' title='bbox 2335 1398 2395 1438; x_wconf 91' lang='lat' dir='ltr'><strong>es</strong></span> <span class='ocrx_word' id='word_1_142' title='bbox 2428 1382 2789 1437; x_wconf 82' lang='lat' dir='ltr'><strong>sanctificatio</strong></span> <span class='ocrx_word' id='word_1_143' title='bbox 2822 1392 3030 1444; x_wconf 86' lang='lat' dir='ltr'><strong>nostra.</strong></span> <span class='ocrx_word' id='word_1_144' title='bbox 3063 1391 3117 1438; x_wconf 87' lang='lat' dir='ltr'><strong>et</strong></span> <span class='ocrx_word' id='word_1_145' title='bbox 3150 1382 3248 1438; x_wconf 89' lang='lat' dir='ltr'><strong>tibi</strong></span> <span class='ocrx_word' id='word_1_146' title='bbox 3286 1381 3517 1453; x_wconf 74' lang='lat' dir='ltr'><strong>gloriam</strong></span> 
     </span>
    </p>
   </div>
   <div class='ocr_carea' id='block_1_28' title="bbox 1960 1471 3517 1541">
    <p class='ocr_par' dir='ltr' id='par_1_28' title="bbox 1960 1471 3517 1541">
     <span class='ocr_line' id='line_1_28' title="bbox 1960 1471 3517 1541; baseline -0.003 -9"><span class='ocrx_word' id='word_1_147' title='bbox 1960 1476 2267 1538; x_wconf 81' lang='lat' dir='ltr'><strong>referimus,</strong></span> <span class='ocrx_word' id='word_1_148' title='bbox 2298 1473 2445 1529; x_wconf 87' lang='lat' dir='ltr'><strong>Patri</strong></span> <span class='ocrx_word' id='word_1_149' title='bbox 2491 1482 2545 1528; x_wconf 87' lang='lat' dir='ltr'><strong>et</strong></span> <span class='ocrx_word' id='word_1_150' title='bbox 2582 1471 2722 1527; x_wconf 85' lang='lat' dir='ltr'><strong>Filio</strong></span> <span class='ocrx_word' id='word_1_151' title='bbox 2750 1482 2804 1528; x_wconf 90' lang='lat' dir='ltr'><strong>et</strong></span> <span class='ocrx_word' id='word_1_152' title='bbox 2846 1472 3068 1541; x_wconf 85' lang='lat' dir='ltr'><strong>Spiritui</strong></span> <span class='ocrx_word' id='word_1_153' title='bbox 3114 1484 3326 1538; x_wconf 90' lang='lat' dir='ltr'><strong>sancto,</strong></span> <span class='ocrx_word' id='word_1_154' title='bbox 3370 1489 3517 1527; x_wconf 89' lang='lat' dir='ltr'><strong>nunc</strong></span> 
     </span>
    </p>
   </div>
   <div class='ocr_carea' id='block_1_29' title="bbox 1955 1566 3028 1637">
    <p class='ocr_par' dir='ltr' id='par_1_29' title="bbox 1955 1566 3028 1637">
     <span class='ocr_line' id='line_1_29' title="bbox 1955 1566 3028 1637; baseline -0.002 -13"><span class='ocrx_word' id='word_1_155' title='bbox 1955 1578 2008 1624; x_wconf 90' lang='lat' dir='ltr'><strong>et</strong></span> <span class='ocrx_word' id='word_1_156' title='bbox 2040 1583 2276 1637; x_wconf 87' lang='lat' dir='ltr'><strong>semper,</strong></span> <span class='ocrx_word' id='word_1_157' title='bbox 2305 1576 2358 1622; x_wconf 90' lang='lat' dir='ltr'><strong>et</strong></span> <span class='ocrx_word' id='word_1_158' title='bbox 2378 1567 2430 1620; x_wconf 93' lang='lat' dir='ltr'><strong>in</strong></span> <span class='ocrx_word' id='word_1_159' title='bbox 2458 1566 2657 1622; x_wconf 61' lang='lat' dir='ltr'><strong>secula</strong></span> <span class='ocrx_word' id='word_1_160' title='bbox 2678 1567 3028 1623; x_wconf 66' lang='lat' dir='ltr'><strong>saeculorum.</strong></span> 
     </span>
    </p>
   </div>
   <div class='ocr_carea' id='block_1_30' title="bbox 2029 1658 2639 1728">
    <p class='ocr_par' dir='ltr' id='par_1_30' title="bbox 2029 1658 2639 1728">
     <span class='ocr_line' id='line_1_30' title="bbox 2029 1658 2639 1728; baseline -0.002 -16"><span class='ocrx_word' id='word_1_161' title='bbox 2029 1658 2085 1712; x_wconf 83' lang='lat' dir='ltr'><strong>In</strong></span> <span class='ocrx_word' id='word_1_162' title='bbox 2111 1674 2241 1728; x_wconf 85' lang='lat' dir='ltr'><strong>pace</strong></span> <span class='ocrx_word' id='word_1_163' title='bbox 2274 1658 2639 1713; x_wconf 83' lang='lat' dir='ltr'><strong>discedamus.</strong></span> 
     </span>
    </p>
   </div>
   <div class='ocr_carea' id='block_1_31' title="bbox 2000 1751 2722 1818">
    <p class='ocr_par' dir='ltr' id='par_1_31' title="bbox 2000 1751 2722 1818">
     <span class='ocr_line' id='line_1_31' title="bbox 2000 1751 2722 1818; baseline -0.001 -13"><span class='ocrx_word' id='word_1_164' title='bbox 2000 1769 2005 1775; x_wconf 56' lang='grc' dir='ltr'>δ</span> <span class='ocrx_word' id='word_1_165' title='bbox 2029 1751 2317 1805; x_wconf 86' lang='lat' dir='ltr'><strong>Dominum</strong></span> <span class='ocrx_word' id='word_1_166' title='bbox 2346 1751 2722 1818; x_wconf 85' lang='lat' dir='ltr'><strong>deprecemur.</strong></span> 
     </span>
    </p>
   </div>
   <div class='ocr_carea' id='block_1_32' title="bbox 355 1835 2018 1938">
    <p class='ocr_par' dir='ltr' id='par_1_32' title="bbox 355 1835 1928 1938">
     <span class='ocr_line' id='line_1_32' title="bbox 355 1835 1928 1938; baseline 0.003 -51"><span class='ocrx_word' id='word_1_167' title='bbox 355 1835 525 1938; x_wconf 67' lang='grc' dir='ltr'><strong>Εὐχῂ</strong></span> <span class='ocrx_word' id='word_1_168' title='bbox 560 1836 1013 1905; x_wconf 76' lang='grc' dir='ltr'><strong>όπισθάμσωνος</strong></span> <span class='ocrx_word' id='word_1_169' title='bbox 1040 1838 1493 1907; x_wconf 66' lang='grc' dir='ltr'><strong>ἐκφωνουμένη.</strong></span> <span class='ocrx_word' id='word_1_170' title='bbox 1530 1838 1589 1892; x_wconf 82' lang='grc'><strong>’0</strong></span> <span class='ocrx_word' id='word_1_171' title='bbox 1617 1840 1854 1908; x_wconf 78' lang='grc' dir='ltr'><strong>εὐλογῶν</strong></span> <span class='ocrx_word' id='word_1_172' title='bbox 1888 1882 1928 1938; x_wconf 70' lang='grc' dir='ltr'><strong><em>Β</em></strong></span> 
     </span>
    </p>
   </div>
   <div class='ocr_carea' id='block_1_33' title="bbox 1850 1835 3513 1938">
    <p class='ocr_par' dir='ltr' id='par_1_33' title="bbox 1850 1840 3513 1938">
     <span class='ocr_line' id='line_1_33' title="bbox 1850 1840 3513 1938; baseline -0.005 -37"><span class='ocrx_word' id='word_1_173' title='bbox 1850 1857 1854 1881; x_wconf 68' lang='grc' dir='ltr'><strong>ν</strong></span> <span class='ocrx_word' id='word_1_174' title='bbox 1888 1882 1928 1938; x_wconf 71' lang='grc' dir='ltr'><strong><em>Β</em></strong></span> <span class='ocrx_word' id='word_1_175' title='bbox 2027 1844 2209 1901; x_wconf 84' lang='lat' dir='ltr'><strong>Oratio</strong></span> <span class='ocrx_word' id='word_1_176' title='bbox 2240 1858 2358 1914; x_wconf 71' lang='lat' dir='ltr'><strong>qua:</strong></span> <span class='ocrx_word' id='word_1_177' title='bbox 2400 1853 2543 1896; x_wconf 86' lang='lat' dir='ltr'><strong>retro</strong></span> <span class='ocrx_word' id='word_1_178' title='bbox 2575 1842 2845 1894; x_wconf 75' lang='lat' dir='ltr'><strong>umbonem</strong></span> <span class='ocrx_word' id='word_1_179' title='bbox 2876 1840 3090 1897; x_wconf 81' lang='lat' dir='ltr'><strong>dicitur.</strong></span> <span class='ocrx_word' id='word_1_180' title='bbox 3139 1840 3259 1907; x_wconf 80' lang='lat' dir='ltr'><strong>Qui</strong></span> <span class='ocrx_word' id='word_1_181' title='bbox 3297 1840 3513 1896; x_wconf 80' lang='lat' dir='ltr'><strong>benedi-</strong></span> 
     </span>
    </p>
   </div>
   <div class='ocr_carea' id='block_1_34' title="bbox 286 1924 1949 2001">
    <p class='ocr_par' dir='ltr' id='par_1_34' title="bbox 286 1924 1927 1997">
     <span class='ocr_line' id='line_1_34' title="bbox 286 1924 1927 1997; baseline 0.004 -20"><span class='ocrx_word' id='word_1_182' title='bbox 286 1925 415 1985; x_wconf 82' lang='grc' dir='ltr'><strong>τοὺς</strong></span> <span class='ocrx_word' id='word_1_183' title='bbox 434 1924 790 1993; x_wconf 81' lang='grc' dir='ltr'><strong>εὐλογοῦντὰς</strong></span> <span class='ocrx_word' id='word_1_184' title='bbox 816 1944 897 1991; x_wconf 87' lang='grc' dir='ltr'><strong>σε,</strong></span> <span class='ocrx_word' id='word_1_185' title='bbox 924 1927 1120 1996; x_wconf 79' lang='grc' dir='ltr'><strong>Κύριε,</strong></span> <span class='ocrx_word' id='word_1_186' title='bbox 1137 1928 1231 1981; x_wconf 79' lang='grc' dir='ltr'><strong>καὶ</strong></span> <span class='ocrx_word' id='word_1_187' title='bbox 1249 1928 1491 1997; x_wconf 74' lang='grc' dir='ltr'><strong>ἁγιάζων</strong></span> <span class='ocrx_word' id='word_1_188' title='bbox 1506 1929 1632 1994; x_wconf 81' lang='grc' dir='ltr'><strong>τοὺς</strong></span> <span class='ocrx_word' id='word_1_189' title='bbox 1662 1931 1753 1983; x_wconf 66' lang='grc' dir='ltr'><strong>ἐπὶ</strong></span> <span class='ocrx_word' id='word_1_190' title='bbox 1774 1932 1856 1983; x_wconf 74' lang='grc' dir='ltr'><strong>σοὶ</strong></span> <span class='ocrx_word' id='word_1_191' title='bbox 1888 1924 1927 1938; x_wconf 81' lang='grc'><em>”</em></span> 
     </span>
    </p>
   </div>
   <div class='ocr_carea' id='block_1_35' title="bbox 1853 1924 3516 2001">
    <p class='ocr_par' dir='ltr' id='par_1_35' title="bbox 1853 1924 3516 2001">
     <span class='ocr_line' id='line_1_35' title="bbox 1853 1924 3516 2001; baseline -0.004 -9"><span class='ocrx_word' id='word_1_192' title='bbox 1853 1969 1856 1981; x_wconf 79' lang='grc' dir='ltr'>ι</span> <span class='ocrx_word' id='word_1_193' title='bbox 1888 1924 1927 1938; x_wconf 79' lang='grc'><strong>”</strong></span> <span class='ocrx_word' id='word_1_194' title='bbox 1956 1936 2036 1991; x_wconf 87' lang='lat' dir='ltr'><strong>cis</strong></span> <span class='ocrx_word' id='word_1_195' title='bbox 2070 1934 2518 1991; x_wconf 80' lang='lat' dir='ltr'><strong>benedicentibns</strong></span> <span class='ocrx_word' id='word_1_196' title='bbox 2559 1933 2675 1996; x_wconf 88' lang='lat' dir='ltr'><strong>tibi,</strong></span> <span class='ocrx_word' id='word_1_197' title='bbox 2711 1932 2958 1996; x_wconf 88' lang='lat' dir='ltr'><strong>Domine,</strong></span> <span class='ocrx_word' id='word_1_198' title='bbox 2993 1941 3047 1986; x_wconf 83' lang='lat' dir='ltr'><strong>et</strong></span> <span class='ocrx_word' id='word_1_199' title='bbox 3079 1931 3390 1987; x_wconf 80' lang='lat' dir='ltr'><strong>sanctitlcas</strong></span> <span class='ocrx_word' id='word_1_200' title='bbox 3422 1932 3516 2001; x_wconf 90' lang='lat' dir='ltr'><strong>qui</strong></span> 
     </span>
    </p>
   </div>
   <div class='ocr_carea' id='block_1_36' title="bbox 285 2015 1856 2093">
    <p class='ocr_par' dir='ltr' id='par_1_36' title="bbox 285 2015 1856 2093">
     <span class='ocr_line' id='line_1_36' title="bbox 285 2015 1856 2093; baseline 0.005 -25"><span class='ocrx_word' id='word_1_201' title='bbox 285 2015 631 2081; x_wconf 81' lang='grc' dir='ltr'><strong>πεποιθότας,</strong></span> <span class='ocrx_word' id='word_1_202' title='bbox 665 2017 837 2072; x_wconf 83' lang='grc' dir='ltr'><strong>σῶσον</strong></span> <span class='ocrx_word' id='word_1_203' title='bbox 860 2018 951 2073; x_wconf 77' lang='grc' dir='ltr'><strong>τὸν</strong></span> <span class='ocrx_word' id='word_1_204' title='bbox 984 2019 1113 2074; x_wconf 82' lang='grc' dir='ltr'><strong>λαόν</strong></span> <span class='ocrx_word' id='word_1_205' title='bbox 1144 2038 1261 2086; x_wconf 87' lang='grc' dir='ltr'><strong>σου,</strong></span> <span class='ocrx_word' id='word_1_206' title='bbox 1307 2022 1401 2076; x_wconf 78' lang='grc' dir='ltr'><strong>καὶ</strong></span> <span class='ocrx_word' id='word_1_207' title='bbox 1430 2022 1725 2093; x_wconf 81' lang='grc' dir='ltr'><strong>εὐλόγησον</strong></span> <span class='ocrx_word' id='word_1_208' title='bbox 1757 2024 1856 2093; x_wconf 80' lang='grc' dir='ltr'><strong>τὴν</strong></span> 
     </span>
    </p>
   </div>
   <div class='ocr_carea' id='block_1_37' title="bbox 285 2107 1853 2185">
    <p class='ocr_par' dir='ltr' id='par_1_37' title="bbox 285 2107 1853 2185">
     <span class='ocr_line' id='line_1_37' title="bbox 285 2107 1853 2185; baseline 0.006 -26"><span class='ocrx_word' id='word_1_209' title='bbox 285 2107 656 2178; x_wconf 77' lang='grc' dir='ltr'><strong>κληρονομίαν</strong></span> <span class='ocrx_word' id='word_1_210' title='bbox 685 2125 779 2163; x_wconf 84' lang='grc' dir='ltr'><strong>σου</strong></span> <span class='ocrx_word' id='word_1_211' title='bbox 806 2126 821 2140; x_wconf 85' lang='lat'><strong><em>°</em></strong></span> <span class='ocrx_word' id='word_1_212' title='bbox 854 2112 916 2164; x_wconf 72' lang='grc' dir='ltr'><strong>τὸ</strong></span> <span class='ocrx_word' id='word_1_213' title='bbox 944 2111 1223 2183; x_wconf 81' lang='grc' dir='ltr'><strong>πλήρωμα</strong></span> <span class='ocrx_word' id='word_1_214' title='bbox 1250 2113 1351 2183; x_wconf 77' lang='grc' dir='ltr'><strong>τῆς</strong></span> <span class='ocrx_word' id='word_1_215' title='bbox 1395 2114 1721 2185; x_wconf 80' lang='grc' dir='ltr'><strong>Ἐκκλησίας</strong></span> <span class='ocrx_word' id='word_1_216' title='bbox 1757 2133 1853 2169; x_wconf 86' lang='grc' dir='ltr'><strong>σου</strong></span> 
     </span>
    </p>
   </div>
   <div class='ocr_carea' id='block_1_38' title="bbox 283 2197 1855 2277">
    <p class='ocr_par' dir='ltr' id='par_1_38' title="bbox 283 2197 1855 2277">
     <span class='ocr_line' id='line_1_38' title="bbox 283 2197 1855 2277; baseline 0.007 -28"><span class='ocrx_word' id='word_1_217' title='bbox 283 2197 524 2264; x_wconf 81' lang='grc' dir='ltr'><strong>φύλαξον</strong></span> <span class='ocrx_word' id='word_1_218' title='bbox 550 2217 561 2229; x_wconf 89' lang='grc'><strong>·</strong></span> <span class='ocrx_word' id='word_1_219' title='bbox 592 2200 822 2268; x_wconf 78' lang='grc' dir='ltr'><strong>ἁγίασον</strong></span> <span class='ocrx_word' id='word_1_220' title='bbox 852 2202 977 2265; x_wconf 82' lang='grc' dir='ltr'><strong>τοὺς</strong></span> <span class='ocrx_word' id='word_1_221' title='bbox 1015 2203 1343 2271; x_wconf 77' lang='grc' dir='ltr'><strong>ἀγαπῶντας</strong></span> <span class='ocrx_word' id='word_1_222' title='bbox 1376 2205 1476 2276; x_wconf 79' lang='grc' dir='ltr'><strong>τὴν</strong></span> <span class='ocrx_word' id='word_1_223' title='bbox 1513 2206 1855 2277; x_wconf 74' lang='grc' dir='ltr'><strong>εὐπρέπειαν</strong></span> 
     </span>
    </p>
   </div>
   <div class='ocr_carea' id='block_1_39' title="bbox 284 2288 1853 2371">
    <p class='ocr_par' dir='ltr' id='par_1_39' title="bbox 284 2288 1853 2371">
     <span class='ocr_line' id='line_1_39' title="bbox 284 2288 1853 2371; baseline 0.008 -31"><span class='ocrx_word' id='word_1_224' title='bbox 284 2288 382 2341; x_wconf 84' lang='grc' dir='ltr'><strong>τοῦ</strong></span> <span class='ocrx_word' id='word_1_225' title='bbox 407 2290 558 2343; x_wconf 82' lang='grc' dir='ltr'><strong>οίκου</strong></span> <span class='ocrx_word' id='word_1_226' title='bbox 601 2309 693 2346; x_wconf 86' lang='grc' dir='ltr'><strong>σου</strong></span> <span class='ocrx_word' id='word_1_227' title='bbox 728 2308 743 2323; x_wconf 85' lang='grc'>⁶</span> <span class='ocrx_word' id='word_1_228' title='bbox 781 2294 844 2347; x_wconf 79' lang='grc' dir='ltr'>σὺ</span> <span class='ocrx_word' id='word_1_229' title='bbox 874 2294 1074 2359; x_wconf 78' lang='grc' dir='ltr'><strong>αὐτοὺς</strong></span> <span class='ocrx_word' id='word_1_230' title='bbox 1103 2298 1198 2350; x_wconf 80' lang='grc' dir='ltr'><strong>ἀντ</strong></span> <span class='ocrx_word' id='word_1_231' title='bbox 1210 2296 1453 2362; x_wconf 79' lang='grc' dir='ltr'><strong>ιδόξασον</strong></span> <span class='ocrx_word' id='word_1_232' title='bbox 1483 2301 1548 2369; x_wconf 80' lang='grc' dir='ltr'><strong>τῇ</strong></span> <span class='ocrx_word' id='word_1_233' title='bbox 1573 2298 1727 2371; x_wconf 79' lang='grc' dir='ltr'><strong>θεῖκῇ</strong></span> <span class='ocrx_word' id='word_1_234' title='bbox 1759 2308 1853 2353; x_wconf 74' lang='grc' dir='ltr'><strong>σου</strong></span> 
     </span>
    </p>
   </div>
   <div class='ocr_carea' id='block_1_40' title="bbox 282 2380 1853 2460">
    <p class='ocr_par' dir='ltr' id='par_1_40' title="bbox 282 2380 1853 2460">
     <span class='ocr_line' id='line_1_40' title="bbox 282 2380 1853 2460; baseline 0.008 -28"><span class='ocrx_word' id='word_1_235' title='bbox 282 2380 534 2449; x_wconf 81' lang='grc' dir='ltr'><strong>δυνάμει,</strong></span> <span class='ocrx_word' id='word_1_236' title='bbox 572 2384 662 2436; x_wconf 77' lang='grc' dir='ltr'><strong>καὶ</strong></span> <span class='ocrx_word' id='word_1_237' title='bbox 689 2384 764 2455; x_wconf 78' lang='grc' dir='ltr'><strong>μὴ</strong></span> <span class='ocrx_word' id='word_1_238' title='bbox 790 2385 1159 2460; x_wconf 78' lang='grc' dir='ltr'><strong>ὲγκαταλίπῃς</strong></span> <span class='ocrx_word' id='word_1_239' title='bbox 1188 2390 1336 2460; x_wconf 77' lang='grc' dir='ltr'><strong>ἡμᾶς</strong></span> <span class='ocrx_word' id='word_1_240' title='bbox 1380 2391 1504 2454; x_wconf 73' lang='grc' dir='ltr'><strong>τοὺς</strong></span> <span class='ocrx_word' id='word_1_241' title='bbox 1538 2390 1853 2456; x_wconf 70' lang='grc' dir='ltr'><strong>ἐλπίζοντας</strong></span> 
     </span>
    </p>
   </div>
   <div class='ocr_carea' id='block_1_41' title="bbox 283 2472 1848 2553">
    <p class='ocr_par' dir='ltr' id='par_1_41' title="bbox 283 2472 1848 2553">
     <span class='ocr_line' id='line_1_41' title="bbox 283 2472 1848 2553; baseline 0.01 -30"><span class='ocrx_word' id='word_1_242' title='bbox 283 2474 376 2524; x_wconf 71' lang='grc' dir='ltr'><strong>ἐπὶ</strong></span> <span class='ocrx_word' id='word_1_243' title='bbox 408 2472 485 2526; x_wconf 77' lang='grc' dir='ltr'><strong>σί.</strong></span> <span class='ocrx_word' id='word_1_244' title='bbox 526 2474 762 2548; x_wconf 82' lang='grc' dir='ltr'><strong>Είρήνην</strong></span> <span class='ocrx_word' id='word_1_245' title='bbox 792 2478 869 2547; x_wconf 80' lang='grc' dir='ltr'><strong>τῷ</strong></span> <span class='ocrx_word' id='word_1_246' title='bbox 905 2481 1097 2551; x_wconf 80' lang='grc' dir='ltr'><strong>κόσμῳ</strong></span> <span class='ocrx_word' id='word_1_247' title='bbox 1140 2497 1233 2534; x_wconf 83' lang='grc' dir='ltr'><strong>σου</strong></span> <span class='ocrx_word' id='word_1_248' title='bbox 1259 2480 1524 2553; x_wconf 84' lang='grc' dir='ltr'><strong>δώρησαι,</strong></span> <span class='ocrx_word' id='word_1_249' title='bbox 1553 2486 1675 2548; x_wconf 83' lang='grc' dir='ltr'><strong>ταῖς</strong></span> <span class='ocrx_word' id='word_1_250' title='bbox 1719 2485 1848 2538; x_wconf 78' lang='grc' dir='ltr'><strong>Ἐκσ</strong></span> 
     </span>
    </p>
   </div>
   <div class='ocr_carea' id='block_1_42' title="bbox 284 2563 1847 2645">
    <p class='ocr_par' dir='ltr' id='par_1_42' title="bbox 284 2563 1847 2645">
     <span class='ocr_line' id='line_1_42' title="bbox 284 2563 1847 2645; baseline 0.009 -31"><span class='ocrx_word' id='word_1_251' title='bbox 284 2563 537 2633; x_wconf 79' lang='grc' dir='ltr'><strong>κλησίαις</strong></span> <span class='ocrx_word' id='word_1_252' title='bbox 591 2583 706 2632; x_wconf 85' lang='grc' dir='ltr'><strong>σου,</strong></span> <span class='ocrx_word' id='word_1_253' title='bbox 737 2571 849 2632; x_wconf 77' lang='grc' dir='ltr'><strong>τοῖς</strong></span> <span class='ocrx_word' id='word_1_254' title='bbox 890 2570 1118 2641; x_wconf 73' lang='grc' dir='ltr'><strong>ίιρεῦσι,</strong></span> <span class='ocrx_word' id='word_1_255' title='bbox 1155 2573 1265 2632; x_wconf 80' lang='grc' dir='ltr'><strong>τοῖς</strong></span> <span class='ocrx_word' id='word_1_256' title='bbox 1314 2564 1629 2643; x_wconf 80' lang='grc' dir='ltr'><strong>βασιλεῦσιν</strong></span> <span class='ocrx_word' id='word_1_257' title='bbox 1670 2575 1847 2645; x_wconf 82' lang='grc' dir='ltr'>ἡμῶν,</span> 
     </span>
    </p>
   </div>
   <div class='ocr_carea' id='block_1_43' title="bbox 282 2652 1387 2732">
    <p class='ocr_par' dir='ltr' id='par_1_43' title="bbox 282 2652 1387 2732">
     <span class='ocr_line' id='line_1_43' title="bbox 282 2652 1387 2732; baseline 0.015 -28"><span class='ocrx_word' id='word_1_258' title='bbox 282 2652 361 2723; x_wconf 86' lang='grc' dir='ltr'><strong>τῷ</strong></span> <span class='ocrx_word' id='word_1_259' title='bbox 386 2656 603 2727; x_wconf 80' lang='grc' dir='ltr'>στρατῷ</span> <span class='ocrx_word' id='word_1_260' title='bbox 634 2659 729 2711; x_wconf 69' lang='grc' dir='ltr'><strong>καὶ</strong></span> <span class='ocrx_word' id='word_1_261' title='bbox 767 2662 930 2715; x_wconf 79' lang='grc' dir='ltr'>παντὶ</span> <span class='ocrx_word' id='word_1_262' title='bbox 964 2660 1047 2731; x_wconf 83' lang='grc' dir='ltr'><strong>τῷ</strong></span> <span class='ocrx_word' id='word_1_263' title='bbox 1074 2662 1189 2732; x_wconf 84' lang='grc' dir='ltr'><strong>λαῷ</strong></span> <span class='ocrx_word' id='word_1_264' title='bbox 1216 2680 1331 2721; x_wconf 82' lang='grc' dir='ltr'><strong>σου.</strong></span> <span class='ocrx_word' id='word_1_265' title='bbox 1382 2652 1387 2658; x_wconf 86' lang='grc'><em>’</em></span> 
     </span>
    </p>
   </div>
   <div class='ocr_carea' id='block_1_44' title="bbox 877 2768 1268 2840">
    <p class='ocr_par' dir='ltr' id='par_1_44' title="bbox 877 2768 1268 2840">
     <span class='ocr_line' id='line_1_44' title="bbox 877 2768 1268 2840; baseline 0.01 -17"><span class='ocrx_word' id='word_1_266' title='bbox 877 2768 1268 2840; x_wconf 73' lang='grc' dir='ltr'><strong>Ἐκφώνησις.</strong></span> 
     </span>
    </p>
   </div>
   <div class='ocr_carea' id='block_1_45' title="bbox 357 2874 1851 2956">
    <p class='ocr_par' dir='ltr' id='par_1_45' title="bbox 357 2874 1851 2956">
     <span class='ocr_line' id='line_1_45' title="bbox 357 2874 1851 2956; baseline 0.01 -30"><span class='ocrx_word' id='word_1_267' title='bbox 357 2874 479 2928; x_wconf 87' lang='grc' dir='ltr'><strong>Ὅτι</strong></span> <span class='ocrx_word' id='word_1_268' title='bbox 515 2877 663 2929; x_wconf 79' lang='grc' dir='ltr'>πᾶσα</span> <span class='ocrx_word' id='word_1_269' title='bbox 698 2877 844 2940; x_wconf 73' lang='grc' dir='ltr'><strong>δόσις</strong></span> <span class='ocrx_word' id='word_1_270' title='bbox 872 2880 1076 2953; x_wconf 76' lang='grc' dir='ltr'><strong>ἀγαθὴ,</strong></span> <span class='ocrx_word' id='word_1_271' title='bbox 1113 2884 1207 2936; x_wconf 73' lang='grc' dir='ltr'>καὶ</span> <span class='ocrx_word' id='word_1_272' title='bbox 1235 2884 1344 2937; x_wconf 80' lang='grc' dir='ltr'><strong>πᾶν</strong></span> <span class='ocrx_word' id='word_1_273' title='bbox 1374 2883 1606 2956; x_wconf 85' lang='grc' dir='ltr'><strong>δώρημα</strong></span> <span class='ocrx_word' id='word_1_274' title='bbox 1646 2886 1851 2942; x_wconf 61' lang='lat' dir='ltr'><strong>silem;</strong></span> 
     </span>
    </p>
   </div>
   <div class='ocr_carea' id='block_1_46' title="bbox 282 2964 1850 3047">
    <p class='ocr_par' dir='ltr' id='par_1_46' title="bbox 282 2964 1850 3047">
     <span class='ocr_line' id='line_1_46' title="bbox 282 2964 1850 3047; baseline 0.009 -30"><span class='ocrx_word' id='word_1_275' title='bbox 282 2964 491 3019; x_wconf 79' lang='grc' dir='ltr'>ἄνωθέν</span> <span class='ocrx_word' id='word_1_276' title='bbox 528 2969 647 3021; x_wconf 69' lang='grc' dir='ltr'><strong>ἐστι</strong></span> <span class='ocrx_word' id='word_1_277' title='bbox 697 2970 1025 3025; x_wconf 74' lang='grc' dir='ltr'><strong>καταϐαῖνον</strong></span> <span class='ocrx_word' id='word_1_278' title='bbox 1081 2973 1146 3027; x_wconf 73' lang='grc' dir='ltr'><strong>ὲκ</strong></span> <span class='ocrx_word' id='word_1_279' title='bbox 1186 2970 1280 3027; x_wconf 86' lang='grc' dir='ltr'><strong>σοῦ</strong></span> <span class='ocrx_word' id='word_1_280' title='bbox 1330 2974 1426 3027; x_wconf 83' lang='grc' dir='ltr'><strong>τοῦ</strong></span> <span class='ocrx_word' id='word_1_281' title='bbox 1478 2977 1691 3047; x_wconf 81' lang='grc' dir='ltr'><strong>Πατρδς</strong></span> <span class='ocrx_word' id='word_1_282' title='bbox 1740 2979 1850 3031; x_wconf 80' lang='grc' dir='ltr'><strong>τῶν</strong></span> 
     </span>
    </p>
   </div>
   <div class='ocr_carea' id='block_1_47' title="bbox 281 3058 1845 3139">
    <p class='ocr_par' dir='ltr' id='par_1_47' title="bbox 281 3058 1845 3139">
     <span class='ocr_line' id='line_1_47' title="bbox 281 3058 1845 3139; baseline 0.01 -32"><span class='ocrx_word' id='word_1_283' title='bbox 281 3058 496 3125; x_wconf 76' lang='grc' dir='ltr'>φώτων,</span> <span class='ocrx_word' id='word_1_284' title='bbox 528 3062 620 3113; x_wconf 69' lang='grc' dir='ltr'><strong>καὶ</strong></span> <span class='ocrx_word' id='word_1_285' title='bbox 652 3062 734 3116; x_wconf 76' lang='grc' dir='ltr'><strong>σοὶ</strong></span> <span class='ocrx_word' id='word_1_286' title='bbox 759 3063 856 3134; x_wconf 72' lang='grc' dir='ltr'><strong>τὴν</strong></span> <span class='ocrx_word' id='word_1_287' title='bbox 880 3064 1037 3130; x_wconf 78' lang='grc' dir='ltr'><strong>δόξαν</strong></span> <span class='ocrx_word' id='word_1_288' title='bbox 1064 3066 1161 3120; x_wconf 73' lang='grc' dir='ltr'>καὶ</span> <span class='ocrx_word' id='word_1_289' title='bbox 1180 3066 1536 3138; x_wconf 82' lang='grc' dir='ltr'><strong>εὐχαριστίαν</strong></span> <span class='ocrx_word' id='word_1_290' title='bbox 1562 3070 1654 3122; x_wconf 78' lang='grc' dir='ltr'><strong>καὶ</strong></span> <span class='ocrx_word' id='word_1_291' title='bbox 1674 3085 1845 3139; x_wconf 85' lang='grc' dir='ltr'><strong>προσ-</strong></span> 
     </span>
    </p>
   </div>
   <div class='ocr_carea' id='block_1_48' title="bbox 280 3149 956 3227">
    <p class='ocr_par' dir='ltr' id='par_1_48' title="bbox 280 3149 956 3227">
     <span class='ocr_line' id='line_1_48' title="bbox 280 3149 956 3227; baseline 0.015 -26"><span class='ocrx_word' id='word_1_292' title='bbox 280 3149 507 3223; x_wconf 69' lang='grc' dir='ltr'><strong>κύνησιν</strong></span> <span class='ocrx_word' id='word_1_293' title='bbox 528 3152 956 3227; x_wconf 75' lang='grc' dir='ltr'><strong>ἁναπέμπομεν.</strong></span> 
     </span>
    </p>
   </div>
   <div class='ocr_carea' id='block_1_49' title="bbox 1957 2022 3517 2096">
    <p class='ocr_par' dir='ltr' id='par_1_49' title="bbox 1957 2022 3517 2096">
     <span class='ocr_line' id='line_1_49' title="bbox 1957 2022 3517 2096; baseline -0.004 -13"><span class='ocrx_word' id='word_1_294' title='bbox 1957 2031 2010 2083; x_wconf 92' lang='lat' dir='ltr'><strong>in</strong></span> <span class='ocrx_word' id='word_1_295' title='bbox 2034 2039 2085 2083; x_wconf 90' lang='lat' dir='ltr'><strong>te</strong></span> <span class='ocrx_word' id='word_1_296' title='bbox 2117 2027 2367 2089; x_wconf 82' lang='lat' dir='ltr'><strong>credunt,</strong></span> <span class='ocrx_word' id='word_1_297' title='bbox 2406 2026 2551 2080; x_wconf 83' lang='lat' dir='ltr'><strong>salva</strong></span> <span class='ocrx_word' id='word_1_298' title='bbox 2580 2025 2837 2096; x_wconf 87' lang='lat' dir='ltr'><strong>populqu</strong></span> <span class='ocrx_word' id='word_1_299' title='bbox 2865 2034 3042 2086; x_wconf 88' lang='lat' dir='ltr'><strong>tuum,</strong></span> <span class='ocrx_word' id='word_1_300' title='bbox 3072 2032 3127 2079; x_wconf 90' lang='lat' dir='ltr'><strong>et</strong></span> <span class='ocrx_word' id='word_1_301' title='bbox 3156 2022 3383 2079; x_wconf 83' lang='lat' dir='ltr'><strong>benedic</strong></span> <span class='ocrx_word' id='word_1_302' title='bbox 3409 2024 3517 2077; x_wconf 56' lang='lat' dir='ltr'><strong>hm-</strong></span> 
     </span>
    </p>
   </div>
   <div class='ocr_carea' id='block_1_50' title="bbox 1956 2113 3520 2178">
    <p class='ocr_par' dir='ltr' id='par_1_50' title="bbox 1956 2113 3520 2178">
     <span class='ocr_line' id='line_1_50' title="bbox 1956 2113 3520 2178; baseline -0.009 0"><span class='ocrx_word' id='word_1_303' title='bbox 1956 2118 2172 2178; x_wconf 87' lang='lat' dir='ltr'><strong>reditati</strong></span> <span class='ocrx_word' id='word_1_304' title='bbox 2209 2128 2331 2174; x_wconf 64' lang='lat' dir='ltr'><strong>tum.</strong></span> <span class='ocrx_word' id='word_1_305' title='bbox 2386 2116 2784 2172; x_wconf 86' lang='lat' dir='ltr'><strong>Plenitndinem</strong></span> <span class='ocrx_word' id='word_1_306' title='bbox 2835 2114 3095 2171; x_wconf 74' lang='lat' dir='ltr'><strong>Ecclesia</strong></span> <span class='ocrx_word' id='word_1_307' title='bbox 3132 2124 3237 2169; x_wconf 73' lang='lat' dir='ltr'><strong>tua:</strong></span> <span class='ocrx_word' id='word_1_308' title='bbox 3280 2113 3520 2174; x_wconf 83' lang='lat' dir='ltr'><strong>custodi,</strong></span> 
     </span>
    </p>
   </div>
   <div class='ocr_carea' id='block_1_51' title="bbox 1955 2205 3515 2279">
    <p class='ocr_par' dir='ltr' id='par_1_51' title="bbox 1955 2205 3515 2279">
     <span class='ocr_line' id='line_1_51' title="bbox 1955 2205 3515 2279; baseline -0.008 -11"><span class='ocrx_word' id='word_1_309' title='bbox 1955 2211 2231 2269; x_wconf 82' lang='lat' dir='ltr'><strong>sanctifica</strong></span> <span class='ocrx_word' id='word_1_310' title='bbox 2261 2225 2356 2264; x_wconf 88' lang='lat' dir='ltr'><strong>eos</strong></span> <span class='ocrx_word' id='word_1_311' title='bbox 2383 2209 2475 2279; x_wconf 90' lang='lat' dir='ltr'><strong>qui</strong></span> <span class='ocrx_word' id='word_1_312' title='bbox 2498 2208 2748 2262; x_wconf 82' lang='lat' dir='ltr'><strong>decorem</strong></span> <span class='ocrx_word' id='word_1_313' title='bbox 2780 2208 2975 2261; x_wconf 87' lang='lat' dir='ltr'><strong>domus</strong></span> <span class='ocrx_word' id='word_1_314' title='bbox 3010 2217 3117 2261; x_wconf 69' lang='lat' dir='ltr'><strong>tum</strong></span> <span class='ocrx_word' id='word_1_315' title='bbox 3152 2205 3424 2271; x_wconf 76' lang='lat' dir='ltr'><strong>diligunt;</strong></span> <span class='ocrx_word' id='word_1_316' title='bbox 3457 2212 3515 2257; x_wconf 90' lang='lat' dir='ltr'><strong>tu</strong></span> 
     </span>
    </p>
   </div>
   <div class='ocr_carea' id='block_1_52' title="bbox 1953 2294 3511 2369">
    <p class='ocr_par' dir='ltr' id='par_1_52' title="bbox 1953 2294 3511 2369">
     <span class='ocr_line' id='line_1_52' title="bbox 1953 2294 3511 2369; baseline -0.009 -10"><span class='ocrx_word' id='word_1_317' title='bbox 1953 2318 2047 2359; x_wconf 87' lang='lat' dir='ltr'><strong>eos</strong></span> <span class='ocrx_word' id='word_1_318' title='bbox 2073 2302 2314 2358; x_wconf 79' lang='lat' dir='ltr'><strong>vicissim</strong></span> <span class='ocrx_word' id='word_1_319' title='bbox 2343 2300 2586 2369; x_wconf 78' lang='lat' dir='ltr'><strong>glorifica</strong></span> <span class='ocrx_word' id='word_1_320' title='bbox 2610 2299 2793 2353; x_wconf 77' lang='lat' dir='ltr'><strong>divina</strong></span> <span class='ocrx_word' id='word_1_321' title='bbox 2830 2297 3069 2368; x_wconf 86' lang='lat' dir='ltr'><strong>potentia</strong></span> <span class='ocrx_word' id='word_1_322' title='bbox 3096 2306 3209 2360; x_wconf 83' lang='lat' dir='ltr'><strong>tua,</strong></span> <span class='ocrx_word' id='word_1_323' title='bbox 3239 2304 3292 2350; x_wconf 89' lang='lat' dir='ltr'><strong>et</strong></span> <span class='ocrx_word' id='word_1_324' title='bbox 3325 2310 3393 2349; x_wconf 86' lang='lat' dir='ltr'><strong>ne</strong></span> <span class='ocrx_word' id='word_1_325' title='bbox 3416 2294 3511 2347; x_wconf 85' lang='lat' dir='ltr'><strong>de-</strong></span> 
     </span>
    </p>
   </div>
   <div class='ocr_carea' id='block_1_53' title="bbox 1951 2386 3529 2464">
    <p class='ocr_par' dir='ltr' id='par_1_53' title="bbox 1951 2386 3529 2464">
     <span class='ocr_line' id='line_1_53' title="bbox 1951 2386 3529 2464; baseline -0.008 -14"><span class='ocrx_word' id='word_1_326' title='bbox 1951 2396 2234 2464; x_wconf 85' lang='lat' dir='ltr'><strong>relinquas</strong></span> <span class='ocrx_word' id='word_1_327' title='bbox 2270 2392 2493 2461; x_wconf 83' lang='lat' dir='ltr'><strong>nosqui</strong></span> <span class='ocrx_word' id='word_1_328' title='bbox 2547 2404 2833 2461; x_wconf 80' lang='lat' dir='ltr'><strong>speramus</strong></span> <span class='ocrx_word' id='word_1_329' title='bbox 2864 2390 2917 2443; x_wconf 94' lang='lat' dir='ltr'><strong>in</strong></span> <span class='ocrx_word' id='word_1_330' title='bbox 2967 2398 3038 2445; x_wconf 89' lang='lat' dir='ltr'><strong>te.</strong></span> <span class='ocrx_word' id='word_1_331' title='bbox 3088 2387 3282 2442; x_wconf 80' lang='lat' dir='ltr'><strong>Pacem</strong></span> <span class='ocrx_word' id='word_1_332' title='bbox 3312 2386 3529 2439; x_wconf 64' lang='lat' dir='ltr'><strong>mundo</strong></span> 
     </span>
    </p>
   </div>
   <div class='ocr_carea' id='block_1_54' title="bbox 1953 2478 3531 2557">
    <p class='ocr_par' dir='ltr' id='par_1_54' title="bbox 1953 2478 3531 2557">
     <span class='ocr_line' id='line_1_54' title="bbox 1953 2478 3531 2557; baseline -0.008 -14"><span class='ocrx_word' id='word_1_333' title='bbox 1953 2498 2046 2543; x_wconf 86' lang='lat' dir='ltr'><strong>tuo</strong></span> <span class='ocrx_word' id='word_1_334' title='bbox 2086 2487 2306 2557; x_wconf 85' lang='lat' dir='ltr'><strong>largire,</strong></span> <span class='ocrx_word' id='word_1_335' title='bbox 2358 2485 2618 2539; x_wconf 85' lang='lat' dir='ltr'><strong>Ecclesiis</strong></span> <span class='ocrx_word' id='word_1_336' title='bbox 2662 2484 2792 2544; x_wconf 86' lang='lat' dir='ltr'><strong>tuis,</strong></span> <span class='ocrx_word' id='word_1_337' title='bbox 2843 2481 3241 2545; x_wconf 83' lang='lat' dir='ltr'><strong>sacerdotibus,</strong></span> <span class='ocrx_word' id='word_1_338' title='bbox 3294 2478 3531 2549; x_wconf 78' lang='lat' dir='ltr'><strong>regibus.</strong></span> 
     </span>
    </p>
   </div>
   <div class='ocr_carea' id='block_1_55' title="bbox 1952 2574 3133 2646">
    <p class='ocr_par' dir='ltr' id='par_1_55' title="bbox 1952 2574 3133 2646">
     <span class='ocr_line' id='line_1_55' title="bbox 1952 2574 3133 2646; baseline -0.008 -10"><span class='ocrx_word' id='word_1_339' title='bbox 1952 2579 2176 2646; x_wconf 84' lang='lat' dir='ltr'><strong>nostris,</strong></span> <span class='ocrx_word' id='word_1_340' title='bbox 2203 2579 2491 2645; x_wconf 79' lang='lat' dir='ltr'><strong>exercitui,</strong></span> <span class='ocrx_word' id='word_1_341' title='bbox 2522 2586 2575 2634; x_wconf 91' lang='lat' dir='ltr'><strong>et</strong></span> <span class='ocrx_word' id='word_1_342' title='bbox 2603 2576 2751 2632; x_wconf 90' lang='lat' dir='ltr'><strong>omni</strong></span> <span class='ocrx_word' id='word_1_343' title='bbox 2784 2574 2985 2645; x_wconf 91' lang='lat' dir='ltr'><strong>populo</strong></span> <span class='ocrx_word' id='word_1_344' title='bbox 3016 2583 3133 2629; x_wconf 92' lang='lat' dir='ltr'><strong>tuo.</strong></span> 
     </span>
    </p>
   </div>
   <div class='ocr_carea' id='block_1_56' title="bbox 2559 2777 2907 2832">
    <p class='ocr_par' dir='ltr' id='par_1_56' title="bbox 2559 2777 2907 2832">
     <span class='ocr_line' id='line_1_56' title="bbox 2559 2777 2907 2832; baseline 0 -1"><span class='ocrx_word' id='word_1_345' title='bbox 2559 2777 2907 2832; x_wconf 73' lang='lat' dir='ltr'><strong>Exclumatio.</strong></span> 
     </span>
    </p>
   </div>
   <div class='ocr_carea' id='block_1_57' title="bbox 2022 2886 3527 2957">
    <p class='ocr_par' dir='ltr' id='par_1_57' title="bbox 2022 2886 3527 2957">
     <span class='ocr_line' id='line_1_57' title="bbox 2022 2886 3527 2957; baseline -0.009 -13"><span class='ocrx_word' id='word_1_346' title='bbox 2022 2890 2290 2957; x_wconf 86' lang='lat' dir='ltr'><strong>Quoniam</strong></span> <span class='ocrx_word' id='word_1_347' title='bbox 2325 2903 2486 2941; x_wconf 90' lang='lat' dir='ltr'><strong>omne</strong></span> <span class='ocrx_word' id='word_1_348' title='bbox 2517 2886 2720 2941; x_wconf 81' lang='lat' dir='ltr'><strong>donum</strong></span> <span class='ocrx_word' id='word_1_349' title='bbox 2763 2886 2991 2948; x_wconf 88' lang='lat' dir='ltr'><strong>bonum,</strong></span> <span class='ocrx_word' id='word_1_350' title='bbox 3021 2890 3076 2936; x_wconf 86' lang='lat' dir='ltr'><strong>et</strong></span> <span class='ocrx_word' id='word_1_351' title='bbox 3118 2896 3282 2936; x_wconf 85' lang='lat' dir='ltr'><strong>omne</strong></span> <span class='ocrx_word' id='word_1_352' title='bbox 3314 2892 3527 2933; x_wconf 73' lang='lat' dir='ltr'><strong>munus.</strong></span> 
     </span>
    </p>
   </div>
   <div class='ocr_carea' id='block_1_58' title="bbox 1950 2970 3521 3050">
    <p class='ocr_par' dir='ltr' id='par_1_58' title="bbox 1950 2970 3521 3050">
     <span class='ocr_line' id='line_1_58' title="bbox 1950 2970 3521 3050; baseline -0.007 -17"><span class='ocrx_word' id='word_1_353' title='bbox 1950 2979 2253 3050; x_wconf 69' lang='lat' dir='ltr'><strong>perfectum</strong></span> <span class='ocrx_word' id='word_1_354' title='bbox 2277 2980 2345 3033; x_wconf 89' lang='lat' dir='ltr'><strong>de</strong></span> <span class='ocrx_word' id='word_1_355' title='bbox 2368 2976 2509 3031; x_wconf 71' lang='lat' dir='ltr'><strong>cwlo</strong></span> <span class='ocrx_word' id='word_1_356' title='bbox 2532 2975 2811 3030; x_wconf 80' lang='lat' dir='ltr'><strong>descendit</strong></span> <span class='ocrx_word' id='word_1_357' title='bbox 2837 2990 2868 3029; x_wconf 87' lang='lat' dir='ltr'><strong>a</strong></span> <span class='ocrx_word' id='word_1_358' title='bbox 2892 2985 2943 3030; x_wconf 78' lang='lat' dir='ltr'><strong>to</strong></span> <span class='ocrx_word' id='word_1_359' title='bbox 2964 2976 3123 3028; x_wconf 81' lang='lat' dir='ltr'><strong>Patre</strong></span> <span class='ocrx_word' id='word_1_360' title='bbox 3142 2970 3431 3033; x_wconf 84' lang='lat' dir='ltr'><strong>luminum,</strong></span> <span class='ocrx_word' id='word_1_361' title='bbox 3460 2978 3521 3023; x_wconf 75' lang='lat' dir='ltr'><strong>et</strong></span> 
     </span>
    </p>
   </div>
   <div class='ocr_carea' id='block_1_59' title="bbox 1950 3063 3516 3141">
    <p class='ocr_par' dir='ltr' id='par_1_59' title="bbox 1950 3063 3516 3141">
     <span class='ocr_line' id='line_1_59' title="bbox 1950 3063 3516 3141; baseline -0.007 -15"><span class='ocrx_word' id='word_1_362' title='bbox 1950 3071 2046 3126; x_wconf 80' lang='lat' dir='ltr'><strong>tibi</strong></span> <span class='ocrx_word' id='word_1_363' title='bbox 2071 3072 2299 3141; x_wconf 69' lang='lat' dir='ltr'><strong>gloriam</strong></span> <span class='ocrx_word' id='word_1_364' title='bbox 2332 3081 2383 3125; x_wconf 91' lang='lat' dir='ltr'><strong>et</strong></span> <span class='ocrx_word' id='word_1_365' title='bbox 2424 3069 2721 3140; x_wconf 77' lang='lat' dir='ltr'><strong>gratiarum</strong></span> <span class='ocrx_word' id='word_1_366' title='bbox 2751 3068 3020 3123; x_wconf 87' lang='lat' dir='ltr'><strong>actionem</strong></span> <span class='ocrx_word' id='word_1_367' title='bbox 3052 3076 3106 3121; x_wconf 78' lang='lat' dir='ltr'><strong>et</strong></span> <span class='ocrx_word' id='word_1_368' title='bbox 3134 3063 3516 3118; x_wconf 67' lang='lat' dir='ltr'><strong>ailorationcnt</strong></span> 
     </span>
    </p>
   </div>
   <div class='ocr_carea' id='block_1_60' title="bbox 1914 3154 2264 3217">
    <p class='ocr_par' dir='ltr' id='par_1_60' title="bbox 1914 3154 2264 3217">
     <span class='ocr_line' id='line_1_60' title="bbox 1914 3154 2264 3217; baseline 0 0"><span class='ocrx_word' id='word_1_369' title='bbox 1914 3154 1925 3166; x_wconf 85' lang='grc'><em>’</em></span> <span class='ocrx_word' id='word_1_370' title='bbox 1948 3161 2264 3217; x_wconf 84' lang='lat' dir='ltr'><strong>deferimus.</strong></span> 
     </span>
    </p>
   </div>
   <div class='ocr_carea' id='block_1_61' title="bbox 350 3326 2405 3406">
    <p class='ocr_par' dir='ltr' id='par_1_61' title="bbox 350 3326 2405 3406">
     <span class='ocr_line' id='line_1_61' title="bbox 350 3326 2405 3406; baseline 0.005 -26"><span class='ocrx_word' id='word_1_371' title='bbox 350 3326 462 3397; x_wconf 73' lang='lat' dir='ltr'><strong>(l2)</strong></span> <span class='ocrx_word' id='word_1_372' title='bbox 504 3326 861 3398; x_wconf 72' lang='lat' dir='ltr'><strong>Legiturha‘c</strong></span> <span class='ocrx_word' id='word_1_373' title='bbox 905 3333 1077 3387; x_wconf 86' lang='lat' dir='ltr'><strong>oratio</strong></span> <span class='ocrx_word' id='word_1_374' title='bbox 1112 3334 1275 3388; x_wconf 86' lang='lat' dir='ltr'><strong>etiam</strong></span> <span class='ocrx_word' id='word_1_375' title='bbox 1325 3334 1380 3389; x_wconf 90' lang='lat' dir='ltr'><strong>in</strong></span> <span class='ocrx_word' id='word_1_376' title='bbox 1419 3334 1623 3406; x_wconf 79' lang='lat' dir='ltr'><strong>vulgari</strong></span> <span class='ocrx_word' id='word_1_377' title='bbox 1649 3333 1836 3391; x_wconf 73' lang='lat' dir='ltr'><strong>Grmca</strong></span> <span class='ocrx_word' id='word_1_378' title='bbox 1868 3332 1927 3389; x_wconf 89' lang='lat' dir='ltr'><strong>S.</strong></span> <span class='ocrx_word' id='word_1_379' title='bbox 1954 3333 2139 3390; x_wconf 81' lang='lat' dir='ltr'><strong>Basilii</strong></span> <span class='ocrx_word' id='word_1_380' title='bbox 2165 3334 2405 3402; x_wconf 78' lang='lat' dir='ltr'><strong>liturgia.</strong></span> 
     </span>
    </p>
   </div>
   <div class='ocr_carea' id='block_1_62' title="bbox 1560 3682 2263 3781">
    <p class='ocr_par' dir='ltr' id='par_1_62' title="bbox 1560 3682 2263 3781">
     <span class='ocr_line' id='line_1_62' title="bbox 1560 3682 2263 3781; baseline 0 -2"><span class='ocrx_word' id='word_1_381' title='bbox 1560 3682 2263 3781; x_wconf 86' lang='grc' dir='ltr'><strong>ΣΥΝΑΞΑΡΙΟΝ</strong></span> 
     </span>
    </p>
   </div>
   <div class='ocr_carea' id='block_1_63' title="bbox 732 3870 3058 3945">
    <p class='ocr_par' dir='ltr' id='par_1_63' title="bbox 732 3870 3058 3945">
     <span class='ocr_line' id='line_1_63' title="bbox 732 3870 3058 3945; baseline 0 -20"><span class='ocrx_word' id='word_1_382' title='bbox 732 3870 857 3925; x_wconf 70' lang='grc' dir='ltr'><strong>Σὺν</strong></span> <span class='ocrx_word' id='word_1_383' title='bbox 887 3871 1012 3938; x_wconf 71' lang='grc' dir='ltr'><strong>6εῷ</strong></span> <span class='ocrx_word' id='word_1_384' title='bbox 1047 3870 1381 3942; x_wconf 78' lang='grc' dir='ltr'><strong>ἀρχόμενον</strong></span> <span class='ocrx_word' id='word_1_385' title='bbox 1416 3874 1536 3928; x_wconf 78' lang='grc' dir='ltr'><strong>ἀπὸ</strong></span> <span class='ocrx_word' id='word_1_386' title='bbox 1567 3875 1762 3945; x_wconf 83' lang='grc' dir='ltr'><strong>μηνὸς</strong></span> <span class='ocrx_word' id='word_1_387' title='bbox 1802 3877 2202 3945; x_wconf 78' lang='grc' dir='ltr'><strong>Σεπτεμϐρίου</strong></span> <span class='ocrx_word' id='word_1_388' title='bbox 2239 3874 2419 3945; x_wconf 80' lang='grc' dir='ltr'><strong>μέχρι</strong></span> <span class='ocrx_word' id='word_1_389' title='bbox 2452 3873 2645 3945; x_wconf 78' lang='grc' dir='ltr'><strong>μηνὸς</strong></span> <span class='ocrx_word' id='word_1_390' title='bbox 2682 3874 3058 3943; x_wconf 78' lang='grc' dir='ltr'><strong>Αὐγούστου.</strong></span> 
     </span>
    </p>
   </div>
   <div class='ocr_carea' id='block_1_64' title="bbox 1881 4059 1949 4074">
    <p class='ocr_par' dir='ltr' id='par_1_64' title="bbox 1881 4059 1949 4074">
     <span class='ocr_line' id='line_1_64' title="bbox 1881 4059 1949 4074; baseline 0 -3"><span class='ocrx_word' id='word_1_391' title='bbox 1881 4059 1949 4074; x_wconf 76' lang='lat'>—</span> 
     </span>
    </p>
   </div>
   <div class='ocr_carea' id='block_1_65' title="bbox 1517 4205 2301 4299">
    <p class='ocr_par' dir='ltr' id='par_1_65' title="bbox 1517 4205 2301 4299">
     <span class='ocr_line' id='line_1_65' title="bbox 1517 4205 2301 4299; baseline 0.004 -5"><span class='ocrx_word' id='word_1_392' title='bbox 1517 4205 2301 4299; x_wconf 83' lang='lat' dir='ltr'><strong>SYNAXABIUM</strong></span> 
     </span>
    </p>
   </div>
   <div class='ocr_carea' id='block_1_66' title="bbox 634 4397 3143 4478">
    <p class='ocr_par' dir='ltr' id='par_1_66' title="bbox 634 4397 3143 4478">
     <span class='ocr_line' id='line_1_66' title="bbox 634 4397 3143 4478; baseline -0.001 -16"><span class='ocrx_word' id='word_1_393' title='bbox 634 4402 787 4462; x_wconf 84' lang='lat' dir='ltr'><strong>Cum</strong></span> <span class='ocrx_word' id='word_1_394' title='bbox 820 4398 947 4459; x_wconf 84' lang='lat' dir='ltr'><strong>Deo</strong></span> <span class='ocrx_word' id='word_1_395' title='bbox 982 4398 1290 4476; x_wconf 79' lang='lat' dir='ltr'><strong>incipiens</strong></span> <span class='ocrx_word' id='word_1_396' title='bbox 1339 4415 1378 4457; x_wconf 89' lang='lat' dir='ltr'><strong>a</strong></span> <span class='ocrx_word' id='word_1_397' title='bbox 1422 4416 1625 4459; x_wconf 79' lang='lat' dir='ltr'><strong>mense</strong></span> <span class='ocrx_word' id='word_1_398' title='bbox 1681 4398 2033 4478; x_wconf 78' lang='lat' dir='ltr'><strong>Septembri</strong></span> <span class='ocrx_word' id='word_1_399' title='bbox 2072 4417 2264 4477; x_wconf 78' lang='lat' dir='ltr'><strong>usque</strong></span> <span class='ocrx_word' id='word_1_400' title='bbox 2322 4399 2405 4459; x_wconf 87' lang='lat' dir='ltr'><strong>ad</strong></span> <span class='ocrx_word' id='word_1_401' title='bbox 2456 4409 2721 4459; x_wconf 71' lang='lat' dir='ltr'><strong>mensem</strong></span> <span class='ocrx_word' id='word_1_402' title='bbox 2766 4397 3143 4476; x_wconf 78' lang='lat' dir='ltr'><strong>Augustum.</strong></span> 
     </span>
    </p>
   </div>
   <div class='ocr_carea' id='block_1_67' title="bbox 1258 4559 2536 4624">
    <p class='ocr_par' dir='ltr' id='par_1_67' title="bbox 1258 4559 2536 4624">
     <span class='ocr_line' id='line_1_67' title="bbox 1258 4559 2536 4624; baseline 0.002 -15"><span class='ocrx_word' id='word_1_403' title='bbox 1258 4559 1407 4623; x_wconf 83' lang='lat' dir='ltr'><strong>(Bibl.</strong></span> <span class='ocrx_word' id='word_1_404' title='bbox 1436 4561 1781 4611; x_wconf 86' lang='lat' dir='ltr'><strong>Laurentiana.</strong></span> <span class='ocrx_word' id='word_1_405' title='bbox 1816 4561 2041 4621; x_wconf 73' lang='lat' dir='ltr'><strong>Butam,</strong></span> <span class='ocrx_word' id='word_1_406' title='bbox 2071 4562 2178 4611; x_wconf 88' lang='lat' dir='ltr'><strong>cod.</strong></span> <span class='ocrx_word' id='word_1_407' title='bbox 2216 4563 2299 4612; x_wconf 85' lang='lat' dir='ltr'><strong>Gr.</strong></span> <span class='ocrx_word' id='word_1_408' title='bbox 2328 4576 2359 4610; x_wconf 69' lang='grc' dir='ltr'><strong>ι</strong></span> <span class='ocrx_word' id='word_1_409' title='bbox 2392 4562 2536 4624; x_wconf 75' lang='lat' dir='ltr'><strong>saec.)</strong></span> 
     </span>
    </p>
   </div>
   <div class='ocr_carea' id='block_1_68' title="bbox 720 4863 1405 4923">
    <p class='ocr_par' dir='ltr' id='par_1_68' title="bbox 720 4863 1405 4923">
     <span class='ocr_line' id='line_1_68' title="bbox 720 4863 1405 4923; baseline 0 -1"><span class='ocrx_word' id='word_1_410' title='bbox 720 4869 873 4923; x_wconf 73' lang='grc' dir='ltr'><strong>ΜΒΝ</strong></span> <span class='ocrx_word' id='word_1_411' title='bbox 903 4863 1405 4922; x_wconf 77' lang='grc' dir='ltr'><strong>ΣΕΠΤΕΜΒΡΙΟΣ.</strong></span> 
     </span>
    </p>
   </div>
   <div class='ocr_carea' id='block_1_69' title="bbox 356 4971 1848 5049">
    <p class='ocr_par' dir='ltr' id='par_1_69' title="bbox 356 4971 1848 5049">
     <span class='ocr_line' id='line_1_69' title="bbox 356 4971 1848 5049; baseline -0.007 -15"><span class='ocrx_word' id='word_1_412' title='bbox 356 4981 425 5034; x_wconf 87' lang='grc' dir='ltr'><strong>α’.</strong></span> <span class='ocrx_word' id='word_1_413' title='bbox 488 4978 656 5049; x_wconf 77' lang='grc' dir='ltr'><strong>Ἀρχὴ</strong></span> <span class='ocrx_word' id='word_1_414' title='bbox 709 4978 808 5047; x_wconf 79' lang='grc' dir='ltr'><strong>τῆς</strong></span> <span class='ocrx_word' id='word_1_415' title='bbox 852 4976 1103 5041; x_wconf 79' lang='grc' dir='ltr'><strong>ίνδίκτου,</strong></span> <span class='ocrx_word' id='word_1_416' title='bbox 1156 4972 1251 5028; x_wconf 67' lang='grc' dir='ltr'><strong>καὶ.</strong></span> <span class='ocrx_word' id='word_1_417' title='bbox 1293 4974 1385 5027; x_wconf 88' lang='grc' dir='ltr'><strong>τοῦ</strong></span> <span class='ocrx_word' id='word_1_418' title='bbox 1435 4974 1581 5026; x_wconf 67' lang='grc' dir='ltr'><strong>ὁσίου</strong></span> <span class='ocrx_word' id='word_1_419' title='bbox 1638 4971 1848 5041; x_wconf 79' lang='grc' dir='ltr'><strong>[ἰατρὸς</strong></span> 
     </span>
    </p>
   </div>
   <div class='ocr_carea' id='block_1_70' title="bbox 282 5071 715 5145">
    <p class='ocr_par' dir='ltr' id='par_1_70' title="bbox 282 5071 715 5145">
     <span class='ocr_line' id='line_1_70' title="bbox 282 5071 715 5145; baseline -0.005 -18"><span class='ocrx_word' id='word_1_420' title='bbox 282 5078 315 5145; x_wconf 81' lang='grc' dir='ltr'>ἡ</span> <span class='ocrx_word' id='word_1_421' title='bbox 325 5075 439 5145; x_wconf 83' lang='grc' dir='ltr'><strong>μῶν</strong></span> <span class='ocrx_word' id='word_1_422' title='bbox 470 5075 541 5124; x_wconf 83' lang='grc' dir='ltr'><strong>Συ</strong></span> <span class='ocrx_word' id='word_1_423' title='bbox 550 5071 715 5141; x_wconf 86' lang='grc' dir='ltr'><strong>μεών.</strong></span> 
     </span>
    </p>
   </div>
   <div class='ocr_carea' id='block_1_71' title="bbox 351 5159 1417 5235">
    <p class='ocr_par' dir='ltr' id='par_1_71' title="bbox 351 5159 1417 5235">
     <span class='ocr_line' id='line_1_71' title="bbox 351 5159 1417 5235; baseline -0.006 -17"><span class='ocrx_word' id='word_1_424' title='bbox 351 5162 419 5235; x_wconf 85' lang='grc' dir='ltr'><strong>β’.</strong></span> <span class='ocrx_word' id='word_1_425' title='bbox 453 5164 561 5218; x_wconf 84' lang='grc' dir='ltr'><strong>Τοῦ</strong></span> <span class='ocrx_word' id='word_1_426' title='bbox 589 5162 748 5231; x_wconf 84' lang='grc' dir='ltr'><strong>ἁγίου</strong></span> <span class='ocrx_word' id='word_1_427' title='bbox 784 5161 1059 5232; x_wconf 77' lang='grc' dir='ltr'><strong>μάρτυρος</strong></span> <span class='ocrx_word' id='word_1_428' title='bbox 1096 5159 1417 5229; x_wconf 77' lang='grc' dir='ltr'><strong>Μὰμαντος.</strong></span> 
     </span>
    </p>
   </div>
   <div class='ocr_carea' id='block_1_72' title="bbox 350 5248 1418 5323">
    <p class='ocr_par' dir='ltr' id='par_1_72' title="bbox 350 5248 1418 5323">
     <span class='ocr_line' id='line_1_72' title="bbox 350 5248 1418 5323; baseline 0 -18"><span class='ocrx_word' id='word_1_429' title='bbox 350 5284 419 5294; x_wconf 92' lang='grc'><strong>--</strong></span> <span class='ocrx_word' id='word_1_430' title='bbox 448 5254 525 5322; x_wconf 80' lang='grc' dir='ltr'><strong>Τῇ</strong></span> <span class='ocrx_word' id='word_1_431' title='bbox 549 5253 687 5323; x_wconf 76' lang='grc' dir='ltr'><strong>αὐτῇ</strong></span> <span class='ocrx_word' id='word_1_432' title='bbox 719 5251 922 5322; x_wconf 70' lang='grc' dir='ltr'><strong>ἡμέρᾳ.</strong></span> <span class='ocrx_word' id='word_1_433' title='bbox 954 5252 1066 5321; x_wconf 85' lang='grc' dir='ltr'><strong>Τῆς</strong></span> <span class='ocrx_word' id='word_1_434' title='bbox 1096 5249 1379 5305; x_wconf 72' lang='grc' dir='ltr'><strong>Θιοτόκου.</strong></span> <span class='ocrx_word' id='word_1_435' title='bbox 1403 5248 1418 5318; x_wconf 82' lang='grc' dir='ltr'><strong>Ι</strong></span> 
     </span>
    </p>
   </div>
   <div class='ocr_carea' id='block_1_73' title="bbox 362 5338 1599 5414">
    <p class='ocr_par' dir='ltr' id='par_1_73' title="bbox 362 5338 1599 5414">
     <span class='ocr_line' id='line_1_73' title="bbox 362 5338 1599 5414; baseline -0.004 -17"><span class='ocrx_word' id='word_1_436' title='bbox 362 5375 433 5386; x_wconf 90' lang='grc'><strong><em>-</em></strong></span> <span class='ocrx_word' id='word_1_437' title='bbox 464 5345 544 5413; x_wconf 77' lang='grc' dir='ltr'><strong>Τῇ</strong></span> <span class='ocrx_word' id='word_1_438' title='bbox 575 5344 714 5414; x_wconf 72' lang='grc' dir='ltr'><strong>αὐτῇ</strong></span> <span class='ocrx_word' id='word_1_439' title='bbox 742 5343 947 5414; x_wconf 66' lang='grc' dir='ltr'><strong>ἡμέρᾳ.</strong></span> <span class='ocrx_word' id='word_1_440' title='bbox 986 5342 1235 5396; x_wconf 81' lang='grc' dir='ltr'><strong>Ἰωάννου</strong></span> <span class='ocrx_word' id='word_1_441' title='bbox 1251 5341 1347 5395; x_wconf 76' lang='grc' dir='ltr'><strong>καὶ</strong></span> <span class='ocrx_word' id='word_1_442' title='bbox 1362 5338 1599 5395; x_wconf 77' lang='grc' dir='ltr'><strong>Παύλου.</strong></span> 
     </span>
    </p>
   </div>
   <div class='ocr_carea' id='block_1_74' title="bbox 351 5434 1493 5507">
    <p class='ocr_par' dir='ltr' id='par_1_74' title="bbox 351 5434 1493 5507">
     <span class='ocr_line' id='line_1_74' title="bbox 351 5434 1493 5507; baseline -0.003 -15"><span class='ocrx_word' id='word_1_443' title='bbox 351 5435 421 5503; x_wconf 85' lang='grc' dir='ltr'><strong>γ’.</strong></span> <span class='ocrx_word' id='word_1_444' title='bbox 450 5435 557 5489; x_wconf 87' lang='lat' dir='ltr'><strong>T06</strong></span> <span class='ocrx_word' id='word_1_445' title='bbox 597 5435 753 5503; x_wconf 81' lang='grc' dir='ltr'><strong>ἁγίου</strong></span> <span class='ocrx_word' id='word_1_446' title='bbox 782 5435 1175 5507; x_wconf 83' lang='grc' dir='ltr'><strong>ίερομὰρτυρος</strong></span> <span class='ocrx_word' id='word_1_447' title='bbox 1216 5434 1493 5506; x_wconf 75' lang='grc' dir='ltr'><strong>Ἀνθεμου.</strong></span> 
     </span>
    </p>
   </div>
   <div class='ocr_carea' id='block_1_75' title="bbox 347 5527 1016 5597">
    <p class='ocr_par' dir='ltr' id='par_1_75' title="bbox 347 5527 1016 5597">
     <span class='ocr_line' id='line_1_75' title="bbox 347 5527 1016 5597; baseline 0.003 -18"><span class='ocrx_word' id='word_1_448' title='bbox 347 5529 408 5585; x_wconf 82' lang='grc' dir='ltr'><strong>δ’.</strong></span> <span class='ocrx_word' id='word_1_449' title='bbox 436 5527 543 5582; x_wconf 87' lang='grc' dir='ltr'><strong>Τοῦ</strong></span> <span class='ocrx_word' id='word_1_450' title='bbox 566 5528 724 5597; x_wconf 86' lang='grc' dir='ltr'><strong>ἁγίου</strong></span> <span class='ocrx_word' id='word_1_451' title='bbox 750 5528 1016 5582; x_wconf 77' lang='grc' dir='ltr'><strong>Βαϐύλου.</strong></span> 
     </span>
    </p>
   </div>
   <div class='ocr_carea' id='block_1_76' title="bbox 350 5620 1183 5692">
    <p class='ocr_par' dir='ltr' id='par_1_76' title="bbox 350 5620 1183 5692">
     <span class='ocr_line' id='line_1_76' title="bbox 350 5620 1183 5692; baseline 0.004 -19"><span class='ocrx_word' id='word_1_452' title='bbox 350 5620 413 5675; x_wconf 78' lang='grc' dir='ltr'><strong>ε’.</strong></span> <span class='ocrx_word' id='word_1_453' title='bbox 446 5620 552 5673; x_wconf 86' lang='grc' dir='ltr'><strong>Τοῦ</strong></span> <span class='ocrx_word' id='word_1_454' title='bbox 577 5623 860 5690; x_wconf 73' lang='grc' dir='ltr'><strong>προφήτου</strong></span> <span class='ocrx_word' id='word_1_455' title='bbox 891 5621 1183 5692; x_wconf 86' lang='grc' dir='ltr'><strong>Ζαχαρίου.</strong></span> 
     </span>
    </p>
   </div>
   <div class='ocr_carea' id='block_1_77' title="bbox 350 5713 1055 5780">
    <p class='ocr_par' dir='ltr' id='par_1_77' title="bbox 350 5713 1055 5780">
     <span class='ocr_line' id='line_1_77' title="bbox 350 5713 1055 5780; baseline 0.004 -16"><span class='ocrx_word' id='word_1_456' title='bbox 350 5713 425 5777; x_wconf 82' lang='grc' dir='ltr'><strong>ς’.</strong></span> <span class='ocrx_word' id='word_1_457' title='bbox 451 5713 557 5766; x_wconf 88' lang='lat' dir='ltr'><strong>T06</strong></span> <span class='ocrx_word' id='word_1_458' title='bbox 595 5713 751 5779; x_wconf 88' lang='grc' dir='ltr'><strong>ἁγίου</strong></span> <span class='ocrx_word' id='word_1_459' title='bbox 783 5713 1055 5780; x_wconf 78' lang='grc' dir='ltr'><strong>Εὑδοξίου.</strong></span> 
     </span>
    </p>
   </div>
   <div class='ocr_carea' id='block_1_78' title="bbox 351 5804 1350 5878">
    <p class='ocr_par' dir='ltr' id='par_1_78' title="bbox 351 5804 1350 5878">
     <span class='ocr_line' id='line_1_78' title="bbox 351 5804 1350 5878; baseline 0.003 -20"><span class='ocrx_word' id='word_1_460' title='bbox 351 5806 415 5868; x_wconf 78' lang='grc' dir='ltr'><strong>ζ’.</strong></span> <span class='ocrx_word' id='word_1_461' title='bbox 445 5804 550 5858; x_wconf 83' lang='grc' dir='ltr'><strong>Τοῦ</strong></span> <span class='ocrx_word' id='word_1_462' title='bbox 572 5804 726 5875; x_wconf 86' lang='grc' dir='ltr'><strong>ἁγίου</strong></span> <span class='ocrx_word' id='word_1_463' title='bbox 768 5807 1043 5878; x_wconf 81' lang='grc' dir='ltr'><strong>μάρτυρος</strong></span> <span class='ocrx_word' id='word_1_464' title='bbox 1060 5805 1350 5873; x_wconf 74' lang='grc' dir='ltr'><strong>Σὼζοντος.</strong></span> 
     </span>
    </p>
   </div>
   <div class='ocr_carea' id='block_1_79' title="bbox 2370 4851 3094 4913">
    <p class='ocr_par' dir='ltr' id='par_1_79' title="bbox 2370 4851 3094 4913">
     <span class='ocr_line' id='line_1_79' title="bbox 2370 4851 3094 4913; baseline -0.007 -2"><span class='ocrx_word' id='word_1_465' title='bbox 2370 4855 2624 4911; x_wconf 81' lang='lat' dir='ltr'><strong>MENSIS</strong></span> <span class='ocrx_word' id='word_1_466' title='bbox 2664 4851 3094 4913; x_wconf 74' lang='lat' dir='ltr'><strong>SEPTEMBER.</strong></span> 
     </span>
    </p>
   </div>
   <div class='ocr_carea' id='block_1_80' title="bbox 2022 4964 3517 5035">
    <p class='ocr_par' dir='ltr' id='par_1_80' title="bbox 2022 4964 3517 5035">
     <span class='ocr_line' id='line_1_80' title="bbox 2022 4964 3517 5035; baseline -0.006 -10"><span class='ocrx_word' id='word_1_467' title='bbox 2022 4972 2070 5026; x_wconf 80' lang='grc'><strong>1.</strong></span> <span class='ocrx_word' id='word_1_468' title='bbox 2108 4971 2326 5025; x_wconf 88' lang='lat' dir='ltr'><strong>lnitiunt</strong></span> <span class='ocrx_word' id='word_1_469' title='bbox 2386 4970 2723 5035; x_wconf 84' lang='lat' dir='ltr'><strong>indictionis,</strong></span> <span class='ocrx_word' id='word_1_470' title='bbox 2775 4980 2827 5023; x_wconf 85' lang='lat' dir='ltr'><strong>&#39;et</strong></span> <span class='ocrx_word' id='word_1_471' title='bbox 2890 4969 3037 5024; x_wconf 86' lang='lat' dir='ltr'><strong>beati</strong></span> <span class='ocrx_word' id='word_1_472' title='bbox 3094 4965 3269 5020; x_wconf 83' lang='lat' dir='ltr'><strong>[&#39;atris</strong></span> <span class='ocrx_word' id='word_1_473' title='bbox 3342 4964 3517 5017; x_wconf 52' lang='lat' dir='ltr'><strong>nostri</strong></span> 
     </span>
    </p>
   </div>
   <div class='ocr_carea' id='block_1_81' title="bbox 1948 5067 2192 5121">
    <p class='ocr_par' dir='ltr' id='par_1_81' title="bbox 1948 5067 2192 5121">
     <span class='ocr_line' id='line_1_81' title="bbox 1948 5067 2192 5121; baseline -0.004 0"><span class='ocrx_word' id='word_1_474' title='bbox 1948 5067 2192 5121; x_wconf 89' lang='lat' dir='ltr'><strong>Simeon.</strong></span> 
     </span>
    </p>
   </div>
   <div class='ocr_carea' id='block_1_82' title="bbox 2010 5154 2911 5227">
    <p class='ocr_par' dir='ltr' id='par_1_82' title="bbox 2010 5154 2911 5227">
     <span class='ocr_line' id='line_1_82' title="bbox 2010 5154 2911 5227; baseline -0.006 -14"><span class='ocrx_word' id='word_1_475' title='bbox 2010 5159 2066 5213; x_wconf 72' lang='lat'><strong>2.</strong></span> <span class='ocrx_word' id='word_1_476' title='bbox 2101 5157 2286 5213; x_wconf 82' lang='lat' dir='ltr'><strong>Sancti</strong></span> <span class='ocrx_word' id='word_1_477' title='bbox 2315 5157 2569 5227; x_wconf 77' lang='lat' dir='ltr'><strong>martyris</strong></span> <span class='ocrx_word' id='word_1_478' title='bbox 2600 5154 2911 5208; x_wconf 80' lang='lat' dir='ltr'><strong>Mamantis.</strong></span> 
     </span>
    </p>
   </div>
   <div class='ocr_carea' id='block_1_83' title="bbox 2007 5240 2725 5315">
    <p class='ocr_par' dir='ltr' id='par_1_83' title="bbox 2007 5240 2725 5315">
     <span class='ocr_line' id='line_1_83' title="bbox 2007 5240 2725 5315; baseline -0.008 -11"><span class='ocrx_word' id='word_1_479' title='bbox 2007 5280 2080 5293; x_wconf 91' lang='lat'><strong><em>—</em></strong></span> <span class='ocrx_word' id='word_1_480' title='bbox 2109 5248 2310 5303; x_wconf 82' lang='lat' dir='ltr'><strong>Eadem</strong></span> <span class='ocrx_word' id='word_1_481' title='bbox 2344 5240 2433 5301; x_wconf 82' lang='lat' dir='ltr'><strong>die</strong></span> <span class='ocrx_word' id='word_1_482' title='bbox 2461 5243 2725 5315; x_wconf 68' lang='lat' dir='ltr'><strong>Dciparaz.</strong></span> 
     </span>
    </p>
   </div>
   <div class='ocr_carea' id='block_1_84' title="bbox 2015 5332 2981 5393">
    <p class='ocr_par' dir='ltr' id='par_1_84' title="bbox 2015 5332 2981 5393">
     <span class='ocr_line' id='line_1_84' title="bbox 2015 5332 2981 5393; baseline -0.008 1"><span class='ocrx_word' id='word_1_483' title='bbox 2015 5372 2085 5384; x_wconf 91' lang='lat'><strong>—-</strong></span> <span class='ocrx_word' id='word_1_484' title='bbox 2113 5339 2313 5393; x_wconf 85' lang='lat' dir='ltr'><strong>Eadem</strong></span> <span class='ocrx_word' id='word_1_485' title='bbox 2343 5339 2431 5393; x_wconf 90' lang='lat' dir='ltr'><strong>die</strong></span> <span class='ocrx_word' id='word_1_486' title='bbox 2468 5337 2698 5393; x_wconf 81' lang='lat' dir='ltr'><strong>Joannis</strong></span> <span class='ocrx_word' id='word_1_487' title='bbox 2723 5345 2778 5390; x_wconf 85' lang='lat' dir='ltr'><strong>et</strong></span> <span class='ocrx_word' id='word_1_488' title='bbox 2808 5332 2981 5388; x_wconf 88' lang='lat' dir='ltr'><strong>Pauli.</strong></span> 
     </span>
    </p>
   </div>
   <div class='ocr_carea' id='block_1_85' title="bbox 2020 5425 3047 5501">
    <p class='ocr_par' dir='ltr' id='par_1_85' title="bbox 2020 5425 3047 5501">
     <span class='ocr_line' id='line_1_85' title="bbox 2020 5425 3047 5501; baseline -0.008 -11"><span class='ocrx_word' id='word_1_489' title='bbox 2020 5434 2075 5490; x_wconf 77' lang='lat'><strong>3.</strong></span> <span class='ocrx_word' id='word_1_490' title='bbox 2120 5432 2303 5487; x_wconf 88' lang='lat' dir='ltr'><strong>Sancti</strong></span> <span class='ocrx_word' id='word_1_491' title='bbox 2331 5430 2747 5501; x_wconf 80' lang='lat' dir='ltr'><strong>sacrmnartyris</strong></span> <span class='ocrx_word' id='word_1_492' title='bbox 2778 5425 3047 5482; x_wconf 78' lang='lat' dir='ltr'><strong>Antbimi.</strong></span> 
     </span>
    </p>
   </div>
   <div class='ocr_carea' id='block_1_86' title="bbox 2020 5524 2565 5595">
    <p class='ocr_par' dir='ltr' id='par_1_86' title="bbox 2020 5524 2565 5595">
     <span class='ocr_line' id='line_1_86' title="bbox 2020 5524 2565 5595; baseline -0.004 -15"><span class='ocrx_word' id='word_1_493' title='bbox 2020 5526 2073 5582; x_wconf 78' lang='grc'><strong>4.</strong></span> <span class='ocrx_word' id='word_1_494' title='bbox 2114 5524 2299 5580; x_wconf 88' lang='lat' dir='ltr'><strong>Sancti</strong></span> <span class='ocrx_word' id='word_1_495' title='bbox 2331 5524 2565 5595; x_wconf 74' lang='lat' dir='ltr'><strong>Babylae.</strong></span> 
     </span>
    </p>
   </div>
   <div class='ocr_carea' id='block_1_87' title="bbox 2019 5616 2725 5689">
    <p class='ocr_par' dir='ltr' id='par_1_87' title="bbox 2019 5616 2725 5689">
     <span class='ocr_line' id='line_1_87' title="bbox 2019 5616 2725 5689; baseline -0.004 -14"><span class='ocrx_word' id='word_1_496' title='bbox 2019 5621 2071 5675; x_wconf 87' lang='grc'><strong>5.</strong></span> <span class='ocrx_word' id='word_1_497' title='bbox 2103 5618 2387 5689; x_wconf 71' lang='lat' dir='ltr'><strong>Propheta:</strong></span> <span class='ocrx_word' id='word_1_498' title='bbox 2425 5616 2725 5673; x_wconf 68' lang='lat' dir='ltr'><strong>Zachariae.</strong></span> 
     </span>
    </p>
   </div>
   <div class='ocr_carea' id='block_1_88' title="bbox 2020 5710 2565 5766">
    <p class='ocr_par' dir='ltr' id='par_1_88' title="bbox 2020 5710 2565 5766">
     <span class='ocr_line' id='line_1_88' title="bbox 2020 5710 2565 5766; baseline 0 -1"><span class='ocrx_word' id='word_1_499' title='bbox 2020 5712 2072 5766; x_wconf 88' lang='lat'><strong>6.</strong></span> <span class='ocrx_word' id='word_1_500' title='bbox 2105 5710 2285 5766; x_wconf 79' lang='lat' dir='ltr'><strong>Sancti</strong></span> <span class='ocrx_word' id='word_1_501' title='bbox 2316 5710 2565 5765; x_wconf 78' lang='lat' dir='ltr'><strong>Eudoxii.</strong></span> 
     </span>
    </p>
   </div>
   <div class='ocr_carea' id='block_1_89' title="bbox 2021 5804 2887 5877">
    <p class='ocr_par' dir='ltr' id='par_1_89' title="bbox 2021 5804 2887 5877">
     <span class='ocr_line' id='line_1_89' title="bbox 2021 5804 2887 5877; baseline 0 -19"><span class='ocrx_word' id='word_1_502' title='bbox 2021 5805 2072 5859; x_wconf 87' lang='grc'><strong>7.</strong></span> <span class='ocrx_word' id='word_1_503' title='bbox 2104 5804 2286 5864; x_wconf 86' lang='lat' dir='ltr'><strong>Sancti</strong></span> <span class='ocrx_word' id='word_1_504' title='bbox 2320 5804 2576 5877; x_wconf 80' lang='lat' dir='ltr'><strong>martyris</strong></span> <span class='ocrx_word' id='word_1_505' title='bbox 2612 5804 2887 5860; x_wconf 81' lang='lat' dir='ltr'><strong>Sozontis.</strong></span> 
     </span>
    </p>
   </div>
  </div>
