4212 6432
713 393 840 460 1311

776 539 845 550 —-
877 507 932 560 In
965 507 1231 562 matutino
1261 506 1524 575 Deiparze.

774 628 845 638 -
871 599 928 651 In
959 607 1226 651 nocturno
1254 598 1519 665 Deiparae.

775 689 828 744 8.
857 687 1120 743 Nativitas
1154 687 1415 755 Dciparaz.

776 783 826 836 9.
859 780 1101 833 Joachim
1134 789 1187 833 et
1209 779 1396 832 Atinas.

779 874 864 926 10.
900 873 953 926 In
979 873 1294 926 adoratione
1323 872 1612 928 venerandi
1643 872 1800 943 ligni.

777 965 864 1019 11.
897 965 951 1017 In
983 965 1322 1018 adoratione.

778 1055 864 1109 12.
897 1055 954 1108 1η
983 1055 1326 1121 adoratione,
1357 1065 1410 1110 et
1437 1056 1610 1111 sancti
1641 1055 1956 1125 Antonymi.

784 1238 873 1294 13.
906 1239 962 1293 ln
994 1241 1332 1294 adoratione.

777 1357 850 1370 -—
881 1330 1173 1383 Sahbatuin
1208 1340 1335 1384 ante
1359 1330 1770 1385 exaltationem.

779 1451 847 1460 —
882 1421 1160 1476 Doniinica
1196 1431 1322 1476 ante
1351 1423 1762 1476 exaltationem.

781 1510 865 1564 14.
906 1510 962 1563 In
1003 1520 1274 1565 nocturno
1300 1511 1669 1566 exaltationis.

785 1629 855 1640 —
894 1599 1190 1654 Sahhatum
1218 1609 1338 1670 post
1365 1601 1771 1654 exaltationem.

779 1721 852 1730 —
873 1689 1152 1744 Dominica
1183 1701 1305 1759 post
1330 1691 1742 1746 exaltationcm.

783 1783 871 1837 15.
932 1782 1092 1839 Sexta
1155 1783 1418 1854 synodus,
1485 1791 1541 1838 et
1599 1793 1916 1838 sanctorum
1974 1791 2276 1853 martyrum

713 1877 892 1930 Acacii
919 1886 973 1930 et
998 1875 1218 1932 Nicetae.

788 1965 874 2018 16.
912 1964 1125 2020 Sanctae
1154 1964 1490 2034 Enphemiae.

784 2055 873 2108 17.
913 2053 1234 2109 Sanctorum
1271 2065 1570 2124 martyrum
1607 2048 1898 2121 Eulampii,
1927 2058 1984 2106 et
2006 2047 2285 2104 sociorum

712 2146 854 2215 cjus.

785 2237 872 2290 l8.
915 2236 1128 2290 Sanctae
1157 2235 1480 2291 Theodore.

785 2329 875 2382 19.
936 2326 1123 2383 Sancti
1191 2328 1453 2399 martyris
1528 2325 1834 2397 Trophimi,
1900 2333 1956 2380 et
2010 2323 2285 2381 sociorum

715 2436 855 2488 ejus.

781 2511 870 2564 20.
896 2509 1080 2567 Sancti
1114 2510 1404 2575 Eustathii,
1440 2520 1494 2564 ct
1523 2510 1798 2565 sociorum
1834 2507 1975 2579 ejus.

780 2603 870 2656 2|.
911 2602 1092 2656 Sancti
1125 2602 1354 2670 apostoli
1383 2599 1626 2654 Codrati.

781 2696 871 2749 22.
911 2694 1092 2748 Sancti
1121 2694 1379 2764 martyris
1405 2693 1625 2747 Phocae.

785 2815 849 2826 -—
886 2784 1084 2839 Eadem
1122 2783 1212 2837 die
1237 2789 1514 2853 propheta:
1539 2782 1701 2837 Jona.

781 2875 872 2928 25.
918 2875 1216 2942 Conreptio
1247 2872 1637 2927 Prwcursoris.

781 2969 870 3022 21.
905 2966 1120 3022 Sancta:
1149 2964 1381 3020 Theclaa.

782 3058 873 3114 25.
904 3058 1121 3123 Sancta:
1145 3057 1537 3125 Euphrosynaz,
1562 3062 1615 3109 et
1647 3052 1848 3107 litanize
1876 3051 2086 3122 Campi.

785 3238 874 3292 26.
906 3237 1181 3308 Depositio
1212 3235 1382 3291 sancti
1407 3234 1630 3290 Joannis
1659 3234 1941 3304 Thcologi.

784 3426 874 3480 27.
906 3425 1088 3480 Sancti
1112 3423 1430 3478 Callistrati.

781 3520 875 3575 28.
910 3519 1057 3573 Beati
1087 3517 1425 3572 Charitonis.

783 3611 878 3665 29.
910 3609 1056 3663 Beati
1085 3608 1321 3678 Cyriaci.

786 3703 874 3757 30.
905 3701 1090 3756 Sancti
1122 3699 1371 3770 Gregorii
1408 3711 1614 3767 magnae
1645 3695 1939 3749 Armenim.

1178 3822 1429 3878 MENSIS
1497 3819 1836 3876 OCTOBER.

792 3953 842 4011 1.
881 3953 1067 4007 Sancti
1100 3952 1330 4021 apostoli
1359 3950 1607 4005 Ananiae.

788 4075 859 4084 -—
887 4043 1085 4098 Eadem
1123 4044 1212 4097 die
1241 4043 1414 4097 sancti
1451 4041 1726 4104 Domnini.
1758 4052 1813 4095 ct
1842 4039 2097 4095 Romani.

789 4138 845 4190 2.
881 4135 1068 4189 Sancti
1107 4132 1364 4204 Cypriani
1407 4141 1462 4186 et
1490 4130 1744 4186 Justinae.

790 4231 841 4284 3.
873 4230 1056 4284 Sancti
1093 4229 1353 4300 Dionysii.

789 4321 844 4375 4.
881 4321 1065 4375 Sancti
1105 4321 1335 4391 apostoli
1362 4319 1624 4376 Jcrothei.

793 4413 846 4468 5.
881 4412 1095 4467 Sancta:
1123 4413 1434 4466 Charilinae.

795 4505 850 4560 6.
892 4505 1076 4560 Sancti
1113 4505 1344 4574 apostoli
1373 4503 1621 4558 Thomaz.

793 4597 848 4651 7.
881 4595 1207 4651 Sanctorum
1249 4595 1422 4667 Sergii
1462 4605 1515 4651 ct
1548 4595 1764 4651 Bacchi.

794 4693 849 4744 8.
881 4689 1057 4743 Beata:
1084 4688 1335 4759 Pelagia.

795 4781 850 4835 9.
886 4779 1067 4834 Sancti
1105 4780 1334 4848 apostoli
1361 4777 1553 4834 Jacohi
1585 4778 1812 4848 ΔΙρΙιίιιῑ.

799 4873 886 4927 10.
933 4873 1255 4928 Sanctorum
1308 4879 1608 4942 martyrum
1658 4869 1923 4940 Eulampii
1970 4881 2025 4926 et
2074 4871 2295 4925 Eulam-

725 4981 849 5035 pHB.

798 5057 883 5109 11.
918 5052 1248 5108 Orthodoxia
1280 5052 1522 5122 septimae
1559 5053 1772 5123 synodi.

796 5153 882 5206 12.
917 5151 1238 5205 Sanctorum
1265 5149 1424 5205 Probi
1451 5159 1504 5204 et
1532 5151 1806 5205 sociorum
1837 5150 1976 5222 ejus.

798 5242 885 5300 15.
916 5242 1237 5296 Sanctorum
1265 5241 1422 5308 Carpi
1445 5251 1499 5295 et
1522 5241 1715 5312 Patyli.

798 5335 885 5390 11.
921 5337 1241 5388 Sanctorum
1274 5331 1490 5386 Nazarii
1539 5342 1592 5388 et
1627 5333 1901 5389 sociorum
1937 5335 2073 5406 ejus.

800 5429 885 5481 l5.
919 5426 1099 5481 Sancti
1133 5426 1384 5495 martyris
1411 5423 1654 5480 Luciani.

802 5519 887 5574 16.
929 5517 1111 5571 Sancti
1143 5516 1374 5586 Longini
1426 5527 1479 5568 et
1505 5518 1779 5570 sociorum
1812 5517 1950 5587 ejus.

803 5611 889 5663 17.
918 5609 1240 5663 Sanctorum
1304 5615 1600 5677 martyrum
1653 5607 1844 5663 lsidori
1914 5619 1967 5666 et
2023 5611 2295 5668 sociorum

730 5704 867 5775 cjns.

810 5797 891 5854 l8.
931 5793 1114 5852 Sancti
1145 5794 1374 5864 apostoli
1412 5793 1588 5852 Lucan.

1449 394 1836 457 OPUSCULA
1883 391 2301 452 LITURGICA
2341 391 2693 453 INCERT/E
2733 393 3044 453 (ETATIS.

1681 394 1836 455 lULA
1883 391 2301 452 LITURGICA
2341 391 2693 453 INCERT/E
2733 393 3044 453 (ETATIS.
3334 412 3344 449 ι

3824 387 3970 451 1312

2306 501 2359 562 Α
2450 536 2521 546 --
2550 505 2644 568 Είς
2663 506 2757 560 τὸν
2793 505 2992 574 ὄρθρον
3013 503 3114 571 τῆς
3147 501 3436 555 Θεοτόκου.

2452 625 2524 638 --—
2550 599 2644 659 Είς
2675 596 2772 667 τὴν
2794 595 3096 664 παννυχίδα
3124 594 3227 662 τῆς
3257 592 3548 648 Θεοτόκου.

2455 689 2526 759 η’.
2559 691 2633 743 Τὸ
2665 690 2912 758 γενέσιον
2936 688 3036 757 τῆς
3052 687 3346 740 Θεοτόκου.

2465 777 2534 835 θ’.
2585 779 2842 849 Ἰωακεὶμ
2875 779 2974 831 καὶ
3008 778 3233 845 Ἀννης.

2457 866 2508 922 ι’.
2548 870 2642 932 Εἰς
2674 869 2773 936 τὴν
2791 867 3165 938 προσκύνησιν
3193 863 3288 918 τοῦ
3317 865 3504 936 τιμίου
3541 863 3723 928 ξύλου.

2456 960 2548 1014 ια’.
2586 963 2682 1026 Ei;
2714 962 2816 1030 τὴν
2845 961 3242 1031 προσκύνησιν.

2457 1052 2545 1122 ιβ’.
2573 1054 2668 1116 Ei;
2716 1053 2816 1124 τὴν
2867 1052 3262 1124 προσκύνησιν,
3306 1051 3402 1106 καὶ
3439 1051 3535 1104 τοῦ
3580 1051 3740 1118 ἁγίου
3793 1051 3968 1102 Αὑτο-

2385 1143 2445 1196 νό
2451 1161 2551 1211 μου
2561 1184 2574 1197 .

2462 1231 2552 1300 ιγ’.
2579 1233 2675 1294 Είς
2709 1233 2810 1301 τὴν
2840 1235 3231 1304 προσκύνησιν.

2453 1353 2511 1362 -
2544 1323 2823 1376 Σὰὁὸατον
2845 1326 2951 1394 πρὸ
2976 1325 3075 1392 τῆς
3117 1323 3429 1392 ’Υψὼσεως.

2453 1444 2524 1454 -
2565 1417 2816 1487 Κυριακὴ
2848 1419 2955 1488 πρὸ
2983 1418 3082 1483 τῆς
3122 1417 3437 1484 ’Υψὼσεως.

2453 1505 2536 1560 ιδ’.
2571 1508 2663 1570 Είς
2699 1509 2798 1579 τὴν
2829 1509 3128 1577 παννυχίδα
3155 1509 3257 1577 τῆς
3292 1509 3609 1578 ’Υψὼσεως.

2448 1599 2811 1654 -Σὰὄϐατον
2842 1601 2980 1669 μετὰ
3001 1600 3103 1668 τὴν
3127 1600 3399 1668 ’Υψωσιν.

2449 1719 2521 1731 -
2540 1691 2794 1761 Κυριακὴ
2819 1693 2956 1761 μετὰ
2980 1693 3080 1763 τὴν
3105 1692 3374 1760 ’Υψωσιν.

2461 1779 2542 1838 ιε’.
2585 1785 2648 1836 Ἦ
2672 1782 2724 1848 ς’
2756 1785 2993 1851 σύνοδος,
3019 1787 3110 1838 καὶ
3134 1786 3244 1839 τῶν
3277 1786 3446 1854 ἁγίων
3475 1787 3772 1858 μαρτύρων
3802 1789 3968 1840 Ἀκα·

2389 1874 2510 1929 κίου
2541 1876 2635 1928 καὶ
2663 1875 2710 1928 Ν
2718 1865 2903 1946 ικήτα.

2462 1964 2557 2030 ις’.
2587 1968 2699 2036 Τῆς
2733 1968 2896 2035 ἁγίας
2925 1969 3234 2038 Εὐφημίας.

2462 2057 2550 2121 ιζ’.
2601 2059 2724 2113 Τῶν
2755 2059 2926 2129 ἁγίων
2965 2061 3265 2132 μαρτύρων
3316 2059 3658 2131 Εὑλαμπίου,
3707 2061 3802 2112 καὶ
3857 2059 3966 2111 τῶν

2391 2148 2487 2203 σὺν
2511 2148 2680 2218 αὐτῷ.

2463 2239 2554 2309 ιη’.
2582 2241 2692 2307 Τῆς
2720 2241 2882 2309 ἁγίας
2906 2240 3210 2310 Θεοδώρης.

2464 2331 2551 2386 ιθ’.
2580 2333 2686 2386 Τοῦ
2722 2334 2880 2401 ἁγίου
2921 2333 3200 2405 μάρτυρος
3227 2334 3532 2405 Τροφίμου,
3566 2332 3663 2386 καὶ
3715 2333 3825 2384 τῶν
3869 2332 3968 2384 σὺν

2391 2424 2564 2494 αὐτῷ.

2462 2523 2530 2572 κ’.
2563 2516 2671 2570 Τοῦ
2699 2517 2856 2585 ἁγίου
2889 2519 3212 2582 Εὐσταθίου,
3242 2518 3332 2571 καὶ
3360 2517 3468 2570 τῶν
3490 2517 3589 2570 σὺν
3621 2517 3792 2585 αύτῳ.

2461 2607 2571 2664 κα’.
2598 2610 2705 2662 Τοῦ
2730 2611 2886 2678 ἁγίου
2909 2611 3209 2664 ἀποστόλου
3237 2610 3543 2680 Κώρὰτου.

2462 2701 2566 2772 κβ’.
2595 2701 2703 2754 Τοῦ
2733 2703 2892 2769 ἁγίου
2927 2703 3203 2774 μάρτυρος
3225 2703 3408 2756 Φωκᾶ.

2464 2820 2530 2836 -—
2554 2794 2634 2864 Τῇ
2671 2795 2809 2863 αὐτῇ
2850 2794 3053 2864 ἡμέρᾳ.
3085 2792 3193 2846 Τοῦ
3229 2794 3508 2862 προφήτου
3549 2794 3758 2846 ’1ων·.ᾶ.

2462 2883 2569 2953 κγ’.
2624 2885 2690 2938 Ἦ
2722 2884 2986 2955 σύλληψις
3020 2883 3115 2938 τοῦ
3148 2884 3490 2955 Προδρόμου.

2463 2978 2566 3031 κδ’.
2591 2978 2704 3045 Τῆς
2741 2977 2902 3043 ἁγίας
2931 2977 3160 3040 Θέκλας.

2463 3067 2566 3122 κε’.
2599 3069 2711 3137 Τῆς
2739 3069 2891 3132 ὁσίας
2934 3068 3308 3140 Εὐφροσύνης,
3340 3068 3434 3122 καὶ
3497 3070 3595 3140 τῆς
3658 3068 3816 3137 λιτῆς
3876 3067 3973 3120 τοῦ

2315 3127 2360 3242 ξ
2393 3162 2657 3230 Κάμπου.

2466 3249 2581 3314 κς’.
2622 3251 2687 3302 'H
2720 3251 3051 3320 μετάστασις
3076 3252 3171 3305 τοῦ
3223 3252 3382 3320 ἁγίου
3424 3251 3671 3306 ἰωὰννου
3707 3252 3802 3304 τοῦ
3839 3250 3974 3302 Θεο-

2392 3340 2576 3408 λόγου.

2465 3433 2566 3498 κξ.
2593 3433 2697 3487 Τοῦ
2721 3434 2879 3503 ἁγίου
2899 3435 3336 3506 Καλλιστράτου.

2465 3531 2574 3594 κη’.
2607 3524 2714 3577 Τοῦ
2750 3526 2897 3578 όσίου
2932 3525 3264 3596 Χαρίτωνος.

2465 3613 2566 3667 κθ’.
2595 3615 2703 3666 Τοῦ
2729 3615 2876 3667 ὁσίου
2911 3615 3211 3686 Κυριακοῦ.

2464 3701 2529 3759 λ’.
2569 3704 2677 3757 Τοῦ
2703 3707 2860 3774 ἁγίου
2895 3706 3200 3777 Γρηγορίου
3229 3707 3327 3774 τῆς
3369 3707 3613 3780 μεγάλης
3651 3709 3972 3779 Ἀρμενίας.

2893 3834 2948 3886 Μ
2956 3833 3052 3885 HN
3070 3833 3478 3886 ΟΚΤΩΒΡΙΟΣ.

2465 3959 2535 4014 α’.
2568 3959 2674 4013 Τοῦ
2703 3960 2859 4027 ἁγίου
2891 3960 3193 4014 ἀποστόλου
3236 3960 3507 4015 Ἀνανίου.

2466 4083 2536 4093 -
2569 4052 2649 4123 Τῇ
2675 4055 2834 4124 αὐτῇ.
2863 4053 2971 4106 Τοῦ
3002 4053 3155 4118 ἁγίου
3187 4053 3444 4124 Δομνίνου
3473 4053 3570 4106 καὶ
3617 4051 3934 4124 Ῥωμανοῦ.

2471 4144 2534 4214 β’.
2570 4147 2676 4198 Τοῦ
2703 4147 2858 4212 ἁγίου
2881 4144 3201 4215 Κυπριανοῦ
3257 4145 3352 4197 καὶ
3392 4145 3710 4215 Ἰουστίνης.

2469 4243 2538 4304 γ’.
2561 4235 2668 4289 Τοῦ
2700 4237 2856 4304 ἁγίου
2889 4237 3195 4290 Διονυσίου.

2467 4326 2531 4385 δ’.
2565 4328 2671 4381 Τοῦ
2696 4329 2852 4396 ἁγίου
2875 4328 3175 4381 ἀποστόλου
3216 4326 3503 4397 Ἰεροθέου.

2469 4420 2530 4475 ε’.
2561 4422 2675 4489 Τῆς
2700 4419 2862 4488 ἁγίας
2889 4419 3207 4490 Χαριτίνης.

2322 4516 2373 4575 ι)
2469 4512 2543 4578 ς’.
2575 4515 2617 4565 Τ
2619 4512 2682 4565 οῦ
2713 4512 2868 4580 ἁγίου
2892 4510 3191 4564 ἀποστόλου
3225 4510 3416 4578 Θωμᾶ.

2470 4604 2536 4667 ζ’.
2567 4605 2688 4655 Τῶν
2709 4602 2880 4670 ἁγίων
2908 4602 3135 4673 Σεργίου
3158 4603 3252 4654 καὶ
3283 4601 3519 4670 Βάκχου.

2469 4699 2540 4760 η’.
2575 4692 2689 4760 Τῆς
2714 4689 2865 4753 ὁσίας
2899 4690 3190 4756 Πελαγίας.

2471 4782 2536 4834 Θ’.
2561 4782 2666 4835 Τοῦ
2701 4780 2857 4849 ἁγίου
2898 4779 3196 4833 ἀποστόλου
3237 4777 3498 4830 Ἰακώϐου
3547 4776 3643 4829 τοῦ
3682 4776 3974 4845 Ἀλφαίτυ.

2472 4880 2522 4928 ι’.
2549 4873 2668 4926 Τῶν
2705 4874 2875 4942 ἁγίων
2909 4871 3206 4942 μαρτύρων
3253 4867 3574 4938 Εὑλαμπίου
3621 4867 3715 4920 καὶ
3748 4868 3972 4938 Εὑλαμο

2400 4966 2550 5028 πίας.

2473 5063 2561 5110 ια’.
2603 5057 2670 5108 Ἦ
2699 5053 2974 5126 όρθοδοξία
2997 5052 3094 5120 τῆς
3118 5051 3162 5117 ζ’
3183 5051 3423 5104 συνόδου.

2473 5146 2558 5216 ιβ’.
2586 5145 2707 5197 Τῶν
2743 5145 2912 5212 ἁγίων
2945 5142 3178 5213 Πρόϐου,
3210 5142 3305 5195 καὶ
3335 5142 3444 5194 τῶν
3478 5140 3575 5193 σὺν
3595 5140 3767 5208 αὐτῷ.

2470 5238 2559 5306 ιγ’.
2597 5237 2717 5290 Τῶν
2747 5237 2918 5297 ἁγίων
2944 5235 3198 5302 Κάρπου,
3221 5233 3316 5284 καὶ
3335 5231 3609 5284 Πατύλου.

2472 5333 2554 5384 ιδ’.
2586 5329 2706 5382 Τῶν
2731 5328 2902 5396 ἁγίων
2931 5325 3229 5397 Ναζαρίου,
3260 5327 3355 5377 καὶ
3389 5323 3500 5377 τῶν
3533 5327 3630 5377 σὺν
3655 5325 3827 5396 αὐτῷ.

2474 5429 2555 5476 ιε’.
2589 5421 2695 5474 Τοῦ
2730 5420 2887 5488 ἁγίου
2917 5419 3192 5488 μάρτυρος
3223 5416 3548 5470 Λουκιανοῦ.

2476 5524 2572 5581 ις’.
2601 5515 2707 5567 Τοῦ
2738 5513 2896 5582 ἁγίου
2930 5511 3216 5578 Λογγίνου,
3253 5509 3346 5561 καὶ
3379 5509 3485 5562 τῶν
3513 5509 3610 5560 σὺν
3641 5507 3817 5578 αὐτῷ.

2474 5609 2559 5672 ιζ’.
2597 5607 2720 5661 Τῶν
2753 5605 2922 5673 ἁγίων
2943 5602 3234 5675 μαρτύρων
3275 5601 3567 5669 Ἰσιδῶρου,
3591 5600 3825 5654 καὶτῶν
3879 5601 3971 5654 σὺν

2402 5699 2572 5769 αὐτῷ.

2479 5790 2571 5864 ιη’.
2606 5789 2714 5844 Τοῦ
2743 5789 2900 5859 ἁγίου
2939 5789 3235 5845 ἀποστόλου
3256 5787 3459 5841 Λουκί.
