4212 6432
235 380 372 445 1313
1584 372 1898 431 SYNAXAI

1814 372 2103 431 LARIUM.
3342 375 3477 440 1311

298 493 384 545 ιο¹.
418 489 525 542 Τοῦ
566 489 729 557 ἁγίου
752 487 1069 549 Μνάσωνος,
1106 482 1335 538 καὶτῶν
1371 482 1466 535 σὺν
1486 480 1659 550 αὐτῷ.
1834 489 1877 541 Α

1549 480 1659 550 ηιξ).
1834 489 1877 541 Α
1984 485 2066 535 lt).
2112 482 2297 535 Sancti
2335 482 2633 539 Mnesionis
2674 494 2728 539 et
2756 485 3033 539 sociorum
3072 484 3212 553 ejus.

296 580 367 635 κ’.
391 580 499 633 Τοῦ
523 580 682 647 ἁγίου
724 577 1000 649 μάρτυρος
1047 573 1362 647 ’Δρτεμίου.

1181 573 1362 643 εμίου.
1977 574 2066 627 20.
2095 572 2280 627 Sancti
2320 578 2571 648 martyris
2594 578 2843 632 Artemii.

297 672 408 728 κα’.
440 672 548 725 Τοῦ
576 670 729 724 ὁσίου
770 669 1099 740 ἰλαρίωνος.

924 670 1099 731 ίωνος.
1977 668 2070 721 21.
2096 666 2247 720 Beati
2272 666 2583 725 Hilarionis.

297 766 403 835 23'.
438 763 546 817 T06
576 762 731 832 ἁγίου
770 760 1079 831 ’Δ6ερκίου.

891 760 1079 831 ιρκίου.
1979 758 2071 815 22.
2104 759 2289 815 Sancti
2318 760 2554 815 Abercii.

300 856 409 925 κγ’.
440 856 549 909 Τοῦ
594 855 754 923 ἁγίου
794 852 1098 907 ἀποστόλου
1145 849 1402 903 Ἰακώϐου
1432 845 1527 902 τοῦ
1576 844 1807 917 ἀδελφοῦ

1464 845 1527 900 οῦ
1576 844 1807 917 ἀδελφοῦ
1977 850 2070 905 23.
2099 848 2286 905 Sancti
2318 852 2553 921 apostoli
2583 851 2773 907 Jacobi
2803 851 2988 908 fratris
3029 852 3124 910 Dei

234 945 373 999 Θεοῦ
395 942 827 1017 [Ἀδελφοθέου].

302 1038 401 1091 κδ’.
427 1036 534 1089 Τοῦ
559 1037 715 1103 ἁγίου
764 1034 985 1105 Ἀριθα,
1014 1033 1109 1085 καὶ
1137 1032 1249 1085 τῶν
1282 1031 1381 1085 σὺν
1408 1028 1577 1101 αύτῷ.

1451 1028 1577 1101 ὑτῷ.
1981 1034 2071 1088 24.
2098 1033 2285 1088 Sancti
2318 1036 2536 1089 Arethae
2586 1046 2641 1089 et
2664 1040 2940 1094 sociorum
2976 1040 3114 1110 ejus.

305 1134 406 1181 κε’.
433 1127 555 1179 Τῶν
587 1126 761 1193 ἁγίων
786 1126 1095 1195 Νοταρίων.

1980 1123 2071 1178 25.
2101 1124 2431 1181 Sanctorum
2466 1125 2836 1186 Notariorum.

306 1221 421 1285 κς’.
457 1220 565 1273 Τοῦ
602 1219 761 1287 ἁγίου
810 1217 1085 1288 μάρτυρος
1119 1213 1477 1285 Δημητρίου.

1239 1213 1477 1285 .ητρίου.
1980 1217 2073 1270 26.
2115 1216 2302 1273 Sancti
2342 1220 2599 1290 martyris
2630 1219 2902 1276 Demetrii.

306 1314 413 1374 κζ’.
440 1310 549 1365 Τοῦ
592 1312 752 1380 ἁγίου
793 1306 1219 1381 ’Δρτεμιδώρου.
1250 1307 1345 1360 καὶ
1372 1304 1482 1357 τῶν
1506 1302 1603 1355 σὺν
1640 1299 1810 1370 αὐτῷ.

1581 1320 1603 1353 ν
1640 1299 1810 1370 αὐτῷ.
1981 1304 2073 1360 27.
2106 1304 2292 1362 Sancti
2324 1307 2654 1363 Artemidori
2715 1320 2767 1364 et
2799 1311 3075 1367 sociorum
3104 1314 3244 1384 ejus.

309 1402 417 1473 κη’.
459 1403 568 1457 Τοῦ
597 1403 757 1470 ἁγίου
781 1401 1079 1468 Στεφάνου,
1098 1397 1323 1452 καὶτῶν
1346 1396 1447 1450 σὺν
1473 1393 1647 1465 αύτῷ.

1555 1393 1647 1465 τῷ.
1982 1397 2072 1451 28.
2106 1396 2292 1452 Sancti
2320 1398 2583 1469 Stephani
2644 1411 2699 1456 et
2726 1402 3002 1457 sociorum
3030 1405 3169 1474 ejus.
3211 1425 3218 1434 ·

310 1495 413 1550 κθ’.
446 1495 553 1548 Τοῦ
585 1495 734 1547 ὁσίου
774 1492 1097 1564 ’Δδραμίου.

910 1492 1097 1563 αμίου.
1979 1488 2069 1543 29.
2099 1488 2246 1544 Beati
2280 1492 2573 1546 Arhramii.

312 1586 375 1640 λ’.
408 1586 515 1639 Τοῦ
537 1586 694 1654 ἁγίου
720 1584 1002 1656 Κυριακοῦ
1033 1582 1397 1654 πατριάρχου.

1247 1599 1397 1653 ρχου.
1985 1579 2077 1634 30.
2111 1578 2294 1636 Sancti
2320 1582 2533 1653 Cyriaci
2570 1586 2910 1653 patriarchae.

312 1677 415 1731 λα’.
448 1677 556 1731 Τοῦ
588 1678 743 1747 ἁγίου
782 1676 1085 1732 ἀποστόλου
1114 1675 1375 1744 Στάχυος,
1425 1672 1523 1726 καὶ
1552 1670 1662 1726 τῶν
1718 1670 1817 1726 σῦν

1718 1670 1817 1726 σὺν
1985 1671 2075 1727 3t.
2106 1674 2294 1729 Sancti
2329 1677 2561 1744 apostoli
2592 1676 2820 1744 Stachii,
2854 1689 2908 1734 ct
2940 1680 3215 1737 sociorum
3238 1680 3379 1753 ejus.

241 1768 413 1841 αὐτῷ.

695 1875 851 1931 una
890 1871 1359 1929 ΝοΥΕΜΒΡιοΣ.
1847 1840 1889 1898 Β
2358 1872 2613 1931 uENSIs
2650 1875 3051 1937 NOVEMBER.

310 1995 382 2043 α’.
414 1986 537 2042 Τῶν
571 1985 745 2053 ἁγίων
785 1981 1162 2054 ’Δ-ναργύρων.

1991 1981 2043 2037 1.
2080 1981 2406 2040 Sanctorum
2444 1986 2876 2058 Anargyrorum.
3148 2033 3150 2035 μ

310 2079 377 2151 β’.
411 2078 519 2134 Τοῦ
547 2079 707 2148 ἁγίου
750 2073 1087 2135 ’Δκινδύνου,
1122 2072 1215 2126 καὶ
1244 2070 1355 2124 τῶν
1386 2070 1482 2125 σῦν
1514 2067 1687 2139 αὐτῷ.

1475 2086 1482 2117 θ
1514 2067 1687 2139 αὐτῷ.
1989 2075 2045 2133 2.
2074 2075 2263 2133 Sancti
2289 2078 2562 2150 Acindyni
2609 2090 2664 2136 et
2694 2082 2970 2137 sociorum
2999 2083 3138 2154 ejus.

308 2171 382 2241 γ’.
421 2172 530 2224 Τοῦ
567 2171 726 2239 ἁγίου
769 2166 1063 2238 ’Δκεψιμὰ,
1096 2165 1191 2218 καὶ
1216 2163 1324 2217 τῶν
1347 2163 1449 2216 σὺν
1475 2159 1644 2230 αὐτῷ.

1518 2159 1644 2230 ὺτῷ.
1987 2168 2044 2225 3.
2079 2169 2266 2227 Sancti
2286 2172 2595 2244 Aeepsimae
2644 2186 2699 2231 et
2730 2177 3004 2232 sociorum
3038 2178 3181 2248 ejus.

308 2263 371 2317 δ’.
412 2265 524 2333 Τῆς
555 2263 717 2332 ἁγίας
746 2261 1030 2332 Θεοδότης.

985 2278 1030 2323 ς.
1991 2262 2048 2317 4.
2082 2261 2299 2320 Sanctae
2333 2265 2648 2322 Theodotae.

311 2364 375 2412 ε’.
414 2356 535 2409 Τῶν
562 2354 733 2423 ἁγίων
762 2354 1140 2416 Γαλακτίωνος
1168 2351 1261 2405 καὶ
1305 2348 1669 2417 Ἐπιστήμης.

1565 2362 1669 2416 me.
1996 2354 2050 2409 5.
2090 2354 2419 2411 Sanctorum
2449 2355 2786 2415 Galastionis
2815 2370 2871 2416 et
2902 2360 3228 2432 Epistemes.

311 2456 388 2514 ς’.
422 2447 531 2502 Τοῦ
565 2448 719 2517 ἁγίου
762 2446 976 2501 Παύλου
1007 2444 1100 2497 τοῦ
1141 2440 1494 2514 ὁμολογήτοῦ.

1197 2440 1494 2513 ιολογητοῦ.
1995 2450 2049 2505 6.
2085 2447 2275 2505 Sancti
2311 2450 2467 2506 Pauli
2505 2450 2860 2509 confessoris.

312 2541 377 2605 ζ’.
416 2539 537 2594 Τῶν
561 2540 734 2609 ἁγίων
763 2536 844 2606 λγ⁹
878 2536 1193 2607 μαρτύρων.

1994 2543 2049 2598 ’1.
2079 2541 2404 2599 Sanctorum
2439 2545 2683 2615 Triginta
2716 2548 2880 2602 trium
2917 2558 3241 2620 martyrum.

309 2632 381 2702 η’.
415 2632 521 2686 Τοῦ
554 2630 899 2701 ἀρχαγγέλου
930 2628 1172 2699 Μιχαήλ.

1022 2628 1172 2699 ,(αήλ.
1993 2635 2049 2690 8.
2076 2635 2399 2704 Archangeli
2436 2635 2685 2692 Michael.

314 2722 380 2777 θ’.
412 2722 518 2776 Τοῦ
549 2722 704 2791 ἁγίου
732 2721 1024 2792 Τιμοθέου,
1052 2721 1146 2773 καὶ
1176 2717 1427 2790 Μαύρας.

1257 2717 1427 2790 ιύρας.
1996 2724 2052 2779 9.
2080 2722 2265 2779 Sancti
2294 2723 2565 2780 Timothei
2618 2736 2673 2780 et
2702 2726 2920 2782 Maura.

332 2814 383 2868 ι’.
420 2814 527 2867 Τοῦ
557 2815 721 2881 ἁγίου
760 2815 1043 2883 μάρτυρος
1081 2810 1365 2881 Ὀρέστου.

1173 2810 1365 2865 μέστου.
2001 2816 2091 2871 ιο.
2126 2813 2312 2870 Sancti
2348 2818 2603 2887 martyris
2638 2818 2836 2873 Oresti.

316 2903 405 2957 ια’.
434 2904 541 2956 Τοῦ
565 2905 723 2971 ἁγίου
753 2902 938 2972 Μηνᾶ,
970 2900 1065 2952 καὶ
1096 2899 1205 2951 τῶν
1234 2900 1331 2951 σῦν
1360 2897 1533 2969 αὐτῷ.

1436 2897 1533 2969 τῷ.
2007 2908 2095 2963 11.
2120 2907 2305 2963 Sancti
2346 2908 2514 2964 Mente
2550 2920 2605 2965 et
2654 2913 2934 2967 sociorum
2956 2912 3096 2981 ejus.

319 2994 405 3065 ιβ’.
452 2993 560 3048 Τοῦ
602 2992 758 3062 ἁγίου
800 2992 1047 3047 Ἰωάννου
1078 2988 1175 3043 τοῦ
1226 2990 1575 3061 Ἐλεήμονος.

1381 3008 1575 3060 ημονος·
2002 2999 2089 3054 12.
2123 2999 2307 3055 Sancti
2336 2999 2568 3057 Joannis
2598 3002 3044 3076 Eleetnosynarii.

322 3093 410 3153 ιγ’.
446 3084 552 3137 Τοῦ
585 3083 997 3155 Χρυσοστόμου.

939 3101 997 3135 μυ.
2002 3089 2089 3143 l3.
2115 3090 2174 3144 S.
2203 3091 2602 3161 Chrysostomi.

321 3176 405 3231 ιδ’.
446 3177 553 3230 Τοῦ
592 3178 752 3244 ἁγίου
784 3173 1089 3228 ἀποστόλου
1110 3171 1401 3225 hlium.
1854 3191 1901 3251 ο

1186 3172 1401 3225 λίππου.
1854 3191 1901 3251 c
1998 3179 2087 3233 M.
2119 3178 2303 3234 Sancti
2331 3182 2562 3250 apostoli
2591 3181 2849 3253 Philippi.

323 3278 405 3326 ιε’.
445 3271 566 3324 Τῶν
600 3269 772 3337 ἁγίων
798 3265 1170 3338 ὁμολογητῶν.

2004 3271 2091 3325 15.
2129 3269 2458 3327 Sanctorum
2491 3271 2888 3327 confessorum.

323 3364 423 3430 ις’.
458 3362 567 3417 Τοῦ
606 3363 766 3431 ἁγίου
805 3359 1107 3414 ἀποστόλου
1139 3354 1445 3411 Ματθαίου.

1200 3354 1445 3411 ατθαίου.
2008 3362 2092 3416 16.
2126 3362 2312 3417 Sancti
2343 3365 2573 3433 apostoli
2606 3364 2863 3420 Matthxi.

328 3456 417 3521 ιζ’.
454 3456 619 3510 Λείπ.

2008 3456 2093 3508 17.
2132 3453 2347 3510 Nullius
2380 3460 2437 3511 tit
2465 3458 2686 3511 mentio.

326 3550 418 3619 ιη’.
456 3546 580 3600 Τῶν
627 3546 802 3617 ἁγίων
878 3542 1174 3615 μαρτύρων
1224 3540 1511 3602 Πλάτωνος
1558 3538 1650 3591 καὶ
1699 3539 1834 3591 Ῥω-

1740 3539 1834 3589 ’ω-
2008 3546 2097 3602 18.
2127 3546 2453 3603 Sanctorum
2479 3559 2777 3621 martyrum
2799 3549 3042 3606 Platonis
3068 3560 3122 3606 et
3154 3552 3403 3609 Romani.

301 3657 450 3694 ανου.

338 3659 450 3692 νου.

257 3659 415 3785 μαιϐ’.
457 3729 567 3784 Τοῦ
611 3729 769 3799 ἁγίου
810 3727 1085 3800 μάρτυρος
1130 3724 1435 3797 Νεοφύτου,
1466 3723 1560 3776 καὶ
1597 3720 1704 3774 τῶν
1736 3720 1832 3773 σὺν

2007 3726 2097 3782 19.
2136 3726 2323 3783 Sancti
2353 3730 2608 3801 martyris
2637 3726 2905 3800 Neophyti
2966 3738 3022 3785 et
3063 3730 3339 3788 sociorum
3367 3731 3510 3803 ejus.

256 3822 429 3893 αύτῷ.

330 3914 400 3971 κ’.
430 3914 538 3970 Τοῦ
563 3913 721 3984 ἁγίου
762 3911 1050 3982 Μαξίμου,
1080 3906 1306 3964 καὶτῶν
1338 3906 1435 3961 σὺν
1474 3903 1645 3975 αὐτῷ.

1491 3903 1645 3975 ιὺτῷ.
2008 3906 2102 3961 20.
2136 3906 2322 3963 Sancti
2350 3906 2571 3964 Maximi
2629 3920 2684 3965 et
2707 3911 2982 3967 sociorum
3012 3911 3154 3982 ejus.

335 4007 443 4062 κα’.
484 4009 564 4061 Τὰ
598 4009 767 4075 ’Ἅγια
795 4004 908 4058 τῶν
934 4004 1129 4073 ἁγίων.

1035 4021 1129 4057 ων.
2012 3999 2104 4053 2|.
2134 3997 2331 4054 Sancta
2364 4011 2698 4058 sanctorum.

332 4100 438 4168 κβ’.
486 4098 597 4167 Τῆς
628 4098 789 4166 ἁγίας
823 4094 1099 4156 Κικιλίας.
1364 4162 1371 4169 .

949 4094 1099 4156 λίας.
1364 4162 1371 4169 ⁸
2014 4090 2104 4143 22.
2142 4090 2357 4146 Sancta:
2382 4093 2612 4148 Ceciliae.

331 4203 438 4263 κγ’.
476 4193 585 4249 Τοῦ
616 4192 772 4261 ἁγίου
814 4188 1186 4261 Ἀμφιλοχίου.

1091 4188 1186 4241 ίου.
2013 4180 2104 4236 23.
2149 4179 2335 4236 Sancti
2368 4182 2754 4252 Amphilocbii.

338 4286 439 4339 κδ’.
480 4285 585 4337 Τοῦ
618 4284 773 4351 ἁγίου
803 4279 1105 4350 Γρηγορίου
1136 4274 1231 4329 τοῦ
1277 4276 1667 4349 Ἀκράγαντος.

1309 4276 1667 4349 ικράγαντος.
2008 4272 2101 4325 24.
2133 4272 2322 4327 Sancti
2349 4272 2598 4345 Gregorii
2628 4275 2972 4345 Acragantis.

338 4385 437 4433 κε’.
484 4376 605 4428 Τῶν
629 4375 799 4442 ἁγίων
828 4371 1123 4443 μαρτύρων
1142 4368 1458 4439 Κλήμεντος
1488 4371 1582 4423 καὶ
1610 4371 1839 4442 Πέτρου.

1738 4388 1839 4427 νου,
2014 4363 2107 4417 25.
2144 4364 2470 4419 Sanctorum
2500 4376 2803 4437 martyrum
2836 4368 3134 4424 Clementis
3157 4381 3211 4425 et
3236 4368 3401 4426 Petri.

339 4475 456 4533 κς’.
483 4466 590 4520 Τοῦ
627 4466 779 4519 ὁσίου
824 4464 1103 4519 ’Δλυπίου.
1875 4524 1912 4533 _

848 4464 1103 4519 Αλυπίου.
1875 4524 1912 4533 _
2016 4456 2107 4511 26.
2141 4455 2293 4511 Beati
2315 4456 2511 4527 Alypii.

343 4524 447 4628 κξκ
479 4560 584 4613 Τοῦ
618 4560 774 4628 ἁγίου
816 4557 1074 4613 Ἰακώϐου
1104 4554 1198 4609 τοῦ
1234 4556 1461 4628 Πέρσου.
1875 4524 1922 4581 θ

1127 4554 1198 4609 :06
1234 4556 1461 4628 Πέρσου.
1875 4524 1922 4581 θ
2026 4547 2118 4601 27.
2153 4547 2340 4602 Sancti
2369 4524 2556 4602 Jacobi
2592 4548 2790 4604 Persa.

344 4652 452 4723 κη’.
495 4651 605 4705 Τοῦ
636 4651 793 4719 ἁγίου
820 4649 1181 4720 Είρηνάρχου.

985 4649 1181 4719 uno...
2015 4637 2106 4693 28.
2136 4636 2321 4692 Sancti
2349 4638 2648 4693 lrenarchi.

346 4746 449 4799 xO'.
482 4742 589 4796 Τοῦ
618 4744 766 4795 ὁσίου
794 4740 1107 4795 Θεοδούλου.

945 4740 1107 4794 ιύλου.
2020 4730 2111 4785 29.
2152 4729 2302 4785 Beati
2324 4731 2608 4787 Theoduli.

346 4837 412 4891 λ’.
443 4835 552 4890 Τοῦ
591 4833 747 4905 ἁγίου
783 4832 1085 4887 ἀποστόλου
1130 4830 1402 4900 Ἀνδρέου.

1204 4830 1402 4900 νδρέου.
2021 4823 2110 4879 30.
2139 4824 2327 4879 Sancti
2352 4826 2588 4895 apostoli
2620 4824 2867 4881 Δηὼ-οε.

735 4961 893 5016 MHN
936 4956 1397 5013 ΔΕΚΕΜΒΡΙΟΣ.

2398 4952 2651 5009 MENSIS
2694 4953 2921 5009 DECEM
2931 4954 3086 5011 BER.

350 5074 418 5128 α’.
454 5072 563 5127 Τοῦ
595 5072 751 5142 ἁγίου
784 5070 1065 5141 προφήτου
1093 5063 1309 5135 Ναούμ.

1224 5063 1309 5135 ip.
2030 5063 2084 5116 1.
2124 5062 2309 5117 Sancti
2337 5063 2614 5131 propheta:
2653 5061 2887 5118 Nahum.

354 5166 420 5237 β’.
454 5165 562 5219 Τοῦ
594 5164 877 5234 προφήτου
919 5158 1262 5230 ’Δμὸακούμ.

1040 5158 1262 5227 Ξακούμ.
2030 5155 2085 5208 2.
2122 5154 2404 5224 Propheta:
2426 5153 2703 5209 Habacuc.

354 5256 423 5326 γ’.
454 5256 563 5310 Τοῦ
592 5256 872 5326 προφήτου
902 5250 1180 5321 Σοφονίου.

1075 5250 1180 5303 ίου.
2028 5249 2081 5303 3.
2111 5247 2392 5316 Propheta:
2428 5246 2736 5316 Sophoniae.

355 5354 419 5407 δ’.
456 5351 569 5421 Τῆς
602 5349 775 5418 ἁγίας.
801 5346 1110 5418 Βαρϐάρας.

980 5362 1110 5418 ιρας.
2030 5341 2086 5394 4.
2122 5338 2334 5394 Sancta:
2367 5337 2643 5396 Barbarae.

358 5452 419 5499 ε’.
463 5444 570 5497 Τοῦ
602 5443 751 5496 ὁσίου
777 5441 948 5496 Σάὄα.

806 5441 948 5496 ἒάόα.
2034 5430 2086 5486 5.
2117 5428 2265 5483 Beati
2295 5427 2469 5483 Saliae.

364 5546 438 5603 ς’.
478 5534 587 5590 Τοῦ
618 5534 773 5605 ἁγίου
806 5532 1096 5586 Νικολάου.

906 5532 1096 5586 ιολὰου.
2032 5524 2083 5579 6.
2121 5524 2303 5578 Sancti
2333 5521 2569 5580 Nicolai.

362 5630 431 5695 ξ’.
472 5627 580 5681 Τοῦ
607 5627 753 5681 ὁσίου
799 5622 1147 5695 Ἀμδροσίου.

931 5622 1147 5695 ἱροσίου,
2038 5616 2092 5669 7.
2122 5613 2270 5668 Beati
2298 5614 2594 5670 Ambrosii.

363 5721 434 5793 η’.
474 5720 581 5774 Τοῦ
606 5718 754 5772 ὁσίου
787 5714 1095 5786 Σωφρονίου
1126 5711 1423 5769 ἑπισκὸπου
1456 5708 1703 5781 Κύπρου.

1456 5708 1703 5781 Κύπρου.
2044 5708 2097 5762 8.
2135 5707 2284 5762 Beati
2309 5705 2603 5778 Sophronii
2640 5708 2881 5779 episcopi
2913 5708 3097 5781 Cypri.

367 5814 434 5871 θ’.
472 5813 537 5867 'H
575 5810 837 5881 σύλληψις
865 5808 964 5880 τῆς
994 5807 1155 5877 ἁγίας
1188 5804 1387 5874 ’Δννης

1227 5804 1387 5874 twn;
2048 5798 2102 5856 9.
2138 5800 2436 5871 Conceptio
2474 5808 2675 5859 sanctae
2706 5801 2890 5856 Anmr.
