4212 6432
763 387 905 453 1315
1514 378 1901 438 OPUSCULA
1943 374 2354 435 LITURGICA
2397 370 2749 432 INCERT/E
2787 370 3096 431 IETATIS.
3511 446 3528 454 _
3879 365 4017 426 1316

828 501 916 555 10.
951 497 1100 551 Beati
1132 491 1518 564 Amphilochii.

827 593 914 644 11.
945 589 1092 643 Beati
1133 586 1319 640 Daniel
1355 584 1589 652 Slylilaz.

824 685 912 738 12.
947 683 1094 736 Beati
1123 678 1466 749 Spyridonis.

824 777 912 830 15.
955 773 1282 827 Sanctorum
1317 777 1618 838 martyrum
1655 762 1917 818 Eustratii
1969 771 2021 816 et
2050 773 2327 815 sociorum

758 868 894 935 ejus.

834 957 917 1009 M.
950 954 1274 1006 Sanctorum
1303 949 1636 1003 Philemonis
1667 955 1718 996 et
1743 945 2017 997 sociorum
2048 940 2189 1008 ejus.

826 1047 912 1100 15.
947 1045 1134 1100 Sancti
1161 1043 1415 1111 martyris
1446 1036 1759 1092 Eleutherii.

830 1139 919 1191 16.
951 1138 1232 1205 Propheta:
1259 1133 1460 1202 Aggagi.

834 1233 921 1284 1Ἱ.
963 1229 1284 1282 Sanctorum
1323 1224 1487 1277 trium
1517 1231 1811 1290 puerorum
1854 1225 1908 1268 et
1941 1213 2148 1267 Daniel.

829 1321 918 1374 18.
956 1315 1137 1369 Sancti
1168 1312 1423 1381 martyris
1449 1305 1777 1364 Sebastiani.

825 1413 909 1464 l9.
947 1408 1131 1461 Sancti
1161 1405 1342 1460 Promi
1377 1413 1432 1458 et
1468 1400 1742 1454 sociorum
1770 1396 1912 1464 ejus.

827 1502 916 1553 20.
960 1498 1147 1553 Sancti
1181 1492 1598 1562 sacromartyris
1629 1490 1844 1559 lgnatii.

825 1594 917 1644 2|.
946 1589 1163 1642 Sanctae
1184 1585 1435 1640 Julianaa.

824 1685 916 1735 ‘22.
953 1681 1164 1734 Sancta:
1193 1674 1516 1730 Anastasize.

827 1774 924 1836 25.
948 1771 1272 1824 Sanctorum
1305 1766 1497 1818 Decem
1532 1764 1585 1818 in
1627 1765 1805 1815 Creta.

826 1893 897 1904 —
935 1861 1234 1915 Sabbatum
1265 1867 1584 1910 sanctorum
1623 1851 1866 1904 Patrum.

823 1985 896 1997 —
925 1952 1202 2007 Dominica
1233 1957 1546 2002 sanctorum
1592 1943 1839 1996 Patrum.

826 2047 918 2099 24.
951 2045 1010 2099 in
1044 2042 1452 2112 exspectatione
1484 2037 1780 2091 nativitatis
1819 2035 2046 2089 Christi.

831 2139 923 2191 25.
956 2135 1011 2189 In
1049 2135 1333 2188 matutino.

832 2261 902 2270 —
938 2228 996 2282 In
1028 2226 1267 2295 Iiturgia.

834 2320 927 2373 36.
971 2318 1346 2371 Sanctissimae
1371 2315 1633 2383 Deiparzc.

833 2410 925 2464 27.
952 2407 1138 2462 Sancti
1165 2407 1418 2477 martyris
1447 2405 1733 2474 Stephani.

832 2500 924 2554 28.
963 2499 1290 2554 Sanctorum
1337 2498 1526 2566 viginti
1559 2499 1814 2562 millium,
1845 2505 1899 2550 et
1936 2494 2196 2565 Stephani
2244 2496 2331 2566 ju-

687 2661 701 2677 ι
759 2594 952 2648 nioris.

837 2715 909 2728 —
944 2685 1242 2739 Sahhatum
1285 2692 1408 2752 post
1448 2681 1654 2734 Christi
1683 2680 2045 2733 nativitatem.

829 2808 902 2821 -—
932 2777 1212 2832 Dominica
1246 2782 1366 2844 post
1394 2773 1596 2828 Christi
1629 2772 1990 2825 nativitatem.

834 2869 927 2923 29.
957 2867 1284 2923 Sanctorum
1316 2863 1688 2933 parvulorum.

831 2961 921 3015 50.
968 2960 1115 3013 Beati
1151 2957 1406 3012 Marcelli.

829 3053 891 3108 3|
905 3094 920 3108 .
952 3050 1136 3107 Sancti
1169 3049 1373 3104 lrcnaei.

1191 3137 1443 3194 MENSIS
1495 3135 1900 3192 JANUABIUS.

839 3236 889 3289 1.
923 3234 980 3288 In
1006 3231 1456 3295 Circumcisione,
1487 3237 1540 3283 et
1577 3229 1752 3282 sancti
1793 3227 1998 3281 Basilii.

839 3325 896 3376 2.
933 3325 1119 3377 Sancti
1146 3315 1409 3376 Silves'tri.

833 3415 886 3467 5.
923 3412 1107 3466 Sancti
1139 3411 1392 3479 martyris
1426 3409 1638 3463 Gordii.

831 3509 883 3560 4.
911 3507 1094 3560 Sancti
1125 3505 1380 3574 martyris
1403 3503 1628 3558 Zosimi.

836 3627 908 3641 -—
936 3597 1235 3652 Sabbatum
1266 3605 1391 3650 ante
1419 3597 1587 3648 luces.

842 3717 906 3728 ——
939 3689 1221 3742 Deniimca
1253 3698 1379 3740 ante
1401 3687 1573 3740 luces.

843 3781 894 3832 5.
925 3779 980 3832 In
1013 3780 1415 3846 exspectatione
1443 3778 1670 3831 lucium.

831 3873 885 3924 6.
915 3873 969 3923 ln
1002 3872 1290 3924 matutino.

852 3995 923 4009 —
954 3965 1012 4019 In
1038 3948 1277 4032 l‘iturgia.

842 4057 896 4111 7.
926 4056 980 4110 S.
1011 4052 1399 4109 Praacursoris.

843 4179 915 4187 —
943 4148 1237 4201 Salibatum
1273 4155 1393 4214 post
1420 4145 1590 4198 luces.

845 4270 916 4282 —
947 4240 1225 4292 Dominica
1256 4246 1377 4307 post
1409 4237 1575 4292 luces.

838 4335 890 4386 8.
927 4332 1110 4386 Sancti
1143 4330 1413 4399 Hippolyti
1456 4327 1661 4383 Romaz.

849 4430 904 4482 9.
937 4427 1121 4480 Sancti
1152 4426 1408 4495 martyris
1439 4423 1741 4494 Polyeucti.

839 4519 925 4573 10.
957 4518 1143 4572 Sancti
1183 4517 1432 4587 Gregorii
1463 4515 1713 4587 Nysseni.

846 4613 928 4666 ll.
959 4610 1104 4664 Beati
1127 4609 1445 4664 Theodosii.

837 4705 923 4756 12.
959 4701 1104 4755 Beati
1138 4698 1422 4767 Stephani.
1470 4683 1486 4689 ’

842 4795 928 4847 15.
970 4791 1151 4846 Sancti
1183 4789 1388 4859 Ermyli
1419 4797 1472 4842 et
1502 4785 1842 4840 Stratonicis.

842 4887 927 4938 14.
968 4883 1292 4938 Sanctorum
1328 4881 1599 4934 Ahbatum
1632 4880 1684 4932 in
1715 4878 1931 4930 itaitho.

839 4977 924 5030 15.
958 4975 1105 5029 Beati
1132 4973 1360 5027 Joannis
1393 4970 1644 5025 mendici.

839 5069 924 5122 lti.
962 5065 1294 5121 Veneranda:
1333 5073 1540 5117 catenae
1573 5064 1745 5118 sancti
1781 5060 1946 5116 Petri.

842 5160 927 5212 17.
967 5159 1152 5211 Sancti
1179 5155 1422 5209 Antonii.

837 5251 926 5303 18.
969 5249 1153 5302 Sancti
1182 5247 1503 5310 Athanasii,
1532 5257 1585 5300 et
1604 5244 1813 5315 Cyrilli.

835 5345 923 5396 19.
963 5341 1109 5395 Beati
1141 5340 1384 5393 Macarii.

834 5437 922 5488 ‘20.
960 5433 1106 5486 Beati
1135 5432 1428 5501 Enthymii.

738 5559 740 5561 »
834 5529 920 5580 2|.
954 5526 1139 5579 Sancti
1179 5525 1433 5594 martyris
1463 5521 1747 5592 Ncophyti.

830 5620 922 5672 29..
967 5618 1148 5672 Sancti
1179 5615 1475 5670 Timothei.

833 5709 925 5764 25.
960 5707 1284 5764 Sanctorum
1355 5715 1650 5778 martyrum
1695 5707 1988 5762 Clementis
2094 5718 2148 5762 et
2196 5708 2340 5778 Aga-

765 5800 1022 5871 thangeh.

2363 3168 2406 3228 C

2361 490 2406 546 Λ
2510 490 2559 537 ι’.
2597 482 2704 536 Τοῦ
2738 483 2886 534 ὁσίου
2926 482 3298 550 ’Δμφιλοχίοω

2505 582 2594 629 ια’.
2633 573 2740 626 Τοῦ
2771 573 2918 626 ὁσίου
2952 572 3152 640 Δανιὴλ
3177 572 3268 624 τοῦ
3301 571 3577 622 Στυῖιίτου.

2503 665 2590 736 ιβ’.
2628 664 2736 717 Τοῦ
2770 665 2920 717 ὁσίου
2960 663 3324 732 Σπυρίδωνος.

2504 761 2592 822 ιγ’.
2626 753 2748 804 Τῶν
2800 753 2973 821 ἁγίων
3019 751 3312 822 μαρτύρων
3351 749 3705 821 Εὑστριτίου,
3759 752 3856 800 καί
3911 750 4016 801 τῶν

2433 846 2530 898 σὺν
2557 843 2728 912 αὐτῷ.

2504 937 2585 989 ιδ’.
2619 936 2738 988 Τῶν
2771 934 2940 1004 ἁγίων
2971 934 3291 1004 Φιλήμονος,
3328 933 3422 986 καὶ
3452 933 3560 984 τῶν
3596 931 3693 983 σὺν
3721 932 3902 1001 αὐτῷ.

2502 1027 2585 1082 ιε’.
2622 1026 2730 1079 Τοῦ
2764 1027 2918 1095 ἁγίου
2955 1027 3230 1096 μάρτυρος
3275 1025 3634 1096 Ἐλευθερίου.

2506 1127 2600 1186 ις’.
2640 1119 2745 1172 Τοῦ
2775 1125 3056 1188 προφήτου
3089 1117 3372 1188 ’Δγγαίου.

2507 1213 2592 1276 ιζ’.
2629 1212 2751 1264 Τῶν
2783 1211 2955 1278 ἁγίων
2989 1209 3036 1278 γ’
3067 1211 3292 1274 παίδων,
3323 1209 3420 1262 καὶ
3458 1208 3683 1278 Δανιὴλ.

2505 1305 2594 1375 ιη’.
2631 1305 2737 1358 Τοῦ
2768 1305 2924 1373 ἁγίου
2963 1302 3238 1373 μάρτυρος
3268 1301 3652 1354 Σεϐαστιανοῦ.

2506 1399 2590 1450 ιθ’.
2625 1395 2732 1455 Τοῦ
2764 1395 2922 1462 ἁγίου
2958 1394 3198 1465 Πρόμου,
3226 1393 3320 1446 καὶ
3343 1392 3449 1445 τῶν
3487 1394 3582 1445 σὺν
3613 1391 3792 1464 αὐτῷ.

2501 1488 2570 1542 κ’.
2607 1487 2712 1540 Τοῦ
2747 1487 2904 1554 ἁγίου
2931 1486 3326 1556 ἱερομὰρτυρος
3367 1485 3651 1552 Ἰγνατίου.

2503 1587 2610 1633 κα’.
2645 1577 2758 1647 Τῆς
2789 1578 2951 1645 ἁγίας
2993 1578 3308 1646 Ἰουλιανῆς.

2503 1667 2611 1737 κβ’.
2653 1669 2764 1736 Τῆς
2796 1666 2959 1736 ἁγίας
3003 1668 3374 1728 ’Λναστασίας.

2503 1768 2611 1829 κγ’.
2648 1761 2772 1813 Τῶν
2808 1760 2980 1827 ἁγίων
3014 1760 3045 1812 ι’
3079 1759 3188 1813 τῶν
3218 1761 3276 1813 ὲν
3303 1761 3514 1831 Κρήτῃ.

2531 1882 2603 1893 -
2653 1853 2930 1907 Σάὁῦατον
2953 1854 3062 1907 τῶν
3086 1854 3262 1921 ἁγίων
3297 1854 3556 1927 Πατέρων

2542 1974 2612 1985 -
2649 1946 2907 2017 Χυριακὴ
2937 1946 3044 2000 τῶν
3073 1946 3244 2013 ἁγίων
3273 1946 3552 2015 Πατέρων.

2459 2052 2474 2058 ·
2507 2041 2606 2094 κδ’.
2644 2041 2735 2104 Είς
2765 2041 2863 2106 τὴν
2899 2040 3224 2111 παραμονὴν
3251 2039 3351 2108 τῆς
3380 2037 3618 2110 Χριστοῦ
3651 2037 3982 2105 γεννήσεως.

2505 2139 2604 2185 κε’.
2639 2133 2732 2196 Είς
2766 2133 2858 2185 τὸν
2882 2131 3096 2202 ὄρθρον.

2538 2256 2608 2268 -
2651 2225 2744 2289 Είς
2781 2227 2878 2296 τὴν
2907 2223 3271 2293 λειτουργίαν.

2509 2316 2620 2383 κς·’.
2660 2319 2770 2388 Τῆς
2802 2317 3104 2388 ὑπεραγίας
3128 2315 3419 2369 Θεοτόκου.

2506 2409 2610 2473 κζ’.
2645 2409 2752 2462 Τοῦ
2783 2409 2940 2476 ἁγίου
2972 2409 3246 2480 μάρτυρος
3276 2408 3576 2476 Στεφάνου.

2511 2500 2619 2572 κη’.
2678 2501 2799 2556 Τῶν
2847 2501 3019 2570 ἁγίων
3067 2500 3392 2572 δισμυρίων,
3439 2499 3534 2552 καὶ
3591 2497 3864 2566 Στεφάνου
3918 2497 4009 2550 τοῦ

2439 2593 2581 2647 νέου.

2539 2712 2613 2723 —
2647 2683 2922 2737 Σὰσὸατον
2963 2681 3103 2752 μετὰ
3132 2681 3231 2752 τὴν
3257 2678 3494 2750 Χριστοῦ
3531 2679 3809 2749 γέννησιν.

2543 2806 2612 2816 -
2648 2774 2899 2847 Κυριακὴ
2932 2775 3070 2845 μετὰ
3100 2774 3196 2842 τὴν
3224 2769 3464 2844 Χριστοῦ
3491 2771 3770 2842 γέννησιν.

2510 2869 2610 2922 κθ’.
2662 2868 2785 2920 Τῶν
2816 2867 2990 2935 ἁγίων
3013 2865 3244 2936 νηπίων.

2511 2960 2574 3013 λ’.
2609 2960 2714 3013 Τοῦ
2743 2961 2891 3012 ὁσίου
2927 2960 3275 3029 Μαρκέλλου.

2513 3050 2613 3104 λα’.
2647 3050 2754 3104 Τοῦ
2782 3051 2936 3118 ἁγίου
2973 3051 3286 3120 Είρηναίου.

2876 3143 3030 3196 MHN
3068 3141 3562 3196 ΙΑΝΝΟΥΑΡΙΟΣ.

2510 3244 2578 3291 α’.
2610 3237 2702 3299 El;
2733 3237 2831 3306 τὴν
2867 3235 3189 3305 περιτομὴν,
3223 3237 3316 3288 καὶ
3342 3234 3432 3288 τοῦ
3463 3234 3618 3301 ἁγίου
3651 3231 3958 3286 Βασιλείου.

2519 3330 2584 3400 β’.
2629 3329 2735 3383 Τοῦ
2764 3329 2921 3396 ἁγίου
2955 3328 3303 3399 Σιλόἑστρου.

2511 3429 2579 3491 γ’.
2621 3421 2728 3475 Τοῦ
2756 3421 2915 3488 ἁγίου
2945 3421 3220 3490 μάρτυρος
3251 3421 3492 3492 Γορδίου.

2511 3514 2573 3568 δ’.
2609 3513 2716 3567 Τοῦ
2749 3513 2901 3581 ἁγίου
2935 3514 3211 3583 μάρτυρος
3243 3515 3514 3583 Ζωσίμου.

2507 3633 2578 3644 —
2618 3604 2893 3658 Σὰὁὸατον
2923 3604 3030 3673 πρὸ
3059 3605 3166 3656 τῶν
3192 3603 3410 3659 Φὼτων.

2511 3725 2581 3736 —
2612 3695 2866 3766 Κυριακὴ
2901 3696 3010 3764 πρὸ
3037 3695 3145 3748 τῶν
3173 3694 3394 3749 Φώτων.

2517 3787 2576 3840 ε’.
2616 3787 2706 3847 Et;
2735 3785 2832 3855 τὴν
2861 3786 3184 3855 παραμονὴν
3205 3786 3312 3840 τῶν
3341 3785 3560 3841 Φώτων.

2516 3877 2589 3940 ς’.
2623 3877 2714 3939 Εἰς
2745 3877 2835 3928 τὸν
2867 3875 3083 3946 ὄρθρον.

2512 3998 2582 4010 -——
2612 3969 2704 4031 Είς
2731 3968 2830 4038 τὴν
2866 3968 3229 4036 λειτουργίαν.

2518 4061 2584 4125 ζ’.
2619 4060 2723 4113 Τοῦ
2756 4059 3093 4129 Πρώρὸμου.

2515 4183 2581 4196 -
2620 4153 2899 4206 Σὰσσατον
2932 4152 3069 4222 μετὰ
3094 4152 3163 4205 τὰ
3192 4151 3373 4205 Φῶτα.

2512 4275 2582 4285 -—-
2616 4244 2870 4315 Κυριακὴ
2903 4242 3044 4312 μετὰ
3071 4246 3143 4295 τᾶ
3168 4241 3344 4295 Φῶτα.

2515 4339 2586 4400 η’.
2627 4331 2733 4384 Τοῦ
2767 4331 2924 4400 ἁγίου
2965 4331 3282 4384 Ἱππολύτου
3325 4330 3566 4401 Ῥώμης.

2447 4477 2452 4483 γ
2519 4425 2584 4478 θ’.
2625 4423 2732 4477 Τοῦ
2765 4423 2924 4490 ἁγίου
2960 4425 3235 4493 μάρτυρος
3267 4423 3633 4480 Πολυεύκτου.

2515 4511 2568 4566 ι’.
2603 4511 2709 4564 Τοῦ
2737 4512 2892 4579 ἁγίου
2925 4512 3225 4582 Γρηγορίου
3257 4512 3499 4582 Νύσσης.

2515 4611 2602 4658 ια’.
2643 4603 2748 4655 Τοῦ
2774 4603 2921 4655 ὁσίου
2946 4603 3247 4659 Θεοδοσίου.

2517 4695 2600 4765 ιβ’.
2635 4695 2740 4748 Τοῦ
2775 4697 2921 4748 ὁσίου
2952 4696 3245 4764 Στεφάνου.

2514 4795 2602 4856 ιγ’.
2633 4787 2739 4840 Τοῦ
2780 4787 2936 4856 ἁγίου
2978 4788 3265 4856 Ἐρμύλου,
3302 4789 3394 4841 καὶ
3424 4791 3837 4860 Στρατονίκους.

2528 4877 2609 4931 ιδ’.
2641 4877 2760 4930 Τῶν
2799 4876 2969 4945 ἁγίων
3013 4876 3283 4930 ’Δόσάδων
3321 4879 3426 4931 τῶν
3454 4881 3510 4930 ἐν
3535 4885 3597 4950 τῇ
3645 4880 3871 4953 Ῥαῖῢῷ.

2514 4971 2594 5025 ιε’.
2626 4970 2733 5022 Τοῦ
2760 4970 2906 5022 ὁσίου
2963 4969 3212 5022 Ἰωάννου
3244 4969 3337 5022 τοῦ
3371 4972 3607 5039 πτωχοῦ.

2513 5071 2609 5128 ις’.
2649 5064 2760 5132 Τῆς
2785 5062 2971 5131 τιμίας
3002 5061 3242 5124 ἁλύσεως
3276 5063 3367 5115 τοῦ
3389 5065 3546 5132 ἁγίου
3582 5065 3811 5130 Πέτρου.

2391 5181 2406 5187 -
2515 5153 2601 5217 ιζ’.
2632 5151 2738 5204 Τοῦ
2765 5151 2923 5220 ἁγίου
2957 5150 3262 5204 Ἀντωνίου.

2519 5253 2607 5315 ιη’.
2641 5243 2748 5296 Τοῦ
2775 5243 2931 5310 ἁγίου
2978 5242 3291 5294 Ἀθανασίου
3323 5242 3417 5293 καὶ
3447 5241 3744 5313 Κυρίλλου.

2514 5335 2562 5388 ιθ
2583 5373 2598 5389 .
2625 5334 2732 5386 Τοῦ
2756 5333 2903 5386 ὁσίου
2933 5332 3245 5400 Μακαρίου.

2514 5430 2582 5476 κ’.
2619 5421 2726 5475 Τοῦ
2753 5421 2903 5474 ὁσίου
2931 5420 3231 5489 Εὑθυμίου.

2512 5507 2758 5570 κα’.”Τοῦ
2790 5512 2946 5578 ἁγίου
2986 5513 3260 5580 μάρτυρος
3288 5511 3587 5579 Νεοφύτου.

2511 5609 2616 5678 κβ’.
2654 5606 2762 5660 Τοῦ
2794 5606 2956 5666 ἁγίου
2982 5605 3267 5674 Τιμοθέου.

2516 5703 2622 5772 κγ’.
2663 5705 2785 5758 Τῶν
2814 5703 2985 5774 ἁγίων
3009 5701 3306 5775 μαρτύρων
3337 5701 3658 5772 Κλήμεντος
3687 5701 3786 5755 καὶ
3823 5704 4009 5771 Ἀγαο-

2444 5797 2695 5865 αγγέ).ου.
