4212 6432
281 407 414 469 1317
1625 400 1944 459 srmxu

1858 400 2147 462 LARIUM.
3386 407 3521 473 l3l8

346 521 446 573 κδ’.
493 518 602 587 Τῆς
629 517 780 579 ὁσίας
811 517 1001 584 Ξένης.
1885 522 1929 577 Α

888 532 1001 584 νης.
1885 522 1929 577 Α
2029 517 2117 569 24.
2155 515 2328 568 licata:
2371 516 2551 570 Xenaz.

344 609 441 664 κε’.
470 609 773 679 Γρηγορίου
804 606 898 660 τοῦ
933 605 1218 673 Θεολὸγου.

1034 605 1218 673 πλόγου.
2027 608 2115 660 25.
2145 606 2389 675 Gregorii
2419 607 2454 661 Ἰ
2468 609 2697 677 heologi.

343 700 457 765 κς’.
507 700 627 754 Τῶν
662 698 832 767 ἁγίων
881 697 1173 769 μαρτύρων
1223 697 1534 768 Ἀστερίου,
1590 693 1687 746 καὶ
1738 694 1849 747 τῶν

2021 696 2112 750 26.
2150 696 2475 752 Sanctorum
2530 710 2829 754 martvrum
2881 700 3086 757 Asterii
3159 709 3213 756 et
3254 701 3525 757 sociorum

276 795 376 846 σῦν
405 793 574 862 αὐτῷ.
1951 802 2092 855 ειυς.

360 884 460 948 κζ’.
502 884 565 938 Ἦ
595 883 852 945 ἐπάνοδος
890 883 981 935 τοῦ
1010 883 1423 952 Χρυσοστὸμου.

1139 883 1423 952 σοστὸμου.
2023 876 2110 927 27.
2156 873 2381 930 ltcditus
2405 875 2802 948 Chrysostomi.

346 979 456 1041 κη’.
509 972 615 1026 Τοῦ
648 973 796 1027 ὁσίου
842 973 1103 1042 Ἐφραίμ.

951 973 1103 1042 ραίμ.
2021 963 2110 1018 28.
2143 964 2289 1018 Beati
2338 964 2614 1033 Ephraim.

351 1065 453 1119 κδ’.
486 1065 591 1117 Τοῦ
627 1066 781 1133 ἁγίου
823 1066 1105 1133 Ἰγνατίου.

914 1066 1105 1119 mm...
2021 1052 2110 1104 29.
2147 1051 2332 1106 Sancti
2363 1053 2577 1122 lgnalii.

349 1154 415 1210 λ’,
452 1153 560 1206 Τοῦ
586 1155 735 1206 ὁσίου
768 1155 1130 1224 Ξενοφῶντος.

1064 1173 1130 1218 ,ς’
2021 1144 2112 1198 50.
2150 1145 2298 1199 Beati
2329 1146 2727 1216 Xenophontis.

346 1243 445 1298 λα’.
483 1245 590 1298 Τοῦ
629 1245 787 1312 ἁγίου
830 1246 1016 1317 Κύρου
1051 1247 1144 1299 καὶ
1190 1246 1459 1300 Ἰωάννου.

1198 1246 1459 1300 Ἰωάννου,
2021 1236 2111 1288 51.
2149 1235 2334 1290 Sancti
2365 1235 2491 1307 Cyri
2528 1248 2579 1291 et
2609 1237 2861 1293 Joannis.

717 1351 872 1402 MHN
911 1350 1405 1413 ΦΕΒΡΟΥΑΡΙΟΣ,
2365 1344 2380 1398 1

2365 1344 2618 1399 MENSIS
2656 1345 3115 1407 FEBRUARIUS.

341 1454 410 1510 α’.
452 1455 559 1509 Τοῦ
589 1456 745 1524 ἁγίου
779 1455 1056 1525 μάρτυρος
1088 1454 1384 1524 Τρύφωνος

1274 1472 1384 1517 ovo;
2021 1451 2073 1506 l.
2110 1451 2297 1506 Sancti
2319 1453 2576 1524 martyris
2605 1452 2937 1525 Tryphonis.

343 1545 412 1615 β’.
449 1546 543 1608 Εἰς
567 1545 664 1614 τὴν
685 1545 1008 1614 ὑπαπαντὴν
1039 1544 1135 1598 τοῦ
1167 1545 1387 1616 ὄρθρου.

1062 1544 1135 1598 ποῦ
1167 1545 1387 1616 ὀρθρου.
2018 1541 2073 1596 2.
2107 1541 2166 1596 ln
2189 1558 2421 1598 occursu
2455 1547 2725 1604 matutini.

349 1667 417 1679 ——
451 1639 546 1699 Είς
573 1639 671 1706 τὴν
700 1638 1068 1706 λειτουργίαν.

786 1654 947 1706 τουργ
962 1638 1068 1690 ίαν.
2021 1661 2088 1673 -
2129 1633 2182 1686 In
2210 1635 2445 1703 litnrgia.

351 1727 423 1794 γ’.
475 1727 581 1780 Τοῦ
610 1728 822 1781 δικαίου
847 1727 1095 1796 Συμεών.

855 1727 1095 1796 Συμεών.
2019 1725 2074 1778 5.
2104 1724 2248 1779 Justi
2274 1726 2518 1782 Simeon.

354 1819 417 1873 δ’.
460 1819 502 1871 Τ
505 1818 566 1872 οῦ
589 1819 736 1872 ὁσίου
781 1817 1051 1888 Ἰσιδὼρου
1077 1818 1171 1873 τοῦ
1199 1818 1606 1890 Πηλουσιώτου.
1873 1849 1922 1908 Β

1156 1819 1171 1872 5
1199 1818 1606 1890 Πηλουσιώτου.
1873 1849 1922 1908 Β
2019 1815 2072 1869 4.
2106 1814 2254 1871 Beati
2283 1816 2474 1872 lsidori
2509 1817 2819 1876 Pelusiotae.

340 1917 402 1963 ε’.
455 1911 567 1980 Τῆς
602 1911 763 1978 ἁγίας
785 1910 1048 1982 Ἀγὰθης.

922 1910 1048 1982 οης,
2019 1911 2071 1964 5.
2099 1909 2314 1966 Sancta:
2343 1913 2585 1983 Agatlne.

353 2010 428 2066 ς’.
467 2004 626 2057 Λείπ.

2019 1998 2074 2054 6.
2109 2001 2324 2056 Nullius
2353 2002 2411 2056 lit
2436 2005 2661 2057 mentio.

342 2093 411 2154 ζ’.
451 2093 556 2146 Τοῦ
583 2097 742 2163 ἁγίου
771 2097 1090 2167 Παρθενιου.

960 2114 1090 2152 νιου.
2023 2092 2074 2146 7.
2110 2093 2296 2147 Sancti
2327 2092 2623 2150 Parthenii.

344 2193 415 2255 η’.
455 2187 612 2240 Λείπ.

2018 2187 2073 2238 8.
2105 2185 2317 2241 Nullius
2349 2187 2405 2241 lit
2437 2191 2659 2244 mentio.

347 2277 412 2330 θ’,
445 2280 549 2332 Τοῦ
578 2281 733 2349 ἁγίου
767 2283 1038 2352 μάρτυρος
1066 2284 1405 2356 Νικηφάρου,
2020 2276 2073 2330 9.
2120 2277 2304 2332 Sancti
2339 2283 2597 2352 martyris
2622 2282 2933 2355 Nicephori.

347 2369 398 2424 ι’.
440 2371 544 2424 Τοῦ
572 2372 727 2441 ἁγίου
757 2375 1184 2444 Χαραλὰμπους.

1078 2393 1184 2438 ους,
2019 2368 2105 2422 10.
2144 2368 2329 2426 Sancti
2352 2373 2741 2445 Charalampii.

349 2470 438 2517 ια’.
478 2465 583 2517 Τοῦ
620 2466 775 2533 ἁγίου
805 2467 1197 2538 ίερομὰρτυρος
1228 2470 1480 2524 Βλασίου.

1304 2471 1480 2524 ασίου.
2018 2461 2106 2514 ll.
2145 2461 2332 2517 Sancti
2361 2469 2751 2536 sacromatyris
2778 2469 2961 2525 Blasii.

348 2555 440 2624 ιβ’.
489 2555 595 2609 Τοῦ
627 2559 784 2626 ἁγίου
818 2560 1106 2616 Μελετίου.

911 2560 1106 2616 λετίου.
2020 2553 2106 2604 l2.
2142 2551 2323 2609 Sancti
2352 2557 2574 2612 Melctii.

347 2655 438 2715 ιγ’.
475 2649 580 2701 Τοῦ
615 2652 762 2704 ὁσίου
792 2652 1180 2722 Μαρτινιανοῦ.

986 2654 1180 2707 νιανοῦ,
2146 2642 2290 2698 Beati
2318 2644 2649 2704 Martiniani.

347 2740 430 2793 ιδ’.
462 2742 567 2794 Τοῦ
595 2742 742 2796 ὁσίου
782 2744 1092 2809 Αὐξεντίου.

925 2745 1092 2800 ντιου,
2019 2731 2106 2785 M.
2138 2731 2284 2787 Beati
2310 2736 2587 2792 Auxentii.

347 2829 429 2884 ts'.
474 2831 579 2884 Τοῦ
612 2834 766 2898 ἁγίου
805 2835 1101 2889 ἀποστόλου
1145 2838 1455 2909 Ὀνησίμου.

1229 2839 1455 2909 “unum.
2023 2824 2107 2878 l5.
2145 2825 2329 2882 Sancti
2367 2833 2599 2899 apostoli
2628 2831 2892 2892 Oncsimi.

347 2928 439 2985 ις’.
492 2923 599 2975 Τοῦ
632 2924 784 2990 ἁγίου
818 2927 1126 2995 Παμφίλου,
1157 2930 1250 2981 καὶ
1285 2929 1393 2983 τῶν
1422 2915 1523 2984 σῦν
1549 2931 1722 3001 αὐτῷ.

1549 2931 1722 3001 αὐτῷ.
2020 2915 2106 2969 lb‘.
2148 2916 2332 2972 Sancti
2362 2919 2652 2990 Pamphili,
2680 2935 2734 2980 et
2759 2930 3032 2985 sociorum
3067 2931 3207 3002 ejus.

350 3010 433 3074 ιζ’.
476 3013 587 3081 Τῆς
610 3014 760 3077 ὁσίας
791 3017 1144 3087 Μαριὰμνης.

995 3036 1144 3087 In“.
2019 3011 2108 3064 l7.
2137 3009 2314 3067 Beata:
2346 3014 2658 3074 Mariannae.

347 3109 435 3172 ιη’.
477 3104 582 3155 Τοῦ
620 3105 765 3158 ὁσίου
790 3108 1014 3171 Λέοντος
1046 3110 1205 3162 πὰπσ.
1251 3109 1490 3180 Ῥώμης.

1296 3109 1490 3180 idm“.
2017 3102 2104 3156 l8.
2132 3103 2280 3158 Beati
2309 3105 2504 3163 Leonis
2532 3125 2680 3179 papa:
2709 3112 2959 3170 Romani.

349 3191 434 3247 t0'.
473 3194 594 3249 Τῶν
638 3195 810 3263 ἁγίων
857 3198 1151 3269 μαρτύρων
1192 3201 1470 3271 Μαξίμου,
1499 3204 1592 3255 καὶ
1617 3203 1724 3255 τῶν
1749 3203 1846 3256 σὺν
1871 3181 1916 3241 C

1871 3181 1916 3241 C
2023 3194 2106 3249 l9.
2138 3195 2467 3254 Sanctorum
2516 3213 2816 3274 martyrum
2863 3207 3082 3264 Maximi
3150 3220 3205 3266 et
3247 3212 3519 3270 sociorum

274 3284 442 3354 αὐτῷ.
1325 3349 1328 3352 Α
1948 3286 2090 3354 ejus.

346 3374 413 3430 κ’.
443 3374 548 3428 Τοῦ
573 3377 721 3430 ὁσίου
753 3379 1116 3448 Παφνουτίου.

978 3398 1001 3433 τ
1013 3381 1116 3436 iw.
2017 3375 2110 3430 20.
2135 3375 2283 3432 Beati
2327 3379 2641 3450 Paphnutii.

357 3469 461 3516 κα’.
495 3463 600 3517 Τοῦ
630 3466 776 3520 ὁσίου
811 3468 1103 3537 Τιμοθέου.
2017 3474 2020 3490 ⁴

944 3469 1103 3525 υθέΟυ,
2017 3465 2107 3520 21.
2140 3467 2286 3524 Beati
2315 3468 2607 3530 Timothei.

355 3551 459 3622 κβ’.
482 3553 603 3620 ,Τοῦ
631 3556 788 3623 ἁγίου
836 3557 1007 3628 Θωμᾶ
1041 3562 1403 3633 πατριάρχου.
2016 3568 2018 3579 ’

1303 3580 1403 3633 (ου,
2016 3556 2106 3611 22.
2149 3558 2332 3614 Sancti
2367 3560 2592 3620 Thoma:
2623 3569 2966 3636 patriarchae.

348 3649 452 3709 κγ’.
496 3645 599 3696 Τοῦ
628 3645 782 3712 ἁγίου
819 3647 1215 3720 ίερομὰρτυρος
1247 3653 1632 3723 Πολυκὰρπου.

1448 3655 1632 3723 ἱρπου,
2017 3649 2108 3703 23.
2145 3649 2329 3707 Sancti
2358 3661 2779 3730 sacromartyris
2807 3660 3111 3736 Polycarpi.

347 3734 442 3787 κδ’.
488 3736 550 3787 ἸΙ
578 3735 795 3806 εὕρεσις
827 3741 924 3809 τῆς
955 3741 1197 3812 κεφαλῆς
1229 3742 1324 3795 τοῦ
1359 3744 1699 3815 Προδρόμου.

1359 3744 1699 3815 Προδρόμου,
2014 3738 2106 3793 24.
2148 3738 2390 3794 Iuventio
2412 3746 2606 3814 capitis
2630 3747 3012 3807 Praecursoris.

352 3823 446 3877 κε’.
498 3827 603 3879 Τοῦ
635 3829 791 3896 ἁγίου
820 3831 1093 3901 Ταρασίου
1123 3837 1480 3905 πατριάρχου.

1294 3837 1480 3905 ἀρχου,
2017 3829 2107 3882 25.
2148 3832 2330 3886 Sancti
2359 3831 2571 3890 Tarasii
2614 3839 2955 3906 patriarchae.

351 3925 464 3982 κς’.
506 3920 613 3973 Τοῦ
645 3921 802 3992 ἁγίου
855 3925 1132 3997 μάρτυρος
1177 3929 1411 3994 Παπίου,
1443 3929 1541 3982 καὶ
1593 3928 1701 3981 τῶν
1749 3933 1847 3985 σὺν

1682 3949 1701 3981 ν
1749 3933 1847 3985 σὺν
2015 3920 2106 3976 26.
2139 3920 2325 3978 Sancti
2355 3928 2607 3998 martyris
2633 3927 2784 4000 Papii
2810 3942 2864 3987 et
2890 3932 3166 3990 sociorum
3203 3936 3345 4008 ejus.

280 4024 448 4078 αυτῳ.

351 4101 455 4163 κζ’.
493 4101 600 4155 Τοῦ
629 4104 786 4172 ἁγίου
815 4105 1144 4176 Πορφυρίου.

1010 4107 1144 4176 ρίου,
2015 4103 2105 4159 27.
2142 4101 2328 4160 Sancti
2367 4107 2673 4180 Porphyrii.

363 4190 468 4259 κη’.
518 4193 623 4245 Τοῦ
651 4194 799 4246 ὁσίου
829 4197 923 4248 καὶ
961 4197 1294 4269 ὁμολογητοῦ
1329 4201 1631 4261 Βασιλείου.
2015 4194 2026 4247 ε

1218 4199 1294 4252 τοῦ
1329 4201 1631 4261 Βασιλειου,
2015 4193 2104 4250 28.
2136 4193 2282 4251 Bcati
2314 4200 2650 4255 confessoris
2675 4200 2881 4258 Basilii.

798 4324 954 4377 MHN
991 4325 1316 4382 ΜΑΡτιοΣ.
2423 4321 2461 4377 ιι

2423 4321 2675 4380 MENSIS
2704 4325 3035 4386 MARTIUS.

348 4435 419 4481 σι’.
466 4429 576 4500 Τῆς
615 4431 779 4499 ἁγίας
826 4434 1102 4505 μάρτυρος
1142 4435 1427 4501 Εῦὸοκίας.

1232 4435 1427 4501 Βοκίας,
2022 4430 2072 4483 l.
2099 4429 2308 4485 Sancta:
2336 4433 2586 4502 martyris
2618 4434 2895 4491 Eudoxiae.

351 4519 417 4588 β’.
462 4521 620 4573 Λείπ.
1873 4507 1927 4566 Ῑ)

1873 4507 1927 4566 Ῑ)
2021 4521 2076 4575 2.
2113 4522 2323 4578 Nullius
2353 4524 2411 4577 lit
2446 4527 2667 4583 mentio.

352 4609 424 4678 γ’.
461 4611 565 4664 Τοῦ
604 4613 763 4680 ἁγίου
798 4614 1144 4672 Βασιλίσκου.

940 4616 1144 4672 λισκου.
2022 4614 2075 4668 5.
2111 4615 2296 4668 Sancti
2337 4615 2603 4671 Basilisci.

353 4701 415 4753 δ’.
455 4701 560 4754 Τοῦ
589 4705 735 4757 ὁσίου
777 4704 1051 4776 Ἦσυχίου.
1528 4736 1535 4741 ·

898 4707 1051 4776 ιχίου.
1528 4736 1535 4741 -
2021 4704 2076 4759 4.
2108 4703 2255 4758 Beati
2285 4704 2561 4776 llesychii.

355 4799 414 4845 ε’.
445 4793 552 4845 Τοῦ
587 4795 740 4861 ἁγίου
772 4798 1039 4859 Κόνωνος.

908 4816 1039 4859 υνος.
2024 4794 2076 4849 5.
2110 4794 2291 4850 Sancti
2313 4797 2571 4854 Cononis.

350 4892 424 4947 ς’.
452 4886 572 4941 Τῶν
602 4888 772 4955 ἁγίων
806 4888 895 4959 μβ⁸
923 4891 1234 4961 μαρτύρων.

2021 4883 2074 4937 6.
2105 4885 2425 4940 Sanctorum
2494 4890 2724 4943 duorum
2789 4900 2841 4945 et
2904 4894 3261 4970 quadraginta
3320 4910 3517 4972 marty-

1952 4992 2095 5034 rum.

366 5067 428 5133 C'.
468 5069 588 5122 Τῶν
618 5071 789 5139 ἁγίων
822 5071 865 5136 ζ’
898 5073 1005 5127 τῶν
1037 5075 1093 5128 iv
1130 5075 1378 5144 Χερσῶνι
1410 5079 1741 5135 ἐπισκόπων.
2025 5074 2029 5090 ¹

2025 5073 2074 5127 7.
2110 5074 2429 5129 Sanctorum
2490 5086 2692 5147 septem
2751 5079 2806 5132 in
2875 5080 3153 5137 Chersone
3229 5084 3519 5154 episcopo-

1954 5183 2096 5222 rum.

354 5253 423 5322 η’.
463 5253 568 5306 Τοῦ
603 5255 750 5306 ὁσίου
783 5255 1182 5326 Θεοφυλάκτου.

1046 5276 1182 5316 ιιτου.
2025 5261 2076 5313 8.
2109 5258 2255 5314 Beati
2297 5259 2709 5332 Theophylacti.

356 5343 419 5396 θ’.
455 5343 576 5396 Τῶν
605 5345 773 5413 ἁγίων
807 5342 879 5416 μ’.

2021 5352 2074 5408 9.
2107 5351 2427 5408 Sanctorum
2469 5354 2858 5428 Quadraginta.

370 5433 418 5488 ι’.
452 5433 557 5486 Τοῦ
587 5436 744 5502 ἁγίου
785 5437 1061 5510 μάρτυρος
1092 5443 1391 5514 Κοὸρὰτου.
2025 5453 2033 5498 1

1225 5443 1391 5500 icit-00.
2025 5446 2112 5500 l0.
2143 5445 2329 5499 Sancti
2367 5449 2624 5518 martyris
2649 5451 2888 5504 Codrali.

358 5521 445 5575 ια’.
492 5523 596 5576 Τοῦ
630 5525 784 5592 ἁγίου
815 5529 1126 5596 Σωφρονίου
1157 5536 1514 5606 πατριάρχου.

1338 5536 1514 5606 ίρχου.
2024 5539 2111 5592 Η.
2139 5537 2319 5591 Sancti
2346 5538 3001 5611 Sophronii-patriarchaz.

362 5613 448 5684 ιβ’.
493 5616 597 5668 Τοῦ
630 5617 789 5683 ἁγίου
828 5620 1155 5691 Θεοφάνους.

1070 5642 1155 5688 υς,
2025 5629 2111 5683 l2.
2155 5629 2338 5682 Sancti
2368 5629 2733 5696 Theophanis.

368 5707 458 5775 ιγ’.
510 5709 613 5761 Τοῦ
643 5711 797 5779 ἁγίου
829 5713 1078 5771 Σαϐίνου.
2025 5733 2031 5772 έ

919 5715 1078 5771 ὅίνου.
2025 5721 2112 5774 13.
2155 5721 2338 5775 Sancti
2374 5723 2582 5777 Sabini.

370 5797 447 5852 ιδ’.
495 5801 655 5854 Λείπ.
2027 5823 2033 5865 4

2027 5813 2114 5868 Η.
2145 5813 2300 5869 Nulla
2335 5817 2557 5872 mentio.
