4212 6432
737 354 883 416 1319
1495 347 1887 407 OPUSCULA
1932 345 2348 406 1.1TURGICA
2387 347 2735 408 INCERT/E
2765 348 3078 413 x‘ETATIS.

806 477 894 527 lii.
933 473 1114 524 Terra:
1151 484 1352 521 monts.

803 565 892 617 16.
925 561 1078 616 Nulla
1131 560 1354 613 mentio.

806 657 894 710 17.
933 654 1180 708 Hominis
1211 652 1303 705 Dei
1325 651 1517 704 Alexii.

805 749 893 801 18.
925 746 1106 800 Sancti
1131 743 1317 814 Cyrilli
1348 739 1810 812 Jerosolymitani.

806 841 893 893 19.
927 838 1252 891 Sanctorum
1282 835 1572 907 Chryranti
1604 843 1658 887 et
1689 831 1884 887 Dariw.

801 932 892 984 20.
926 928 1080 984 anla
1119 928 1343 982 mentio.

805 1022 895 1075 21.
936 1017 1095 1074 Nulla
1123 1019 1346 1073 mentio.

803 1113 896 1167 22.
936 1111 1120 1166 Sancti
1144 1110 1557 1180 sacromartyris
1588 1109 1794 1165 Basilii.

805 1206 894 1260 23.
929 1202 1085 1257 Nulla
1115 1202 1338 1256 mentio.

805 1295 897 1348 21.
925 1293 1080 1346 Nulla
1110 1291 1333 1346 mentio.

804 1385 897 1440 25.
927 1383 1285 1438 Annuntiatio
1312 1383 1581 1452 Deipam.

799 1508 874 1519 —
903 1477 1234 1547 ln,liturgia.

804 1569 895 1623 26.
935 1568 1092 1623 Nulla
1119 1568 1344 1622 mentio.

803 1663 893 1717 27.
929 1661 1142 1716 Sancta:
1163 1659 1442 1716 Matrona.

805 1755 898 1808 28.
925 1753 1076 1807 Nulla
1104 1754 1325 1806 mentio.

805 1845 893 1899 29.
929 1842 1085 1897 Nulla
1123 1844 1350 1898 mentio.

809 1940 900 1991 50.
935 1937 1119 1992 Sancti
1145 1936 1374 1991 Joannis
1390 1933 1641 1990 Cinnaci.

807 2033 898 2087 51.
931 2031 1089 2087 Nulla
1121 2030 1345 2086 mentio.

1219 2137 1470 2193 MENSIS
1521 2136 1816 2193 APRILIS.

807 2256 860 2308 1.
884 2255 1063 2309 Beate
1088 2251 1294 2308 Marias.

803 2348 858 2402 2.
887 2345 1214 2401 Sanctorum
1239 2345 1530 2415 Amphiani
1581 2355 1636 2401 et
1669 2343 1875 2399 Edesii.

806 2441 862 2496 ‘5.
889 2437 1043 2492 Nulla
1073 2437 1298 2491 mentio.

802 2535 855 2585 4.
892 2530 1077 2584 Sancti
1101 2528 1365 2583 Tlteoduli
1399 2537 1454 2583 et
1474 2531 1746 2584 sociorum
1770 2530 1912 2598 ejus.

800 2625 851 2676 5.
891 2621 1044 2676 Nulla
1070 2622 1295 2675 mentio.

805 2717 858 2769 6.
904 2715 1087 2768 Sancti
1116 2713 1364 2785 Eutyehii
1394 2712 1738 2784 patriarehze.

807 2808 860 2860 7.
895 2807 1083 2860 Sancti
1118 2805 1321 2859 Rulini.

803 2898 855 2951 8.
887 2895 1214 2951 Sanctorum
1261 2895 1637 2965 apostolorum
1736 2890 1857 2947 Ruﬁ
1928 2903 1983 2948 ct
2040 2893 2314 2951 sociorum

732 2990 877 3058 eius.
988 3034 990 3036 τ

804 3083 857 3137 9.
898 3080 1052 3134 Nulla
1076 3081 1303 3135 mentio.

811 3177 891 3229 tt).
928 3173 1115 3228 Sancti
1154 3173 1410 3243 martyris
1433 3171 1696 3231 Terentii.

804 3265 892 3319 11.
922 3263 1107 3318 Sancti
1145 3262 1380 3332 Antipze.

803 3357 889 3409 12.
923 3355 1078 3408 Nulla
1111 3356 1335 3409 mentio.

801 3451 887 3503 13.
926 3447 1082 3502 Nulla
1111 3447 1341 3501 mentio.

805 3542 892 3595 14.
924 3539 1084 3594 Nulla
1124 3541 1348 3593 mentio.

805 3634 894 3688 15.
930 3631 1086 3686 Nulla
1120 3632 1340 3686 mentio.

804 3724 890 3778 16.
927 3723 1140 3778 Sancta:
1171 3724 1404 3793 Agapes,
1432 3734 1485 3778 et
1514 3725 1788 3780 sociarum
1814 3725 1956 3795 ejus.

799 3816 887 3869 17.
924 3814 1080 3869 Nulla
1117 3816 1341 3869 mentio.

799 3907 889 3962 18.
921 3905 1106 3960 Sancti
1147 3904 1356 3960 Jacobi.

804 3999 890 4054 19.
928 3999 1083 4052 Nulla
1109 4001 1333 4053 mentio.

802 4091 893 4146 20.
930 4091 1085 4144 Nulla
1110 4093 1336 4147 mentio.

801 4183 864 4237 21
879 4221 894 4237 .
927 4183 1085 4236 Nulla
1114 4185 1338 4238 mentio.

799 4274 889 4328 22.
918 4275 1062 4329 Beati
1089 4274 1360 4330 Theodori
1384 4275 1605 4332 Siceoti.

801 4366 889 4420 23.
923 4365 1105 4420 Sancti
1139 4377 1393 4436 martyris
1423 4369 1662 4438 Georgii.

797 4456 888 4508 24.
924 4453 1079 4508 Nulla
1110 4456 1333 4509 mentio.

787 4544 880 4597 25.
918 4543 1101 4599 Sancti
1124 4547 1360 4614 apostoli
1395 4545 1584 4601 Marci.

791 4637 883 4687 26.
915 4634 1100 4690 Sancti
1138 4639 1555 4708 sacromartyris
1588 4638 1791 4694 Basilii.

797 4727 885 4783 27.
920 4726 1078 4781 Nulla
1105 4729 1329 4781 mentio.

797 4815 883 4872 28.
927 4818 1088 4871 Nulla
1119 4819 1346 4876 mentio.

794 4910 887 4964 29.
925 4909 1113 4964 Sancti
1143 4909 1362 4967 Sitneon
1399 4915 1617 4982 cognati
1647 4913 1878 4969 Domini.

793 4998 885 5054 50.
917 4999 1104 5054 Sancti
1134 4999 1324 5056 Jacobi
1374 5004 1557 5057 fratris
1591 5003 1707 5057 Dei.

1240 5110 1495 5166 )lENSlS
1549 5111 1786 5168 MAIUS.

797 5215 849 5267 l.
882 5211 1065 5268 Sancti
1101 5215 1374 5285 propheta:
1395 5215 1662 5271 Jcremiae.

787 5305 841 5358 2.
873 5305 1061 5360 Sancti
1094 5307 1402 5362 Athanasii.

793 5397 845 5448 3.
877 5396 1061 5449 Sancti
1095 5399 1347 5467 martyris
1375 5398 1666 5456 Timothei.

792 5488 843 5540 ιι.
874 5486 1026 5541 Nulla
1051 5490 1278 5544 mentio.

796 5579 847 5630 5.
882 5577 1034 5632 Nulla
1069 5581 1295 5646 mentio,

794 5669 847 5722 6.
876 5667 1013 5726 Justi
1043 5669 1165 5724 Job.

793 5755 844 5810 7.
872 5758 1029 5815 Nulla
1057 5761 1280 5816 mentio.

2343 469 2385 522 Α
2497 463 2579 519 ιε’.
2615 465 2722 517 Τοῦ
2755 467 3004 537 σεισμοῦ.

2465 553 2566 618 ις’.
2605 555 2766 610 Acin.

2482 648 2570 710 ιζ’.
2616 647 2722 701 Τοῦ
2751 648 3041 717 ἀνθρώπου
3068 651 3159 702 τοῦ
3189 649 3325 701 θεοῦ
3373 651 3634 726 Ἀλεξίου.

2485 738 2578 807 ιη’.
2608 739 2716 793 Τοῦ
2741 741 2896 809 ἁγίου
2926 742 3198 811 Κυρί).λου
3242 742 3763 811 Ἱεροσολυμιτὰνου.

2493 829 2580 885 tO'.
2611 832 2733 884 Τῶν
2765 833 2934 902 ἁγίων
2961 835 3279 903 Χρυσὰνοου
3314 835 3406 886 καὶ
3427 836 3678 904 Δαρείας.

2498 921 2567 978 κ’.
2605 927 2765 981 Acin.

2486 1016 2593 1070 καί.
2623 1018 2785 1072 Acin.

2497 1107 2600 1179 κβ’.
2632 1109 2739 1162 Τοῦ
2771 1111 2928 1179 ἁγίου
2959 1106 3348 1184 ἱεμμὰρτυρος
3387 1110 3690 1164 Βασιλείου.

2484 1207 2591 1268 κγ’.
2630 1203 2791 1256 Acin.

2493 1291 2592 1347 κδ’.
2622 1295 2781 1348 Acin.

2481 1382 2577 1436 κε’.
2628 1385 2686 1438 ’0
2718 1386 3113 1457 εὐαγγελισμὸς
3142 1389 3241 1458 τῆς
3270 1390 3553 1443 Θεοτόκου.

2623 1479 2703 1539 είς
2739 1479 2836 1547 τὴν
2862 1479 3224 1550 λειτουργίαν.

2483 1572 2596 1631 σις’.
2623 1567 2784 1622 Acin.

2498 1662 2601 1724 κζ’.
2657 1660 2765 1730 Τῆς
2800 1661 2964 1726 ἁγίας
3009 1661 3337 1732 Ματρὼνας.

2485 1752 2595 1821 κη’.
2625 1753 2787 1810 Acin.

2491 1846 2594 1900 20'.
2627 1846 2786 1901 Acin.

2487 1938 2552 1991 λ’.
2585 1937 2693 1993 Τοῦ
2720 1941 2875 2010 ἁγίου
2919 1941 3166 1996 Ἰωὰννου
3192 1943 3289 2012 τῆς
3319 1942 3624 2012 Κλίμακος.

2489 2029 2590 2085 λα’.
2629 2031 2790 2086 Acin.

2912 2141 3066 2194 MHN
3109 2143 3496 2196 ΑΠΡΙΛΛΙΟΣ.

2489 2246 2559 2302 α’.
2603 2249 2716 2320 Τῆς
2746 2251 2903 2312 ὁσίας
2931 2251 3171 2319 Μαρίας.

2486 2341 2553 2410 β’.
2589 2341 2713 2394 Τῶν
2741 2343 2913 2412 ἁγίων
2947 2343 3269 2414 Ἀμφιανοῦ,
3304 2347 3397 2398 καὶ
3437 2347 3711 2402 Ἐδεσίου.

2486 2441 2558 2503 γ’.
2587 2435 2747 2490 Acin.

2486 2524 2548 2580 δ’.
2579 2526 2688 2580 Τοῦ
2718 2528 2876 2595 ἁγίου
2904 2527 3221 2590 Θεοδούλου.
3259 2533 3354 2584 καὶ
3383 2532 3488 2584 τῶν
3518 2533 3618 2584 σὺν
3647 2535 3818 2604 αὐτῷ.

2489 2615 2551 2672 ε’.
2595 2619 2758 2674 Acin.

2488 2706 2564 2772 ς’.
2611 2709 2719 2764 Τοῦ
2749 2709 2905 2778 ἁγίου
2934 2711 3198 2781 Εὖτυχίου
3231 2716 3593 2783 πατριάρχου.

2489 2799 2553 2866 ζ’.
2591 2801 2699 2855 Τοῦ
2728 2803 2883 2870 ἁγίου
2921 2802 3226 2870 Ῥουφίνου.

2500 2890 2572 2961 η’.
2623 2893 2746 2947 Τῶν
2782 2895 2957 2962 ἁγίων
2997 2895 3311 2948 ἀποστόλων
3350 2894 3574 2964 Ῥο-ᾷφου
3616 2897 3711 2949 καὶ
3740 2898 3850 2950 τῶν

2416 2982 2587 3052 αὐτῷ.

2502 3073 2568 3127 0'.
2621 3074 2783 3130 Acin.

2339 3145 2386 3212 Ο
2498 3171 2550 3220 t'.
2582 3165 2690 3257 Τοῦ
2723 3167 2884 3235 ἁγίου
2915 3167 3192 3238 μάρτυρος
3220 3171 3531 3240 Τερεντίου.

2497 3264 2582 3311 ια’.
2611 3257 2721 3312 Τοῦ
2749 3259 2907 3328 ἁγίου
2943 3262 3185 3315 Ἀντίπα.

2487 3348 2578 3420 ιβ’.
2612 3351 2772 3405 Acin.

2487 3445 2554 3510 ιγ’
2566 3482 2580 3496 .
2611 3441 2772 3496 Acin.

2489 3533 2570 3589 ιδ’.
2611 3533 2770 3588 Acin.

2484 3621 2566 3678 ιε’.
2606 3623 2768 3678 Acin.

2485 3713 2587 3779 ις’.
2630 3714 2744 3786 Τῆς
2768 3717 2929 3786 ἁγίας
2968 3720 3238 3790 ’Δγάπης,
3271 3722 3364 3774 καὶ
3390 3721 3498 3775 τῶν
3529 3725 3626 3777 σὺν
3653 3725 3817 3796 αὐτῇ.

2486 3806 2573 3870 ιζ’.
2619 3809 2781 3861 Acin.

2487 3899 2578 3967 ιη’.
2623 3900 2730 3953 Τοῦ
2763 3902 2919 3970 ἁγίου
2961 3903 3241 3959 Ἰακώεου.

2485 3991 2572 4048 ιδ’.
2599 3993 2762 4047 Acin.

2491 4093 2562 4141 κ’.
2596 4088 2757 4142 Acin.

2487 4187 2594 4235 κα’.
2643 4182 2802 4236 Acin.

2477 4271 2584 4342 κβ’.
2620 4273 2726 4326 Τοῦ
2761 4275 2908 4326 ὁσίου
2943 4275 3219 4346 Θεοδώρου
3256 4279 3550 4334 Σικεὼτου.

2494 4361 2600 4430 κγ’.
2641 4362 2748 4415 Τοῦ
2785 4365 2942 4432 ἁγίου
2969 4365 3246 4438 μάρτυρος
3269 4368 3309 4419 Γ
3311 4371 3564 4438 εωργίου.

2491 4454 2587 4507 κδ’.
2631 4455 2790 4508 Acin.

2490 4544 2585 4600 κε’.
2626 4546 2732 4600 Τοῦ
2758 4549 2915 4615 ἁγίου
2939 4549 3243 4603 ἀποστόλου
3273 4551 3503 4620 Μάρκου

2487 4644 2600 4703 κςν.
2638 4640 2744 4692 Τοῦ
2778 4641 2934 4709 ἁγίου
2961 4642 3358 4713 ίερομάρτυρος
3385 4643 3693 4702 Βασιλιίου.

2493 4731 2597 4793 κζ’.
2642 4731 2804 4785 Acin.

2485 4827 2589 4891 κη’.
2617 4821 2776 4873 Acin.

3855 350 3995 412 1320

2476 4908 2579 4963 10'.
2608 4911 2714 4964 Τοῦ
2742 4911 2899 4979 ἁγίου
2927 4912 3155 4982 Συμεὼν
3175 4913 3269 4968 τοῦ
3303 4917 3602 4985 συγγενοῦς
3631 4919 3726 4972 τοῦ
3759 4923 3980 4992 Κυρίου.

2485 5001 2550 5057 λ’.
2595 5002 2702 5056 Τοῦ
2729 5004 2885 5072 ἁγίου
2929 5004 3185 5058 Ἰακώόου
3215 5008 3310 5060 τοῦ
3338 5009 3569 5080 ἀδελφοῦ
3600 5013 3762 5068 Θεοῦ.

2979 5115 3136 5168 MHN
3167 5118 3401 5172 ΜΔΙΟΣ.

2474 5237 2546 5276 α.
2587 5219 2694 5273 Τοῦ
2723 5222 2881 5290 ἁγίου
2914 5228 3196 5295 προφήτου
3240 5227 3526 5298 Ἰερεμίου.

2481 5310 2551 5383 β’.
2595 5312 2703 5365 Τοῦ
2740 5314 2896 5382 ἁγίου
2932 5316 3276 5373 Ἀθανασίου.

2480 5401 2550 5470 γ’.
2599 5404 2706 5458 Τοῦ
2733 5405 2893 5477 ἁγίου
2921 5411 3199 5482 μάρτυρος
3229 5412 3520 5482 Τιμοθέου).

2465 5493 2530 5549 δ’.
2562 5497 2724 5551 Acin.

2470 5594 2530 5643 c'.
2563 5590 2722 5644 Acin.

2471 5689 2546 5745 ς’.
2581 5684 2688 5738 Τοῦ
2717 5685 2926 5740 δικαίου
2966 5687 3085 5741 ’1ώ6

2469 5777 2535 5839 ζ’.
2570 5778 2730 5833 Acin.
