4212 6432
751 373 897 437 1323
1505 379 1891 439 OI’USCUIA
1940 381 2354 442 LI'I‘URGICA
2401 385 2745 448 lNCERT/E
2787 392 3089 453 .‘E'l‘A'l‘lS'.

1286 489 1539 544 MENSIS
1565 491 1828 546 JL'lJllS.

819 608 866 654 t.
905 602 1230 657 Sanctorum
1264 617 1681 672 anargyrorum.

812 696 867 748 2.
905 695 1234 750 Veneranda!
1267 696 1454 750 vestis.

811 789 867 841 5.
899 786 1056 841 Nulla
1091 787 1316 841 mentio.

811 879 864 933 4.
895 878 1042 932 Beati
1073 878 1303 933 Andreae
1333 877 1630 933 Cretensis.

802 972 855 1023 5.
888 969 1077 1024 Sancti
1106 971 1340 1040 apostoli
1373 969 1680 1023 Fortunati.

808 1062 861 1116 6.
895 1061 1050 1117 Nulla
1070 1061 1296 1124 mentio.

809 1156 858 1208 7.
899 1153 1056 1209 Nulla
1090 1156 1316 1208 mentio.

808 1253 861 1298 tt.
899 1247 1083 1300 Sancti
1118 1247 1373 1316 martyris
1406 1245 1670 1312 l'roc0pii.

809 1339 863 1389 9.
896 1336 1080 1389 Sancti
1117 1336 1415 1390 Pancratii.

810 1427 895 1480 10.
937 1426 1266 1481 Sanctorum
1315 1426 1557 1497 quinque
1596 1434 1649 1479 et
1693 1423 2055 1495 quadraginta
2103 1434 2308 1497 marty-

725 1534 874 1574 'rum.

801 1609 887 1666 11.
921 1608 1132 1663 Sancta:
1159 1608 1408 1678 martyris
1432 1607 1765 1678 Eupltemite.

805 1701 892 1754 1'2.
925 1700 1083 1754 Nulla
1112 1701 1332 1752 mentio.

805 1791 894 1845 15.
927 1789 1083 1842 Nulla
1113 1789 1337 1844 mentio.

806 1882 886 1936 14.
919 1882 1241 1936 Sanctorum
1270 1882 1636 1953 apostolorum
1663 1884 1870 1953 Aquilae
1896 1895 1948 1938 et
1977 1883 2149 1939 Si.....

798 2068 886 2122 15.
916 2067 1098 2123 Sancti
1132 2068 1308 2140 Ciryci
1336 2079 1387 2124 et
1411 2068 1633 2125 Julitue.

794 2161 878 2215 16.
915 2160 1098 2216 Sancti
1135 2163 1390 2233 martyris
1424 2164 1813 2234 Athenoge'nis.

798 2255 883 2307 l7.
918 2253 1132 2308 Sanctae
1164 2253 1423 2322 martyris
1448 2253 1687 2309 Marium.

793 2348 879 2402 18.
915 2345 1101 2401 Sancti
1139 2345 1438 2401 Emiliani.

798 2443 884 2497 19.
919 2441 1069 2496 Beati
1095 2439 1180 2495 Dii
1215 2449 1271 2495 et
1301 2438 1541 2495 Marium.

792 2532 881 2588 20.
922 2530 1106 2588 Sancti
1141 2528 1290 2584 Elite.

789 2627 880 2680 ‘21.
918 2626 1104 2681 Sancti
1139 2625 1361 2682 Simeon
1386 2627 1518 2682 Sali.

790 2719 883 2772 ‘22.
920 2719 1104 2772 Sancti
1137 2721 1390 2789 martyris
1426 2717 1639 2772 Pltocar.

786 2809 878 2861 ‘23.
912 2807 1098 2862 Sancti
1131 2809 1385 2879 martyris
1409 2806 1712 2874 Trnpliitni.

791 2900 883 2955 24.
917 2899 1130 2954 Sanctae
1162 2900 1420 2969 martyris
1442 2899 1754 2954 Cltristinaa.

790 3085 882 3141 9.5.
919 3083 1074 3138 Nulla
1106 3083 1336 3137 mentio.

791 3176 881 3230 26.
923 3173 1106 3230 Sancti
1141 3173 1594 3228 Pantclcemonis.

789 3267 878 3320 27.
905 3266 1293 3336 Apostolorum
1331 3265 1548 3320 Procori
1576 3272 1626 3319 et
1657 3261 1957 3319 Nicanoris.

790 3359 879 3412 ‘28.
920 3359 1105 3413 Sancti
1143 3359 1398 3428 martyris
1426 3357 1696 3411 Callinici.

787 3455 878 3508 29.
915 3452 1246 3507 Sanctorum
1277 3452 1402 3505 Sila:
1430 3463 1484 3505 ct
1507 3449 1745 3520 Sylvani.

785 3544 874 3600 50.
909 3543 1064 3598 Nulla
1099 3545 1324 3598 mentio.

1169 3667 1418 3722 ΜΕΝδῶ
1454 3667 1640 3723 AUGU
1653 3667 1733 3721 ST
1747 3666 1850 3720 l'S.

786 3784 834 3836 1.
869 3781 1332 3836 Macltabazorum.

782 3876 834 3929 ιι.
873 3875 1055 3930 Sancti
1081 3874 1497 3945 protomartyris
1521 3872 1802 3943 Stephani.

785 3997 856 4007 —
894 3966 1090 4022 Eadem
1140 3967 1268 4034 die,
1327 3975 1638 4021 sanctorum
1716 3972 1920 4033 septem
2002 3977 2290 4032 puerortnn

719 4058 940 4128 Ephesi.

879 4150 1025 4204 Beati
1057 4152 1226 4220 patris
1259 4150 1431 4206 nostri
1465 4149 1723 4204 Dalmatt.

786 4245 839 4297 4.
874 4242 1087 4298 Sancta:
1124 4244 1378 4313 martyris
1408 4241 1661 4296 Eudocia:

791 4333 843 4387 5.
873 4333 1057 4387 Sancti
1097 4333 1358 4403 Eusignii.

797 4426 850 4478 6.
887 4425 1316 4494 Transﬁguratio
1341 4425 1394 4477 in
1423 4423 1708 4477 matutino.
1745 4421 1803 4475 ln
1839 4421 2075 4491 liturgia.

787 4610 838 4662 7.
871 4608 1025 4662 Nulla
1053 4609 1280 4661 tncntio.

789 4698 839 4751 8.
879 4698 1063 4751 Sancti
1097 4696 1397 4750 IEtniliani.

786 4789 839 4842 9.
879 4787 1060 4841 Sancti
1087 4787 1317 4856 apostoli
1356 4786 1611 4840 Matthiae.

793 4882 875 4931 10.
913 4880 1095 4932 Sancti
1123 4879 1422 4933 Laurentii.

792 4972 876 5023 11.
913 4970 1068 5024 Nulla
1113 4971 1336 5024 tncntio.

789 5060 876 5111 12.
913 5059 1240 5112 Sanctornm
1273 5059 1450 5114 Pltotii
1476 5069 1528 5115 c1
1561 5062 1794 5119 Aniceti.

794 5153 880 5206 13.
920 5151 1064 5206 Beati
1097 5151 1337 5206 Maximi.

786 5245 871 5299 11.
910 5243 1064 5299 anla
1097 5248 1320 5301 mentio.

792 5339 876 5394 15.
907 5338 1281 5395 Sanctissima:
1325 5338 1589 5411 Virginis.
1633 5343 1684 5396 in
1719 5344 2008 5399 matutino.
2044 5343 2098 5399 In
2129 5347 2284 5400 litnr-

716 5449 819 5500 κω.

786 5525 870 5579 16.
911 5525 1095 5580 Sancti
1127 5524 1421 5581 Diomedis.

788 5617 874 5670 17.
909 5619 1092 5672 Sancti
1123 5617 1382 5690 Myronis.

783 5710 868 5763 18.
904 5709 1089 5764 Sancti
1114 5709 1258 5765 Flori
1293 5719 1349 5766 et
1375 5709 1566 5768 Lauri.

781 5803 868 5858 19.
905 5800 1089 5856 Sancti
1116 5806 1371 5875 martyris
1394 5804 1645 5860 Andreae.

2954 504 3110 556 MHN
3149 505 3444 560 1οΥΛ1οΣ.

2494 607 2564 661 α’.
2595 609 2716 662 Τῶν
2752 613 2921 681 ἁγίων
2960 615 3306 686 ἁναργύρων.

2489 697 2556 768 β’.
2585 700 2696 768 Τῆς
2720 705 2910 775 τιμίας
2935 706 3182 776 ἐσθῆτος.

2487 795 2557 853 γ’.
2585 792 2748 844 Λείπ.

2487 883 2549 936 δ’.
2581 882 2689 935 Τοῦ
2712 884 2862 938 όσίου
2899 887 3148 957 Ἀνδρέου
3182 891 3427 962 Κρήτης.

2489 973 2551 1026 ε’.
2580 975 2686 1028 Τοῦ
2718 977 2877 1047 ἁγίου
2913 981 3210 1034 ἀποστόλου
3236 985 3660 1056 Φουρτουνὰτου.

2487 1065 2559 1131 ς’.
2584 1071 2744 1125 Acin.

2488 1160 2554 1220 ζ’.
2591 1161 2751 1213 Λείπ.

2485 1250 2556 1316 η’.
2588 1250 2694 1303 Τοῦ
2721 1253 2875 1318 ἁγίου
2906 1256 3179 1328 μάρτυρος
3206 1261 3531 1328 Προκοπίου.

2485 1339 2550 1393 θ’.
2578 1339 2684 1392 Τοῦ
2713 1342 2868 1410 ἁγίου
2891 1345 3263 1417 Παγκρατίου.

2493 1438 2550 1484 ι’.
2590 1433 2711 1486 Τῶν
2736 1435 2906 1501 ἁγίων
2944 1443 3027 1506 με’
3061 1439 3374 1510 μαρτύρων.

2484 1630 2569 1667 ια.
2614 1615 2723 1684 Τῆς
2756 1617 2919 1686 ἁγίας
2954 1619 3230 1690 μάρτυρος
3266 1623 3572 1693 Εὐφημίας.

2484 1705 2569 1772 θβ’.
2609 1707 2767 1761 Λείπ.

2509 1800 2597 1866 ιγ’.
2635 1804 2793 1858 Acin.

2339 1882 2381 1936 Β
2485 1893 2563 1948 ιδ’.
2591 1895 2712 1948 Τῶν
2733 1898 2901 1965 ἁγίων
2925 1901 3237 1956 ἀποστόλων
3269 1903 3465 1957 Ἀκύλα
3492 1906 3584 1960 καὶ
3607 1907 3737 1961 Σι...
3765 1906 3986 1976 (Super-

2402 1983 2599 2050 scripta
2628 1985 2802 2040 littera
2830 1988 2914 2058 μ.)

2477 2078 2558 2124 ιε’.
2591 2073 2697 2126 Τοῦ
2721 2075 2876 2143 ἁγίου
2902 2079 3157 2150 Κηρῦκου
3182 2084 3277 2137 καὶ
3307 2085 3612 2156 Ἰουλίττης.

2474 2163 2568 2222 ις’.
2589 2157 2695 2211 Τοῦ
2729 2161 2883 2228 ἁγίου
2921 2167 3195 2238 μάρτυρος
3238 2169 3639 2241 ’Δθηνογένους.

2474 2247 2558 2310 ιζ’.
2599 2248 2708 2318 Τῆς
2740 2250 2900 2317 ἁγίας
2927 2240 3203 2325 μάρτυρος
3232 2240 3503 2330 Μαρίνας.

2475 2336 2564 2406 ιη’.
2605 2340 2712 2392 Τοῦ
2734 2341 2891 2409 ἁγίου
2921 2345 3264 2414 Αἰμιλιανοῦ.

2472 2430 2560 2483 ιθ’.
2595 2431 2701 2484 Τοῦ
2733 2434 2881 2487 ὁσίου
2903 2437 3026 2489 Δίου
3063 2440 3156 2493 καὶ
3183 2441 3449 2513 Μαρίνας.

2471 2528 2536 2575 κ’.
2565 2523 2671 2576 Τοῦ
2702 2524 2855 2591 ἁγίου
2894 2527 3096 2583 Ἠλίου.

2471 2611 2575 2664 κα’.
2604 2614 2711 2667 Τοῦ
2753 2618 2906 2684 ἁγίου
2941 2619 3166 2688 Συμεὼν
3194 2622 3288 2674 τοῦ
3311 2624 3500 2678 Σαλοῦ.

2469 2703 2574 2773 κβ¹.
2601 2707 2643 2758 Τ
2645 2705 2705 2758 οῦ
2732 2708 2886 2775 ἁγίου
2919 2711 3195 2781 μάρτυρος
3223 2715 3402 2768 Φωκᾶ.

2468 2791 2574 2860 κγ’.
2611 2791 2716 2847 Τοῦ
2747 2797 2902 2864 ἁγίου
2949 2800 3223 2870 μάρτυρος
3251 2803 3550 2873 Τροφίμου.

2470 2884 2566 2936 κδ’.
2600 2887 2709 2955 Τῆς
2737 2888 2895 2955 ἁγίας
2938 2893 3214 2962 μάρτυρος
3247 2894 3563 2966 Χριστίνης.

2471 2974 2566 3029 κε’.
2606 2978 2669 3030 Ἦ
2693 2980 2948 3050 κοίμησις
2968 2982 3066 3051 τῆς
3091 2986 3250 3050 ἁγίας
3289 2987 3508 3057 ’Δννης.

2469 3068 2581 3133 κς’.
2608 3070 2766 3125 Asia.

2467 3157 2568 3223 κζ’.
2601 3161 2706 3214 Τοῦ
2739 3165 2895 3231 ἁγίου
2932 3168 3389 3238 ΙΙαντελεήμονος.

2318 3229 2364 3291 c
2471 3251 2577 3320 κη’.
2602 3253 2722 3307 Τῶν
2749 3229 3060 3310 ἁλττοστόλων
3092 3229 3368 3331 Προξιόροῦ
3391 3264 3484 3315 καὶ
3512 3265 3856 3339 Νικάνωρος.

2473 3343 2574 3398 κθ’.
2609 3346 2716 3398 Τοῦ
2747 3349 2904 3415 ἁγίου
2946 3351 3223 3422 μάρτυρος
3245 3355 3593 3410 Καλλινίκου.

2468 3431 2530 3486 λ’.
2558 3433 2677 3487 Τὼν
2701 3437 2873 3505 ἁγίων
2902 3439 3028 3492 Σίλα
3065 3444 3157 3493 καὶ
3189 3442 3497 3498 Σιλουανοῦ.

2477 3527 2578 3580 λα’.
2613 3530 2772 3582 Asia.

2897 3677 3052 3730 ΜΒΝ
3082 3678 3510 3737 ΑΥΓΟΥΣΤΟΣ.

2467 3778 2534 3830 α’.
2566 3780 2685 3832 Τῶν
2700 3783 3094 3844 Μακκαὸαίων,

2467 3870 2531 3937 β’.
2562 3869 2667 3923 Τοῦ
2699 3873 2852 3940 ἁγίου
2885 3879 3348 3948 πρωτομὰρτυρος
3380 3881 3671 3950 Στεφάνου.

2425 3990 2532 4104 1-
2565 3965 2641 4035 Τῇ
2672 3967 2806 4037 αὐτῇ
2843 3969 3024 4039 ἡμέρᾳ.
3044 3970 3151 4023 τῶν
3183 3972 3352 4038 ἁγίων
3375 3974 3511 4027 ἑπτὰ
3537 3978 3745 4031 παίδων
3771 3981 3884 4036 τῶν
3918 3985 3973 4035 ἐν

2408 4054 2421 4071 ⁸
2443 4054 2636 4104 ἐφέστια.

2443 4069 2636 4124 ιφεσῳ.

2465 4144 2532 4212 γ’.
2565 4148 2671 4200 Τοῦ
2704 4151 2850 4204 ὁσίου
2883 4155 3084 4223 πατρὸς
3118 4157 3273 4228 ἡμῶν
3300 4161 3605 4231 Δαλμὰτου.

2465 4239 2523 4292 δ’.
2567 4239 2679 4309 Τῆς
2716 4243 2875 4308 ἁγίας
2900 4246 3175 4318 μάρτυρος
3199 4249 3480 4315 Εὑδοκίας.

2464 4332 2524 4386 ε’.
2557 4335 2661 4387 Τοῦ
2694 4337 2848 4403 ἁγίου
2881 4339 3185 4408 Εὺσιγνίου.

2466 4425 2539 4490 ς’.
2586 4427 2648 4477 Ἥ
2692 4431 3113 4500 μεταμόρφωσις
3147 4438 3225 4497 είς
3249 4437 3339 4489 τὸν
3366 4439 3580 4509 δρῦρον.
3604 4441 3696 4504 Εἰς
3730 4443 3830 4512 τὴν
3861 4444 3965 4497 λεια

2393 4533 2483 4568 του
2492 4519 2668 4587 ργίαν.

2323 4579 2367 4635 ί)
2463 4579 2546 4673 ζῖξ
2563 4613 2723 4666 Λείπ.

2459 4699 2528 4766 η’.
2562 4703 2666 4755 Τοῦ
2690 4706 2844 4772 ἁγίου
2862 4709 3202 4780 Αἰμιλιανοῦ.

2462 4785 2524 4840 6'.
2554 4790 2659 4844 Τοῦ
2684 4794 2840 4859 ἁγίου
2875 4799 3174 4853 ἀποστόλου
3202 4805 3438 4861 Ματθία.

2461 4879 2511 4933 ι’.
2545 4881 2650 4935 Τοῦ
2685 4887 2838 4953 ἁγίου
2858 4891 3208 4960 Λαυρεντίου.

2468 4983 2554 5028 ια’.
2590 4978 2746 5031 Asia.

2465 5068 2548 5133 ιβ’.
2591 5069 2711 5121 Τῶν
2744 5073 2917 5138 ἁγίων
2946 5077 3152 5131 Φωτίου
3184 5081 3276 5133 καὶ
3320 5083 3624 5153 ’Δνικήτου.

2460 5165 2544 5223 ιγ’.
2586 5160 2691 5212 Τοῦ
2721 5164 2868 5218 ὁσίου
2920 5168 3190 5240 Μαξίμου.

2463 5249 2541 5301 ιδ’.
2579 5251 2738 5305 Acin.

2433 5341 2538 5450 'IE'.
2568 5343 2680 5414 Τῆς
2728 5350 3019 5417 παναγίας,
3071 5355 3150 5418 είς
3197 5357 3411 5427 ὄρθρον.
3449 5358 3542 5421 Είς
3589 5359 3688 5430 τὴν
3720 5359 3966 5430 λειτουρ-

2387 5450 2532 5502 γιαν.

2461 5540 2557 5596 ις’.
2593 5535 2700 5588 Τοῦ
2733 5536 2889 5605 ἁγίου
2926 5539 3243 5608 Διομήδους.

2459 5625 2542 5691 ιζ’.
2579 5627 2685 5680 Τοῦ
2721 5630 2877 5697 ἁγίου
2905 5631 3210 5700 Μύρωνος.ι

2458 5718 2547 5789 ιη’.
2579 5721 2687 5774 Τοῦ
2726 5723 2881 5787 ἁγίου
2921 5725 3124 5796 Φλόρου
3151 5728 3244 5781 καί
3265 5727 3505 5798 Δαὺρου.

2460 5815 2546 5867 ιϐ’.
2585 5814 2692 5869 Τοῦ
2729 5815 2885 5884 ἁγίου
2913 5819 3190 5890 μάρτυρος
3225 5821 3495 5892 Ἀνδρέου.

3874 396 4005 459 ῙὮΑ
