4212 6432
709 400 841 463 1327
1532 394 1910 459 DPUSCULA
1952 390 2370 453 LITURGICA
2411 388 2764 452 INCERT/E
2803 387 3115 448 .‘ETATIS.
3848 385 3985 455 1323

769 513 824 569 3.
863 508 1050 565 Sancti
1081 513 1496 576 sacromartyrrs
1529 503 1768 574 Dionysii
1793 503 2154 574 Areopagitar.
2316 511 2366 571 Α

2333 511 2366 569 Α
2464 499 2533 568 γ’.
2558 500 2666 554 Τοῦ
2703 500 2859 568 ἁγίου
2892 498 3292 570 ίερομὰρτυρος
3343 499 3625 551 Διονυσιου
3660 496 3752 550 τοῦ
3813 499 3996 568 Ἀρεο-

2395 604 2652 662 παγιτου.

765 699 821 752 6.
855 695 1041 753 Sancti
1074 693 1304 766 apostoli
1332 691 1578 747 Thomas.

2468 694 2542 754 ς’.
2572 687 2680 741 Τοῦ
2704 689 2861 757 ἁγίου
2912 685 3209 740 ἀποστόλου
3243 684 3437 754 Θωμᾶ.

668 797 672 800 ’
773 790 824 845 7.
859 789 1184 842 Sanctorum
1219 793 1519 858 martyrum
1548 783 1722 854 Sergii
1745 791 1801 838 et
1821 783 2040 839 Bacchi.

2465 776 2531 842 ζ’.
2565 777 2687 830 Τῶν
2725 778 2898 848 ἁγίων
2923 775 3220 848 μαρτύρων
3249 773 3478 844 Σεργίου
3502 772 3600 825 καὶ
3630 770 3872 840 Βάκχου.

770 881 857 935 16.
893 878 1078 936 Sancti
1109 879 1370 950 martyris
1401 876 1632 947 Longini
1667 874 2036 930 contui-lanis.

2466 874 2564 934 ις’.
2597 868 2704 922 Τοῦ
2733 870 2890 938 ἁγίου
2951 868 3233 939 μάρτυρος
3281 866 3551 934 Λογγίνου
3613 863 3708 917 τοῦ
3766 866 3990 916 ἑκατον-

2390 961 2619 1033 τάρχου.

781 1067 867 1121 18.
902 1065 1091 1121 Sancti
1133 1065 1364 1136 apostoli
1395 1074 1450 1119 et
1479 1064 1823 1132 evangelisue
1853 1062 2036 1117 Lucae.

2467 1062 2558 1125 ιη’.
2593 1055 2701 1108 Τοῦ
2723 1055 2882 1124 ἁγίου
2905 1053 3206 1108 ἀποστόλου
3229 1053 3323 1106 καὶ
3353 1047 3748 1120 εὐαγγελιστοῦ
3783 1049 3987 1100 Λουκᾶ.

774 1161 862 1214 ξΞΟ.
903 1157 1090 1214 Sancti
1122 1159 1303 1228 magni
1333 1159 1593 1227 martyris
1619 1156 1873 1211 Artemii.

2467 1154 2535 1204 κ’.
2563 1147 2672 1200 Τοῦ
2701 1149 2857 1217 ἁγίου
2890 1146 3378 1219 μεγαλομάρτυρος
3405 1142 3721 1216 ’Λρτεμίου.

774 1255 867 1310 τι.
905 1254 1052 1308 Beati
1079 1253 1251 1324 patris
1283 1254 1456 1307 nostri
1484 1250 1776 1305 Hilarionis
1798 1248 1981 1320 magni

2466 1239 2577 1294 xa'.
2606 1240 2713 1293 Τοῦ
2751 1240 2902 1294 ὁσίου
2948 1238 3160 1309 Πατρδς
3189 1237 3349 1309 ἡμῶν
3392 1236 3696 1306 Ἱλαρίωνος
3741 1232 3840 1288 τοῦ
3889 1249 3991 1304 με-

2393 1332 2581 1401 γάλου.

785 1439 876 1490 '32.
913 1437 1100 1490 Sancti
1134 1437 1305 1506 patris
1337 1432 1508 1487 nostri
1539 1431 1781 1486 Abercii.

2468 1426 2572 1497 κβ’.
2597 1427 2704 1480 Τοῦ
2735 1429 2792 1481 ἐν
2816 1426 2998 1495 ἁγίοις
3025 1425 3235 1495 πατρὸς
3268 1423 3429 1495 ἡμῶν
3477 1422 3786 1494 Ἀϐερκίου.

779 1531 870 1584 ‘23.
904 1529 1093 1583 Sancti
1129 1527 1356 1598 apostoli
1391 1524 1581 1580 Jacobi
1613 1524 1799 1580 fratris
1831 1522 1947 1580 Dei.

2468 1527 2575 1588 κγ’.
2599 1519 2706 1572 Τοῦ
2735 1520 2894 1587 ἁγίου
2948 1517 3251 1571 ἀποστόλου
3305 1515 3566 1569 Ἰακῶῦου
3602 1514 3696 1567 τοῦ
3755 1508 3992 1578 ἀδελφοῦ

2393 1612 2528 1667 Θέου
2562 1611 2583 1685 [
2601 1611 2995 1684 Ἀδελφοθέου].

771 1713 864 1768 24.
897 1711 1081 1765 Sancti
1110 1707 1365 1777 martyris
1395 1707 1616 1762 Areths
1639 1715 1694 1762 et
1726 1707 2006 1761 sociorum
2041 1703 2182 1774 ejus.

2471 1707 2573 1760 κδ’.
2618 1705 2725 1759 Τοῦ
2775 1705 2935 1774 ἁγίου
3001 1719 3282 1776 μαρτυρος
3346 1699 3565 1771 Ἀρέθα,
3603 1699 3699 1752 καὶ
3746 1698 3859 1750 τῶν
3895 1697 3994 1748 σὺν

2395 1817 2568 1868 αυτῳ.

775 1898 867 1954 25.
913 1895 1242 1949 Sanctorum
1283 1902 1590 1964 martyrum
1642 1891 1979 1946 notariorum
2027 1887 2288 1944 Marciani
2320 1879 2363 1934 Β

2328 1879 2363 1934 Β
2462 1898 2561 1947 κε’.
2595 1890 2717 1945 Τῶν
2760 1889 2932 1958 ἁγίων
2987 1889 3285 1961 μαρτύρων
3349 1884 3614 1954 νοταρίων
3661 1876 3991 1950 Μαρκιανοῦ

704 2004 756 2049 et
781 1989 1045 2061 Martyrii.

2394 1985 2488 2039 καὶ
2522 1985 2613 2038 Μα
2623 2001 2717 2054 ρτυ
2725 1983 2865 2053 ρίου.

774 2083 866 2137 26.
905 2080 1091 2136 Sancti
1127 2078 1309 2150 magni
1339 2078 1599 2147 martyris
1635 2074 1916 2141 Demetrii,
1941 2083 1996 2129 ct
2038 2087 2284 2129 comme-

2460 2077 2578 2144 σις’.
2616 2078 2726 2131 Τοῦ
2761 2076 2919 2146 ἁγίου
2950 2074 3446 2147 μεγαλομάρτυρος
3491 2065 3837 2141 Δημητρίου,
3897 2063 3992 2116 καὶ

704 2177 942 2232 moratio
965 2174 1148 2245 magni
1179 2181 1337 2227 terrae
1371 2181 1575 2226 motus.

2390 2173 2700 2243 ἀνάμνησις
2737 2169 2834 2224 τοῦ
2879 2170 3122 2241 μεγάλου
3152 2166 3403 2238 σεισμοῦ.

1141 2277 1404 2336 MENSIS
1440 2275 1843 2333 NUVEMBER.

1799 2276 1843 2330 ι·
2854 2289 3012 2346 MHN
3040 2287 3462 2344 nosMBrrox.

776 2399 828 2453 l.
865 2394 1198 2451 Sanctorum
1238 2403 1639 2461 anargyrorum
1684 2388 1897 2442 Cosmze
1936 2395 1989 2441 et
2018 2385 2286 2440 Damiani.

2217 2387 2286 2440 ηδ·
2461 2402 2530 2457 α’.
2546 2401 2667 2454 Τῶν
2687 2402 2859 2470 ἁγίων
2885 2398 3216 2471 ἀναργύρων
3237 2398 3435 2466 Κοσμᾶ
3453 2397 3548 2448 καὶ
3575 2389 3880 2462 Δαμιανοῦ.

776 2492 828 2545 2.
864 2491 1198 2544 Sanctorum
1244 2494 1548 2556 martyrum
1595 2482 1886 2552 Acindyni,
1922 2491 1978 2535 et
2011 2480 2288 2536 sociorum

2466 2492 2532 2563 β’.
2566 2492 2690 2545 Τῶν
2717 2490 2894 2558 ἁγίων
2924 2487 3221 2561 μαρτύρων
3268 2483 3579 2540 ’Δκινδύνου
3631 2480 3724 2534 καὶ
3754 2478 3866 2531 τῶν
3893 2475 3991 2528 σὺν

706 2586 845 2655 cjns.
1734 2632 1736 2634 τ
2393 2584 2562 2655 αὐτῷ.

782 2603 845 2638 IS.

775 2677 830 2730 6.
869 2674 1055 2730 Sancti
1089 2671 1243 2727 Pauli
1272 2666 1632 2724 confessoris.
2393 2603 2438 2639 ω

2393 2603 2495 2639 αυτ
2550 2627 2562 2640 .

2469 2603 2544 2744 g3:
2578 2675 2686 2731 Τοῦ
2710 2675 2867 2744 ἁγίου
2904 2672 3122 2727 Παύλου
3150 2669 3248 2724 τοῦ
3276 2664 3645 2739 ὀμολογητοῦ.

776 2775 832 2824 8.
868 2765 1237 2835 Congregatio
1268 2758 1721 2829 incorporalium.

2235 2843 2239 2844 ν
2466 2771 2537 2844 η’.
2591 2771 2654 2824 Ἦ
2691 2765 2914 2832 σύναξις
2934 2765 3048 2819 τῶν
3071 2763 3404 2834 ἀσωμάτων.

781 2861 849 2913 lit
906 2858 1090 2912 Sancti
1124 2854 1298 2925 patris
1347 2851 1520 2906 nostri
1559 2848 1788 2905 Joannis
1836 2843 2291 2916 Eleemosynarii.

2468 2843 2557 2936 ιβ’.
2584 2863 2692 2918 Τοῦ
2717 2865 2775 2916 ἐν
2798 2860 2974 2929 ἁγίοις
2991 2857 3200 2928 πατρὸς
3229 2853 3390 2926 ἡμῶν
3405 2852 3664 2908 Ἰωάννου
3679 2848 3778 2902 τοῦ
3801 2846 3992 2916 Ἐλιή-

2444 2975 2583 3021 ονος.

780 3050 870 3101 13.
904 3044 1092 3104 Sancti
1125 3042 1298 3113 patris
1324 3039 1498 3094 nostri
1533 3033 1762 3092 Joannis
1798 3031 2194 3104 Chrysostomi.
2400 2976 2442 3029 μ

2444 2976 2532 3012 ονο
2568 2998 2583 3012 .

2400 2976 2442 3029 μ
2482 2976 2570 3118 ιγῗ.
2594 3046 2703 3101 T06
2730 3046 2789 3098 δν
2806 3043 2985 3113 ἁγίοις
3015 3039 3221 3111 πατρὸς
3243 3037 3403 3108 ἡμῶν
3443 3033 3690 3090 Ἰωάννου
3722 3030 3817 3085 τοῦ
3850 3031 3997 3101 Χρυ-

2402 3140 2558 3196 σοστό
2566 3157 2669 3209 μου
2680 3180 2694 3193 .

778 3235 868 3289 ll.
900 3231 1088 3285 Sancti
1116 3227 1347 3297 apostoli
1384 3224 1642 3295 Philippi,
2322 3242 2363 3300 ο

2322 3242 2363 3300 c
2475 3230 2555 3289 υἷ’.
2585 3230 2694 3286 Τοῦ
2721 3230 2877 3298 ἁγίου
2902 3224 3206 3282 ἀποστόλου
3233 3221 3524 3276 humu.

783 3328 872 3380 16.
904 3325 1090 3378 Sam-ti
1123 3319 1361 3389 apostoli
1387 3331 1440 3372 et
1462 3313 1811 3386 evangelista!
1839 3310 2097 3365 Matth-att.

2477 3321 2575 3388 ις’.
2611 3321 2718 3375 Τοῦ
2747 3321 2906 3386 ἁγίου
2931 3314 3236 3373 ἀποστόλου
3265 3313 3359 3366 καὶ
3398 3307 3789 3379 εὐαγγελιστοῦ
3837 3308 3994 3364 Ματ-

2398 3415 2577 3471 θαίου.

789 3509 873 3562 l7.
909 3506 1099 3560 Sancti
1135 3503 1306 3574 patris
1349 3500 1522 3554 nostri
1571 3495 1822 3566 Gregorii
1873 3489 2292 3560 Thaumaturgi.

2472 3508 2560 3573 ιζ’.
2588 3505 2695 3561 Τοῦ
2727 3507 2785 3558 ὲν
2825 3502 3001 3572 ἁγίοις
3053 3498 3266 3566 πατρὸς
3319 3493 3478 3565 ἡμῶν
3533 3492 3848 3562 Γρηγορίου
3895 3487 3995 3544 τοῦ

2403 3602 2698 3670 Θαυματου
2707 3595 2862 3667 ργοῦ.

783 3699 872 3750 "xtl.
911 3691 1265 3749 Prmsentatio
1295 3685 1664 3743 sanctissimae
1700 3681 1970 3750 Deiparaa.

2473 3691 2581 3748 τιδι’.
2630 3690 2694 3743 Ἢ
2732 3689 2938 3750 είσοδος
2963 3685 3061 3755 τῆς
3091 3679 3400 3753 ῦπεραγίαι,
3428 3675 3716 3730 Θιοτόκου.

781 3791 872 3844 9.5.
925 3791 1251 3840 Sanctorum
1307 3788 1770 3846 sacromartyrum
1830 3766 2134 3826 Clementis
2188 3765 2299 3820 Ro-

2474 3790 2572 3837 κε¹.
2607 3781 2729 3834 Τῶν
2748 3779 2920 3846 ἁγίων
2957 3771 3369 3846 ἱερομαρτῦρων
3395 3767 3720 3837 Κλήμεντος
3749 3760 3997 3832 Ῥώμης,

717 3884 884 3944 mani,
917 3890 966 3935 el
992 3878 1136 3934 Petri
1162 3872 1539 3930 Alexandrini.

1527 3910 1539 3922 ·
2404 3875 2498 3928 καὶ
2516 3873 2725 3940 Πέτρου
2747 3863 3179 3933 Ἀλεξανδρείας.

777 3977 868 4030 ‘27.
902 3973 1087 4027 Sancti
1120 3969 1299 4038 magni
1332 3965 1587 4034 martyris
1618 3959 1803 4014 Jacobi
1835 3955 2033 4009 Pcrsa'.

2477 3965 2579 4032 κζ’.
2611 3963 2717 4017 Τοῦ
2750 3963 2905 4028 ἁγίου
2938 3954 3424 4028 μεγαλομὰρτυρος
3455 3946 3717 4003 Ἰακώϐου
3743 3945 3841 4000 τοῦ
3859 3945 3999 4016 Πέρ-

2409 4077 2525 4113 σου.

790 4159 882 4213 28.
917 4157 1102 4211 Sancti
1138 4145 1560 4219 sacromartyris
1594 4141 1853 4212 Stephani
1888 4137 2157 4194 Junioris.

2480 4149 2583 4221 κη’.
2605 4146 2710 4200 Τοῦ
2736 4145 2889 4212 ἁγίου
2927 4139 3328 4209 ὀσιομὰρτυρος
3380 4135 3655 4204 Στεφάνου
3706 4132 3801 4185 τοῦ
3834 4131 4000 4186 Νέου.

783 4252 874 4306 50.
907 4247 1091 4303 Sancti
1125 4241 1356 4313 apostoli
1385 4249 1440 4293 et
1470 4236 1632 4308 primi
1670 4232 1847 4287 voeati
1884 4230 2135 4282 Anth-ere.

2480 4244 2540 4296 λ’.
2575 4240 2682 4293 Τοῦ
2723 4239 2881 4306 ἁγίου
2945 4231 3246 4288 ἀποστόλου
3270 4231 3364 4282 καὶ
3423 4226 3814 4298 πρωτοκλήτου
3879 4223 3999 4276 ‘Av-

2406 4336 2588 4408 δρὲου.

1164 4457 1414 4516 MENSIS
1455 4453 1850 4510 DECEMBEIL

2908 4454 3062 4510 MIIN
3095 4450 3558 4508 ΔΕΚΕΜΒΡΙΟΣ.

787 4584 840 4636 ιι.
875 4581 1084 4634 Sancta:
1119 4587 1327 4644 magnae
1358 4571 1615 4639 martyris
1648 4565 1920 4618 Bai-harae.
2333 4594 2388 4653 Β

2333 4594 2388 4653 D
2483 4573 2544 4626 δ’.
2577 4570 2690 4640 Τῆς
2716 4570 2875 4636 ἁγίας
2908 4564 3395 4638 μεγαλομάρτυρος
3429 4559 3748 4630 Βαρϐἁραέ.

785 4676 836 4727 5.
873 4671 1018 4726 Beati
1047 4668 1218 4739 patris
1243 4662 1414 4718 nostri
1447 4659 1623 4712 Saba}.

2484 4663 2545 4719 ε’.
2568 4662 2674 4715 Τοῦ
2712 4661 2862 4714 όσίου
2892 4660 3102 4728 πατρὸς
3127 4657 3285 4726 ἡμῶν
3310 4654 3477 4707 Σάϐα.

788 4771 842 4820 ti.
883 4763 1070 4818 Sancti
1100 4760 1274 4831 patris
1306 4756 1479 4810 nostri
1504 4751 1738 4807 Nicolai.

2484 4751 2560 4818 ς’.
2591 4750 2698 4804 Τοῦ
2723 4752 2780 4802 ὲν
2819 4749 2995 4815 ἁγίοις
3024 4746 3229 4817 πατρὸς
3248 4748 3280 4814 ἡ
3291 4743 3407 4813 μῶν
3437 4741 3734 4795 Νικολάου.

789 4863 846 4913 ‘J.
877 4854 1181 4923 Conceptio
1212 4858 1414 4905 sanctae
1437 4847 1626 4900 Anum.

2484 4847 2547 4899 θ’.
2587 4846 2651 4897 Ἢ
2690 4840 2947 4912 σύλληψις
2969 4841 3067 4908 τῆς
3089 4838 3251 4905 ἁγίας
3281 4838 3500 4906 ’Ᾱννης.

797 4951 879 5005 l2.
923 4947 1107 5000 Sancti
1134 4943 1307 5014 patris
1339 4938 1547 4994 nostris
1580 4931 1924 5006 Spyridonis.

2488 4937 2575 5009 ιβ’.
2603 4936 2711 4990 Τοῦ
2735 4936 2790 4988 ὲν
2803 4933 2981 5003 ἁγίοις
3006 4929 3212 5001 πατρὺς
3234 4927 3391 4998 ἡμῶν
3417 4928 3783 4995 Σπυριόωνος.

799 5043 882 5093 l3.
921 5041 1249 5092 Sanctorum
1281 5043 1603 5102 magnorum
1633 5037 1932 5096 martyrum
1968 5018 2226 5074 Enstratii
2256 5026 2310 5072 et

2494 5035 2583 5096 ιγ’.
2615 5027 2739 5079 Τῶν
2797 5024 2969 5092 ἁγίων
3024 5018 3276 5090 μεγάλων
3326 5018 3620 5089 μαρτύρων
3663 5015 4004 5084 Εὑστρατίου

727 5137 999 5191 sociorum
1033 5131 1172 5199 ejus.

2416 5125 2511 5178 καὶ
2540 5122 2648 5174 τῶν
2681 5119 2778 5172 σὺν
2802 5116 2970 5186 αὐτῷ.

807 5228 888 5280 i7.
927 5198 1254 5279 Sanctorum
1297 5222 1461 5275 trium
1509 5230 1807 5288 puerorum
1857 5222 1910 5266 et
1955 5209 2143 5264 Daniel
2192 5224 2314 5280 pro-

2490 5213 2575 5280 ιζ’.
2611 5214 2732 5267 Τῶν
2780 5211 2953 5280 ἁγίων
2999 5210 3168 5281 τριῶν
3223 5206 3431 5259 παίδων
3499 5203 3596 5256 καὶ
3667 5198 3872 5269 Δανιὴλ
3909 5199 4003 5252 τοῦ

732 5326 924 5390 ιιιιοιεε·
2421 5308 2728 5380 προφήτου.

791 5417 878 5468 220.
915 5409 1104 5466 Sancti
1129 5403 1553 5477 sacromartyris
1585 5399 1774 5473 lgnatii
1800 5395 2135 5465 Theophori.

2490 5405 2557 5452 κ’.
2584 5395 2692 5449 Τοῦ
2711 5394 2866 5462 ἁγίου
2886 5385 3568 5461 ίερομὰρτυροςΊγνατίου
3586 5382 3679 5436 τοῦ
3707 5381 4000 5450 Θεοφτιρου.

801 5507 1082 5562 Dominica
1115 5511 1432 5558 sanctorum
1463 5508 1701 5569 patrum.

2492 5491 2748 5561 Κυριακὴ
2776 5488 2884 5541 τῶν
2909 5489 3082 5555 ἁγίων
3116 5485 3468 5555 προπὰτρων.

803 5599 1099 5654 Sahbatum
1134 5605 1264 5650 ante
1295 5592 1502 5647 Christi
1530 5589 1898 5644 nativitatem.

2493 5581 2776 5635 Σάϐϐα-ιον
2798 5578 2902 5649 πρὸ
2925 5579 3020 5645 τῆς
3044 5575 3285 5649 Χριστοῦ
3317 5577 3644 5644 γεννήσεως.

806 5690 1084 5744 Dominica
1117 5699 1244 5742 ante
1269 5685 1478 5739 Christi
1511 5683 1868 5738 nativitatem.

2491 5669 2748 5742 Κυριακὴ
2781 5670 2886 5739 πρὸ
2909 5668 3005 5737 τῆς
3029 5666 3270 5736 Χριστοῦ
3298 5665 3630 5734 γεννήσεως.

795 5783 886 5836 24.
925 5781 982 5835 In
1015 5778 1420 5848 ex3pectatione
1449 5774 1752 5831 nativitatis
1783 5769 2010 5828 Christi.

2493 5763 2592 5818 κδ’.
2620 5765 2701 5834 Τῇ
2749 5762 3042 5834 παραμονῇ
3074 5759 3173 5829 τῆς
3221 5757 3463 5830 Χριστοῦ
3493 5755 3832 5827 γεννήσεως.

801 5874 895 5929 25.
929 5872 1135 5928 Christi
1173 5872 1448 5926 nativitas.

2495 5865 2592 5913 κε’.
2637 5857 2699 5909 'H
2723 5853 2960 5924 Χριστοῦ
2986 5853 3259 5924 γέννησις.
