4212 6432
339 391 477 448 1333

407 498 713 565 Εὖαγγέλια
770 499 847 561 τίς
891 498 1109 568 μνήμας
1139 498 1427 568 διαφόρους
1454 500 1645 567 ἁγίων.

407 686 496 747 Εἰς
513 685 609 755 τὴν
632 685 935 755 ὑπεραγίαν
959 685 1240 738 Θεοτόκον.
1266 688 1353 748 Εἰς
1373 687 1623 754 ὲγκαξνια
1646 687 1793 740 ναοῦ.
1816 688 1906 751 Εἰς

332 778 676 845 άτωμάτους.
714 779 806 840 Εἰς
846 778 937 831 τὸν
995 779 1326 847 Πρόδρομον.
1364 777 1455 841 Et;
1482 782 1782 848 προφήτας.
1814 782 1906 843 Εἰς

332 870 683 933 ἀποστόλους.
712 870 802 933 Ei;
831 871 1135 942 μάρτυρας.
1165 872 1254 934 Εἰς
1282 871 1375 923 ἕνα
1405 872 1676 942 μάρτυρα.
1699 873 1790 936 Εἰς
1806 890 1905 941 γυ-

336 965 521 1023 ναῖκας
559 963 862 1034 μάρτυρας.
898 963 992 1026 Εἰς
1026 965 1304 1032 ίεράρχας,
1338 964 1429 1026 Εἰς
1477 963 1898 1034 ίερομάρτυρας.

333 1056 424 1118 lii;
444 1058 644 1119 ὁσίους.
682 1058 777 1119 Εἰς
826 1057 1253 1127 ὁσιομάρτυρας.
1285 1058 1378 1121 Εἰς
1404 1057 1556 1118 ὁτίας
1606 1059 1896 1123 γυναῖκας.

332 1146 422 1207 Εἰς
486 1148 688 1214 σχῆμα.
750 1147 843 1208 Ei;
898 1146 1165 1209 ἀσθενεῖς.
1234 1148 1324 1210 Et;
1382 1145 1768 1215 κοιμηθέντας.
1809 1148 1902 1209 Et;

331 1238 575 1305 σεισμόν.
620 1238 713 1297 Εἰς
759 1239 1110 1309 ὲμπρησμόν.
1149 1238 1239 1301 Εἰς
1295 1238 1620 1309 ἀνομϐρίαν.
1657 1240 1751 1302 Εἰς
1782 1240 1901 1291 ἑπι-

331 1326 533 1397 ερομὴν
582 1328 774 1389 ἐθνῶν.
813 1330 907 1391 Εἰς
940 1329 1182 1383 ἐπινίκια
1215 1330 1506 1398 βασιλέων.
1554 1332 1676 1384 Ἐπὶ
1719 1329 1903 1399 ἐξομο-

330 1418 691 1488 λογουμένων.
719 1417 813 1483 Εἰς
849 1421 1031 1473 πᾶσαν
1062 1420 1300 1490 αἴτησιν.

1120 388 1481 449 FORMULA
1526 390 2079 453 ABJUlt.\'l'lON[S
2118 394 2764 456 ATHINGANORUM.

3454 396 3589 462 1334

1936 512 1976 566 Λ
2076 508 2365 576 Evangelia
2416 507 2466 560 in
2519 506 3067 563 commetnorationes
3114 516 3429 563 sanctorum
3487 511 3574 564 di-

2008 611 2217 650 versas.

2079 686 2134 740 In
2165 689 2566 744 sanctissimam
2592 690 2899 760 Deiparam.
2932 689 2989 744 ln
3015 689 3409 744 dedicationem
3442 700 3581 745 tem-

2006 780 2100 850 pli.
2137 780 2189 833 ltt
2225 781 2614 850 incorporales.
2642 781 2697 835 In
2721 782 3144 837 Prmcursorem.
3178 780 3234 835 In
3267 782 3581 851 prophetas.

2009 872 2063 924 In
2106 873 2402 942 apostolos.
2445 874 2500 927 ltt
2537 887 2824 944 martyres.
2868 876 2921 927 In
2954 891 3121 929 unum
3174 886 3487 945 martyrem.
3526 876 3581 928 ln

2009 963 2267 1020 mulieres
2294 975 2581 1036 martyres.
2621 967 2676 1019 In
2712 966 3013 1036 pontiﬁces.
3042 966 3100 1019 In
3132 977 3579 1036 sacromartyres.

2014 1055 2071 1109 In
2101 1056 2305 1112 beatos.
2347 1057 2402 1111 In
2444 1061 2634 1112 beatos
2678 1070 2964 1130 martyres.
2999 1058 3054 1112 In
3088 1059 3274 1113 beatas
3302 1061 3581 1115 mulieres.

2003 1144 2057 1198 ltt
2086 1148 2360 1201 vestitum.
2388 1148 2445 1200 In
2477 1147 2745 1201 inﬁrmos.
2781 1146 2837 1201 In
2873 1150 2970 1202 hos
3000 1150 3092 1219 qtti
3125 1148 3488 1205 dormierunt.
3520 1150 3576 1203 ltt

2004 1245 2161 1291 terra:
2184 1246 2415 1292 motum.
2447 1236 2502 1292 In
2545 1238 2880 1293 incendium.
2910 1239 2967 1293 in
3007 1240 3270 1309 pluviam.
3298 1239 3354 1293 In
3393 1240 3579 1291 illt‘lll'-

2004 1328 2212 1382 sionem
2247 1328 2508 1396 gentium.
2541 1328 2600 1382 lu
2630 1330 2885 1385 victorias
2914 1330 3326 1399 imperatorum.
3360 1330 3413 1384 In
3447 1346 3582 1385 con-

2006 1420 2307 1476 ﬁtentibus.
2338 1419 2395 1473 In
2428 1435 2644 1475 omnem
2678 1421 3158 1491 supplicationem.

641 1775 1200 1867 FORMULA
1280 1780 1567 1869 ABJU
1598 1779 2168 1871 HATIONIS
2237 1782 3253 1878 ATHINGANORUM.

1603 1975 1828 2034 (BANDINI
1872 1972 1957 2022 lib.
1987 1974 2068 2022 cit.
2098 1986 2146 2035 p.
2171 1972 2299 2034 L20.)

1927 2153 1995 2165 ..-

326 2280 527 2344 ’Ὅπως
545 2278 681 2357 Δχρὴ
720 2276 997 2357 δέχεσθαι
1058 2276 1350 2357 τοίρςῖἀπῤ
1404 2276 1759 2357 Mary-rainy
1811 2275 1887 2357 τῇ
1921 2280 1962 2340 Β
1992 2277 2267 2357 Quomodo

1992 2277 2267 2357 Quomodo
2306 2280 2525 2357 debeant
2562 2284 2721 2357 recipi
2743 2285 2834 2354 qui
2874 2285 2941 2357 alt
2982 2286 3296 2354 xit/tinguitis
3324 2290 3393 2341 ad
3419 2290 3576 2357 ﬁdem

395 2341 691 2413 ambesa.)
727 2341 925 2402 πίᾶτει
964 2341 1506 2418 προσερχομένους,
1530 2341 1636 2401 ’καὶ
1668 2341 1889 2412 ,ϐαπτίὲ

396 2420 595 2479 ξεί-’θαι
623 2419 986 2488 μέλλοντας.

409 2530 466 2583 ’0
495 2528 645 2581 δεῖνα
674 2528 782 2582 ἀπὸ
806 2528 1296 2597 Μελχισεδεκιτῶν,
1345 2528 1456 2581 τῶν
1487 2528 1580 2582 καὶ
1614 2528 1895 2581 Θεοδοτια-

326 2636 456 2681 νων,
505 2619 600 2672 καὶ
638 2618 975 2687 ’Λυιγγάνων
1002 2618 1243 2689 προσιὼν
1277 2622 1342 2689 τῇ
1379 2618 1561 2672 πίστει
1599 2619 1709 2671 τῶν
1760 2620 1893 2689 Χρι-

330 2711 580 2769 στιανῶν.
635 2712 696 2763 οὗ
727 2710 815 2764 διά
840 2728 959 2764 τινα
1001 2711 1141 2779 βίαν,
1189 2712 1220 2780 ἢ
1258 2713 1587 2783 ἀνάγκην,ἧ
1625 2713 1810 2779 φόϐον,
1855 2713 1886 2782 ἢ

330 2803 613 2870 ἐπήρειαν,
646 2802 677 2871 ἢ
721 2802 931 2862 πενίαν,
974 2802 1005 2871 ἢ
1052 2802 1139 2855 διὰ
1180 2804 1373 2872 χρέως,
1406 2804 1436 2873 ἢ
1489 2803 1740 2872 ἔγκλημα
1773 2805 1894 2856 κατ’

327 2892 463 2958 ἐμοῦ
499 2890 835 2960 κινούμενον,
875 2892 907 2963 ἢ
956 2891 1042 2942 διά
1073 2893 1256 2959 ἕτερόν
1304 2909 1423 2945 τινα
1456 2893 1656 2961 τρόπον
1687 2894 1895 2961 ἀπηγο-

330 2983 612 3053 ρευμένον,
646 2984 759 3035 ἀλλ’
790 2983 863 3046 ὼς
896 2984 955 3047 ti
1003 2984 1129 3052 ὅλης
1172 2985 1371 3054 ψυχῆς,
1424 2986 1516 3038 καὶ
1546 2985 1773 3055 καρδίας
1805 2989 1896 3038 τον

327 3075 560 3142 Χριστὸν
589 3074 909 3144 ἀγαπώσης,
945 3076 1035 3127 καὶ
1065 3076 1163 3145 τὴν
1193 3075 1359 3128 αὐτοῦ
1391 3078 1590 3138 πίστιν,
1623 3077 1897 3147 ἀναθεμα-

326 3165 460 3229 τίζω
487 3170 666 3220 πᾶσαν
692 3168 787 3237 τὴν
815 3168 922 3220 τῶν
941 3167 1430 3236 Μελχισεδεκιτῶν,
1462 3170 1580 3239 ἦτοι
1605 3170 1894 3222 Θεοδοτια-

326 3257 434 3309 νῶν
487 3259 580 3311 καὶ
618 3260 954 3325 Ἀϐιγτάνων
984 3260 1213 3328 αἵρεσιν,
1247 3260 1342 3310 καὶ
1376 3260 1501 3322 τοὺς
1537 3261 1896 3334 αἱρεσιάρχας

322 3349 590 3413 ἅπαντας,
636 3351 912 3415 Θεόδοτον,
953 3356 1116 3422 (mai,
1192 3352 1282 3404 τὸν
1321 3354 1550 3416 Σκυτέα,
1614 3356 1706 3405 καὶ
1766 3356 1891 3418 τοὺς

321 3440 487 3494 αὐτοῦ
521 3441 769 3510 μαθητὰς
813 3443 1233 3514 Ἀσκληπιάδην,
1282 3446 1373 3497 καὶ
1413 3446 1758 3515 Ἐρμόφιλον,
1800 3447 1893 3499 καὶ

334 3533 748 3604 Ἀπολλωνίδην,
791 3535 886 3587 καὶ
933 3535 1186 3589 Θεόδοτον
1220 3536 1311 3588 τὸν
1337 3536 1711 3606 Τραπεζίτην,
1740 3540 1892 3602 ὅστις

2143 2350 2491 2405 orthodoxam
2530 2350 2806 2418 accedunt,
2838 2365 2887 2409 et
2925 2350 3186 2425 baptizari
3230 2350 3434 2414 debent.

2071 2528 2284 2584 Talis...
2332 2546 2361 2584 a
2415 2530 2889 2597 Meleltisedecitis,
2944 2544 2998 2589 et
3056 2533 3469 2605 Theodotianis,
3521 2550 3575 2595 et

2000 2620 2322 2689 Atltinganis
2365 2623 2629 2678 accedens
2671 2624 2737 2678 ad
2778 2626 2933 2679 (idem
2965 2626 3429 2695 Christianorum,
3463 2648 3571 2685 non

2000 2714 2071 2766 ob
2099 2714 2391 2782 quamlibet
2428 2716 2557 2781 vim,
2580 2727 2674 2770 aut
2714 2720 3111 2785 necessitatem,
3161 2731 3255 2775 aut
3297 2724 3570 2786 timorem,

2001 2812 2094 2856 aut
2122 2803 2319 2866 minas,
2357 2813 2450 2857 aut
2496 2815 2894 2874 paupertatem,
2936 2820 3029 2864 aut
3068 2812 3139 2865 ob
3178 2812 3440 2878 debitum,
3490 2816 3573 2869 vel

2002 2894 2404 2947 accusationem
2466 2906 2653 2951 contra
2714 2913 2800 2952 me
2866 2898 3092 2966 illatam,
3149 2912 3244 2958 aut
3293 2905 3364 2959 ob
3413 2907 3572 2961 aliam

2002 2983 2297 3052 quamlibet
2353 2985 2622 3040 rationem
2670 2988 3019 3057 prohibitam,
3055 2992 3149 3046 sed
3200 2998 3353 3064 quasi
3403 3012 3434 3050 e
3466 3007 3572 3053 tota

2000 3076 2202 3138 anima,
2253 3088 2306 3130 et
2353 3086 2461 3131 toto
2509 3080 2673 3136 corde
2715 3078 2990 3137 Christum
3046 3071 3323 3155 diligente,
3351 3098 3406 3144 et
3453 3093 3573 3161 ejus

2000 3168 2193 3227 ﬁdem.
2245 3171 2648 3225 anathematizo
2700 3188 2916 3229 omnem
2979 3175 3568 3243 Melchisedecitornm.

2003 3256 2051 3311 id
2083 3268 2164 3312 est
2192 3258 2689 3318 Tlteodotianortttn
2736 3274 2790 3319 et
2830 3265 3263 3338 Athinganorum
3299 3275 3569 3339 haeresim,

1997 3359 2051 3404 et
2077 3366 2267 3408 omnes
2290 3352 2701 3423 haeresiarchas,
2739 3356 3105 3425 Theodotum,
3130 3363 3271 3428 dico,
3307 3377 3569 3433 sutorem,

1997 3452 2052 3494 et
2082 3441 2226 3496 illius
2271 3444 2568 3515 discipulos
2617 3448 2994 3519 Asclepiadem
3041 3463 3096 3507 et
3136 3453 3567 3527 Hermopltilum,

1996 3542 2048 3587 et
2073 3534 2467 3603 Apollonidetn,
2497 3547 2548 3593 et
2574 3541 2911 3599 Theodotum
2957 3549 3405 3617 nummtﬂarium,
3439 3554 3568 3622 qui-

323 3622 557 3690 μάλιστα
607 3624 828 3691 γέγονεν
881 3624 1123 3694 ἀρχηγὸς
1175 3624 1274 3691 τῆς
1338 3626 1602 3692 αἱρέσεως
1658 3626 1883 3696 ταύτης.
1915 3621 1960 3680 C
1992 3641 2209 3697 cunque
2250 3644 2339 3699 pra

1992 3641 2209 3697 cunque
2250 3633 2548 3699 praesertim
2598 3633 2761 3690 fuerit
2792 3638 2897 3691 dux
2945 3640 3103 3696 istius
3138 3642 3381 3699 haeresis.
3425 3621 3568 3701 Ana.

333 3713 742 3782 Ἀναοεματίξω
774 3715 868 3768 καὶ
921 3717 1044 3778 τοὺς
1084 3714 1316 3783 καθεξῆς
1372 3716 1727 3780 διδασκάλους
1781 3718 1888 3771 τῶν

332 3804 691 3872 Ἀθιγγάνων,
742 3806 856 3860 ὅσοι
905 3806 1048 3859 κατὰ
1097 3807 1291 3873 γενεάν
1336 3807 1572 3877 ἑκάστην
1619 3809 1746 3878 ἄχρι
1790 3809 1885 3863 τοῦ

317 3896 411 3949 νῦν
445 3897 723 3963 γεγόνασι.
761 3898 855 3949 καὶ
896 3899 1008 3951 ὅσοι
1047 3898 1285 3967 σήμερόν
1339 3900 1464 3961 εἱσι,
1508 3901 1601 3953 καὶ
1634 3900 1884 3967 γίνεσθαι

319 3986 624 4055 μέλλουσιν.
670 3987 1080 4057 Ἀναθεματίξω
1118 3990 1323 4052 πάντας
1364 3992 1488 4053 τοὺς
1529 3991 1884 4059 φρονοῦντας,

316 4077 407 4126 καὶ
438 4076 778 4140 δοξάζοντας,
844 4076 937 4128 καὶ
1005 4076 1376 4141 διδάσκοντας,
1434 4082 1528 4132 καὶ
1586 4082 1881 4150 λέγοντας,

314 4168 393 4219 ὅτι
419 4170 445 4220 ὁ
484 4168 817 4237 Μελχισεδὲκ
874 4169 975 4221 οὐκ
1020 4164 1086 4237 ἦν
1139 4169 1445 4239 ἄνθρωπος,
1478 4173 1613 4225 ἀλλά
1652 4174 1883 4245 δύναμις

314 4259 446 4311 Θεοῦ
478 4260 687 4329 μεγάλη
713 4260 1064 4331 διατρίϐουσα
1092 4264 1147 4313 ὲν
1176 4263 1639 4333 ἁκατονομάστοις
1670 4268 1880 4333 τόποις,

315 4353 408 4403 καὶ
433 4353 513 4404 ὅτι
546 4351 747 4419 μείζων
786 4353 881 4405 τοῦ
914 4353 1153 4424 Χριστοῦ
1200 4358 1345 4407 ἐστιν
1391 4360 1619 4423 ἐκεῖνος,
1671 4362 1765 4413 καὶ
1795 4362 1883 4414 διά

314 4442 467 4494 τοῦτο
493 4442 709 4510 λέγεται
747 4445 774 4497 ὁ
804 4445 1058 4512 Χριστος,
1093 4446 1167 4508 ὡς
1219 4446 1490 4518 δεύτερος,
1526 4452 1619 4503 καὶ
1651 4452 1880 4505 ὑποδεέ-

314 4552 522 4604 στερος,
562 4536 698 4588 κατά
719 4537 817 4605 τὴν
850 4537 1059 4589 ἐκείνου
1093 4539 1246 4602 τάξιν
1282 4542 1606 4610 ἱερατεύειν.
1656 4545 1879 4600 Ἀναοε-

313 4626 522 4694 ματίξω
542 4629 666 4689 τοὺς
706 4626 983 4694 λέγοντας,
1041 4630 1122 4682 ὅτι
1160 4632 1511 4701 Μελχισεδὲκ,
1549 4636 1725 4708 ἧτοιή
1773 4656 1873 4707 με·

307 4717 447 4785 γάλη
482 4717 731 4785 δύναμις,
771 4721 799 4772 ὁ
825 4719 976 4784 Θεὸς,
1019 4722 1112 4773 καὶ
1146 4724 1328 4795 πατὴρ
1358 4725 1451 4777 τοῦ
1483 4729 1686 4797 Κυρίου
1719 4732 1877 4799 ἡμῶν

320 4805 493 4871 Ἰησοῦ
524 4805 759 4876 Χριστοῦ
782 4808 919 4869 ὲττι,
950 4811 1042 4861 καὶ
1062 4812 1147 4864 διὰ
1168 4813 1325 4867 τοῦτο
1349 4816 1593 4871 καλεῖται
1618 4820 1871 4889 ἀπάτωρ,

309 4898 559 4968 ἀμήτωρ,
581 4900 1033 4970 ἀγενεαλόγητος.
1079 4904 1488 4975 Ἀναοεματίξω
1516 4911 1642 4972 τοὺς
1673 4913 1874 4979 φυλάτ-

316 5007 493 5052 τοντας
526 4991 645 5058 μὲν,
681 4993 756 5055 ὡς
794 4994 1079 5059 Ἰουδαίους
1102 4997 1161 5049 τὸ
1185 4999 1481 5064 Σάϐϐατον,
1519 5001 1593 5065 ὡς
1620 5002 1874 5068 ὲθνικοὺς

308 5079 364 5132 δὲ
388 5082 479 5133 καὶ
526 5082 624 5151 τὴν
672 5086 973 5154 περιτομὴν
1007 5086 1386 5153 διαπτύοντας,
1436 5093 1530 5145 καὶ
1580 5093 1639 5147 τὸ
1673 5093 1874 5163 βάπτι-

309 5188 440 5237 σμα.
480 5172 888 5243 Ἀναοεματίζω
917 5180 1041 5241 τοὺς
1087 5182 1400 5249 χρωμένους
1434 5185 1739 5251 μαντείαις,
1775 5190 1872 5241 καὶ
1905 5218 1915 5229 -

308 5262 699 5330 φαρμακείαις,
752 5268 844 5318 καὶ
910 5270 1208 5337 γοητείαις,
1265 5271 1360 5325 καὶ
1408 5273 1475 5325 δι’
1542 5275 1721 5330 αὐτῶν
1780 5280 1875 5331 καὶ

308 5346 588 5415 βλάπτειν,
625 5353 718 5405 καὶ
742 5353 970 5422 ὠφελεῖν
1001 5357 1322 5428 ἀνθρώπους
1346 5364 1869 5435 ἐπαγγελλομένους.

317 5440 725 5509 Ἀναθεματίζω
756 5448 883 5508 τοὺς
930 5449 1390 5520 ἐπικαλουμένους
1433 5457 1686 5525 δαιμόνιά
1729 5478 1872 5527 τινα,

305 5522 378 5582 ὧν
426 5532 493 5583 τά
550 5534 742 5603 πρῶτα
790 5538 1078 5593 καλοῦνται
1115 5543 1320 5612 Σωροῦ,
1377 5547 1470 5598 καὶ
1518 5549 1712 5619 Σοχάν,
1773 5556 1866 5607 καὶ

317 5622 495 5692 ’Λρχὲ,
546 5628 638 5678 καὶ
682 5629 748 5680 δι’
778 5631 957 5683 αὐτῶν
997 5633 1095 5703 τὴν
1135 5636 1372 5706 Σελήνην
1410 5639 1570 5707 δῆθεν
1606 5642 1868 5710 ⁹ἐλκοντας

308 5715 442 5780 προς
482 5715 729 5781 ἑαυτοὺς,
757 5721 848 5772 καὶ
875 5724 1193 5793 ἐρωτῶντας
1216 5728 1385 5798 αὐτὴν
1408 5732 1533 5801 περὶ
1554 5728 1628 5785 ὧν
1656 5735 1871 5803 βούλον-

305 5819 410 5857 ται.
480 5809 888 5879 Ἀναοεματίξω
944 5820 1069 5880 τοὺς
1122 5820 1461 5887 ἐπιτιθέντας
1508 5828 1613 5889 τοῖς
1675 5829 1873 5900 ἄστρα-

1993 3718 2291 3775 thematizo
2316 3723 2476 3778 etiam
2511 3738 2799 3796 sequentes
2829 3730 3082 3788 doctores
3105 3732 3566 3808 Athinganorum,

1990 3811 2303 3881 quicunque
2324 3814 2377 3868 in
2404 3831 2618 3885 quaque
2654 3822 3003 3887 generatione
3030 3839 3201 3892 usque
3228 3829 3561 3881 nuncexsti—

1991 3911 2189 3967 terunt,
2207 3914 2262 3959 et
2282 3906 2593 3977 quicunque
2619 3910 2775 3964 hodie
2801 3913 3094 3979 exsistunt,
3119 3922 3173 3969 et
3199 3916 3313 3971 lien
3342 3918 3561 3973 debent.

1990 3992 2403 4052 Anathematizo
2441 4014 2634 4054 omnes
2659 4004 2982 4073 cogitantes,
3011 4008 3320 4076 Opinantes,
3358 4010 3563 4065 docen—

1990 4094 2070 4137 tes
2093 4094 2145 4138 et
2185 4086 2427 4143 dicentes
2484 4089 2840 4149 Meleltisedec
2885 4112 2991 4149 non
3040 4097 3212 4153 fuisse
3261 4098 3565 4165 hominem,

1989 4175 2080 4231 sed
2110 4177 2359 4233 virtutem
2391 4180 2480 4234 Dei
2515 4198 2762 4253 magnam
2788 4188 3111 4243 residentem
3146 4190 3198 4243 in
3234 4192 3369 4247 locis
3403 4194 3566 4249 inno-

1989 4266 2229 4328 ntinatis,
2270 4276 2322 4321 et
2365 4270 2625 4339 majorem
2654 4273 2804 4328 illum
2843 4274 3061 4331 Christo
3094 4294 3237 4344 esse,
3279 4291 3332 4335 et
3356 4282 3428 4335 ob
3462 4284 3565 4340 hoc

1986 4355 2093 4411 dici
2154 4359 2433 4415 Christum
2503 4366 2659 4432 quasi
2727 4369 3048 4433 secundum,
3106 4379 3162 4425 et
3224 4372 3563 4443 inferiorem,

1985 4450 2284 4505 secundum
2317 4454 2435 4523 ejus
2466 4457 2710 4512 ordinem
2759 4462 3099 4517 sacerdotem
3141 4480 3284 4521 esse.
3318 4469 3564 4524 Anathe-

1985 4547 2186 4599 matizo
2215 4547 2478 4614 dicentes,
2518 4549 2899 4618 Melchisedec,
2932 4557 2983 4610 id
3006 4567 3089 4612 est
3138 4559 3280 4615 hanc
3306 4562 3560 4617 virtutem

1983 4649 2257 4705 magnam,
2281 4636 2447 4694 Deum
2482 4649 2535 4695 et
2564 4653 2769 4711 patrem
2797 4644 3007 4700 Domini
3040 4650 3214 4703 nostri
3245 4649 3373 4706 Jesu
3402 4652 3562 4708 Chri-

1982 4729 2049 4782 sti
2100 4744 2243 4793 esse,
2289 4741 2343 4784 et
2379 4732 2449 4786 ob
2488 4733 2539 4787 id
2589 4736 2770 4790 vocari
2813 4738 2932 4793 sine
2985 4751 3159 4809 patre,
3199 4744 3316 4798 sine
3365 4754 3557 4812 matre,

1982 4821 2099 4875 sine
2133 4823 2467 4894 genealogia.
2496 4827 2912 4885 Anathematizo
2939 4833 3298 4890 observantes
3337 4838 3558 4906 quidem

1985 4911 2301 4979 Sabbatum,
2342 4926 2401 4971 ttt
2442 4917 2680 4982 Judaos,
2710 4933 2763 4977 et
2807 4935 3242 4993 contemnentes,
3277 4941 3337 4984 ut
3376 4932 3558 4985 ethni-

1982 5020 2095 5071 cos,
2128 5007 2604 5066 cireutneisionem
2644 5022 2699 5068 et
2744 5014 3099 5084 baptismum.
3133 5021 3555 5078 Anathcmatizo

1985 5108 2196 5153 utentes
2242 5100 2691 5169 divinationibus,
2736 5115 2790 5160 et
2836 5107 3075 5176 philtris.
3119 5118 3173 5164 et
3244 5114 3458 5183 magiis,
3506 5127 3557 5170 et

1986 5194 2298 5259 prolitentes
2334 5210 2425 5260 per
2454 5197 2567 5251 haec
2602 5199 2856 5254 nocivum
2887 5209 2942 5255 et
2973 5204 3277 5271 profectum
3320 5207 3556 5262 homini-

1986 5284 2088 5337 bus
2149 5287 2413 5351 praestari.
2462 5288 2874 5345 Anathetnatizo
2930 5294 3247 5349 invocantes
3306 5299 3555 5364 quaedam

1982 5374 2270 5443 (la-monia,
2312 5393 2543 5447 quorum
2584 5383 2753 5450 prima
2808 5396 3071 5440 vocantur
3118 5388 3280 5452 Soru,
3337 5390 3554 5446 Soehan

1980 5474 2032 5518 et
2061 5466 2254 5532 Arche,
2285 5476 2336 5521 et
2371 5484 2464 5537 per
2503 5486 2564 5524 ea
2600 5471 2805 5526 Lunam
2839 5474 2964 5528 inde
2995 5476 3060 5529 ad
3104 5493 3162 5531 se
3196 5481 3553 5544 attrahentes.

1985 5570 2037 5612 ct
2060 5559 2455 5631 interrogantes
2498 5564 2642 5617 illam
2674 5565 2741 5619 de
2772 5567 2967 5635 quibus
3012 5569 3278 5637 placet....
3314 5573 3552 5627 Anathc-

1988 5650 2184 5703 matizo
2237 5651 2576 5721 imponentes
2630 5656 2808 5712 stellis
2862 5660 3141 5714 hominum
3218 5664 3463 5726 nomina.
3504 5674 3553 5719 et

1987 5758 2079 5812 per
2106 5743 2498 5801 daemoniorum
2534 5749 2850 5817 phantasias
2880 5751 2977 5805 has
2999 5752 3052 5804 in
3082 5753 3313 5810 invicem
3348 5757 3551 5812 moveri

1984 5836 2404 5904 contendentes;
2442 5850 2493 5894 et
2526 5840 2595 5894 ita
2628 5841 2903 5908 dicentes;
2936 5844 3088 5897 stella
3120 5847 3310 5904 talis...
3342 5850 3549 5903 stellam
