4212 6432
280 390 417 456 1345

1411 393 1509 452 DE
1545 391 1781 451 FESTO
1819 385 1955 438 ΤΗΣ
1988 385 2408 440 ΔΚΛΘΙΣΤΟΥ.

3393 386 3531 450 1346

280 509 472 576 ττήρια
504 499 652 578 ᾖδον,
693 504 786 556 καὶ
816 503 1002 572 ελεγον
1023 520 1035 534 ο
1081 504 1149 558 Ἠ
1173 503 1342 568 δεξιά
1375 521 1514 567 σου,
1549 506 1744 573 Κύριε,
1773 504 1862 556 δε-

1964 504 2016 558 in
2054 503 2167 558 hare
2201 501 2365 557 verba
2408 513 2646 567 panxere
2686 517 2698 550 :
2737 497 2961 551 Dextera
2994 507 3107 562 tua,
3139 496 3383 561 Domine,
3415 517 3531 552 ma—

278 597 562 661 ἳόεααται
607 597 676 650 ἐν
720 598 920 664 ισχύτο
976 599 1015 665 ἠ
1061 597 1230 661 δεξιά
1271 613 1387 650 σου
1437 597 1600 665 χεὶρ,
1636 601 1848 666 Κύριε,

279 688 566 755 ἔθραυσεν
592 685 869 756 ἐχθροὺς.
889 687 990 740 καὶ
1011 688 1090 751 τῷ
1113 688 1331 753 πλήθει
1372 685 1484 755 τῆς
1517 686 1703 755 δόξης
1730 704 1848 742 σου

271 782 643 850 συνέτριψας
671 780 815 845 τοὺς
843 783 1269 846 ὑπεναντίους.

344 872 453 923 Καὶ
487 870 632 922 οὕτω
668 870 768 940 μὲν
793 872 821 921 ὁ
854 870 1161 941 παράφρων
1185 870 1436 937 Χαγάνος
1484 869 1681 940 πλήθει
1726 870 1849 922 δυσ.

275 963 566 1033 αριθμήτῳ
612 960 1081 1032 ἐπιστρατεύσας,
1116 963 1234 1032 μετ’
1268 961 1531 1033 αἰσχύνης
1587 963 1851 1030 ὑπέστρε-

274 1053 372 1121 ψεν
393 1070 406 1083 ’
438 1053 642 1121 ὁμοίως
654 1052 746 1104 καὶ
767 1053 828 1104 τὸ
846 1053 1110 1122 Περτικὸν
1130 1054 1444 1123 στράτευμα
1468 1056 1497 1106 δ
1518 1055 1845 1123 ἐπαγαγὼν,

280 1147 430 1213 χεῖρα
478 1142 574 1195 ἐπὶ
605 1143 836 1211 στόματι
877 1143 1012 1215 θεὶς.
1049 1145 1143 1196 καὶ⁵
1177 1144 1237 1195 τὸ
1279 1143 1569 1215 πρόσωπον
1609 1146 1852 1212 καλυψά-

279 1252 438 1305 μενος
459 1273 474 1296 ,
507 1236 616 1289 ἀπὸ
656 1235 766 1288 τῶν
813 1235 1084 1288 τοσούτων
1117 1237 1368 1306 χιλιάδων
1389 1276 1403 1300 ,
1451 1237 1853 1306 εὐαριθμήτους

281 1328 736 1396 συνεπαγόμενος,
767 1327 882 1397 μετ’
912 1327 1176 1398 αἰσχύνης
1217 1329 1314 1396 τὴν
1346 1327 1478 1380 ίδίαν
1510 1328 1692 1398 χώραν
1725 1345 1851 1380 συν-

280 1418 492 1472 έλαϐεν.
528 1419 714 1481 Οὕτως
745 1422 777 1488 ή
823 1422 923 1487 τῆς
974 1419 1124 1481 θείας
1165 1420 1476 1488 οἰκονομίας
1516 1423 1609 1472 καὶ
1652 1422 1851 1488 ἀγαθός-

282 1526 436 1578 τητος
470 1511 760 1580 ὑπουργὸς,
799 1511 833 1580 ή
865 1511 1105 1578 παναγία
1135 1514 1229 1563 καὶ
1264 1511 1638 1582 ὑπεράμωμος
1669 1512 1853 1565 Θεοτόο

279 1615 392 1662 ως,
458 1600 491 1669 ἡ
547 1598 656 1652 τῶν
713 1599 1057 1668 Χριστιανῶν
1114 1599 1352 1670 κραταιά
1406 1599 1720 1666 ἀντίληψις,
1756 1598 1853 1666 τῆς

281 1691 406 1759 περὶ
450 1692 594 1760 ἡμᾶς
636 1691 973 1761 ἀντιλήψεως
1004 1692 1102 1761 τὴν
1139 1692 1292 1762 ἰσχὺν
1324 1689 1673 1755 ἐπεδείξατο*
1712 1689 1854 1741 οὕτω

280 1782 526 1851 μεγάλην
573 1783 706 1851 ἡμῖν
744 1787 838 1835 καὶ
882 1782 1184 1853 παράδοξον
1230 1782 1331 1851 τὴν
1374 1783 1649 1850 σωτηρίαν
1699 1781 1855 1849 κεχά-

279 1891 482 1939 οισται,
509 1868 728 1945 ἧστινος
759 1875 1080 1945 εὐεργεσίας
1104 1878 1181 1937 εἰς
1216 1875 1546 1944 ἀνάμνησιν,
1579 1876 1680 1943 τὴν
1711 1889 1852 1942 παρ·
1883 1855 1926 1909 Β

280 1965 440 2018 οὖσαν
515 1965 750 2036 ὲτησίως
817 1967 1092 2036 πανδημεὶ⁹
1149 1966 1369 2033 σύνιξιν
1434 1966 1715 2036 ποιοῦμεν,
1760 1965 1853 2017 καὶ

281 2057 573 2128 παννύχιον
601 2061 807 2127 ἄγομεν
827 2058 1043 2129 ἑορτήν,
1064 2058 1521 2130 εὐχαριστηρίους
1546 2059 1688 2129 ᾠδάς
1713 2059 1849 2128 αὐτῇ

281 2149 678 2220 προσφέροντες
697 2166 711 2178 ·
745 2149 880 2202 ἀλλὰ
909 2149 1081 2202 ταῦτα
1115 2151 1215 2220 μὲν
1245 2151 1300 2215 ἐς
1329 2149 1606 2204 τοσοῦτον.

347 2260 500 2311 Μετὰ
533 2260 889 2330 παραδρομὴν
943 2261 1000 2313 δὲ
1053 2262 1259 2332 χρόνων
1301 2263 1598 2334 τριάκοντα
1632 2264 1726 2314 καὶ
1752 2261 1850 2328 ἐξ,

280 2350 375 2418 τὴν
408 2349 685 2420 βασιλείαν
729 2353 1002 2416 ἰθύνοντος
1041 2355 1451 2406 Κωνσταντίνου
1509 2355 1600 2407 τοῦ
1649 2356 1853 2424 [ιωγω.

283 2443 461 2508 νάτου,
491 2443 651 2496 πάλιν
690 2445 955 2498 κατέλαϐε
974 2445 1035 2498 τὸ
1063 2446 1171 2498 τῶν
1215 2447 1528 2517 Ἀγαρηνῶν
1565 2448 1768 2517 σμῆνος
1796 2450 1853 2499 ὲν

281 2533 452 2603 στόλῳ
483 2533 705 2605 μεγάλῳ
734 2536 835 2604 τήν
862 2534 1269 2588 Κωνσταντίνου
1302 2537 1476 2597 πόλιν.
1507 2538 1600 2588 καὶ
1640 2554 1848 2606 παραυο

285 2625 424 2689 τίκα,
457 2626 853 2696 προσώρμισαν
897 2629 965 2697 τῇ
998 2627 1247 2697 παραλίῳ
1278 2628 1370 2680 τοῦ
1420 2627 1680 2697 Ἐὕδόμου
1705 2646 1719 2659 ο
1760 2629 1849 2695 ὑφ’

280 2711 354 2769 ὧν
404 2720 706 2788 ναυμαχίαι
759 2718 1102 2791 καθεκάστην
1143 2722 1406 2788 ἐγίνοντο,
1465 2721 1574 2773 ἀπὸ
1631 2721 1849 2790 ἐαρινοῦ

281 2808 472 2880 καιροῦ
522 2811 685 2880 μέχρι
727 2810 1156 2881 φθινοπωρινοῦ·
1194 2812 1457 2882 χειμῶνος
1495 2813 1553 2864 δὲ
1601 2814 1850 2879 ἐπιγενο-

282 2902 475 2970 μένου,
538 2904 935 2972 περαιούμενος
985 2905 1013 2954 ό
1066 2904 1176 2955 τῶν
1233 2904 1566 2975 Σαρακηνῶν
1622 2904 1848 2967 στόλος,

280 2993 566 3062 ιχείμαζεν
592 2996 650 3046 ἐν
685 2995 908 3065 Κυζίκῳ
943 3013 956 3027 ·
996 2997 1088 3050 καὶ
1145 2994 1307 3048 πάλιν
1338 2995 1641 3064 ἀρχομένου
1691 2995 1849 3065 ἔαρος

280 3086 490 3137 ἐκεῖθεν
509 3087 863 3154 ἀναγόμενος,
893 3089 1094 3157 ὁμοίως
1131 3086 1226 3139 τοῦ
1257 3087 1341 3139 διὰ
1364 3087 1638 3156 θαλάσσης
1678 3089 1854 3156 εἴχετο

1951 597 2205 666 gniﬁcata
2227 605 2304 648 est
2331 596 2386 646 in
2400 592 2671 660 fortudine
2701 591 2960 658 :jdextera
2987 599 3106 650 tua.
3140 588 3385 655 Domine,
3411 607 3532 658 per-

1952 688 2113 741 cussit
2150 687 2461 745 inimicum,
2497 693 2544 736 et
2595 683 2651 734 in
2695 681 3037 736 multitudine
3071 680 3255 749 gloria:
3282 690 3387 734 tua:
3412 697 3536 734 con-

1954 780 2146 832 tria-isti
2177 778 2415 830 inimicos
2443 776 2482 828 ‘.

2033 868 2122 921 Sic
2161 875 2341 920 autem
2369 866 2634 934 insipiens
2663 864 2987 931 Chaganus,
3026 862 3120 933 qui
3153 863 3535 916 innumerabili

1952 960 2301 1014 multitudine
2364 957 2764 1023 expeditionem
2824 955 3073 1020 fecisset,
3133 955 3400 1010 confusus
3450 971 3540 1009 re-

1953 1067 2143 1106 versus
2166 1061 2250 1104 est
2286 1068 2299 1103 :
2335 1049 2499 1104 simili
2524 1064 2743 1118 quoque
2770 1050 3001 1109 ratione,
3028 1049 3121 1116 qui
3145 1049 3376 1103 ducebat
3413 1047 3538 1100 Per-

1955 1159 2138 1197 sarum
2164 1144 2492 1204 exercitum,
2521 1156 2740 1194 manuzn
2771 1141 2850 1193 ori
2883 1141 3190 1208 imponens,
3225 1156 3286 1193 ac
3326 1141 3534 1194 vultum

1954 1232 2227 1300 Operiens,
2257 1246 2458 1299 paucos
2477 1244 2661 1284 secum
2706 1243 2734 1281 e
2766 1238 2844 1281 tot
2875 1228 3113 1282 millibus
3152 1229 3378 1291 ducens,
3411 1246 3534 1283 cum

1955 1325 2160 1392 pudore
2202 1323 2255 1374 in
2305 1337 2457 1375 suam
2493 1321 2644 1374 venit
2684 1321 2986 1388 regionem.
3019 1321 3075 1374 In
3116 1321 3258 1374 hunc
3291 1323 3535 1385 modum,

1955 1414 2152 1469 divinae
2189 1414 2508 1468 oeconomia:
2567 1428 2630 1466 ac
2676 1412 2942 1466 bonitatis
2976 1413 3242 1475 ministra,
3273 1414 3359 1466 illa
3408 1428 3536 1465 san-

1954 1507 2195 1562 ctissima
2229 1521 2562 1576 prorsusque
2603 1506 2951 1559 immaculata
2984 1505 3076 1559 Dei
3125 1505 3366 1560 Genitrix
3392 1548 3406 1571 ,
3436 1524 3536 1577 po-

1956 1609 2078 1654 tens
2107 1601 2192 1652 illa
2225 1599 2664 1654 Christianorum
2695 1599 2964 1662 defensio,
2987 1614 3100 1653 sua:
3129 1598 3181 1652 in
3219 1614 3319 1654 nos
3347 1601 3538 1654 defen-

1956 1689 2128 1742 sionis
2165 1689 2460 1756 potentiam
2485 1689 2721 1741 ostendit
2758 1704 2771 1739 :
2809 1688 2886 1740 sic
2923 1703 3116 1756 magna
3154 1703 3251 1742 nos
3286 1703 3348 1742 ac
3371 1690 3539 1744 mira-

1958 1783 2050 1836 bili
2088 1782 2266 1836 salute
2295 1780 2594 1850 impertivit
2620 1780 2710 1844 ;in
2735 1781 2890 1849 cujus
2920 1782 3165 1835 beneficii
3193 1783 3539 1846 memoriam,

1956 1883 2277 1944 prasentetn
2310 1885 2446 1942 quot
2487 1874 2648 1926 annis
2683 1872 2963 1927 collectam
3000 1874 3166 1927 totius
3201 1873 3382 1942 populi
3407 1889 3541 1928 con-

1955 1975 2120 2018 ventu
2170 1964 2464 2017 solemnem
2507 1964 2753 2030 agimus,
2800 1973 3122 2032 noctemque
3170 1972 3340 2018 totam
3395 1965 3538 2018 cele-

1955 2057 2106 2111 brem
2133 2058 2411 2120 habentes,
2439 2057 2617 2111 cidem
2643 2072 2738 2126 pro
2763 2057 3060 2126 gratiarum
3105 2058 3323 2110 actione
3351 2057 3536 2112 olferi-

1955 2165 2077 2203 ntus
2107 2151 2446 2203 canticorum
2494 2151 2729 2213 tandem,
2761 2160 2924 2218 atque
2957 2151 3070 2204 hac
3106 2151 3394 2204 hactenus.

2033 2258 2251 2320 Verum,
2303 2259 2392 2311 ubi
2423 2259 2534 2326 jam
2576 2257 2703 2312 anni
2741 2272 2832 2313 se!
2874 2273 3038 2328 supra
3074 2259 3292 2328 triginta
3325 2259 3409 2326 (5),
3437 2259 3506 2312 ab

1956 2351 2085 2403 hinc
2136 2349 2492 2412 ellluxissent,
2563 2349 2925 2404 Constantino
2980 2351 3258 2420 Pogunato
3320 2363 3539 2421 regente

1954 2442 2265 2509 imperium.
2296 2445 2495 2496 iterum
2527 2442 2902 2512 Agarenorum
2920 2459 3149 2496 examen
3182 2442 3538 2511 ingentiCon-

1958 2535 2368 2601 stantinopolim
2397 2536 2575 2589 classe
2617 2535 2770 2601 petit,
2810 2535 3100 2604 statimque
3143 2535 3356 2604 appulsi
3386 2545 3538 2596 sunt,

1956 2628 2021 2679 ad
2049 2640 2265 2696 portum
2295 2626 2564 2681 Hebdomi
2615 2627 2736 2696 (6);
2774 2627 3019 2695 quotidie
3063 2641 3189 2681 vero
3228 2627 3536 2681 committe-

1957 2718 2085 2772 bant
2116 2719 2328 2773 navalia
2355 2720 2565 2788 praelia,
2597 2735 2624 2773 a
2661 2734 2788 2772 vere
2812 2721 2878 2772 ad
2915 2729 3238 2773 autumnum
3263 2759 3278 2781 ,
3309 2728 3537 2787 tumque

1957 2807 2135 2861 ltieme
2176 2808 2426 2862 veniente
2492 2807 2943 2868 transfretabaut.
2996 2823 3058 2862 ac
3103 2806 3283 2878 Cyzici
3329 2807 3538 2861 hiema-

1957 2900 2091 2954 bant
2121 2918 2134 2954 :
2167 2901 2479 2972 iterumque
2501 2902 2724 2955 ineunte
2761 2917 2884 2954 vere
2938 2900 3064 2954 inde
3092 2901 3312 2954 reducta
3343 2900 3537 2965 classe,

1958 2992 2121 3046 simili
2174 2993 2335 3045 modo
2377 2993 2608 3047 navibus
2668 2993 2847 3061 praelia
2906 2992 3132 3045 inibant.
3193 2993 3328 3046 Cum
3363 2993 3538 3060 itaque

1956 3084 2155 3138 bellum
2219 3085 2272 3138 in
2337 3101 2508 3139 annos
2563 3096 2770 3154 septem
2821 3094 3154 3154 protractum
3223 3083 3438 3147 fuisset,
3477 3100 3537 3138 ac

281 3172 540 3241 πολέμου.
581 3174 751 3226 Ἐπτὰ
790 3172 881 3228 οὖν
919 3177 1060 3228 ἔτεσι
1090 3177 1184 3228 τοῦ
1238 3176 1477 3244 πολέμου
1527 3176 1889 3245 διαρκέσαν-ο(

1956 3179 2151 3230 classis
2194 3177 2592 3232 Saracenorum
2647 3193 2811 3231 nares
2856 3179 3154 3244 plurimas,
3210 3178 3537 3246 multosque,

280 3280 393 3328 τος,
425 3269 451 3318 ὁ
481 3267 587 3318 τῶν
627 3268 962 3336 Σαρακηνῶν
986 3269 1168 3331 στόλος
1201 3269 1495 3338 πάμπολλα
1529 3269 1687 3321 πλοῖα
1712 3272 1851 3322 ἀπο-

282 3355 483 3421 ὅαλὼν,
517 3360 609 3409 καὶ
646 3360 873 3421 πολλοὺς
925 3361 1020 3412 καὶ
1059 3360 1490 3430 ἀναριθμήτους,
1540 3362 1634 3412 καὶ
1685 3362 1851 3430 μαχί-

285 3463 417 3516 μους
463 3449 682 3517 ἄνδρας,
714 3450 794 3503 ἔτι
839 3468 898 3503 τε
939 3452 1198 3521 πλείστην
1231 3452 1430 3523 σκευὴν
1453 3445 1527 3505 ὧν
1556 3454 1855 3522 ἐπεφέρετο

281 3541 902 3614 χρειωδῶν,ὐπέστρεψε
934 3546 1200 3597 καὶαὺτὸε
1229 3546 1480 3615 διακενής
1519 3548 1598 3608 είς
1625 3548 1693 3599 τά
1717 3546 1851 3599 ίδιαο

282 3631 377 3681 καὶ
404 3632 461 3682 ὲν
491 3634 602 3694 τοῖς
629 3635 819 3703 μέρεσι
849 3633 944 3686 τοῦ
970 3635 1197 3686 Συλαίου
1221 3619 1530 3704 γενόμενος.
1572 3637 1676 3688 ὑπὸ
1723 3653 1854 3705 σφο-

281 3722 423 3791 δρῶν
456 3725 549 3774 καὶ
573 3725 844 3794 ραγδαίων
876 3727 1093 3794 ἀνέμων
1136 3728 1580 3781 ἑπιπνευσάντων
1641 3727 1850 3792 αὐτοῖς,

283 3814 424 3866 κατὰ
449 3814 662 3868 δικαίαν
695 3815 863 3884 ὀργὴν
889 3815 981 3868 τοῦ
1017 3815 1175 3878 Θεοῦ,
1203 3818 1371 3886 ἄρδην
1403 3817 1671 3871 ἀπώλετο.
1697 3818 1854 3870 υῦτω

282 3906 427 3956 κατὰ
465 3904 755 3975 διαφόρους
801 3909 1024 3976 καιροὺς
1072 3910 1196 3978 τῇδε
1232 3912 1298 3979 τῇ
1344 3909 1530 3963 θεόθεν
1586 3910 1853 3978 φυλαττο-

288 3996 424 4064 μένῃ
476 3996 628 4047 πόλει
681 3996 1113 4065 προοὸάλλοντες
1175 3999 1224 4051 οξ
1281 3998 1577 4070 ἀλιτήριοι,
1635 3999 1703 4052 τὰ
1755 3999 1855 4068 τῆς

284 4086 585 4153 μανιώδους
636 4089 811 4157 ὁρμῆς
855 4089 1034 4141 αὐτῶν
1080 4091 1544 4160 ἀποπληροῦντες,
1582 4091 1854 4161 ἄπρακτοι

283 4179 377 4229 καὶ
407 4177 668 4247 αἰσχύνης
703 4179 929 4251 πλήρεις
961 4181 1337 4252 ὑπέστρεφον..

372 4271 534 4323 Ἀλλὰ
567 4272 728 4324 πάλιν
754 4311 769 4334 ,
806 4272 928 4325 ἐπεὶ
955 4273 1223 4327 πάντοθεν
1253 4275 1438 4337 αὐτοῖς
1480 4277 1512 4345 ή
1568 4275 1852 4328 δυναστεία

282 4363 420 4434 ήροη
487 4365 624 4436 πρὸς
686 4365 936 4435 μέγεθος,
986 4368 1082 4420 καὶ
1131 4369 1241 4421 ἀπὸ
1298 4369 1569 4422 ἀνατολῶν
1624 4369 1717 4422 καὶ
1768 4370 1853 4422 δυο

282 4456 436 4524 σμῶν
479 4455 715 4526 ηὐξήθη,
759 4458 854 4509 καὶ
887 4460 967 4522 είς
1030 4459 1229 4526 πλῆθος
1262 4461 1526 4526 ἐπέδωκε,
1587 4463 1851 4531 πρότερον

1957 3283 2056 3322 nec
2094 3268 2251 3322 facile
2284 3269 2668 3333 numerabiles,
2694 3279 2857 3338 atque
2896 3271 2948 3322 in
2978 3269 3108 3336 illis,
3145 3269 3432 3323 bellatores
3455 3271 3535 3320 vi.

1957 3375 2046 3414 ros
2074 3376 2139 3415 ac
2189 3372 2463 3427 strenuos,
2525 3363 2849 3427 amisiSset;
2904 3363 2968 3414 ad
3034 3364 3145 3415 huic
3198 3378 3327 3416 vero
3369 3363 3536 3415 multa

1952 3450 2167 3518 jactura
2199 3451 2492 3506 necessarii
2525 3462 2868 3506 commeatus
2902 3451 3092 3507 fuisset
3119 3470 3145 3517 ι
3166 3452 3281 3520 ipsa
3321 3469 3536 3521 quoque

1959 3542 2140 3595 inanis
2188 3541 2252 3594 ad
2295 3557 2395 3596 sua
2430 3557 2645 3595 reversa
2677 3551 2759 3595 est
2796 3561 2808 3596 :
2860 3557 3096 3610 cumque
3132 3544 3198 3596 ad
3240 3543 3398 3612 Sylri
3451 3559 3533 3596 vc-

1957 3631 2131 3685 nisset
2155 3640 2334 3700 partes
2390 3633 2490 3702 (7),
2523 3632 2829 3686 vehementi
2873 3643 3157 3686 ventorum
3208 3633 3426 3686 turbine
3453 3635 3529 3701 ja-

1957 3731 2124 3788 ctata,
2155 3739 2248 3793 per
2283 3723 2484 3792 justam
2513 3722 2604 3777 Dei
2646 3724 2780 3777 iram
2841 3726 3055 3793 penitus
3094 3724 3266 3777 deleta
3307 3733 3409 3778 est.
3463 3724 3535 3778 Ita

1957 3816 2188 3870 diversis
2215 3816 2552 3885 temporibus
2578 3816 2718 3870 hanc
2749 3831 2775 3868 a
2813 3815 2922 3869 Deo
2940 3826 3320 3870 conservatam
3347 3817 3534 3869 urbem

1956 3906 2140 3959 miseri
2173 3906 2247 3960 illi
2279 3908 2622 3970 adorientes,
2663 3907 2866 3960 furoris
2896 3908 2978 3959 sui
3033 3908 3294 3976 impetum
3351 3907 3534 3977 exple-

1957 3997 2088 4059 turi,
2125 4012 2182 4052 re
2215 3997 2437 4063 infecta,
2467 4013 2531 4053 ac
2547 3998 2870 4053 confusione
2897 3998 3061 4068 pleni,
3093 3999 3270 4052 coacti
3295 4008 3424 4053 sunt
3453 4015 3533 4052 tc-

1958 4088 2096 4143 dirc.

2029 4274 2240 4329 Rursus
2275 4287 2475 4340 tamen,
2509 4279 2652 4347 quod
2690 4293 2879 4332 eorum
2911 4276 3215 4331 dominatio
3252 4278 3532 4346 undequa-

1953 4383 2060 4438 que
2101 4369 2152 4421 itt
2191 4370 2396 4438 majora
2423 4379 2695 4424 crementa
2723 4372 3103 4439 promovisset,
3128 4381 3290 4438 atque
3314 4370 3382 4423 ab
3411 4380 3534 4424 ortu

1954 4462 2019 4514 ad
2073 4477 2331 4516 occasum
2392 4474 2551 4516 aucua
2603 4472 2769 4526 esset,
2825 4477 2889 4515 ac
2938 4462 3282 4515 multitudine
3304 4459 3532 4524 diffusa;

282 4548 383 4617 μὲν
434 4549 733 4602 κατέλαῦον
787 4551 884 4621 τὴν
939 4551 1048 4603 τῶν
1100 4553 1325 4622 Περσῶν
1381 4552 1697 4621 βασιλείαν·
1753 4552 1889 4608 εἷθί

1957 4554 2192 4622 primum
2223 4554 2442 4623 quidem
2469 4563 2728 4624 ceperunt
2771 4553 3063 4608 Persarum
3099 4569 3324 4620 regnum
3348 4569 3362 4616 ;
3390 4561 3529 4605 tum-

277 4637 470 4701 οὕτως,
505 4638 605 4708 τήν
665 4641 938 4708 Αἴγυπτον
991 4644 1086 4695 καὶ
1145 4643 1372 4711 Λιὸύην,
1417 4643 1647 4707 διδόντες
1695 4645 1850 4712 λόγον

274 4733 386 4792 τοῖς
411 4731 778 4799 Χριστιανοῖς,
808 4735 880 4795 ὼς
903 4736 963 4786 οὺ
997 4735 1276 4804 βιάσονται
1309 4737 1502 4799 αὐτοὺς
1535 4737 1848 4806 παραϐῆναι

276 4824 374 4892 τὴν
413 4823 714 4893 ἀμώμητον
757 4827 853 4879 καὶ
908 4827 1186 4896 ὀρθόδοξον
1219 4830 1297 4890 είς
1324 4829 1557 4898 Χριστὸν
1590 4829 1680 4881 τὸν
1713 4829 1847 4881 Θεὸν

347 5001 367 5032 ⁶
398 4997 568 5054 Exod.
605 5018 694 5059 xv.
731 5002 786 5055 θ.

345 5183 424 5252 (5)
465 5183 660 5256 Incidit
699 5191 917 5252 tempus
958 5187 1061 5239 hoc
1115 5187 1167 5238 in
1201 5183 1464 5254 Pogonati
1499 5201 1693 5249 annos,
1730 5188 1852 5256 qui-

276 5251 378 5306 bus
410 5255 534 5306 vivo
556 5255 733 5306 adhuc
777 5251 924 5324 patre
975 5251 1354 5323 imperavilfa
1391 5259 1593 5325 quibus
1625 5251 1785 5311 etiam
1820 5259 1853 5310 6

274 5327 547 5399 synodus,
574 5325 718 5399 _ejus
785 5326 996 5399 itupcrii
1039 5341 1214 5380 annos
1251 5332 1557 5382 numeravit
1596 5345 1609 5381 :
1651 5345 1756 5399 qua
1790 5334 1853 5384 de

274 5408 330 5447 re
359 5397 585 5465 satisiad
621 5398 749 5448 Acta
779 5397 1037 5465 dejttsdent
1080 5399 1291 5465 synodi.

339 5465 418 5533 (6)
467 5464 705 5517 Marcell.
763 5463 980 5524 Comes.
1040 5463 1277 5521 et'lltst.
1337 5468 1572 5522 Miscella
1629 5479 1848 5532 vocant,

274 5536 595 5601 Septimum.
633 5535 762 5589 Erat
797 5538 1119 5590 suburbium
1156 5540 1842 5606 Constantinopolitanum,

269 5617 487 5679 srpt_etn_
503 5607 824 5679 milliaribus
855 5608 925 5679 ab
954 5613 1088 5679 urbe
1119 5610 1616 5679 Constantinopoli.

346 5676 424 5747 (7)
462 5677 550 5747 Sic
571 5677 735 5729 etiam
766 5678 827 5729 S.
854 5678 1214 5747 Nicephorus,
1244 5680 1379 5747 πρὸς
1409 5676 1517 5741 τοῖς
1546 5680 1841 5744 πελάζουσι

264 5748 359 5799 τοῦ
392 5746 619 5798 Συλαίου
653 5747 955 5815 γενόμενοι·
990 5746 1088 5800 inhi
1132 5764 1237 5801 non
1273 5746 1408 5804 bene
1451 5753 1738 5817 interpres,
1770 5755 1838 5805 ad

267 5818 499 5882 Syfu'um
533 5833 679 5870 mare
726 5820 941 5887 propius
980 5822 1231 5872 accedunt
1258 5837 1273 5871 .·
1306 5822 1448 5874 aliud
1475 5836 1537 5874 ex
1578 5823 1684 5875 alio
1716 5827 1834 5877 t'ctl-

1958 4662 2064 4715 que
2096 4646 2386 4717 IEgypIttm
2413 4655 2470 4700 ct
2511 4648 2772 4708 Africam,
2814 4647 2996 4715 jurata
3040 4645 3374 4699 Christianis
3407 4645 3531 4706 ﬁde,

1959 4746 2017 4789 ut
2044 4753 2111 4789 ne
2143 4752 2238 4791 eus
2269 4737 2596 4806 inculpatum
2627 4750 2941 4807 rectamque
2977 4736 3029 4790 in
3054 4735 3329 4791 Christum
3362 4735 3530 4789 Deum

1957 4840 2206 4884 nostrum
2237 4831 2416 4895 fidem,
2449 4831 2792 4900 pracvaricari
2823 4839 3079 4900 cogerent
3119 4849 3132 4884 :
3160 4846 3324 4899 quam
3351 4840 3530 4885 tamen

1954 5189 2089 5243 deus
2115 5191 2391 5257 proprium
2426 5204 2649 5251 nomen,
2686 5189 2994 5256 adjectione
3039 5189 3126 5242 illa
3177 5190 3388 5244 litterae.
3426 5188 3528 5242 Zo-

1956 5274 2074 5311 nar.
2110 5257 2240 5311 Cum
2273 5257 2459 5312 classis
2493 5259 2730 5326 reliquiw
2752 5260 2871 5327 jam
2906 5261 2973 5310 ad
3004 5258 3234 5328 Sylteum
3266 5263 3527 5326 pervenis-

1954 5340 2091 5389 sent,
2140 5339 2244 5382 etc.
2287 5328 2510 5382 Videtur
2544 5331 2979 5396 promontorium
3029 5331 3250 5396 aliquod
3287 5331 3338 5382 in
3369 5329 3526 5381 Pam.

1954 5402 2164 5470 phylia,
2199 5399 2354 5470 cujus
2408 5399 2641 5468 Sylzeus,
2677 5400 2791 5467 ipsa
2825 5402 3012 5452 eadem
3055 5415 3118 5452 ac
3151 5401 3336 5467 Perge,
3377 5411 3434 5453 ut
3475 5404 3527 5452 in

1947 5468 2072 5538 jure
2114 5468 2603 5531 Graeco-Romano,
2644 5471 2961 5536 metropolis
3007 5478 3164 5533 erat;
3211 5486 3525 5539 quanquam

1954 5544 2068 5610 ipsa
2098 5544 2272 5608 posita
2303 5550 2421 5591 erat
2473 5543 2539 5592 ad
2594 5541 2989 5592 mediterranea
3037 5558 3047 5592 :
3088 5542 3229 5592 unde
3257 5551 3308 5592 et
3345 5543 3524 5595 subdit

1952 5611 2151 5671 Zonar,
2183 5613 2227 5664 si
2259 5612 2347 5678 qui
2378 5611 2683 5664 evasissent
2720 5626 2785 5662 ex
2824 5611 2926 5665 hoc
2962 5611 3266 5679 naufragio,
3298 5628 3384 5663 eos
3424 5611 3522 5664 Ci-

1947 5684 2300 5751 byraeotarunt
2331 5681 2515 5733 ducem
2561 5681 2845 5740 delenisse;
2899 5681 3178 5751 nimirum.
3230 5683 3282 5734 itt
3334 5683 3521 5734 eadem

1942 5749 2069 5806 asia
2113 5752 2333 5811 minori.
2374 5754 2463 5808 ubi
2498 5763 2774 5818 ponuntur
2806 5751 2926 5802 dna:
2949 5749 3180 5818 Cihyrae,
3211 5753 3375 5806 altera
3403 5768 3520 5805 ma-

1945 5824 2024 5884 ior
2058 5824 2107 5876 in
2143 5823 2372 5882 Pltt'vgia
2403 5839 2416 5882 ;
2456 5825 2633 5875 minor
2666 5824 2832 5874 altera
2875 5821 2925 5872 in
2957 5822 3166 5875 Cilicia.
