4212 6432
281 396 418 460 1349

1412 388 1508 448 DE
1549 386 1780 447 FESTO
1815 380 1951 434 ΤΗΣ
1990 379 2407 434 ΔΚΛΘΐΣΤυΥ.

3406 389 3541 453 1350

276 527 370 580 χρι
424 511 531 560 τῶν
584 506 826 559 Γαλάτου
885 501 1073 555 ἁλύσει
1133 499 1466 558 κωλυθέντες
1517 498 1619 550 οὐκ
1680 497 1858 566 ἴσχυον

1967 502 2116 563 parte
2156 494 2323 547 altera
2353 493 2428 562 (9)
2462 493 2528 547 ad
2584 493 2870 548 adversam
2903 493 3108 548 Galatae
3152 509 3375 564 partem,
3411 520 3541 572 pro-

276 601 499 670 ποιῆσαι
522 599 659 668 ὅπερ
690 597 1008 665 προέθεντο.

359 689 820 750 ’Δνακλασθέντες
870 687 950 750 δὲ,
986 685 1218 756 ἀνῆλθον
1270 685 1347 746 εἰς
1393 682 1455 735 τὸ
1491 681 1715 734 στενόν·
1761 681 1853 733 καὶ

275 784 531 853 ὥρμισαν
578 783 647 834 τὰ
680 781 842 833 πλοῖα
885 777 1064 830 αὐτῶν
1090 778 1168 839 είς
1199 775 1260 828 τὸ
1296 775 1587 844 λεγόμενον
1643 772 1854 826 Σωσθέο

277 893 411 938 νιον,
443 873 536 926 καὶ
572 872 652 934 είς
696 872 919 940 ἐτέρους
955 869 1328 940 βραχυτάτους
1388 866 1634 935 λιμένας,
1660 858 1734 916 ὧν
1788 862 1854 915 τά

276 966 468 1024 πλείω,
504 963 610 1016 ὑπὸ
649 962 916 1032 χειμῶνος
955 958 1186 1029 σφοδροῦ
1243 959 1338 1011 καὶ
1373 955 1685 1024 πνεύματος
1731 971 1856 1006 συν-

279 1055 649 1124 εθλάσθησαν,
697 1051 757 1117 ἐξ
797 1049 870 1105 ῶν
897 1053 967 1105 τά
1000 1051 1226 1122 μείζονα
1264 1050 1314 1103 οἱ
1349 1049 1610 1117 Ῥωμαῖοι
1649 1062 1858 1116 πυρπο-

280 1148 530 1201 πολοῦσι.
589 1149 698 1199 Καὶ
736 1150 769 1216 ὴ
833 1147 931 1216 μὲν
988 1146 1144 1208 πόλις
1185 1144 1606 1211 ἐστενοχωρεῖτο
1647 1138 1856 1208 τροφάς

219 1243 222 1245 “
283 1240 360 1308 μὴ
391 1239 608 1309 ἔχουσα,
635 1239 788 1289 αὐτοὶ
818 1238 874 1289 δὲ
915 1237 1096 1290 πάντα
1138 1235 1373 1304 ἀφειδῶς
1404 1234 1470 1285 τά
1510 1229 1858 1302 προστυγχά-

279 1348 438 1383 νοντα
467 1331 850 1398 ἀφανίσαντες,
889 1330 984 1383 καὶ
1007 1329 1171 1398 μηδὲν
1191 1329 1269 1389 εἰς
1291 1326 1607 1396 ἀποτροφὴν
1649 1323 1858 1376 ἑαυτῶν

278 1422 753 1484 καταλελοιπότες,
812 1423 890 1482 είς
944 1419 1204 1488 τοιαύτην
1255 1416 1585 1486 περιέπεσον
1626 1416 1858 1483 ἀπορίαν

279 1516 462 1586 λιμςῦ,
496 1516 570 1578 ὡς
597 1515 816 1584 σαρκῶν
841 1512 1197 1583 ἀνθρωπίνων
1229 1509 1490 1574 καὶζώων
1519 1510 1858 1578 τεθνηκότων

279 1607 714 1676 ἀπογεύσασθαι.
749 1607 1018 1676 ’Ὕστερον
1048 1606 1104 1657 δὲ
1137 1606 1230 1657 καὶ
1261 1602 1357 1674 τὴν
1388 1603 1739 1673 ἀνθρωπίνην
1767 1605 1857 1655 κό-

281 1717 418 1770 προν
467 1700 606 1770 μετά
650 1698 988 1769 βραχυτάτου
1032 1700 1356 1766 φυράματος
1389 1694 1856 1765 προσμάττοντες,

279 1794 376 1846 καὶ
409 1792 765 1859 ἐξοπτῶντες
791 1791 1050 1859 κλιϐάνῳ,
1083 1788 1269 1859 ἧσθιον
1310 1802 1322 1816 ·
1368 1785 1510 1838 ὥστε
1562 1787 1626 1838 ὲκ
1670 1786 1857 1838 τούτου

277 1884 505 1946 πολλοὺς
552 1883 663 1937 τῶν
699 1881 1016 1951 ὀνομαστῶν
1069 1880 1248 1933 αὐτῶν
1307 1878 1398 1932 καὶ
1451 1876 1737 1948 μαχητῶν,
1787 1879 1856 1947 τῇ

278 1979 431 2031 πόλει
493 1977 859 2048 προσρυῆναι.
907 1976 1012 2027 Καὶ
1064 1974 1349 2041 Αἰγύπτιοι
1418 1972 1537 2042 μὲν,
1570 1971 1858 2030 διώκοντες

276 2070 402 2134 τους
427 2069 486 2134 ἐξ
532 2070 765 2140 Ἰσραὴλ,
795 2067 1242 2130 Κατέδυσανεις
1257 2065 1457 2129 ,ϐυθὸν
1484 2062 1627 2117 ὡσεὶ
1659 2063 1852 2126 λίθος·

277 2162 541 2232 satira-rs
570 2161 680 2231 γὰρ
701 2162 792 2214 ἐπ’
833 2160 1056 2225 αὐτοὺς
1084 2160 1293 2226 Κύριος
1325 2159 1392 2211 τὸ
1423 2156 1579 2224 ὕδωρ
1604 2155 1712 2221 τῆς
1765 2158 1860 2208 0a-

279 2253 667 2320 λάσσης,καὶ
715 2253 913 2316 πόντῳ
969 2251 1280 2318 ἐκάλυψεν
1307 2251 1551 2314 αὐτούς.
1607 2247 1860 2318 Σαρικη-

277 2347 361 2400 νοὶ
421 2346 480 2398 δὲ
520 2345 811 2414 φεύγοντες
844 2343 937 2413 ἀφ’
965 2345 1144 2413 ἡμῶν,
1176 2346 1243 2395 τά
1305 2341 1445 2396 α’)τά
1495 2340 1704 2401 τούτοις
1763 2356 1855 2391 πε⁴

279 2438 532 2492 πὸνθασι.
571 2437 809 2493 Δαίλαπι
844 2439 952 2504 γάρ
979 2437 1073 2488 καὶ
1102 2434 1377 2502 καταιγίδι
1404 2435 1651 2501 ξενοφυεῖ
1675 2449 1732 2484 τε
1765 2432 1859 2485 καὶ

282 2529 666 2601 βρασματὼδει
707 2532 848 2583 κατά
877 2530 1173 2591 θάλασσαν,
1210 2527 1395 2597 σχεδὸν
1425 2528 1570 2587 ἄπας
1604 2528 1808 2587 ἐκεῖνος
1832 2527 1859 2577 ὁ

279 2623 552 2691 χιλιόναυς
573 2621 791 2674 διόλωλε
833 2621 1039 2682 στόλος.
1075 2622 1230 2673 Κατὰ
1262 2619 1371 2688 γάρ
1405 2618 1464 2670 τὸ
1490 2619 1717 2684 Αἰγαῖον
1764 2616 1858 2667 πέ-

281 2714 446 2782 λαγος
470 2712 564 2765 τοῦ
615 2713 868 2766 πλείστου
926 2712 1113 2763 στόλου
1174 2710 1595 2774 κατλπλέοντος,
1651 2707 1860 2777 χάλαζα

283 2808 381 2875 μὲν
414 2806 472 2870 ἐξ
497 2805 726 2876 ούρανοῦ
757 2805 1065 2875 κατηνέχθη
1110 2803 1385 2874 ραγδαίως
1421 2818 1433 2831 ·
1472 2801 1662 2871 ῶσπερ
1694 2801 1749 2853 δὲ
1778 2799 1861 2852 σίο

279 2898 441 2966 δηρος
467 2896 544 2966 τῷ
580 2900 706 2968 ⁴ιιυρὶ
762 2895 1171 2966 προσομιλήσας
1218 2892 1609 2963 ἀναθερμαίνει
1636 2893 1695 2944 τὸ
1752 2891 1858 2960 ψυο

283 2990 435 3059 χρὸν,
463 2989 605 3042 οὕτω
634 2989 697 3058 δὴ
725 2991 817 3040 καὶ
839 2989 888 3040 oi
918 2991 1016 3056 τῆς
1043 2987 1284 3057 χαλάζης
1319 2985 1475 3050 λίθοι,
1513 2987 1624 3047 τοῖς
1659 2985 1858 3038 θαλατ-·

281 3083 413 3144 τίοις
467 3081 734 3150 ῥεύμασιν
789 3080 1140 3149 ἐμπεσόντες,
1178 3077 1483 3148 ἀναϐράσαι
1535 3077 1706 3130 ταῦτα
1762 3095 1859 3129 πε·

1958 585 2108 640 hibiti
2139 596 2266 640 sunt
2294 585 2344 639 id
2387 596 2642 654 prastare
2675 586 2819 656 quod
2849 588 3225 643 decreverant.

2027 677 2104 731 Eo
2123 692 2378 732 sueccssu
2411 679 2649 731 animum
2671 679 3088 749 despondentes,
3115 696 3236 736 sese
3290 683 3342 736 in
3371 700 3538 753 angu-

1957 776 2099 823 stum
2132 771 2314 824 sinum
2344 781 2661 837 receperunt
2689 788 2702 835 ;
2745 786 2954 839 suaque
2978 773 3188 840 navigia
3229 774 3294 826 ad
3324 786 3538 843 portum

1957 863 2160 916 dictum
2185 861 2533 914 Sosthcuium
2584 863 2832 931 aliosque
2865 866 3281 933 angustissimos
3320 870 3544 936 appule-

1960 969 2107 1021 runt,
2145 973 2210 1012 ac
2255 971 2382 1027 pars
2432 958 2607 1025 major
2667 960 2839 1012 valida
2895 969 3212 1028 tempestate
3265 977 3328 1016 ac
3382 979 3542 1017 vento

1959 1051 2193 1106 cantrita
2225 1060 2372 1115 sunt,
2398 1066 2633 1119 quorum
2662 1053 2865 1119 majora
2896 1050 3124 1107 Romani
3162 1057 3539 1112 incenderunt.

1959 1144 2036 1196 Ac
2090 1142 2310 1212 quidem
2355 1143 2550 1195 civitas
2580 1143 2825 1196 ciborum
2893 1151 3116 1211 penurLa
3174 1150 3538 1205 metabatur:

1962 1238 2146 1289 hostes
2205 1251 2335 1288 vero
2362 1251 2484 1288 cum
2529 1235 2687 1288 obvia
2745 1253 2972 1305 qna-que
3015 1239 3166 1291 nullo
3223 1241 3540 1295 discrimine

1959 1331 2359 1388 devastasseut,
2397 1330 2640 1397 nihilque
2674 1329 2738 1380 ad
2764 1333 3131 1383 necessariqu
3170 1343 3535 1386 cmnmcattnn

1962 1418 2062 1469 sibi
2097 1417 2467 1485 reliquissent,
2500 1420 2551 1470 in
2580 1434 2700 1470 eam
2739 1434 2971 1472 annonae
2999 1426 3275 1485 penurimn
3335 1426 3538 1478 redacti

1963 1519 2110 1572 Sunt,
2135 1519 2190 1562 ut
2214 1525 2390 1576 neque
2414 1511 2480 1564 ab
2509 1509 2762 1564 hunanis
2785 1511 3068 1574 carnibus,
3097 1521 3191 1564 aut
3218 1514 3537 1568 animalium

1966 1600 2106 1651 ultro
2143 1610 2480 1654 mortuorum
2516 1603 2876 1657 cadaveribus
2910 1604 3290 1658 abstinuerint.
3323 1609 3462 1672 Quin
3487 1620 3542 1662 et

1965 1701 2176 1759 postea,
2221 1692 2457 1745 humana
2527 1695 2642 1762 ipsa
2707 1704 2972 1758 stercora,
3029 1695 3228 1764 exiguo
3277 1696 3542 1753 fertnento

1971 1783 2306 1854 subigentes,
2359 1800 2422 1837 ac
2462 1785 2676 1838 clihano
2734 1800 3119 1853 exenquentes.
3169 1789 3456 1855 esitarunt;
3488 1803 3543 1845 ut

1962 1878 2082 1930 ideo
2112 1879 2264 1931 multi
2297 1878 2437 1930 inter
2472 1877 2593 1932 illos
2628 1880 2726 1930 viri
2760 1879 3020 1943 illustres,
3078 1896 3140 1934 ac
3175 1881 3342 1938 fortes
3371 1885 3541 1939 bella-

1961 1977 2127 2034 tores,
2161 1970 2214 2023 in
2259 1969 2447 2022 urbem
2489 1971 2682 2039 dilapsi
2711 1972 2840 2024 sint.
2901 1972 2980 2026 Ac
3012 1971 3246 2044 ngyptii
3297 1978 3540 2044 quidem.

1961 2071 2350 2131 persequentes
2385 2062 2660 2126 Isracleu.,
2700 2063 2925 2116 demersi
2956 2075 3077 2118 sunt
3114 2067 3168 2118 in
3218 2068 3542 2136 profundum

1958 2156 2094 2207 sicut
2122 2155 2280 2224 lapis:
2316 2155 2527 2208 induxit
2574 2157 2710 2208 enim
2748 2155 3026 2218 Dominus.
3051 2177 3210 2228 super
3256 2178 3342 2214 eos
3377 2179 3542 2230 aquas

1959 2248 2146 2312 maris,
2178 2257 2225 2300 et
2256 2257 2414 2315 ponto
2446 2249 2648 2315 operuit
2673 2249 2819 2301 eos".
2851 2249 2916 2301 At
2962 2246 3250 2304 Saracenis
3300 2251 3483 2320 fugam
3513 2271 3541 2307 a

1960 2338 2120 2392 nobis
2178 2340 2589 2406 arripit-ntibns,
2673 2339 2862 2392 eadem
2921 2341 3258 2396 acciderunt.
3338 2343 3541 2399 Oltorta

1960 2432 2229 2500 siquidem
2264 2433 2520 2497 procella,
2566 2433 2915 2502 insolitaque.
2951 2449 3013 2486 ac
3067 2436 3248 2503 magni
3284 2447 3451 2491 iustus
3487 2437 3538 2490 in

1961 2528 2098 2580 mari
2154 2537 2495 2596 tempestate,
2549 2536 2658 2580 tota
2696 2542 2830 2595 pene
2880 2528 3179 2581 tnillenaria
3242 2530 3331 2584 illa
3355 2532 3545 2586 classis

1962 2621 2140 2688 periit.
2171 2619 2307 2674 Cum
2357 2620 2501 2672 enim
2556 2635 2678 2686 pars
2720 2621 2952 2672 maxima
3010 2621 3075 2672 ad
3126 2619 3370 2689 ligatum
3399 2639 3545 2677 nare

1961 2716 2294 2779 navigasset,
2339 2711 2607 2764 horrenda
2629 2711 2836 2780 grando
2866 2727 2894 2764 e
2918 2713 3058 2765 caelo
3084 2698 3300 2766 cedidit.
3336 2712 3542 2778 Quent-

1962 2804 2255 2857 admodum
2311 2814 2516 2867 autem,
2557 2803 2604 2856 si
2659 2804 2798 2872 ignis
2831 2803 2975 2857 ferro
3016 2806 3257 2867 accedat,
3295 2817 3540 2859 naturam

1962 2893 2214 2962 frigidam
2243 2895 2295 2946 in
2333 2894 2573 2947 calorem
2631 2894 2813 2959 solvit;
2845 2896 2924 2947 sic
2975 2910 3107 2949 sane
3151 2905 3205 2950 et
3261 2896 3542 2967 grandinei

1963 2987 2178 3056 lapides
2199 2987 2422 3041 marinis
2476 2985 2730 3040 ﬂuctibus
2780 2987 2927 3052 illisi,
2981 2997 3111 3041 :lett
3145 2989 3382 3057 quodam
3431 2989 3545 3044 fer-

1962 3078 2144 3130 vidum
2194 3075 2495 3140 faciebant;
2546 3091 2723 3144 eoque
2773 3085 2909 3130 aastu
2966 3077 3231 3132 dissoluta
3283 3080 3398 3148 pice
3430 3095 3537 3147 qua

283 3175 568 3240 ποιὴκασι,
602 3175 695 3226 καὶ
733 3173 811 3242 τῷ
841 3173 1066 3240 τοιούτῳ
1114 3172 1345 3241 βρασμῷ
1373 3170 1719 3240 διαλυθείσης
1765 3171 1858 3240 τῆς

1973 3171 2210 3222 hostium
2258 3183 2427 3223 naves
2471 3169 2722 3222 obducta:
2761 3178 2938 3233 erant,
2971 3170 3386 3238 inspicientibus
3417 3187 3544 3224 oeu-

281 3264 772 3333 ὲπικεχρωσμένης
800 3265 997 3334 πίσσης
1029 3266 1147 3325 ταῖς
1180 3263 1370 3315 ὁλκάσι
1417 3260 1525 3314 τῶν
1561 3263 1856 3330 πολεμίων,

283 3353 532 3421 ιύθωρὸν
557 3354 634 3425 τῷ
692 3355 838 3425 βυθῷ
896 3355 1243 3417 κατεδύοντο,
1287 3355 1416 3408 δέκα
1452 3356 1609 3425 μόνον
1676 3356 1859 3417 αὐτοῖς

283 3446 708 3515 περισωθέντων
762 3447 982 3500 πλοίων.
1024 3448 1137 3499 Καὶ
1175 3443 1242 3518 ἦν
1280 3447 1408 3500 ἰδεῖν
1435 3449 1492 3499 ὲν
1518 3447 1719 3508 πάσαις
1743 3448 1859 3508 ταῖς

282 3540 486 3606 νήστις,
511 3540 706 3602 ἀκταῖς
734 3556 793 3593 τε
827 3542 919 3592 καὶ
957 3539 1238 3610 προϐόλοις
1265 3541 1499 3609 λιμένων
1528 3542 1620 3592 καὶ
1651 3540 1856 3608 ὅρμων,

286 3631 527 3700 σωρηδὸν
561 3633 688 3693 τοὺς
721 3633 948 3700 νεκροὺς
981 3634 1161 3684 αὐτῶν
1189 3633 1636 3703 διερριμμένους.

352 3723 540 3776 Ταῦτα
601 3723 701 3793 μὲν
766 3725 982 3777 ἅπαντα
1055 3727 1142 3789 εὶς
1198 3724 1408 3793 γενεὰν
1468 3722 1700 3791 ἑτέραν,
1730 3723 1860 3790 ψαλ-

285 3815 460 3883 μικῶς
491 3817 685 3880 εἰπεῖν,
712 3816 1180 3884 διηγείστωσαν,
1216 3816 1312 3868 καὶ
1335 3815 1480 3868 ana»
1516 3818 1687 3884 στόμα
1722 3816 1858 3883 Χρι-

284 3907 537 3970 στιανῶν,
566 3909 961 3979 προσφωνείτω
987 3910 1051 3962 τὸ
1086 3909 1228 3978 ἱερὸν
1244 3908 1424 3976 λόγιον
1457 3909 1593 3977 μετά
1622 3907 1714 3960 τοῦ
1750 3912 1857 3959 Δα-

279 3998 386 4066 οἰδ,
414 4000 662 4067 λέγοντος
704 4017 719 4032 ο
751 4001 856 4064 Σὺ,
891 4000 1081 4072 Κύριε,
1112 4002 1484 4069 συνέτριψας
1527 4001 1631 4065 τὰς
1677 4015 1859 4068 κεφα-

352 4176 558 4231 ⁷Ειοό.
613 4192 701 4239 xv,
755 4177 806 4231 5.
883 4175 1067 4232 ‘Psal.
1099 4192 1174 4243 Cl,
1205 4176 1290 4232 l9.

377 4357 431 4425 9)
464 4356 664 4410 Eodem
714 4371 876 4410 sensu
929 4354 1298 4425 Synaxarium
1332 4355 1536 4408 editum
1558 4397 1572 4420 ,
1606 4353 1713 4408 ἀπὸ
1749 4354 1859 4406 τῶν

284 4426 525 4482 Γαλάτου
569 4426 674 4489 ἕως
720 4427 795 4496 τά,
831 4426 1008 4496 τείχηο
1059 4437 1116 4479 ιιι
1171 4438 1320 4480 totus
1369 4428 1484 4494 ipse
1518 4427 1862 4496 clauderetur

1968 3261 2032 3314 lis
2073 3261 2344 3331 profundo
2395 3262 2798 3330 mergebantur;
2851 3273 2908 3316 ut
2953 3272 3165 3316 tantum
3198 3263 3386 3317 decem
3428 3265 3543 3333 (l0)

1969 3355 2370 3408 incolumes'ex
2401 3370 2466 3407 eo
2496 3353 2785 3423 naufragio
2842 3356 3242 3424 superaverint.
3304 3357 3545 3426 Eratque

1969 3444 2174 3509 videre,
2235 3445 2426 3498 insulis
2487 3446 2764 3509 omnibus,
2823 3448 3066 3516 orisque,
3126 3447 3418 3512 littoribus,
3482 3465 3544 3503 ac

1969 3538 2375 3604 promontoriis,
2410 3551 2599 3590 eorum
2631 3547 2879 3593 mortuos
2919 3535 3217 3592 acervatim
3262 3540 3388 3596 hinc
3420 3540 3544 3597 inde

1968 3637 2276 3698 congestos.

2037 3724 2179 3773 Sane
2213 3735 2341 3773 vero
2379 3721 2630 3773 universa
2680 3720 2813 3786 lucc,
2875 3729 2934 3775 ut
2963 3720 3160 3788 loquar
3198 3738 3322 3776 cum
3390 3723 3542 3778 Psal-

1965 3812 2148 3876 ntista,
2201 3821 2513 3864 enarrentur
2563 3812 2618 3864 in
2673 3813 3010 3880 generatione
3059 3811 3315 3866 altera':
3369 3828 3542 3882 osque

1962 3918 2126 3957 omne
2153 3903 2583 3957 Christianorum
2651 3919 2866 3957 sacrum
2925 3903 3054 3957 illud
3106 3904 3384 3958 oraculum
3417 3920 3540 3960 eum

1967 3996 2172 4052 Davide
2241 3999 2616 4062 acclamet,ac
2668 3997 2862 4052 dicat:
2921 3997 3307 4053 Contributasti
3363 4001 3541 4066 capita

1965 4363 2138 4430 erant,
2167 4368 2388 4430 quarum
2424 4360 2666 4430 quaedam
2708 4355 2903 4430 auailii
2929 4356 3130 4423 ferendi
3167 4361 3360 4426 gratia,
3392 4377 3539 4430 qua--

1969 4425 2092 4474 dam
2126 4425 2376 4476 mercium
2417 4425 2752 4490 appulerant,
2787 4428 2927 4479 intra
2956 4425 3183 4481 catenas
3210 4425 3421 4490 sistunt,
3450 4450 3539 4485 ar-

282 4500 459 4552 sinus.
489 4496 604 4569 No_n
639 4493 1005 4569 meminerunt
1037 4496 1200 4564 hujus
1236 4507 1439 4569 catenae
1484 4497 1543 4569 S_.
1591 4495 1858 4569 Nicepho-
1894 4511 1938 4567 [ι
1969 4493 2226 4546 bitt-antes
2258 4511 2319 4569 ea
2344 4509 2398 4545 se
2428 4499 2633 4548 ratione
2667 4497 2988 4569 εειῖειιιειινωιΔ
3004 4500 3151 4551 aditu
3176 4503 3371 4569 regiam
3392 4505 3537 4554 clas-

281 4585 378 4622 rus
411 4583 510 4621 nec
560 4565 759 4619 Zonar.
793 4565 1063 4619 Laonicus
1101 4580 1280 4618 tamen
1321 4567 1356 4619 l.
1395 4581 1467 4618 vn
1505 4567 1860 4620 Turciearum

280 4653 490 4700 rerum,
517 4640 600 4689 vel
629 4637 900 4697 eamdem,
924 4637 1006 4688 Vcl
1034 4636 1266 4689 similem
1283 4636 1565 4690 describit.
1595 4637 1685 4688 Sic
1716 4636 1860 4689 enim

282 4710 360 4761 ait
404 4721 715 4776 supremam
751 4706 902 4776 urbis
960 4707 1581 4776 Cottstatrtinopolitatne
1619 4707 1864 4758 obsidio-

283 4793 406 4830 nem
435 4771 713 4846 referens:
746 4775 1005 4846 Ἕλληνες
1035 4777 1133 4846 μὲν
1155 4771 1247 4846 οὖν
1272 4771 1344 4846 ῶς
1376 4776 1862 4828 ἐπύθοντοὲπιέναι

285 4848 436 4913 σφίσι
470 4847 558 4898 τὸν
600 4845 826 4912 βασιλέα
866 4846 1053 4897 στόλου
1097 4845 1184 4896 διὰ
1226 4845 1538 4915 θαλάσσης,
1578 4846 1742 4907 πέδας
1779 4862 1862 4897 σι-

282 4918 453 4987 δηρᾶς
489 4916 868 4987 διατείνοντες,
925 4917 1032 4987 ἀπὸ
1068 4916 1167 4987 τῆς
1202 4915 1324 4967 κατ’
1363 4917 1592 4985 ἀντικρὺ
1630 4916 1858 4987 πόλεως,

282 4983 447 5048 egure
499 4987 673 5054 τεῖχος
714 4983 808 5036 τοῦ
853 4985 1174 5055 Βυζαντίου,
1229 4988 1377 5054 παρὰ
1426 4983 1536 5055 τὴν
1565 4985 1861 5054 ἀκρόπολιν

282 5058 644 5124 καλουμένην.
682 5057 788 5107 Καὶ
819 5058 918 5117 τάς
946 5072 1003 5106 τε
1030 5054 1185 5116 ναῦς,
1229 5056 1350 5107 ὅσαι
1389 5054 1579 5125 ἔτυχον
1612 5071 1860 5122 παραγε-

282 5129 507 5196 νόμεναι
551 5125 738 5190 αὑτοῦ,
771 5126 825 5178 αἱ
865 5127 963 5193 μὲν
995 5127 1131 5195 μετά
1183 5125 1534 5194 ξυμμαχιῶν,
1568 5127 1622 5178 αἱ
1664 5126 1719 5176 δὲ
1767 5125 1860 5176 καὶ

282 5195 552 5265 ἐμπορίας
608 5197 791 5265 χάριν,
831 5199 1088 5262 φέροντες
1126 5196 1462 5247 καθίστασαν
1500 5199 1556 5258 ἐς
1605 5197 1702 5256 τάς
1759 5198 1857 5247 πέ-

281 5263 398 5325 δας”
455 5265 549 5318 καὶ
589 5263 731 5317 οὕτω
777 5265 1078 5336 διενοοῦντο
1114 5265 1436 5317 διακωλύειν
1468 5268 1560 5318 τὸν
1595 5265 1857 5336 βασιλέως

285 5337 490 5394 στόλον.
527 5338 602 5404 μὴ
635 5333 890 5403 παριέναι
924 5337 1075 5398 εἴσω,
1108 5338 1163 5396 ἐς
1191 5339 1280 5387 τον
1315 5333 1606 5400 Βυζαντίου
1638 5337 1854 5405 λιμένα.

285 5408 472 5474 Διήκει
508 5408 617 5476 γάρ
654 5405 823 5476 ἐντὸς,
848 5407 939 5457 ἐπὶ
972 5406 1205 5468 σταδίοις
1255 5411 1395 5458 κατὰ
1430 5407 1530 5476 μὲν
1559 5408 1657 5476 τὴν
1705 5407 1857 5458 πόλιν

280 5475 630 5544 ὀγδοήκοντα·
662 5478 753 5527 ἐπὶ
783 5475 840 5528 δὲ
872 5476 971 5546 τὴν
1004 5476 1170 5544 ἄλλην
1214 5475 1441 5548 ᾕπειρον
1463 5477 1584 5548 τῆς
1615 5475 1814 5548 χώρας
1839 5515 1853 5540 ,

283 5549 374 5599 ἐπὶ
419 5549 615 5598 ἑκατὸν
655 5548 745 5598 καὶ
794 5545 1150 5617 πεντήκοντα.
1198 5545 1366 5600 Cra-ci
1416 5547 1503 5599 ubi
1555 5545 1857 5600 intellexere

281 5621 560 5670 adversum
591 5633 645 5669 se
676 5617 960 5670 adventare
990 5621 1214 5669 classem
1248 5619 1468 5686 regium,
1502 5628 1714 5670 catenas
1742 5620 1852 5684 [er-

282 5703 399 5739 reas
447 5689 511 5739 ab
551 5687 698 5750 urbe,
731 5702 848 5755 qua
897 5703 962 5740 ea:
1006 5687 1223 5756 adverso
1274 5697 1388 5739 erat
1436 5689 1671 5756 (nempe
1716 5687 1852 5740 l’era

282 5774 376 5810 seu
426 5758 638 5824 Galata)
681 5757 1023 5810 extenderunt
1062 5758 1114 5809 in
1164 5755 1411 5824 Byzantii
1453 5755 1660 5823 portum
1691 5757 1854 5824 juxta

281 5844 453 5881 arcem
487 5845 644 5888 quam
692 5837 895 5880 vocant.
938 5826 1110 5881 Naves
1148 5840 1425 5894 pra'tercu,
1470 5839 1714 5894 quotquot
1752 5828 1853 5879 ad-

1966 4579 2095 4628 sent,
2151 4581 2215 4616 ne
2265 4565 2404 4616 intra
2443 4576 2651 4631 portum
2691 4566 2908 4622 ueniret.
2962 4566 3018 4620 Is
3059 4572 3198 4622 enim
3234 4565 3311 4622 ad
3357 4576 3536 4626 urbem

1964 4644 2110 4700 patet
2152 4635 2344 4692 stadiis
2392 4637 2715 4705 octuuginta,
2761 4640 2913 4703 mque
2963 4639 3313 4692 continentem
3371 4643 3536 4695 aliam

1965 4721 2074 4778 sese
2099 4705 2321 4778 porrigit
2353 4706 2544 4778 stadiis
2572 4717 2780 4778 centum
2813 4717 2860 4758 et
2891 4708 3295 4778 quinquaginta.
3335 4710 3534 4766 Eadem

1965 4774 2078 4827 fere
2125 4773 2384 4837 Franzes,
2433 4776 2468 4829 l.
2513 4792 2594 4840 III,
2625 4791 2674 4828 c.
2703 4775 2756 4838 8,
2799 4790 2857 4830 ut
2891 4773 2945 4831 et
2995 4773 3176 4833 Sabe].
3218 4781 3269 4832 in
3308 4782 3535 4837 historia

1964 4849 2154 4918 Venet.
2206 4845 2245 4918 _l.
2296 4860 2408 4918 vn,
2445 4849 2586 4913 apud
2635 4863 2796 4918 quem
2841 4853 3008 4902 turris
3060 4851 3149 4902 illa
3202 4851 3343 4918 apud
3392 4852 3536 4908 Lao-

1965 4915 2147 4989 nieum
2205 4916 2568 4989 innotuinata,
2618 4917 2898 4971 Gallorum
2946 4921 3115 4973 turris
3168 4915 3470 4989 appellatur
3519 4942 3532 4978 :

1965 4986 2031 5058 ab
2082 5000 2272 5038 eorum
2325 4985 2474 5058 forte
2517 4990 2770 5056 praesidio
2827 4989 2955 5040 dum
3018 4991 3149 5042 urbe
3200 4985 3534 5058 potirentur.

1963 5052 2180 5107 Grande
2211 5071 2349 5122 opus
2386 5052 2549 5124 hujus
2578 5069 2805 5117 catenae,
2842 5069 2897 5110 ut
2929 5070 3109 5112 tamen
3144 5052 3390 5115 tradente
3428 5063 3539 5115 Deo

1964 5125 2269 5192 nequiverit
2299 5124 2506 5197 Tu_r_cas
2538 5143 2696 5197 portu
2732 5129 3048 5196 prohibere.
3085 5130 3156 5182 De
3195 5133 3410 5186 dualms
3437 5149 3532 5184 ea-

1963 5194 2580 5272 tentquuibusXet-ces
2607 5194 2950 5272 Bosphorum
2977 5201 3205 5272 revinxit
3234 5202 3374 5254 haud
3408 5217 3535 5272 pro-

1962 5265 2050 5337 cul
2098 5265 2594 5336 Constantinopoli,
2647 5270 2861 5337 cgrcgie
2913 5268 3104 5322 Gillius
3154 5273 3205 5321 in
3259 5287 3360 5324 suo
3400 5265 3534 5326 Bos-

1963 5334 2156 5412 phoro,
2210 5351 2237 5387 a
2298 5351 2408 5412 quo
2467 5334 2638 5391 etiam
2685 5334 3284 5409 Constantinopolitani
3345 5353 3534 5412 portus

1961 5407 2417 5478 amplior-notitia
2450 5419 2627 5476 potest
2659 5411 2789 5478 peti.

1963 5478 2143 5554 mtto;
2194 5476 2272 5554 _lta
2325 5494 2547 5554 quoque
2606 5476 2870 5554 zonaras,
2923 5481 3131 5554 addens
3183 5482 3424 5550 quinque
3466 5499 3529 5537 cx

1960 5545 2102 5610 illis,
2155 5545 2371 5602 abunde
2401 5545 2601 5614 .captas
2640 5565 2669 5604 a
2719 5551 2985 5606 Romanis
3011 5592 3023 5612 .
3067 5562 3123 5605 ut
3159 5545 3278 5605 alite
3319 5545 3531 5607 tantum

1959 5619 2201 5685 quinque
2237 5621 2618 5686 superaverint
2652 5621 2823 5675 cladis
2875 5624 2940 5675 ad
2988 5637 3118 5675 suos
3158 5624 3384 5676 nuntias.
3434 5624 3528 5675 γι.

1959 5691 2074 5810 ocrli
2106 5697 2280 5756 potest
2305 5690 2363 5742 S.
2390 5687 2615 5760 Nicrph.
2643 5695 2777 5748 satis
2811 5703 3061 5746 accurate
3088 5695 3188 5746 ista
3216 5694 3532 5750 desciibens

1960 5773 2012 5810 ιιι
2072 5774 2246 5810 .eonc.

1960 5773 2012 5810 III
2051 5773 2246 5813 LCOIIL‘.
