4212 6432
282 400 429 465 1353
1599 398 1816 460 ῘΑΜΒῙ
1856 401 1945 461 AS

1861 400 2214 462 ASCETICI.
3392 395 3524 461 1354

280 510 383 561 οὐκ
438 506 689 572 ἀντάξιον
736 508 834 579 μὲν
867 508 1033 563 οὖσαν
1069 511 1187 574 ταῖς
1238 510 1357 573 σαῖς
1385 509 1763 582 εὐεργεσίαις⁹
1800 514 1853 566 τί
1881 519 1943 580 Αι

1881 515 2085 580 Αείιοο,
2126 528 2226 568 ceu
2247 512 2489 568 debitum
2557 512 2653 566 tibi
2712 510 3020 576 offerimus;
3069 523 3181 564 non
3236 510 3383 565 velut
3422 515 3526 566 tuis

280 602 391 671 γὰρ
441 599 506 654 ἂν
553 602 647 653 καὶ
692 601 778 669 εἴη
833 602 1041 654 τούτων
1070 601 1371 667 ’ἀντάξιον;
1414 602 1575 673 πλὴν,
1608 604 1736 672 φίλα
1766 621 1847 658 σοι

1960 619 2199 674 congrue
2227 603 2506 659 beneﬁciis
2533 603 2861 673 respondeat
2886 621 2899 658 :
2921 602 3051 672 quid
3080 602 3226 657 enim
3256 602 3418 657 etiam
3461 603 3529 657 iis

278 695 350 746 τά
376 693 482 746 τῶν
518 693 626 745 σῶν
648 693 852 746 παίδων
881 694 1222 764 ψελλίσματα
1242 710 1255 723 ⁸
1292 695 1387 745 ἐπὶ
1404 696 1461 747 δὲ
1485 698 1596 759 τοῖς
1621 699 1705 749 ὲνε
1717 697 1852 750 στῶ-

1958 710 2262 764 congruum
2306 694 2489 750 haberi
2539 696 2747 766 possit?
2807 697 3090 749 enimvero
3124 695 3296 749 amica
3360 695 3528 748 habes

283 803 336 837 σι
395 786 487 838 καὶ
531 784 794 837 λυποῦσιν
861 787 1043 854 ἡμᾶς,
1120 785 1553 857 παρακαλοῦμεν
1596 790 1695 857 τὴν
1754 791 1851 857 σὴν

1960 789 2197 841 ﬁliorum
2231 786 2619 843 balbutimcnta
2657 807 2673 847 ;
2720 790 2827 842 Pro
2875 790 2942 843 iis
2968 797 3153 842 autem
3205 788 3365 842 malis
3409 803 3531 857 quae

286 877 556 947 ὀξυτάτην
606 875 859 947 βοήθειαν
894 892 907 905 ·
946 876 1178 945 δεόμεθα
1217 878 1315 945 τῆς
1364 878 1461 947 σῆς
1518 879 1854 951 ἀντιλήψεως

1961 878 2242 945 ingruunt,
2271 892 2338 932 ac
2376 878 2534 933 nobis
2590 880 2817 934 molesta
2867 887 3019 944 sunt,
3082 879 3434 934 obsecramus
3472 886 3530 934 ut

280 970 443 1022 λῦσαι
469 969 535 1023 τὰ
555 972 613 1022 ἐν
646 969 725 1039 τῷ
756 970 904 1039 μέσῳ
929 969 1353 1040 προσκόμματα·
1383 970 1735 1025 διασκεδάσαι
1755 971 1855 1041 τὴν

1960 968 2158 1023 festiue
2184 968 2446 1024 auxilium
2488 969 2786 1039 impendas.
2843 971 3118 1038 Rogamus
3152 986 3252 1040 pro
3306 981 3399 1024 tuo
3434 987 3530 1041 pa-

282 1059 586 1129 ὲπέχουσαν
603 1060 748 1128 ἡμᾶς
779 1058 1009 1127 νεφέλην
1029 1076 1087 1111 τε
1120 1058 1217 1111 καὶ
1242 1059 1625 1128 σκοτόμαιναν,
1672 1061 1762 1127 ὑφ’
1786 1056 1854 1129 ἦς

1961 1060 2190 1113 trocinio
2232 1075 2295 1114 ac
2329 1058 2517 1123 tutela,
2558 1067 2619 1112 ut
2678 1060 2836 1115 tollas
2889 1061 3211 1118 oﬂeudicula
3241 1061 3297 1116 iu
3350 1063 3528 1117 medio

280 1150 541 1220 ὥσπερέν
566 1150 907 1220 νυκτομαχίᾳ
937 1150 1208 1220 βάλλομέν
1225 1167 1284 1203 τε
1320 1151 1412 1203 καὶ
1446 1150 1753 1220 βαλλόμεθα
1774 1167 1787 1181 ·
1821 1151 1853 1219 ἢ

1959 1150 2314 1215 etsistentia;
2364 1150 2623 1220 dispellas
2680 1167 2810 1205 vero
2857 1164 3214 1220 occupantem
3271 1154 3523 1208 nebulam

285 1242 486 1311 μᾶλλον
506 1244 701 1303 εἰπεῖν.
718 1241 905 1311 ὥσπερ
922 1242 971 1293 οί
994 1243 1327 1311 μαινόμενοι,
1348 1242 1457 1295 τῶν
1476 1243 1619 1295 ἰδίων
1634 1242 1854 1311 σαρκῶν

1960 1254 2026 1292 ac
2060 1250 2235 1293 atram
2299 1241 2611 1310 caliginem,
2670 1254 2777 1309 qua
2843 1241 3051 1305 czecati,
3107 1256 3205 1295 ceu
3266 1254 3528 1298 nocturna

279 1332 590 1400 ἁπτόμεθα,
618 1332 712 1383 καὶ
735 1331 1038 1401 ἀγνοοῦμεν
1067 1332 1194 1395 τοὺς
1213 1335 1519 1401 συγγενεῖς,
1542 1334 1637 1385 καὶ
1650 1333 1711 1384 τὸ
1731 1332 1857 1399 ὀμό-

1960 1344 2158 1397 pugna,
2190 1328 2448 1383 caedimus
2479 1332 2704 1399 pariter,
2721 1329 3113 1400 caediniurque;
3146 1331 3224 1385 vel
3254 1340 3312 1384 ut
3338 1332 3532 1389 melius

282 1424 447 1490 φυλον
469 1424 568 1476 οὐκ
592 1422 1049 1492 ὲπιγινώσκομεν.
1080 1425 1188 1476 Καὶ
1222 1424 1395 1476 ταῦτα
1428 1422 1855 1492 τολμῶμεντί-

1960 1420 2160 1483 dicam,
2200 1421 2276 1472 uti
2305 1419 2518 1484 furiosi,
2557 1431 2773 1476 nostras
2799 1422 3039 1491 ipsorum
3084 1438 3278 1478 carnes
3324 1423 3531 1480 discer—

282 1534 401 1582 νεςς
436 1517 485 1568 οἱ
518 1515 611 1568 τοῦ
640 1516 803 1570 αὐτοῦ
851 1516 1067 1586 Πατρὺς
1088 1558 1102 1581 ,
1137 1516 1231 1568 τοῦ
1280 1517 1398 1577 ἑνὸς
1443 1515 1683 1585 Χριστοῦ
1704 1557 1719 1581 ,
1749 1515 1851 1582 τῆς

1960 1513 2175 1580 pimus;
2214 1526 2320 1564 non
2380 1513 2725 1580 agnoscimus
2780 1523 3063 1582 cognatos,
3119 1529 3182 1568 ac
3241 1516 3529 1571 contribu-

283 1609 450 1677 αὐτῆς
504 1608 773 1674 πίστεως,
806 1607 900 1659 τοῦ
945 1608 1111 1661 αὑτοῦ
1146 1608 1546 1678 βαπτίσματος,
1590 1607 1688 1677 τῆς
1728 1608 1857 1676 μιᾶς

1960 1607 2038 1659 les
2075 1606 2370 1660 nescimus.
2404 1608 2578 1675 Atque
2602 1608 2713 1662 haec
2749 1608 3016 1662 audemus
3049 1625 3062 1660 :
3100 1606 3330 1673 Quinam
3365 1612 3529 1666 vero?

293 1702 654 1770 Ἐκκλησίας,
688 1702 793 1753 τῶν
832 1700 1013 1755 αὐτῶν
1054 1701 1375 1769 μυστηρίων
1418 1699 1737 1770 ἠξιωμένοι,
1773 1700 1858 1751 ίνα

1961 1696 2064 1760 Qui
2099 1696 2357 1750 nimirum
2397 1695 2716 1767 dignatione
2748 1697 2954 1763 divina,
2995 1698 3244 1751 eumdem
3291 1698 3530 1762 Patrem;

282 1795 359 1864 μὴ
397 1794 555 1862 λόγον
606 1793 983 1863 άποτείνωμεν
1035 1793 1267 1863 μακρόν.
1301 1791 1402 1845 Διὰ
1444 1791 1602 1845 τοῦτο
1627 1790 1859 1844 ἱκετεύο-

1961 1787 2241 1842 Christum
2274 1804 2468 1852 unum,
2518 1791 2762 1843 eamdem
2805 1789 2991 1855 ﬁdem,
3063 1792 3204 1846 idem
3242 1792 3530 1861 baptisma,

284 1902 385 1953 μεν
426 1884 525 1956 τὴν
556 1884 655 1955 σὴν
697 1886 1123 1954 εὐσπλαγχνίαν,
1186 1881 1366 1937 οἶκτον
1399 1883 1585 1935 λαϐεῖν
1627 1882 1720 1935 τοῦ
1763 1882 1856 1934 σοῦ
1893 1875 1935 1929 Β

1893 1875 1935 1929 Β
1968 1893 2131 1932 unam
2164 1880 2488 1945 Ecclesiam,
2524 1892 2867 1937 sacramenta
2905 1883 3218 1937 communia
3255 1885 3336 1954 (ut
3379 1901 3447 1939 ne
3477 1888 3532 1939 in

282 1976 417 2030 λαοῦ
456 1980 550 2030 καὶ
580 1978 681 2046 τῆς
710 1977 1078 2047 κληρονομίας
1122 1993 1239 2041 σου,
1274 1977 1367 2029 καὶ
1392 1975 1585 2045 στῆναι
1625 1974 1858 2042 πρέσϐιν

1962 1971 2183 2041 longum
2226 1988 2410 2028 sermo
2440 1974 2618 2042 abeat)
2651 1974 2936 2029 habemus.
2982 1974 3345 2041 Quamobrem
3404 1992 3534 2047 sup-

282 2071 421 2141 πρὸς
452 2070 543 2122 τὸν
572 2071 635 2124 ὲκ
674 2070 768 2123 σοῦ
802 2070 1063 2139 τεχθέντα
1088 2069 1219 2121 Θεὸν
1255 2068 1434 2139 ἡμῶν,
1468 2069 1562 2121 καὶ
1593 2066 1859 2137 βοηθῆσαι

1960 2064 2126 2132 plices
2157 2064 2514 2119 obsecramus
2547 2075 2697 2119 tuam
2732 2066 3099 2127 clementiam,
3140 2079 3199 2121 ut
3230 2069 3304 2121 tui
3328 2071 3530 2139 p0pnh',

291 2165 392 2234 μὲν
446 2166 577 2233 ἡμῖν
628 2164 697 2216 τά
750 2163 951 2232 ἔσχατα
1008 2162 1434 2227 κινδυνεύουσιν,
1467 2158 1744 2224 ἐξελέσθαι
1803 2158 1858 2211 δὲ

1960 2171 2021 2208 ac
2060 2166 2166 2211 tua:
2218 2157 2550 2212 hareditatis
2606 2158 2941 2225 miserearis,
2983 2160 3243 2230 adsisqne
3301 2161 3533 2216 interce-

278 2259 428 2328 ἡμᾶς
478 2256 773 2327 συμφορῶν
832 2257 1168 2325 ἀνηκέστων.
1218 2254 1379 2326 Ὀρᾷς
1417 2256 1583 2317 ὅσοις,
1629 2248 1673 2306 ὦ
1722 2253 1856 2304 Δέσ-

1960 2248 2098 2304 dens
2130 2249 2270 2318 apud
2313 2259 2498 2303 uatum
2548 2266 2617 2305 ex
2646 2260 2697 2305 te
2728 2250 2892 2305 Deum
2957 2262 3227 2316 nostrum,
3264 2269 3328 2308 ac
3377 2254 3534 2310 nobis

280 2368 462 2416 ποινα,
482 2348 1180 2419 κακοῖςιπεριαντλούμεθα.
1200 2348 1510 2412 Ἀνάστηθι
1530 2346 1641 2400 οὗν
1658 2346 1754 2397 καί
1771 2345 1856 2413 μὴ

1963 2342 2015 2394 in
2046 2351 2295 2397 extremo
2320 2343 2637 2399 constitutis
2685 2344 2925 2413 periculo
2975 2346 3279 2409 auxilieris.
3308 2358 3472 2418 atque
3502 2365 3532 2402 a

278 2438 493 2507 ἁπώσῃ
526 2440 609 2504 εἰς
634 2439 833 2504 τέλος.
864 2438 988 2491 Ἵνα
1014 2439 1070 2490 τί
1098 2438 1165 2490 τὸ
1197 2438 1522 2503 πρόσωπόν
1567 2452 1683 2489 σου
1710 2436 1849 2487 ἁπο-

1960 2434 2256 2502 deploratis
2286 2435 2486 2503 eripias
2514 2434 2941 2491 calamitatibus.
2992 2438 3178 2502 Vides,
3213 2454 3247 2493 o
3278 2439 3531 2503 Domina,

280 2531 580 2599 στρέφεις,
607 2536 703 2584 καὶ
733 2528 1153 2595 ὲπιλανθάνεις
1184 2528 1293 2595 τῆς
1323 2527 1619 2594 πτωχείας
1654 2522 1858 2591 mitur;

1960 2536 2094 2593 quot
2126 2527 2367 2595 undique
2414 2526 2572 2582 malis
2602 2527 3001 2583 absumamur:
3050 2529 3287 2602 Exsurge
3347 2533 3532 2603 igitur,

280 2628 544 2679 Διάλυσον
581 2627 709 2688 τοὺς
759 2624 1140 2694 ἐπικειμένους
1184 2622 1377 2690 φόϐους
1432 2621 1529 2673 καὶ
1573 2620 1809 2688 τρόμους
1844 2634 1856 2647 ’

1962 2628 2009 2669 ct
2045 2619 2347 2687 aegrepellas
2375 2620 2426 2673 in
2453 2620 2633 2687 ﬁnem.
2673 2619 2781 2673 Cur
2834 2622 3021 2689 faciem
3051 2634 3198 2676 tuam
3246 2628 3461 2690 avertis,
3487 2638 3535 2679 et

278 2718 434 2771 ἄνελε
470 2720 568 2781 τὰς
608 2717 944 2787 φιλονείκως
988 2716 1273 2777 ἐνστάσεις
1305 2730 1317 2743 ·
1352 2713 1560 2767 παῦσον
1597 2711 1695 2773 τὰς
1748 2710 1853 2781 μά-

1960 2710 2277 2764 oblivisceris
2295 2713 2485 2782 ineptae
2501 2723 2693 2767 nostra:
2709 2714 2778 2766 “?
2796 2714 3034 2770 Dissolve
3054 2716 3429 2773 incumbentes
3447 2734 3539 2773 no-

278 2827 381 2878 χας
423 2811 515 2862 καὶ
578 2810 704 2870 τοὺς
735 2809 1006 2877 πολέμους
1036 2806 1315 2859 ’κόπασον
1376 2804 1473 2873 τὴν
1524 2803 1642 2856 καθ’
1702 2800 1858 2872 ⁴ἡμῶν

1967 2800 2051 2855 bis
2078 2802 2303 2857 timores
2334 2818 2400 2857 ac
2417 2812 2701 2866 tremores;
2723 2804 2851 2859 tolle
2878 2806 3243 2861 eoutentiosas
3255 2822 3538 2879 opponen-

279 2899 599 2968 κινηθεῖσαν
628 2899 796 2970 ὀργὴν
822 2898 913 2951 τοῦ
944 2898 1080 2950 Θεοῦ
1105 2899 1200 2950 καὶ
1228 2897 1458 2967 θραῦσιν
1488 2912 1502 2925 ·
1532 2895 1859 2962 καταπράῦ-

1963 2892 2095 2946 tium
2114 2909 2355 2964 pugnas;
2376 2896 2502 2951 seda
2519 2912 2729 2967 pugnos
2744 2913 2805 2950 ac
2818 2897 2954 2952 bella
2975 2915 2991 2963 ;
3006 2900 3133 2954 siste
3156 2912 3353 2955 motam
3369 2902 3421 2956 in
3436 2918 3538 2958 nos

278 3009 369 3045 vov
400 2992 496 3055 τὰς
527 2993 585 3045 ὲν
612 2992 688 3061 τῷ
721 2994 872 3061 μέσῳ
909 2991 1124 3053 στάσεις
1158 2990 1253 3042 καὶ
1303 2987 1570 3059 ταραχὰς,
1607 2988 1700 3041 καί¹
1759 3004 1858 3054 γα-

1964 2981 2054 3037 Dei
2093 2982 2228 3038 iram
2245 3001 2306 3039 ac
2326 2986 2741 3053 contritioncm;
2768 3002 3033 3057 compone
3046 2990 3258 3046 medias
3288 3002 3532 3048 nostrum

278 3081 449 3152 λήνην
502 3083 596 3137 καὶ
637 3084 862 3152 εἰρήνην
903 3080 1207 3151 βράὸευσον
1265 3082 1381 3142 τοῖς
1423 3080 1664 3143 οἰκέταις
1709 3097 1808 3133 σου
1841 3096 1854 3111 ’

1962 3077 2258 3131 seditiones
2282 3092 2345 3132 ac
2377 3079 2739 3141 turbatioues,
2772 3079 2989 3149 tuisque
3017 3080 3240 3138 famulis
3268 3086 3540 3155 tranquil-

283 3173 368 3224 ἵνα
427 3174 545 3236 ταῖς
604 3173 824 3236 πολλαῖς
898 3171 1241 3242 εὐεργεσίαις
1277 3170 1687 3241 ζπροστεθείσης
1765 3172 1858 3224 καὶ
1884 3213 1929 3272 C

1884 3213 1929 3272 ϐ
1966 3167 2173 3222 litatem
2203 3185 2266 3224 ac
2302 3185 2489 3238 pacem
2516 3170 2775 3236 concede;
2810 3179 2870 3224 ut
2917 3173 3164 3242 pluribus
3198 3175 3307 3230 illis
3333 3178 3538 3232 benefi-

279 3264 507 3335 ταύτης,
542 3265 1011 3336 άνακηρύττωμεν
1037 3264 1330 3325 διαπαντὸς
1362 3263 1431 3315 τὰ
1465 3262 1532 3316 σά
1563 3262 1850 3333 τεράστια.
1889 3260 1929 3272 ⁷

1889 3260 1929 3272 "
1962 3260 2083 3325 ciis,
2117 3262 2317 3329 quibus
2341 3277 2443 3317 uos
2472 3263 2789 3325 cumulasti,
2816 3264 3104 3319 accedente
3135 3265 3397 3323 bent-ﬁcio
3417 3270 3536 3333 hoc.

1962 3360 2053 3405 tua
2087 3353 2331 3423 prodigia
2368 3355 2704 3424 sempiterno
2729 3358 3005 3424 praeconio
3034 3358 3395 3416 celebremus.

362 3451 502 3506 Ἀλλ’
554 3450 785 3505 ἐνταῦθα
830 3451 1135 3521 γενόμενοι,
1170 3449 1268 3503 καὶ
1295 3450 1363 3503 τὰ
1392 3449 1539 3503 ἱστία
1567 3447 1662 3501 τοῦ
1694 3448 1854 3516 λόγου

2028 3444 2147 3499 Huc
2176 3454 2357 3499 autem
2389 3447 2623 3501 deducto
2648 3462 2923 3512 sermone,
2962 3464 3029 3505 ac
3053 3450 3179 3520 ejus
3211 3453 3540 3510 contrahen-

278 3544 631 3613 χαλάσαντες,
678 3544 757 3605 είς
809 3544 899 3595 τὸν
959 3542 1179 3613 ἀσφαλῆ
1229 3543 1327 3613 τῆς
1389 3540 1600 3611 σιωπῆς
1663 3540 1856 3611 ὡρμή-

1960 3545 2041 3592 tes
2074 3538 2206 3601 vela,
2236 3538 2301 3591 ad
2336 3547 2510 3591 tutum
2540 3538 2739 3592 silentii
2773 3549 2988 3609 portum
3040 3543 3395 3610 applicemus;
3437 3546 3542 3603 hoc

281 3652 465 3704 σωμεν
531 3634 754 3705 λιμένα·
830 3636 1005 3687 ἐκεῖνο
1066 3635 1228 3687 πάλιν
1300 3636 1427 3697 τοὺς
1499 3634 1855 3704 συνειλεγμέ-

1963 3628 2158 3681 iterum
2195 3626 2554 3682 admonentes
2591 3628 2877 3683 collectum
2932 3640 3159 3696 emtum,
3230 3644 3291 3687 ut
3350 3650 3419 3689 ne
3452 3635 3537 3690 iu-

279 3744 404 3791 νους
462 3728 895 3797 ἀναμνήσαντες,
935 3726 1009 3797 μὴ
1057 3727 1377 3797 ἀγνώμονας
1439 3727 1673 3796 φανῆναι
1726 3727 1853 3796 περὶ

1957 3718 2098 3787 grati
2126 3733 2251 3787 erga
2278 3719 2573 3774 beneﬁcam
2596 3735 2661 3773 ac
2682 3720 2965 3775 Dominam
2995 3723 3303 3792 videamur;
3338 3741 3536 3797 neque,

278 3817 377 3887 τὴν
412 3818 691 3887 εὐεργέτιν
739 3818 834 3869 καί
864 3817 1162 3871 Δέσποιναν
1186 3832 1199 3846 °
1245 3816 1385 3888 μηδὲ
1427 3817 1512 3870 διὰ
1542 3817 1650 3869 τῶν
1675 3816 1851 3885 ἔργων

1957 3811 2051 3880 qui
2078 3811 2213 3880 ipsis
2250 3811 2416 3866 rebus
2456 3812 2720 3866 beneﬁcio
2773 3813 2947 3869 simus
2974 3816 3175 3882 atl'ecti,
3218 3817 3300 3871 vel
3340 3821 3529 3873 saltem

278 3909 793 3979 εῦεργετουμένους,
826 3911 1005 3961 ὀκνεῖν
1030 3907 1128 3978 τὴν
1153 3908 1241 3961 δια
1276 3906 1384 3959 τῶν
1420 3906 1596 3973 λόγων
1627 3906 1853 3975 εὐχαρισ-

1957 3904 2139 3959 verbis
2174 3904 2470 3973 gratiarum
2504 3906 2776 3961 actionem
2823 3907 3016 3963 oﬂ‘erre
3054 3910 3390 3979 negligamus
3427 3929 3440 3967 :
3480 3913 3534 3966 in

280 4002 437 4055 στίαν
470 4001 803 4070 προσφέρειν
837 4016 851 4031 ·
882 3999 980 4053 καὶ
1007 4000 1115 4068 γὰρ
1141 3999 1325 4063 πάλιν,
1357 3999 1436 4061 εἰς
1465 3998 1612 4067 ἡμᾶς
1642 3997 1702 4049 τὸ
1729 3997 1856 4067 κέρ-

1960 4010 2102 4065 quos
2140 3997 2401 4051 nimirum
2452 4000 2650 4053 iterum
2684 4009 2991 4055 revertatur
3043 4005 3407 4059 commodum.
3450 4004 3537 4059 Si-

275 4092 363 4155 δος
396 4094 699 4146 ἐπάνεισιν.
752 4091 879 4144 Ἐὰν
907 4091 1015 4161 γὰρ
1047 4092 1139 4143 ἐπὶ
1171 4094 1284 4152 τοῖς
1334 4090 1605 4158 φθάσασιν
1634 4090 1854 4159 εὐχάριο

1960 4089 2181 4157 quidem
2216 4090 2362 4143 enim
2391 4105 2490 4159 pro
2544 4090 2817 4161 prioribus
2871 4094 3029 4147 bonis
3067 4096 3208 4164 grati
3245 4096 3533 4162 fuerimus,

281 4200 397 4236 στοι
430 4182 737 4252 γενώμεθα,
768 4184 1010 4255 μεγάλην
1045 4185 1257 4245 ἑαυτοῖς
1288 4184 1424 4253 πρὸς
1486 4183 1552 4234 τὰ
1594 4182 1855 4251 μέλλοντα

1962 4196 2215 4249 magnam
2249 4182 2409 4236 nobis
2445 4182 2512 4236 ad
2564 4182 2747 4237 futura
2781 4183 3034 4241 ﬁduciam
3075 4189 3533 4255 comparabimus,

280 4271 678 4341 εὑτρεπίσομεν
707 4273 1045 4343 παρρησίαν,
1081 4274 1174 4326 καὶ
1207 4273 1312 4325 τῶν
1355 4273 1684 4342 ἀπορρήτων
1715 4274 1851 4339 ἀγαο

1961 4288 2023 4325 ac
2051 4288 2412 4341 assequemur
2451 4274 2836 4329 iueuarrabilia
2863 4292 2927 4330 ac
2957 4293 3157 4333 arcana
3213 4280 3375 4345 bona;
3406 4297 3536 4351 gra-

281 4363 391 4417 θῶν
423 4365 757 4434 ὲπιτύχομεν
793 4381 807 4395 ·
850 4365 1033 4436 χάριτι
1065 4366 1161 4419 καὶ
1201 4364 1581 4435 φιλανθρωπίᾳ
1611 4364 1704 4417 τοῦ
1752 4365 1855 4415 Κυ-

1960 4365 2034 4417 tia
2071 4380 2133 4419 ac
2165 4366 2539 4421 misericordia
2574 4365 2792 4422 Domini
2820 4370 2993 4422 nostri
3031 4368 3161 4425 Jesu
3193 4370 3393 4427 Christi
3444 4373 3532 4427 cui

281 4454 400 4527 ρίου
443 4456 602 4526 ἡμῶν
642 4456 820 4526 Ἰησοῦ
851 4456 1110 4527 Χριστοῦ,
1142 4450 1185 4524 ᾧ
1207 4458 1239 4527 ἡ
1263 4455 1389 4519 δόξα
1432 4455 1525 4508 καὶ
1556 4457 1615 4508 τὸ
1654 4458 1853 4517 κοάτος

1432 4455 1525 4508 καὶ
1556 4457 1615 4508 τὸ
1654 4458 1853 4517 κράτος
1959 4456 2129 4524 gloria
2164 4470 2225 4510 ac
2253 4465 2496 4526 potestas
2531 4458 2585 4511 in
2617 4461 2838 4514 saeuis.
2877 4462 3066 4515 Amen.

278 4548 359 4609 είς
381 4548 507 4611 τοὺς
540 4548 763 4612 αἰῶνας.
807 4549 1000 4617 Ἀμήν.
1885 4546 1927 4600 Ι)

1519 4847 1839 4909 INCERTI
1901 4847 2300 4911 AUCTORIS

723 5025 1173 5118 VERSUS
1251 5026 1705 5114 lAMBlCl
1792 5026 1935 5114 DE
2000 5026 2373 5117 BEBUS
2427 5028 3067 5119 ASCETICIS.

1246 5216 1307 5280 (Ε
1343 5233 1430 5268 ms.
1459 5232 1573 5269 saec.
1612 5233 1671 5267 xv
1704 5216 1831 5267 Bibl.
1859 5216 2094 5267 Laurent.
2123 5219 2348 5280 BAIDINI,
2380 5220 2418 5279 Ι,
2448 5220 2578 5281 105.)

853 5487 1006 5556 Ἔπη
1042 5487 1243 5556 χρυσᾶ
1251 5530 1264 5544 .
2502 5495 2516 5547 ⁴

2502 5492 2754 5548 Carmina
2798 5511 2978 5548 aurea.

281 5578 422 5647 Ἐγὼ
456 5595 515 5632 σε
548 5576 741 5647 φιλῶν,
779 5579 877 5631 καὶ
905 5580 1011 5649 πρὸ
1044 5580 1209 5633 τῶνδε
1267 5584 1375 5635 τῶν
1414 5581 1606 5651 λόγων,

1476 5600 1606 5651 γων,
1962 5586 2038 5640 Te
2069 5586 2297 5654 diligens
2317 5585 2609 5657 plusquam
2646 5587 2818 5641 valeat
2850 5602 2914 5641 os
2935 5587 3135 5652 dicere,

268 5671 487 5726 Μᾶλλον
510 5672 564 5725 δὲ
598 5671 809 5726 πενθῶν
844 5673 947 5725 ὑπὸ
976 5672 1296 5743 φιλοσοφίας
1320 5715 1335 5740 ,

1954 5681 2033 5735 Ac
2061 5678 2246 5735 dolens
2273 5679 2436 5734 etiam
2464 5681 2532 5735 ob
2563 5680 2834 5749 ingentem
2862 5678 2967 5732 vini
2999 5693 3226 5747 amoris,

341 5824 377 5856 “
398 5823 542 5879 Psal.
567 5840 720 5889 XLtll,
754 5824 844 5878 2'5.

662 5919 933 5978 ΡΑγῐιοι.
966 5921 1079 5979 Gn.
1124 5920 1279 5979 CVI.

3052 5918 3128 5979 Ιι3
