4212 6432
730 380 868 444 1355
1573 369 1966 431 OPUSCULA
2006 367 2349 431 MORALIA
2384 368 2393 428 ]

2313 370 2349 428 Α
2384 368 2732 431 ΙΝΟΕΒΤᾸΞ
2771 371 3076 436 ᾹΞΤΑΤΙΞ.
3838 382 3976 449 1356

724 495 827 559 Qui
858 498 1074 546 mortuo
1102 499 1327 556 prorsus
1350 490 1437 539 est
1458 482 1745 547 adsimilis,
2321 489 2370 546 Α

2321 489 2370 546 Α
2398 484 2595 555 Νεκρῷ
2622 486 2732 555 γάρ
2770 486 2920 540 ἐστιν
2948 485 3191 557 άκριϐῶς
3220 486 3541 561 εἰκασμένη,

725 587 782 641 Si
815 599 919 649 res,
955 587 1159 636 utsunt
1184 586 1239 633 et
1272 587 1330 631 ut
1350 576 1525 638 decet,
1556 586 1665 629 non
1696 572 1975 643 exprimit.

1958 609 1975 635 .
2411 574 2469 628 '0
2502 576 2576 643 μὴ
2605 574 2753 645 λόγῳ
2770 575 3037 646 πρέποντι
3065 577 3284 647 κοσμῶν
3311 578 3412 650 τὴν
3432 580 3615 646 φύσιν,

725 675 959 740 Nudam,
980 688 1014 728 ο
1036 672 1195 736 bone,
1230 670 1325 723 tibi
1357 666 1520 720 vitam
1554 662 2073 736 (contemplandam)
2100 663 2292 729 obtuli,

1971 662 2073 734 am)
2100 663 2292 729 obtuli,
2397 666 2691 737 ηροῦθηκά
2710 684 2821 733 σοι,
2850 666 3119 739 βέλτιστε,
3150 670 3357 739 γυμνὸν
3378 672 3469 726 τὸν
3494 672 3634 743 βίον,

728 767 799 822 Ut
827 781 964 819 vana
991 764 1068 819 sic
1102 762 1353 831 ﬁgmenta
1386 772 1578 827 posses
1607 757 1839 820 discere,

2408 760 2496 823 Ὠς
2520 760 2586 814 ἂν
2614 761 2868 834 διδαχθῇς
2891 764 2990 827 τὰς
3023 766 3188 828 κενὰς
3226 766 3565 836 ὑποκρίσεις,

726 862 838 915 Nec
873 869 925 913 te
954 856 1096 910 male
1123 858 1407 922 expertum
1439 848 1643 920 pericla
1676 845 2013 917 frangerent,

1835 852 2013 912 erettt,
2398 851 2510 905 Kal.
2548 852 2623 922 μὴ
2650 854 2931 925 ταραχθῇς
2960 854 3069 910 ὑπὸ
3090 855 3190 925 τῆς
3218 857 3497 927 ἀπειρίας,

728 950 797 1005 Ut
831 949 1057 1018 pavidus
1079 946 1121 1000 si
1153 944 1332 998 larvas
1355 941 1534 996 infans
1558 938 1722 1002 videt,

2399 942 2610 1013 ’Ὥσπερ
2639 944 2838 1014 μίμους
2865 945 3105 1016 φοϐηρὸν
3133 948 3182 999 εί
3213 947 3397 1017 βλέπει
3439 948 3666 1019 βρέφος.

726 1043 862 1094 Cum
895 1038 1073 1104 adhuc
1095 1048 1262 1088 aureo
1292 1032 1506 1087 labores
1541 1028 1755 1082 morbo.

2397 1033 2509 1088 Kal
2531 1033 2625 1087 νῦν
2650 1034 2707 1088 δὲ
2738 1038 2889 1090 τουτὶ
2918 1037 2980 1090 τὸ
3002 1037 3243 1109 χρυσοῦν
3272 1039 3495 1110 πάσχων
3528 1042 3722 1105 πάθος,

725 1133 791 1185 At
821 1127 1073 1199 quamvis
1098 1127 1215 1195 ipse
1242 1124 1400 1178 fictus
1431 1118 1855 1191 depreltendaris
1886 1116 2118 1181 amicus,

1886 1116 2118 1181 amicus,
2397 1124 2517 1179 Κᾶν
2550 1124 2713 1188 αὐτὸς
2741 1126 3046 1198 ὑπόχαλκος
3085 1130 3316 1201 εὑρέθης
3348 1131 3520 1201 φίλος,

730 1222 797 1277 Et
828 1230 1085 1288 tanquam
1116 1216 1254 1271 male
1281 1214 1563 1269 coliterens
1593 1211 1897 1265 membrum
1934 1205 2294 1271 abscindaris,

1934 1205 2294 1271 abscindal‘is.
2399 1215 2510 1271 Καὶ
2533 1215 2782 1288 καθάπερ
2806 1218 3088 1273 δύσοιστον
3116 1221 3361 1293 ἐτμήθης
3396 1224 3578 1293 μέλος,

727 1313 953 1383 Lingua:
984 1320 1212 1365 cruento
1231 1307 1549 1362 vulneratus
1571 1302 1803 1373 spiculo,

2402 1306 2638 1375 Πληγεὶς
2658 1307 2742 1377 ἐφ’
2772 1309 2922 1379 ἡμᾶς
2950 1308 3254 1381 δυσμενοῦς
3282 1311 3527 1383 γλώττης
3556 1314 3727 1383 βέλει,

731 1407 940 1459 llursus
974 1414 1023 1457 te
1059 1415 1279 1465 moneo,
1306 1416 1371 1453 ne
1395 1399 1597 1453 circum
1627 1394 1856 1450 terrenis
1883 1393 2078 1455 inlties,

1883 1393 2078 1455 illltics.
2400 1402 2569 1456 Πάλιν
2609 1404 2863 1473 παραινῶ
2894 1402 2972 1474 μὴ
3007 1404 3349 1475 περιχαίνειν
3373 1406 3543 1469 κάτω,

729 1498 805 1551 Ne
840 1498 990 1550 vivas
1020 1493 1250 1548 uteauis
1282 1501 1335 1545 et
1370 1487 1657 1544 exhaurire
1679 1486 1813 1540 velis
1842 1484 2050 1538 omnia.

1951 1484 2050 1538 sia.
2398 1489 2489 1557 Μὴ
2523 1489 2623 1559 ζῇν
2649 1489 2899 1558 κυνηδὸν,
2938 1490 3014 1562 μὴ
3050 1492 3222 1564 ροφῇς
3251 1492 3313 1545 τὸ
3342 1494 3451 1545 πᾶν
3471 1492 3614 1548 θέλε.

730 1590 785 1643 Si
817 1589 954 1643 forte
983 1588 1126 1642 enim
1151 1584 1349 1649 esuris,
1375 1583 1557 1637 statim
1588 1578 1731 1633 haud
1754 1578 1863 1632 eris
1891 1588 2067 1632 satur.

1921 1588 2067 1632 atur.
2400 1582 2464 1634 El
2500 1584 2607 1654 γὰρ
2631 1582 2775 1652 ἔχεις
2813 1581 3069 1653 βούλιμον
3101 1585 3198 1654 οὐχ
3231 1584 3373 1649 ἔξεις
3399 1586 3582 1656 κόρον,

730 1680 847 1735 Nisi
879 1689 1005 1733 ante
1039 1677 1240 1732 biberis
1270 1674 1495 1729 calicem
1523 1672 1727 1726 amaris
1757 1670 1978 1741 plenum
2018 1667 2298 1723 laboribus

2025 1667 2298 1723 laboribus
2402 1674 2538 1744 Ilpr
2566 1672 2633 1727 ἂν
2666 1674 2827 1748 πίνῃς
2860 1674 3131 1740 κυλικίδος
3165 1677 3454 1747 ἑμπίκρων
3482 1680 3688 1747 πόνων,

729 1774 798 1827 Et
818 1783 1278 1842 supervacaneum
1311 1765 1414 1818 alvi
1439 1763 1649 1833 pondus
1676 1762 1922 1831 ejeceris,
2326 1831 2372 1844 _

2326 1831 2372 1844 _
2402 1767 2513 1819 Kal.
2543 1766 2649 1819 τῶν
2681 1766 2951 1835 περιττῶν
2978 1768 3233 1838 ἐκφοραῖς
3260 1770 3359 1839 τὴν
3387 1773 3643 1844 κοπρίαν,

735 1863 835 1918 Vel
861 1831 1228 1929 corrumperis
1255 1866 1308 1911 et
1340 1831 1731 1926 con—spurcabis
1757 1854 1977 1915 lectum,
2326 1831 2375 1891 Β

1847 1862 1977 1915 tum,
2326 1831 2375 1891 Β
2408 1857 2479 1910 Ἦ
2509 1831 2855 1928 κατασαπῇς,
2886 1859 2981 1911 καὶ
3019 1831 3148 1929 ῥοῇς
3176 1831 3271 1912 ἐπὶ
3302 1831 3510 1931 κλίνης,

728 1960 906 2027 Atque
934 1957 1005 2010 ita
1038 1967 1229 2007 omnes
1251 1965 1386 2004 mea:
1410 1963 1537 2018 spes
1562 1947 1793 2002 inversa:
1816 1942 2141 2009 concident;

1975 1942 2102 1999 dettl
2124 1960 2141 2009 ;
2417 1947 2603 2018 Ἐμῶν
2628 1947 2697 2002 τά
2728 1947 2882 2001 κοινά
2908 1950 2976 2018 τῇ
3010 1953 3220 2021 στροφῇ
3241 1950 3353 2004 τῶν
3377 1951 3633 2007 ἐλπίδων.

730 2051 826 2105 Vel
850 2048 1045 2104 misere
1071 2051 1378 2116 praeventus
1408 2041 1637 2111 septima

2410 2039 2484 2091 Ἦ
2512 2041 2605 2092 καὶ
2637 2039 2970 2111 προληφθεὶς
3004 2041 3280 2112 δυστυχῶς
3306 2042 3405 2112 τῆς
3433 2042 3672 2113 ἑϐδόμης

729 2140 807 2194 Ad
837 2135 1259 2206 insuperabilem
1294 2131 1528 2186 traheris
1552 2140 1825 2190 octavam,

2405 2129 2550 2201 Πρὸς
2587 2132 2683 2202 τὴν
2711 2132 3046 2186 ἀκατάλυτον
3071 2134 3245 2205 axes;
3284 2134 3500 2205 ὀγδόην,

730 2234 904 2303 Quam
934 2232 1179 2286 ultimam
1216 2224 1459 2281 sentiens
1481 2222 1838 2277 decretoriam
1862 2218 2038 2285 ﬂebis,

1957 2219 2038 2285 iis,
2412 2223 2514 2275 Ἦν
2539 2223 2778 2295 ἐσχάτην
2807 2224 3061 2296 κρίσιμον
3097 2224 3274 2296 εὑρῶν
3305 2226 3620 2296 δακρύσεις,

733 2329 871 2396 Quia
903 2338 1159 2382 serenum
1194 2321 1290 2375 tibi
1314 2319 1551 2390 iudicem
1576 2330 1681 2371 non
1714 2313 1982 2369 ostendet.

1889 2313 1982 2367 let.
2420 2315 2573 2368 Ἐπεὶ
2603 2315 2840 2386 γαληνὸν
2864 2318 2956 2371 τὸν
2987 2318 3179 2390 κριτὴν
3210 2318 3271 2371 οὐ
3294 2318 3552 2374 δεικνύει.

732 2422 967 2476 Necesse
996 2427 1079 2473 est
1102 2417 1245 2469 enim
1282 2423 1331 2467 te
1362 2412 1471 2466 illis
1508 2409 1806 2481 proficisci,

1803 2450 1806 2468 ,
2408 2409 2500 2459 Δεῖ
2525 2406 2630 2479 γὰρ
2662 2408 2721 2472 ὲς
2748 2409 2919 2479 αὐτὴν
2940 2409 3373 2481 ἀποδημήσαντά
3407 2428 3466 2464 σε

733 2516 798 2568 Et
824 2526 1014 2585 poenas
1042 2510 1152 2564 illic
1175 2508 1242 2563 de
1269 2505 1429 2561 factis.
1452 2505 1716 2574 recipere.

2410 2498 2608 2561 Ποινὰς
2639 2500 2899 2570 ὑποσχεῖν
2930 2500 3053 2553 ἀντὶ
3088 2501 3198 2555 τῶν
3230 2500 3658 2571 πεπραγμένων.

735 2608 780 2662 υ
808 2620 971 2674 quam
1004 2602 1206 2674 gravis,
1237 2614 1269 2654 o
1296 2613 1459 2669 quam
1495 2595 1747 2651 turbidus
1771 2602 1899 2648 tuus
1919 2601 2000 2646 est
2030 2594 2230 2660 sopor!

1873 2607 1899 2646 s
1919 2601 2000 2646 est
2030 2594 2230 2660 sopori
2413 2590 2478 2641 ’Ὠ
2502 2589 2585 2650 τίς
2615 2591 2644 2642 ό
2673 2590 2842 2661 βαθὺς
2863 2592 2957 2645 καὶ
2987 2590 3297 2664 θορυϐώδης
3328 2594 3531 2660 κάροςί

734 2701 838 2755 Per
872 2673 1033 2768 quem
1067 2694 1231 2748 morti
1267 2691 1570 2762 proximus,
1593 2687 1721 2758 quid
1757 2686 1969 2751 deceat,
1998 2698 2106 2737 non
2135 2683 2304 2736 vides.

1998 2698 2106 2737 nou
2135 2683 2304 2736 vides.
2419 2679 2542 2748 Ὑφ’
2576 2673 2637 2733 οῦ
2661 2681 2909 2735 θανατῶν
2937 2684 2998 2736 οὐ
3029 2687 3251 2747 σκοπεῖς
3273 2684 3334 2737 τὸ
3360 2686 3659 2754 συμφέρον.

736 2791 1053 2845 Ι)()Ι·ιιιὶιιὶιῖε
1077 2786 1246 2851 enim,
1270 2785 1521 2853 quamvis
1551 2777 1930 2849 inexplebiles,

1890 2790 1930 2841 ε,
2410 2770 2762 2841 Καθεύδομεν
2798 2772 2910 2843 γάρ
2950 2774 3054 2826 ὑπὸ
3090 2774 3189 2843 τῆς
3228 2774 3553 2845 ἀπληστίας,

736 2881 799 2935 Et
826 2896 923 2950 pro
959 2877 1114 2933 nobis
1140 2884 1303 2929 noctu
1334 2885 1574 2943 pugnare
1598 2869 1872 2926 credimus
1901 2874 2175 2929 naturam,

1901 2874 2175 2929 naturam,
2411 2862 2523 2916 Καὶ
2549 2866 2910 2933 νυκτομαχεῖν
2947 2864 3206 2935 ἀξιοῦμεν
3240 2864 3336 2936 τὴν
3368 2865 3552 2934 φύσιν,

737 2970 912 3037 Quam
942 2981 1030 3021 res
1059 2966 1128 3020 sit
1156 2963 1318 3019 infida
1352 2963 1684 3032 ignorantes.

2412 2954 2485 3007 Τὸ
2515 2954 2613 3025 τῆς
2638 2956 2765 3025 ὅλης
2804 2956 3032 3010 ἄπιστον
3059 2958 3393 3026 ἠγνοηκότες

738 3063 880 3130 Quid
906 3063 1007 3114 h'nc
1031 3054 1188 3127 agis?
1214 3068 1312 3109 cur
1340 3055 1449 3105 tale
1474 3066 1582 3105 non
1608 3050 1759 3105 vides
1788 3050 2026 3105 malum?

1965 3051 2026 3103 it?
2412 3046 2478 3100 Τί
2505 3048 2663 3101 τοῦτο
2690 3051 2860 3112 ποιεῖς
2882 3065 2897 3114 ;
2933 3049 3019 3102 ἵνα
3040 3049 3093 3102 τί
3122 3049 3167 3102 δ’
3196 3048 3348 3102 οῦπω
3372 3047 3628 3118 βλέπει.ςί

740 3153 1071 3211 Ca‘cutiens,
1104 3149 1233 3201 dum
1258 3144 1499 3201 Pltmbus
1527 3150 1611 3198 est
1632 3142 1955 3208 altissimus,
2336 3185 2380 3243 c

1942 3182 1955 3208 ,
2336 3185 2380 3243 c
2416 3138 2567 3243 :“A‘DJ
2597 3138 2959 3243 ἀμϐλυωπεῇ
2982 3142 3041 3243 εν
3075 3139 3605 3243 σαφεῖμεσημϐρίῗ,

740 3250 927 3303 Czecas
959 3258 1055 3298 nec
1082 3240 1271 3295 alteris
1296 3249 1417 3292 tuas
1442 3237 1553 3307 jam
1583 3234 1907 3304 palpebras?
2340 3230 2380 3243 "

2340 3230 2380 3243 “’
2416 3231 2498 3283 Τά
2530 3232 2750 3299 κρυπτά
2782 3248 2876 3284 σου
2911 3231 3156 3303 βλέφαρα
3193 3230 3269 3302 μὴ
3304 3230 3689 3303 παρατρίϐωνς

742 3334 1008 3391 Pallidum
1037 3336 1119 3384 est
1141 3341 1335 3382 aurum
1363 3324 1520 3393 quasi
1550 3322 1741 3377 dolens
1770 3322 1995 3376 invidia.

1982 3360 1995 3372 .
2429 3321 2487 3375 '0
2516 3323 2714 3394 χρυσὸς
2747 3323 2923 3393 ὠχρός
2949 3325 3097 3376 ἐστιν
3124 3322 3309 3391 ἀλγῶν
3337 3323 3415 3392 τῷ
3443 3322 3642 3392 φθόνῳ.

745 3428 872 3481 llzec
895 3423 1040 3479 enim
1075 3421 1130 3475 in
1165 3421 1343 3488 ipsum
1373 3426 1430 3471 ut
1459 3415 1641 3486 gravis
1666 3429 1892 3483 serpens
1913 3414 2103 3482 irrepit

2083 3421 2103 3465 t
2415 3414 2528 3468 Kal.
2557 3416 2664 3485 γὰρ
2695 3414 2783 3466 ἐπ’
2818 3414 2982 3469 αὑτὸν
3017 3415 3095 3478 ὡς
3133 3413 3307 3485 βαρὺς
3335 3414 3494 3485 ῑρπει
3521 3413 3744 3484 δράκων

743 3517 847 3585 Qui
876 3531 933 3569 se
961 3515 1281 3580 intorquens
1310 3521 1533 3564 cursum
1567 3504 1857 3569 accelerat,

2415 3505 2527 3577 Τὴν
2555 3505 2649 3559 τοῦ
2677 3506 2873 3577 χρόνου
2904 3506 3121 3577 κίνησιν
3147 3505 3610 3576 άντισυστρέφων,

746 3606 813 3660 Et
836 3616 1102 3659 venenum
1130 3596 1497 3667 corruptionis
1522 3593 1726 3663 expuit.

2428 3596 2548 3665 Ὑφ’
2578 3592 2645 3667 ἦς
2675 3598 2764 3650 τὸν
2795 3596 2871 3649 Iov
2907 3597 3009 3667 τῆς
3038 3597 3243 3666 φθορᾶς
3271 3595 3558 3651 άναπτύει.

746 3696 988 3764 Simplex
1020 3693 1089 3746 ab
1116 3691 1235 3761 ipso
1264 3699 1315 3743 et
1345 3687 1586 3757 mquiora
1612 3685 1880 3755 postulas,

2417 3688 2528 3742 Kal.
2550 3689 2613 3740 σὺ
2637 3690 2764 3759 παρ’
2793 3688 2942 3759 αύτῷ
2976 3689 3278 3761 προσδοκᾷς
3311 3690 3378 3741 τά
3402 3686 3621 3757 βελτίω,

747 3789 864 3843 Fati
893 3786 1117 3855 impium
1144 3797 1345 3837 numen
1377 3781 1641 3835 dccorans
1667 3777 1929 3847 turpiter?

2417 3779 2490 3832 Τὸ
2512 3779 2613 3847 τῆς
2644 3779 2813 3851 τύχης
2843 3779 3060 3833 είδωλον
3088 3779 3329 3851 αἰσχρῶς
3360 3777 3703 3848 φαιδρύνωνς

746 3887 791 3940 Ο
818 3884 920 3949 sol,
949 3882 1143 3935 oculus
1166 3886 1344 3939 terrm,
1371 3872 1646 3944 quomodo
1679 3870 1792 3924 haec
1823 3867 2013 3923 vides?

1951 3867 2013 3922 5?
2430 3870 2704 3941 Ὀφθαλμὲ
2731 3870 2857 3940 γῆς,
2889 3871 3028 3940 ῆλιε,
3061 3871 3180 3933 πῶς
3210 3871 3335 3925 τάδε
3361 3869 3614 3940 βλέπειςς

750 3980 827 4032 Ac
854 3977 899 4031 si
937 3984 1015 4037 tu,
1049 3980 1105 4025 ut
1129 3984 1281 4039 puer,
1301 3979 1497 4020 aurum
1525 3962 1656 4033 qttid
1682 3959 1977 4029 benignum
2003 3956 2242 4027 judieas,

2079 3956 2242 4021 dicas,
2417 3964 2563 4035 Πλὴν
2595 3965 2643 4017 εἰ
2675 3964 2775 4033 μὲν
2799 3963 2874 4026 ὡς
2900 3966 3024 4028 παῖς
3060 3962 3264 4033 εὐμενῆ
3287 3960 3477 4017 τοῦτον
3511 3959 3742 4030 κρίνεις.

749 4068 909 4139 (Vere
936 4068 1081 4118 enim
1107 4058 1437 4132 pusillanitui
1465 4058 1563 4111 viri
1588 4057 1688 4109 hoc
1716 4060 1800 4108 est
1821 4048 2139 4121 judicium).

1953 4048 2139 4119 είυηι)ο
2418 4054 2771 4127 Μικροψύχου
2795 4056 2903 4126 γάρ
2933 4057 3082 4109 ἐστιν
3118 4054 3309 4127 ἀνδρὸς
3335 4055 3369 4125 η
3397 4053 3575 4124 κρίσις
3602 4072 3616 4085 ·

750 4161 861 4215 Cur
892 4158 1057 4226 igitur
1087 4154 1249 4217 male,
1272 4166 1381 4205 non
1414 4152 1549 4204 bene
1568 4147 1804 4201 anticum
1830 4141 2071 4213 excipis?

2048 4141 2071 4196 ί
2418 4146 2484 4199 Τί
2515 4147 2651 4215 δῆτα
2679 4146 2891 4211 παθῶν,
2921 4146 2982 4198 οὺ
3019 4146 3200 4199 καλῶν
3227 4145 3358 4216 δρᾷς
3389 4145 3478 4199 τὸν
3506 4144 3659 4213 φίλον
3684 4162 3700 4210 ς

750 4252 885 4306 Nam
911 4250 1087 4318 ipsum
1121 4244 1297 4298 valide
1326 4250 1544 4310 torques
1571 4248 1625 4293 et
1650 4236 1981 4306 strangulat»,

2421 4237 2705 4307 Στρεϐλεῖς
2746 4240 2854 4309 γὰρ
2878 4238 3038 4291 αὐτὸν
3077 4238 3382 4307 ἐγκρατῶς,
3418 4239 3513 4291 καὶ
3536 4240 3890 4307 συμπνίγεις.

756 4338 1042 4408 Quamvis,
1067 4344 1124 4387 ut
1148 4333 1319 4388 teneri
1347 4330 1587 4395 nescius,
1613 4327 1680 4382 ad
1702 4327 1839 4382 alios
1863 4333 2067 4390 currat,

1973 4333 2067 4390 rat,
2420 4327 2540 4381 Κᾶν
2572 4327 2732 4391 αὐτὸς
2762 4327 2839 4387 ὡς
2874 4326 3114 4397 ἄληπτος
3142 4328 3219 4389 είς
3244 4326 3438 4396 ἄλλους
3468 4325 3636 4397 τρέχῃ

753 4437 936 4488 Ansas
965 4427 1226 4483 custodiae
1256 4424 1515 4492 frangens
1546 4431 1672 4487 tute,

2422 4419 2534 4487 Τῆς
2562 4418 2661 4488 σῆς
2696 4417 2946 4487 φυλακῆς
2971 4418 3070 4481 τὰς
3099 4418 3269 4481 λαϐάς
3298 4417 3641 4489 ἀνατρέπων.

753 4526 809 4577 Si
837 4531 1017 4577 autem
1047 4520 1151 4571 hoc
1180 4530 1301 4570 esse
1333 4513 1537 4568 ntalum
1575 4525 1767 4582 reapse
1800 4509 2035 4581 iudicas,
2351 4518 2397 4574 ι)

2351 4518 2397 4574 D
2428 4510 2492 4564 El
2522 4509 2566 4562 δ’
2598 4505 2665 4562 αῦ
2697 4508 2930 4579 πονηρὸν
2958 4507 3117 4562 τοῦτο
3138 4510 3246 4577 γὰρ
3279 4510 3448 4572 ὅντως
3485 4508 3722 4579 κρίσεις,

754 4615 864 4671 Cur
888 4609 1292 4668 interfectorem
1325 4621 1433 4661 non
1460 4604 1646 4669 odisti,
1678 4617 1741 4659 ac
1766 4602 1926 4673 fugis,

2426 4601 2491 4654 Τί
2518 4599 2608 4653 τὸν
2633 4600 2893 4668 φονευτὴν
2921 4601 2982 4652 ού
3024 4601 3260 4668 στυγεῖς,
3286 4600 3347 4652 ού
3374 4600 3419 4653 δ’
3449 4600 3740 4662 ἐκκλίνεις,

757 4708 953 4762 Statim
977 4718 1078 4758 nec
1110 4702 1177 4756 ad
1207 4708 1423 4753 ventres
1454 4696 1715 4751 nefandos
1745 4694 2003 4766 projicis?

2429 4690 2562 4745 Οὐδὲ
2593 4690 2727 4761 πρὸς
2758 4690 2982 4759 οἰκτρὰς
3016 4688 3211 4743 θᾶττον
3245 4689 3407 4753 ὠθεῖς
3438 4690 3751 4761 γαστέραςς

757 4796 832 4851 Ut
858 4793 1088 4850 sufferas
1112 4791 1321 4859 majora
1351 4788 1550 4842 lucrari
1592 4787 1789 4856 magis.

2437 4783 2527 4845 Ὠς
2562 4783 2758 4854 άνέχῃς
2792 4783 2991 4853 μᾶλλον
3015 4800 3067 4835 τι
3106 4782 3411 4853 κερδαίνειν
3444 4783 3606 4853 μέγα.

754 4888 953 4948 llomo,
987 4896 1199 4953 precor,
1230 4880 1341 4947 jam
1370 4878 1520 4933 disce
1547 4888 1799 4931 naturam
1831 4874 2075 4930 omniunt

1937 4874 2075 4930 aiunt
2432 4874 2743 4946 Ἄνθρωπε,
2779 4874 3060 4945 κατάμαθε
3087 4876 3186 4946 τὴν
3212 4876 3400 4945 κοινὴν
3439 4876 3600 4944 φύσιν

756 4978 836 5031 Ex
871 4976 1033 5030 rebus
1056 4973 1197 5037 istis,
1225 4986 1346 5041 quae
1369 4970 1551 5024 valent
1582 4969 1891 5034 ostendere,

2441 4966 2537 5018 Ἐκ
2560 4966 2667 5019 τῶν
2693 4966 2826 5036 πρὸς
2856 4965 3134 5031 ἀπόδειξιν
3166 4967 3566 5038 ὑποκειμένων,

758 5067 824 5120 Et
852 5065 1005 5119 mitte
1025 5077 1195 5115 vanas
1217 5061 1272 5115 in
1299 5060 1474 5115 solum
1506 5060 1811 5129 superbias.

2433 5058 2542 5111 Kal
2572 5058 2729 5130 ῥίψον
2764 5060 2842 5122 είς
2865 5060 2971 5130 γῆν
2998 5058 3087 5112 τὸν
3119 5059 3368 5113 διάκενον
3398 5059 3590 5129 τύφον.

765 5156 926 5211 Vides
957 5156 1171 5224 plantas
1199 5161 1257 5206 ut
1278 5153 1454 5206 virent
1483 5162 1537 5206 et
1570 5152 1854 5222 pullulant,

2441 5150 2604 5221 Ὁρᾷς
2633 5150 2699 5204 τὰ
2732 5150 2894 5221 φυτά,
2924 5150 3040 5215 πῶς
3070 5151 3170 5221 μὲν
3195 5151 3323 5221 ἡϐᾷ,
3346 5153 3441 5204 καὶ
3465 5151 3639 5222 βρύει,

758 5246 826 5300 Ει
849 5256 968 5316 post
999 5242 1218 5314 aliquod
1250 5251 1465 5310 tempus
1489 5251 1781 5296 senescunt
1805 5250 1856 5295 et
1890 5241 2130 5295 cadunt?

1955 5241 2130 5295 dunt?
2430 5242 2587 5297 Μετὰ
2617 5243 2807 5313 χρόνον
2839 5244 2896 5295 δέ
2924 5260 3045 5297 τινα
3071 5246 3240 5316 γηρᾷ,
3273 5246 3368 5297 καὶ
3393 5245 3573 5312 φθίνει
3598 5265 3613 5313 ;

756 5340 882 5393 llaec
903 5338 1091 5392 eadem
1121 5337 1234 5405 ipsa
1259 5343 1311 5389 te
1347 5342 1549 5400 manet,
1592 5344 1651 5387 ut
1687 5333 1852 5398 nosti,
1878 5333 2190 5398 infirmitas,

2066 5333 2190 5398 itas,
2433 5333 2589 5387 Τοῦτ’
2616 5335 2748 5387 αὐτὸ
2781 5336 2873 5388 καὶ
2904 5336 2994 5387 σόν
3028 5337 3197 5400 ἐστιν,
3224 5336 3300 5399 ὡς
3335 5331 3504 5402 οἶδας,
3528 5339 3725 5403 πάθος.

758 5429 823 5482 Ει
851 5443 997 5481 nunc
1027 5425 1189 5480 liores
1220 5425 1462 5493 quidem,
1485 5424 1814 5479 deﬂoresces
1839 5424 2059 5488 iterum,

2433 5427 2542 5479 Kal.
2569 5426 2663 5478 νῦν
2700 5427 2799 5495 μὲν
2830 5425 3031 5488 ἀνθεῖς,
3073 5426 3187 5479 ἀλλ’
3218 5427 3552 5498 άπανθήσεις
3587 5432 3780 5498 πάλιν,

756 5521 890 5574 Cum
924 5518 1095 5588 frigus
1119 5517 1313 5570 mortis
1342 5525 1395 5572 te
1423 5516 1795 5586 occupaverit.

2434 5516 2545 5585 Τῆς
2574 5515 2667 5568 τοῦ
2709 5516 2967 5588 τελευτῆς
2999 5517 3417 5589 άντενεχθέντος
3452 5519 3661 5590 ψύχους
3684 5539 3698 5553 ·

756 5608 989 5664 Fructus
1016 5616 1197 5662 tamen
1230 5606 1409 5660 nullos
1438 5606 1629 5662 adesse
1661 5615 1790 5661 tunc
1818 5619 2041 5671 vereor;

1849 5619 2041 5671 ereor;
2435 5609 2660 5663 Δέδοικα
2695 5610 2826 5677 γοῦν
2862 5609 3038 5680 ἔγωγε
3072 5611 3170 5681 τὴν
3196 5612 3476 5681 ἀκαρπίαν
3500 5628 3512 5641 ·

757 5702 852 5758 llla
882 5703 1025 5757 enim
1062 5702 1359 5756 exclsionis
1390 5716 1474 5756 me
1506 5712 1674 5758 terret
1709 5701 2084 5757 comminatio.

1904 5702 2084 5756 inatio.
2445 5701 2508 5755 Ἦ
2535 5703 2642 5773 γὰρ
2679 5703 2875 5774 ἀπειλὴ
2902 5704 2999 5772 τῆς
3024 5704 3198 5773 τομῆς
3227 5719 3294 5773 με
3327 5704 3567 5774 συγχέαι.

755 5797 1039 5865 Cognosce
1070 5802 1140 5858 te,
1170 5802 1224 5849 et
1253 5808 1523 5864 cognosce
1549 5795 1752 5850 ﬂuxum
1787 5796 2073 5865 temporis-

1984 5796 2073 5852 τίς.
2434 5793 2609 5849 Γνῶθι
2640 5796 2885 5863 σεαυτὸν,
2924 5795 2997 5847 ἴδε
3031 5794 3122 5849 τὸν
3151 5794 3279 5866 ῥοῦν
3307 5797 3400 5849 τοῦ
3430 5799 3647 5866 χρόνον,
