4212 6432
254 407 382 473 1357
1563 396 1782 456 IAMBI
1826 396 2185 456 ASCETICI.
3366 386 3503 449 i358

250 520 359 590 Τῆς
390 517 579 589 ἡδονῆς
610 517 670 569 τὸ
699 516 900 585 νέκταρ
931 513 1029 582 ὀψὲ
1063 512 1193 580 γοῦν
1225 509 1363 580 φύγε
1386 528 1398 541 ο

253 613 360 663 Καὶ
384 609 495 680 γὰρ
531 607 734 660 ὀδυνῶν
769 605 1022 676 προξενεῖ
1046 620 1130 654 σοι
1163 601 1406 670 πικρίαν.

257 700 400 762 Ἕως
433 701 579 762 τίνος
616 698 899 767 χρήματα,
934 696 1028 747 καὶ
1061 691 1420 761 λειτουργίαι,

254 793 407 860 Τάχα
435 791 489 843 δὲ
525 791 619 843 καὶ
649 790 924 858 κτήματα,
950 786 1043 838 καὶ
1072 783 1374 853 παροινίαι,

258 884 432 953 Μέχρι
463 884 602 945 τίνος
634 881 865 942 κόλακες
893 875 1182 931 ἐκλύσουσι
1214 892 1307 936 US;

258 973 423 1024 Γενοῦ
464 971 775 1039 δανειστὴς.
806 968 883 1038 τῷ
908 968 1028 1036 Θεῷ
1061 967 1147 1026 δὸς
1179 965 1269 1015 τὸν
1302 963 1415 1031 βίον
1435 977 1446 989 ·

274 1065 588 1133 meum;
625 1064 733 1131 γάρ
763 1062 899 1119 ἐστι,
929 1061 1023 1111 καὶ
1052 1055 1384 1127 χρεωλὺτης,

261 1154 372 1204 Καὶ
404 1153 492 1212 σὸς
529 1151 834 1220 δανειστὴς,
876 1149 977 1200 κᾶν
1004 1148 1167 1216 δοκῇς
1203 1145 1276 1215 μὴ
1307 1142 1628 1212 λαμϐάνειν,

263 1240 679 1310 Κατοψοφαγῶν
711 1239 809 1308 τῆς
845 1239 1022 1308 ψυχῆς
1055 1253 1148 1289 σου
1183 1237 1242 1287 τὸ
1267 1235 1448 1304 χρέος.

267 1336 413 1406 Πλὴν
441 1334 533 1402 ἥδε
568 1334 720 1402 κοινὴ
748 1332 916 1385 τῶνδε
958 1332 1069 1383 τῶν
1096 1331 1264 1383 ὄντων
1296 1328 1456 1397 φύσις

267 1428 340 1478 Τὸ
369 1427 458 1478 σὸν
492 1429 626 1494 πρὸς
655 1426 826 1492 αὐτὴν
856 1425 956 1476 οὐκ
997 1423 1293 1491 ἀπαιτήσει
1321 1419 1478 1489 χρέος
1499 1435 1512 1447 ·

267 1517 494 1578 Πάντως
524 1517 626 1568 κᾶν
656 1517 848 1584 ἀλγῇς,
885 1515 988 1566 κᾶν
1021 1512 1314 1580 φιλόψυχος
1343 1509 1494 1577 ἔχῃς,

271 1611 568 1679 υἱχήσεται
603 1610 711 1678 γὰρ
744 1610 821 1670 εἰς
851 1607 911 1659 τὸ
939 1607 1048 1674 πῦρ
1079 1606 1110 1674 ἠ
1147 1603 1443 1673 θερμότης,

272 1703 345 1755 Τὸ
377 1701 540 1771 ξηρὸν
575 1703 656 1762 εἰς
689 1701 817 1769 γῆν,
859 1701 937 1761 εἰς
965 1698 1108 1767 ὕδωρ
1136 1694 1491 1766 ήψυχρότης.

285 1794 417 1861 Ἀὴρ
453 1792 496 1844 δ’
520 1793 605 1843 ἐπ’
646 1792 806 1844 αὐτὸν
838 1790 934 1842 καὶ
963 1791 1023 1843 τὸ
1047 1789 1270 1860 ῥευστὸν
1302 1786 1562 1858 ἁρπάσει.

276 1886 457 1956 Κείσῃ
487 1886 546 1936 δὲ
572 1885 763 1954 νεκρὸς
791 1884 896 1936 ὑπὸ
918 1885 1148 1953 γυμνοῖς
1180 1880 1409 1941 ὀστέοις,

290 1978 348 2028 Ὀ
373 1979 467 2030 νῦν
508 1978 783 2048 περιττὸς,
814 1981 906 2030 καὶ
942 1971 1470 2042 κατεϐλακευμένος,

282 2073 443 2138 Ὄφις
471 2069 526 2122 δὲ
559 2069 652 2122 τοῦ
682 2070 923 2131 τένοντος
955 2070 1345 2138 ὲκρηγήσεται.

279 2165 321 2215 Τ
330 2165 344 2215 ί
376 2163 484 2235 πῦρ
526 2166 581 2214 ὲν
615 2163 750 2232 ὀργῇ
788 2161 928 2214 κατά
956 2161 1048 2213 τοῦ
1081 2160 1247 2220 πέλας
1285 2156 1501 2221 πνέειςς

281 2256 345 2306 Τί
370 2255 426 2306 δὲ
458 2255 809 2324 βρυχηθμοὺς
839 2253 1082 2315 αὐθαδῶς
1113 2250 1408 2320 ὑποκρίνῃ,

285 2349 392 2399 Καὶ
422 2351 486 2418 τῇ
516 2348 704 2417 λεοντῇ
735 2346 834 2409 τὰς
871 2348 1082 2417 χρυσᾶς
1123 2350 1341 2398 πάντων
1367 2340 1568 2411 ψύχας,

287 2442 396 2492 Καὶ
420 2440 526 2504 ζῶν
556 2441 766 2510 ἀτερπῆ
799 2441 891 2492 καὶ
915 2439 1084 2508 φιλῶν
1108 2439 1235 2507 περὶ
1269 2437 1411 2507 βίον;

286 2532 351 2583 Τί
382 2531 425 2584 δ’
457 2531 532 2594 ὡς
567 2531 737 2599 φάγος
762 2531 1024 2600 πάρδαλις
1057 2531 1265 2599 ὑπόδρα
1303 2529 1543 2598 βλέπεις,

289 2627 398 2677 Καὶ
423 2625 782 2688 δεινοπαϐεἰς,
816 2627 910 2676 καὶ
936 2624 1288 2694 λαρυγγίζεις
1319 2625 1496 2694 μάτην

294 2719 587 2788 ’Ἄντικρυς
619 2717 898 2786 ἡμίγυμνε
937 2717 1101 2786 σεμνὲ
1131 2717 1343 2786 κοχλία,
1480 2707 1487 2716 ’

293 2809 509 2862 Μᾶλλον
541 2809 596 2860 δὲ
627 2807 738 2876 γὺψ
766 2807 971 2861 ἄνωθεν
1003 2809 1266 2878 ἁρπάζων
1295 2810 1455 2878 κρέα,

295 2901 439 2971 Πλὴν
467 2899 587 2954 οὔτε
620 2901 845 2967 νεϐρῶν,
883 2900 1006 2951 οὔτε
1040 2899 1311 2971 περδίκων
1338 2901 1521 2952 πάλιν.

307 2992 543 3062 ’Λνδρῶν
574 2991 648 3055 δὲ,
685 2993 892 3044 παπαὶί
918 2991 1218 3061 δυστυχῶν,
1244 2992 1337 3044 καὶ
1359 2990 1654 3062 σωφρόνων
1679 3006 1693 3053 ;

299 3083 560 3145 Πλούσιος
594 3078 663 3147 εί,
692 3082 858 3135 δέδιθι
891 3084 989 3152 τὴν
1021 3083 1143 3135 τότε
1173 3083 1373 3150 φλόγα.

299 3178 396 3238 Τίς
431 3177 538 3245 γὰρ
573 3173 836 3244 ἀναψύξει
861 3191 919 3227 σε
947 3175 1188 3243 διψῶντα
1217 3175 1431 3244 δρόσος,

301 3269 364 3319 El
396 3267 470 3336 μὴ
502 3269 565 3319 σὺ
597 3269 724 3329 τοὺς
764 3266 1001 3335 πένητας
1037 3266 1227 3320 ἐνθάδε
1258 3266 1521 3336 θρέψεις;

302 3356 467 3419 Σὺνες
501 3357 583 3418 τίς
606 3358 634 3409 ό
665 3356 876 3418 πλάσας
909 3372 967 3406 σε
1002 3356 1096 3407 καὶ
1132 3353 1507 3423 μεταπλάσας,

315 3447 577 3517 Ἐπείπερ
606 3448 683 3510 εἰς
719 3447 848 3518 χοῦν
888 3445 1136 3500 ἐκπεσὼν
1170 3445 1528 3516 συνετρίϐης;

310 3541 383 3592 "ll
414 3540 494 3602 τίς
527 3541 686 3608 χάριν
719 3541 818 3609 σὴν
852 3542 940 3592 καὶ
964 3540 1121 3603 Θεὸς,
1152 3539 1248 3592 καὶ
1279 3539 1526 3608 σαρκίον,

308 3632 416 3684 Καὶ
447 3633 528 3693 τίς
562 3630 865 3695 πεπονθὼς,
903 3631 998 3683 καὶ
1025 3631 1211 3684 παθῶν
1247 3631 1432 3698 μεῖναί
1458 3629 1598 3700 δίκ³’

310 3811 507 3867 lla!)ch
533 3810 733 3881 ἀμιγῆ,
776 3813 868 3862 καὶ
899 3809 1102 3880 φθορᾶς
1134 3809 1303 3873 ἔδειξε
1331 3826 1426 3873 σε;

315 3994 499 4046 Ταῦτα
531 3991 742 4051 σκόπει,
779 3990 1042 4058 βέλτιστε,
1087 3989 1379 4058 σωφρόνως
1419 3989 1579 4058 ἔχων,

317 4086 429 4138 Καὶ
461 4083 658 4153 μηκέτι
681 4078 938 4151 Οαύμαζέ
957 4083 1056 4150 τὴν
1080 4083 1373 4152 ἀμετρίαν.

318 4179 398 4230 Τὰ
423 4178 531 4248 γὰρ
561 4177 640 4228 ἑτι
679 4174 944 4244 μέλλοντα
979 4175 1054 4244 μὴ
1087 4175 1267 4243 σχόντι
1300 4174 1537 4243 βλέπειν,

331 4271 390 4322 ’0
421 4271 519 4338 τῆς
554 4268 812 4339 τελευτῆς
854 4269 1132 4335 ἀγνοεῖταί
1173 4285 1254 4319 σοι
1289 4270 1500 4338 χρόνος.

324 4365 538 4432 Ὥσπερ
572 4363 633 4413 τὸ
663 4361 758 4413 νῦν
794 4360 904 4430 πῦρ
935 4360 1056 4412 οὐδὲ
1098 4360 1336 4431 μετρίως
1366 4363 1578 4428 φλέγει,

325 4456 501 4523 Ιιυρος
533 4453 640 4524 γὰρ
671 4453 833 4506 εἰκών
864 4455 1034 4515 ἐστιν,
1068 4454 1128 4505 οὺ
1166 4453 1274 4521 πῦρ
1305 4455 1402 4521 τὴν
1430 4451 1611 4521 φύσιν,

325 4545 485 4597 υῦτω
518 4544 682 4596 Θεατά
730 4545 823 4596 καὶ
853 4544 914 4594 τὸ
948 4542 1059 4609 πῦρ
1088 4544 1150 4594 τὸ
1189 4543 1507 4611 παμφάγον.

341 4638 397 4691 '0
431 4639 598 4708 Ουμὺς
627 4637 886 4700 ἐξέκαυσε
917 4638 1181 4707 τυράννου
1221 4637 1460 4706 βρέμων,

329 4733 453 4794 Τοῖς
484 4732 589 4783 τῶν
617 4732 752 4783 νέων
791 4730 1040 4799 σώμασιν
1080 4729 1279 4799 εὑρέθη
1306 4730 1516 4799 δρόσος,

343 4825 686 4892 ’Λπόκρυφον
710 4823 820 4891 πῦρ
853 4824 1178 4894 ζωγραφοῦν
1210 4823 1338 4892 πρὶν
1370 4822 1496 4875 ἄλλο
1524 4839 1576 4872 -ιι
1643 4828 1647 4831 ”

345 4916 432 4979 Ὠς
466 4918 530 4969 ἂν
562 4914 816 4984 διδαχθῇς
846 4917 936 4966 τὸν
977 4915 1106 4966 Θεὸν
1138 4913 1246 4984 πῦρ
1278 4916 1372 4966 καὶ
1400 4915 1610 4985 δρόσος,

333 5009 424 5071 Εἰς
458 5008 554 5077 τὴν
590 5008 752 5076 βάτον
786 5006 916 5075 πῦρ,
949 5007 1026 5068 είς
1054 5006 1109 5058 δὲ
1140 5007 1231 5057 τὸν
1268 5008 1433 5058 πόκον
1480 5007 1687 5075 δρόσος.

335 5100 425 5168 Μὴ
451 5097 706 5167 διδράσῃς
745 5099 981 5166 μάλιστα
1015 5097 1103 5147 τὸν
1140 5096 1307 5147 τύπον
1350 5096 1586 5163 βλέπων.

336 5194 426 5261 Μὴ
454 5194 561 5261 γὰρ
589 5192 724 5250 ὅλως
755 5189 942 5256 ἔφλεξε
976 5189 1136 5258 νηδὺν
1171 5189 1447 5258 Παρθένου

339 5285 544 5355 mpm,-
579 5283 887 5354 μετασχὼν,
920 5285 1013 5335 καὶ
1042 5283 1173 5344 Θεὸς
1200 5282 1387 5351 μείνας
1421 5282 1603 5334 πάλιν.

351 5378 642 5447 Ἐστήκασι
671 5377 729 5430 δὲ
754 5381 852 5447 τῆς
889 5376 1084 5444 φλογὸς
1119 5376 1318 5438 ζῶντες
1365 5375 1549 5445 μέσον,

342 5474 449 5523 Καὶ
489 5470 752 5538 τεττίγων
779 5470 996 5541 ᾄδουσιν
1025 5469 1074 5520 οἱ
1117 5468 1304 5528 παῖδες
1347 5468 1550 5538 τρόπον

341 5563 652 5633 Σιτούμενοι
682 5563 787 5632 γάρ
815 5567 910 5630 τῆς
948 5562 1265 5632 ἐνεχθείσης
1296 5561 1510 5630 δρόσου,

348 5657 436 5718 Ὠς
469 5659 524 5707 ἐν
561 5654 709 5726 θέρει
737 5657 992 5721 στέγουσι
1022 5655 1120 5722 τὴν
1152 5653 1312 5724 δεῦρο
1351 5653 1520 5715 ζέσιν.

342 5749 631 5818 Πεπήγασι
663 5749 707 5801 δ’
737 5743 828 5801 οὖν
853 5748 948 5816 τῆς
981 5747 1108 5817 βοῆς
1137 5744 1479 5813 πεπαυμένοι
1507 5761 1519 5772 ·

343 5843 454 5914 Τὴν
487 5843 591 5914 γὰρ
623 5840 825 5913 σιωπὴι
873 5839 1222 5912 ξωγραφοῦσι
1260 5841 1350 5894 τὸν
1373 5840 1558 5903 τύπον,

1858 518 1899 570 Α
1934 510 1997 560 Et
2033 523 2198 561 suave
2238 505 2448 560 tandem
2485 504 2666 577 gaudii
2704 510 2890 558 nectar
2922 499 3073 570 lnge,

1936 600 2062 654 Fert
2098 599 2308 651 scilicet
2334 600 2544 652 tristem
2573 597 2821 651 dolorum
2855 592 3091 661 copiam.

1938 695 2239 762 Quousque
2268 694 2506 754 tandem,
2538 707 2744 761 quzeso.
2777 704 3001 743 munera
3033 695 3086 740 et
3118 686 3284 750 bona,

1939 787 2179 857 Aut-ique
2208 787 2364 856 copia
2393 796 2444 838 et
2481 783 2632 838 furor
2660 784 2965 847 dementim,

1940 879 2237 947 Quousque
2272 887 2321 930 te
2353 891 2542 930 omnes
2567 875 2911 928 blandientes
2939 868 3228 926 divident?

1945 970 2032 1021 Sis
2075 970 2387 1033 fenerator;
2421 968 2486 1020 da
2517 976 2662 1019 luam
2695 967 2857 1018 vitam
2893 964 3032 1028 Deo;

1946 1061 2036 1114 list
2070 1076 2305 1128 namque
2334 1059 2563 1122 debitor,
2597 1056 2865 1125 [idemque
2900 1055 3113 1114 liberat,

1946 1152 2207 1222 Tuusque
2239 1153 2529 1216 fenerator,
2553 1151 2802 1220 quamvis
2839 1165 2944 1202 non
2981 1144 3215 1200 videaris
3246 1143 3512 1212 accipere1

1946 1243 2059 1297 Sibi
2093 1246 2360 1297 devorans
2390 1245 2587 1296 animae
2617 1253 2722 1294 tuae
2751 1240 3016 1293 debitum.

1951 1338 2150 1391 Natura
2175 1335 2291 1399 sed,
2320 1346 2504 1405 gentes
2535 1350 2656 1404 qum
2690 1336 2741 1387 iu
2776 1347 2943 1385 uuqu
2977 1328 3202 1397 colligit,

1947 1431 2122 1484 Debes
2153 1431 2297 1499 quod
2332 1431 2405 1482 illi
2432 1445 2541 1482 non
2579 1427 2811 1496 reposcit
2838 1422 3116 1478 debitum?

1946 1523 2208 1589 Quamvis
2243 1537 2455 1590 Semper
2488 1521 2671 1572 doleas
2693 1528 2746 1572 et
2778 1517 2944 1570 vitam
2974 1528 3145 1575 ames,

1950 1611 2129 1664 Abibit
2156 1611 2208 1664 in
2238 1609 2413 1679 ignem
2445 1609 2537 1678 qui
2569 1608 2664 1661 tibi
2690 1608 2831 1660 inest
2854 1605 3026 1666 calor,

1951 1701 2170 1755 Siccum
2201 1701 2253 1753 in
2291 1709 2512 1762 terram,
2544 1699 2596 1751 in
2625 1712 2822 1767 aquam
2850 1695 3127 1764 frigidum,

1955 1793 2020 1845 Et
2051 1808 2144 1846 aer
2178 1791 2459 1844 lmmidum
2498 1800 2553 1844 et
2581 1791 2781 1842 ﬂuxum
2814 1787 3067 1857 abripiet.

1875 1857 1924 1917 Β
1956 1882 2035 1936 Tu
2069 1898 2197 1936 vero
2220 1891 2468 1936 mortuus
2491 1879 2700 1949 jacebis
2731 1877 2833 1932 sub
2865 1877 3027 1931 nudis
3057 1875 3298 1937 ossibus,

1956 1975 2059 2041 Qui
2095 1990 2237 2029 nunc
2268 1975 2429 2027 nimia
2471 1983 2652 2041 torpes
2682 1971 3034 2040 pinguedine,

1958 2066 2020 2119 Et
2047 2080 2272 2134 serpens
2302 2073 2406 2117 tua:
2435 2063 2703 2132 superbia:
2736 2061 3130 2129 disrumpetur,

1957 2157 2067 2212 Cur
2097 2159 2272 2226 ignem
2298 2156 2470 2210 iratus
2501 2165 2686 2209 cootra
2719 2155 3024 2224 proximum
3055 2153 3254 2223 spiras,

1962 2252 2035 2305 Et
2062 2251 2273 2320 rugitus
2309 2249 2518 2304 feroces
2549 2249 2750 2302 videris
2783 2249 3055 2308 emittere,

1969 2342 2032 2397 Et
2059 2344 2276 2397 leonina
2306 2344 2443 2413 pelle
2476 2343 2704 2396 indutus
2735 2340 3046 2404 insolescis,

1965 2435 2239 2507 Vivasque
2267 2437 2565 2504 injucunde
2595 2444 2649 2488 et
2675 2449 2824 2488 ames
2859 2433 3072 2487 vitam?

1966 2528 2074 2580 (Zur
2105 2544 2271 2580 vorax"
2307 2538 2363 2580 ut
2399 2527 2636 2594 pardalis
2661 2535 2812 2580 torve
2841 2526 3044 2579 circum
3077 2523 3268 2582 tueris.

1970 2623 2033 2676 Et
2065 2622 2427 2690 imaginosum
2456 2621 2679 2689 pateris,
2713 2629 2768 2673 et
2797 2619 3002 2673 clamas
3029 2617 3285 2676 inaniter.

1975 2713 2116 2768 Vere
2149 2715 2366 2768 horrida
2391 2725 2555 2782 atque
2586 2714 2730 2768 nuda
2759 2713 2924 2766 limax
2954 2712 3216 2774 insolens,

1979 2809 2086 2859 Aut
2110 2807 2293 2859 vultur
2327 2821 2355 2858 e
2386 2821 2603 2859 suuuuo
2630 2804 2888 2859 auferens
2914 2819 3131 2858 carnem
3164 2804 3314 2874 polo,

1975 2897 2091 2952 Non
2125 2899 2503 2961 biuuulorum,
2537 2898 2651 2951 sive
2684 2898 2963 2966 perdicum
2999 2906 3204 2964 tamen,

1979 2992 2107 3054 διό,
2145 2992 2283 3043 heu!
2320 2990 2561 3043 virorum
2583 3003 2880 3058 pauperum
2911 2998 2964 3042 et
2990 2990 3440 3058 temperantiunt!

1980 3084 2139 3136 Dives
2163 3097 2242 3145 es,
2275 3083 2401 3134 time
2431 3081 2670 3134 futuram
2695 3081 2993 3134 ﬂammam.

1901 3215 1947 3274 Ε
1984 3180 2106 3245 Quo
2137 3179 2280 3232 enim
2315 3195 2437 3232 rore
2468 3176 2878 3246 refrigeraberis
2907 3186 3035 3232 tunc
3073 3177 3285 3245 sitiens,

1991 3271 2048 3324 Si
2078 3282 2132 3322 tu
2163 3283 2428 3338 pauperes
2455 3267 2542 3321 llic
2573 3282 2679 3321 non
2712 3266 2952 3322 alueris?

1984 3366 2268 3432 Cognosce
2295 3362 2420 3430 quis
2446 3369 2498 3414 te
2530 3358 2746 3414 ﬁnxerit
2775 3370 2827 3414 et
2853 3362 3152 3428 relinxerit,

1983 3451 2435 3520 Quandoquidem
2474 3452 2528 3503 in
2571 3451 2847 3518 pulverem
2873 3466 2931 3504 es
2971 3467 3295 3506 reversurus
3331 3471 3344 3506 :

1987 3545 2078 3598 Vel
2102 3545 2226 3613 quis
2259 3544 2333 3596 tui
2366 3543 2536 3610 gratia
2574 3541 2715 3596 Deus
2747 3558 2854 3595 una
2892 3543 3054 3596 simul
3084 3554 3136 3598 et
3165 3560 3317 3609 caro,

1985 3638 2140 3703 Quis,
2182 3637 2426 3706 inquam,
2466 3651 2681 3705 passus,
2714 3638 2964 3706 quamvis
2999 3639 3240 3706 passioni
3290 3654 3396 3694 non
3434 3639 3566 3694 sub

3372 3729 3538 3790 ditus.

3372 3729 3538 3790 ditus.

1987 3816 2238 3872 Ostendit
2294 3823 2347 3870 te
2406 3815 2656 3870 futurum
2709 3818 3064 3886 passionibus
3111 3831 3165 3873 et
3214 3726 3571 3890 eorritptioue

3268 3909 3548 3962 itbCl‘lllll?

1995 4000 2115 4052 llaec
2143 3999 2449 4061 considera,
2482 4001 2707 4068 optime,
2752 3999 2931 4054 sobrie
2960 4008 3011 4054 te
3041 4016 3256 4070 gerens.

1995 4091 2179 4156 Neque
2211 4092 2445 4159 amplius
2471 4092 2538 4145 de
2565 4092 2926 4146 iuuneusitate
2955 4093 3336 4159 obstupescas,

2006 4183 2142 4236 Nam
2176 4199 2297 4251 quae
2330 4192 2458 4236 sunt
2486 4181 2668 4248 futura
2701 4199 2806 4237 non
2835 4185 2961 4238 licet
2989 4184 3196 4248 videre,

2006 4276 2072 4329 Et
2100 4277 2376 4345 ignoratur
2408 4291 2528 4344 quae
2555 4277 2623 4330 sit
2654 4276 2776 4330 ﬁnis
2806 4279 3087 4346 temporis.

2010 4367 2165 4421 Sicut
2194 4369 2330 4436 ignis
2361 4383 2470 4437 quo
2502 4385 2643 4423 nunc
2672 4370 2898 4432 utimur,
2936 4385 3041 4422 non
3073 4369 3182 4421 urit
3209 4369 3440 4430 modice,

2009 4459 2142 4512 Nam
2179 4460 2319 4526 ignis
2349 4469 2432 4512 est
2462 4461 2664 4529 imago,
2694 4476 2800 4512 non
2834 4461 2975 4528 ignis
3008 4470 3222 4522 natura,

1935 4555 1975 4607 D
2010 4551 2100 4604 Sic
2124 4551 2497 4619 contemplare
2525 4551 2699 4619 ignem
2734 4553 3082 4604 devorantem
3124 4551 3330 4602 omnia.

2007 4644 2270 4698 Accendit
2293 4643 2420 4696 olim
2449 4645 2591 4697 hunc
2616 4660 2768 4698 mens
2799 4644 3017 4713 tyranni
3049 4642 3283 4703 fervida.

2011 4736 2118 4791 Sed
2154 4751 2242 4789 ros
2277 4735 2472 4804 puellis
2496 4735 2669 4788 factus
2696 4743 2780 4788 est
2812 4736 3195 4804 gaudentibus,

2010 4831 2280 4881 Arcanum
2307 4824 2484 4893 ignem
2515 4824 2787 4888 iudicans,
2807 4840 2969 4892 quam
3005 4825 3131 4894 quid
3157 4826 3336 4889 aliud;

2013 4919 2084 4974 Ut
2116 4920 2387 4987 intelligas
2420 4917 2587 4972 Deum
2613 4933 2733 4973 esse
2762 4919 2937 4987 ignem
2960 4929 3011 4969 et.
3047 4934 3247 4981 rorem,

2023 5013 2204 5080 Ignem
2240 5012 2293 5063 in
2329 5011 2488 5073 rubo,
2516 5019 2568 5064 et
2593 5024 2768 5063 rorem
2799 5010 2852 5062 in
2884 5011 3098 5063 vellere.

2017 5102 2122 5155 Nec
2152 5102 2381 5155 multum
2427 5101 2656 5154 distabis
2700 5117 2728 5152 a
2762 5116 2911 5164 vero,
2937 5103 2979 5154 si
3032 5111 3217 5171 typum
3251 5103 3587 5170 perpcudas;

2017 5195 2150 5248 Nam
2186 5204 2395 5246 uterum
2430 5193 2657 5244 omnino
2686 5209 2792 5244 non
2827 5192 3126 5246 cutnbttssit
3153 5192 3412 5262 Virginis,

2018 5287 2121 5352 Qui
2149 5287 2420 5354 particeps
2457 5285 2638 5338 carnis
2664 5283 2807 5338 Deus
2833 5301 3046 5353 semper
3082 5297 3286 5340 tnanet.

2019 5379 2079 5433 lu
2114 5378 2290 5431 medio
2325 5375 2666 5430 ﬂammarum
2697 5377 2800 5427 vivi
2829 5386 3117 5441 steterunt,

2023 5474 2088 5527 Et
2118 5472 2428 5526 cicadarum
2461 5485 2612 5524 more
2647 5471 2909 5524 canebant
2943 5472 3134 5539 pueri;

2023 5566 2155 5618 Nam
2192 5563 2412 5617 enutriti
2445 5579 2608 5633 super
2637 5564 2826 5615 induto
2859 5578 3003 5626 rore,

2023 5655 2151 5708 Loci
2175 5655 2538 5713 exustionem,
2573 5662 2632 5705 ut
2659 5654 2762 5705 illa!
2797 5655 3000 5706 aestatis
3032 5663 3300 5722 tempore,
3330 5651 3593 5708 ferebant.

2026 5751 2253 5805 Stabant
2283 5751 2420 5803 ﬁrmi
2450 5758 2728 5804 cessantes
2763 5766 2790 5802 a
2820 5750 3155 5804 clamoribus
3193 5768 3206 5804 :

2026 5841 2146 5910 ipso
2181 5842 2326 5897 enim
2369 5842 2588 5896 silentio
2620 5851 2803 5910 typum
2839 5841 3171 5904 indicabant,
