4212 6432
707 434 845 498 1359
1567 424 1965 488 OPUSCULA
2004 421 2353 484 MORALIA
2394 388 3086 480 meam/amnis.
3839 408 3985 472 1360

701 555 884 622 Longe
908 547 1296 606 resonantibus
1327 545 1486 603 factis
1518 543 1922 601 tantummodo.

695 643 740 692 0
768 641 1047 711 quomodo
1082 639 1220 708 ignis
1254 637 1484 706 captivis
1515 635 1695 691 factus
1726 643 1811 691 est
1839 650 1951 698 ros,

697 730 849 798 Quos
884 730 1006 784 alite
1028 729 1240 784 circum
1270 727 1654 782 cuSIodiebant
1685 725 1900 797 angeli!

701 824 854 876 Intus
880 823 1026 876 enim
1061 820 1256 875 imbuti
1288 819 1542 889 puritatis
1567 833 1715 880 rore,

700 917 1000 968 Externum
1029 928 1135 966 non
1167 912 1432 968 timebant
1463 911 1603 981 ignis
1628 908 1928 971 fremitum,

699 1006 934 1072 Quinam
967 1005 1130 1058 liceat
1164 1005 1274 1076 igni
1309 1003 1485 1059 urenti
1519 1017 1722 1072 pueros
1751 1001 2060 1059 absumere,

707 1097 810 1152 Vili
841 1112 946 1150 non
986 1097 1294 1175 indigentes
1322 1095 1446 1150 cibo
1467 1103 1523 1149 et
1544 1093 1894 1164 passionibus
1919 1086 2164 1143 liberos?

704 1189 847 1257 Ignis
883 1196 1129 1244 torrente
1168 1186 1352 1241 Daniel
1378 1185 1656 1256 quondam
1679 1181 1895 1246 videns,

701 1286 1022 1342 Torrentem
1049 1280 1236 1337 eﬂudit
1263 1295 1292 1334 e
1322 1279 1515 1334 calidis
1546 1276 1820 1346 lacrymis,

701 1376 858 1432 Nunc
891 1377 1168 1445 irrigatam
1195 1371 1468 1426 ﬂammam
1501 1369 1569 1422 ab
1591 1367 1786 1438 angelo
1815 1366 2027 1429 videns,

702 1469 941 1524 Laetatur
974 1467 1218 1537 quidem,
1254 1473 1310 1518 et
1342 1462 1601 1533 plaudere
1627 1459 1814 1514 forsan
1848 1457 1974 1512 velit

704 1564 912 1618 Pueros
937 1561 1131 1614 videns
1161 1559 1215 1612 in
1249 1561 1373 1628 igne
1403 1557 1652 1611 viventes
1685 1554 1884 1607 iterum

702 1655 816 1710 Sibi
849 1654 994 1711 enim
1024 1651 1333 1708 communis
1359 1647 1690 1719 captivitatis
1731 1660 1853 1700 sors
1880 1651 1965 1698 est
1994 1641 2285 1705 exaltatas,

701 1746 837 1812 Quze
871 1746 1162 1800 Persarum
1195 1740 1635 1810 superstitiosum
1673 1739 1849 1806 ignem
1887 1733 2168 1789 exstinxit.

702 1838 873 1893 Tacet
897 1845 1078 1890 autem
1114 1835 1338 1889 tradens
1363 1833 1676 1902 loquentem
1706 1829 1930 1891 librum,

704 1932 808 1999 Qui
835 1945 1018 1985 rerum
1059 1943 1319 1983 arcanam
1354 1924 1748 1996 praenotionem
1781 1920 2046 1977 continet.

702 2031 772 2080 At
804 2039 929 2078 vere
962 2023 1146 2077 omnia
1178 2034 1353 2086 nova;
1384 2031 1438 2074 ct
1461 2018 1737 2088 iguisnon
1769 2015 1898 2079 urit,

705 2121 772 2174 Et
805 2119 934 2174 fera:
965 2119 1143 2188 ignem
1179 2117 1453 2187 spirantes
1475 2130 1541 2169 ex
1573 2113 1753 2168 inedia

704 2213 816 2266 Res
854 2213 992 2266 mira
1020 2211 1034 2263 ί
1064 2209 1169 2264 sibi
1203 2207 1504 2279 projectum
1540 2207 1716 2260 virum
1755 2203 1960 2260 colunt.

704 2306 905 2360 Mulcct
936 2305 1082 2359 enim
1120 2304 1299 2356 oratio
1325 2315 1513 2355 earum
1546 2298 1840 2364 feritatem,

711 2395 833 2451 Vim
864 2394 1166 2465 infringens
1205 2392 1427 2447 faucum
1458 2391 1882 2446 imminentium.

707 2491 890 2560 Quid?
918 2491 1064 2560 quod
1095 2487 1258 2542 etiam
1307 2485 1583 2556 quoddam
1636 2483 1852 2554 pietatis
1881 2480 2116 2536 ofﬁcium
2167 2479 2292 2534 red-

2081 2573 2262 2646 ldum,

711 2679 855 2731 Bene
884 2676 1188 2731 lambentes
1223 2672 1418 2742 pedum
1444 2671 1564 2741 ejus
1594 2669 1891 2740 pulverem,

711 2771 776 2822 l-It
805 2766 1152 2838 abstergendi
1185 2765 1428 2820 laborem
1461 2766 1576 2818 suis
1613 2761 1850 2816 ferentes
1875 2757 2111 2829 linguis!

713 2863 807 2916 Sic
837 2860 995 2916 fortis
1030 2862 1172 2914 inter
1198 2857 1450 2913 horridas
1481 2855 1629 2911 stetit
1653 2852 1820 2918 feras,

712 2955 838 3008 .lam
866 2961 1073 3018 mente,
1101 2949 1355 3021 quamvis
1377 2964 1486 3005 non
1526 2946 1685 3001 anuis
1713 2945 1915 3008 adhuc,
1950 2957 2115 2998 senex
2140 2958 2154 3006 ;

712 3045 874 3100 Mites
899 3045 1067 3111 enim,
1096 3044 1192 3114 qui
1225 3052 1407 3098 truces
1436 3048 1612 3105 erant,
1637 3038 1811 3094 factos
1839 3037 2003 3099 videt,

713 3139 782 3192 Et
806 3137 1003 3194 standi)
1026 3153 1249 3194 cursum
1280 3135 1515 3207 gigantis
1536 3149 1742 3204 a'quor.

713 3229 758 3285 Ο
787 3246 950 3301 quam
984 3240 1167 3300 aperte
1195 3229 1465 3298 scriptura
1506 3226 1869 3290 demonstrat,

714 3325 848 3392 Quae
878 3325 987 3380 sint
1014 3324 1216 3394 ubique
1245 3323 1491 3378 veritatis
1521 3321 1788 3394 symbols,

713 3418 977 3486 Quamvis
1007 3428 1061 3473 et
1087 3417 1271 3489 lingua
1299 3423 1354 3472 et
1381 3425 1512 3471 notu
1541 3423 1726 3470 careat
1754 3411 2017 3484 scriptio?

745 3627 2282 3658 Μ

2310 544 2357 602 Α
2387 540 2508 592 Τῶν
2541 538 2884 608 πραγμάτων
2913 531 3199 606 πόρρωθεν
3227 531 3504 602 ἠχούντων
3538 530 3722 600 μόνον.

2388 630 2452 681 Ὢ
2485 627 2600 689 πῶς
2635 627 2696 679 τὸ
2725 626 2838 696 πῦρ
2867 621 2936 696 ἦν
2963 627 3078 688 τοῖς
3113 623 3472 694 δορυκτήτοις
3505 621 3723 690 δρόσος,

2385 723 2490 787 Οὓς
2523 721 2758 790 ἀγγέλου
2783 722 3058 791 πτέρυγες
3089 716 3395 788 ἐφρούρουν
3417 715 3576 788 πέριὲ
3596 734 3610 747 ο

2389 817 2581 872 Ἐνδον
2604 814 2713 885 γὰρ
2735 813 3119 883 όμϐρήσαντες
3141 809 3369 878 ἁγνείας
3397 808 3612 878 δρόσον,

2387 909 2491 962 Τὸν
2523 908 2679 970 ἐκτὸς
2711 907 2812 960 οὐκ
2852 903 3095 974 ἔπτηξαν
3128 902 3365 971 ἀκμαῖον
3389 899 3615 970 βρόμον.

2392 1004 2465 1055 Ἢ
2496 1001 2599 1055 ποῦ
2623 999 2845 1070 θεμιτὸν
2878 995 2992 1063 πῦρ
3015 995 3213 1064 φαγεῖν
3256 995 3450 1055 παῖδας
3483 991 3706 1059 φλέγον,

2386 1095 2606 1168 Τροφῆς
2634 1093 2887 1163 ρυπαρᾶς
2914 1088 3010 1142 καὶ
3037 1087 3226 1142 παθῶν
3247 1084 3617 1156 ὑπερτέρουςς

2388 1189 2566 1260 Πυρδς
2602 1186 2849 1255 ποταμὸν
2875 1182 3078 1253 Δανίὴλ
3110 1181 3278 1235 πάλαι
3310 1179 3547 1248 βλέπων,

2389 1283 2642 1349 Ποταμὸν
2674 1277 2928 1344 ἐξέϐλυζε
2960 1273 3185 1346 θερμῶν
3215 1271 3490 1342 δακρύων.

2388 1379 2503 1432 Νῦν
2532 1375 2588 1430 δέ
2612 1371 2898 1444 δροσισθέν
2936 1368 3049 1440 πῦρ
3077 1365 3170 1421 ὑπ’
3202 1363 3439 1434 ἀγγέλου
3474 1362 3694 1432 βλέπων

2388 1465 2746 1538 Φαιδρύνεται
2781 1462 2901 1532 μὲν,
2925 1459 3020 1512 καὶ
3042 1457 3261 1528 κροτεῖν
3293 1453 3424 1516 ίσως
3451 1450 3597 1504 θέλει

2389 1561 2528 1621 Τοὺς
2555 1556 2752 1617 παῖδας
2789 1550 2975 1621 ἀθρῶν
3005 1550 3086 1611 είς
3106 1546 3171 1600 τὸ
3195 1543 3308 1615 πῦρ
3346 1543 3554 1608 ζῶντας
3585 1539 3755 1593 πάλιν

2404 1651 2468 1703 Ἦ
2499 1647 2607 1718 γὰρ
2632 1639 3083 1712 συναιχμάλωτος
3113 1634 3302 1705 ὑψώθη
3334 1633 3495 1702 τύχη,

2390 1744 2502 1813 Τὴν
2540 1739 2821 1810 πυρφόρον
2848 1733 3090 1787 σϐέσασα
3127 1731 3240 1792 τοῖς
3276 1727 3515 1796 Πέρσαις
3552 1722 3766 1790 πλάνην

2393 1833 2531 1904 Σιγᾷ
2554 1831 2611 1884 δὲ
2640 1824 2840 1884 λαλοῦν
2865 1823 3109 1884 ἐκδιδοὺς
3132 1819 3192 1873 τδ
3223 1816 3455 1888 βιϐλίον,

2400 1929 2466 1980 '0
2489 1921 2836 1997 πραγμάτων
2870 1917 3180 1991 πρόγνωσιν
3210 1912 3466 1984 ἀρρήτων
3493 1907 3672 1976 φέρει.

2393 2021 2540 2091 Πλὴν
2563 2018 2783 2079 πάντως
2812 2011 3000 2076 καινά,
3024 2008 3122 2064 καὶ
3147 2007 3210 2061 τὸ
3235 2005 3335 2077 μὲν
3359 2001 3470 2074 πῦρ
3496 2001 3558 2054 οὐ
3584 1998 3802 2067 φλέγει,

2391 2114 2569 2184 Θῆρες
2592 2109 2648 2164 δὲ
2678 2107 2789 2179 πῦρ
2821 2103 3078 2165 πνέοντες
3114 2100 3173 2168 ἐξ
3201 2097 3416 2159 ἀσιτίας

2392 2205 2497 2257 Τὸν
2528 2203 2638 2257 τῶν
2666 2198 2908 2272 όρεκτῶν
2945 2195 3116 2265 ἄνδρα
3153 2192 3358 2263 τιμῶσι
3399 2189 3542 2254 ξένε.

2391 2296 2554 2365 ⁸ιιιμοῖ
2586 2294 2695 2364 γὰρ
2725 2289 2907 2345 αὐτῶν
2937 2284 3274 2359 ήπροσευχὴ
3304 2282 3366 2335 τὸ
3389 2279 3616 2350 θράσος,

2395 2391 2506 2461 Τὴν
2541 2389 2694 2459 ίσχὺν
2719 2383 3077 2456 ἀμϐλύνουσα
3106 2377 3215 2432 τῶν
3247 2374 3601 2447 παρισθμίων

2408 2483 2550 2537 Ἀλλ’
2593 2479 2911 2549 εἰσφέρουσι
2941 2474 3065 2528 τίνα
3088 2472 3184 2526 καὶ
3204 2467 3571 2540 λειτουργίαν,

2396 2671 2682 2741 Δείχοντες
2710 2666 2877 2720 αὐτοῦ
2915 2664 3026 2718 τῶν
3056 2659 3236 2716 ποδῶν
3274 2658 3335 2713 εῦ
3362 2657 3457 2727 τὴν
3483 2655 3654 2718 κόνιν,

2395 2764 2507 2817 Καὶ
2540 2759 2803 2831 ῥυπτικὸν
2844 2756 3131 2828 στέγοντες
3159 2756 3218 2808 ἐν
3246 2749 3519 2821 γλώτταις
3557 2747 3748 2801 πόνον.

2402 2855 2699 2926 Ἀτρεστος
2729 2846 2824 2905 οὖν
2856 2850 3057 2917 ἕστηκε
3092 2848 3202 2899 τῶν
3229 2845 3492 2914 σκύμνων
3533 2841 3700 2911 μέσον

2414 2948 2471 3001 ’0
2499 2943 2866 3018 πρεσϐυτικὺς
2897 2941 2992 2995 καὶ
3017 2939 3124 3010 πρδ
3154 2938 3251 3008 τῆς
3283 2935 3519 3006 ἡλικίας·

2400 3039 2708 3110 Λίδήμονας
2738 3035 2849 3106 γὰρ
2881 3034 3008 3096 τοὺς
3038 3030 3369 3090 ἀτιθάσσους
3400 3027 3608 3095 βλέπει,

2403 3133 2514 3185 Καὶ
2546 3133 2611 3201 τῇ
2647 3128 2834 3181 στάσει
2868 3126 3125 3194 γίγαντος
3159 3119 3414 3190 ἐμφαίνει
3439 3116 3660 3186 δρόμον.

2329 3229 2374 3289 c
2409 3223 2473 3274 ’Ὤ
2504 3220 2621 3284 πῶς
2655 3219 2905 3288 ἐναργεῖς
2935 3217 2969 3286 ή
2996 3212 3245 3283 γραφικὴ
3285 3208 3523 3263 δεικνύει

2405 3314 2545 3374 Τοὺς
2577 3309 2951 3370 παντοδαποὺς
2980 3306 3078 3376 τῆς
3103 3302 3364 3372 ἀληθείας
3391 3298 3618 3360 τύπους.

2407 3403 2528 3458 Κᾶν
2562 3403 2662 3456 οῦκ
2689 3401 2805 3472 ἔχει
2843 3399 3081 3469 κίνησιν,
3115 3396 3149 3465 ἢ
3181 3393 3401 3464 φθέγμα
3433 3391 3706 3460 γράφεινς

2517 3607 3982 3640 Μ

2285 3625 2511 3642 ﬂ

1367 3826 1981 3924 EPMHNEIAI
2053 3830 2280 3917 ΤΩΝ
2349 3825 2425 3914 Θ

2413 3823 2695 3910 »ΕΙΩΝ
2783 3814 3344 3905 ΕΝΤΟΛΩΝ.

2332 4061 2405 4076 ,-

1971 4215 2670 4285 INTERPRETATION
2681 4216 2767 4276 ES

1541 4444 2252 4547 DIVINORUM
2340 4434 3184 4532 MANDATORUM

728 4700 983 4765 Scilicet
1039 4702 1402 4758 sanctorum
1455 4691 1719 4753 Patrum
1765 4695 1824 4747 et
1877 4680 2287 4746 conciliorum
2336 4674 2810 4756 explanatione:
2845 4673 2912 4733 in
2951 4669 3266 4746 Praecepta
3304 4666 3380 4727 D.
3419 4666 3499 4729 Ν.
3536 4664 3687 4724 Iesu
3741 4661 4002 4723 Christi.

1827 4850 2074 4913 (Emam,
2112 4843 2242 4897 Bibl.
2279 4843 2512 4893 Laurent.
2535 4841 2644 4890 cod.
2668 4852 2783 4889 sae.
2818 4836 2940 4898 xxv.)

2351 5018 2419 5029 h-

1712 5173 1907 5222 lNDEX
1944 5166 2478 5216 ARGUMENTORUM
2511 5162 2739 5208 TOTIUS
2775 5159 3021 5204 OPERIS.

813 5347 867 5401 l.
906 5342 1097 5397 Sermo
1125 5337 1336 5408 primus
1367 5329 1433 5385 de
1469 5325 1719 5397 subjecto
1759 5321 1905 5376 libri.

807 5443 862 5495 2.
923 5431 1258 5491 Prooemium
1320 5423 1447 5480 libri
1511 5416 1956 5490 explanationum
2013 5409 2321 5466 divinorum

739 5531 1122 5589 mandatorum
1169 5519 1408 5582 Domini,
1454 5514 1742 5572 continens
1785 5509 1841 5562 in
1880 5502 2206 5575 compendio
2241 5511 2326 5555 to-

743 5638 851 5682 tam
875 5623 998 5678 libri
1034 5615 1464 5676 institutionem;
1495 5605 1713 5677 etquod
1738 5618 1769 5658 e
1791 5608 1981 5656 nostra
2016 5596 2326 5652 divinarum

743 5714 1153 5783 Scripturarum
1224 5700 1554 5778 ignorantia,
1622 5694 1916 5752 incidimus
1991 5688 2045 5743 in
2107 5687 2331 5758 laqueos

741 5777 967 5866 diaboli,
1009 5810 1064 5856 et
1105 5803 1158 5854 in
1207 5777 1571 5869 perditionem
1614 5786 1968 5849 devenimus;
2020 5779 2245 5851 etquod
2275 5777 2329 5832 lii

741 5901 838 5973 qui
883 5907 1073 5957 contra
1109 5892 1434 5951 sententiam
1483 5885 1795 5943 divinarum
1831 5879 2240 5949 Scripturarum
2275 5874 2329 5926 in

2357 5342 2401 5397 υ
2503 5309 2572 5365 α’.
2601 5309 2772 5377 Λόγος
2803 5306 3017 5376 πρῶτος
3043 5302 3289 5374 περὶτῆς
3321 5301 3629 5362 ὑποθέσεως
3658 5298 3753 5352 τοῦ
3783 5298 4011 5368 βιϐλίου.

2504 5403 2571 5476 β’.
2625 5403 2918 5472 Προοίμιον
2969 5401 3068 5469 τῆς
3128 5397 3313 5468 βίϐλου
3375 5395 3483 5449 τῶν
3532 5393 3850 5464 ἐρμηνειῶν
3911 5392 4013 5444 τῶν

2431 5494 2595 5547 θείων
2651 5490 2885 5545 ἐντολῶν
2940 5489 3034 5542 τοῦ
3074 5487 3280 5555 Κυρίου
3306 5525 3322 5550 ,
3369 5485 3492 5555 ἔχον
3536 5485 3595 5536 ἐν
3641 5484 3883 5552 ἐπιτομῇ
3925 5481 4013 5548 τὴν

2431 5588 2561 5655 ὃλην
2584 5584 2969 5657 πραγματείαν
2991 5581 3086 5635 τοῦ
3113 5579 3342 5652 βιϐλίου’
3367 5579 3461 5632 καὶ
3481 5578 3565 5629 ὅτι
3590 5576 3657 5628 ἐκ
3675 5573 3773 5628 τοῦ
3800 5574 4014 5641 ἀγνοεῖν

2433 5683 2583 5753 ἡμᾶς
2633 5681 2731 5742 τὰς
2774 5678 2925 5740 θείας
2958 5676 3214 5747 Γραφάς,
3264 5671 3615 5743 ἐμπίπτομεν
3660 5669 3742 5730 εἰς
3771 5666 3875 5730 τὰς
3921 5683 4012 5717 1::-

2434 5776 2590 5845 γίδας
2621 5771 2715 5825 τοῦ
2747 5769 2994 5824 διαϐόλου
3015 5809 3030 5833 ,
3068 5767 3160 5820 καὶ
3193 5767 3259 5835 τῇ
3288 5763 3538 5833 ἀπωλείᾳ
3569 5756 4011 5830 παραδιδόμεθα·

2436 5868 2531 5922 καὶ
2559 5867 2642 5921 ὅτι
2675 5866 2725 5919 οί
2758 5863 2908 5932 παρά
2955 5864 3016 5916 τὸ
3063 5861 3275 5931 θέλημα
3309 5858 3416 5912 τῶν
3446 5857 3609 5910 θείων
3659 5851 3900 5922 Γραφῶν
3945 5851 4013 5910 εἰς
