4212 6432
275 387 399 450 1361

975 383 1749 446 INTERPBETATIONES
1791 385 2232 447 DIVINORUM
2274 383 2834 448 MANDATORUM.

3400 381 3538 446 1362

267 497 729 566 ἀπηγορευμένας
773 493 998 565 πράξεις
1033 496 1175 547 τισὶν
1228 497 1659 566 ύποτάσσομενοι
1713 513 1850 566 προ·-

1970 497 2259 553 ποΙιίιιίισε
2318 499 2562 554 actiones
2635 496 2913 566 aliquibus
2988 493 3218 560 subjecti
3277 505 3536 564 pratequ

268 591 430 657 φάσει
478 587 757 656 ὑπακοῆς,
808 588 903 639 καὶ
946 588 1188 653 ὲκκοπῆς
1222 586 1545 656 Θελημάτων
1574 625 1588 649 ,
1625 586 1703 656 τῷ
1726 587 1844 639 δια-

268 683 410 749 ϐόλῳ
431 722 444 742 ,
481 683 575 734 κα¹ι
606 682 717 740 τοῖς
751 681 808 733 ὲν
841 679 1031 734 πόλεσι
1067 679 1350 748 δημοσίοις
1383 679 1810 749 παρεικάζονται
1831 720 1845 744 ,

269 774 368 827 οὐκ
397 771 758 840 ἐκφεύξονται
807 771 866 826 δὲ
921 773 981 825 τὸ
1039 776 1216 842 κρῖμα
1263 771 1358 824 τοῦ
1413 771 1572 836 Θεοῦ,
1625 770 1750 825 οὔτε
1797 773 1847 825 οί

270 866 658 928 ὑπακούοντες,
687 863 810 916 οὕτε
839 865 886 916 οἱ
923 863 1327 927 ἐπιτάττοντες,
1357 863 1472 915 ἀλλ’
1493 862 1720 928 ἕκαστος
1750 865 1850 919 δὼ-

271 976 352 1010 σει
385 958 539 1020 δίκας
573 957 715 1011 κατά
745 957 843 1020 τὰς
870 955 1096 1025 πράξεις
1126 954 1316 1008 αὑτοῦ.

342 1047 410 1114 γ’.
454 1046 752 1117 Ἐρμηνεία
784 1048 892 1098 τῶν
938 1045 1099 1098 Θείων
1139 1046 1367 1098 ἐντολῶν
1405 1045 1499 1100 τοῦ
1537 1047 1744 1116 Κυρίου
1795 1049 1853 1101 ἐν

272 1141 529 1209 ἐπιτομῇ,
565 1138 630 1191 ἐκ
658 1155 717 1190 τε
748 1138 841 1190 τοῦ
875 1137 1302 1207 Χρυσοστόμου,
1359 1140 1454 1190 καὶ
1485 1139 1690 1202 ἑτέρων
1735 1139 1848 1192 διας

274 1234 457 1302 φόρων
476 1232 736 1301 Πατέρων
763 1231 1034 1298 κεφάλαια
1071 1234 1417 1284 συντείνοντα
1449 1233 1526 1296 εἰς
1553 1232 1648 1297 τάς
1681 1233 1854 1296 αύτάς

274 1325 594 1395 ἑρμηνείας·
629 1324 722 1378 καὶ
754 1325 836 1377 ὃτι
869 1325 896 1376 ό
923 1323 1010 1377 διὰ
1043 1325 1142 1394 τὴν
1176 1324 1378 1395 ἀρετὴν
1409 1325 1634 1394 πάσχων
1668 1326 1854 1389 κακῶς

275 1418 426 1484 παρὰ
450 1415 558 1468 τῶν
586 1414 892 1485 ἀνθρώπων
919 1407 1072 1478 οὗτος
1109 1415 1470 1486 μακαριστὸς,
1496 1417 1524 1469 ό
1548 1417 1604 1469 δὲ
1627 1417 1695 1470 δι’
1722 1416 1856 1470 αὐτὸ

273 1507 335 1558 τ’)
368 1507 536 1560 κακὸν
568 1508 794 1577 πάσχων
825 1507 1140 1571 πανάθλιος’
1177 1510 1270 1562 καὶ
1301 1509 1383 1562 ὅτι
1411 1511 1473 1562 οῦ
1507 1509 1733 1563 δυνατὸν
1765 1511 1855 1564 τὸν

276 1596 333 1646 ἐν
357 1595 523 1663 ἀρετῇ
553 1593 734 1656 ζῶντα
758 1597 908 1666 παρά
935 1598 1149 1651 πάντων
1178 1598 1397 1652 ἀκούειν
1420 1599 1622 1663 καλῶς·
1649 1602 1742 1655 καὶ
1773 1603 1854 1656 ὅτι

275 1686 323 1735 οἱ
371 1684 617 1748 θέλοντες
666 1687 817 1757 παρά
871 1688 1090 1742 πάντων
1143 1690 1437 1753 ἐπαίνους,
1488 1688 1634 1747 οῦτοι
1689 1695 1856 1747 πᾶσιν

276 1776 534 1845 ἀρέσκειν
557 1778 919 1844 σπουδάζουσι
942 1797 956 1811 ⁸
983 1783 1076 1834 καὶ
1106 1783 1188 1836 ὅτι
1219 1786 1283 1836 ἔκ
1303 1783 1495 1837 τούτου
1526 1787 1856 1856 γνωρίζεται

1955 588 2297 653 οὺειιίειιιίω,
2344 598 2396 643 et
2437 589 2816 659 abnegationis
2863 587 3186 651 voluntatis,
3220 587 3460 649 diabolo,
3485 599 3540 643 et

1958 680 2042 734 bis
2077 680 2169 750 qui
2199 681 2412 750 publice
2445 682 2637 736 vivunt
2670 681 2726 734 in
2751 681 2979 737 urbibus
3004 678 3405 740 assimilantur,
3430 695 3538 732 non

1957 767 2215 838 effugient
2260 768 2355 822 Dei
2417 768 2702 837 judicium,
2753 781 2929 837 neque
2981 766 3321 828 obedientes,
3368 779 3543 833 neque

1953 858 2229 928 jubentes,
2266 861 2360 916 sed
2393 859 2628 930 quisque
2663 859 2815 914 dabit
2853 873 3042 929 poenas
3073 857 3382 914 secundum
3415 871 3545 911 suas

1959 955 2221 1007 actiones.

2029 1045 2081 1100 5.
2118 1044 2439 1114 Explanatio
2474 1044 2783 1100 divinorum
2810 1043 3194 1098 mandatorum
3230 1040 3447 1096 Domini
3486 1041 3538 1093 in

1961 1138 2306 1206 compendio,
2351 1147 2406 1192 et
2451 1154 2520 1192 ex
2571 1139 2968 1208 Chrysostomo
3020 1144 3076 1191 et
3132 1133 3256 1189 aliis
3310 1133 3544 1188 diversis

1961 1229 2214 1286 Patribus
2246 1231 2422 1301 capita
2452 1231 2790 1286 conferentia
2824 1231 2875 1284 in
2909 1231 3042 1285 istas
3074 1226 3489 1297 explanationes
3523 1242 3537 1279 :

1960 1330 2016 1376 et
2047 1322 2192 1392 quod
2225 1323 2313 1378 ille
2342 1323 2435 1393 qui
2461 1323 2530 1377 ob
2560 1324 2819 1376 virtutem
2857 1321 2996 1375 male
3034 1320 3238 1390 patitur
3269 1320 3338 1374 ab
3367 1317 3548 1373 bonti-

1963 1414 2124 1468 nibus
2156 1414 2508 1470 beatissimus
2536 1425 2640 1478 est,
2669 1415 2760 1484 qui
2788 1422 2968 1468 autem
3007 1413 3079 1467 ob
3126 1411 3304 1480 ipsum
3339 1411 3543 1465 malum

1962 1504 2170 1574 patitur
2206 1506 2369 1560 miser
2393 1514 2478 1561 est
2518 1523 2534 1559 :
2576 1515 2630 1560 et
2680 1505 2825 1573 quod
2875 1501 3219 1573 impossibile
3264 1509 3346 1555 est
3391 1500 3542 1554 illum

1963 1597 2056 1668 qui
2095 1597 2149 1650 in
2182 1597 2382 1651 virtute
2425 1598 2570 1666 degit
2617 1597 2687 1650 ab
2718 1595 2971 1650 omnibus
3021 1595 3159 1649 bene
3199 1591 3390 1647 audire
3429 1607 3445 1645 :
3491 1599 3547 1645 et

1963 1685 2109 1755 quod
2142 1686 2487 1755 exquirentes
2545 1685 2614 1740 ab
2669 1685 2930 1740 omnibus
2965 1686 3174 1749 laudes,
3205 1683 3260 1738 hi
3292 1682 3548 1736 omnibus

1964 1779 2179 1847 placere
2205 1780 2420 1833 student
2456 1795 2470 1834 :
2511 1787 2567 1834 et
2591 1779 2735 1849 quod
2781 1794 2846 1833 ex
2893 1793 2959 1834 eo
2993 1776 3348 1848 cognoscitur
3377 1775 3549 1831 falsus

275 1868 304 1918 ό
336 1866 816 1934 ψευδοδιδάσκαλος
843 1910 857 1932 ,
886 1871 982 1924 καὶ
1012 1873 1040 1925 ὁ
1068 1872 1529 1944 ψευδοπροφήτης
1559 1878 1624 1930 ὲκ
1655 1877 1751 1933 τοῦ
1780 1881 1855 1951 μὴ

1970 1869 2152 1924 doctor
2188 1878 2242 1924 et
2290 1869 2461 1925 falsus
2489 1871 2773 1942 preplieta,
2807 1885 2933 1924 cum
2971 1885 3079 1924 non
3106 1869 3304 1926 doceat
3347 1884 3416 1924 ex
3467 1867 3552 1920 di-

277 1962 553 2015 διδάσκειν
584 1965 647 2018 ὲκ
685 1965 794 2020 τῶν
825 1965 985 2020 θείων
1013 1968 1247 2038 Γραφῶν
1268 2009 1283 2031 ,
1321 1968 1435 2022 ἀλλ’
1467 1971 1531 2024 ὲκ
1561 1972 1661 2042 τῆς
1691 1973 1859 2028 αὐτοῦ

280 2055 508 2124 καρδίας
545 2057 681 2126 πρὸς
709 2059 805 2122 τὰς
839 2061 1073 2114 ἑκάστου
1109 2063 1429 2134 ἐπιθυμίας.

348 2146 408 2199 δ’.
450 2149 586 2219 Περὶ
616 2151 920 2221 ἀποταγῆςο
977 2153 1070 2206 καὶ
1112 2155 1195 2207 ὃτι
1247 2157 1417 2210 κακὸν
1471 2159 1504 2229 ἡ
1559 2159 1862 2231 ὲπιὸλαὸὴς

279 2237 522 2305 ὁμόνοια,
550 2240 644 2293 καὶ
672 2243 926 2312 κρεῖσσόν
955 2246 1070 2296 ἐστι
1101 2246 1524 2319 διαχωρίζεσθαι
1554 2251 1662 2304 τῶν
1685 2253 1861 2306 τοιού-

280 2346 390 2381 των
467 2332 562 2384 καὶ
593 2334 673 2386 ὅτι
728 2336 1071 2390 ἐπικίνδυνον
1121 2340 1438 2411 ἀποκείρειν
1470 2345 1593 2407 τοὺς
1631 2348 1863 2412 γυναῖκα

283 2423 375 2472 καὶ
431 2423 594 2478 τέκνα
633 2425 886 2496 ἔχοντας,
936 2429 966 2496 ἢ
1001 2431 1176 2495 ἄλλως
1210 2435 1326 2496 πῶς
1362 2435 1672 2508 ἀδιαφόρως
1705 2439 1865 2492 τοῦτο

284 2519 480 2581 ποιεῖν,
510 2519 603 2571 καὶ
635 2520 752 2584 πῶς
779 2523 886 2592 χρὴ
918 2523 1126 2588 πάντας
1153 2528 1278 2590 τοὺς
1303 2531 1579 2594 τοιούτους
1607 2533 1863 2601 δέχεσθαι

284 2609 342 2658 ὲ)
380 2613 785 2680 μοναστηρίοις·
826 2616 919 2667 καὶ
949 2617 1028 2670 ὃτι
1063 2618 1238 2687 μέγαν
1267 2620 1512 2674 κίνδυνον
1547 2624 1679 2692 ἔχει,
1715 2627 1809 2679 καὶ
1838 2628 1864 2680 ὁ

283 2699 481 2765 διδοὺς,
517 2705 609 2756 καὶ
638 2705 665 2755 ό
692 2704 1007 2775 λαμϐάνων,
1042 2712 1137 2763 καὶ
1177 2714 1204 2765 ό
1238 2714 1574 2767 συνευδοκῶν
1601 2716 1688 2768 διὰ
1727 2736 1865 2788 χρη-

289 2794 474 2860 μάτων
525 2795 622 2857 τάς
671 2798 919 2868 είσδοχάς
959 2801 1206 2861 γίνεσθαι
1249 2807 1400 2875 παρά
1434 2807 1495 2859 τὸ
1528 2802 1665 2872 ταῖς⁵
1692 2810 1865 2876 θείαις

225 2909 249 2922 4
286 2884 476 2938 δοκοῦν
509 2888 780 2958 Γραφαίς·
819 2893 914 2944 καὶ
941 2893 1024 2946 ὅτι
1061 2895 1160 2964 τὴν
1219 2897 1513 2970 μοναδικὴν
1549 2902 1826 2957 πολιτείαν
1849 2947 1863 2969 ,

289 2979 465 3042 ἄλλως
496 2981 613 3046 πῶς
647 2986 696 3036 oi
737 2985 981 3057 Πατέρες
1018 2989 1080 3041 ού
1109 2990 1390 3060 δέχονται,
1419 2996 1465 3045 εἰ
1494 2995 1568 3064 μὴ
1598 2996 1738 3049 κατά
1768 2997 1867 3067 τὴν

290 3073 617 3141 νηιοθεσίαν
648 3076 756 3129 τῶν
797 3079 1112 3149 ἀσκητικῶν
1151 3083 1245 3135 τοῦ
1289 3087 1522 3153 μεγάλου
1561 3088 1864 3143 Βασιλείου.

364 3163 425 3218 ε’.
457 3166 591 3236 Περὶ
612 3169 898 3239 ἀποταγῆς
920 3172 1143 3225 δούλων·
1171 3176 1261 3226 καὶ
1283 3177 1362 3228 ὅτι
1381 3179 1428 3228 οἱ
1453 3180 1577 3242 τοὺς
1597 3181 1870 3244 τοιούτους

292 3255 575 3326 δεχόμενοι
609 3261 959 3332 ἀδιακρίτως,
1000 3265 1093 3318 καὶ
1127 3267 1275 3337 παρά
1307 3268 1404 3332 τὰς
1438 3269 1585 3334 Θείας
1623 3273 1869 3343 Γραφάς,

295 3349 326 3418 ἢ
362 3352 511 3420 παρά
536 3353 763 3425 γνώμην
797 3358 903 3410 τῶν
940 3359 1083 3413 ἰδίων
1122 3361 1400 3415 δεσποτῶν
1453 3364 1870 3436 ἀποκείροντες,

295 3439 395 3507 τῆς
419 3446 703 3508 κοινωνίας
723 3447 1069 3516 χωρίζονται,
1097 3454 1191 3504 καὶ
1210 3454 1697 3525 ἀναθεματίςονται
1723 3459 1876 3530 παρά

294 3533 404 3583 τῶν
439 3534 598 3588 Θείων
645 3543 919 3604 κανόνων,
948 3543 996 3593 οἱ
1029 3543 1083 3595 δὲ
1132 3544 1307 3597 δοῦλοι
1343 3549 1480 3600 κατά
1512 3551 1638 3613 τοὺς
1677 3551 1876 3616 ἔξωθεν

297 3625 496 3693 νόμους
531 3629 967 3698 ἀναδουλοῦνται,
1007 3637 1101 3688 ἐὰν
1137 3639 1211 3706 μὴ
1237 3639 1336 3707 τὴν
1368 3640 1619 3710 ἄσκησιν,
1651 3644 1746 3696 καὶ
1777 3644 1877 3714 τὴν

298 3720 534 3792 ἀκρισὴν
562 3724 837 3779 πολιτείαν
865 3727 972 3779 τῶν
1005 3729 1177 3798 άγίων
1207 3732 1588 3803 μετέρχονται.

377 3911 450 3967 ς’.
483 3907 616 3975 Περὶ
646 3907 752 3959 τῶν
782 3911 1214 3980 ἀναχωρούντων
1243 3915 1350 3967 ἀπὸ
1375 3917 1754 3988 ἀδελφότητοςο
1787 3922 1880 3974 καὶ

301 3995 385 4046 ὅτι
426 3997 454 4047 6
499 3995 587 4048 διά
628 3999 898 4067 σαρκικὴν
947 4001 1288 4069 ἀνάπαυσιν,
1348 4005 1380 4075 ἢ
1443 4007 1530 4060 διά
1594 4011 1881 4082 προκοπὴν

305 4090 577 4159 κοσμικὴν
607 4091 715 4143 ἀπὸ
748 4093 1105 4165 ἀδελφότητος
1141 4100 1460 4169 ἀναχωρῶν,
1492 4102 1614 4155 λίαν
1643 4106 1884 4179 ἀπόϐλη-

303 4183 394 4244 τός
430 4184 546 4234 ἐστι
576 4186 725 4253 παρὰ
757 4185 834 4254 τῷ
862 4184 1002 4254 Θεῷ,
1053 4189 1147 4239 καὶ
1192 4190 1434 4261 ἀρνητὴς
1476 4192 1570 4245 τοῦ
1607 4195 1881 4263 ἐπαγγέλ-

311 4293 478 4344 ματος
499 4293 510 4304 ’
545 4278 637 4329 καὶ
667 4278 747 4329 ὅτι
786 4281 833 4330 οἰ
861 4278 994 4332 θεῖοι
1027 4283 1248 4345 κανόνες
1285 4285 1409 4346 τοὺς
1451 4287 1756 4352 τοιούτους,
1792 4290 1886 4343 καὶ

309 4369 431 4428 τοὺς
453 4368 878 4438 ἀναδεχομένους
902 4372 1120 4437 αὐτοὺς,
1145 4374 1242 4442 τῆς
1265 4377 1547 4440 κοινωνίας
1571 4380 1882 4448 χωρίζουσι·

315 4461 406 4510 καὶ
456 4459 538 4512 ὃτι
565 4462 614 4512 οί
657 4461 746 4513 διά
794 4463 887 4514 τὸν
917 4462 1051 4516 Θεὸν
1085 4465 1272 4518 ἄλλοτε
1307 4467 1541 4538 ἀλλαχοῦ
1578 4472 1884 4542 ἑλκόμενοι,

1963 1965 2103 2022 vinis
2132 1964 2452 2036 Scripturis,
2484 1966 2580 2020 sed
2604 1981 2635 2021 e
2657 1965 2878 2035 proprio
2903 1981 3005 2022 suo
3046 1965 3211 2022 corde
3242 1963 3547 2021 secundum

1963 2057 2228 2128 cujusque
2257 2059 2588 2113 voluntates.

2033 2153 2084 2207 4.
2121 2151 2194 2207 De
2225 2151 2564 2221 professione
2603 2153 2857 2224 religiosa
2897 2162 2995 2209 :et
3022 2153 3170 2223 quod
3213 2152 3418 2207 malum
3465 2160 3551 2206 est

1965 2245 2123 2299 noxia
2158 2245 2512 2311 unanimitas,
2541 2256 2594 2302 et
2639 2246 2834 2302 melius
2860 2255 2944 2301 est
2971 2261 3001 2301 a
3031 2244 3234 2301 talibus
3271 2244 3550 2315 separari;

1965 2348 2018 2392 et
2060 2339 2201 2405 quod
2250 2339 2614 2408 periculosum
2667 2348 2753 2393 est
2796 2339 3021 2394 tondere
3065 2339 3166 2394 bos
3198 2338 3291 2408 qui
3326 2351 3549 2392 uxorem

1966 2440 2020 2485 et
2050 2430 2248 2486 liberos
2280 2432 2500 2495 habent,
2538 2429 2617 2484 vel
2650 2431 2810 2485 aliter
2835 2446 3058 2502 quoquo
3095 2432 3259 2485 modo
3291 2429 3546 2485 indiscri-

1968 2525 2215 2578 miuatim
2253 2524 2301 2578 id
2334 2541 2516 2593 agere,
2543 2536 2597 2580 et
2626 2527 2904 2597 quomodo
2948 2534 3162 2596 oportet
3193 2540 3385 2580 omnes
3418 2525 3553 2580 tales

1969 2618 2208 2685 recipere
2251 2616 2304 2670 in
2343 2619 2730 2686 monasteriis;
2780 2627 2835 2674 et
2891 2619 3034 2690 quod
3080 2632 3282 2690 magno
3310 2616 3552 2688 periculo

1970 2726 2028 2765 se
2074 2712 2296 2778 exponit
2343 2721 2396 2764 et
2429 2711 2568 2766 dans
2601 2720 2655 2766 et
2697 2712 2972 2783 recipiens
3017 2719 3071 2766 et
3123 2711 3443 2781 permittens
3480 2711 3553 2764 ob

1969 2802 2231 2871 pecunias
2259 2803 2623 2859 admissiones
2665 2804 2778 2859 ﬁeri
2814 2816 3009 2861 contra
3055 2807 3362 2861 divinarum
3398 2805 3550 2860 Scri-

1972 2903 2252 2964 pturarum
2303 2896 2627 2950 sententiam
2680 2915 2692 2950 :
2743 2907 2796 2952 et
2845 2899 2990 2967 quod
3050 2899 3370 2953 monasticae
3430 2897 3556 2953 vitae

1971 2992 2263 3056 rationem,
2319 2991 2469 3045 nullo
2525 2993 2633 3047 alio
2673 2993 2834 3047 modo
2868 2991 3057 3047 Patres
3096 2993 3395 3062 accipiunt,
3448 2992 3552 3047 nisi

1972 3084 2271 3139 secundum
2300 3085 2722 3139 constitutiones
2752 3084 3020 3139 aseeticas
3045 3083 3224 3150 magni
3266 3081 3477 3137 Basilii.

2047 3175 2098 3231 5.
2121 3176 2205 3230 'De
2237 3175 2576 3245 professione
2622 3177 2874 3244 religiosa
2925 3191 3206 3230 servorum
3248 3192 3262 3228 :
3305 3185 3359 3229 et
3408 3173 3552 3244 quod

1976 3269 2050 3322 illi
2080 3269 2172 3339 qui
2206 3269 2341 3324 tales
2369 3269 2632 3339 rccipiunt
2665 3267 2999 3331 indistincte,
3027 3277 3082 3321 et
3113 3276 3302 3322 contra
3338 3266 3556 3321 divinas

1978 3359 2305 3430 Scripturas,
2340 3369 2394 3415 et
2424 3369 2612 3416 contra
2645 3364 2972 3415 sententiam
2998 3361 3345 3431 propriorum
3382 3359 3558 3414 domi-

1979 3469 2174 3508 norum
2211 3454 2457 3515 tondent,
2486 3469 2513 3506 a
2549 3454 2941 3509 communione
2982 3463 3309 3523 separantur
3337 3460 3392 3507 et
3424 3468 3560 3506 aua-

1979 3547 2405 3602 tltematizantur
2453 3548 2654 3603 divinis
2705 3547 3029 3614 cauonibus,
3065 3547 3206 3602 servi
3259 3555 3441 3601 autem
3474 3561 3560 3600 se-

1981 3640 2218 3694 cundum
2245 3649 2498 3695 externas
2525 3641 2668 3710 leges
2702 3656 2920 3696 rursum
2953 3639 3201 3694 servituti
3245 3639 3562 3708 mancipan-

1982 3739 2091 3794 tur,
2116 3732 2418 3787 nisi'vitam
2444 3734 2832 3800 aseeticam,et
2861 3741 3061 3788 rectam
3088 3740 3402 3788 sanctorum
3442 3729 3564 3783 vitae

1983 3824 2249 3878 rationem
2277 3824 2695 3893 amplectantur.

2052 3917 2106 3970 6.
2135 3917 2208 3970 De
2249 3916 2656 3971 discedentibus
2700 3930 2728 3967 a
2776 3913 3116 3969 fraternitate
3148 3931 3162 3967 :
3197 3922 3251 3968 et
3304 3912 3448 3982 quod
3479 3912 3570 3966 ille

1984 4008 2076 4078 qui
2104 4018 2324 4080 propter
2359 4009 2634 4064 carnalem
2664 4008 2924 4077 quietem,
2949 4007 3033 4061 vel
3061 4007 3392 4061 mundanam
3425 4005 3569 4059 utili-

1987 4109 2152 4156 tatem
2188 4117 2218 4155 a
2268 4100 2606 4156 fraternitate
2651 4101 2908 4166 discedit,
2940 4100 3172 4153 multum
3208 4097 3353 4168 apud
3395 4097 3564 4152 Deum

1987 4193 2412 4263 contemptibilis
2445 4203 2550 4257 est,
2567 4202 2621 4249 et
2644 4192 3008 4263 promissione
3034 4192 3314 4260 privatus;
3339 4199 3392 4244 et
3414 4187 3562 4259 quod

1987 4286 2158 4342 divini
2189 4301 2431 4341 canones
2453 4287 2588 4342 tales
2630 4286 2900 4350 homines,
2926 4293 2981 4339 ct
3005 4300 3103 4339 eos
3151 4282 3247 4353 qui
3296 4283 3572 4352 recipiunt

1990 4379 2130 4442 illos,
2177 4393 2208 4430 a
2277 4363 2665 4431 communione
2724 4387 3012 4446 separant;
3056 4384 3111 4430 et
3166 4374 3313 4445 quod
3373 4373 3427 4428 bi
3477 4375 3572 4442 qui

1989 4476 2208 4537 propter
2241 4465 2408 4520 Deum
2440 4467 2597 4521 aliter
2639 4467 2748 4521 alio
2787 4466 3099 4529 trahuntur,
3141 4474 3195 4519 ct
3233 4463 3574 4520 discedentes

312 4550 404 4601 καὶ
430 4551 839 4621 ἀναχωροῦντες
869 4554 1164 4619 ὲπαινετοὶ,
1203 4557 1297 4608 καὶ
1328 4558 1388 4609 οῦ
1421 4560 1748 4629 χωρίζονται
1771 4563 1863 4632 ’τῆς

1994 4555 2306 4619 laudantur,
2353 4569 2530 4624 neque
2573 4571 2602 4610 a
2659 4555 2999 4610 fraternitate
3054 4562 3399 4626 separantur,
3444 4554 3573 4625 quia

310 4641 689 4712 ἀδελφότητος,
718 4645 798 4697 ὅτι
827 4645 1140 4715 οἰκονομίαν
1172 4649 1490 4719 πληροῦσιν.

385 4734 445 4799 ζ’.
478 4736 612 4804 Περὶ
633 4736 896 4804 διαφοράς
924 4741 1251 4795 σκανδάλων·
1281 4746 1370 4796 καὶ
1397 4746 1479 4797 ὃτι
1511 4746 1601 4799 τὸν
1635 4748 1891 4802 ποιοῦντα

318 4827 536 4897 ἐντολὴν
561 4828 718 4890 Θεοῦ,
754 4830 784 4899 ἧ
818 4833 1146 4898 παραδόσεις
1181 4838 1352 4904 ἀγίων
1386 4839 1669 4909 Ιῐατέρων,
1698 4843 1756 4894 ού
1786 4842 1892 4913 χρὴ

315 4922 414 4990 τὴν
448 4922 648 4990 πρᾶξιν
695 4923 1130 4993 καταλιμπάνειν
1178 4929 1266 4980 διά
1306 4934 1432 4994 τοὺς
1464 4932 1891 5002 σκανδαλιζομέ-

317 5029 462 5075 νους·
490 5014 584 5066 καὶ
613 5016 694 5067 ὅτι
721 5018 751 5084 ἡ
777 5018 969 5089 εἰρήνη
993 5059 1007 5082 ,
1038 5022 1132 5071 καὶ
1163 5022 1194 5090 ἡ
1222 5023 1356 5092 εὐχὴ
1387 5023 1478 5076 τὸν
1510 5024 1659 5091 ἄξιον
1693 5025 1766 5094 μὴ
1802 5027 1892 5079 εύ-

318 5105 508 5176 ρσῦσα,
569 5109 890 5178 ἐπιστρέφει
946 5112 1109 5163 πάλιν
1163 5115 1299 5184 πρὸς
1348 5115 1440 5169 τὸν
1494 5118 1894 5172 ἀποστέλλοντα

316 5199 512 5264 ταῦτα,
541 5199 685 5252 οῦτω
711 5203 803 5254 καὶ
833 5205 865 5272 ἡ
897 5205 1113 5274 κατάρα
1140 5209 1464 5278 ἐπιστρέφει
1494 5211 1657 5264 πάλιν
1687 5213 1780 5265 ἐπὶ
1804 5212 1894 5266 τὸν

318 5295 520 5356 ἀδίκως
555 5295 1013 5350 σκανδαλισθέντα
1045 5300 1138 5352 καὶ
1173 5302 1583 5372 καταρώμενον.

388 5384 457 5456 η’.
491 5387 625 5457 Περὶ
654 5387 991 5440 διδασκάλων
1020 5389 1302 5462 διασοράςο
1341 5395 1435 5445 καὶ
1467 5393 1550 5446 ὅτι
1581 5392 1810 5464 φοδερδν
1835 5394 1896 5447 τὺ

320 5479 497 5546 κρῖμα
542 5476 633 5530 τοῦ
672 5478 1026 5544 διδασκάλου,
1074 5483 1167 5534 ἐὰν
1201 5482 1353 5552 παρὰ
1397 5484 1493 5547 τάς
1525 5485 1746 5546 ἐντολὰς
1801 5483 1895 5537 τοῦ

319 5570 455 5622 Θεοῦ
485 5570 734 5642 διδάσκῃ·
775 5572 866 5624 καὶ
913 5573 994 5625 ὅτι
1023 5573 1302 5627 πείθεσθαι
1333 5574 1547 5639 τούτοις
1583 5576 1664 5629 δεῖ
1692 5577 1757 5629 ὲκ
1787 5576 1897 5629 τῶν

322 5658 481 5713 Θείων
503 5661 734 5731 Γραφῶν
749 5662 1083 5717 διδάσκουσι.

395 5750 458 5803 θ’.
488 5750 621 5820 Περὶ
645 5751 907 5823 διαφορᾶς
935 5754 1123 5822 ὀργῆς,
1152 5755 1244 5807 καὶ
1269 5754 1443 5824 θυμοῦ
1468 5757 1689 5826 εὐλόγου
1719 5776 1779 5811 τε
1805 5758 1898 5811 καὶ

327 5842 521 5910 ἀλόγου
549 5859 563 5876 ο
615 5843 709 5899 καὶ
744 5845 824 5900 ὅτι
867 5845 926 5898 οὐ
962 5845 1190 5902 πάντοτε
1231 5849 1498 5916 συμφέρει
1541 5851 1598 5904 τὸ
1640 5851 1709 5905 ui.
1748 5853 1897 5914 ὀργίο

1994 4647 2238 4702 divinum
2281 4647 2619 4715 propositum
2649 4648 2949 4717 complent.

2063 4741 2115 4794 7.
2147 4739 2218 4792 De
2257 4739 2561 4794 ditl'erentia
2610 4740 2990 4795 scandalortnn
3031 4757 3044 4794 :
3084 4749 3138 4794 et
3187 4740 3334 4811 quod
3382 4741 3574 4796 obser-

1996 4842 2211 4887 vantem
2243 4831 2333 4886 Dei
2357 4833 2528 4917 legem
2551 4843 2605 4888 et
2635 4834 2957 4888 traditiones
2981 4843 3294 4889 sanctorum
3323 4835 3572 4899 Patrum,

1997 4937 2101 4975 non
2137 4931 2349 4991 Oportet
2381 4924 2576 4991 agendi
2611 4924 2878 4979 rationem
2932 4924 3314 4994 derelinquere
3348 4926 3418 4979 ob
3450 4925 3573 4980 illos

1994 5015 2086 5083 qui
2125 5016 2600 5083 scandalizantur;
2632 5025 2686 5071 et
2723 5018 2868 5086 quod
2898 5032 3024 5085 pax,
3063 5025 3116 5070 et
3138 5018 3314 5072 oratio
3345 5017 3570 5087 dignum

1999 5122 2104 5159 non
2135 5108 2436 5172 inveniens,
2475 5123 2692 5162 rursum
2726 5108 3013 5162 revertitur
3046 5108 3111 5162 ad
3141 5108 3291 5163 illum
3332 5111 3425 5178 qui
3460 5109 3575 5163 lucc

1996 5200 2214 5261 emittit,
2245 5201 2315 5255 ita
2348 5211 2401 5256 et
2433 5201 2742 5254 maledictio
2773 5201 3066 5256 revertitur
3098 5217 3292 5256 rursus
3329 5202 3393 5255 ad
3427 5201 3576 5256 hunc

1997 5293 2089 5361 qui
2130 5293 2328 5360 injuste
2359 5292 2762 5347 scandalizatur
2790 5301 2844 5346 et
2876 5293 3167 5346 maledicit.

2071 5379 2124 5433 8.
2161 5381 2232 5434 De
2258 5382 2540 5436 doctorum
2579 5379 2882 5435 dill‘erentia
2915 5395 2931 5436 :
2967 5390 3020 5436 et
3045 5380 3190 5450 quod
3226 5382 3570 5434 tremendum

2001 5479 2083 5525 est
2112 5471 2354 5525 doctoris
2380 5471 2669 5537 judicium,
2702 5473 2748 5525 si
2796 5481 2985 5527 contra
3027 5471 3121 5527 Dei
3164 5472 3310 5539 leges
3344 5472 3574 5537 doceat;

2001 5564 2220 5632 etquod
2253 5563 2474 5618 obedire
2511 5563 2619 5618 illis
2656 5574 2866 5634 oportet
2905 5564 2998 5635 qui
3031 5562 3334 5620 secundum
3363 5564 3578 5618 divinas

2003 5655 2314 5723 Scripturas
2342 5656 2556 5709 docent.

2070 5748 2122 5802 9.
2154 5747 2228 5802 De
2260 5748 2560 5803 dill‘crentia
2587 5749 2700 5813 ine,
2725 5748 3024 5802 secundum
3053 5747 3318 5802 rationem
3353 5755 3406 5800 et
3441 5759 3574 5799 cou-

2007 5854 2087 5901 tra
2139 5845 2402 5901 tationem
2439 5861 2450 5900 :
2494 5853 2547 5900 et
2609 5844 2753 5914 quod
2818 5858 2924 5900 non
2980 5857 3194 5914 semper
3217 5839 3432 5911 expedit
3471 5855 3578 5893 non
