4212 6432
287 421 422 484 1365

987 416 1753 480 INTERPRETATIONES
1790 417 2220 478 DlVlNOBU)!
2271 413 2821 474 MANDATORUM.

3379 412 3514 476 i366

284 532 550 600 πόλεμονο
586 530 680 582 καὶ
720 530 850 601 περὶ
882 531 1144 600 διαφορᾶς
1186 531 1360 598 φόνων
1384 573 1398 592 ,
1446 531 1710 586 ἑκουσίων
1755 528 1848 579 καὶ
1878 531 1923 587 Α

1878 531 1923 587 Α
1952 527 2242 584 cidiorntn.
2272 525 2701 578 voluntariorum
2747 530 2800 577 ct
2849 536 2954 575 non
2987 522 3435 586 voluntariorum.
3468 535 3519 578 ct

281 620 575 673 ἀκουσίων·
616 621 713 673 καὶ
743 620 824 673 ὃτι
856 620 952 690 τῆς
981 619 1142 690 ψιλῆς
1185 621 1440 690 πορνείας
1487 619 1791 688 ἐπιτίμιον,
1823 619 1850 671 ὁ

281 711 536 770 ἀκούσιος
566 711 742 778 φόνος.
1272 697 1280 702 ³

355 796 452 860 ις’.
493 798 628 867 Περὶ
665 798 901 862 ἀκακίας
961 799 1054 852 καὶ
1083 799 1414 870 ἀφελότητος
1440 817 1454 831 ο
1488 800 1579 853 καὶ
1609 799 1690 850 ὅτι
1723 803 1854 850 ακαο

283 888 376 941 κία
401 889 518 940 ἐστὶ
537 890 596 942 τὺ
621 890 696 959 μὴ
720 891 845 960 περί
866 908 1013 952 τινος
1037 891 1206 944 κακὸν
1229 891 1560 959 λογίζεσθαι,
1591 893 1852 961 φρόνιμον

283 981 340 1033 δὲ
384 979 520 1033 εἶναι
569 984 649 1045 είς
688 983 748 1036 τὸ
792 981 1016 1050 ἀγαθὸν,
1050 985 1143 1035 καὶ
1191 985 1272 1035 ὅτι
1326 983 1506 1054 ἀγαθὴ
1547 983 1854 1053 πανουργία

285 1073 450 1137 ἐστὶν,
483 1075 612 1127 ὅταν
639 1091 722 1136 τις
751 1077 908 1127 τοῦτο
940 1076 1072 1146 πρὸς
1107 1075 1312 1144 ἀγαθὸν
1351 1078 1479 1145 ποιῇ
1501 1091 1514 1105 ·
1555 1077 1649 1128 καὶ
1678 1078 1759 1128 ὃτι
1795 1075 1856 1127 τὸ

285 1165 524 1218 τοιοῦτον
561 1167 853 1236 φρόνησις,
894 1169 989 1221 καὶ
1028 1169 1310 1237 οἰκονομία
1350 1167 1565 1238 ἀγαθήο
1597 1169 1688 1220 καὶ
1727 1168 1855 1220 ὅταν

284 1256 444 1310 τοῦτο
471 1257 545 1327 μὴ
575 1258 806 1327 ἔχωμεν,
836 1261 916 1322 είς
942 1259 1112 1312 πολλά
1140 1260 1288 1314 κακά
1321 1261 1746 1330 περιπίπτομεν.

361 1344 442 1409 ιξ.
478 1348 612 1417 Περὶ
644 1349 912 1417 ὑπακοῆς,
955 1352 1050 1402 καὶ
1091 1351 1173 1403 ὃτι
1202 1352 1262 1403 οὑ
1290 1351 1371 1402 δεῖ
1402 1352 1767 1421 ὲκλαμσάνειν
1798 1353 1858 1405 τὸ

285 1433 454 1502 ὄνομα
489 1437 582 1504 τῆς
615 1438 860 1507 ὑπακοῆς
885 1438 1095 1506 ἀλόγως
1121 1441 1200 1502 εἰς
1228 1440 1287 1490 τὸ
1318 1441 1615 1493 ὑπακούειν
1642 1439 1720 1508 τῷ
1750 1441 1859 1492 διας

286 1525 446 1596 δόλῳ,
484 1527 618 1580 ἀλλὰ
654 1530 941 1599 προσέχειν
983 1532 1041 1584 ἐν
1071 1532 1327 1603 ἀκριϐείᾳ
1360 1536 1480 1594 ταῖς
1515 1533 1684 1595 θείαις
1721 1534 1858 1605 Γρα-

287 1621 437 1686 φαῖς,
478 1621 572 1673 καὶ
611 1621 811 1674 εἰδέναι
844 1624 973 1675 ποία
1021 1624 1138 1676 ἐστὶ
1178 1623 1271 1677 τοῦ
1307 1623 1443 1676 Θεοῦ
1473 1624 1715 1693 ὑπακοὴ,
1765 1626 1856 1677 καὶ

288 1711 416 1762 ποία
455 1712 547 1763 τοῦ
590 1714 992 1782 ἀντικειμένου’
1042 1717 1134 1769 καὶ
1178 1717 1261 1768 ὅτι
1307 1713 1401 1767 δύο
1444 1715 1682 1768 ὑπακοαί
1728 1718 1856 1780 εἰσι,

287 1800 469 1865 καθὼς
497 1804 749 1875 εἴρηται,
784 1806 878 1858 καὶ
911 1807 1006 1860 ἐὰν
1039 1807 1114 1878 μὴ
1147 1809 1504 1878 προσέχωμεν
1531 1849 1544 1872 ,
1581 1811 1853 1878 ἐμπεσού-

288 1893 428 1963 μεθα
459 1898 572 1959 τοῖς
599 1897 691 1950 τοῦ
722 1897 968 1951 διασόλου
1007 1900 1263 1964 δικτύοις.

358 1981 446 2054 ιη’.
497 1986 628 2056 Περὶ
665 1987 989 2056 θελημάτων
1026 1988 1276 2051 οἰκείων,
1308 1990 1400 2042 καὶ
1429 1991 1724 2060 ἀλλοτρίων
1763 1990 1858 2043 καὶ

289 2076 442 2127 ποῖον
470 2076 683 2144 θέλημά
707 2079 852 2131 ἐστιν
874 2077 1097 2145 ἀγαθὸν,
1119 2079 1212 2131 καὶ
1231 2082 1379 2132 ποῖον
1401 2080 1490 2132 τοῦ
1513 2080 1854 2133 ὑπεναντίον·

288 2166 384 2218 xal.
411 2169 493 2220 ὅτι
519 2167 588 2220 τὰ
615 2169 754 2222 κατά
780 2170 1048 2240 σαρκικὴν
1083 2171 1389 2224 ἀνάπαυσιν
1420 2172 1699 2240 γινόμενα,
1726 2172 1858 2240 ἡμέ-

287 2275 423 2328 τερα
453 2260 736 2328 θελήματά
759 2263 887 2322 εισι,
912 2261 1051 2316 τὰδὲ
1085 2263 1160 2332 μὴ
1192 2264 1436 2328 τοιαῦτα,
1469 2265 1603 2316 ἁ).λά
1633 2268 1771 2319 κατὰ
1802 2267 1860 2318 τὸ

290 2349 504 2418 θέλημα
537 2349 641 2401 τῶν
674 2350 832 2404 θείων
861 2351 1090 2420 Γραφῶν
1121 2354 1401 2421 γινόμενα,
1430 2354 1602 2407 ταῦτά
1633 2358 1739 2409 είσι
1768 2356 1860 2409 τού

288 2439 444 2492 Θεοῦ’
475 2440 570 2493 καὶ
597 2441 678 2493 ὅτι
701 2442 750 2493 οἱ
786 2443 842 2492 ὲν
874 2445 982 2504 τοῖς
1021 2443 1426 2512 μοναστηρίοις,
1456 2443 1487 2514 ἦ
1519 2447 1576 2496 ὲν
1606 2447 1726 2508 ταῖς
1754 2447 1863 2498 τῶν

291 2529 574 2598 κοσμικῶν
617 2531 916 2598 ὑποταγαίς
970 2532 1043 2600 μὴ
1079 2533 1472 2602 προσέχοντες,
1512 2534 1682 2586 πολλά
1727 2552 1862 2602 προ-

291 2621 455 2689 φάσει
482 2621 781 2689 ὑποταγῆς,
811 2623 904 2675 καὶ
935 2623 1200 2692 ὑπακοῆς,
1235 2628 1326 2677 καὶ
1360 2627 1601 2694 ὲκκοπῆς
1624 2626 1862 2698 θεὶημά-

291 2728 400 2764 των
430 2712 829 2782 προκόπτουσιν
851 2753 865 2777 ,
913 2713 946 2783 ἢ
998 2713 1195 2782 μᾶλλον
1230 2717 1436 2778 εἰπεῖν,
1473 2715 1548 2785 τῷ
1595 2717 1824 2787 διαϐόλῳ
1846 2760 1860 2781 ,

298 2807 389 2856 καὶ
417 2805 528 2864 τοῖς
548 2802 729 2872 ἔργοις
753 2805 920 2857 αὑτοῦ
956 2806 1369 2859 ὑποτάσσονται·
1404 2810 1495 2860 καὶ
1525 2810 1608 2862 ὅτι
1637 2811 1725 2863 διὰ
1756 2812 1864 2863 τῶν

292 2893 674 2964 ἁμελεστέρων
718 2897 766 2948 oi
807 2896 1083 2949 σπουδαῖοι
1123 2898 1432 2951 πίπτουσιν.

365 3071 450 3125 ιθ’.
488 3073 621 3142 Περὶ
648 3073 854 3142 ἀγαθοῦ
896 3075 1231 3145 θελήματος’,
1266 3077 1345 3128 δτι
1374 3078 1401 3129 ό
1433 3078 1597 3130 ποιῶν
1630 3079 1759 3132 αὑτὸ
1804 3081 1862 3133 οὑ

1952 614 2096 682 quod
2131 629 2291 667 mera:
2326 612 2700 668 fornicationis
2728 613 2967 666 valorem
3021 610 3182 665 habet
3214 611 3517 667 involunta-

1954 709 2090 759 rium
2120 706 2492 759 homicidium.

2027 798 2110 850 16.
2165 798 2234 849 De
2275 799 2625 864 simplicitate
2656 806 2710 852 et
2737 802 2974 850 candore
3009 815 3021 849 :
3058 806 3110 850 ct
3139 794 3284 867 quod
3313 795 3534 865 simpli——

1955 888 2094 940 citas
2127 897 2211 940 est
2256 903 2360 941 non
2417 888 2896 955 cogitare'malum
2941 887 3009 940 de
3048 889 3253 953 aliquo,
3287 889 3526 956 pruden-

1957 985 2062 1029 tem
2096 986 2274 1029 autem
2305 990 2426 1029 esse
2456 977 2506 1027 in
2542 976 2766 1038 bonum,
2794 984 2847 1027 et
2877 975 3020 1040 quod
3058 978 3200 1028 bona
3243 983 3327 1030 est
3355 973 3526 1035 fraus,

1955 1066 2175 1134 quando
2214 1065 2410 1133 aliquis
2436 1079 2499 1116 ca
2547 1065 2600 1117 in
2627 1065 2829 1116 bonum
2860 1063 3056 1127 utitur;
3082 1071 3137 1116 et
3161 1063 3306 1130 quod
3336 1062 3526 1116 talium

1957 1157 2097 1210 ratio
2129 1156 2411 1225 prudentia
2440 1163 2496 1208 et
2519 1154 2922 1208 administratio
2959 1158 3098 1207 bona
3128 1162 3242 1219 est;
3268 1162 3322 1207 et
3360 1169 3528 1222 quau-

1958 1250 2026 1302 tlo
2057 1248 2161 1302 illis
2189 1263 2294 1301 non
2334 1247 2558 1310 utimur,
2593 1247 2645 1300 in
2677 1246 2845 1300 multa
2884 1247 3022 1300 mala
3055 1245 3387 1301 decidimus.

2030 1337 2116 1392 l7.
2146 1336 2220 1390 De
2258 1335 2588 1399 obedientia,
2612 1345 2664 1389 et
2692 1337 2837 1403 quod
2873 1350 2978 1388 non
3018 1346 3234 1404 oportet
3265 1335 3528 1390 adhibere

1959 1444 2154 1481 nomen
2227 1427 2548 1481 obedientia:
2616 1427 2734 1482 sine
2799 1427 3010 1480 ratione
3060 1427 3128 1480 ad
3179 1427 3530 1481 indicandum

1958 1519 2325 1573 obedientiam
2383 1518 2620 1583 diabolo,
2674 1519 2766 1574 scd
2815 1536 3007 1588 parere
3076 1522 3129 1574 in
3204 1523 3533 1577 rectitudine

1961 1610 2158 1664 divinis
2191 1607 2508 1676 Scripturis,
2541 1618 2597 1663 et
2620 1611 2762 1665 scire
2788 1626 2910 1680 qua:
2938 1612 3008 1665 sit
3044 1611 3157 1667 Deo
3199 1613 3531 1676 obedientia,

1960 1709 2012 1756 et
2056 1717 2176 1769 quae
2227 1701 2538 1755 adversario
2572 1719 2585 1755 :
2619 1711 2672 1755 et
2721 1703 2864 1770 quod
2897 1703 3016 1756 dua:
3038 1715 3166 1757 sunt
3210 1703 3533 1757 obedientia:

1963 1795 2104 1848 sicut
2130 1795 2332 1849 dictum
2357 1807 2458 1860 est,
2488 1805 2539 1848 et
2564 1796 2667 1850 nisi
2694 1813 2998 1864 pareamus,
3035 1797 3292 1853 cademus
3330 1799 3385 1852 in
3416 1798 3538 1853 dia-

1959 1887 2062 1941 boli
2100 1887 2256 1942 retia.

2029 1979 2116 2033 18.
2149 1979 2223 2034 De
2273 1981 2645 2035 voluntatibus
2693 1984 2924 2051 propriis
2963 1993 3017 2038 et
3042 1985 3260 2049 ahenis,
3305 1994 3360 2040 et
3405 2001 3529 2055 qua:

1957 2072 2207 2127 voluntas
2250 2073 2318 2127 sit
2353 2072 2519 2132 bona,
2558 2083 2607 2124 et
2652 2089 2769 2140 «pne
2806 2075 2876 2127 sit
2924 2075 3223 2129 adversarii
3265 2086 3362 2132 :ct
3391 2077 3537 2148 quod

1959 2177 2078 2232 qua:
2111 2165 2412 2218 secundum
2465 2163 2737 2218 carnalem
2786 2164 3199 2222 delectationem
3248 2167 3403 2231 ﬁunt,
3435 2183 3543 2221 no-

1960 2265 2085 2310 stra:
2125 2255 2434 2310 voluntates
2478 2266 2626 2318 sunt,
2671 2271 2792 2324 qua:
2821 2266 3002 2310 autem
3049 2274 3155 2312 non
3194 2258 3532 2328 huiusmodi,

1963 2348 2057 2400 sed
2130 2349 2428 2400 secundum
2494 2347 2806 2401 divinarum
2867 2349 3276 2418 Scripturartnn
3345 2359 3539 2403 nutum

1965 2438 2120 2501 fiunt,
2152 2437 2244 2491 Dei
2278 2439 2582 2494 voluntates
2624 2449 2783 2506 sunt;
2823 2447 2877 2492 et
2900 2441 3043 2507 quod
3088 2440 3164 2493 illi
3196 2440 3288 2510 qui
3329 2441 3383 2494 in
3420 2455 3541 2495 mo-

1965 2531 2242 2590 nasteriis.
2270 2533 2354 2584 vel
2407 2533 2458 2584 in
2512 2533 2700 2586 mundi
2753 2533 3129 2588 subordinatis
3161 2534 3395 2590 statibus
3430 2550 3541 2590 non

1963 2622 2241 2683 obcdiunt,
2299 2623 2529 2676 multum
2581 2633 2842 2691 praetextu
2891 2623 3364 2680 subordinatiouis
3405 2627 3540 2682 obe-

1961 2711 2176 2765 dientize
2203 2712 2648 2782 etabnegationis
2675 2713 2726 2766 in
2762 2715 2993 2781 propriis
3014 2715 3382 2770 voluntatibus
3410 2733 3540 2786 pro-

1965 2801 2173 2856 ﬁciunt.
2206 2811 2300 2854 aut
2347 2803 2542 2856 melius
2592 2802 2887 2870 loquendo,
2922 2803 3140 2858 diabolo
3189 2814 3244 2860 et
3283 2808 3542 2877 operibus

1964 2893 2083 2958 ejus
2112 2893 2502 2956 subjiciuntur,
2536 2901 2590 2946 ct
2630 2895 2774 2964 quod
2809 2910 2904 2965 per
2937 2911 3000 2949 ea
3031 2912 3155 2966 qua:
3194 2899 3544 2969 negliguntur

1967 2984 2236 3037 ferventes
2262 2984 2481 3037 cadunt.
3087 2975 3101 2989 ⁸

2043 3075 2125 3128 l9.
2163 3076 2236 3128 De
2269 3077 2408 3130 bona
2460 3077 2762 3141 voluntate,
2803 3094 2964 3147 qttam
2998 3079 3090 3148 qui
3124 3078 3254 3134 facit
3283 3096 3390 3136 non
3427 3085 3544 3138 sine

293 3163 628 3234 παρέρχεται
664 3166 793 3219 ἄνευ
838 3166 1097 3235 θλίψεως
1133 3170 1224 3220 καὶ
1252 3169 1361 3231 δτι,
1401 3171 1529 3220 ὅταν
1560 3171 1696 3238 μετᾶ
1731 3189 1862 3240 προσ
1892 3197 1936 3260 C

1892 3197 1936 3260 Ο
1969 3165 2373 3220 ditftcultatibus
2420 3179 2670 3221 versatur
2697 3191 2708 3223 ;
2736 3178 2790 3222 et
2828 3170 2994 3238 quod,
3027 3173 3247 3238 quando
3279 3188 3403 3227 cum
3449 3189 3543 3228 ar-

294 3251 491 3321 θυμίας
524 3253 654 3305 αὑτὸ
679 3254 981 3324 διέρχηται,
1009 3255 1108 3308 οὑκ
1131 3257 1448 3310 αἰσθάνεται
1480 3259 1575 3326 τῆς
1606 3257 1860 3327 θλίψεως,

294 3342 420 3395 ὅταν
450 3342 507 3395 δὲ
534 3343 814 3414 ψυχρανθῇ
847 3345 944 3413 τῆς
979 3346 1309 3416 προθυμίας,
1345 3348 1463 3401 τότε
1496 3351 1588 3401 καὶ
1627 3351 1725 3419 τῆς
1752 3351 1865 3404 θλί-

292 3434 439 3503 ψεως
480 3434 830 3488 αἰσθάνεται·
886 3439 980 3488 καὶ
1033 3439 1160 3507 περὶ
1212 3440 1319 3492 τῶν
1372 3441 1708 3496 ἀλλοιώσεων
1755 3444 1863 3498 τῶν

295 3525 507 3577 πολλῶν
539 3527 648 3579 τῶν
697 3527 1105 3580 ἀκολουθουσῶν
1158 3532 1224 3599 τῇ
1274 3530 1506 3601 διανοίᾳ,
1552 3535 1647 3586 καὶ
1696 3536 1752 3586 ὲν
1797 3536 1861 3604 τῇ

296 3617 429 3685 εὐχῇ
490 3616 968 3688 δοκιμαζομένων·
1034 3619 1128 3672 καὶ
1181 3621 1310 3692 περὶ
1373 3622 1717 3690 ἐπιγνώσεως
1770 3626 1864 3678 τοῦ

296 3706 599 3776 θελήματος
625 3707 719 3759 τοῦ
749 3708 908 3762 Θεοῦ.

373 3796 437 3850 κ’.
467 3798 600 3868 Περὶ
633 3799 1020 3868 ὲλεημοσύνης,
1051 3801 1141 3852 καὶ
1169 3801 1284 3864 πῶς
1311 3802 1415 3873 χρὴ
1436 3802 1637 3874 ταύτην
1669 3808 1866 3858 ποιεῖν’

295 3891 392 3942 καὶ
416 3890 496 3943 ὅτι
523 3889 612 3942 τὸν
645 3891 719 3960 μὴ
742 3891 935 3960 ἔχοντά
962 3909 1034 3955 τι,
1059 3893 1122 3944 ού
1146 3893 1226 3946 δεῖ
1261 3897 1550 3966 μεριμνᾷν,
1577 3900 1670 3950 καὶ
1699 3915 1869 3968 φρον-

296 3981 488 4044 τίζειν,
526 3982 660 4036 ἀλλὰ
701 3983 836 4052 μόνα
872 3986 1132 4053 παρέχειν
1165 3986 1233 4038 τὰ
1266 3988 1395 4056 παρ’
1437 3989 1583 4058 αὑτῷ
1613 3990 1863 4060 εὑρισκό-

301 4090 472 4142 μένα⁸
501 4075 595 4126 καὶ
631 4075 759 4145 περὶ
797 4074 889 4126 τοῦ
927 4075 1297 4144 παραϐάλλειν
1335 4079 1585 4146 ἀλλήλοις
1610 4096 1623 4108 ο
1661 4081 1752 4131 καὶ
1785 4081 1867 4134 ὄτι

298 4166 358 4217 οὐ
387 4167 491 4235 χρὴ
521 4164 648 4227 τοὺς
677 4165 940 4234 μοειαχοίος
971 4167 1240 4235 προφάσει
1271 4169 1639 4240 ὲλεημοσύνης
1668 4172 1867 4226 διδόναι

296 4273 351 4309 τι
380 4257 490 4318 τοῖς
527 4257 667 4309 κατά
688 4257 865 4325 σάρκα
899 4258 1069 4321 ἰδίοις,
1099 4258 1233 4310 ἀλλά
1266 4259 1459 4326 ξένοις,
1494 4266 1747 4331 πτωχοῖς,
1777 4265 1869 4317 καὶ

301 4348 621 4416 ἀναπήροις·
650 4347 743 4400 καὶ
761 4349 840 4400 ὃτι
871 4348 930 4400 ού
960 4349 1065 4418 χρὴ
1095 4350 1216 4411 τοὺς
1241 4351 1553 4420 ἁκτήμονας
1578 4357 1867 4423 μοναχοὺς,

298 4439 364 4488 ὲκ
389 4437 482 4489 τοῦ
504 4436 665 4507 ἔργου
693 4437 891 4502 αὑτῶν,
914 4439 947 4508 ἢ
977 4441 1068 4492 καὶ
1092 4441 1197 4493 ἀπὸ
1223 4442 1395 4496 ἄλλων
1427 4446 1644 4513 τρόπων
1669 4446 1870 4500 διδόναι

1973 3255 2102 3307 dore
2161 3256 2303 3308 illam
2377 3259 2695 3325 susceperit,
2746 3257 3117 3314 diﬂicultatem
3194 3278 3302 3316 non
3353 3264 3544 3329 sentit,

1973 3345 2187 3410 quando
2223 3353 2404 3399 autem
2453 3348 2520 3399 ab
2555 3347 2754 3402 ardore
2780 3348 3061 3414 defecerit,
3093 3359 3224 3406 tunc
3261 3352 3546 3408 dilliculta-

1974 3447 2078 3489 tem
2134 3439 2331 3502 sentit;
2381 3449 2432 3492 et
2475 3438 2541 3492 de
2584 3441 2984 3497 mutationibus
3026 3443 3318 3499 multarum
3361 3461 3546 3501 rerum

1974 3544 2093 3593 quae
2148 3528 2462 3594 cogitationi
2519 3530 2899 3599 insequuntur,
2930 3541 2985 3586 et
3034 3533 3087 3587 in
3140 3537 3386 3591 oratione
3420 3552 3546 3608 pro-

1975 3619 2201 3685 bantur;
2231 3630 2283 3673 et
2310 3622 2374 3674 de
2400 3621 2711 3690 cognitione
2741 3623 3039 3678 voluntatis
3064 3623 3176 3680 Dei.

2043 3794 2135 3850 20.
2189 3795 2262 3849 De
2319 3796 2667 3866 eleemosyna
2722 3807 2776 3852 et
2812 3799 3090 3865 quomodo
3135 3807 3352 3870 oportet
3400 3800 3548 3858 illam

1976 3879 2155 3936 facere
2193 3900 2205 3934 :
2240 3891 2294 3936 et
2324 3884 2467 3951 quod
2501 3901 2607 3937 non
2638 3885 2838 3954 aliquid
2871 3888 3153 3943 habentem
3186 3906 3294 3945 non
3331 3901 3550 3960 oportet

1976 3976 2198 4028 anxium
2245 3986 2298 4030 et
2335 3979 2628 4032 sollicitum
2675 3995 2818 4044 esse,
2848 3982 2941 4036 sed
2967 3983 3080 4036 sola
3129 3994 3388 4053 prastare
3426 4000 3549 4056 qua:

1975 4065 2117 4134 apud
2165 4083 2222 4121 sc
2270 4069 2661 4136 inveniuntur;
2698 4081 2752 4125 et
2789 4072 2856 4125 de
2903 4075 3107 4129 mutuis
3159 4075 3548 4144 relationibus;

1975 4167 2030 4210 et
2072 4159 2216 4226 quod
2251 4174 2357 4212 non
2390 4170 2603 4227 oportet
2644 4164 2944 4218 monachos
2992 4165 3268 4233 ‘prtetextu
3317 4167 3553 4222 oleemo-

1978 4263 2125 4318 synze
2188 4249 2315 4304 dare
2372 4252 2579 4321 aliquid
2658 4253 2741 4307 his
2805 4257 2895 4320 qui
2966 4256 3264 4311 secundum
3325 4273 3549 4312 carnem

1977 4341 2208 4408 proximi
2255 4353 2402 4403 sunt,
2448 4343 2540 4396 sed
2589 4345 2834 4409 advenis,
2889 4345 3078 4414 egenis
3126 4357 3180 4401 et
3240 4348 3550 4416 debilibus;

1978 4441 2032 4485 et
2070 4435 2211 4502 quod
2250 4448 2356 4487 non
2392 4443 2601 4502 oportet
2631 4451 2896 4505 pauperes
2930 4439 3254 4504 monachos,
3282 4456 3346 4496 ex
3387 4457 3554 4513 opere

297 4531 406 4580 τινὶ
445 4527 623 4598 ἔχοντι
656 4529 753 4593 τὰς
787 4532 976 4600 χρείας
1007 4531 1172 4584 αὑτοῦ
1198 4575 1210 4595 ,
1242 4534 1376 4586 ἀλλὰ
1407 4537 1620 4604 χωλοῖς,
1657 4541 1749 4591 καὶ
1781 4559 1871 4593 τυ·
1905 4551 1948 4606 D

1905 4551 1948 4606 υ
1980 4539 2099 4588 suo,
2127 4525 2211 4577 vel
2249 4526 2413 4578 etiam
2467 4525 2575 4578 alio
2630 4529 2791 4581 modo
2831 4527 2962 4584 dare
2991 4529 3068 4584 illi
3106 4532 3200 4601 qui
3229 4532 3390 4588 habet
3423 4551 3554 4593 suas

301 4619 479 4687 φλοίς,
512 4621 606 4673 καὶ
642 4621 1059 4692 ἐστερημένοις’
1109 4625 1203 4676 καὶ
1253 4625 1335 4677 ὅτι
1378 4627 1436 4677 οὑ
1481 4627 1560 4680 δεῖ
1599 4631 1867 4699 προφάσει

300 4709 670 4778 ἐλεημοσύνης
700 4709 900 4762 διδόναι
934 4710 1055 4764 τινὰ
1085 4712 1143 4763 ὲν
1177 4715 1522 4785 μοναστηρίῳ
1569 4719 1826 4787 κτήματα
1850 4738 1865 4752 ο

300 4802 396 4852 καὶ
439 4802 563 4861 τοὺς
620 4800 728 4851 τῶν
770 4801 1113 4870 ἀκεημόνων,
1169 4805 1263 4854 καὶ
1310 4806 1739 4876 ἐσταυρωμένων
1791 4812 1871 4883 τῷ

300 4893 490 4962 κόσμῳ
515 4891 611 4961 τὴν
643 4892 958 4961 ἐπωνυμίαν
984 4894 1204 4960 ἔχοντας
1234 4897 1314 4957 είς
1340 4897 1512 4949 ταῦτα
1545 4897 1702 4953 πάλιν
1736 4902 1872 4955 καθ-

301 4984 499 5049 έικκειν,
531 4985 652 5036 ἐπεὶ
684 4984 908 5052 κινδύνῳ
940 4984 1224 5037 ὑπόκειται
1247 5002 1259 5015 °
1305 4989 1396 5039 καὶ
1442 4989 1522 5040 ὃτι
1555 4992 1581 5042 ὁ
1612 4991 1873 5062 κληρικὸς

301 5078 495 5141 τόκους
544 5078 811 5143 ἁπαιτῶν,
855 5079 886 5148 ἢ
941 5079 1014 5149 μὴ
1064 5079 1233 5143 διδοὺς
1269 5083 1381 5144 τοῖς
1420 5082 1619 5136 ἐνδεέσι
1675 5084 1868 5138 καθαι-

311 5170 506 5237 ρείται.

379 5267 483 5314 κα’.
519 5263 641 5315 ’Ότι
675 5263 924 5331 κρεῖσσόν
968 5266 1116 5316 ἐστιν
1153 5266 1229 5326 εἰς
1261 5266 1388 5328 τοὺς
1419 5267 1654 5337 πένητας
1695 5267 1874 5321 διανέο

311 5369 432 5421 μειν
464 5354 527 5405 τὰ
559 5355 890 5424 χρήματα,ἢ
921 5354 1250 5424 προσφέρειν
1277 5355 1415 5408 αὑτά
1451 5359 1506 5407 ἐν
1535 5358 1873 5426 ἐκκλησίαις,

310 5448 401 5497 καὶ
433 5446 793 5508 καλλωπίζειν
839 5449 1024 5508 αὑτάς·
1070 5449 1162 5500 καὶ
1207 5448 1287 5500 ὅτι
1326 5449 1461 5518 μόνα
1493 5449 1562 5503 τὰ
1606 5451 1876 5518 ἀναγκαῖα

311 5539 644 5609 προσφέρειν
689 5539 793 5608 χρὴ
841 5540 898 5590 ὲν
957 5540 1073 5600 ταῖς
1127 5539 1481 5608 ἐκκλησίαις,
1518 5541 1585 5593 τὰ
1620 5541 1675 5593 δὲ
1717 5541 1879 5593 λοιπὰ

313 5632 732 5684 καταναλίσκειν
766 5633 844 5694 είς
875 5633 996 5693 τοὺς
1035 5631 1271 5701 πένητας
1295 5648 1307 5662 ·
1353 5634 1442 5684 καὶ
1478 5633 1640 5686 πόσον
1680 5635 1879 5703 μέτρον

312 5721 418 5792 χρὴ
444 5719 644 5774 διδόναι
671 5721 779 5775 τῶν
810 5720 956 5773 ίδίων
984 5721 1300 5792 χρημάτωνο
1335 5722 1427 5774 καὶ
1459 5722 1539 5774 ὅτι
1567 5723 1616 5774 oi
1655 5723 1881 5791 μοναχοὶ

315 5813 631 5870 ὑπόκεινται
678 5815 878 5868 διδόναι
933 5814 1341 5885 ἐλεημοσύνην,
1395 5813 1523 5867 ὅταν
1576 5816 1670 5868 καὶ
1728 5815 1880 5867 αὑτοὶ

1978 4616 2355 4678 necessitates,
2404 4619 2496 4672 sed
2552 4619 2795 4681 claudis,
2839 4623 3020 4684 crocis,
3074 4633 3129 4676 et
3179 4624 3432 4679 nudatis:
3497 4635 3554 4681 et

1975 4709 2118 4779 quod
2153 4725 2261 4764 non
2300 4719 2512 4780 oportet
2554 4722 2815 4780 praetequ
2870 4714 3234 4785 elecmosyna:
3263 4716 3395 4771 dare
3453 4717 3555 4772 ali-

1978 4818 2116 4872 quas
2147 4803 2478 4856 monasterio
2533 4805 2942 4872 possessiones;
2972 4815 3026 4860 et
3080 4822 3176 4861 eos
3224 4808 3318 4876 qui
3351 4824 3554 4878 paupe-

1980 4909 2100 4948 rum
2129 4903 2183 4947 et
2206 4894 2597 4949 crucilixorum
2646 4897 2851 4951 mundo
2901 4913 3096 4952 nomen
3127 4898 3329 4953 habent
3357 4899 3424 4954 ad
3451 4900 3553 4954 ista

1981 5001 2171 5040 rursus
2216 4984 2506 5052 adducere,
2564 4987 2820 5058 quoniam
2880 4989 3181 5057 periculum
3235 4990 3453 5056 subest;
3498 4998 3557 5046 et

1977 5077 2123 5146 quod
2153 5077 2383 5132 clericus
2417 5094 2614 5134 usuras
2637 5080 2886 5150 exigens,
2910 5079 2994 5134 vel
3023 5096 3128 5135 non
3158 5082 3296 5136 dans
3343 5082 3554 5153 egenti-

1980 5170 2081 5223 bus
2112 5170 2420 5238 deponitur.

2049 5261 2138 5314 2|.
2164 5261 2316 5325 Quod
2353 5261 2546 5315 melius
2577 5273 2660 5316 est
2691 5263 2745 5316 in
2779 5278 2983 5332 egenos
3015 5263 3156 5316 bona
3195 5263 3546 5324 distribuere.

1981 5369 2143 5422 quam
2175 5353 2263 5406 illa
2331 5353 2384 5406 in
2440 5353 2702 5408 ecclesias
2751 5353 2963 5424 largiri,
3006 5363 3061 5407 ct
3097 5370 3192 5410 eas
3245 5355 3549 5408 adornaret

1982 5454 2035 5499 et
2065 5452 2262 5513 quanta
2310 5459 2564 5498 mensura
2605 5453 2817 5515 oportet
2863 5445 2996 5500 dare
3036 5445 3251 5513 pr0pria
3294 5445 3462 5508 bona,
3493 5452 3548 5499 et

1983 5537 2126 5606 quod
2146 5536 2396 5589 monachi
2415 5535 2782 5604 subjiciuntur
2805 5536 2869 5589 ad
2891 5536 3124 5590 dandam
3144 5536 3544 5607 elcemosynatn

1984 5630 2199 5699 quando
2241 5637 2294 5683 et
2323 5627 2425 5696 ipsi
2460 5630 2528 5681 ab
2582 5628 2705 5682 aliis
2746 5629 3016 5698 accipiant
3048 5636 3101 5680 et
3144 5638 3460 5689 exerceant,
3493 5637 3549 5682 et

1987 5724 2050 5783 ad
2102 5721 2222 5774 aliis
2280 5735 2434 5788 opem
2473 5719 2748 5774 ferendam
2795 5722 3014 5790 quando
3054 5730 3107 5775 et
3147 5722 3249 5791 ipsi
3309 5722 3377 5775 ab
3429 5722 3550 5775 aliis

1987 5829 2143 5885 opem
2194 5811 2486 5883 recipiant;
2526 5822 2578 5868 et
2629 5814 2774 5884 quod
2812 5813 2865 5867 in
2900 5821 3143 5882 tempore
3189 5813 3549 5882 eleemosynze
