4212 6432
709 413 848 480 I367

1559 416 1943 478 OPUSCULA
1986 417 2333 478 MORALIA
2375 417 2722 478 INCERTEE
2762 418 3066 479 IETATIS.

3834 417 3977 479 1368

705 545 815 584 mn
847 537 1058 599 oportet
1089 530 1460 601 aceeptionem
1502 530 1702 586 habere
1748 529 1988 586 ﬁdelium
2029 540 2124 586 aut
2158 531 2276 586 inli-

2386 533 2511 600 παρ’
2536 531 2739 602 ἑτέρων
2756 530 3096 600 λαμϐάνωσι,
3122 532 3219 583 καὶ
3240 530 3603 601 ἐργάζωνται,
3634 530 3729 582 καί⁵
3754 531 3971 598 ἑτέροις

706 622 927 687 delium,
955 622 1050 677 sed
1081 623 1326 677 omnium
1359 622 1627 676 misereri.

771 877 860 932 τε.
911 877 984 934 De
1024 878 1352 935 facientibus
1397 879 1799 952 eleemosyna-m
1836 897 1900 936 ex
1959 881 2224 950 injustitia
2260 899 2274 935 :

703 969 847 1037 quod
877 983 986 1024 non
1016 969 1194 1025 solum
1227 985 1334 1025 non
1376 972 1671 1041 propitium
1712 973 1818 1028 sibi
1848 971 2016 1028 "cum
2068 972 2279 1027 faciunt

704 1060 797 1114 sed
834 1062 1031 1115 iratum
1088 1063 1262 1133 magis
1314 1064 1361 1118 si
1408 1079 1521 1119 non
1569 1065 1638 1120 ab
1668 1064 1937 1134 iniustitia
1994 1065 2276 1131 recedant;

702 1158 760 1203 et
785 1152 880 1221 qui
909 1152 1179 1208 ardiﬁeant
1214 1153 1479 1209 ecclesias
1511 1166 1563 1210 et
1598 1157 1932 1212 monasteria
1964 1173 2032 1212 ex
2061 1157 2280 1224 injusti-

705 1243 800 1305 tia.
834 1245 1022 1300 eodem
1073 1245 1444 1316 subjiciuntur
1486 1248 1715 1318 judicio,
1764 1257 1819 1304 et
1851 1252 1943 1320 qui
1991 1251 2280 1305 :editicavit

705 1338 1120 1402 monasterium,
1164 1340 1426 1410 episcopo
1461 1341 1565 1394 loci
1607 1341 1770 1397 debet
1818 1342 2125 1398 dominium
2181 1343 2277 1398 de-

707 1426 866 1492 ferre,
898 1429 1062 1499 etqui
1099 1446 1207 1485 non
1241 1432 1312 1486 ita
1345 1433 1457 1501 agit
1481 1433 1922 1503 reprehenditur.

773 1519 863 1575 23.
905 1521 1059 1587 Quod
1091 1523 1136 1577 si
1164 1525 1443 1593 proposito
1471 1523 1633 1578 dandi
1663 1527 1850 1594 egenis
1881 1527 2020 1582 bona
2048 1528 2278 1584 divitum

704 1611 905 1679 aliquis
931 1613 1295 1682 dissipaverit,
1321 1630 1426 1670 non
1463 1627 1682 1687 peccat:
1713 1627 1767 1674 et
1791 1620 1935 1689 quod
1967 1631 2052 1675 est
2088 1629 2143 1676 et
2175 1620 2278 1676 alia

704 1706 905 1775 sepius
951 1709 1033 1761 via
1084 1707 1336 1778 perfecta:
1383 1710 1742 1783 eleemosynae
1795 1715 1848 1766 in
1893 1713 1977 1768 his
2003 1715 2119 1784 qui,
2153 1729 2278 1768 eum

704 1797 939 1853 viderint
991 1799 1342 1871 indigentem,
1385 1819 1493 1858 non
1545 1813 1778 1874 possunt
1825 1805 1976 1860 illum
2005 1807 2281 1862 dimittere

705 1905 966 1957 vacuum;
1019 1893 1113 1963 qui
1157 1904 1337 1949 autem
1384 1897 1520 1951 nihil
1565 1897 1790 1952 omnino
1847 1899 2163 1968 possident,
2211 1899 2282 1954 ab

702 1983 824 2038 abis
878 1984 1160 2040 laboribus
1214 1987 1366 2042 illum
1417 1987 1759 2059 dispensant,
1795 1990 1912 2046 sive
1956 1991 2136 2046 aliena
2188 2007 2280 2048 su-

704 2085 914 2132 mentes
965 2079 1142 2148 palam
1184 2089 1279 2136 aut
1324 2081 1488 2145 clam.
1519 2082 1633 2138 sive
1671 2083 1875 2154 aliquid
1920 2084 2282 2155 suscipientes

703 2169 934 2224 chorum
979 2187 1099 2240 quae
1149 2182 1276 2228 sunt
1319 2174 1428 2229 Deo
1457 2175 1670 2243 oblata;
1731 2185 1785 2231 et
1827 2177 1973 2246 quod
2025 2178 2114 2231 illa
2159 2192 2284 2248 quae

705 2260 819 2315 Deo
843 2273 972 2319 sunt
1011 2275 1352 2333 consecrata,
1392 2277 1446 2323 et
1488 2283 1610 2338 qua!
1643 2278 1772 2324 sunt
1799 2269 1866 2324 ad
1903 2271 2275 2326 necessarium

707 2355 995 2410 ministerii
1022 2374 1203 2423 usum,
1230 2359 1354 2415 licet
1393 2360 1445 2414 in
1482 2371 1704 2430 egentes
1757 2371 1811 2418 et
1841 2365 2087 2433 captivos
2131 2365 2282 2419 insu-

705 2464 875 2516 mere,
905 2453 1084 2506 solum
1128 2466 1252 2507 cum
1299 2455 1611 2509 rationabili
1658 2455 2020 2526 dispositione
2067 2456 2178 2524 fiat,
2213 2471 2280 2510 ne

705 2540 846 2598 forte
875 2544 1076 2599 bonum
1115 2545 1168 2599 in
1201 2545 1403 2600 malum
1426 2546 1642 2602 evadat.

772 2717 864 2772 ει.
894 2718 968 2773 De
997 2717 1290 2774 dilectione
1315 2727 1369 2773 et
1392 2719 1767 2774 benevolentia
1806 2735 1821 2774 :
1857 2729 1911 2776 et
1939 2719 2085 2790 quod
2121 2736 2281 2776 oeca-

703 2812 860 2866 sione
882 2810 1189 2865 dilectionis
1223 2811 1527 2866 decidimus
1573 2825 1670 2882 per
1708 2812 1984 2877 carnalem
2032 2812 2283 2868 dilectio-

707 2917 829 2957 nem
865 2917 896 2957 e
939 2901 1228 2972 spirituali,
1257 2911 1312 2956 et
1343 2902 1487 2972 quod
1531 2918 1638 2958 non
1671 2912 1885 2973 oportet
1913 2904 2198 2959 comedere
2227 2905 2281 2958 in

705 2993 952 3050 ecclesiis
992 3002 1253 3064 prmtextu
1299 2994 1625 3060 dilectionis,
1674 2997 1754 3050 vel
1803 2996 2044 3052 dormire
2081 2997 2133 3051 in
2174 2997 2282 3052 illis

705 3088 825 3142 sine
858 3086 1215 3151 necessitate;
1247 3094 1302 3140 et
1345 3087 1489 3156 quod
1520 3089 1565 3142 si
1591 3086 1713 3153 quis
1736 3087 1805 3143 sit
1842 3102 2006 3157 supra
2059 3088 2280 3143 modum

707 3179 962 3242 dilectus.
1008 3189 1062 3234 ct
1093 3194 1160 3233 ex
1183 3193 1250 3233 eo
1296 3178 1351 3232 in
1408 3179 1589 3233 anima
1637 3177 1901 3234 damnum
1945 3181 2280 3250 accipiamus
2312 3218 2358 3280 ο

707 3273 791 3328 vel
817 3287 882 3328 ex
912 3273 1055 3337 aliis,
1086 3280 1297 3342 oportet
1324 3273 1507 3327 statim
1539 3288 1601 3328 es
1643 3272 1727 3328 his
1760 3273 2004 3340 abscidi;
2059 3283 2113 3329 et
2134 3273 2282 3344 quod

707 3381 816 3420 non
878 3365 949 3419 ob
1004 3366 1272 3422 humanas
1321 3365 1805 3433 considerationes,
1836 3367 1930 3422 sed
1980 3367 2050 3421 ob
2085 3383 2286 3437 prepo-

708 3456 874 3512 situm
901 3457 1011 3512 Deo
1036 3457 1408 3527 complacendi
1442 3467 1656 3528 oportet
1687 3458 1914 3529 diligere
1949 3459 2283 3528 proximum.

779 3640 867 3695 25.
905 3640 1060 3706 Quod
1103 3656 1210 3694 non
1246 3649 1459 3711 oportet
1495 3641 1688 3697 laedere
1715 3643 1796 3698 vel
1826 3642 2013 3699 odisse
2035 3643 2288 3713 qualem-

709 3747 928 3803 cunque
971 3733 1270 3799 hominem,
1319 3734 1434 3788 sive
1495 3735 1740 3803 impium,
1786 3735 1902 3789 sive
1946 3735 2286 3799 haereticum,

709 3823 825 3880 sive
850 3823 1153 3889 ethnicum,
1186 3823 1301 3879 sive
1329 3826 1622 3879 admodum
1661 3834 1999 3894 peccatorem
2026 3867 2041 3892 ,
2069 3828 2289 3898 quando

709 3928 924 3988 tempus
955 3915 1328 3988 postulaverit.
1381 3926 1436 3973 et
1487 3932 1591 3971 non
1631 3917 1980 3973 habuerimus
2010 3933 2073 3972 ex
2108 3919 2174 3974 iis
2202 3919 2288 3973 ul-

708 4011 820 4064 lum
852 4012 1130 4064 damnum.
1179 4008 1234 4063 In
1266 4009 1369 4063 hoc
1402 4009 1546 4063 enim
1588 4008 1757 4064 Deum
1797 4010 2077 4064 imitamur
2109 4029 2122 4065 :
2163 4027 2287 4067 cum

709 4115 891 4159 autem
925 4102 1209 4173 spirituale
1240 4101 1505 4156 damnum
1547 4101 1919 4168 habuerimus,
1946 4101 2060 4156 sive
2095 4117 2162 4157 ex
2185 4117 2288 4157 no-

708 4208 825 4253 stra
878 4197 1216 4259 infirmitate,
1258 4195 1374 4250 sive
1432 4193 1538 4247 alio
1566 4193 1760 4264 quovis
1801 4193 1985 4256 modo.
2022 4203 2152 4249 tunc
2191 4208 2290 4264 pro

710 4290 1037 4346 necessitate
1086 4289 1359 4359 fugiamus
1408 4287 1476 4341 ab
1510 4287 1589 4341 eis
1617 4325 1632 4349 ,
1673 4301 1780 4340 non
1827 4286 1981 4355 quasi
2042 4287 2290 4342 homines

709 4383 1009 4446 oderimus,
1031 4381 1125 4435 sed
1156 4381 1301 4450 quod
1326 4379 1514 4433 sordes
1542 4378 1829 4440 evitamus,
1856 4394 1923 4432 ne
1944 4393 2133 4432 cormn
2152 4377 2290 4432 ami-

709 4474 840 4528 citia
879 4472 1039 4526 nobis
1076 4470 1294 4526 occasio
1341 4471 1433 4523 liat
1475 4470 1930 4538 transgressionis
1968 4478 2025 4523 ut
2067 4470 2197 4524 olim
2237 4470 2288 4523 in

2373 623 2632 695 ⁴βοηθεῖν,
2681 623 2810 676 ὅταν
2856 623 2952 675 καὶ
2993 622 3149 676 αὐτοὶ
3186 622 3315 692 παρ’
3365 621 3568 689 ἑτέρων
3619 619 3970 690 βοηθῶνταιθ

2381 716 2475 770 καὶ
2501 717 2580 769 ὅτι
2604 717 2662 768 ὲν
2685 713 2865 786 καιρῷ
2890 714 3260 784 ιλεημοσύνης
3288 713 3348 766 ού
3383 714 3465 766 δεῖ
3494 710 3972 782 περιεργάζεσθαι

2380 809 2626 870 πιστοὺς,
2663 809 2755 860 καὶ
2786 806 3066 869 ἀπίστους,
3103 806 3241 858 ἀλλά
3269 805 3478 866 πάντας
3510 803 3703 856 ἐλεεῖν.

2450 898 2555 970 κβ’.
2589 899 2725 970 Περὶ
2750 899 2860 953 τῶν
2890 898 3193 952 ποιούντων
3231 895 3603 966 ἐλεημοσύνην
3633 892 3694 959 ἐξ
3721 893 3971 955 ἀδικίας·

2381 991 2461 1042 ὅτι
2487 989 2549 1042 οὐ
2590 991 2750 1060 μόνον
2787 990 2888 1042 οὐκ
2919 988 3357 1057 ὲξευμενίζονται
3399 987 3459 1039 τὸ
3482 986 3661 1047 Θεῖον,
3695 984 3840 1038 ἀλλά
3873 987 3971 1035 καὶ

2382 1081 2776 1152 παροξύνουσιν
2807 1082 2902 1134 ἐὰν
2935 1081 3010 1150 μὴ
3037 1079 3318 1134 ἀποστῶσι
3355 1079 3453 1148 τῆς
3485 1078 3699 1139 ἀδικίας
3720 1092 3736 1105 ·
3779 1074 3883 1127 καὶ
3919 1075 3969 1126 oi

2352 1171 2658 1237 ,κτίζοντες
2704 1170 3001 1241 ἐκκλησίας
3045 1170 3140 1224 καὶ
3187 1170 3522 1240 μοναστήρια
3599 1167 3657 1232 ἐξ
3723 1165 3972 1224 ἀδικίας,

2380 1261 2460 1330 τῷ
2486 1260 2635 1330 αὐτῷ
2666 1260 2981 1313 ὑπόκεινται
3014 1259 3265 1330 κρίματι,
3287 1258 3379 1310 καὶ
3408 1258 3438 1309 ό
3467 1256 3661 1318 κτίσας
3687 1255 3973 1324 μοναστή-

2383 1372 2521 1425 ριον,
2571 1353 2651 1423 τῷ
2686 1353 2826 1406 κατά
2865 1351 2956 1405 τὸν
2987 1351 3153 1405 τόπον
3182 1349 3467 1418 ἐπισκόιτῳ
3509 1349 3716 1417 ὀφείλει
3761 1345 3976 1398 διδόναι

2381 1446 2478 1517 τὴν
2500 1446 2815 1515 κυριότητα,
2841 1445 2936 1497 καὶ
2959 1446 2987 1496 ὁ
3013 1443 3087 1513 μὴ
3109 1442 3282 1504 οὕτως
3315 1441 3484 1495 ποιῶν
3506 1438 3819 1493 εὐθύνεται.

2453 1537 2560 1606 κγ’.
2595 1538 2719 1590 Ὅτι
2757 1535 2854 1589 ἐὰν
2896 1533 3084 1606 σκοπῷ
3117 1535 3208 1588 τοῦ
3239 1534 3421 1587 δοῦναι
3465 1534 3577 1594 τοῖς
3627 1531 3872 1598 πτωχοῖς
3904 1527 3976 1580 τὰ

2382 1632 2641 1702 χρήματα
2663 1630 2771 1683 τῶν
2793 1628 3064 1683 πλουσίων
3086 1627 3352 1697 σκορπίζῃ
3379 1643 3486 1689 τις.
3511 1626 3606 1692 οὐχ
3631 1622 3972 1693 ἁμαρτάνειο

2383 1725 2478 1776 καὶ
2506 1725 2588 1777 ὅτι
2635 1721 2753 1775 ἔστι
2795 1722 2890 1774 καὶ
2929 1720 3093 1788 ἑτέρα
3138 1718 3257 1782 ὁδὸς
3289 1717 3551 1778 πολλάκις
3583 1715 3692 1767 τῶν
3741 1712 3976 1765 τελεῖων

2383 1813 2718 1883 ἔλεημὸνων,
2754 1815 2803 1866 οί
2833 1813 2959 1866 ὅταν
2989 1810 3291 1865 θεάσωνται
3329 1809 3556 1878 πένητα,
3587 1807 3666 1886 ,ού
3701 1805 3975 1859 δύνανται

2383 1906 2545 1960 αὐτὸν
2568 1903 2893 1975 ἀποπέμψαι
2926 1902 3081 1957 κενόν
3100 1919 3114 1934 ·
3149 1901 3313 1971 μηδὲν
3344 1899 3403 1953 δὲ
3437 1898 3567 1952 ἴδιον
3597 1896 3736 1958 ὅλως
3763 1909 3975 1959 κεκτη·

2387 2001 2560 2072 μένοι,
2594 1999 2701 2053 ἀπὸ
2745 1997 2949 2066 ἐτέρων
2979 1995 3157 2048 πόνων
3190 1989 3565 2059 οίκονομοῦσιν
3595 1987 3761 2041 αὐτὸν
3782 2027 3796 2049 ,
3835 1984 3872 2052 ἢ
3906 1985 3976 2035 τά

2382 2091 2638 2163 ἀλλότρια
2661 2087 3032 2158 λαμϐάνοντες
3054 2083 3324 2155 φανερῶς,
3349 2081 3383 2153 ἢ
3405 2084 3499 2135 καὶ
3521 2077 3793 2150 κρυφίως,
3819 2077 3854 2145 ἢ
3877 2076 3976 2127 καὶ

2382 2182 2564 2239 αὐτῶν
2607 2180 2904 2250 ἁπτόμενοι
2941 2176 3052 2231 τῶν
3085 2173 3522 2244 ἀνατεθειμένων
3565 2169 3684 2240 Θεῷ
3706 2187 3720 2198 ·
3758 2168 3859 2220 καὶ
3890 2168 3974 2219 ὅτι

2382 2273 2452 2327 τὰ
2482 2269 2835 2342 ἀφιερωμένα
2861 2266 2981 2337 Θεῷ
3003 2309 3017 2333 ,
3051 2265 3201 2336 παρά
3226 2264 3324 2335 τὴν
3368 2262 3680 2329 ἀναγκαίαν
3715 2259 3817 2325 τῆς
3864 2258 3976 2310 ὐπ-

2382 2364 2609 2437 ηρεσίας
2638 2363 2829 2433 χρείαν
2846 2361 2996 2427 ὄντα,
3015 2357 3224 2424 ἔξεστιν
3250 2356 3331 2419 είς
3349 2355 3607 2424 πένητας,
3639 2351 3736 2405 καὶ
3760 2351 3974 2419 αἰχμα-

2383 2458 2586 2521 λώτους
2608 2453 3049 2516 καταναλίσκειν,
3080 2448 3240 2520 μόνον
3274 2447 3410 2519 μετά
3439 2443 3822 2515 πνευματικῆς
3849 2441 3973 2494 διαο

2385 2549 2588 2611 θέσεως
2629 2545 2894 2618 γινέσθω,
2946 2544 3143 2616 μήπως
3177 2540 3238 2595 τὸ
3271 2539 3475 2608 ἀγαθὸν
3524 2535 3858 2605 καταπλήξη
3892 2536 3974 2594 είς

2384 2641 2644 2711 πονηρόν.

2457 2734 2553 2788 κδ’.
2589 2733 2723 2802 Περὶ
2751 2731 2970 2802 ἀγάπης
3027 2729 3122 2784 καὶ
3149 2723 3600 2797 φιλανθρωπίας,
3625 2715 3724 2774 καὶ
3750 2720 3869 2780 πῶς
3895 2718 3976 2769 δεῖ

2385 2827 2606 2897 ἀγαπᾷν
2640 2824 2732 2877 τὸν
2762 2823 2991 2893 πλησίον
3017 2838 3030 2851 ’
3068 2821 3163 2874 καὶ
3190 2820 3271 2872 ὅτι
3297 2816 3570 2888 προφάσει
3609 2813 3837 2880 ἀγάπης
3874 2813 3969 2862 ὲκ-

2387 2919 2662 2987 πίπτομεν
2719 2914 2806 2968 διὰ
2850 2915 2949 2982 τῆς
2998 2909 3271 2980 σαρκικῆς
3319 2912 3382 2962 ἐκ
3429 2909 3529 2976 τῆς
3587 2903 3972 2971 πνευματικῆς

2386 3011 2639 3079 ἀγάπης·
2666 3008 2762 3061 καὶ
2789 3008 2873 3059 ’ὅτι
2902 3006 2963 3058 ού
2993 3006 3075 3058 δεῖ
3106 3003 3307 3056 ἐσθίειν
3356 3002 3414 3054 ὲν
3468 2997 3792 3068 ἐκκλησίαις
3830 3010 3970 3063 προ-

2388 3102 2548 3171 φάσει
2572 3099 2818 3167 ἀγάπης,
2847 3095 2880 3166 ἢ
2910 3093 3193 3149 καθεύδειν
3226 3094 3284 3145 ὲν
3307 3089 3499 3150 αὑταῖς
3530 3087 3658 3140 ἀνευ
3692 3084 3970 3151 ἀνάγκης

2388 3194 2484 3247 καὶ
2514 3194 2597 3246 ὅτι
2624 3190 2721 3244 δάν
2754 3206 2838 3252 τις
2931 3187 3052 3240 καθ’
3086 3183 3394 3254 ὑπερϐολὴν
3428 3178 3748 3250 ἀγαπητὸς,
3771 3176 3872 3229 καὶ
3915 3174 3976 3238 ἐξ

2388 3282 2553 3338 αὐτοῦ
2581 3283 2721 3337 κατὰ
2745 3279 2919 3351 ψυχὴν
2949 3273 3339 3348 βλαπτὼμεθα,
3367 3274 3400 3344 ἢ
3431 3273 3522 3326 καὶ
3549 3270 3608 3335 ἐξ
3635 3269 3833 3330 ἀλλων.
3867 3267 3977 3336 χρὴ

2388 3376 2591 3438 εὐθέως
2617 3371 2918 3428 κόπτεσθαι
2953 3370 3012 3435 ea
3035 3368 3233 3422 αὐτῶν·
3273 3367 3366 3418 καὶ
3396 3366 3478 3418 ὅτι
3511 3364 3611 3416 οὐκ
3645 3363 3724 3421 είς
3769 3359 3839 3411 τά
3878 3361 3976 3410 ἀν-

2390 3467 2639 3538 θρώπινα
2689 3463 3039 3532 καθήκοντα,
3091 3459 3226 3513 ἀλλά
3275 3456 3416 3510 κατὰ
3458 3454 3660 3508 σκοπὸν
3692 3451 3794 3520 τῆς
3838 3449 3976 3518 πρὸς

2388 3560 2522 3612 Θεὸν
2553 3556 2965 3623 εὐαρεστήσεως
2987 3554 3068 3605 δεῖ
3096 3551 3320 3619 ἀγαπᾷν
3349 3547 3438 3599 τὸν
3473 3544 3725 3614 πλησίον.

2461 3651 2559 3705 κε’.
2597 3649 2720 3704 Ὀτι
2747 3650 2808 3700 ού
2857 3647 2938 3700 δεῖ
2969 3643 3312 3706 κακοποιεῖν,
3358 3638 3392 3709 ἦ
3438 3638 3616 3707 μισεῖν
3649 3632 3974 3700 οίονδήποτε

2389 3744 2486 3798 ἄνθ
2497 3757 2696 3813 ρωπον,
2723 3737 2832 3792 εἴτε
2855 3734 3100 3805 ἀσεϐἧ,ἧ
3123 3729 3420 3802 αίρετικὸν,
3438 3728 3472 3798 ἦ
3497 3725 3811 3795 Ἐλληνα,ῆ
3839 3723 3976 3784 ὅλως

2391 3835 2739 3906 ἁμαρτωλὸν,
2764 3833 2892 3884 ὅταν
2921 3829 3031 3897 ἄγῃ
3063 3825 3277 3895 καιρὸς,
3311 3822 3404 3875 καὶ
3427 3821 3528 3874 οὐκ
3554 3819 3780 3889 ἐχωμὲν
3808 3834 3865 3868 τι
3919 3817 3979 3879 ἔξ

2392 3927 2573 3981 αὐτῶν
2610 3923 2828 3995 βλάϐος.
2875 3921 2966 3972 Ἐν
2991 3917 3167 3987 τούτῳ
3191 3914 3299 3984 γὰρ
3335 3909 3657 3984 μιμούμεθα
3686 3909 3780 3962 τὸν
3804 3909 3944 3960 Θεόν
3962 3926 3976 3939 ο

2392 4025 2520 4077 ὅταν
2549 4020 2607 4073 δὲ
2634 4016 2864 4088 ψυχικὸν
2895 4015 3109 4083 ἔχωμεν
3141 4009 3360 4080 βλάϐος,
3389 4005 3421 4076 ἢ
3455 4006 3521 4058 ὲκ
3553 4003 3654 4072 τῆς
3684 4001 3976 4062 ἀσθενείας

2391 4113 2569 4186 ἡμῶν,
2602 4111 2635 4181 ἢ
2676 4108 2851 4171 ἄλλως
2895 4121 3037 4168 πως,
3081 4102 3205 4155 τότε
3239 4099 3381 4152 κατὰ
3421 4097 3669 4164 ἀνάγκην
3711 4093 3979 4186 φύγωμεν

2391 4184 2486 4259 ἀπ’
2521 4202 2722 4269 αὐτῶν,
2752 4200 2854 4270 οὐχ
2880 4198 2957 4262 ὡς
2991 4195 3280 4267 μισοῦντες
3315 4189 3659 4259 ἀνθρώπους,
3697 4184 3837 4238 ἀλλά
3879 4185 3979 4253 τὴν

2393 4296 2573 4366 λύμην
2620 4290 2989 4364 ὑφορώμενοι,
3032 4289 3119 4341 ῖνα
3162 4284 3239 4356 μὴ
3331 4280 3513 4335 αὐτῶν
3560 4277 3712 4347 φιλία
3752 4273 3980 4370 ἀφορμὴ

2391 4389 2621 4458 γένηται
2664 4381 3011 4454 παρανομίας
3043 4380 3176 4448 ἡμῖν
3215 4368 3357 4429 κατά
3389 4373 3482 4425 τὸν
3517 4370 3686 4424 πάλαι
3731 4368 3976 4437 Ἰσραὴλ,

2397 4478 2491 4532 καὶ
2533 4477 2582 4529 οί
2615 4475 2863 4534 θέλοντες
2899 4471 3174 4542 προφάσει
3209 4465 3523 4526 θεοσεϐείας
3564 4461 3860 4515 διεκδικεῖν
3889 4459 3980 4510 τὸν

712 4566 896 4632 Israel,
928 4575 982 4622 et
1006 4566 1098 4636 qui
1135 4564 1324 4619 volunt
1355 4562 1637 4632 religionis
1673 4572 1935 4640 praetextu
1973 4561 2140 4616 Deum
2173 4563 2290 4617 vin-

2397 4569 2552 4633 Θεὸν,
2595 4569 2772 4620 οἰκεῖα
2813 4564 2961 4634 πάθη
3001 4559 3298 4632 πληροῦσι·
3334 4557 3428 4610 καὶ
3474 4556 3553 4608 ὅτι
3589 4554 3649 4606 τὸ
3695 4551 3983 4613 στενάζειν

709 4656 913 4720 dicare,
959 4656 1206 4726 preprias
1255 4654 1536 4725 passiones
1580 4653 1812 4720 satiant;
1859 4665 1912 4707 et
1950 4653 2094 4721 quod
2129 4669 2290 4722 super

712 4747 1000 4804 haereticos
1050 4747 1235 4802 dolere
1282 4755 1336 4800 et
1387 4745 1492 4800 illis
1538 4744 1876 4808 benefacere,
1911 4743 1962 4798 id
2023 4753 2126 4809 est,
2167 4759 2290 4798 vera

711 4837 953 4895 dileCliO.

780 4929 872 4984 26.
908 4928 1066 4996 Quod
1101 4935 1315 4998 oportet
1348 4926 1529 4998 potius
1561 4925 1772 4996 precari
1809 4939 1907 4993 pro
1939 4925 2144 4996 impiis,
2179 4927 2290 4981 hae-

713 5025 937 5087 reticis.
980 5022 1234 5088 ethnicis,
1285 5029 1340 5077 et
1381 5019 1635 5076 omnibus
1663 5019 2076 5089 peccatoribus,
2105 5031 2291 5074 etnon

715 5117 821 5171 illis
863 5115 1214 5179 maladicere;
1268 5115 1372 5168 hoc
1421 5113 1566 5167 enim
1612 5110 1899 5172 facientes.
1956 5111 2112 5166 nobis
2162 5113 2294 5182 ipsis

715 5209 1111 5270 benefacimus,
1129 5217 1184 5262 et
1203 5207 1374 5261 Deum
1395 5206 1688 5270 imitamur;
1712 5213 1766 5260 et
1782 5205 1928 5274 quod
1955 5221 2062 5258 non
2084 5213 2293 5273 oportet

715 5301 926 5373 precari
959 5315 1058 5370 pro
1087 5298 1358 5354 haereticis
1389 5296 1495 5351 vita
1534 5295 1839 5361 defunctis,
1870 5295 1962 5351 sed
1992 5311 2089 5366 pro
2117 5297 2295 5351 adhuc

715 5393 1022 5449 viventibus
1045 5391 1255 5461 precari
1279 5398 1530 5460 oportet,
1565 5398 1623 5444 ut
1648 5388 1753 5443 illis
1786 5388 1879 5442 det
1915 5388 2290 5458 paenitentiam

718 5488 860 5542 Deus
882 5487 948 5541 ad
977 5485 1354 5542 divertendum
1383 5484 1451 5537 ab
1483 5489 1774 5549 errorc,.et
1800 5481 2099 5537 secundum
2123 5479 2292 5536 Deum

717 5581 1031 5648 vivendum,
1056 5580 1110 5634 id
1134 5578 1280 5635 enim
1307 5578 1421 5632 vult
1453 5577 1619 5634 Deus.

788 5759 880 5813 2⁸1.
921 5757 1205 5824 Quomodo
1231 5767 1444 5828 oportet
1466 5758 1864 5828 elecmosynam
1895 5757 2091 5821 facere,
2123 5771 2297 5826 neque

721 5853 847 5906 tuba
879 5867 1094 5915 canere,
1123 5861 1180 5904 ut
1212 5843 1531 5921 hypocritae:
1560 5862 1610 5906 et
1643 5853 1786 5919 quod
1821 5852 1994 5906 satius
2017 5861 2098 5907 est
2135 5851 2294 5906 bene-

2397 4659 2537 4731 ὑπὲρ
2583 4656 2896 4729 αἱρετικῶν,
2938 4654 3033 4708 καὶ
3070 4650 3382 4722 εὐεργετεῖν
3413 4645 3633 4708 αὐτοὺς,
3667 4641 3829 4695 τοῦτό
3862 4643 3978 4694 ἐστι

2394 4751 2682 4821 διόρθωσις
2711 4747 2942 4818 ἀληθής.

2466 4955 2566 5002 κς.
2602 4936 2726 4987 Ὀτι
2765 4933 2846 4986 δεῖ
2885 4930 3086 5000 μᾶλλον
3137 4922 3541 4997 ὑπερεύχεσθαι
3583 4887 3692 4972 τῶῦ
3737 4915 3978 4978 ἀσεϐῶν,

2396 5028 2688 5102 αἱρετικῶν
2706 5043 2787 5091 τε,
2821 5024 2916 5078 καὶ⁸
2955 5021 3243 5090 Ἑλλήνων,
3279 5017 3375 5072 καὶ
3413 5015 3629 5069 πάντων
3655 5011 3765 5102 των
3793 5011 3980 5102 ἀμαρ-

2396 5100 2604 5183 τωλῶν,
2674 5119 2768 5171 καὶ
2840 5115 2915 5186 μὴ
2982 5110 3296 5182 ἐπαρᾶσθαι
3363 5109 3569 5167 αὐτοῖς.
3630 5100 3808 5155 Τοῦτο
3872 5101 3981 5168 γάρ

2398 5211 2703 5274 ποιοῦντες,
2756 5204 2985 5268 ἑαυτούς
3029 5221 3088 5256 τε
3116 5198 3534 5272 εὐεργετοῦμεν,
3575 5197 3668 5249 καὶ
3711 5195 3804 5247 τὸν
3847 5194 3983 5245 Θεὸν

2402 5302 2753 5374 μιμούμεθα⁶
2803 5299 2897 5353 καὶ
2935 5299 3017 5351 ὃτι
3051 5297 3112 5349 ού
3152 5295 3234 5347 δεῖ
3285 5290 3542 5363 εὔχεσθαι
3581 5287 3723 5357 ὑπὲρ
3767 5287 3981 5356 αίρετι-

2398 5393 2510 5448 κῶν
2539 5389 3008 5460 τελευτησάντων,
3032 5385 3150 5440 ἀλλ’
3182 5383 3260 5436 ἕτι
3293 5382 3514 5447 ζώντων
3536 5378 3642 5450 χρὴ
3673 5375 3982 5445 ὑπερεύχε-

2401 5485 2542 5548 σθαι,
2576 5486 2722 5544 ὅπως
2751 5481 2826 5551 δίς)
2859 5481 3042 5542 αὐτοῖς
3092 5477 3386 5548 μετάνοιαν
3411 5475 3439 5526 ὁ
3470 5473 3599 5534 Θεὸς
3637 5472 3716 5533 είς
3754 5469 3813 5521 τὸ
3857 5470 3978 5521 ἑπι-

2404 5573 2632 5644 στρὲψιι
2663 5570 2769 5624 ἀπὸ
2815 5570 2912 5634 τῆς
2945 5567 3176 5636 πλάνης,
3209 5565 3304 5617 καὶ
3334 5562 3477 5617 κατὰ
3510 5561 3642 5614 Θεὸν
3667 5559 3787 5627 ζῇν·
3823 5555 3982 5607 τοῦτο

2406 5670 2507 5737 γὰρ
2537 5668 2562 5718 ὁ
2587 5665 2719 5726 Θεὸς
2752 5662 2918 5716 θέλει.

2472 5753 2574 5818 κζ’.
2622 5755 2810 5816 Ὅπως
2840 5752 2947 5823 χρὴ
2976 5750 3073 5822 τὴν
3121 5745 3496 5819 ἐλεημοσύνην
3543 5745 3742 5807 ποιεῖν,
3777 5741 3873 5794 καὶ
3905 5739 3975 5808 μὴ

2407 5847 2708 5916 σαλπίζειν,
2753 5844 2946 5912 ὥσπερ
2973 5844 3020 5898 οί
3065 5839 3362 5902 ὑποκριταί
3389 5855 3404 5870 ·
3444 5838 3538 5892 καὶ
3590 5839 3670 5890 ὅτι
3722 5831 3975 5906 κρεῖσσόν
