4212 6432
296 443 435 506 1369

998 440 1758 504 INTERPRETATIONES
1801 444 2243 505 DIVINORUM
2287 445 2847 509 MANDATORUM.

3404 450 3541 516 1370

290 561 439 612 ἐστιν
469 556 820 624 ἀγαθοποιεῖν
863 571 1009 619 τινα,
1056 556 1161 609 κᾶν
1207 556 1374 625 μήπω
1401 556 1606 618 τέλειος
1745 558 1860 610 ἀλλ’

1967 557 2147 612 facere
2181 558 2365 621 alicui,
2402 568 2455 613 et
2506 560 2553 614 si
2594 561 2839 615 nondum
2893 559 3164 629 perfectus
3195 562 3301 628 sit;
3330 564 3422 619 sed
3453 573 3538 619 est

288 650 436 703 εστιν
503 648 608 701 ὑπὸ
666 646 973 711 κενοδοξίας
1034 645 1311 707 ἕλκεσθαι,
1375 646 1415 715 ἢν
1479 646 1704 716 ἀμελεῖν
1764 648 1862 717 τῆς

288 740 484 793 εαυτοῦ
531 740 826 809 σωτηρίας.
877 740 973 793 καὶ
1025 740 1225 810 μᾶλλον
1263 741 1397 795 ὅταν
1439 743 1533 794 καὶ
1576 742 1782 813 ἑτέροις
1829 744 1862 814 ἡ

288 833 525 899 ὠφέλεια
550 831 882 901 χρησιμεύῃ.

362 924 467 993 κη’.
499 924 632 993 Περὶ
661 922 993 993 προσευχῆς,
1026 924 1119 975 καὶ
1151 922 1269 986 πῶς
1304 924 1412 994 χρὴ
1447 922 1702 993 εὔχεσθαι
1722 942 1737 957 ι
1769 924 1863 977 καὶ

292 1018 370 1071 ὐτι
404 1015 483 1085 τῷ
511 1018 735 1086 νήφοντι
758 1015 981 1067 δυνατόν
1021 1018 1169 1067 ἐστιν
1199 1018 1257 1066 tv
1294 1018 1455 1069 παντὶ
1487 1018 1635 1086 τόπῳ
1679 1017 1773 1069 κα).
1807 1018 1862 1068 ἐν

296 1108 455 1161 παντὶ
486 1107 632 1176 ἔργῳ
661 1106 893 1157 πάντοτε
916 1104 1281 1167 ἀδιαλείπτως
1308 1106 1704 1175 προσεύχεσθαι
1726 1123 1739 1137 ⁸
1769 1106 1863 1159 καὶ

288 1200 370 1254 ὅτι
418 1200 509 1253 τὸν
588 1199 774 1260 κακῶς
821 1200 1153 1271 πράττοντα,
1206 1199 1300 1251 καὶ
1343 1199 1555 1267 πατέρα
1593 1197 1863 1252 καλοῦντα

286 1292 382 1343 τὸν
431 1290 564 1342 Θεὸν
604 1292 662 1341 tv
692 1292 759 1359 τῇ
806 1290 959 1358 εὐχῇ,
990 1291 1017 1340 6
1070 1290 1426 1359 καταχθόνιος
1464 1292 1491 1342 ὁ
1528 1291 1637 1342 τῶν
1677 1290 1862 1343 κακῶν

286 1383 620 1453 δημιουργὸς
672 1381 791 1433 υἱὸν
869 1383 1154 1450 κέκτηται,
1225 1381 1319 1433 καὶ
1409 1379 1591 1450 πατὴρ
1653 1380 1861 1433 ἐκείνου

286 1475 457 1526 ἐστίν.
710 1542 713 1543 ν

359 1566 460 1618 κθ’.
492 1565 673 1626 Τύπος
710 1563 1043 1633 προσευχῆς,
1061 1563 1156 1615 καὶ
1179 1561 1422 1631 διαγωγὴ
1452 1561 1819 1633 ἀναχωρητῶν
1846 1578 1858 1592 ’

289 1655 383 1708 καὶ
435 1655 517 1707 ὅτι
562 1655 885 1723 ἀνάρμοστα
926 1653 1136 1713 τούτοις
1170 1653 1238 1704 τὰ
1288 1655 1344 1704 ὲν
1382 1654 1503 1716 ταῖς
1545 1651 1863 1721 ἐκκλησίαις

289 1747 623 1816 ψαλλόμενα,
652 1746 761 1797 είτε
794 1740 939 1814 ἦχοι,
974 1744 1083 1796 εἴτε
1108 1745 1382 1814 τροπαρια
1408 1760 1421 1774 ο
1465 1744 1558 1796 καὶ
1584 1745 1667 1796 ὅτι
1697 1743 1861 1811 όδίχα

289 1837 623 1907 χειροτονίας
669 1839 785 1899 τοῖς
830 1835 1093 1897 τοιούτοις
1127 1835 1418 1905 ἐγχειρῶν,
1462 1835 1749 1887 ὑπόκειται
1783 1834 1860 1904 τῷ

292 1928 625 1997 ἐγκλήματι.

360 2016 423 2071 λ’.
456 2018 638 2080 Τύπος
669 2017 978 2087 προσευχῆς
1007 2018 1117 2079 τοῖς
1144 2018 1202 2068 ἐν
1227 2014 1463 2085 συνοδίᾳ,
1496 2014 1589 2067 καὶ
1614 2012 1858 2084 διαγωγῇ

285 2110 395 2163 τῶν
422 2112 479 2161 ἐν
520 2108 843 2179 ἐκκλησίαις
879 2108 1263 2178 συναγομένων
1284 2123 1299 2139 '
1329 2107 1423 2161 καὶ
1449 2108 1532 2161 ὅτι
1562 2108 1661 2176 οὐχ
1691 2109 1863 2176 ἁρμό-

287 2201 371 2264 ζει
408 2204 525 2264 τοῖς
574 2202 967 2272 συναγομένοις
1010 2200 1079 2253 τά
1123 2199 1235 2253 τῶν
1272 2198 1644 2269 ἀναχωρητῶν
1694 2198 1862 2268 πράτ-

288 2311 430 2358 τειν,
458 2293 534 2357 ὼς
564 2293 684 2347 ούδέ
709 2294 940 2357 ἐκείνοις
966 2294 1035 2347 τά
1064 2292 1294 2357 τούτων,
1326 2292 1463 2347 ἀλλά
1492 2292 1634 2344 κατὰ
1654 2291 1861 2344 δίκαιον

286 2386 452 2454 λόγον
497 2389 564 2457 τῇ
614 2386 907 2458 ψαλμῳδίξι
986 2385 1310 2456 κεχρῆσθαι,
1364 2383 1439 2455 μὴ
1494 2385 1676 2455 μέντοι
1726 2384 1861 2454 πρὸς

286 2478 535 2549 κραυγὴν
567 2478 923 2542 ἐκϐιάζεσθαι
958 2478 1056 2549 τὴν
1096 2477 1279 2546 φύσιν,
1319 2477 1455 2531 ἀλλά
1497 2476 1733 2546 σεμνῶς,
1771 2478 1863 2529 καὶ

286 2572 427 2623 κατά
473 2571 541 2624 τά
592 2569 713 2623 θεῖα
758 2570 916 2638 λόγια
951 2570 1233 2633 εὐλαϐῶςο
1291 2569 1384 2622 καὶ
1429 2570 1512 2622 ὅτι
1572 2570 1696 2629 τοὺς
1758 2569 1857 2639 μὲν

289 2664 456 2733 ἱερεῖς
480 2662 781 2732 ψάλλοντας
808 2664 1075 2725 ἀνοίκεια,
1102 2663 1198 2717 καὶ
1226 2662 1301 2732 μὴ
1331 2662 1689 2730 τετυπωμένα
1715 2660 1864 2731 παρὰ

288 2751 397 2804 τῶν
443 2752 606 2804 θείων
635 2753 919 2822 Πατέρων,
950 2753 984 2823 ἢ
1017 2751 1495 2817 ἀναγινώσκοντας
1531 2752 1617 2803 ἐπ’
1661 2752 1863 2819 ἐκκλη-

290 2842 436 2905 σίας,
474 2844 523 2894 οί
555 2843 689 2895 θεῖοι
730 2844 953 2906 κανόνες
1001 2842 1345 2913 καθαιροῦσι,
1392 2844 1517 2905 τοὺς
1562 2842 1616 2894 δὲ
1647 2842 1863 2904 λοιποὺς

287 2934 749 3002 ἀναθεματίζουσι
773 2951 787 2965 ⁸
820 2937 913 2989 καὶ
946 2936 1026 2988 ὅτι
1060 2936 1121 2988 ού
1162 2935 1266 3005 χρὴ
1310 2937 1367 2985 ἐν
1400 2935 1561 2986 παντὶ
1592 2934 1743 3002 τόπῳ
1770 2934 1866 3002 τὴν

288 3024 441 3077 θείαν
485 3026 857 3096 προσκομιδην
903 3028 1146 3079 ἐκτελεῖν
1175 3044 1186 3054 ·
1226 3028 1320 3079 καὶ
1348 3027 1431 3079 ὅτι
1459 3026 1520 3077 ού
1556 3026 1658 3094 χρὴ
1697 3043 1864 3078 κατα-

290 3118 507 3185 φρονεῖν
540 3117 649 3169 τῶν
700 3118 994 3184 συνάξεων,
1050 3118 1143 3171 καὶ
1194 3121 1365 3188 χωρὶς
1410 3116 1633 3183 εὐλόγου
1684 3116 1863 3176 αἰτίας

289 3207 789 3277 ἀπολιμπάνεσθαι.

1968 665 1996 702 a
2028 663 2163 703 vana
2200 649 2372 717 gloria
2422 651 2646 714 attrahi,
2678 660 2733 706 et
2773 652 3048 721 negligere
3079 668 3237 706 suam
3281 654 3536 723 salutem,

1965 750 2019 797 et
2060 743 2360 813 praesertim
2385 745 2603 814 quando
2634 746 2755 800 aliis
2787 746 2995 801 utilitas
3027 746 3314 815 profuerit.

2033 922 2123 977 28.
2169 922 2243 976 De
2286 923 2533 977 oratione
2573 932 2627 976 et
2673 924 2951 992 quomodo
3001 932 3217 994 oportet
3261 940 3421 980 orare
3452 935 3544 979 :et

1964 1015 2109 1084 quod
2131 1013 2374 1084 vigilanti
2404 1014 2666 1082 possibile
2693 1025 2779 1069 est
2809 1015 2862 1068 in
2882 1018 3031 1069 omni
3068 1018 3279 1081 loco,et
3308 1016 3363 1070 in
3391 1017 3541 1070 omni

1965 1124 2130 1176 opere
2174 1107 2372 1176 ubique
2420 1107 2542 1161 sine
2595 1107 3000 1161 intermissione
3032 1123 3228 1174 orare;
3284 1117 3340 1163 et
3395 1108 3543 1177 quod

1964 1200 2107 1254 male
2139 1210 2410 1269 agentem,
2445 1209 2499 1253 et
2548 1209 2759 1268 patrem
2792 1208 3075 1253 vocantem
3121 1198 3290 1252 Deum
3320 1201 3375 1253 in
3414 1216 3543 1253 ora-

1966 1291 2131 1354 tinne,
2181 1291 2571 1345 subterraneus
2626 1290 2897 1344 malorum
2958 1299 3150 1345 auctor
3192 1290 3362 1345 lilium
3397 1291 3542 1345 obti-

1965 1390 2075 1445 net,
2103 1391 2157 1436 et
2198 1381 2342 1434 illius
2373 1388 2528 1449 pater
2565 1391 2671 1434 est.

2031 1555 2121 1610 29.
2154 1555 2356 1623 Regula
2371 1555 2654 1617 orationis,
2678 1563 2729 1607 ct
2753 1554 3023 1609 institutio
3044 1555 3495 1609 anachoretarum
3524 1573 3538 1608 :

1962 1654 2016 1699 et
2046 1647 2191 1715 quod
2225 1645 2592 1700 discordantia
2614 1646 2683 1699 ab
2709 1645 2814 1700 illis
2843 1662 2964 1715 qua:
3009 1645 3062 1700 in
3107 1646 3358 1701 ecclesiis
3399 1648 3544 1715 psal-

1963 1737 2171 1801 luntur,
2213 1739 2328 1792 sive
2353 1737 2561 1807 hymni,
2587 1738 2701 1791 sive
2736 1738 2977 1807 troparia
2999 1779 3014 1804 ,
3041 1748 3095 1792 et
3128 1738 3271 1807 quod
3316 1738 3406 1791 ille
3447 1742 3543 1808 qui

1964 1832 2083 1885 siue
2128 1830 2472 1885 ordinatione
2520 1829 2717 1884 talibus
2773 1844 2832 1883 se
2916 1829 3188 1885 immiscet
3254 1828 3544 1899 subjicitur

1900 1923 1939 1977 Β
1965 1922 2155 1990 culpae.

2033 2009 2124 2063 30.
2151 2006 2351 2077 Regula
2392 2009 2656 2064 orationis
2688 2009 2773 2063 his
2798 2009 2891 2079 qui
2930 2009 2983 2064 in
3037 2017 3305 2064 concentu
3334 2019 3387 2065 et
3412 2026 3547 2065 con-

1960 2101 2246 2158 suetudine
2275 2110 2403 2155 sunt
2426 2111 2874 2169 Congregatorum
2906 2100 2958 2154 in
2990 2100 3235 2156 ecclesiis
3281 2110 3366 2155 :et
3397 2104 3542 2172 quod

1962 2206 2070 2246 non
2104 2192 2358 2246 convenit
2393 2192 2737 2260 congregatis
2770 2206 2892 2260 quae
2921 2200 3051 2247 sunt
3082 2193 3541 2247 anachoretarum

1961 2280 2165 2344 facere,
2204 2290 2261 2335 ut
2296 2281 2379 2335 his
2414 2297 2519 2335 non
2548 2284 2946 2353 convenitquze
2964 2283 3179 2337 illorum
3201 2292 3331 2338 sunt
3354 2300 3541 2355 agere,

1962 2374 2055 2427 sed
2090 2374 2389 2428 secundum
2417 2373 2619 2439 justam
2657 2374 2919 2429 rationem
2952 2373 3254 2445 psalmodia
3291 2375 3391 2436 uti,
3432 2390 3540 2429 non

1965 2473 2144 2519 tamen
2171 2464 2237 2518 ad
2272 2465 2541 2524 clamores
2569 2474 2778 2519 natura:
2811 2466 3127 2519 violentiam
3153 2465 3427 2529 faciendo,
3446 2466 3544 2520 sed

1964 2554 2241 2618 decenter,
2262 2564 2316 2607 et
2337 2555 2421 2623 pie
2442 2556 2746 2610 secundum
2774 2556 2955 2609 divina
2987 2564 3291 2624 praecepta;
3324 2565 3377 2610 et
3396 2556 3545 2626 quod

1965 2647 2277 2701 sacerdotes
2309 2648 2527 2715 quidem
2557 2648 2848 2716 psallentes
2892 2648 3104 2702 insueta
3128 2686 3144 2709 ,
3174 2656 3229 2702 et
3264 2662 3385 2717 quae
3436 2663 3545 2701 non

1965 2748 2094 2793 sunt
2124 2740 2371 2793 instituta
2425 2754 2453 2793 a
2489 2740 2694 2795 sanctis
2744 2739 3020 2804 Patribus,
3069 2740 3151 2795 vel
3187 2740 3430 2810 legentes
3488 2740 3543 2795 in

1964 2830 2233 2893 ccclesiis,
2263 2830 2431 2884 divini
2479 2845 2718 2885 canones
2754 2831 3067 2901 deponunt,
3099 2840 3326 2886 ceteros
3360 2839 3544 2886 autem

1967 2923 2429 2976 anathematizant
2455 2940 2469 2989 ;
2501 2930 2557 2976 et
2596 2923 2739 2989 quod
2789 2938 2895 2976 non
2927 2930 3144 2992 oportet
3168 2922 3220 2976 in
3241 2922 3392 2977 omni
3423 2922 3544 2978 loco

1966 3013 2206 3067 divinent
2229 3013 2437 3067 cultum
2465 3028 2723 3085 peragere
2749 3024 2837 3081 ;et
2858 3014 3002 3084 quod
3037 3030 3147 3069 non
3170 3023 3386 3084 oportet
3409 3030 3543 3071 con-

1969 3116 2209 3159 temnere
2258 3106 2710 3175 congregatioues
2763 3116 2818 3161 et
2865 3108 2984 3163 sine
3018 3107 3329 3161 rationabili
3375 3120 3545 3162 causa

1968 3201 2242 3254 omittere.

362 3301 466 3350 λα’.
517 3299 652 3368 Περὶ
694 3298 802 3352 τῶν
836 3299 974 3369 μετά
1018 3300 1181 3369 εὐχῆς
1229 3300 1286 3352 ἐν
1317 3298 1421 3369 ὀδῷ
1463 3298 1774 3361 ὁδευόντων,
1830 3298 1862 3367 ἢ

2036 3292 2124 3346 3t.
2151 3291 2225 3346 De
2254 3291 2337 3346 bis
2364 3292 2456 3361 qui
2492 3307 2615 3347 cum
2667 3290 2913 3346 oratione
2956 3292 3058 3347 iter
3089 3293 3417 3363 suscipiunt,
3449 3304 3545 3348 aut

291 3388 463 3458 ἑτέρῳ
520 3390 823 3460 οίῳδήποτε
898 3392 1194 3461 πειρασμῷ
1243 3392 1709 3460 περιπιπτόντων·
1771 3390 1864 3443 καὶ

290 3481 370 3533 ὅτι
411 3480 473 3533 οὐ
506 3481 585 3533 δεῖ
635 3482 772 3552 μόνῃ
802 3484 868 3553 τῇ
918 3484 1052 3553 εὐχῇ
1088 3481 1334 3554 θαρρεῖν,
1380 3484 1472 3535 καὶ
1523 3498 1864 3553 καταφρονηο

292 3572 458 3633 τικῶς
492 3573 827 3638 διακεῖσθαι,
873 3574 977 3626 κᾶν
1008 3572 1160 3643 ἅγιος
1190 3572 1245 3647 ᾖ,
1278 3574 1306 3627 6
1339 3574 1478 3645 ὑπὲρ
1508 3573 1674 3627 αὐτοῦ
1718 3572 1866 3643 εὐχό-

297 3680 482 3731 μενος,
531 3664 669 3717 ἀλλά
709 3665 805 3716 καὶ
853 3666 951 3736 τὴν
992 3667 1121 3735 παρ’
1165 3664 1357 3718 ἐαυτοῦ
1407 3667 1591 3718 πᾶσαν
1628 3664 1864 3733 σπουδὴν

295 3756 614 3825 εἰσφέρειν·
667 3756 764 3809 καὶ
817 3757 898 3809 ὅτι
950 3758 1057 3827 χρὴ
1110 3758 1203 3810 τόν
1259 3758 1565 3827 πειρασμὸν
1617 3756 1860 3825 φεύγειν,

292 3846 421 3899 ὅταν
450 3846 694 3908 κίνδυνος
723 3845 952 3917 ψυχικὸς
988 3847 1046 3913 ἐξ
1091 3846 1258 3899 αὑτοῦ
1294 3847 1687 3917 προσδοκᾶται,
1715 3844 1809 3898 καὶ
1835 3846 1864 3897 6

294 3938 370 4007 μὴ
404 3938 575 3999 οὕτως
622 3938 790 3991 ποιῶν
837 3939 1121 3991 ὑπόκειται
1155 3938 1231 4009 τῷ
1268 3939 1576 4010 ἐγκλήματι
1600 3952 1614 3966 ·
1651 3936 1747 3991 καὶ
1781 3937 1863 3989 ὅτι

291 4030 445 4091 ἐλπὶς
488 4030 692 4098 ματαία
734 4030 902 4094 ἐστὶν,
951 4012 1079 4083 ὅταν
1129 4030 1204 4101 μὴ
1247 4028 1741 4097 προαγωνιζόμεθα
1771 4028 1863 4081 ἐπὶ

292 4122 369 4190 τῷ
406 4122 551 4190 ἔργῳ
589 4121 681 4173 τοῦ
728 4121 863 4174 Θεοῦ
888 4139 899 4153 ’
938 4124 1031 4174 καὶ
1077 4122 1205 4191 περὶ
1234 4122 1498 4192 διαφορᾶς
1542 4120 1859 4189 μαρτύρων,

292 4213 387 4265 καὶ
429 4213 781 4284 ὁμολογητῶν
809 4231 822 4244 ·
866 4214 960 4267 καὶ
1000 4215 1081 4266 ὅτι
1112 4214 1215 4267 κᾶν
1248 4214 1383 4283 ἀθλῇ
1421 4231 1522 4278 τις,
1558 4215 1619 4267 ού
1661 4231 1861 4282 στεφα-

290 4308 477 4359 νοῦται
529 4308 622 4360 ἐὰν
683 4308 757 4375 μὴ
803 4307 1051 4376 νομίμως
1102 4307 1330 4378 ἀθλήσῃ,
1376 4308 1518 4359 κατά
1560 4307 1652 4359 τὸν
1718 4306 1861 4359 θεῖον

289 4396 530 4465 δηλονότι
583 4397 907 4449 Ἀπόστολον
931 4413 946 4428 ο
994 4398 1087 4449 καὶ
1115 4398 1196 4450 ὅτι
1227 4399 1275 4449 οί
1317 4397 1681 4465 φυλάσσοντες
1720 4398 1862 4466 ἅπερ

288 4490 665 4556 ὡμολόγησαν,
696 4490 726 4558 ἢ
759 4492 815 4541 ἐν
844 4490 921 4558 τῷ
966 4489 1095 4558 θείῳ
1120 4490 1477 4558 βαπτίσματι,
1518 4490 1551 4558 ἢ
1579 4490 1636 4541 tv
1663 4491 1726 4559 τῇ
1762 4506 1861 4558 μο-

289 4580 481 4649 ναδικῇ
510 4580 774 4649 πολιτεῖα,
804 4579 1134 4649 όμολογηταὶ
1164 4579 1469 4634 καλοῦνται.

359 4672 457 4741 λβ⁹.
493 4673 615 4726 Ὀτι
657 4674 685 4725 6
729 4672 893 4741 εὐχὴν
940 4672 1090 4741 παρά
1120 4689 1278 4725 τινων
1310 4672 1582 4741 ἐπιζητῶν
1615 4672 1776 4735 αὐτὸς
1804 4672 1860 4725 δὲ

289 4762 528 4828 ἀμελῶν,
559 4762 710 4814 οὐδὲν
739 4762 1050 4831 ὠφελεῖται,
1082 4761 1184 4815 κᾶν
1217 4763 1370 4830 ἆγιος
1465 4765 1493 4815 6
1523 4764 1816 4833 εὐχόμενος
1844 4780 1857 4793 ·

290 4853 384 4905 καὶ
416 4853 497 4904 ὅτι
530 4853 578 4904 οί
624 4853 698 4922 μὴ
746 4852 949 4916 καλῶς,
984 4855 1077 4905 καὶ
1122 4855 1242 4906 κατ’
1269 4855 1427 4917 ἀξίαν
1469 4854 1731 4923 βιοῦντες,
1760 4857 1861 4908 οὐκ

287 4941 622 5010 ὠφελοῦνται
673 4947 738 4996 ἐκ
784 4943 877 4996 τοῦ
933 4944 1091 5011 ἁγίου
1144 4944 1541 5015 βαπτίσματος,
1597 4945 1859 5007 ὡσαύτως

289 5036 410 5087 οὐδὲ
437 5038 483 5088 οἱ
517 5037 742 5105 μοναχοὶ
777 5038 871 5089 ἐὰν
906 5036 979 5106 μὴ
1004 5037 1123 5090 κατ’
1147 5039 1303 5101 ἀξίαν
1330 5038 1423 5090 τοῦ
1454 5038 1732 5107 σχήματος
1765 5054 1861 5089 πο-

288 5125 647 5194 λιτεύσαιντο,
676 5128 850 5191 οὕτως
886 5130 980 5182 καὶ
1012 5129 1066 5182 οἵ
1099 5146 1252 5192 τινας
1299 5130 1711 5199 ίδιοποιούμενοι
1752 5129 1859 5182 τῶν

290 5223 458 5287 ἁγίων
502 5222 602 5274 οὐκ
647 5220 1092 5291 ὠφεληθήσονται
1139 5221 1298 5273 πλέον
1342 5222 1450 5273 τῶν
1517 5223 1715 5285 ἄλλων,
1767 5224 1859 5275 καὶ

290 5315 737 5383 κολασθήσονται,
776 5314 824 5365 οί
868 5313 968 5382 μὲν
1010 5314 1189 5365 πιστοὶ
1221 5312 1402 5365 πλεῖον
1445 5313 1553 5365 τῶν
1591 5314 1855 5376 ἀπίστων,

286 5408 335 5457 οἱ
394 5406 450 5457 δὲ
520 5407 743 5475 μοναχοὶ
794 5406 977 5458 πλεῖον
1040 5405 1149 5458 τῶν
1208 5406 1346 5457 κατὰ
1403 5406 1631 5474 κόσμου,
1694 5407 1743 5458 οἱ
1800 5405 1857 5457 δὲ

291 5497 707 5568 ἰδιοποιούμενοι
760 5514 912 5560 τινας
966 5498 1148 5550 πλεῖον
1182 5496 1287 5549 τῶν
1319 5499 1392 5567 μὴ
1449 5498 1667 5550 εἰδότων
1707 5499 1857 5564 παρά

286 5590 447 5642 τινών
507 5607 560 5643 τι
598 5590 842 5657 ἀγαθόν·
886 5592 968 5643 ὅτι
1013 5590 1268 5660 ἀφορμὴν
1324 5589 1597 5661 σωτηρίας
1644 5589 1857 5659 ἔχοντες

286 5677 430 5735 οὗτοι
486 5684 708 5747 πάντες,
760 5686 827 5753 τῇ
874 5683 1084 5736 ἐαυτῶν
1129 5682 1446 5751 ἀπροσεξία,
1508 5683 1601 5736 καὶ
1640 5685 1707 5753 τῇ
1759 5698 1857 5734 πο·

287 5774 426 5842 νηρᾷ
475 5774 814 5843 προαιρέσει,
852 5774 1078 5837 ἑαυτοὺς
1129 5777 1191 5844 τῇ
1226 5773 1444 5826 κολάσει
1493 5773 1813 5841 παρέδωκαν
1842 5788 1853 5800 ·

289 5869 381 5921 καὶ
428 5868 509 5921 ὅτι
553 5867 731 5931 ὀλίγος
758 5868 875 5921 λίαν
908 5869 1023 5921 ἐστὶ
1050 5866 1159 5920 τῶν
1192 5866 1512 5931 σωζομένων
1547 5868 1574 5918 ὁ
1602 5866 1852 5933 ἀριθμὸς,

1966 3384 2067 3437 alia
2096 3384 2461 3453 qualicunque
2497 3384 2793 3438 tentatione
2829 3394 3150 3439 versantur:
3175 3392 3228 3438 et
3258 3385 3401 3454 quod
3436 3400 3542 3439 non

1966 3484 2182 3544 oportet
2214 3476 2330 3531 sola
2372 3476 2427 3529 in
2462 3477 2713 3529 oratione
2756 3474 3050 3540 confidere,
3082 3484 3135 3529 et
3175 3478 3415 3547 segniter
3442 3478 3539 3531 im-

1967 3568 2191 3633 morari,
2218 3568 2316 3621 etsi
2335 3578 2556 3622 sanctus
2592 3568 2759 3620 l'uerlt
2790 3568 2881 3636 qui
2916 3583 3014 3637 pro
3049 3582 3109 3623 se
3156 3568 3416 3631 oraverit,
3449 3568 3541 3622 sed

1964 3659 2128 3713 etiam
2154 3674 2371 3714 omnem
2393 3674 2459 3713 ex
2494 3674 2551 3713 se
2578 3657 2843 3712 fervorem
2879 3657 3072 3713 aﬂ'erre
3101 3673 3321 3714 necesse
3343 3669 3463 3724 est;
3489 3669 3545 3715 et

1965 3750 2108 3818 quod
2151 3758 2369 3819 Oportet
2419 3750 2771 3805 tentatinnem
2804 3748 3025 3819 fugere,
3067 3750 3288 3819 quando
3329 3750 3546 3821 pericu-

1965 3841 2079 3896 lum
2112 3840 2397 3911 spirituale
2431 3857 2498 3895 ex
2535 3842 2635 3895 hac
2681 3840 2879 3905 oritur,
2919 3850 2974 3895 et
3018 3842 3112 3912 qui
3166 3857 3275 3896 non
3324 3842 3397 3895 ita
3433 3844 3546 3913 agit

1964 3930 2252 3999 subjicitur
2271 3932 2473 4000 culpze;
2494 3941 2547 3985 et
2577 3931 2720 3999 quod
2743 3946 2865 3999 spes
2892 3947 3027 3984 vana
3058 3940 3163 3997 est,
3187 3931 3408 4001 quando
3435 3948 3542 3985 non

1968 4028 2061 4081 toti
2130 4028 2497 4083 incumblmus
2553 4027 2621 4081 ad
2655 4044 2792 4096 opus
2843 4029 2965 4095 Dei;
3014 4038 3069 4084 et
3119 4030 3186 4085 de
3236 4028 3543 4083 differentia

1966 4127 2262 4189 martyrum
2299 4130 2352 4173 et
2380 4119 2797 4184 cnnl‘cssorum;
2834 4129 2887 4174 et
2929 4120 3075 4190 quod
3110 4121 3156 4175 si
3193 4121 3319 4190 quis
3367 4130 3543 4173 certa-

1964 4212 2121 4272 verit,
2150 4226 2257 4263 non
2318 4222 2616 4264 coronatur
2651 4212 2755 4264 nisi
2812 4212 3050 4282 legitime
3103 4214 3415 4274 certaverit.
3459 4228 3544 4267 se-

1964 4302 2201 4357 Cundum
2254 4302 2421 4355 divini
2475 4304 2716 4371 Apostoli
2754 4305 3057 4357 evidentem
3112 4304 3454 4369 doctrinam;
3490 4314 3544 4358 et

1963 4395 2109 4463 quod
2135 4395 2186 4447 hi
2220 4395 2313 4463 qui
2343 4406 2561 4449 servant
2593 4409 2716 4464 qua:
2742 4395 2976 4451 confessi
3009 4397 3258 4460 sunt,vel
3283 4398 3335 4450 in
3359 4396 3544 4451 divino

1963 4487 2310 4555 baptismate,
2350 4488 2429 4540 vel
2457 4487 2509 4541 iu
2558 4489 2863 4544 monastica
2903 4487 3285 4553 institutione,
3324 4486 3543 4542 confes-

1965 4593 2117 4632 sores
2149 4590 2438 4632 vocantur.

2035 4669 2126 4723 32.
2152 4669 2307 4735 Quod
2337 4671 2424 4723 ille
2459 4672 2550 4739 qui
2581 4672 2885 4726 orationem
2912 4670 2983 4725 ab
3007 4670 3284 4740 aliquibus
3314 4670 3538 4740 expetit,

1966 4760 2081 4829 ipse
2116 4770 2295 4814 autem
2332 4761 2557 4815 minime
2589 4772 2783 4827 curat,
2837 4761 2971 4816 nihil
3003 4761 3256 4816 utilitatis
3291 4763 3539 4831 percipit,

1962 4854 2126 4906 etiam
2161 4854 2205 4907 si
2238 4862 2461 4908 sanctus
2485 4853 2555 4908 sit
2598 4856 2691 4923 qui
2720 4864 2842 4908 orat
2871 4872 2887 4909 :
2918 4864 2972 4909 et
3016 4854 3162 4923 quod
3199 4854 3273 4908 illi
3307 4855 3402 4925 qui
3433 4870 3540 4909 non

1965 4958 2110 5002 recte
2140 4964 2238 5002 nec
2271 4949 2405 5002 bene
2442 4950 2652 5010 vivunt,
2676 4950 2876 5002 nullam
2912 4948 3201 5003 utilitatem
3236 4946 3543 5016 percipiunt

1962 5054 1991 5091 e
2024 5048 2212 5090 sancto
2248 5037 2595 5102 baptismate,
2626 5038 3091 5108 quemadmodum
3145 5038 3350 5091 nullam
3372 5036 3539 5091 etiam

1966 5131 2238 5194 inouachi,
2276 5132 2376 5184 nisi
2415 5132 2715 5186 secundum
2772 5142 2949 5185 status
2985 5130 3372 5200 obligationem
3407 5144 3541 5181 con-

1963 5223 2164 5277 versati
2195 5224 2322 5286 sint,
2370 5224 2441 5276 ita
2472 5224 2784 5292 quicunque
2834 5231 3055 5277 sanctos
3094 5222 3197 5275 sibi
3234 5220 3543 5273 attribuunt

1963 5331 2069 5369 non
2127 5317 2387 5383 majorem
2435 5331 2597 5384 quam
2651 5316 2745 5368 alii
2795 5316 3084 5369 utilitatem
3117 5312 3442 5383 percipient,
3486 5324 3542 5364 ει

1963 5407 2257 5476 punientur
2284 5444 2298 5467 ,
2335 5406 2520 5460 ﬁdeles
2571 5406 2791 5474 quidem
2850 5403 3023 5474 magis
3063 5418 3229 5473 quam
3272 5401 3539 5463 inﬁdeles,

1962 5498 2216 5554 monachi
2256 5512 2436 5552 autem
2471 5500 2644 5568 magis
2681 5514 2844 5568 quam
2878 5496 3179 5558 mularis,
3208 5502 3262 5549 et
3306 5494 3400 5563 qui
3434 5493 3538 5548 sibi

1962 5593 2173 5662 aliquos
2207 5594 2511 5647 attribuunt
2544 5592 2714 5663 magis
2761 5607 2928 5662 quam
2976 5591 3052 5645 illi
3084 5590 3176 5660 qui
3208 5603 3318 5642 non
3373 5602 3537 5641 nove-

1962 5694 2089 5739 runt
2118 5685 2187 5738 ab
2216 5683 2487 5753 aliquibus
2518 5684 2818 5754 quidquam
2841 5682 2995 5747 boni;
3016 5680 3162 5751 quod
3187 5679 3533 5734 occasionem

1962 5774 2151 5830 Salutis
2202 5775 2460 5828 habentes
2498 5789 2692 5828 omnes
2738 5774 2850 5837 isu,
2888 5788 2987 5828 sua
3033 5770 3250 5827 incuria
3292 5779 3347 5825 et
3395 5769 3535 5822 mala

1964 5867 2282 5931 intentione,
2320 5881 2377 5920 se
2432 5866 2778 5932 castigationii
2835 5872 3237 5937 exposuerunt;
3290 5869 3343 5917 et
3389 5860 3532 5931 quod
