4212 6432
708 344 835 408 1371

1549 353 1941 415 OPUSCULA
1976 354 2322 416 MORALIA
2363 358 2711 421 INCERT/E
2752 364 3061 427 IETATIS.

3820 364 3964 428 ποτε

707 484 905 535 paruis
930 467 1224 522 admodum
1257 476 1341 523 est
1377 470 1709 525 salvatorum
1742 488 2024 532 numerus.
2058 475 2202 529 sicut
2228 484 2276 527 et

2391 478 2568 542 καθὼς
2599 482 2694 535 καὶ
2728 482 2757 535 ὁ
2785 483 2990 551 Κύριος
3019 481 3338 553 ἀπεφήνατο
3366 482 3562 549 λέγων.
3590 484 3673 536 ὅτι
3702 482 3964 545 πλατεία,

707 560 969 616 Dominus
1003 563 1242 616 ostendit
1269 561 1479 624 dicens,
1510 562 1658 631 quod
1690 564 1796 617 lata
1838 574 1892 619 et
1922 568 2161 634 spatiosa
2192 569 2277 622 via

704 662 939 723 estquae
971 653 1122 709 ducit
1174 654 1240 707 ad
1276 654 1659 723 perditionem,
1691 662 1744 709 et
1803 658 1959 710 multi
2011 670 2138 712 sunt
2184 660 2279 729 qui

706 746 992 800 inveniunt
1021 761 1175 807 eam,
1222 755 1371 799 arcta
1407 756 1588 801 autem
1634 756 1789 816 porta
1827 758 1882 803 et
1911 762 2139 817 angusta
2195 753 2279 807 via

705 854 828 906 quae
860 839 1010 893 ducit
1039 839 1103 890 ad
1142 838 1332 903 vitam,
1364 848 1416 893 et
1444 838 1608 893 Pauci
1660 848 1790 895 sunt
1813 843 1906 911 qui
1940 842 2149 897 intrant
2186 860 2281 915 per

704 947 823 985 eam
854 948 870 995 ;
902 941 954 984 et
990 933 1184 985 iterum
1207 933 1369 997 dixit,
1400 932 1563 988 Pauci
1593 946 1721 989 sunt
1752 935 1845 1005 qui
1886 935 2195 1003 salvantur;
2226 947 2282 992 et

705 1024 849 1091 quod
882 1024 954 1077 illi
985 1024 1290 1093 quicontra
1316 1024 1395 1079 fas
1413 1025 1604 1080 dicunt
1624 1027 1789 1081 Deum
1826 1028 2119 1097 benignum
2138 1044 2278 1096 esse,

704 1124 756 1166 et
798 1129 906 1169 non
938 1116 1135 1184 punire
1176 1132 1529 1184 quemquam,
1573 1118 1842 1187 imprimis
1884 1118 2279 1187 Christianum,

703 1215 757 1258 et
784 1205 904 1260 ideo
934 1216 1215 1276 peccatum
1269 1223 1375 1261 non
1415 1210 1603 1263 volunt
1632 1225 1910 1276 amovere,
1958 1214 2052 1267 sed
2089 1228 2282 1268 secure

703 1298 1006 1364 ambulant,
1038 1301 1325 1354 Dominum
1361 1302 1674 1358 mendacem
1707 1313 1925 1359 vocant.

771 1479 863 1533 35.
899 1480 971 1534 De
1036 1479 1321 1534 voluntate
1374 1480 1621 1548 placendi
1677 1480 1991 1536 hominibus
2017 1491 2073 1536 et
2110 1483 2284 1553 hypo-

704 1569 833 1624 crisi
872 1595 879 1623 :
918 1580 973 1625 et
1002 1573 1146 1640 quod
1181 1588 1285 1625 non
1342 1580 1557 1639 oportet
1582 1572 1800 1628 studere
1840 1572 1907 1626 ad
1960 1574 2280 1642 placendum

708 1662 1041 1727 hominibus,
1084 1663 1176 1717 sed
1202 1662 1347 1726 Deo;
1395 1674 1449 1719 et
1489 1665 1632 1733 quod
1666 1667 2004 1735 propositum
2038 1668 2279 1736 exquirit

706 1752 849 1807 Deus
881 1772 946 1808 an
974 1756 1365 1824 proplel‘illttm
1399 1768 1581 1811 utrum
1621 1768 1845 1829 propter
1875 1758 2124 1812 homines
2147 1773 2277 1828 aga-

2384 571 2478 623 καὶ
2507 572 2821 643 εὐρύχωρος
2851 574 2882 643 ἡ
2910 573 3027 634 ὁδὸς
3050 574 3083 641 ἡ
3111 574 3403 639 ἀπάγουσα
3423 574 3501 635 είς
3525 572 3625 643 τὴν
3652 572 3966 634 ἀπώλειαν,

2384 659 2476 727 κα).
2516 659 2700 712 πολλοί
2740 662 2877 713 εἰσιν
2909 662 2957 714 οί
2999 661 3347 731 εὑρίσκοντες
3391 663 3583 731 αὐτὴν,
3621 663 3784 733 στενὴ
3830 662 3887 717 δὲ
3933 666 3968 734 ἡ

2383 747 2550 815 πύλη,
2584 751 2677 802 καὶ
2716 751 3056 821 τεθλιμμένη
3104 754 3137 821 ἡ
3187 753 3304 816 ὁδὸς
3344 754 3701 822 ἡάπάγουσα
3735 757 3821 817 είς
3870 756 3989 825 τὴν,

2382 839 2547 911 ζωὴν,
2587 844 2684 894 καὶ
2725 843 2929 909 Ὀλίγοι
2961 846 3099 897 εἰσὶν
3130 845 3179 897 οἱ
3224 847 3599 914 εἰσερχόμενοι
3634 846 3704 898 δι’
3746 847 3925 913 αὐτῆς
3952 863 3969 879 ⁸

2383 933 2478 984 καὶ
2522 934 2685 987 πάλιν
2710 936 2954 1003 εἴρηκεν,
2992 936 3192 1003 Ὀλίγοι
3230 939 3280 989 οἱ
3321 937 3652 1005 σωζόμενοι·
3687 941 3784 990 καὶ
3807 941 3891 990 ὅτι
3922 941 3971 991 οἱ

2386 1024 2461 1095 μὴ
2498 1025 2640 1079 κατά
2664 1028 2725 1079 τὸ
2751 1028 2991 1096 ἁρμόζον
3013 1029 3265 1096 λέγοντες
3289 1032 3382 1081 τὸν
3414 1030 3546 1081 Θεὸν
3574 1030 3972 1099 φιλάνθρωπον

2384 1110 2546 1181 εἶναι,
2584 1115 2678 1169 καὶ
2712 1115 2787 1185 μὴ
2822 1116 3076 1181 κολάζειν
3099 1119 3243 1180 τινὰ,
3280 1120 3481 1187 μᾶλλον
3519 1121 3575 1172 δὲ
3610 1120 3968 1191 Χριστιανδν,

2384 1205 2478 1257 καὶ
2505 1206 2570 1257 ὲκ
2614 1204 2807 1258 τούτου
2845 1206 2945 1275 τὴν
2992 1207 3269 1275 ἁμαρτίαν
3318 1208 3392 1277 μὴ
3436 1209 3754 1277 βουλόμενοι
3802 1211 3969 1261 ὲκκόο

2383 1311 2559 1355 πτειν,
2594 1295 2728 1350 ἀλλὰ
2756 1297 2926 1359 ἀδεῶς
2956 1297 3338 1367 πορευόμενοι,
3370 1299 3461 1351 τὸν
3486 1300 3693 1368 Κύριον
3717 1299 3971 1368 ψεύστην

2383 1383 2771 1437 ἀποκαλοῦσιν.

2454 1474 2552 1542 λγ’.
2581 1476 2717 1545 Περὶ
2750 1477 3268 1549 ἀνθρωπαρεσκίας,
3307 1481 3403 1533 καὶ
3437 1481 3784 1551 ὑποκρίσεως
3815 1499 3831 1512 ·
3877 1484 3973 1535 καὶ

2383 1566 2465 1619 ὅτι
2504 1568 2563 1620 ού
2613 1568 2693 1620 δεῖ
2752 1570 3116 1636 ἀγωνίζεσθαι
3170 1572 3307 1640 πρὸς
3347 1575 3408 1625 τὸ
3438 1575 3697 1644 ἀρέσκειν
3742 1575 3967 1645 ἀνθρὼ-

2384 1672 2526 1720 ποις,
2572 1657 2705 1709 ἀλλά
2749 1658 2826 1727 τῷ
2886 1659 3044 1727 Θεῷ·
3082 1662 3177 1714 καὶ
3221 1664 3300 1715 ὅτι
3348 1664 3438 1715 τὸν
3486 1665 3687 1717 σκοπὸν
3741 1664 3905 1733 ζητεί
3940 1666 3971 1718 ι

2384 1747 2516 1810 Θεὸς
2548 1749 2597 1800 εί
2636 1749 2703 1802 δι’
2738 1750 2922 1811 αὑτὸν,
2957 1752 2990 1819 ἢ
3018 1751 3087 1804 δι’
3119 1753 3440 1823 ἀνθρώπους
3465 1755 3671 1827 ἐργάζῃ
3697 1772 3715 1787 ο
3758 1757 3858 1809 καὶ
3884 1758 3969 1810 ὅτι

706 1857 826 1910 tur;
853 1857 904 1901 et
932 1848 1075 1916 quod
1111 1848 1343 1917 primam
1377 1850 1737 1905 intentionem
1777 1851 2018 1905 intuetur
2046 1850 2276 1915 Deus,et

2391 1842 2470 1893 τὸν
2503 1841 2718 1911 πρῶτον
2756 1843 3015 1912 λογισμὸν
3042 1846 3069 1897 ὁ
3105 1844 3238 1909 Θεὸς
3285 1846 3493 1915 βλέπει,
3539 1848 3635 1900 καὶ
3694 1848 3821 1901 κατ’
3865 1851 3967 1903 αύ-

705 1941 1003 1994 sceundutn
1040 1942 1188 1995 illam
1228 1944 1474 1997 retribuit
1530 1946 1869 2009 mercedem;
1903 1955 1957 1999 et
1982 1946 2129 2015 quod
2157 1946 2280 2000 illos

705 2031 796 2098 qui
849 2032 1159 2093 stultitiam.
1217 2035 1516 2087 secundum
1579 2050 1835 2103 magnum
1887 2035 2198 2090 Simeonem
2228 2046 2282 2091 et

705 2123 1000 2186 Andream,
1036 2125 1347 2192 acquirunt,
1393 2126 1591 2179 divinae
1654 2126 1797 2193 leges
1835 2128 2159 2196 repruhant,
2230 2136 2283 2180 ct

704 2214 958 2267 omnibus
980 2216 1156 2269 modis
1192 2232 1335 2269 nunc
1366 2218 1490 2270 talia
1528 2217 1835 2285 prohibent.

775 2305 865 2359 3i.
901 2303 973 2358 De
1003 2314 1337 2374 paupertate,
1374 2316 1427 2359 et
1459 2307 1601 2375 quod
1631 2322 1735 2361 non
1783 2308 2013 2361 distrahi
2043 2324 2072 2361 a
2108 2308 2279 2371 curis,

706 2391 921 2446 Domini
964 2409 1069 2447 non
1102 2406 1187 2449 est
1226 2396 1616 2451 irrationabilis
1644 2398 1897 2466 superbia
1925 2438 1940 2462 ,
1974 2398 2067 2451 sed
2100 2397 2282 2453 fervor

708 2486 759 2537 in
796 2482 1027 2539 Domino
1066 2496 1157 2541 :et
1191 2489 1333 2556 quod
1384 2490 1685 2543 monastica
1732 2489 2000 2544 institutio
2043 2490 2279 2559 perfecta

706 2579 1044 2647 paupertatis
1071 2580 1488 2647 promissionem
1514 2581 1702 2646 habet;
1722 2591 1773 2635 et
1803 2583 1945 2650 quod
1984 2585 2177 2638 melius
2203 2594 2286 2638 cst

709 2671 1037 2722 monachum
1067 2671 1182 2723 lieri
1212 2674 1545 2740 paupertatis
1561 2674 1863 2727 secundum
1891 2675 2059 2729 Deum
2092 2678 2284 2745 gratia.

710 2775 869 2827 quam
911 2761 1065 2827 ligari
1105 2762 1438 2816 immobilem
1477 2780 1571 2833 per
1604 2766 1940 2831 materialia;
1974 2777 2026 2820 ct
2072 2769 2201 2837 quid
2234 2768 2284 2821 id

709 2854 943 2921 exquirit
984 2852 1126 2907 Deus
1160 2870 1189 2909 a
1234 2859 1538 2922 monachis,
1575 2867 1631 2911 ut
1655 2858 1951 2926 perfectam
1987 2862 2171 2915 mundi
2196 2862 2289 2914 ab-

710 2946 1079 3011 negationem,
1110 2955 1165 3000 et
1203 2958 1573 3016 paupertatem
1608 2951 1909 3005 secundum
1944 2952 2117 3021 ipsius
2160 2968 2288 3022 pro-

710 3034 1004 3094 missiones
1035 3044 1089 3088 et
1116 3037 1343 3090 consilia
1369 3051 1607 3102 servent,
1640 3050 1693 3094 et
1716 3042 1787 3094 ob
1808 3057 1926 3094 eam
1965 3058 2078 3095 rem
2106 3044 2290 3097 multis

712 3127 890 3182 modis
918 3128 1268 3184 adversarius
1309 3146 1402 3199 per
1438 3132 1730 3188 saeculares
1770 3135 2051 3189 monachis
2085 3135 2290 3205 profert

2385 1934 2477 1986 τὸν
2515 1933 2745 2002 παρέχει
2791 1933 2891 1997 τὰς
2941 1934 3177 2005 ἀμοιϐάς
3202 1953 3216 1967 ο
3258 1937 3353 1990 καὶ
3384 1938 3465 1991 ὅτι
3510 1939 3634 2001 τοὺς
3679 1940 3744 1991 τὺ
3779 1941 3971 2009 μωρὸν

2386 2023 2529 2076 κατὰ
2550 2024 2641 2076 τὸν
2667 2024 2840 2095 μέγαν
2856 2026 2926 2078 Συ
2935 2025 3103 2095 μεὼν,
3126 2028 3221 2081 καὶ
3250 2028 3499 2100 Ἀνδρέαν
3517 2030 3969 2099 ἐπιτηδεύοντας,

2382 2118 2431 2167 οἱ
2500 2115 2634 2168 θεῖοι
2702 2116 2859 2185 νόμοι
2936 2118 3427 2189 ἀποδοκιμάζουσι,
3489 2123 3584 2174 καὶ
3640 2123 3969 2177 παντάπασι

2384 2207 2479 2260 νῦν
2536 2208 2605 2260 τά
2663 2211 2891 2263 τοιαῦτα
2937 2211 3260 2267 κωλύουσιν.

2455 2300 2548 2354 λδ’.
2580 2302 2713 2372 Περὶ
2737 2302 3147 2373 ἀκτημοσύνης,
3178 2306 3271 2359 καὶ
3294 2307 3376 2360 ὅτι
3407 2308 3469 2360 τὸ
3494 2309 3875 2378 περισπᾶσθαι
3910 2310 3972 2361 ἐν

2384 2396 2494 2454 τοῖς
2527 2395 2934 2464 προστάγμασι,
2964 2395 3058 2449 τοῦ
3086 2398 3292 2466 Κυρίου
3321 2399 3423 2451 ούκ
3450 2399 3565 2451 ἐστι
3588 2401 3969 2470 μετεωρισμδς

2385 2482 2600 2550 ἄλογος,
2633 2485 2769 2539 ἀλλά
2801 2487 3007 2558 σπουδὴ
3039 2489 3096 2540 ὲν
3122 2490 3349 2558 Κυρίῳ·
3381 2492 3476 2544 καὶ
3504 2492 3585 2543 ὅτι
3615 2493 3648 2559 ὴ
3698 2492 3973 2563 μοναχικὴ

2387 2572 2636 2625 πολιτεία
2664 2576 2761 2644 τῆς
2791 2576 3000 2639 τελείας
3030 2577 3420 2646 ἀκτημοσύνης
3452 2579 3565 2648 ἔχει
3599 2580 3700 2644 τὴν
3730 2581 3975 2646 ἐπαγγε-

2386 2663 2505 2715 λίαν
2534 2681 2546 2693 ο
2593 2666 2684 2717 καὶ
2730 2667 2812 2718 ὅτι
2852 2670 3106 2736 κρεῖσσόν
3154 2671 3269 2721 ἐστι
3302 2668 3635 2732 πελάζεσθαι
3676 2672 3775 2721 τδν
3808 2688 3975 2739 μονα-

2387 2754 2501 2822 χὸν,
2526 2755 2710 2808 ἕνεκεν
2747 2758 2844 2823 τῆς
2879 2757 3021 2809 κατά
3046 2758 3180 2809 Θεὸν
3215 2758 3625 2828 άκτημοσύνης,
3662 2760 3696 2830 ἢ
3724 2761 3973 2814 δεδέσθαι

2391 2845 2700 2915 καθήμενον
2762 2848 2850 2900 διὰ
2899 2849 2999 2912 τάς
3048 2849 3180 2912 ὕλας
3210 2866 3223 2879 ·
3276 2851 3372 2903 καὶ⁵
3414 2852 3499 2904 ὅτι
3544 2852 3706 2906 τοῦτο
3745 2851 3904 2922 ξητεῖ
3946 2854 3978 2905 6

2389 2936 2521 3000 θεὸς
2570 2938 2721 3006 παρά
2760 2940 2869 2991 τῶν
2923 2940 3199 3009 μοναχῶν,
3254 2942 3342 2994 ἵνα
3374 2943 3472 3009 τὴν
3511 2943 3729 2995 τελείαν
3776 2945 3975 2999 ἀπονέ-

2392 3046 2597 3098 κρωσιν
2626 3029 2718 3083 τοῦ
2756 3032 2986 3101 κόσμου,
3029 3033 3125 3085 καὶ
3150 3033 3251 3102 τὴν
3285 3034 3676 3105 άκτημοσύνην
3704 3037 3851 3090 κατά
3879 3039 3978 3099 τὰς

2394 3119 2722 3187 ἐπαγγελίας
2766 3122 2966 3185 αὐτῶν,
3015 3124 3109 3175 καὶ
3182 3125 3470 3193 ὁμολογίας
3521 3126 3825 3194 φυλάξωσι,
3881 3127 3979 3181 δαὶ

712 3218 855 3273 bona
911 3229 971 3274 ut
1033 3220 1278 3276 abnuant
1326 3236 1447 3292 quae
1500 3223 1603 3278 sibi
1661 3223 1819 3279 facta:
1875 3238 2002 3280 sunt
2056 3180 2291 3298 plromis-

2396 3211 2485 3263 διὰ
2516 3180 2678 3264 τοῦτο
2706 3180 2807 3265 ⁷διιί
2842 3180 3052 3265 πολλῶν
3100 3180 3322 3284 τρόπων
3414 3180 3981 3286 ἀντιικείμενοςνπαρά

710 3310 911 3366 siones.

788 3487 876 3541 55.
913 3488 1067 3553 Quod
1120 3504 1227 3543 non
1272 3498 1487 3559 Oportet
1535 3491 1816 3546 doctorem
1852 3492 1988 3548 lucri
2039 3494 2292 3563 cupidum

712 3596 855 3645 esse,
890 3581 983 3633 sed
1014 3580 1157 3634 sicut
1184 3582 1354 3651 gratis
1385 3582 1597 3651 accepit
1634 3584 1861 3651 gratiam
1902 3584 2073 3637 divini
2117 3583 2294 3655 Spiri-

716 3684 826 3735 tus,
872 3674 1044 3741 gratis
1062 3673 1187 3727 aliis
1237 3676 1513 3728 condonet
1554 3683 1653 3728 :et
1704 3676 1850 3745 quod
1899 3692 1967 3730 ex
2007 3676 2293 3747 discipulis

712 3773 924 3831 oportet
946 3774 1197 3833 expetere
1224 3766 1553 3829 necessaria,
1595 3775 1649 3820 et
1689 3782 1794 3820 non
1826 3782 2070 3836 quaerere
2100 3784 2293 3837 διιρ‹-ι·-

712 3856 851 3919 ilca;
873 3866 927 3909 et
956 3856 1101 3924 quod
1139 3857 1228 3909 ille
1254 3856 1445 3911 doctor
1471 3859 1564 3927 qui
1586 3858 2048 3928 iuvoluptatiLus,
2072 3862 2294 3916 mollitie

712 3960 765 4002 et
820 3948 1028 4002 incuria
1085 3949 1273 4019 degit,
1320 3964 1425 4002 non
1478 3951 1613 4019 ipsis
1666 3952 1993 4005 necessariis
2046 3954 2293 4006 tnerccde

712 4042 909 4110 dignus
937 4051 1057 4107 est;
1083 4051 1136 4095 et
1173 4042 1320 4111 quod
1346 4042 1641 4096 admodum
1664 4044 2122 4109 condemnamur,
2166 4055 2220 4098 et
2263 4062 2291 4099 a

714 4135 1158 4190 Christianorum
1200 4134 1378 4190 ofﬁcio
1402 4146 1728 4189 aversantur
1767 4136 1859 4205 qui
1896 4137 2173 4206 accipiunt
2214 4138 2294 4191 Vel

715 4229 956 4297 praebent
1007 4228 1210 4297 aliquid
1252 4243 1352 4297 pro
1388 4229 1771 4291 ordinatione,
1816 4238 2008 4282 contra
2051 4229 2194 4297 quod
2238 4231 2292 4283 in

713 4321 919 4374 sanctis
947 4321 1244 4391 Seripturis
1269 4322 1485 4392 legitur,
1517 4321 1975 4390 quemadmodum
2000 4332 2054 4375 et
2081 4338 2135 4375 in
2173 4337 2295 4375 mo-

715 4412 973 4466 nasteriis
999 4413 1091 4480 qui
1121 4411 1347 4467 tondent
1368 4414 1437 4466 ab
1460 4412 1545 4467 his
1572 4412 1667 4481 qui
1691 4412 1985 4467 tondentur
2011 4430 2025 4477 ;
2059 4423 2113 4468 et
2144 4416 2289 4483 quod

2394 3305 2519 3367 τοὺς
2575 3306 2874 3373 κοσμικοὺς
2940 3309 3052 3370 τοῖς
3093 3310 3348 3377 μοναχοίς
3382 3310 3696 3381 προσρέρει
3735 3312 3807 3364 τά
3839 3313 3979 3381 χρή-

2399 3409 2544 3462 ματα
2574 3394 2708 3463 πρὸς
2736 3395 2966 3465 ἄρνησιν
2994 3394 3088 3448 τοῦ
3120 3397 3331 3450 ἑαυτῶν
3363 3399 3808 3469 ἐπαγγέλματος.

2467 3483 2564 3536 λε’.
2618 3486 2737 3537 ’Ότι
2783 3486 2843 3537 ού
2900 3486 3003 3556 χρὴ
3055 3488 3145 3540 τὸν
3195 3489 3516 3543 διδάσκαλον
3561 3492 3978 3562 φιλοχρήματον

2396 3567 2555 3638 εἶναι,
2587 3575 2701 3628 ἀλλ’
2733 3577 2917 3649 ὥσπερ
2950 3580 3160 3649 δωρεάν
3188 3580 3350 3633 ἔλασε
3380 3581 3477 3653 τὴν
3508 3584 3670 3652 χάριν
3696 3585 3791 3637 τοῦ
3829 3586 3977 3638 θείου

2397 3666 2735 3736 Πνεύματος,
2762 3668 2973 3738 δωρεὰν
3010 3670 3105 3723 καὶ
3132 3672 3461 3740 μεταδιδότω
3487 3688 3500 3701 ·
3538 3675 3633 3726 καὶ⁵
3656 3675 3742 3728 δτι
3778 3677 3845 3729 ἐκ
3870 3677 3980 3729 τῶν

2401 3758 2657 3827 μαθητῶν
2686 3760 2790 3830 χρὴ
2813 3762 3132 3815 διοικεῖσθαι
3157 3765 3213 3816 ὲν
3240 3767 3359 3827 ταῖς
3384 3767 3712 3833 ἀναγκαίαις
3740 3770 3977 3837 χρείαις.

2397 3849 2491 3900 καὶ
2525 3849 2598 3918 μὴ
2627 3846 2811 3917 ζητεῖν
2845 3852 3083 3921 περισσά
3124 3867 3140 3882 ⁸
3178 3856 3271 3907 καὶ
3302 3855 3383 3907 ὅτι
3429 3859 3457 3908 ὀ
3504 3857 3747 3927 τρυῳῶν,
3791 3862 3889 3911 καὶ
3922 3863 3981 3912 ἐν

2396 3938 2580 3992 ἀνέσει
2623 3942 2715 3993 καὶ
2774 3942 3006 4014 ἀμελείᾳ
3044 3942 3245 4010 διάγων
3274 3944 3619 4010 διδάσκαλος,
3650 3949 3772 4001 οὐδὲ
3805 3951 3979 4019 αὐτῆς

2396 4032 2494 4100 τῆς
2520 4033 2825 4100 ἀναγκαίας
2853 4039 3062 4106 χρείας,
3100 4038 3131 4106 ἢ
3173 4040 3271 4107 τῆς
3300 4038 3466 4108 τιμῆς
3490 4040 3639 4091 ἐστιν
3667 4041 3856 4105 ἄξιος·
3887 4044 3981 4095 καί

2397 4125 2477 4178 ὅτι
2505 4126 2711 4197 σφόδρα
2741 4128 3183 4198 κατακρίνονται,
3225 4133 3319 4184 καὶ
3359 4134 3457 4202 τῆς
3486 4133 3597 4185 τῶν
3621 4135 3665 4187 Χ
3689 4137 3980 4204 ριστιανιῖιν

2402 4216 2619 4284 μερίδος
2652 4218 3061 4288 ἀλλοτριοῦνται
3099 4223 3149 4273 οἱ
3179 4221 3569 4290 λαμὸάνοντες,
3600 4226 3694 4278 καὶ
3719 4228 3769 4278 οἱ
3835 4246 3980 4297 παρ-

2399 4306 2616 4377 έχοντες
2648 4309 2790 4379 ὑπὲρ
2820 4311 3157 4381 χειροτονίας
3174 4329 3225 4366 τι
3263 4314 3413 4384 παρὰ
3448 4314 3509 4367 τὸ
3537 4318 3655 4377 ταῖς
3687 4317 3865 4379 θείαις
3898 4320 3984 4372 δο-

2400 4400 2527 4452 κοῦν
2552 4401 2815 4471 Γραφαῖς,
2849 4401 3115 4467 ὡσαύτως
3146 4406 3251 4458 κάν
3278 4409 3391 4468 τοῖς
3416 4408 3803 4477 μοναστηρίοις
3831 4414 3981 4481 παρὰ

715 4506 898 4559 scelus
924 4505 1067 4561 istud
1099 4504 1275 4574 majus
1311 4514 1395 4559 est
1436 4506 1655 4568 haeresi.
1693 4506 2069 4561 adversarium
2118 4506 2291 4576 Spiri-

2398 4491 2509 4543 τῶν
2535 4492 2989 4562 ἀποκειρομένων
3015 4496 3067 4545 οἱ
3100 4495 3490 4564 ἀποκείροντες
3515 4514 3529 4528 ο
3561 4499 3656 4552 καὶ
3683 4502 3767 4553 ὅτι
3798 4502 3983 4569 μεῖζον

716 4602 897 4655 tus,et
928 4594 1022 4663 qui
1056 4595 1524 4660 hiseonsentiunt,
1550 4596 1791 4650 siclerici
1813 4597 2033 4665 quidem
2064 4596 2288 4662 fuerint,

715 4703 742 4741 a
782 4688 984 4742 divinis
1013 4688 1315 4742 canonihus
1351 4688 1732 4756 deponuntur,
1780 4690 1825 4741 si
1870 4702 2001 4741 vero
2050 4687 2173 4742 laici
2208 4688 2292 4741 vel

717 4781 994 4847 monachi,
1038 4779 1608 4844 anathematizantur,
1675 4794 1706 4833 a
1764 4779 2151 4834 communione
2208 4796 2295 4835 se-

717 4872 915 4932 parati.

788 5053 877 5106 ὃὸ.
897 5052 1053 5119 Quod
1085 5052 1245 5105 noxia
1275 5058 1359 5106 est
1383 5050 1722 5105 conversatio
1746 5048 2136 5103 monachorum
2170 5063 2293 5104 cum

722 5145 1106 5198 smcularibus:
1127 5153 1181 5199 et
1197 5143 1343 5212 quod
1362 5159 1467 5197 non
1491 5144 1671 5196 omnia
1690 5158 1809 5212 qua:
1834 5142 1987 5197 nobis
2010 5143 2208 5196 dantur
2230 5142 2299 5196 ab

721 5237 997 5304 aliquibus
1038 5236 1324 5290 charitatis
1380 5236 1575 5306 gratia,
1622 5251 1687 5289 ex
1740 5235 1849 5288 Deo
1880 5245 2028 5298 sunt,
2081 5236 2174 5289 sed
2231 5252 2295 5287 ex

723 5330 1033 5383 alversario
1062 5328 1128 5381 ad
1170 5328 1382 5382 ruinam
1406 5338 1460 5382 et
1489 5344 1729 5381 errorem
1763 5336 2045 5391 nostrum;
2094 5328 2296 5382 etenim

725 5422 927 5475 veritas
978 5422 1096 5491 ipso
1134 5435 1243 5475 non
1299 5420 1475 5474 solum
1521 5420 1824 5482 monachis,
1860 5420 1951 5473 sed
1983 5420 2146 5473 etiam
2183 5435 2301 5473 om-

728 5515 889 5567 nibus
927 5513 1258 5567 Christianis
1309 5524 1516 5567 arctam
1560 5521 1615 5566 et
1645 5518 1931 5583 augustam
1966 5512 2189 5566 tradidit
2215 5511 2299 5565 fu-

727 5616 865 5661 turae
902 5608 1082 5675 gloriae
1110 5608 1287 5672 viam;
1316 5604 1459 5660 unde
1494 5604 1755 5659 rationem
1789 5606 1987 5659 debent
2016 5606 2110 5674 qui
2159 5607 2305 5659 act-i-

731 5701 887 5768 piunt
922 5699 1125 5768 aliquid
1174 5698 1461 5753 charitatis
1516 5696 1709 5765 gratia,
1765 5706 1818 5751 et
1860 5696 2136 5751 debitores
2177 5705 2305 5749 sunt

736 5795 1044 5849 orationum
1074 5807 1173 5864 pro
1200 5791 1492 5857 dantibus;
1530 5800 1582 5846 ct
1606 5791 1750 5862 quod
1786 5808 1893 5846 non
1938 5791 2059 5846 licet
2082 5790 2304 5845 omnim.

2397 4583 2495 4652 τῆς
2518 4583 2627 4636 τῶν
2645 4585 3118 4653 πνευματομάχων
3143 4587 3410 4656 αἱρέσεώς
3426 4591 3544 4641 ἐστι
3580 4590 3742 4643 τοῦτο
3766 4606 3779 4619 ·
3812 4594 3911 4644 καὶ
3933 4594 3981 4645 ei

2395 4676 2607 4739 τούτοις
2654 4678 3099 4742 συνευδοκοῦντες
3133 4682 3180 4731 εί
3220 4680 3319 4750 μὲν
3353 4682 3606 4753 κληρικοὶ
3649 4683 3795 4743 εἱεν.
3834 4690 3985 4754 παρά

2399 4767 2510 4819 τῶν
2562 4768 2723 4822 θείων
2758 4770 3000 4823 κανόνων
3032 4771 3448 4841 καθαιροῦνται,
3493 4778 3543 4827 εί
3589 4776 3646 4828 δὲ
3692 4777 3902 4843 λαῐκοὶ,
3950 4783 4031 4849 ἦκ-

2403 4859 2751 4927 μονάζοντες,
2825 4862 3339 4932 ἀναθεματίζονται,
3415 4865 3806 4937 ἀφοριζόμενοι
3884 4872 3983 4940 τῆς

2400 4951 2707 5014 κοινωνίας.

2473 5040 2580 5107 λς’.
2614 5044 2735 5097 Ὅτι
2773 5044 3015 5116 βλαϐερά
3065 5048 3214 5101 ἐστιν
3256 5051 3289 5119 ἡ
3341 5050 3626 5120 συνομιλία
3666 5051 3781 5104 τῶν
3820 5072 3985 5122 μονα-

2402 5132 2511 5202 χῶν
2548 5134 2686 5203 μετά
2713 5135 2822 5189 τῶν
2852 5137 3133 5207 κοσμικῶν
3158 5155 3171 5169 ’
3212 5142 3307 5193 καὶ
3335 5140 3417 5193 ὅτι
3444 5141 3506 5193 οὐ
3538 5141 3715 5194 πάντα
3745 5144 3815 5194 τά
3846 5144 3986 5196 διδύ-

2406 5242 2545 5295 μενα
2588 5227 2719 5294 ἡμῖν
2765 5226 2919 5296 παρά
2959 5244 3121 5280 τινων
3152 5230 3312 5298 χάριν
3343 5230 3585 5300 ἀγάπης,
3629 5234 3693 5284 ὲκ
3721 5232 3815 5284 τοῦ
3856 5234 3988 5285 Θετιῦ

2404 5324 2561 5386 εἰσιν,
2598 5321 2735 5375 ἀλλά
2761 5322 2913 5393 παρά
2943 5322 3040 5376 τοῦ
3081 5324 3461 5394 ἀντικειμένου
3502 5326 3638 5391 πρὸς
3667 5326 3987 5395 δελεασμδν,

2406 5414 2499 5467 καὶ
2524 5414 2733 5485 πλάνην
2762 5416 2919 5485 ἡμῶν
2943 5432 2959 5447 ο
2991 5415 3087 5468 καὶ
3115 5416 3223 5486 γάρ
3252 5417 3389 5487 αὐτὴ
3413 5418 3445 5486 ἡ
3476 5416 3704 5486 ἀλήθεια
3737 5420 3797 5470 ού
3832 5420 3990 5487 μόνον

2406 5513 2517 5569 τοῖς
2548 5510 2819 5578 μοναχοῖς,
2849 5508 2983 5561 ἀλλά
3011 5510 3105 5563 καὶ
3131 5512 3265 5563 πᾶσι
3296 5511 3643 5580 Χριστιανοίς
3674 5513 3872 5580 στενὴν
3902 5514 3990 5565 καὶ

2407 5601 2774 5669 τεθλιμμένην
2818 5599 3105 5669 παρέδωκε
3144 5601 3242 5670 τῆς
3283 5601 3583 5670 μελλούσης
3629 5602 3987 5665 ἀπολαύσεως

2413 5696 2508 5761 τὴν
2536 5695 2653 5745 ὁδόν
2676 5710 2689 5723 ·
2721 5692 2846 5747 ὅθεν
2876 5695 2969 5745 καὶ
2996 5692 3153 5761 λόγον
3177 5694 3417 5748 διδόασιν
3454 5697 3502 5748 υί
3532 5696 3909 5763 λαμϐάνοντές
3941 5713 3987 5748 τι

2415 5788 2573 5859 χάριν
2600 5787 2842 5857 ἀγάπης,
2867 5788 2958 5843 καὶ
2996 5786 3269 5858 χρεῶσται
3299 5790 3436 5843 εἰσιν
3460 5789 3863 5859 ύπερεύχεσθαι
3883 5790 3987 5844 τῶν
