4212 6432
266 421 408 488 1373

978 425 1750 501 INTERPRETATIONES
1785 444 2229 506 DIVINORUM
2270 447 2828 513 MANDATORUM.

3380 451 3516 517 1374

261 535 512 590 διδόντων
533 554 548 568 ·
579 541 672 593 καὶ
695 540 774 593 ὅτι
805 541 905 594 οῦκ
936 541 1146 606 ἔξεστιν
1173 548 1310 609 ὅλως
1343 552 1454 609 τοῖς
1492 554 1769 619 μοναχοῖς,
1801 554 1834 621 ἢ

1943 557 2249 617 monachis,
2283 557 2363 611 vel
2413 561 2769 615 sacularilius
2808 560 3026 616 clericis
3056 575 3252 618 vacare
3284 568 3520 633 negotiis

260 630 376 690 τοῖς
408 629 546 681 κατά
579 632 783 700 κόσμον
813 635 1090 705 κληρικοῖς
1126 640 1409 707 σχολάζειν
1441 643 1574 704 ὅλως
1606 647 1717 706 τοῖς
1742 645 1835 696 τοῦ

263 720 472 787 κΰσμου
506 724 826 793 πράγμασιν
855 727 887 795 ἢ
917 733 1212 782 πακτεύειν
1237 735 1493 802 κτήματα
1511 751 1524 764 ·
1551 737 1643 788 καὶ
1667 737 1749 790 ὅτι
1785 739 1833 790 oi

263 810 400 862 θεῖοι
469 815 694 877 κανόνες
764 818 1058 887 ἐπιτιμῶσι
1128 826 1238 883 τοῖς
1314 830 1666 892 φροντισταῖς
1729 829 1839 880 τῶν

263 903 546 968 τοιούτων,
597 908 953 976 ἐπιμένοντας
987 911 1042 965 δέ
1079 916 1145 983 τῇ
1180 914 1421 985 ἀπαθείᾳ
1459 917 1837 987 καθαιροῦσιν,

341 995 438 1056 λζ’.
495 997 619 1050 ’Ότι
672 1001 732 1051 ού
784 1002 865 1052 δεῖ
913 1008 1242 1074 κατηγορεῖν
1284 1025 1468 1072 τινων,
1515 1009 1700 1062 ἕνεκεν
1743 1013 1840 1080 τῆς

265 1088 575 1154 ἀναγκαίας
607 1092 742 1161 πρὸς
779 1093 840 1146 τὸ
875 1095 974 1165 ζῇν
1020 1099 1230 1165 χρείας,
1278 1102 1372 1152 καὶ
1407 1102 1541 1172 πρὸς
1583 1106 1710 1166 τοὺς
1756 1104 1843 1155 λέ-

265 1195 490 1244 γοντας,
530 1182 611 1234 ὄτι
663 1185 756 1236 καὶ
795 1187 949 1240 αὐτοὶ
994 1191 1045 1242 οἱ
1095 1191 1402 1246 διδάσκαλοι
1446 1195 1842 1264 παραδαίνουσι

266 1273 366 1333 τας
397 1275 619 1338 ἐντολὰς
651 1278 744 1331 τοῦ
778 1280 914 1334 Θεοῦ
954 1284 1040 1336 διὰ
1076 1285 1134 1336 τὸ
1163 1285 1304 1353 ἔχειν
1331 1287 1528 1350 αὐτοὺς
1568 1292 1708 1356 μετά
1740 1289 1843 1341 πά-

269 1382 372 1434 σης
404 1367 693 1436 ἀκριϐείας
729 1372 797 1423 τα
827 1374 1058 1444 χρειώδη
1103 1376 1197 1428 τοῦ
1234 1378 1484 1444 σώματος
1510 1394 1524 1408 ·
1569 1380 1664 1432 καὶ
1697 1381 1748 1432 τί
1783 1381 1843 1433 τὸ

267 1455 480 1523 πρέπον
515 1458 718 1529 ἔνδυμα
755 1464 1102 1534 Χριστιανοίς
1124 1483 1137 1493 ’
1182 1469 1277 1521 καὶ⁵
1307 1469 1434 1540 περὶ
1479 1470 1713 1540 διαίτης.
1749 1472 1843 1524 καὶ

267 1548 528 1615 φορεσίας
569 1552 676 1602 τῶν
712 1555 1032 1622 πρεπόντων
1074 1563 1348 1628 μοναχοῖς,
1385 1559 1479 1612 καὶ
1522 1563 1844 1630 ἡγουμένοις

271 1637 478 1704 ἱερεῦσι
531 1658 590 1694 τε
643 1646 736 1697 καὶ
795 1648 1148 1717 ἀρχιερεῦσι·
1199 1652 1294 1704 καὶ
1343 1653 1425 1705 ὅτι
1467 1654 1529 1705 οὐ
1570 1654 1675 1722 χρὴ
1715 1654 1844 1716 τοὺς

265 1731 541 1796 τοιούτους
571 1736 804 1805 ἱματίοις
827 1740 1270 1805 ἐξαλλάσσεσθαι,
1291 1746 1385 1798 καὶ
1409 1745 1540 1800 ἄλλα
1569 1747 1666 1815 μὲν
1695 1745 1844 1815 ἔχειν

268 1823 404 1888 πρὸς
437 1825 662 1890 ἔνδειξιν
694 1830 962 1902 ἀπαντῆς,
994 1835 1128 1888 ἄλλα
1159 1836 1215 1889 δέ
1247 1837 1385 1892 οἴκοι
1419 1839 1838 1909 καθεζομένους,

1942 647 2293 702 saecularibus
2313 657 2394 702 vet
2428 652 2805 719 possessiones
2837 652 3039 722 pacisci
3062 671 3077 717 ;
3098 663 3151 707 et
3175 655 3320 723 quod
3352 656 3521 712 divini

1942 753 2182 793 canones
2215 742 2619 808 reprehendunt
2669 743 2768 798 IIOS
2814 745 2908 814 qui
2938 744 3142 799 talibus
3179 747 3434 814 student,
3469 757 3524 802 et

1943 841 2353 897 perseverantes
2387 832 2438 885 in
2474 833 2835 889 inditl‘erentia
2864 839 3166 904 deponunt.

2015 1008 2103 1061 57.
2131 1007 2284 1073 Quod
2316 1025 2423 1063 non
2464 1019 2676 1077 oportet
2713 1011 2928 1079 aliquos
2961 1011 3212 1066 incusare
3239 1051 3253 1072 ,
3283 1010 3354 1063 ob
3400 1011 3522 1062 vitae

1947 1102 2281 1160 necessaria.
2317 1111 2370 1152 et
2403 1102 2473 1154 ob
2505 1117 2601 1156 eos
2640 1104 2729 1171 qui
2762 1104 2972 1165 dicunt,
3007 1104 3150 1172 quod
3181 1114 3233 1156 et
3271 1103 3375 1171 ipsi
3426 1102 3522 1154 do-

1946 1201 2125 1244 ctores
2143 1193 2344 1245 violant
2377 1192 2466 1248 llci
2493 1208 2756 1262 praecepta
2792 1197 2844 1247 iu
2869 1211 2934 1250 eo
2964 1195 3110 1263 quod
3141 1194 3372 1247 habeant
3393 1205 3520 1246 cum

1944 1287 2090 1338 omni
2121 1288 2545 1356 securitathuae
2567 1289 2714 1342 utilia
2741 1298 2867 1342 sunt
2889 1290 3102 1356 corpori
3129 1306 3141 1341 :
3164 1297 3216 1342 ct
3242 1287 3519 1356 quodnam

1944 1377 2200 1430 convenit
2251 1393 2372 1432 esse
2430 1381 2864 1436 Christianorum
2897 1381 3311 1434 indumentum:
3353 1386 3409 1433 et
3455 1378 3523 1431 de

1945 1468 2092 1521 victu
2108 1478 2159 1521 et
2179 1471 2368 1523 vestitu
2390 1471 2844 1526 convenientibus
2866 1473 3170 1537 monachis,
3201 1482 3253 1523 et
3277 1469 3522 1537 praesuli-

1946 1556 2047 1610 bus
2086 1557 2458 1612 sacerdotibus
2487 1568 2541 1611 et
2579 1559 2927 1628 pontiﬁcibus
2950 1575 2964 1623 ;
2986 1569 3040 1612 et
3069 1559 3211 1627 quod
3232 1575 3338 1613 non
3356 1573 3522 1627 opor-

1946 1656 2020 1700 tet
2053 1647 2187 1704 tales
2219 1660 2395 1703 vestes
2423 1649 2779 1713 confundere,
2801 1650 2895 1703 sed
2920 1649 3057 1704 alias
3076 1649 3296 1718 quidem
3323 1649 3521 1702 habere
3619 1688 3627 1692 -

1943 1740 2012 1792 ad
2071 1743 2440 1794 ostensionem
2492 1742 2691 1810 publici
2717 1743 2938 1807 cultus,
2973 1743 3108 1797 alias
3141 1753 3321 1796 autem
3371 1741 3520 1795 domi

1945 1834 2218 1894 sedentes.
2251 1833 2345 1887 sed
2376 1835 2653 1888 communi
2685 1844 2739 1888 et
2765 1835 3000 1904 simplici
3032 1845 3154 1904 toga
3182 1848 3394 1902 semper
3418 1834 3519 1898 uti,

266 1912 401 1966 ἄλλα
455 1921 632 1987 κοινῇ,
683 1923 775 1975 καὶ
819 1923 1025 1978 εὐτελεῖ
1078 1928 1234 1998 στολῇ
1292 1931 1470 2002 πάντῃ
1516 1931 1836 2000 κεχρῆσθαι,

1944 1942 2120 1993 neque
2169 1936 2452 1992 exornata,
2487 1943 2663 1996 neque
2700 1937 2897 1997 prater
2939 1927 3310 1982 necessarium
3361 1941 3521 1980 usum

267 2007 360 2057 καὶ
390 2009 527 2077 μήτε
561 2013 1035 2089 ἐσχηματισμένῃ.
1074 2022 1212 2090 μήτε
1241 2026 1394 2092 παρὰ
1419 2023 1516 2093 τὴν
1538 2025 1840 2090 ἀναγκαίαν

265 2098 457 2166 χρείαν
511 2103 792 2176 πολυτίμῳ
845 2112 1119 2178 παρεκτὸς
1168 2115 1267 2181 τῆς
1317 2114 1593 2184 ἱερατικῆς
1626 2115 1722 2167 καὶ
1759 2117 1838 2168 ὅτι

265 2191 516 2254 τοιαύτας
553 2197 780 2263 τροφὰς,
818 2201 908 2252 καὶ
951 2202 1226 2272 ἐνδύματα
1270 2207 1375 2276 χρὴ
1408 2206 1550 2277 ἔχειν
1587 2207 1676 2259 τὸν
1700 2208 1837 2277 Χρι-

268 2282 486 2335 στιανὸν
518 2281 603 2338 οἷα
633 2289 774 2340 κατὰ
798 2290 888 2342 τὸν
919 2295 1105 2355 τόπον,
1137 2296 1194 2347 ἐν
1223 2288 1267 2362 ᾧ
1296 2302 1547 2366 παροικεί
1573 2297 1634 2349 τὸ
1662 2298 1841 2350 κοινὸν

273 2372 370 2424 τοῦ
434 2375 587 2440 λαοῦ,
652 2381 746 2434 καὶ
798 2384 847 2435 οί
904 2388 1112 2456 πτωχοὶ
1157 2389 1356 2452 πάντες
1399 2390 1539 2442 κατά
1598 2392 1659 2443 τὸ
1708 2391 1838 2444 ἐκά-

268 2481 394 2518 στου
444 2470 786 2544 ἐπάγγελμα,
831 2478 1070 2532 ἐσθίουσί
1099 2497 1157 2532 τε
1196 2483 1288 2534 καὶ¹
1330 2483 1626 2542 ἐνδύονται,
1659 2485 1839 2550 καθὼς

266 2561 362 2612 καὶ
390 2564 420 2629 ὴ
447 2565 857 2637 ἐνανθρώπησις
888 2571 980 2624 τοῦ
1019 2573 1222 2644 Κύριου
1255 2577 1400 2645 ἡμᾶς
1438 2576 1694 2642 ἐδίδαξεν.

340 2652 441 2724 λη’.
479 2657 615 2726 Περι
654 2661 908 2727 πλούτου,
942 2666 1031 2717 καὶ
1062 2667 1271 2730 πενίας,
1300 2669 1531 2732 καὶπῶς
1553 2670 1615 2737 δὴ
1635 2671 1840 2741 γνωρί-

268 2761 438 2813 σομεν
466 2749 532 2800 τά
560 2751 803 2817 τοιαῦτα,
845 2757 892 2808 εί
927 2758 989 2808 ἐκ
1023 2757 1156 2810 Θεοῦ
1205 2761 1360 2821 εἰσιν,
1407 2761 1438 2829 ἢ
1473 2761 1530 2824 ἐξ
1563 2760 1842 2832 ἐνεργείας

265 2838 361 2891 τοῦ
389 2843 764 2911 ἀντικειμένου
785 2862 801 2878 ο
831 2850 924 2901 καὶ
958 2851 1038 2903 ὅτι
1063 2854 1090 2903 6
1127 2852 1184 2918 ἐξ
1219 2854 1432 2915 ἀδικίας
1473 2854 1700 2917 πλοῦτος
1741 2855 1842 2908 οὐκ

267 2933 415 2984 ἐστιν
446 2936 509 2988 ἐκ
539 2937 633 2989 τοῦ
665 2938 821 3001 Θεοῦ,
857 2942 950 2992 καὶ
979 2942 1153 2996 ταῦτα
1196 2945 1296 3012 μὲν
1325 2948 1434 3008 τοῖς
1466 2947 1609 2999 κατά
1640 2947 1842 3017 κόσμον

266 3030 626 3099 γνωρίζονται
652 3048 666 3062 ο
702 3034 815 3096 τοῖς
852 3033 908 3085 δέ
951 3035 1041 3086 τὸν
1082 3037 1372 3106 μοναχικδν
1414 3037 1528 3106 βίον
1565 3039 1840 3108 μετιοῦσιν

266 3120 612 3190 ἀνάρμοστόν
639 3128 786 3178 ἐστιν
821 3128 885 3179 ἐκ
913 3127 1117 3180 τούτων
1147 3129 1521 3199 διακρίνεσθαι
1548 3147 1563 3164 ο
1592 3132 1702 3185 τῶν
1731 3131 1840 3202 γάρ

265 3214 522 3267 τοιούτων
567 3219 599 3286 ἠ
653 3219 958 3287 ἐπαγγελία
1004 3221 1102 3292 τὴν
1149 3222 1360 3275 τελείαν
1420 3225 1693 3293 πτωχείαν
1747 3225 1840 3277 καὶ

265 3308 652 3380 ἀκτημοσύνην
682 3313 1082 3380 ἐπαγγέλλεται
1110 3316 1169 3368 ἐν
1197 3316 1398 3378 πάσαις
1419 3319 1540 3378 ταῖς
1576 3318 1836 3387 Γραφαίς.

338 3398 432 3454 λθ’.
461 3403 593 3472 Περὶ
609 3403 703 3457 τοῦ
732 3406 805 3474 μὴ
824 3408 1063 3476 ἀκρίτως
1091 3407 1298 3477 κρίνειν
1322 3409 1412 3460 τὸν
1436 3410 1680 3478 πλησίον,
1708 3409 1842 3462 καθ-

267 3493 409 3562 άπερ
468 3496 517 3547 οἱ
546 3495 853 3567 ὑποκριταὶ,
893 3504 1194 3569 φαρισαῖοι,
1221 3501 1693 3572 καὶγραμματεῖς.
1730 3502 1842 3555 Καὶ

266 3586 374 3653 γὰρ
404 3589 592 3654 μεστοὶ
625 3590 733 3640 τῶν
765 3591 946 3643 κακῶν
979 3592 1131 3655 ὄντες
1173 3595 1390 3654 ἐκεῖνοι,
1425 3593 1512 3645 ἐπ’
1538 3593 1842 3662 ἐλαχίστοις

264 3674 404 3746 ἦσαν
440 3682 657 3750 σφοδροὶ
690 3681 976 3747 ἐξετασταὶ
1006 3686 1145 3738 κατά
1184 3685 1292 3738 τῶν
1329 3686 1552 3756 ἐτέρων,
1598 3686 1712 3739 ἀλλ’
1751 3688 1838 3740 ὅτε

268 3788 350 3831 τις
378 3771 676 3842 καθαρεύει
708 3775 818 3828 τῶν
849 3778 1058 3837 κακῶν,
1094 3778 1216 3830 τότε
1245 3777 1324 3830 δεῖ
1353 3779 1559 3847 κρίνειν
1586 3779 1712 3840 τοὺς
1748 3778 1839 3830 ὑπ’

265 3863 428 3914 αὑτὸν
472 3866 672 3934 μέντοι,
698 3870 758 3919 οὐ
801 3869 905 3936 μὴν
942 3869 1068 3930 τοὺς
1112 3868 1349 3931 ἔξωθενο
1385 3871 1480 3923 καὶ
1529 3871 1609 3923 ὅτι
1654 3870 1840 3933 κακῶς

264 3957 552 4023 νενοήκασί
578 3975 721 4022 τινες
751 3960 810 4014 τὸ
845 3961 1005 4030 ῥητὸν
1035 3960 1128 4013 τοῦ
1151 3961 1380 4032 Κυρίου,
1406 3963 1835 4032 ἐμπορευόμενοι

264 4045 321 4098 δὲ
377 4050 442 4098 τὶ
491 4051 751 4117 χρήματα
805 4051 890 4103 διά
932 4053 1039 4104 τῶν
1086 4053 1348 4122 ἀνοήτων,
1395 4055 1490 4105 καὶ
1529 4054 1836 4122 ἐπιζημίων

269 4140 586 4204 μετανοιῶν,
611 4140 881 4208 λέγουσιν,
914 4144 1075 4196 ὅτι,οὺ
1095 4144 1175 4195 δεῖ
1198 4144 1404 4212 κρίνειν
1431 4144 1573 4209 τινὰ,
1606 4146 1700 4198 καὶ
1728 4150 1841 4210 τοῖς

266 4229 559 4297 αίρετικοῖς
595 4232 655 4282 ἐκ
686 4230 875 4283 τούτου
910 4233 1128 4301 συναρίο
1139 4250 1250 4302 μιοι
1277 4233 1546 4300 γένονται.

341 4319 413 4386 μ’.
458 4321 577 4371 "Ott
613 4320 672 4371 οὐ
707 4319 786 4372 δεῖ
815 4321 1020 4388 κρίνειν
1055 4321 1180 4384 τοὺς
1209 4324 1373 4390 ἱερεῖς
1411 4321 1523 4374 εἴτε
1551 4321 1776 4385 δικαίως
1806 4323 1837 4392 ἢ

265 4412 486 4472 ἀδίκως,
545 4413 575 4480 ἢ
639 4413 912 4477 ἐξετάζειν
960 4414 1176 4476 αὐτούς.
1213 4414 1281 4466 Εἴ
1307 4432 1360 4466 τι
1407 4416 1518 4485 γὰρ
1571 4415 1838 4484 σφαλῶσι,

265 4505 583 4569 κριῦήσεται
628 4506 779 4572 παρά
828 4505 922 4557 τοῦ
967 4504 1131 4566 Θεοῦ,
1175 4507 1264 4558 καὶ
1306 4507 1713 4578 ἐλεγχθήσεται,
1748 4507 1840 4560 καὶ

1945 2020 2206 2087 pretiosa,
2235 2029 2454 2090 excrpta
2484 2021 2839 2086 sacerdotali;
2865 2031 2919 2075 et
2943 2022 3088 2090 quod
3131 2021 3290 2074 talem
3314 2018 3518 2072 vietum

1941 2120 1990 2164 et
2035 2121 2236 2166 vestem
2300 2112 2501 2167 habere
2532 2114 2692 2167 debet
2751 2113 3148 2177 Christianum,
3197 2112 3411 2182 qualem
3463 2101 3519 2164 in

1943 2204 2064 2258 loco
2098 2206 2186 2259 ubi
2242 2206 2425 2273 degit,
2458 2221 2750 2260 commune
2796 2207 2997 2276 plebis;
3035 2214 3090 2260 et
3127 2204 3282 2275 egeni
3328 2217 3521 2257 omnes

1941 2299 2243 2351 secundum
2295 2298 2562 2368 cujusque
2633 2299 3050 2368 promissionem
3103 2299 3273 2352 edunt
3318 2306 3371 2350 et
3425 2309 3519 2350 ve-

1941 2390 2203 2454 stiuntur,
2227 2389 2367 2444 sicut
2398 2390 2705 2444 incarnatio
2737 2389 2948 2445 Domini
2982 2405 3079 2444 nos
3105 2389 3343 2448 edocuit.

2012 2671 2100 2726 58.
2143 2672 2215 2726 De
2245 2671 2484 2736 divitiis,
2520 2681 2573 2726 et
2607 2679 2960 2742 paupertate,
3009 2679 3064 2726 et
3100 2671 3372 2738 quomodo
3426 2684 3519 2723 ro-

1942 2781 2269 2836 gnoscemus
2311 2767 2412 2820 ista
2459 2781 2528 2818 an
2573 2780 2641 2820 ex
2677 2764 2789 2819 Deo
2823 2766 2954 2830 sint,
2989 2765 3070 2819 vel
3101 2779 3166 2818 ex
3203 2764 3521 2829 operatione

1942 2860 2237 2913 adversarii
2270 2875 2285 2912 :
2316 2858 2533 2928 etquod
2555 2858 2757 2913 divitia:
2787 2874 2910 2930 quae
2943 2871 3008 2911 ex
3051 2855 3316 2926 iujustitia
3338 2863 3463 2909 sunt
3487 2867 3517 2904 a

1947 2953 2055 3006 Deo
2081 2968 2186 3005 non
2210 2962 2356 3017 sunt,
2375 2961 2428 3006 et
2452 2953 2566 3006 lucc
2589 2953 2810 3022 quidem
2835 2949 3190 3004 srecularibus
3217 2958 3340 3002 nota
3362 2954 3515 3010 sunt;

1944 3046 2030 3098 liis
2065 3054 2243 3098 autem
2273 3047 2365 3115 qui
2400 3047 2759 3099 monasticam
2810 3044 2977 3097 vitam
3019 3040 3340 3111 proﬁtentur
3363 3039 3519 3093 intle-

1944 3151 2076 3191 cens
2105 3145 2186 3190 cst
2222 3152 2318 3206 per
2369 3137 2484 3192 haec
2513 3137 2782 3197 discerni;
2817 3150 2943 3188 nam
2998 3134 3185 3187 talium
3225 3130 3518 3200 promissio

1868 3260 1910 3318 ο
1946 3229 2241 3297 perfectam
2282 3238 2654 3299 paupertatem
2693 3239 2748 3284 et
2785 3228 3187 3283 mendicitatem
3229 3225 3519 3296 pollicetur

1945 3321 1997 3375 in
2023 3323 2277 3376 omnilms
2302 3323 2623 3392 Scripturis.

2013 3414 2100 3466 '59.
2139 3413 2212 3467 De
2252 3430 2359 3468 non
2381 3415 2676 3480 judicamlo
2708 3415 2998 3469 temerarie
3033 3414 3303 3484 proximo,
3336 3421 3394 3465 ut
3422 3409 3522 3480 Ity-

1944 3503 2185 3571 pocritm,
2219 3503 2493 3570 pharisaei,
2533 3513 2588 3557 et
2636 3504 2851 3557 scribae.
2908 3504 3117 3557 Etenim
3136 3504 3324 3557 referti
3359 3502 3519 3555 malis

1943 3610 2065 3648 cum
2093 3608 2275 3649 essent
2297 3596 2407 3660 isti,
2446 3595 2498 3648 in
2540 3595 2782 3650 minimis
2809 3605 2967 3650 erant
2998 3605 3184 3649 contra
3214 3595 3350 3648 alios
3388 3593 3517 3646 dili-

1943 3695 2130 3756 gentes
2145 3695 2457 3751 exactores;
2491 3687 2582 3740 sed
2615 3687 2835 3755 quando
2864 3686 3064 3755 aliquis
3107 3685 3344 3739 mundus
3371 3693 3456 3738 est
3483 3699 3516 3737 a

1942 3778 2122 3841 malis,
2148 3788 2278 3832 tunc
2304 3779 2463 3832 debet
2490 3777 2734 3846 judicare
2763 3777 2981 3847 quidem
3015 3777 3225 3846 hosqui
3259 3776 3361 3830 sibi
3387 3774 3520 3830 sub-

1943 3879 2102 3933 ειιιιις
2135 3885 2241 3922 non
2274 3879 2454 3924 autem
2489 3886 2582 3924 eos
2609 3870 2701 3938 qui
2746 3869 2879 3924 foris
2920 3878 3083 3924 sunt:
3111 3876 3165 3922 et
3205 3867 3346 3937 quod
3376 3866 3518 3920 male

1943 3961 2328 4015 intellexerunt
2377 3962 2594 4030 quidam
2638 3961 2843 4016 dictum
2882 3959 3134 4024 Domini,
3180 3959 3520 4029 negotiantes

1945 4062 2126 4108 autem
2181 4054 2320 4107 bona
2358 4069 2453 4122 per
2500 4055 2747 4108 insanam
2792 4061 2847 4107 et
2882 4051 3157 4105 funestam
3201 4049 3518 4104 conversio-

1944 4161 2091 4210 nem,
2127 4146 2315 4200 dicunt
2335 4146 2478 4213 quod
2505 4160 2612 4199 non
2643 4153 2856 4214 Oportet
2886 4144 3132 4213 judicare
3155 4156 3520 4212 quemquam,

1945 4236 2179 4305 indeque
2205 4238 2582 4290 liaareticorum
2621 4235 2911 4304 participes
2937 4235 3096 4289 tiuut.

2015 4329 2103 4383 40.
2159 4327 2314 4394 Quod
2356 4343 2462 4382 non
2491 4337 2700 4397 oportet
2731 4327 2979 4396 judicare
3021 4326 3367 4391 sacerdotes,
3401 4324 3520 4380 sive

1938 4421 2103 4491 juste,
2149 4421 2264 4477 sive
2307 4421 2532 4488 injuste,
2566 4421 2649 4474 vel
2680 4421 2747 4473 de
2791 4419 2898 4475 illis
2938 4419 3249 4489 exquirere.
3288 4417 3343 4472 Si
3385 4417 3521 4488 quid

1942 4513 2087 4566 enim
2116 4510 2462 4573 oﬂ'enderiut,
2491 4509 2826 4578 judicabitur
2847 4524 2876 4562 a
2913 4507 3057 4571 Deo,
3094 4517 3147 4562 et
3185 4507 3521 4562 condemna-

264 4599 322 4648 ἐν
347 4596 424 4664 τῷ
456 4596 549 4647 νῦν
576 4597 758 4662 αἰῶνι,
797 4597 892 4649 καὶ
929 4599 986 4650 ἐν
1011 4598 1089 4667 τῷ
1122 4599 1386 4666 μέλλοντι,
1417 4598 1448 4666 ἢ
1490 4601 1580 4651 καὶ
1609 4599 1714 4651 ὑπὸ
1744 4598 1837 4652 τοῦ

1944 4606 2089 4659 bitur
2129 4604 2180 4656 in
2212 4602 2314 4657 hoc
2343 4602 2596 4672 praesenti
2643 4600 2842 4654 saeculo
2896 4610 2950 4654 et
2984 4600 3036 4653 iu
3071 4598 3288 4660 futuro.
3345 4599 3427 4653 vel
3484 4614 3524 4653 ar

269 4690 515 4758 μείζονος
554 4691 744 4759 ἱερέως
768 4705 784 4721 ο
833 4694 925 4743 καὶ
962 4692 1094 4744 ὅτιὸ
1140 4693 1215 4762 μὴ
1257 4695 1377 4744 κατ’
1417 4691 1574 4756 ἀξίαν
1613 4694 1836 4760 διάγων,

267 4784 366 4834 οὐκ
415 4783 562 4834 ἔστιν
601 4783 779 4852 ἱερεύς
807 4798 819 4811 ·
870 4785 966 4835 καὶ
1006 4786 1086 4837 ὅτι
1132 4786 1193 4836 ού
1237 4784 1342 4854 χρὴ
1390 4783 1839 4847 σκανδαλίζεσθαι

265 4876 394 4943 περὶ
423 4874 494 4927 τὰ
526 4874 827 4943 τελούμενα
871 4875 959 4926 διὰ
989 4877 1087 4939 τὴν
1131 4877 1443 4946 φαυλότητα
1475 4875 1568 4928 τοῦ
1611 4875 1798 4946 ίερέως
1822 4891 1835 4904 ·

267 4969 358 5019 καὶ
385 4968 466 5018 ὃτι
495 4968 555 5018 οὐ
590 4966 798 5027 πάντας
832 4969 1130 5036 χειροτονεῖ
1157 4966 1186 5017 6
1215 4966 1370 5029 Θεὸς,
1410 4965 1499 5018 διά
1527 4967 1742 5019 πάντων
1780 4965 1840 5017 δὲ

266 5059 500 5127 ἐνεργεῖ,
547 5058 635 5111 διὰ
675 5058 735 5109 τὸ
769 5059 1010 5124 σωθῆναι
1046 5057 1136 5108 τὸν
1165 5056 1297 5110 λαόν
1322 5073 1334 5085 ·
1373 5059 1467 5110 καὶ
1511 5057 1591 5108 ὃτι
1625 5059 1690 5108 ἐκ
1742 5055 1837 5108 τοῦ

268 5150 613 5219 προσεθίζειν
655 5151 801 5219 ἡμᾶς
853 5151 1213 5222 καταφρονεῖν
1251 5149 1359 5202 τῶν
1403 5149 1615 5218 ἱερέων,
1666 5165 1838 5201 κατα-

268 5242 573 5311 φρονοῦμεν
604 5244 696 5294 καὶ
725 5241 819 5295 τοῦ
843 5242 999 5296 Θεοῦ.

341 5340 446 5400 μα’.
486 5332 621 5402 Περὶ
655 5332 1044 5401 προχειρίσεως
1085 5331 1364 5395 ἐξουσιῶν,
1400 5332 1490 5382 καὶ
1521 5331 1602 5384 ὅτι
1632 5330 1691 5381 οὐ
1730 5327 1840 5382 πά-

272 5444 371 5489 σας
418 5427 516 5495 μὲν
568 5427 665 5489 τὰς
714 5426 965 5491 ἐξουσίας
1009 5425 1414 5496 προχειρίζεται
1461 5428 1489 5476 6
1541 5427 1692 5490 Θεὸς,
1752 5425 1839 5479 διὰ

271 5519 459 5573 πασῶν
511 5520 565 5572 δὲ
607 5520 935 5588 ἐνεργειῶν·
987 5521 1079 5571 καὶ
1122 5520 1204 5571 ὃτι
1250 5519 1658 5589 προχειρίςεται
1708 5517 1838 5570 πολ-

268 5613 423 5675 λάκις
449 5615 540 5665 καὶ
563 5613 811 5678 ἀναξίους
839 5613 866 5663 6
904 5612 1054 5676 Θεὸς,
1082 5613 1175 5666 καὶ
1205 5615 1250 5665 οἱ
1278 5613 1377 5680 μέν
1403 5613 1565 5676 ἄξιοι,
1601 5612 1675 5675 ὡς
1701 5612 1840 5677 ἄξιοι

270 5704 724 5774 προχειρίζονται.
760 5704 809 5755 oi
856 5703 914 5756 δέ
962 5703 1171 5768 ἀνάξιοι
1215 5704 1349 5773 πρὸς
1385 5703 1631 5755 παιδείαν
1679 5703 1841 5754 πάλιν

269 5798 377 5850 τῶν
415 5798 837 5868 ἁμαρτανόντων
866 5813 878 5825 ·
925 5797 1018 5849 καὶ
1054 5798 1137 5849 ὅτι
1178 5796 1254 5865 τῷ
1289 5795 1436 5864 αὑτῴ
1467 5796 1654 5864 τροπῳ
1699 5797 1842 5852 κατά

271 5887 484 5943 δικαίαν
534 5889 714 5957 κρίσιν
761 5887 898 5944 Θεοῦ
950 5885 1354 5959 παραδιδόμεθα
1400 5889 1455 5939 ἐν
1489 5890 1598 5951 τοῖς
1636 5888 1838 5952 ἔθνεσι,

1945 4698 2151 4765 majore
2190 4695 2426 4765 quodam
2463 4691 2744 4747 sacerdote
2780 4701 2879 4746 :et
2910 4691 3056 4759 quod
3110 4691 3197 4745 ille
3244 4692 3337 4760 qui
3370 4698 3524 4744 recte

1941 4804 2049 4842 non
2084 4787 2250 4854 degit,
2287 4799 2394 4837 non
2431 4784 2690 4838 sacerdos
2729 4791 2839 4847 est;
2886 4794 2939 4836 et
2973 4782 3118 4852 quod
3153 4797 3260 4836 non
3303 4791 3521 4851 oportet

1941 4877 2298 4935 scandalizari
2334 4888 2553 4946 propter
2579 4891 2639 4930 ea
2672 4892 2794 4946 qua!
2828 4877 2962 4930 ﬁunt
2995 4877 3066 4930 ob
3101 4877 3399 4945 nequitiam
3428 4889 3518 4928 sa-

1940 4971 2176 5027 cerdotis
2202 4987 2216 5034 ;
2240 4979 2293 5023 et
2321 4969 2466 5037 quod
2487 4984 2590 5023 non
2621 4983 2813 5022 omnes
2842 4968 3060 5021 ordinat
3095 4966 3260 5030 Deus,
3284 4983 3379 5036 per
3398 4982 3521 5021 om-

1940 5073 2230 5116 nx'satttem
2255 5070 2512 5128 operatur
2539 5059 2604 5112 ad
2633 5058 2954 5112 salvandum
2975 5057 3258 5126 populum,
3281 5067 3335 5111 et
3369 5057 3514 5126 quod

1940 5154 2311 5210 assueseettdo
2348 5151 2420 5206 ad
2461 5151 2917 5206 contemnendum
2962 5149 3310 5212 sacerdotes,
3343 5149 3512 5202 Deum

1941 5248 2117 5316 ipsum
2153 5242 2567 5298 contemnimus.

2010 5336 2098 5388 41.
2139 5327 2210 5385 De
2267 5334 2652 5401 procuratione
2706 5332 3049 5401 dignitatum,
3110 5339 3164 5384 et
3209 5332 3352 5400 quod
3406 5348 3511 5385 non

1940 5442 2132 5480 omnes
2187 5424 2479 5492 dignitates
2532 5433 2786 5492 procurat
2842 5423 3004 5485 Deus,
3064 5423 3157 5476 sed
3200 5438 3292 5489 per
3323 5439 3514 5475 oman

1941 5518 2286 5584 Operationes
2329 5524 2742 5584 procurentur:
2788 5523 2837 5569 el
2901 5515 3046 5584 quod
3093 5515 3266 5569 elevat
3315 5515 3514 5583 saepius

1941 5607 2084 5662 Dens
2116 5608 2385 5675 indignos,
2415 5616 2469 5662 et
2496 5608 2642 5677 digni
2677 5606 2896 5676 quidem
2927 5615 2986 5660 ut
3018 5606 3164 5675 digni
3202 5606 3509 5670 elevantur,

1943 5700 2148 5767 indigni
2201 5710 2380 5752 autem
2438 5700 2505 5753 ad
2557 5699 2954 5754 cerrectiuuem
3010 5700 3391 5766 peccantium;
3458 5711 3513 5753 et

1942 5791 2090 5860 quod
2120 5792 2309 5844 eodem
2343 5791 2506 5845 modo
2552 5791 2851 5845 secundum
2875 5790 3084 5858 justum
3118 5789 3210 5845 Dei
3245 5789 3510 5858 judicium

1947 5887 2211 5943 tradimur
2246 5886 2298 5942 in
2329 5887 2601 5953 gentibus,
2640 5895 2694 5941 ct
2740 5885 2808 5941 de
2858 5883 3177 5941 diversitate
3224 5883 3521 5939 modorum
