4212 6432
735 425 870 488 1375

1590 426 1976 489 OPUSCULA
2020 428 2362 488 MORALIA
2406 429 2756 491 INCERTB
2792 427 3102 489 IETATIS.

3866 421 4004 483 I376

718 538 1196 604 derelictiouibus;
1223 548 1276 595 ct
1298 540 1441 610 quod
1467 556 1574 594 non
1595 555 1658 594 ex
1684 540 1881 596 oblatis
1901 549 1954 595 et
1971 542 2301 597 consecratis

2410 542 2502 593 καὶ
2540 543 2669 613 περὶ
2716 540 2981 610 διαφορᾶς
3009 538 3226 609 τρόπων
3258 533 3699 604 ἐγκαταλείψεως
3724 550 3740 565 ο
3794 536 3895 585 καὶ
3929 537 4010 586 ὅτι

717 631 819 687 sibi
852 632 1141 687 utilitatem
1169 633 1366 703 accipit
1392 631 1553 687 Deus.

789 812 879 867 ἐξ.
916 813 988 867 De
1022 813 1221 869 divinis
1256 813 1477 881 jndiciis
1521 824 1613 869 :et
1647 814 1794 883 quod
1828 816 2012 870 nullus
2066 830 2129 868 ea
2163 814 2302 868 etfu-

718 921 844 974 gere
876 915 1070 972 potest,
1108 906 1254 960 sicut
1297 906 1563 961 Dominus
1599 907 1899 962 declaravit
1927 909 2137 971 dicens,
2158 905 2301 974 quod

724 997 813 1049 «lu
831 1011 940 1064 quo
965 994 1589 1066 judiciojudicaveritis,
1608 997 1989 1065 judicabimini
2009 1013 2023 1062 ;
2041 1015 2057 1047 ι
2084 994 2302 1067 etquod

717 1089 898 1141 omnia
932 1087 1073 1143 Deus
1098 1089 1371 1154 intuetur,
1401 1089 1500 1144 etsi
1534 1089 1788 1143 videatur
1812 1088 1879 1143 ad
1929 1099 2145 1160 tempus
2199 1104 2297 1157 pa-

720 1178 910 1232 tienter
941 1179 1215 1233 sustinere
1237 1219 1252 1242 ,
1285 1188 1340 1233 et
1370 1196 1478 1233 non
1522 1181 1733 1234 ulcisci.

786 1269 877 1324 43.
914 1270 989 1325 De
1030 1269 1357 1326 facientibus
1407 1274 1583 1342 signa,
1635 1281 1688 1328 et
1730 1274 2206 1342 prophetantilnis,
2243 1283 2297 1328 et

716 1362 955 1416 visiones
989 1362 1300 1419 videntibus
1346 1380 1441 1433 per
1491 1365 1583 1418 Dei
1633 1374 1824 1419 nutum
1864 1376 1964 1419 :et
1995 1366 2140 1432 quod
2192 1382 2298 1420 non

716 1462 931 1521 Oportet
958 1455 1009 1506 in
1043 1454 1173 1508 talia
1203 1456 1470 1525 aspicere,
1515 1465 1568 1509 et
1614 1471 1680 1510 ex
1729 1456 1795 1511 iis
1842 1464 2066 1510 sanctos
2098 1456 2299 1511 habere

715 1546 806 1612 qui
840 1553 1028 1613 agunt,
1074 1546 1168 1600 sed
1209 1547 1259 1599 iu
1316 1546 1473 1599 tidem
1515 1556 1720 1600 rectam
1762 1556 1817 1601 ct
1855 1547 2295 1602 observationem

718 1638 1098 1691 mandatorum
1144 1636 1267 1704 Dei;
1305 1647 1359 1692 et
1390 1638 1535 1708 quod
1572 1639 1729 1693 multi
1766 1639 2006 1694 tideliuin
2042 1639 2296 1707 deplora-

717 1728 880 1781 bilem
913 1728 1076 1782 vitam
1120 1728 1408 1794 habentes,
1458 1732 1611 1801 signa
1663 1742 1716 1786 et
1751 1732 1996 1801 prodigia
2048 1741 2300 1800 patrare-

719 1832 867 1887 runt,
901 1832 953 1876 et
985 1839 1129 1876 nunc
1170 1832 1410 1892 patrant,
1464 1833 1517 1878 et
1563 1824 1948 1887 revelationes,
1980 1832 2034 1878 et
2064 1823 2298 1893 prophe—

2406 631 2526 684 οὐδὲ
2557 632 2665 685 τῶν
2702 630 2886 700 αὐτοῦ,
2913 629 3257 698 ἀνακτόρων,
3299 626 3393 680 καὶ
3426 625 3799 695 ἀναθημάτων
3832 623 4014 692 φείδε-

2405 738 2495 773 ται
2529 722 2556 774 ὁ
2582 721 2734 784 Θεός.

2479 810 2586 881 μβ’.
2630 813 2766 883 Περὶ
2807 812 2968 865 θείων
3012 810 3299 883 χριμάτων
3327 826 3340 839 ·
3373 808 3470 863 καὶ
3498 810 3579 862 ὅτι
3615 808 3800 870 οὐδεὶς
3830 807 4013 860 ταῦτα

2403 903 2709 971 ἀποφυγεῖν
2738 903 2984 965 δύναται,
3023 902 3208 966 καθὼς
3236 904 3265 956 ὁ
3304 902 3513 970 Κύριος
3546 902 3880 967 ἀπεφήνατο
3919 899 4012 950 λέ.

2404 1012 2541 1062 γων,
2565 996 2646 1047 ὅτι
2686 1013 2704 1047 ι
2727 995 2817 1048 Ἑν
2843 989 2887 1062 ᾧ
2924 996 3159 1066 κρίματι
3190 995 3429 1063 κρίνετε,
3457 991 3792 1062 κριθήσεσθε
3818 1008 3833 1022 ·
3860 1008 3880 1039 ι
3916 993 4012 1041 καὶ

2403 1083 2485 1136 ὅτι
2506 1083 2683 1135 πάντα
2710 1085 2738 1136 ὀ
2758 1082 2890 1147 Θεὸς
2912 1083 3226 1155 ἐφορᾷ,κᾶν
3243 1081 3371 1154 δόξῃ
3402 1082 3534 1152 πρὸς
3566 1081 3762 1150 καιρόν
3791 1096 4009 1150 μακρο-

2405 1173 2617 1243 θυμεῖν,
2645 1174 2739 1227 καὶ
2768 1174 2842 1245 μὴ
2871 1173 3291 1245 ἐπεξέρχεσθαι.

2478 1267 2590 1335 μγ⁰.
2644 1268 2781 1339 Περὶ
2840 1267 2951 1321 τῶν
3010 1266 3312 1321 ποιοῦντων
3373 1269 3595 1337 σημεῖα,
3634 1267 3731 1319 καὶ
3780 1283 4004 1335 προφη-

2403 1360 2672 1413 τευόντων
2686 1362 2780 1412 καὶ
2798 1358 3273 1430 ἐνυπνιαζομένων
3295 1359 3439 1413 κατά
3455 1360 3811 1429 συγχώρησιν
3834 1359 4001 1411 Θεοῦ·

2403 1451 2497 1503 καὶ
2526 1452 2607 1504 ὃτι
2637 1452 2700 1503 οὐ
2737 1450 2817 1503 δεῖ
2844 1450 3089 1521 βλέπειν,
3120 1453 3201 1515 εἰς
3249 1452 3317 1506 τά
3350 1450 3602 1514 τοιαῦτα,
3634 1452 3731 1503 καὶ
3766 1452 3834 1503 ἐκ
3882 1451 4007 1503 τού-

2400 1558 2509 1594 των
2567 1542 2755 1610 ἁγίους
2810 1543 2956 1613 ἔχειν
2987 1544 3115 1608 τοὺς
3149 1542 3515 1611 πράσσοντας,
3550 1542 3666 1596 ἀλλ’
3704 1543 3789 1607 εἰς
3816 1542 4006 1595 πίστιν

2401 1629 2589 1701 ὀρθὴν,
2636 1631 2731 1684 καὶ
2781 1631 3047 1703 ἐργασίαν
3094 1632 3206 1685 τῶν
3238 1632 3470 1687 ἐντολῶν
3540 1633 3679 1686 Θεοῦ
3720 1651 3735 1665 ·
3768 1635 3869 1686 καὶ
3920 1634 4005 1685 ὅτι

2403 1722 2590 1776 πολλοὶ
2620 1724 2731 1776 τῶν
2785 1723 2995 1778 πιστῶν
3033 1723 3208 1796 ἐξώλη
3240 1724 3355 1794 βίον
3375 1725 3617 1796 ἔχοντες,
3664 1728 3878 1797 σημεῖα
3908 1727 4006 1779 καὶ

2401 1812 2605 1884 τέρατα
2644 1816 2923 1879 ἐτέλεσαν,
2955 1816 3051 1869 καὶ
3082 1816 3419 1881 ἐπιτελοῦσι,
3456 1820 3551 1871 καὶ
3601 1818 3999 1887 ἀποκαλύψεις

718 1914 820 1969 tias
849 1914 1010 1969 locuti
1036 1923 1187 1981 sunt,
1222 1916 1559 1985 decipientes
1583 1926 1636 1971 et
1674 1918 1921 1987 decepti;
1959 1919 2297 1988 prepositum

2407 1906 2501 1958 καὶ
2557 1908 2895 1978 προφητείας
2926 1910 3221 1981 ἐλάλησαν,
3272 1909 3609 1975 πλανῶντες,
3642 1912 3739 1963 καὶ
3775 1910 4003 1964 πλανώο

715 2007 859 2060 enim
894 2008 1025 2063 illud
1065 2018 1149 2064 est
1178 2010 1510 2072 daemonum,
1548 2022 1602 2065 ut
1646 2027 1744 2081 per
1777 2012 2023 2083 prodigia
2055 2014 2107 2065 in
2143 2028 2301 2067 erro-

717 2113 827 2151 rem
860 2098 1060 2153 multos
1100 2099 1398 2165 adducant,
1444 2103 1721 2170 quomodo
1770 2103 1944 2157 malas
1982 2118 2173 2157 eorum
2208 2117 2302 2157 ac-

717 2191 893 2243 tiones
917 2190 1277 2256 ciimitentur;
1315 2201 1367 2245 et
1405 2192 1641 2247 lneretici
1672 2194 1875 2263 saepius
1910 2195 2103 2248 eodem
2136 2195 2300 2249 modo

718 2282 871 2351 signa
918 2284 1230 2353 perﬁciunt,
1264 2296 1522 2356 tanquam
1567 2304 1594 2341 a
1624 2288 1970 2343 d.emonibus
2013 2288 2185 2357 adiuti
2232 2288 2299 2343 ad

718 2374 1099 2430 sustinendam
1154 2391 1308 2431 suam
1388 2379 1672 2445 lueresim;
1725 2381 1820 2435 sed
1880 2381 2005 2435 licet
2060 2381 2297 2445 lidelcm,

716 2466 799 2518 vel
818 2467 1086 2522 inﬁdelem
1107 2469 1161 2523 in
1179 2470 1442 2525 exercitio
1470 2473 1718 2541 corporis
1738 2474 1957 2529 insolito
1976 2474 2295 2537 viderimus,

727 2559 811 2615 vel
842 2560 893 2613 in
924 2562 1141 2617 deserto
1171 2563 1521 2632 ineolentem,
1542 2568 1624 2622 vel
1656 2565 2069 2637 Scripturarnm
2104 2569 2298 2639 cogni-

717 2654 919 2707 tionem
946 2670 1197 2725 magnam
1234 2658 1547 2723 habentem,
1604 2660 1687 2715 vel
1719 2676 1787 2717 ex
1820 2661 2120 2731 improviso
2150 2661 2299 2718 Scri-

719 2756 910 2814 ptum
954 2757 1338 2816 exponentem,
1390 2767 1528 2821 quas
1576 2764 1733 2807 antea
1766 2770 1874 2807 non
1922 2765 2169 2817 noverat,
2203 2756 2288 2810 vel

720 2852 918 2905 corpus
936 2838 1166 2908 alicujus
1185 2841 1418 2896 multum
1444 2853 1565 2912 post
1591 2854 1804 2915 tempus
1827 2862 1933 2900 non
1956 2856 2299 2917 corruptum,

718 2928 799 2979 vel
835 2929 980 2982 aliud
1017 2930 1146 3000 quid
1191 2933 1321 2997 tale,
1361 2949 1468 2988 non
1501 2935 1763 2991 debemus
1800 2938 1853 2991 in
1886 2952 2131 2992 errorem
2164 2939 2301 2992 inci-

718 3018 847 3073 dere
874 3030 925 3074 et
953 3036 1048 3075 eos
1079 3032 1301 3079 sanctos
1326 3036 1617 3095 reputare;
1649 3030 1694 3082 si
1726 3029 1870 3082 enim
1899 3044 2005 3082 non
2031 3030 2303 3085 exsistunt

722 3107 870 3176 prius
911 3109 963 3163 in
993 3110 1113 3166 illis
1144 3112 1424 3169 evidenter
1470 3115 1856 3170 mandatorum
1896 3116 1990 3172 Dei
2023 3122 2299 3187 operatio-

722 3212 839 3262 nes,
867 3211 920 3252 et
944 3200 1087 3255 dona
1122 3199 1382 3271 Spiritus,
1424 3220 1546 3273 quae
1575 3206 1643 3259 ab
1676 3207 1938 3275 Apostolo
1968 3222 2300 3263 enumeran-

2415 2014 2568 2066 μενοι
2598 2014 2612 2028 ο
2648 2000 2852 2061 σκοπὸς
2875 2001 2985 2071 γὰρ
3006 2004 3165 2055 τοῦτο
3185 2003 3295 2056 τῶν
3326 2002 3619 2073 δαιμόνων,
3647 2004 3735 2055 ἵνα
3767 2003 3857 2055 διὰ
3897 2002 4006 2053 τῶν

2412 2091 2657 2161 σημείων
2707 2092 3137 2166 ἀποπλανήσωσι
3186 2094 3439 2159 πολλοὺς,
3473 2096 3623 2159 ὅπως
3670 2098 3795 2157 ταῖς
3832 2110 4007 2164 πονη-

2409 2186 2529 2252 ραῖς
2555 2184 2734 2237 αὐτῶν
2751 2186 3018 2257 πράξεσιν
3044 2188 3482 2259 ἀκολουθήσωσι,
3509 2190 3605 2243 καὶ
3644 2190 3929 2260 αῖρετικοὶ
3950 2189 4004 2241 δὲ

2409 2276 2667 2340 πολλάκις
2698 2277 2776 2348 τῷ
2825 2280 2974 2349 αὐτῷ
3032 2280 3222 2351 τρόπῳ
3271 2286 3471 2352 σημεῖα
3524 2281 3894 2344 ἐπιτελοῦσιν,
3932 2280 4009 2343 ὡς

2408 2368 2560 2439 παρὰ
2604 2370 2712 2422 τῶν
2751 2370 3025 2442 δαιμόνων
3084 2373 3472 2444 ἐνεργούμενοι
3521 2374 3608 2427 διὰ
3637 2375 3696 2428 τδ
3735 2374 4009 2439 συστῆσαι

2406 2459 2505 2528 τὴν
2538 2460 2749 2513 ἑαυτῶν
2777 2462 2990 2533 αἵρεσιν
3017 2478 3031 2491 ⁸
3080 2464 3220 2518 ἀλλά
3256 2466 3359 2519 κᾶν
3388 2466 3577 2520 πιστὸν
3606 2467 3639 2538 ἢ
3666 2467 3906 2521 ἄπιστον
3952 2469 4009 2518 ἐν

2408 2551 2640 2622 ἀσκήσει
2670 2559 2957 2625 σωματικῇ
3017 2556 3429 2629 ὑπερϐαλὶοὺτῃ
3469 2559 3690 2627 ῖδωμεν,
3715 2558 3751 2627 ἦ
3782 2558 3844 2610 ἐν
3878 2559 4008 2627 ἐρήο

2409 2657 2498 2709 μῳ
2522 2643 2950 2714 κατοικοῦντα,ἢ
2974 2645 3210 2715 Γραφῶν
3227 2649 3541 2719 ἐπισιτξμην
3559 2648 3766 2720 πολλὴν
3780 2648 4003 2718 ἔχοντα,

2405 2729 2438 2800 ἢ
2467 2733 2824 2804 αὐτοσχεδίως
2858 2736 3220 2791 συντάττοντα
3245 2740 3343 2791 τὰς
3382 2741 3630 2810 Γραφὰς,
3666 2742 3745 2811 μὴ
3794 2742 4007 2800 ταύτας

2405 2822 2599 2893 πρώην
2615 2825 2869 2899 εἰδότα,ἢ
2903 2827 3220 2897 σῶμάτινος
3247 2832 3424 2901 χρόνῳ
3457 2831 3639 2902 πολλῷ
3672 2831 3749 2902 μὴ
3771 2831 4005 2899 διαφθα-

2412 2913 2586 2993 ρὲνῆ
2628 2915 2814 2986 ἔτερόν
2847 2935 2898 2971 τι
2943 2919 3220 2986 τοσοῦτον,
3249 2922 3311 2975 οὐ
3364 2922 3469 2993 χρὴ
3527 2922 3860 2985 πλανᾶσθαι,
3910 2923 4008 2975 καὶ

2407 2978 2650 3072 νέμίζειν
2677 2978 2899 3071 τούτους
2936 3009 3129 3077 ἁγίους
3158 3025 3172 3039 ο
3207 2978 3501 3083 stragis};
3548 2978 4006 3083 προϋπάρχουσιν

2407 3097 2466 3148 ἐν
2500 3098 2686 3162 αὐτοῖς
2716 3098 2995 3171 ὁρώμεναι
3019 3103 3075 3155 αί
3109 3102 3220 3155 τῶν
3245 3103 3474 3157 ἐντολῶν
3502 3105 3599 3158 τοῦ
3645 3105 3855 3175 Κυρίου
3912 3107 4006 3175 ἑρ-

2410 3188 2620 3256 γασίαι,
2653 3191 2747 3243 καὶ
2775 3193 2831 3245 αί
2872 3194 3074 3264 δωρεαὶ
3105 3194 3200 3248 τοῦ
3232 3184 3575 3267 πνεύματος
3602 3199 3659 3251 αί
3701 3198 3859 3266 παρά
3908 3198 4005 3249 τοῦ

721 3294 830 3348 tur,
862 3294 915 3340 et
946 3303 1053 3341 non
1086 3288 1304 3345 oderint
1332 3307 1528 3346 vanam
1565 3293 1730 3364 hujus
1759 3297 1949 3351 mundi
1985 3298 2238 3367 gloriam,
2268 3314 2299 3352 a

2425 3282 2746 3335 ’Δποστόλου
2765 3284 2878 3353 ἀπη
2889 3258 2972 3356 ριθ
2980 3304 3054 3357 μη
3063 3286 3243 3356 μέναι,
3260 3289 3354 3341 καὶ
3371 3258 3689 3343 παντάπασι
3706 3258 4007 3361 μισήσουσι

721 3377 1062 3435 daemonibus
1118 3380 1481 3450 inspirantur,
1530 3394 1585 3440 et
1630 3397 1983 3444 reservantur
2037 3390 2124 3445 his
2184 3406 2306 3462 qua:

716 3469 867 3525 Heus
892 3471 993 3525 scit
1021 3470 1262 3540 judiciis.

794 3646 883 3699 M.
918 3646 1074 3713 Quod
1105 3650 1308 3706 bonum
1339 3662 1425 3708 est
1459 3662 1514 3709 et
1546 3653 1657 3710 Deo
1706 3667 1992 3728 acceptum
2038 3661 2255 3730 operari
2289 3680 2301 3715 :

723 3746 778 3788 et
808 3739 953 3805 quod
989 3757 1018 3792 e
1044 3754 1151 3793 non
1177 3743 1461 3811 operando
1486 3746 1643 3800 multi
1679 3748 1732 3802 in
1766 3758 1989 3818 peccata
2016 3751 2304 3808 innumera

724 3825 1000 3882 declinant
1031 3828 1164 3883 etin
1195 3831 1444 3889 diversas
1494 3837 1764 3902 lucreses;
1798 3848 1854 3893 et
1904 3840 2049 3909 quod
2086 3853 2307 3912 oportet

725 3912 1039 3984 idexsequi,
1055 3919 1229 3973 neliat
1246 3921 1406 3978 nobis
1428 3928 1634 3994 peccati
1657 3929 1896 3992 occasio,
1922 3944 2019 3997 per
2041 3932 2141 3985 hoc
2157 3933 2304 4002 quod

725 4010 1025 4064 secundum
1049 4011 1456 4083 Scripturarum
1481 4021 1807 4074 sententiam
1832 4023 2033 4077 accidit
2051 4042 2064 4090 ;
2082 4035 2135 4079 et
2160 4026 2303 4095 quod

724 4104 817 4172 qui
844 4115 1041 4174 pott'st,
1067 4118 1118 4162 et
1146 4124 1255 4163 non
1283 4120 1563 4180 operatur,
1591 4122 1649 4167 ut
1679 4116 2007 4172 ambitiosus
2038 4133 2067 4172 a
2092 4117 2200 4173 Deo
2219 4119 2308 4190 ju-

725 4198 975 4265 dicatur;
1021 4210 1076 4255 et
1116 4204 1264 4272 quod
1317 4205 1576 4261 doetores
1619 4208 1808 4274 etiam,
1860 4218 1915 4264 et
1961 4212 2221 4279 praesules
2254 4222 2307 4267 et

727 4289 1009 4355 pontiﬁces
1051 4293 1117 4343 ad
1151 4292 1448 4361 spirituale
1472 4306 1527 4349 et
1552 4298 1815 4352 sensibile
1846 4313 1986 4367 opus
2009 4301 2307 4357 admoven-

690 4442 693 4443 ν
727 4387 815 4429 tur
844 4379 1073 4433 tendens
1106 4381 1157 4434 in
1193 4380 1284 4436 Dei
1314 4384 1557 4449 cultum;
1591 4385 1866 4456 siquidem
1899 4388 2099 4458 duplex
2136 4391 2305 4447 homo

725 4470 1006 4525 sensibilis
1050 4483 1104 4525 et
1136 4474 1468 4546 intelligens,
1505 4488 1561 4533 et
1592 4489 1806 4549 oportet
1845 4480 1991 4537 illius
2022 4487 2306 4553 operatio-

722 4576 846 4615 nem
873 4561 943 4617 du
952 4564 1144 4633 pliecm
1179 4580 1323 4623 esse.

795 4853 885 4907 45.
929 4853 1002 4911 De
1054 4858 1266 4914 artibus
1303 4874 1424 4931 qua!
1478 4866 1832 4932 promissioni
1898 4870 2302 4928 monachorum

724 4947 1057 5002 conveniunt
1100 4959 1188 5004 :et
1227 4952 1373 5020 quod
1413 4953 1503 5007 illa
1547 4956 1704 5010 decet
1733 4962 2034 5016 monachos
2061 4966 2303 5032 operari,

723 5052 845 5105 qua:
864 5053 1039 5108 neque
1058 5045 1392 5114 prmscripta:
1420 5046 1680 5101 horarum
1711 5053 2033 5119 psalmodiaa
2067 5057 2145 5110 vel
2174 5072 2301 5111 ora-

723 5131 880 5197 tioni,
911 5150 1087 5205 neque
1108 5139 1336 5193 omnino
1368 5138 1458 5195 Dei
1491 5143 1664 5199 cultui
1694 5144 2143 5212 impedimentum
2175 5149 2305 5202 all'e-

724 5231 869 5284 rant,
902 5226 1149 5282 ducendo
1194 5230 1247 5283 in
1293 5231 1515 5302 aliquod
1557 5234 1842 5303 spirituale
1888 5236 2303 5293 detrimentum.

796 5399 886 5454 46.
923 5400 1211 5466 Quomodo
1244 5413 1459 5473 oportet
1483 5407 1720 5476 aliquem
1757 5409 1988 5464 vendere
2017 5421 2071 5466 ct
2101 5428 2304 5480 emere,

726 5509 796 5546 ne
830 5492 968 5549 Deus
995 5493 1303 5550 oll‘endatur
1332 5513 1346 5550 :
1381 5507 1434 5552 et
1464 5500 1682 5569 quodgid
1709 5500 2150 5558 Christianorum
2181 5520 2306 5575 pro-

728 5586 907 5654 prium
939 5597 1019 5641 est
1046 5588 1164 5643 Iazdi
1199 5590 1381 5659 potius
1409 5607 1573 5661 quam
1605 5594 1799 5649 laedere
1827 5596 1880 5647 in
1912 5597 2305 5664 negotiationi-

730 5679 864 5746 bus;
894 5681 1116 5750 etquod
1148 5683 1247 5737 lius
1276 5682 1369 5754 qui
1410 5685 1807 5754 negotiationes
1840 5688 1892 5741 in
1941 5690 2188 5746 ccclesiis
2219 5690 2306 5745 l'a-

730 5773 900 5837 ciunt,
930 5773 1043 5826 sive
1080 5776 1397 5838 Itmnnclms,
1429 5776 1545 5831 sive
1578 5776 1762 5840 laicos,
1796 5778 1965 5833 divini
2007 5795 2244 5836 canones
2277 5800 2304 5837 τι

729 5865 1120 5921 communione
1143 5876 1418 5934 separant,
1448 5869 1909 5937 quemadmodum
1935 5881 1987 5926 et
2010 5880 2186 5927 cwlus
2212 5875 2303 5939 qui

2408 3370 2505 3439 τὴν
2536 3371 2701 3443 κενὴν
2729 3373 2889 3438 δόξαν
2919 3375 3011 3428 τοῦ
3035 3376 3246 3445 κόσμου
3296 3377 3514 3442 τούτου,
3570 3378 3677 3432 ῢπδ
3720 3378 4005 3447 δαιμόνων

2408 3463 2783 3534 ἐνεργοῦνται,
2806 3467 2840 3537 ἢ
2884 3467 3345 3540 παραχωροῦνται
3384 3464 3468 3534 οἷς
3490 3464 3601 3525 οἶδε
3622 3469 3762 3533 Θεὸς
3784 3470 3998 3541 κρίμα-

2410 3571 2513 3609 σιν.

2483 3648 2584 3717 μδ’.
2610 3650 2735 3702 ’Ότι
2766 3652 2948 3719 καλὸν,
2982 3654 3078 3707 καὶ
3103 3653 3466 3709 εὐαπόδεκτον
3491 3654 3568 3726 τῷ
3592 3653 3715 3725 Θεῷ
3742 3656 3805 3707 τὸ
3841 3656 4008 3725 ἐργά-

2409 3739 2596 3804 ζεσθαι
2632 3760 2644 3772 ο
2680 3745 2775 3797 καὶ
2806 3745 2890 3797 ὅτι
2938 3748 3002 3799 ἐκ
3036 3746 3134 3800 τοῦ
3169 3746 3245 3817 μὴ
3284 3747 3640 3819 ἐργάζεσθαι,
3673 3747 3870 3801 πολλοὶ
3926 3752 4007 3811 εἰς

2410 3832 2613 3903 πλῆθος
2644 3836 3069 3905 ἁμαρτημάτων
3106 3837 3442 3901 ἐκκλίνουσι,
3473 3840 3568 3891 καὶ
3596 3839 3678 3901 είς
3706 3838 4007 3909 διαφόρους

2409 3925 2650 3997 αἱρέσεις
2685 3944 2697 3956 ’
2727 3929 2823 3981 καὶ
2854 3930 2936 3982 ὅτι
2962 3929 3069 4001 χρὴ
3103 3928 3434 4000 ἐξακριϐοῦν
3462 3930 3647 3995 τοῦτο,
3683 3932 3889 3999 μήπως
3918 3932 4010 3999 γέ-

2408 4033 2568 4085 νηται
2587 4019 2722 4088 ἡμῖν
2743 4019 3019 4088 πρόφασις
3031 4020 3312 4091 ἁμαρτίας
3332 4020 3420 4074 διὰ
3434 4020 3496 4073 τὸ
3523 4020 3678 4091 παρά
3704 4021 3769 4073 τὸ
3788 4020 4006 4091 θέλημα

2409 4108 2518 4161 τῶν
2543 4109 2776 4181 Γραφῶν
2794 4111 2952 4165 τοῦτο
2986 4112 3348 4184 μετέρχεσθαι
3385 4130 3399 4144 ⁸
3442 4113 3538 4166 καὶ
3564 4115 3650 4166 ὅτι
3696 4117 3726 4166 ό
3770 4113 4010 4183 δυνάμει

2412 4215 2520 4260 νος,
2550 4202 2643 4252 καὶ
2689 4201 2763 4271 μὴ
2810 4202 3204 4272 ἐργαζόμενος,
3237 4202 3314 4267 ὡς
3362 4205 3695 4273 πλεονέκτης
3753 4206 4007 4275 κρίνεται

2412 4292 2564 4361 παρά
2592 4291 2670 4361 τῷ
2701 4292 2821 4364 Θεῷ
2846 4310 2857 4322 ·
2893 4294 2987 4345 καὶ
3008 4294 3091 4347 ὅτι
3116 4295 3211 4349 καὶ
3237 4296 3285 4347 οί
3306 4293 3643 4359 διδάσκαλοι,
3675 4298 3773 4350 καὶ
3800 4297 3854 4349 οί
3877 4312 4010 4366 προ-

2413 4382 2683 4446 εστῶτες,
2713 4386 2805 4437 καὶ
2838 4385 2994 4438 αὐτοὶ
3021 4387 3070 4439 ot
3098 4386 3377 4456 ἀρχιερεῖς
3403 4389 3543 4456 μετὰ
3563 4386 3659 4440 τοῦ
3690 4403 4004 4456 πνευματι-

2413 4474 2512 4528 κοῦ
2544 4476 2727 4545 ἔργον,
2754 4476 2850 4529 καὶ
2901 4476 3162 4546 αίσθητοῦ
3190 4478 3455 4531 ἅπτονται
3507 4476 3882 4539 συντείνοντος
3931 4478 4009 4539 εἰς

2340 4597 2386 4654 D
2415 4567 2747 4625 θεοσέϐειαν.
2804 4568 3068 4638 Ἐπείπερ
3102 4569 3325 4634 διπλοῦς
3352 4572 3381 4623 ὁ
3409 4570 3703 4641 ἄνθρωπος
3746 4570 4009 4638 αἰσθητός

2412 4676 2472 4711 τε
2520 4660 2613 4713 καὶ
2643 4661 2852 4730 νοητὸς,
2878 4660 2974 4714 καὶ
3005 4660 3110 4731 χρὴ
3162 4661 3261 4733 τὴν
3309 4661 3476 4716 αὐτοῦ
3528 4661 3797 4733 ἐργασίαν
3866 4659 4007 4717 εἶναι

2411 4751 2656 4806 διπλοῦν.

2486 4872 2586 4935 με’.
2626 4866 2781 4935 Περὶ,
2814 4860 2923 4920 οἷαι
2957 4865 3144 4937 τέχναι
3171 4867 3249 4937 τῷ
3283 4866 3666 4939 ἐπαγγέλματι
3700 4868 3815 4922 τῶν
3841 4886 4008 4938 μονα-

2411 4954 2522 5025 χῶν
2573 4953 2873 5026 ἀρμόξουσι
2904 4972 2918 4987 ·
2955 4955 3052 5009 καὶ
3080 4958 3164 5010 ὅτι
3208 4955 3543 5023 ταῦτατοὺς
3586 4958 3866 5028 μοναχοὺς
3912 4961 4008 5029 ἀρ-

2416 5048 2571 5116 μόζει
2609 5046 2961 5118 ἐργάζεσθαι,
2996 5047 3097 5101 ὅσα
3156 5050 3292 5119 μήτε
3343 5051 3411 5119 τῇ
3474 5052 3847 5123 τετυπωμένῃ
3900 5052 4009 5103 τιίν

2411 5139 2571 5209 ὡρῶν
2612 5137 2987 5209 ψαλμῳδίᾳ,ἢ
3043 5141 3111 5210 τῇ
3170 5140 3327 5208 εὐχῇ,
3392 5139 3519 5208 μηθ’
3550 5140 3689 5201 ὅλως
3750 5145 3819 5210 τῇ
3867 5141 4011 5194 κατά

2411 5230 2545 5282 Θεὸν
2574 5230 2801 5300 λατρεία
2855 5230 3231 5299 ἐμποδίζουσι,
3262 5229 3575 5300 κατάγοντα
3598 5233 3681 5295 εἰς
3705 5230 4010 5303 ὲλάττωμά

2411 5340 2464 5376 τι
2492 5323 2741 5393 ψυχικόν.

2484 5420 2603 5486 μς’.
2633 5415 2756 5477 Πῶς
2804 5416 2910 5485 χρή
2976 5432 3098 5468 τινα
3148 5415 3352 5469 πωλεῖν
3402 5416 3499 5470 καὶ
3556 5416 3884 5484 ἀγοράζειν,
3922 5422 4008 5473 ἵνα

2417 5508 2492 5578 μὴ
2523 5507 2871 5579 προσκρούσῃ
2900 5506 3040 5577 Θεᾷν
3064 5508 3157 5561 καὶ
3184 5508 3267 5561 ὅτι
3290 5506 3447 5560 τοῦτο
3474 5508 3603 5561 ἴδιον
3632 5510 4006 5578 Χριστιανῶν,

2413 5602 2473 5653 τὸ
2514 5600 2839 5671 ζημιοῦσθαι
2890 5602 3113 5671 μᾶλλον,
3163 5601 3195 5672 ἢ
3228 5600 3461 5671 ζημιοῦν
3491 5604 3549 5655 ὲν
3580 5605 3702 5667 ταῖς
3743 5621 4009 5673 πραγμα-

2414 5694 2585 5755 τεῖαις
2620 5692 2752 5746 ’καὶ
2796 5694 2877 5746 ὅτι
2906 5694 3033 5755 τοὺς
3088 5694 3146 5746 ἐν
3203 5693 3322 5756 ταῖς
3372 5693 3696 5763 ἐκκλησίαις
3746 5712 4009 5765 πραγμα-

2415 5786 2561 5848 τείας
2603 5785 2984 5855 ποιοῦντας,ἣ
3044 5785 3399 5856 μοναχοὺς,ῆ
3459 5786 3703 5850 λαῖκοὺς,
3757 5787 3810 5839 οι
3874 5786 4005 5840 θεῖοι

2419 5875 2642 5940 κανόνες
2678 5875 2775 5943 τῆς
2832 5874 3117 5941 κοινωνίας
3177 5874 3552 5946 ἀφορίζουσιν,
3584 5875 3849 5943 ὡσαύτως
3918 5882 4007 5931 καὶ
