4212 6432
270 428 405 492 1377

979 418 1747 482 INTERPRETATIONES
1785 416 2227 481 DIVINORUM
2266 416 2829 479 MANDATORUM.

3392 425 3529 485 1378

262 544 362 606 τὰς
391 538 684 609 γινομένας
730 532 1075 605 πανηγύρεις
1141 534 1282 602 μετὰ
1337 530 1736 602 πραγματειῶν
1794 531 1846 582 ὲν

1960 544 2086 585 cum
2145 530 2607 599 negotiationibus
2645 532 2783 585 ﬁunt
2822 530 2875 585 in
2916 536 3531 592 commemorationibus

261 639 386 700 ταῖς
408 634 518 687 τῶν
549 632 722 701 ἁγίων
760 629 973 701 μνείαις
992 628 1297 681 κωλύουσιν
1312 628 1363 679 οἱ
1392 626 1644 697 θεοφόροι
1670 624 1845 678 Πατέ-

265 742 358 795 ps;
383 738 399 753 .
438 724 532 777 καὶ
562 722 645 775 δτι
675 720 835 791 χάριν
869 718 1235 782 κατανύξεως,
1273 720 1364 769 καὶ
1399 717 1728 787 προσευχῆς,
1760 719 1849 770 καὶ

260 814 627 883 ἀναγνώσεως
654 811 764 865 τῶν
815 811 979 863 θείων
1021 808 1277 879 Γραφῶν,
1313 808 1407 861 καὶ
1466 808 1846 877 ὑπομνήσεως,

263 908 359 961 καὶ
397 905 559 974 ζήλου
605 903 713 955 τῶν
762 900 933 967 ἁγίων
971 897 1294 965 συνάγονται
1329 898 1377 948 οί
1418 894 1754 965 Χριστιανοὶ,
1786 893 1846 945 ού

262 1001 449 1067 μέντοι
483 998 573 1050 διά.
600 1011 751 1057 τινας
783 992 1158 1060 ἐπιτηδεύσεις
1188 992 1281 1042 καὶ
1310 987 1632 1059 ἀγορασίας.

340 1090 446 1159 μζ’.
484 1089 642 1156 Περὶ,
680 1080 791 1137 οἷαι
826 1084 1008 1153 τέχναι
1054 1086 1169 1144 τοῖς
1212 1082 1357 1133 κατὰ
1408 1079 1612 1148 κόσμον
1670 1078 1846 1148 ἁρμό-

262 1182 418 1245 ζουσι
451 1197 464 1210 '
496 1180 592 1231 καὶ
620 1178 702 1231 δτι
733 1178 766 1246 ἡ
800 1174 1022 1245 ἰατρικὴ
1047 1174 1232 1243 τέχνη,
1266 1172 1362 1225 καὶ
1414 1172 1473 1223 ἰν
1506 1174 1619 1235 τοῖς
1652 1187 1848 1239 κοσμι-

263 1277 402 1337 κοῑς,
425 1272 517 1326 καὶ
552 1275 608 1324 ὲν
644 1272 754 1333 τοῖς
778 1270 1057 1339 μοναχοῐς,
1083 1267 1183 1319 οὐκ
1218 1266 1365 1318 ἐστιν
1396 1262 1723 1333 ἀπόὸλητος,
1757 1262 1850 1314 καὶ

261 1366 379 1427 πῶς
406 1366 487 1418 δεῖ
514 1365 650 1434 αὐτῇ
685 1361 919 1432 χρᾶσθαι
946 1362 1041 1412 καὶ
1091 1360 1172 1411 ὅτι
1222 1357 1363 1419 τινὲς
1429 1356 1700 1425 προφάσει
1749 1355 1849 1422 τῆς

264 1456 517 1527 ἰατρικῆς
550 1456 903 1526 μετέρχονται
932 1453 1031 1514 τὰς
1060 1450 1295 1519 ἐπῳδὰς,
1332 1449 1427 1503 καὶ
1475 1449 1542 1501 τὰ
1575 1447 1850 1516 λεγόμενα

262 1544 631 1614 φυλακτήρια,
675 1545 769 1597 καὶ
822 1543 892 1595 τὰ
922 1543 1088 1609 ὃμοια
1138 1541 1346 1593 τούτων
1373 1556 1384 1567 ·
1428 1539 1523 1593 καὶ
1573 1540 1656 1592 ὅτι
1702 1538 1850 1600 τινὲς

257 1639 517 1707 ἄρκτους,
566 1637 660 1689 καὶ
716 1635 879 1703 ἕτερα
911 1634 1027 1697 ζῶα
1082 1634 1441 1704 περιάγουσιν
1500 1632 1595 1684 ἐπὶ
1635 1631 1845 1700 παιδιᾷ,

256 1726 352 1789 οὒς
373 1726 802 1795 ἐπιστρέφοντας
835 1724 957 1793 μὲν,
991 1724 1084 1776 καὶ
1128 1721 1524 1791 μετανοοῦντας
1557 1720 1694 1791 πρὸς
1724 1720 1849 1789 χρό-

257 1833 349 1871 νον
398 1817 690 1887 χωρίζουσι
729 1820 826 1886 τῆς
894 1815 1200 1877 κοινωνίας,
1256 1813 1592 1884 ἐμμένοντας
1657 1811 1714 1865 δὲ
1747 1812 1847 1881 τῆς

254 1907 367 1960 τῶν
394 1905 741 1976 Χριστιανῶν
774 1905 1071 1976 χωρίζουσι
1102 1904 1361 1968 πίστεως.

335 1995 446 2068 pq’.
497 1997 632 2067 Περὶ
687 1995 961 2065 εὐνούχων
987 1995 1252 2067 διαφορᾶς
1324 1995 1418 2049 καὶ
1472 1993 1636 2047 πόθεν
1687 1993 1846 2047 τοῦτο

257 2086 418 2141 ἔλαϐε
442 2088 542 2158 τὴν
566 2089 742 2158 ἀρχὴν
769 2105 781 2117 ·
818 2087 897 2139 ἔτι
924 2087 981 2139 δὲ
1015 2086 1110 2141 καὶ
1136 2087 1264 2157 περί
1296 2103 1458 2139 τινων
1499 2086 1640 2139 κατὰ
1683 2085 1847 2155 φύσιν

258 2183 444 2246 αὐτοῖς
478 2187 812 2255 προσόντων,
842 2184 937 2235 καὶ
974 2184 1105 2236 πότε
1154 2182 1414 2237 δύνανται
1442 2181 1687 2250 γενέσθαι
1715 2182 1847 2251 κλη-

258 2276 402 2345 ρικοι
438 2290 451 2307 ·
486 2277 582 2328 καὶ
606 2276 685 2328 ὅτι
713 2275 815 2328 οὐκ
860 2275 1291 2331 ἀπαλλάττονται
1349 2274 1443 2329 τοῦ
1492 2274 1701 2339 πάθους
1748 2276 1845 2345 τῆς

259 2369 541 2438 πορνείας,
572 2369 710 2422 ἀλλὰ
753 2371 1014 2440 χειρόνως
1067 2368 1435 2439 πολεμοῦνται
1474 2387 1488 2402 ·
1528 2369 1623 2423 καὶ⁸
1661 2369 1745 2421 ὅτι
1796 2369 1845 2420 οἱ

258 2460 511 2531 κληρικοί
533 2478 684 2525 τινας
714 2461 1118 2531 εύνουχίζοντες
1146 2462 1560 2534 καθαιροῦνται,
1584 2462 1634 2515 οι
1652 2462 1709 2515 δὲ
1730 2461 1847 2515 λαῖο

258 2552 346 2605 κοὶ
376 2553 474 2623 τῆς
501 2554 787 2615 κοινωνίας
813 2550 1189 2623 ἀφορίζονται.

331 2645 439 2714 μθ’.
468 2647 601 2717 Περὶ
654 2644 1039 2709 ταπεινώσεως
1074 2661 1089 2675 ο
1116 2646 1209 2698 καὶ
1240 2646 1324 2699 ὅτι
1357 2646 1419 2699 ού
1450 2645 1578 2710 τοὺς
1620 2648 1845 2717 γινομέ-

258 2738 382 2801 νοὺς
409 2738 700 2799 ταπεινοὺς
748 2737 936 2790 ἕνεκέν
989 2754 1137 2799 τινος
1190 2738 1594 2809 ὑστερήσεωςό
1639 2740 1845 2809 Κύριος

261 2829 581 2901 μακαρίζει,
607 2830 741 2883 ἀλλὰ
771 2832 897 2893 τοὺς
920 2830 1167 2893 ἑκόντας.
1201 2830 1295 2884 καὶ
1320 2830 1624 2902 τρέμοντας
1654 2833 1722 2885 τὰ
1757 2833 1845 2884 λό-

257 2938 353 2989 για
383 2921 479 2975 τοῦ
530 2921 688 2986 Θεοῦ,
721 2921 819 2975 καὶ
864 2926 1032 2974 ποίαν
1056 2923 1561 2993 ταπεινοφροσύνην
1605 2925 1635 2977 ό
1675 2925 1846 2994 Λόγος

256 3014 498 3068 διδάσκει
528 3030 540 3042 ·
574 3013 669 3067 καὶ
698 3015 779 3068 ὅτι
810 3015 934 3068 ὅσον
960 3015 1107 3067 ἐστὶν
1136 3016 1163 3068 ό
1182 3014 1493 3085 ,ἄνθρωπος
1525 3019 1584 3070 έν
1612 3021 1679 3088 τῇ
1709 3020 1846 3087 ἀμε-

257 3106 402 3177 λείᾳ,
455 3107 550 3160 ἐπὶ
600 3106 803 3178 ταύτην
859 3108 1117 3185 ὲσπιόἦναι
1162 3109 1222 3161 ού
1259 3109 1503 3174 δύναται,
1536 3110 1616 3163 διό
1653 3130 1705 3164 τι
1744 3113 1845 3165 οὐκ

256 3195 366 3252 οἶδε
394 3200 447 3251 τί
482 3198 612 3269 παρ’
642 3198 808 3254 αὑτοῦ
837 3200 991 3270 ζητεῖ
1010 3203 1038 3254 ό
1067 3200 1223 3266 Θεὸς,
1248 3202 1342 3256 καὶ
1365 3201 1670 3266 ὡς.τέλειος
1701 3208 1844 3273 μέγα

258 3292 467 3359 φρονεῖ,
502 3292 581 3344 ἔτι
616 3290 724 3362 μὴν
774 3291 1021 3363 καὶπερὶ
1067 3293 1325 3357 πένθους,
1363 3297 1458 3348 καὶ
1510 3296 1841 3367 πραότητος,

259 3384 355 3436 καὶ
385 3384 753 3454 δικαιοσύνης,
787 3385 879 3437 καὶ
911 3387 1062 3447 ποῖος
1090 3385 1309 3453 λέγεται
1336 3386 1575 3458 καθαρὸς
1601 3390 1666 3458 τῇ
1710 3404 1845 3458 καρ-

259 3477 351 3548 δίᾳ
383 3494 399 3509 ο
433 3478 527 3529 καὶ
582 3479 665 3531 ὃτι
704 3478 814 3531 τῶν
871 3479 971 3548 μὲν
1020 3479 1242 3532 τελείων
1290 3481 1407 3533 ἐστὶ
1441 3481 1502 3534 τὸ
1536 3483 1844 3553 εἰρηνεύειν

257 3567 387 3629 τοὺς
412 3569 778 3637 μαχομένους,
804 3568 914 3621 τῶν
930 3569 986 3622 δὲ
1008 3570 1414 3641 ἀσθενεστέρων
1437 3572 1535 3641 τὴν
1557 3574 1692 3625 ἰδίαν
1710 3590 1846 3644 καρ-

257 3657 398 3721 δίαν,
433 3661 527 3711 καὶ
554 3660 654 3728 τὴν
673 3661 780 3713 τῶν
800 3662 984 3725 αὐτοῖς
1016 3662 1158 3716 κατὰ
1184 3663 1316 3716 Θεὸν
1335 3666 1665 3736 ἀγαπητῶν.

329 3747 393 3806 ν’.
425 3751 543 3805 Ὀτι
576 3751 675 3814 τὰς
706 3751 800 3805 τοῦ
829 3754 1034 3822 Κυρίου
1070 3755 1288 3817 ἐντολὰς
1332 3760 1608 3829 προτιμᾷν
1637 3759 1736 3824 δεῖ,
1786 3762 1843 3813 ἐν

257 3842 497 3912 δευτέρῳ
529 3843 585 3895 δὲ
615 3844 713 3906 τὰς
741 3844 849 3898 τῶν
895 3844 1202 3915 ἀνθρώπων
1230 3848 1558 3917 παραδόσεις
1592 3866 1601 3877 ·
1634 3852 1729 3905 καὶ
1761 3853 1842 3905 ὅτι

263 3936 313 3987 οί
355 3936 455 3998 τὰς
485 3935 708 4003 ἐντολὰς
742 3936 834 3990 τοῦ
880 3938 1087 4007 Κυρίου
1123 3938 1199 4009 μὴ
1231 3941 1616 4010 φυλάττοντες,
1648 3946 1843 4015 σχολά-

266 4026 452 4091 ζοντες
477 4029 532 4081 δὲ
560 4032 639 4091 είς
699 4034 797 4094 τὰς
848 4030 957 4082 τῶν
1004 4033 1256 4103 πατέρων
1288 4034 1449 4102 δῆθεν
1496 4038 1842 4107 παραδόσεις,

265 4123 360 4173 καὶ
391 4121 521 4173 αὐτὸ
559 4121 718 4175 τοῦτο
764 4126 906 4178 κατὰ
932 4124 1457 4197 ἁνθρωπαρέσκειαν
1493 4130 1841 4199 ἐργάζονται,

266 4216 347 4266 ἔτι
378 4216 472 4267 καὶ
507 4231 569 4265 πε
583 4217 634 4283 pl
655 4215 984 4287 διακρίσεων
1014 4220 1078 4270 ἐκ
1127 4218 1401 4289 διαφόρων
1433 4222 1666 4293 Γραφῶν
1721 4241 1846 4277 συν-

270 4307 596 4377 ισταμένων,
639 4308 768 4378 περὶ
824 4309 1135 4363 ὑποθέσεων
1163 4312 1272 4365 τῶν
1303 4313 1545 4382 ἐχουσῶν
1584 4315 1683 4386 μὲν
1706 4316 1847 4369 κατὰ

264 4401 364 4467 τὴν
400 4398 543 4462 λέξιν
571 4399 628 4451 ἓν
666 4400 859 4470 ὄνομα,
889 4400 1082 4465 διπλᾶς
1102 4402 1159 4455 δὲ
1192 4406 1285 4457 καὶ
1326 4406 1560 4474 τριπλᾶς
1594 4410 1692 4473 τὰς
1740 4409 1845 4462 ὑπ·

265 4490 455 4552 ακοὰς,
476 4487 586 4542 οἷον
617 4493 648 4561 ἡ
682 4492 917 4563 ὑπακοὴ.
950 4494 1126 4546 καὶτὸ
1150 4493 1383 4563 θέλημα,
1408 4496 1551 4567 καὶὴ
1582 4499 1843 4569 ἁπλότης,

1869 3267 1916 3328 C

1952 632 2266 677 sanctorum
2299 623 2591 692 prohibent
2618 624 2794 679 sancti
2842 622 3064 691 Patres;
3096 635 3150 680 et
3185 627 3330 696 quod
3374 642 3529 682 eom-

1951 716 2263 784 punctionis
2290 730 2478 781 causa,
2503 724 2558 770 et
2583 718 2875 780 orationis.
2903 726 2961 772 et
2991 718 3246 774 lectionis
3276 718 3531 788 Scriptu-

1951 824 2157 875 rarum,
2189 819 2243 864 et
2290 809 2571 863 memoria:
2598 818 2652 862 et
2690 811 3015 866 imitationis
3049 821 3365 865 sanctorum
3399 828 3531 865 mn-

1950 911 2245 971 gregantur
2275 900 2599 966 Christiani,
2632 916 2743 955 non
2791 913 2973 957 autem
3007 908 3234 974 propter
3258 904 3532 973 quaslibet

1950 1010 2110 1049 curas
2139 1006 2192 1049 et
2232 993 2652 1064 negotiationes.

2018 1088 2108 1142 ιτ.
2140 1088 2213 1142 De
2258 1088 2467 1141 artibus
2514 1102 2637 1155 quae
2664 1084 3024 1141 saecularibus
3055 1088 3394 1141 conveniunt
3426 1103 3439 1140 :
3480 1096 3534 1141 et

1950 1182 2093 1250 quod
2129 1195 2220 1234 ars
2254 1179 2564 1242 medicinae,
2591 1188 2646 1232 et
2675 1179 2729 1232 in
2758 1179 3119 1233 saecularibus
3156 1188 3211 1232 ct
3236 1180 3291 1232 in
3334 1194 3531 1232 mona-

1950 1275 2068 1329 chis
2115 1288 2224 1327 non
2268 1271 2699 1342 contemptibilis
2732 1280 2836 1335 est,
2890 1279 2944 1324 et
2984 1269 3261 1339 quomodo
3312 1278 3533 1338 oportet

1950 1367 2099 1420 illum
2132 1378 2418 1427 exercere;
2445 1362 2668 1433 etquod
2701 1361 2868 1431 aliqui
2894 1363 3187 1416 occasione
3216 1361 3508 1415 medicina:

1948 1460 2210 1514 adhibent
2242 1458 2642 1512 incantationes
2664 1468 2717 1511 et
2743 1473 2866 1527 qua:
2890 1457 3152 1510 dicuntur
3180 1456 3531 1525 philacteria.

1948 1560 2001 1604 et
2030 1552 2115 1604 his
2142 1550 2383 1616 similia;
2415 1558 2468 1604 et
2506 1550 2651 1619 quod
2682 1548 2853 1618 aliqui
2886 1563 3046 1603 ursos
3081 1558 3136 1603 et
3172 1549 3280 1603 alia
3313 1548 3532 1603 anima-

1948 1644 2019 1698 lia
2054 1642 2476 1697 circumducunt
2522 1642 2843 1704 educantes,
2891 1656 3034 1711 quos
3064 1655 3362 1696 conversos
3403 1640 3528 1711 qui-

1947 1733 2070 1788 dem
2111 1743 2162 1787 et
2211 1731 2537 1802 prenitentes
2568 1730 2635 1784 ad
2684 1739 2898 1799 tempus
2926 1740 3184 1800 separant
3211 1744 3240 1784 a
3276 1745 3528 1784 commu-

1950 1828 2136 1892 nione,
2186 1835 2600 1896 perseverantes
2629 1832 2812 1879 autem
2862 1838 2890 1878 ε
2929 1822 3035 1878 tide
3088 1822 3530 1878 Christianorum

1877 1911 1917 1969 Β
1946 1927 2219 1989 separant.

2017 2011 2107 2065 48.
2156 2011 2229 2067 De
2284 2011 2667 2066 cunuchorum
2717 2007 3045 2069 din'erentia,
3099 2016 3153 2062 et
3207 2007 3350 2062 unde
3386 2007 3519 2062 illud

1949 2106 2165 2160 initium
2210 2104 2406 2168 duxit;
2471 2102 2653 2157 adhuc
2705 2111 2886 2155 autem
2934 2101 3003 2155 de
3042 2100 3371 2169 quihusdam
3406 2115 3529 2168 quae

1950 2206 2141 2251 natura
2174 2196 2287 2251 illic
2311 2196 2533 2260 adsunt,
2575 2204 2628 2249 et
2652 2194 2874 2263 quando
2900 2202 3131 2263 possunt
3160 2190 3275 2245 ﬁeri
3307 2190 3523 2246 clerici:

1948 2300 2001 2346 et
2031 2290 2177 2360 quod
2232 2305 2338 2344 non
2370 2290 2691 2344 eximuntur
2735 2303 2765 2341 a
2810 2288 3068 2357 passione
3114 2284 3525 2342 fornicationis.

1949 2383 2043 2439 sed
2070 2383 2332 2439 violenter
2370 2383 2761 2452 impugnantur
2791 2398 2807 2445 ;
2834 2390 2889 2434 et
2918 2381 3063 2450 quod
3096 2380 3283 2434 clerici
3313 2380 3527 2449 aliquos

1946 2477 2233 2531 eunuchos
2257 2474 2525 2529 facientes
2552 2473 2933 2543 deponuntur,
2956 2473 3077 2528 laici
3112 2483 3293 2528 autem
3315 2487 3346 2527 a
3378 2487 3531 2540 com-7

1947 2571 2209 2623 munione
2241 2579 2587 2639 separantur.

2019 2664 2109 2719 49.
2139 2662 2212 2717 De
2241 2663 2580 2716 humilitate:
2611 2672 2665 2716 et
2692 2661 2838 2730 quod
2874 2674 2983 2715 non
3021 2661 3143 2716 illos
3167 2662 3263 2731 qui
3292 2660 3529 2716 humiles

1950 2758 2083 2810 aiunt
2106 2767 2327 2825 prepter
2347 2756 2645 2826 quamdam
2674 2754 3088 2810 inferiorilatem
3116 2753 3381 2809 Dominus
3409 2753 3532 2808 bea-

1948 2860 2033 2907 tos
2058 2851 2213 2913 dicit,
2255 2852 2353 2905 sed
2386 2849 2481 2918 qui
2516 2851 2799 2903 voluntate
2849 2848 2987 2903 [lunt
3029 2856 3086 2902 et
3138 2847 3529 2902 observatione

1948 2951 2343 3012 prmeeptornm
2372 2938 2507 2999 Dei:
2540 2948 2595 2994 et
2628 2940 2847 3010 qualem
2897 2939 3262 2994 humilitatem
3290 2938 3529 2993 Verbum

1947 3037 2134 3100 docet;
2161 3044 2213 3088 et
2244 3034 2389 3105 quod
2430 3033 2655 3103 quando
2694 3035 2860 3087 homo
2906 3033 2960 3086 in
2997 3032 3210 3087 incuria
3254 3030 3426 3102 jacet,
3461 3030 3530 3085 ad

1949 3128 2097 3181 illam
2134 3128 2433 3181 ascendere
2475 3126 2687 3194 nequit.
2734 3139 2801 3178 eo
2824 3125 2973 3194 quod
3010 3124 3184 3178 nescit
3228 3116 3538 3193 quid”:

1948 3222 2017 3274 ali
2044 3235 2110 3274 eo
2132 3229 2314 3290 petat;
2341 3228 2396 3274 et
2422 3219 2568 3289 quod
2596 3217 2875 3288 perfectus
2907 3231 3102 3287 magna
3126 3217 3313 3281 sentit,
3345 3216 3529 3271 adhuc

1947 3322 2130 3368 autem
2158 3320 2212 3367 et
2235 3313 2302 3368 de
2331 3312 2502 3376 luctu,
2536 3314 2602 3367 de
2646 3310 3090 3372 mansuetudine,
3131 3319 3185 3363 et
3209 3310 3448 3379 justitia,
3477 3319 3531 3363 et

1946 3406 2126 3476 qualis
2160 3405 2363 3459 dicitur
2397 3405 2636 3458 mundus
2660 3403 2863 3465 corde;
2898 3413 2951 3457 et
2978 3401 3123 3472 quod
3161 3400 3528 3471 perfectorum

1946 3510 2026 3554 cst
2058 3498 2345 3568 paciﬁcare
2364 3497 2652 3559 bellantes,
2673 3496 3215 3551 debiliornmsautem
3244 3493 3527 3562 proprium

1946 3610 2063 3657 cor,
2112 3602 2165 3647 ct
2210 3606 2307 3648 cor
2355 3607 2547 3646 eorum
2594 3605 2735 3661 quos
2782 3589 2885 3661 ipsi
2935 3598 3157 3660 propter
3201 3587 3370 3642 Deum
3402 3587 3530 3641 dili-

1948 3695 2101 3757 guilt.

2019 3777 2109 3832 50.
2143 3775 2298 3842 Quod
2346 3774 2564 3829 Domini
2616 3773 2872 3829 mandata
2908 3772 3168 3843 praeferre
3198 3781 3441 3842 oportet,
3473 3774 3526 3828 in

1946 3867 2190 3921 secundo
2221 3875 2402 3919 autem
2435 3864 2556 3919 loco
2584 3864 2868 3917 hominum
2901 3863 3259 3919 traditiones:
3298 3873 3353 3917 et
3382 3864 3530 3934 quod

1949 3959 2023 4012 itli
2057 3959 2150 4028 qui
2182 3959 2438 4013 mandata
2474 3956 2692 4011 Domini
2740 3972 2847 4011 non
2894 3967 3136 4020 servant,
3179 3956 3403 4011 student
3430 3970 3531 4009 au-

1949 4062 2056 4105 tem
2094 4052 2178 4106 his
2222 4067 2361 4121 quas
2399 4059 2601 4105 vocant
2641 4059 2857 4120 patrum
2897 4049 3310 4115 traditionibus,
3341 4058 3392 4103 et
3428 4049 3532 4104 hoc

1950 4146 2126 4215 ipsum
2163 4154 2221 4199 ut
2272 4144 2588 4198 hominibus
2617 4143 2869 4213 placeant
2900 4149 3100 4210 agunt;
3133 4140 3321 4195 adhuc
3364 4141 3531 4196 etiam

1948 4238 2015 4292 de
2061 4236 2475 4292 discriminibus
2525 4249 2648 4304 quae
2697 4249 2792 4303 per
2842 4232 3159 4287 differentes
3212 4232 3531 4303 Scriptura:

1951 4331 2335 4386 instituuntur.
2382 4329 2449 4381 de
2483 4326 2749 4397 subjectis
2796 4342 2922 4396 qua:
2973 4325 3174 4379 habent
3201 4324 3426 4394 quidem
3474 4324 3531 4379 in

1950 4419 2178 4489 legendo
2212 4435 2375 4473 unam
2407 4433 2614 4481 vocem,
2650 4416 2926 4486 duplicem
2961 4425 3146 4471 autem
3172 4428 3227 4471 et
3255 4416 3528 4485 triplicem

1951 4512 2389 4584 intelligentiam,
2409 4522 2466 4565 ut
2485 4510 2867 4579 intelligentia,
2887 4509 3160 4573 voluntas,
3182 4509 3531 4578 simplicitas,

266 4583 359 4635 καὶ
404 4584 437 4653 ἡ
473 4583 758 4655 φρόνησις,
790 4586 885 4638 καὶ
919 4587 950 4652 ἡ
983 4586 1212 4651 ἀκακία,
1241 4586 1413 4640 ταῦτα
1437 4590 1614 4642 πάντα
1654 4590 1846 4653 διπλᾶς

1957 4583 2265 4676 prudentia,
2297 4604 2630 4665 innocentia,
2665 4603 2780 4657 hac
2811 4602 2995 4655 omnia
3025 4601 3295 4672 duplicem
3329 4603 3537 4658 habent

265 4676 448 4745 ἔχουσι
484 4677 582 4739 τὰς
607 4677 890 4747 διαφορὰς,
923 4679 1090 4750 ἧγουν
1125 4682 1394 4750 σαρκικὴν
1440 4683 1532 4733 καὶ
1556 4698 1853 4751 πνεύματι·

268 4770 371 4837 κήν
404 4785 417 4798 ·
454 4768 535 4820 ἔτι
573 4769 630 4821 δὲ
659 4770 755 4823 καὶ
797 4770 926 4841 περ)⁵
980 4771 1351 4843 δικαιοσύνης,
1392 4775 1487 4826 καὶ
1542 4775 1853 4846 ἁγιότητος,

267 4863 360 4914 καὶ
389 4860 507 4924 πῶς
537 4862 662 4925 τοὺς
697 4860 919 4931 ἔχοντας
940 4864 1111 4917 ταῦτα
1128 4867 1495 4935 γνωρίσομεν.

334 4953 435 5008 να’.
472 4957 605 5025 Περὶ
642 4957 931 5024 μετανοίας
963 4959 1026 5010 ὲκ
1058 4958 1164 5010 τῶν
1206 4959 1367 5012 θείων
1389 4962 1621 5030 Γραφῶν
1646 4979 1851 5033 μαρτυο

268 5045 380 5114 ρίαι
410 5059 424 5073 ³
456 5047 549 5097 καὶ
585 5045 704 5107 πῶς
742 5046 1188 5116 δεὶὲξαγορεύειν
1228 5049 1319 5100 καὶ
1350 5053 1652 5116 μετανοεῖν.

340 5136 443 5205 νβ’.
480 5137 888 5208 ’Υποδείγματα
932 5141 1061 5209 περὶ
1133 5142 1449 5210 μετανοίας,
1511 5144 1605 5195 καὶ
1660 5141 1850 5212 ἐξαγο-

270 5226 508 5299 ρεύσεως
530 5245 543 5258 ·
577 5229 671 5280 καὶ
692 5230 773 5282 δτι
804 5230 865 5281 ού
925 5231 1030 5300 χρὴ
1061 5232 1157 5294 τὰς
1184 5232 1323 5285 κατὰ
1349 5232 1597 5304 ἀνάγκην
1630 5238 1851 5305 γινομέ-

272 5323 519 5393 μένας,ἢ
573 5324 717 5375 κατὰ
756 5325 1072 5393 οἰκονομίαν
1106 5326 1228 5379 τινὰ
1259 5326 1598 5400 πρόσκαιρον
1654 5328 1849 5397 ἐξαγο-

272 5417 507 5487 ρεύσεις,
532 5417 627 5469 καὶ⁵
650 5420 1028 5489 συγχωρήσεις
1059 5421 1368 5491 ἁμαρτιῶν,
1394 5424 1622 5477 πάντοτε
1647 5425 1850 5488 ταύτας

268 5514 348 5570 εἰς
382 5509 689 5578 μαρτυρίαν
730 5511 1049 5581 προφέρειν,
1079 5512 1197 5565 ἀλλ’
1221 5514 1350 5565 ὅταν
1396 5516 1560 5569 πάλιν
1609 5518 1850 5581 τοιοῦτος

269 5600 473 5671 ἐπέλθῃ
496 5602 686 5672 καιρός
724 5619 736 5633 ·
767 5603 862 5655 καὶ
894 5604 977 5656 ὅτι
1030 5606 1090 5657 τὸ
1123 5604 1196 5674 μὴ
1252 5604 1420 5670 δόλως
1453 5606 1706 5678 δέχεσθαι
1745 5629 1844 5679 με-

266 5694 506 5760 τάνοιαν,
534 5694 567 5765 ἢ
594 5694 753 5748 πάλιν
773 5696 980 5764 ἀλόγως
1011 5696 1572 5769 φιλανθρωπεύεσθαι,
1610 5706 1700 5758 καὶ
1722 5706 1848 5757 ἄνευ

269 5789 488 5855 ἐντολῆς
508 5807 670 5854 τινος,
718 5792 750 5860 ἢ
780 5790 1010 5861 καρπῶν
1041 5793 1409 5865 μετανοίας,ἦ
1443 5796 1592 5865 παρὰ
1632 5798 1699 5851 τὰ
1743 5817 1847 5850 πα-

274 5881 570 5953 ραδοθέντα
585 5884 734 5954 παρὰ
755 5883 859 5937 τῶν
884 5884 1044 5938 θείων
1069 5886 1328 5957 Πατέρων
1351 5893 1650 5961 συχχωρείν
1668 5892 1849 5964 ἁμαρ-

1956 4696 2354 4763 diﬂ'erentiam,
2422 4696 2698 4751 carnalem
2764 4695 2975 4751 scilicet
3038 4704 3094 4749 et
3146 4688 3533 4765 'spiritualem;

1954 4791 2133 4843 adhuc
2162 4800 2343 4843 autem
2373 4789 2439 4842 de
2459 4787 2695 4857 justitia,
2722 4795 2779 4841 et
2818 4786 3131 4852 sanctitate,
3172 4794 3226 4841 et
3253 4786 3533 4853 quomodo

1955 4881 2071 4936 hate
2106 4881 2368 4935 habentes
2399 4880 2805 4950 cognoscimus.

2026 4977 2115 5030 5t.
2153 4976 2226 5029 De
2275 4975 2595 5043 poenitentia
2624 4991 2653 5029 e
2686 4976 2886 5029 divinis
2925 4973 3227 5044 Scripturis
3286 4974 3532 5028 testimo-

1958 5069 2077 5121 nia:
2110 5077 2164 5121 et
2199 5069 2474 5135 quomodo
2503 5074 2715 5136 oportet
2747 5066 2990 5120 conﬁteri
3023 5074 3077 5119 ct
3103 5066 3393 5135 paenitere.

2026 5159 2116 5215 δὲ.
2162 5160 2420 5229 Exempla
2464 5160 2532 5213 de
2582 5158 2905 5229 pmnitentia
2958 5168 3011 5213 et
3059 5157 3536 5213 confessionezet

1954 5254 2098 5322 quod
2125 5269 2231 5308 non
2271 5259 2485 5321 oportet
2512 5254 2626 5306 haec
2662 5266 2785 5322 quae
2816 5267 2911 5321 per
2946 5252 3329 5306 necessitatem
3364 5252 3531 5314 ﬁunt,

1954 5346 2037 5400 vel
2068 5361 2159 5415 per
2201 5344 2604 5399 institutionem
2637 5344 2929 5413 quamdam
2980 5351 3349 5413 opportunam
3397 5359 3533 5397 con-

1954 5436 2221 5492 fossiones
2262 5444 2317 5490 et
2365 5437 2720 5491 remissiones
2765 5443 3141 5504 peccaturum,
3212 5435 3439 5490 omnino
3478 5435 3533 5489 in

1956 5530 2338 5584 testimonium
2396 5531 2688 5593 adducere,
2744 5530 2837 5585 sed
2890 5529 3114 5600 quando
3167 5530 3367 5585 iterum
3432 5530 3538 5586 tale

1956 5634 2171 5692 tempus
2203 5623 2477 5679 advenerit
2505 5641 2518 5688 ;
2555 5634 2604 5678 et
2634 5626 2777 5694 quod
2809 5624 3184 5695 paenitentiam
3219 5622 3537 5679 fraudulen—

1956 5726 2059 5781 ter,
2109 5733 2216 5771 non
2275 5719 2545 5788 accipere,
2595 5718 2677 5772 vel
2728 5735 2920 5774 rursus
2964 5719 3082 5773 sine
3130 5719 3347 5773 ratione
3398 5719 3537 5774 bene

1954 5807 2201 5869 tractari,
2235 5818 2287 5862 et
2335 5809 2454 5863 sine
2499 5809 2683 5880 aliqua
2734 5808 3038 5878 prassione,
3069 5809 3155 5864 vel
3190 5811 3536 5880 pmnitentiae

1956 5898 2246 5969 truetilius,
2273 5902 2355 5956 vel
2385 5912 2573 5959 contra
2601 5902 2923 5959 traditiones
2960 5912 3273 5960 sanctorum
3309 5902 3534 5958 Patrum
