4212 6432
706 386 844 450 13Ἱ9

1559 383 1953 446 OPUSCULA
1992 382 2341 444 MORALIA
2377 383 2728 447 ΙΝΟΕΒΤίΕ
2767 384 3076 447 IETA'I‘IS.

3840 388 3981 454 1380

697 503 973 558 dimittere
1002 510 1225 571 peccata
1250 543 1265 567 ,
1311 507 1608 569 utrumque
1640 500 1707 554 ad
1744 499 1992 554 haeresim
2023 499 2285 565 deciinat,

2393 500 2533 564 τίας,
2570 500 2858 570 ἀμφότερα
2886 502 2967 564 εἰς
2997 500 3239 571 αἱρέσεις
3274 501 3607 567 ἐκκλίνουσι,
3634 505 3693 556 τὸ
3742 506 3847 574 μὲν
3901 510 3982 570 εἰς

700 609 869 648 unum
901 594 1125 663 quidem
1160 596 1225 649 ad
1257 594 1691 648 Novatianorum
1729 592 2005 656 haeresim,
2050 594 2284 646 alterum

699 696 878 741 autem
920 685 987 740 ad
1043 687 1291 741 haeresim
1338 692 1535 738 natura
1595 691 1938 737 mutatorum
1995 680 2283 735 Massalia-

702 794 919 833 norunt.

772 872 861 925 55.
895 869 1110 935 Quomo
1132 870 1183 921 lo
1215 875 1436 937 Oportet
1464 865 1743 934 explicare
1772 863 1862 917 Dei
1903 865 2196 934 mysteria:
2234 873 2288 918 et

700 967 843 1031 quod
892 962 1196 1015 tnuendutn
1233 962 1387 1014 valde
1430 967 1485 1013 et
1515 958 1887 1028 periculosum
1931 967 2016 1011 est
2063 957 2287 1025 indigne

699 1057 998 1123 explicare;
1029 1065 1082 1107 et
1111 1055 1257 1123 quod
1291 1055 1380 1106 ille
1414 1053 1509 1121 qui
1550 1052 1775 1119 indigne
1824 1051 2082 1117 explicat,
2119 1065 2149 1103 a
2188 1051 2287 1103 Sa-

702 1160 826 1201 tana
854 1148 1149 1210 deludit'ur,
1177 1146 1334 1215 quasi
1368 1162 1427 1199 se
1458 1146 1637 1214 ipsum
1670 1160 1698 1197 ιι
1722 1143 2111 1197 communione
2140 1157 2288 1195 amo-

699 1256 855 1293 Vtilis.

771 1333 861 1384 δι.
898 1330 1049 1397 Quod
1084 1328 1386 1382 timendum
1426 1337 1479 1381 et
1508 1327 1879 1395 periculosum
1933 1337 2016 1379 est
2049 1325 2285 1378 inlirmis

700 1424 883 1476 animo
925 1424 1167 1490 recipere
1213 1422 1427 1490 aliquas
1457 1419 1837 1473 conlessiones
1866 1435 1878 1472 :
1912 1430 1965 1472 et
2000 1417 2144 1486 quod
2195 1418 2286 1470 lir-

701 1530 821 1568 nios
853 1516 1002 1581 ipsos
1032 1523 1087 1567 et
1114 1514 1435 1582 spirituales
1474 1513 1530 1565 id
1589 1514 1640 1565 iit
1670 1512 1887 1564 ruinam
1923 1512 2184 1576 adducit;
2233 1520 2286 1563 et

700 1607 765 1656 de
811 1604 1117 1659 ditlerentia
1161 1604 1283 1657 talis
1319 1602 1589 1672 depositi;
1620 1612 1675 1657 et
1720 1602 1997 1671 quomodo
2045 1602 2160 1656 haec
2188 1602 2283 1654 ad-

704 1698 888 1750 liibere
911 1706 1148 1765 oportet.

775 1787 864 1840 55.
915 1787 1069 1852 Quod
1123 1800 1229 1838 non
1282 1794 1500 1854 oportet
1550 1786 1671 1840 sine
1722 1787 2009 1842 sacerdote
2045 1789 2281 1859 aliquem

2385 594 2485 663 τὴν
2518 592 2628 644 τῶν
2660 592 3039 658 Ναυατιανῶν,
3067 593 3128 647 τὸ
3157 594 3214 647 δὲ
3241 595 3320 659 εἰς
3350 598 3451 667 τὴν
3473 596 3581 649 τῶν
3618 602 3979 669 πεςουσιωμὲ-

2390 701 2501 737 νων
2534 685 2954 739 Μασσαλιανῶν.

2459 872 2560 934 νγ⁹.
2579 868 2700 931 Πῶς
2717 869 2823 940 χρὴ
2848 869 3287 940 μεταλαμϐάνειν
3307 871 3416 925 τῶν
3432 871 3592 925 θείων
3618 876 3941 945 μυστηρίων
3957 896 3973 908 ο

2388 958 2483 1010 καὶ
2512 958 2594 1011 ὃτι
2625 960 2858 1030 φοϐερὸν
2896 959 3014 1013 Λίαν
3055 962 3151 1014 καὶ
3196 963 3537 1016 ἐπικίνδυνόν
3565 966 3685 1016 ἐστι
3740 968 3801 1019 τὸ
3835 968 3975 1020 ἁνα-

2389 1048 2518 1113 ξῐως
2554 1051 2996 1121 μεταλαμϐάνειν
3039 1067 3053 1081 °
3086 1054 3180 1107 καὶ
3204 1056 3287 1107 ὅτι
3316 1056 3345 1107 6
3386 1056 3624 1120 ἀναξίως
3677 1061 3977 1129 μεταλαμ‹⁵

2389 1141 2586 1206 δανων,
2625 1144 2729 1196 ὑπὸ
2781 1144 2876 1197 τοῦ
2919 1146 3134 1199 Σατανᾶ
3186 1148 3609 1213 καταπαίζεται,
3642 1149 3842 1224 ῶσπερ
3883 1157 3979 1205 καὶ

2387 1238 2415 1288 ό
2443 1236 2541 1304 τῆς
2568 1237 2853 1302 κοινωνίας
2880 1240 3071 1294 ἑαυτὸν
3098 1241 3412 1310 μακρύνων.

2459 1327 2549 1383 νδ’.
2582 1330 2706 1382 Ὅτι
2732 1331 2983 1399 φοϐερὸν,
3028 1334 3120 1385 καὶ
3148 1334 3484 1389 ἐπικίνδυνόν
3518 1337 3637 1391 ἐστι
3655 1339 3772 1399 τοῖς
3806 1337 3977 1391 ἀσθε-

2388 1422 2504 1473 νέσι
2563 1423 2704 1475 κατα
2759 1423 2938 1493 ψυχὴν
2984 1424 3237 1495 δέχεσθαί
3283 1443 3435 1489 τινας
3486 1428 3849 1501 ὲξαγορείας·
3884 1431 3977 1482 καὶ

2387 1515 2468 1566 ὅτι
2493 1516 2587 1565 καὶ
2610 1516 2808 1577 αὐτοις
2830 1518 2952 1578 τοὺς
2968 1516 3226 1579 δυνατοὺς
3254 1520 3347 1571 καὶ
3365 1523 3777 1589 πνευματικοὺς
3804 1538 3979 1574 κατα-

2390 1607 2502 1675 σττᾷ
2541 1606 2602 1658 τὸ
2644 1608 2885 1660 τοιοῦτον
2912 1610 2991 1671 εἰς
3015 1609 3223 1661 πτῶσιν
3246 1626 3260 1640 ο
3286 1611 3381 1663 καὶ
3406 1613 3534 1681 περὶ
3585 1612 3859 1682 διαφορᾶς
3881 1615 3979 1681 τῆς

2387 1698 2642 1767 τοιαύτης
2671 1701 2935 1772 ἁναδοχῆς
2959 1718 2971 1730 ·
2996 1702 3091 1753 καὶ
3114 1702 3229 1764 πῶς
3246 1702 3418 1756 ταῦτα
3445 1704 3811 1774 μετέρχεσθαι
3844 1708 3973 1773 χρή.

2460 1792 2554 1848 νεν,
2579 1793 2703 1845 Ὅτι
2728 1794 2789 1845 οὐ
2813 1794 2920 1862 χρὴ
2941 1793 3069 1846 ἄνευ
3104 1794 3294 1863 ἱερέως
3335 1795 3457 1847 τινὰ
3500 1796 3757 1865 δέχεσθαι
3782 1796 3981 1861 ἐξαγο-

700 1882 1074 1935 conlessiones
1105 1880 1348 1947 recipere
1373 1896 1385 1931 ι
1410 1889 1465 1931 et
1493 1882 1640 1947 quod
1677 1890 1791 1933 nzec
1824 1879 2103 1949 negligens
2128 1897 2156 1935 a
2189 1898 2284 1951 po-

2394 1885 2608 1953 ρεύαεις
2633 1902 2645 1917 ο
2674 1885 2768 1936 καὶ
2792 1886 2873 1937 ὃτι
2897 1879 3282 1955 ἀμελῶνοῦτος
3307 1884 3403 1937 τοῦ
3429 1886 3561 1939 λαοῦ
3586 1886 3940 1955 καθαιρεῖται
3959 1901 3974 1916 ·

702 1975 827 2043 pulo
857 1973 1181 2041 deponitur;
1207 1981 1267 2025 et
1289 1971 1435 2041 quod
1471 1985 1582 2024 non
1616 1980 1831 2041 oportet
1861 1974 2149 2030 absolvere
2180 1977 2281 2031 lios

700 2070 791 2136 qui
824 2066 1111 2119 docentur.

772 2156 860 2210 56.
900 2155 973 2208 De
998 2156 1175 2223 pmnis
1198 2163 1252 2207 et
1278 2154 1947 2210 excommunicationibus
1966 2172 1995 2211 a
2028 2159 2284 2214 sacerdo-

701 2248 847 2302 tibus
878 2247 1124 2316 prolatis,
1177 2246 1407 2314 etquod
1462 2245 1551 2298 illa
1588 2261 1710 2316 quae
1754 2262 1848 2315 per
1902 2263 1995 2302 eas
2046 2249 2287 2319 ligantur

702 2341 941 2410 legitime
974 2355 1081 2392 non
1103 2340 1392 2393 solvuntur
1421 2339 1489 2391 ab
1518 2340 1715 2401 altero,
1747 2338 1852 2392 nisi
1886 2349 2139 2394 mortuus
2164 2342 2283 2395 tue-

704 2434 775 2484 rit
823 2433 915 2500 qui
964 2431 1213 2499 ligaverit
1258 2445 1271 2482 :
1311 2430 1545 2499 etquod
1587 2430 1787 2499 injusta
1818 2446 1977 2500 pretia
2004 2434 2279 2501 nouliga-

704 2534 793 2577 tur
831 2539 858 2575 a
895 2523 1025 2587 Deo,
1065 2523 1209 2575 sicut
1240 2538 1471 2590 magnus
1522 2520 1819 2590 Dionysius
1858 2525 2205 2589 memoravit,
2234 2534 2288 2579 ct

704 2617 794 2669 alii
834 2620 1050 2684 plures;
1093 2613 1360 2684 etquales
1395 2622 1524 2669 sunt
1557 2614 1718 2683 jnstat
1748 2624 1802 2669 et
1843 2614 2059 2683 injust-.e
2083 2631 2285 2683 ponite;

706 2718 761 2761 et
792 2709 938 2777 quod
972 2708 1075 2762 etsi
1110 2706 1253 2776 apud
1285 2707 1456 2760 Deum
1490 2722 1596 2761 non
1627 2706 1869 2776 ligantur
1917 2723 2040 2776 quae
2086 2708 2290 2776 injuste

707 2803 930 2869 prolatu-
956 2810 1083 2853 sunt
1107 2802 1410 2863 sententiae,
1447 2800 1539 2853 sel
1576 2808 1755 2853 tamen
1790 2814 1898 2852 non
1931 2800 2090 2853 debet
2120 2816 2180 2855 se
2208 2802 2290 2871 ip-

707 2911 828 2947 sum
864 2895 1075 2948 solvere
1108 2894 1201 2962 qui
1238 2892 1440 2961 injuste
1468 2890 1763 2946 damnatus
1796 2900 1901 2958 est,
1934 2902 1986 2946 et
2014 2894 2107 2946 tali
2146 2908 2289 2963 prm-

707 2997 855 3041 textu
896 2985 1385 3054 conteinptibiliter
1423 2994 1476 3039 et
1530 2986 1765 3053 superbe
1801 2984 1855 3037 in
1886 2984 2127 3038 ferentes
2161 3002 2286 3039 sen-

709 3082 931 3133 tentiant
969 3095 1028 3132 se
1060 3095 1244 3147 agere,
1290 3077 1388 3131 sed
1418 3092 1542 3131 cum
1575 3076 1725 3130 omni
1761 3076 2071 3131 humilitate
2099 3078 2289 3131 admo-

710 3190 858 3235 nere,
887 3184 940 3226 et
969 3174 1013 3226 si
1048 3173 1147 3226 hoc
1178 3170 1341 3225 modo
1381 3185 1490 3223 non
1535 3180 1712 3240 potest
1745 3169 1949 3238 aliquid
1986 3170 2285 3238 prolicere;

709 3268 860 3317 adire
889 3264 1124 3332 majores
1150 3262 1487 3325 sacerdotes,
1528 3274 1582 3315 et
1622 3262 1694 3313 ita
1718 3262 1787 3315 ab
1814 3261 1894 3315 eis
1921 3261 2058 3316 solvi
2091 3276 2290 3315 secun-

707 3358 836 3410 dum
865 3356 1339 3424 quartodecimum
1388 3368 1659 3408 canonem
1696 3352 1907 3407 Sardici
1962 3354 2207 3419 concilii;
2236 3366 2288 3409 et

706 3445 850 3512 quod
882 3445 971 3497 ille
995 3444 1087 3512 qui
1118 3444 1448 3498 sententiam
1482 3442 1690 3513 profert
1724 3454 1916 3498 contra
1963 3442 2059 3498 Dei
2089 3445 2288 3499 volun-

711 3544 873 3587 tatem
906 3534 1325 3587 condemnatur.

782 3711 847 3764 ὑῒ
898 3707 971 3762 De
1005 3708 1176 3771 festis,
1208 3720 1260 3763 et
1285 3707 1536 3778 jejuniis,
1569 3717 1623 3762 et
1654 3707 2127 3779 genuﬂexionibus
2170 3723 2291 3779 qum

716 3800 831 3854 ﬁeri
866 3802 1259 3869 praecipiuntur
1292 3817 1304 3851 ;
1344 3809 1396 3852 et
1441 3798 1586 3867 qttod
1634 3798 2002 3866 periculosum
2051 3808 2133 3852 est
2168 3800 2291 3851 talia

711 3894 1029 3962 despicere;
1078 3894 1278 3949 etenim
1304 3901 1630 3961 separantur
1654 3902 1705 3945 et
1731 3891 2290 3955 anatlietnatizantur,

710 3996 767 4040 et
799 4002 920 4038 cunt
968 3986 1238 4040 haereticis
1281 3992 1718 4037 annumerantur
1756 3983 1956 4037 divinis
1988 3985 2293 4037 canouibus

711 4078 805 4146 qui
844 4080 1049 4147 absque
1097 4079 1244 4145 justa
1296 4092 1465 4131 causa
1497 4076 1612 4129 haec
1661 4075 2005 4144 despiciunt;
2039 4086 2095 4129 et
2124 4092 2294 4146 quare

711 4168 778 4221 ad
814 4177 1081 4223 orientem
1106 4169 1354 4222 conversi
1382 4182 1629 4221 oramus.

786 4372 876 4425 58.
920 4370 1206 4439 Ettpositio
1241 4369 1546 4439 composita
1586 4384 1616 4421 e
1655 4368 1856 4422 divinis
1891 4368 2189 4437 Seripturis
2228 4368 2296 4423 de

720 4463 916 4517 festis:
954 4465 1096 4532 quod
1135 4479 1244 4515 non
1278 4462 1572 4530 voluptatis
1606 4462 1802 4529 gratia,
1834 4468 1890 4513 et
1918 4461 2012 4513 otii
2049 4461 2294 4514 instituta

2388 1980 2484 2030 καὶ
2506 1979 2588 2030 ὅτι
2615 1978 2677 2031 οὐ
2707 1976 2787 2030 δεῖ
2815 1977 3215 2045 ἀπογινώσκειν
3240 1976 3349 2029 τῶν
3378 1977 3868 2047 μαθητευομένων.

2459 2154 2566 2219 νς’.
2589 2155 2723 2225 Περὶ
2750 2154 3063 2224 ἐπιτιμίων,
3083 2156 3178 2208 καί
3197 2154 3523 2225 ἁφορισμῶν
3544 2154 3654 2206 τῶν
3684 2153 3843 2221 παρὰ
3874 2154 3983 2205 τῶν

2391 2248 2580 2318 ἱερέων
2606 2248 2898 2317 διδομένων
2924 2263 2939 2277 ·
2970 2248 3063 2301 καὶ
3077 2249 3159 2301 ὅτι
3188 2247 3258 2300 τὰ
3288 2248 3440 2317 παρὰ
3476 2245 3977 2329 τούτωννδεδεμένα

2390 2339 2626 2408 εὑλῦγως
2650 2340 2712 2391 ού
2740 2339 2960 2393 λύονται
3015 2341 3106 2410 ὑφ’
3129 2341 3344 2410 ἑτέρου,
3393 2340 3441 2391 εί
3471 2340 3545 2409 μὴ
3571 2339 3890 2405 τελευτήσει
3947 2340 3976 2391 6

2387 2430 2555 2501 δήσας
2604 2432 2800 2485 αὐτόν·
2837 2432 2934 2484 καὶ
2981 2431 3063 2483 ὅτι
3094 2435 3126 2500 ἡ
3188 2429 3499 2500 παράλογος
3535 2431 3861 2498 ἐπιτίμησις
3921 2429 3979 2480 οὐ

2388 2524 2597 2578 δέδεται
2629 2524 2780 2594 παρὰ
2839 2523 2915 2594 τῷ
2976 2523 3115 2593 Θεῷ,
3153 2522 3339 2585 καθὼς
3368 2528 3461 2576 καὶ
3491 2524 3519 2575 ὀ
3565 2522 3746 2593 μέγας
3790 2522 3983 2575 dam-.3-

2394 2634 2504 2680 σιος
2529 2615 2970 2686 ὑπεμνημάτισε,
3004 2615 3100 2668 καὶ
3142 2615 3323 2686 ἕτεροι
3371 2614 3615 2676 πλείονες
3649 2631 3661 2644 -
3697 2616 3791 2666 καὶ
3823 2614 3979 2666 ποὶαι

2390 2710 2529 2762 εἰσὶν
2561 2708 2798 2777 εὖλογοι,
2842 2710 2935 2761 καὶ
2975 2708 3277 2777 παράλογοι
3326 2708 3675 2779 ἐπιτιμήσεις
3701 2724 3716 2738 ο
3766 2707 3866 2758 καὶ
3898 2708 3980 2758 ὅτι

2388 2802 2438 2852 εξ
2490 2800 2585 2853 καὶ
2615 2801 2673 2853 ού
2699 2801 2907 2853 δέδεται
2936 2800 3086 2868 παρὰ
3107 2800 3187 2870 τῷ
3213 2798 3331 2870 Θεῷ
3347 2800 3415 2853 τὰ
3439 2798 3770 2868 παραλόγως
3806 2800 3986 2849 ἐπιτι-

2393 2892 2653 2962 μηθέντα,
2685 2892 2799 2945 ἀλλ’
2826 2892 2919 2945 οὖν
2940 2893 3060 2946 οὐδὲ
3097 2893 3335 2946 ἐκδικεῖν
3364 2890 3553 2946 ἑαυτὸν
3570 2890 3775 2960 ὀφείλει
3805 2894 3835 2945 6
3876 2910 3985 2943 πα-

2391 2984 2635 3054 ραλόγως
2694 2985 3064 3054 ἐπιτιμηθεὶς,
3116 2986 3213 3038 καὶ
3290 2987 3356 3054 τῇ
3415 2984 3644 3056 τοιαύτῃ
3705 2988 3983 3055 προφάσει

2390 3077 2908 3147 καταφρονητικῶς,
2960 3077 3055 3129 καὶ
3107 3074 3448 3139 ἀλαζονικῶς
3494 3076 3633 3147 πρὸς
3696 3079 3827 3139 τοὺς
3862 3078 3986 3128 ὲπι-

2391 3172 2667 3242 τιμῶντας
2687 3170 3013 3233 διακεῖσθαι,
3040 3168 3176 3222 ἀλλὰ
3205 3169 3348 3239 μετὰ
3396 3169 3582 3237 πάσης
3628 3169 3988 3237 παρακαλεῖν

2392 3264 2800 3333 ταπεινότητος,
2839 3263 2933 3315 καὶ
2961 3263 3010 3314 εί
3059 3262 3121 3314 ού
3170 3260 3396 3314 δύναται
3440 3260 3615 3330 τούτῳ
3665 3258 3746 3329 τῷ
3794 3262 3988 3330 τρόπῳ

2391 3357 2585 3411 ἀνῦσαὶ
2616 3375 2687 3417 τι,
2715 3355 3117 3426 προσέρχεσθαι
3136 3356 3249 3417 τοῖς
3296 3354 3540 3425 μείζοσιν
3596 3352 3830 3422 ἱερεῦσι.
3892 3354 3987 3405 καὶ

2391 3449 2536 3505 οὕτω
2582 3450 2711 3519 παρ’
2758 3449 2939 3502 αὐτῶν
3008 3445 3343 3500 ὲκδικεῖσθαι
3411 3446 3553 3499 κατὰ
3596 3447 3691 3498 τὸν
3731 3447 3792 3497 ἂν
3842 3446 3984 3515 Σαρ-

2392 3543 2514 3613 δικῇ
2568 3539 3165 3611 τεσσαρεσκαιδέκατον
3200 3538 3401 3591 κανόνα
3433 3553 3447 3568 ·
3478 3537 3575 3589 καὶ
3624 3538 3709 3589 ὅτι
3747 3538 3778 3589 6
3830 3537 3985 3605 παρὰ

2392 3635 2454 3687 τὸ
2483 3634 2692 3702 θέλημα
2722 3633 2817 3684 τοῦ
2853 3631 2988 3684 Θεοῦ
3018 3630 3289 3700 ἐπιτιμῶν
3320 3628 3766 3693 καταδικάζεται.

2468 3726 2565 3791 νζ’.
2601 3726 2736 3793 Περὶ
2767 3724 2992 3794 ἑορτῶν,
3024 3724 3122 3776 καὶ
3156 3721 3447 3791 νηστειῶν,
3475 3721 3572 3773 καὶ
3615 3720 3986 3786 γονυκλισιῶν

2394 3818 2502 3871 τῶν
2569 3816 2967 3886 κεκωλυμένων
3016 3813 3265 3881 γίνεσθαι
3297 3828 3311 3842 ·
3350 3812 3445 3865 καὶ
3498 3813 3580 3864 ὅτι
3632 3811 3986 3867 ἐπικίνδυνόν

2395 3913 2511 3964 ἐστι
2541 3911 2602 3963 τὸ
2630 3911 2992 3979 καταφρονεῖν
3029 3908 3139 3960 τῶν
3170 3905 3427 3961 τοιούτων
3460 3922 3474 3934 ·
3510 3903 3740 3973 καὶγὰρ
3787 3904 3985 3971 ἀφορία

2396 4003 2601 4068 ζονται,
2629 4004 2722 4055 καὶ
2739 3998 3253 4070 ἀναθεματίζονται,
3286 3997 3381 4051 καὶ
3403 3999 3516 4058 τοῖς
3534 3997 3836 4065 αἱρετικοῖς
3862 4012 3984 4045 συν-

2397 4094 2757 4168 αριθμοῦνται
2788 4093 2940 4162 παρὰ
2982 4092 3090 4144 τῶν
3124 4091 3283 4143 θείων
3304 4090 3547 4142 κανόνων
3570 4089 3621 4141 οἱ
3650 4088 3779 4156 δίχα
3821 4087 3979 4139 εὐλό-

2396 4206 2493 4257 γου
2554 4186 2732 4248 αἰτίας
2782 4184 2991 4238 τούτων
3057 4180 3528 4251 καταφρονοῦντες
3558 4195 3574 4212 ·
3616 4181 3715 4232 καὶ
3772 4179 3865 4231 διὰ
3926 4178 3984 4232 τὺ

2398 4280 2535 4349 πρὸς
2560 4276 2823 4340 ἀνατολὰς
2851 4276 3087 4346 ὁρῶντες
3120 4272 3417 4343 εὐχόμεθα.

2469 4377 2570 4440 νη’.
2617 4367 2920 4439 Ἐρμηνεία
2953 4364 3271 4418 συντεθεῖσα
3298 4366 3363 4416 ὲκ
3406 4362 3515 4417 τῶν
3543 4361 3706 4415 θείων
3746 4361 3982 4432 Γραφῶν

2400 4463 2529 4533 περὶ
2554 4460 2660 4514 τῶν
2702 4459 2905 4529 ἑορτῶν
2934 4474 2947 4487 ⁸
2992 4458 3074 4509 ὅτι
3113 4457 3213 4525 οὐχ
3243 4456 3429 4508 ἕνεκεν
3456 4454 3693 4523 τρυφῆς,
3753 4454 3853 4506 καὶ
3882 4455 3981 4523 ἁρ-

714 4567 865 4621 sunt,
895 4558 989 4611 sed
1020 4556 1088 4609 ad
1118 4554 1518 4609 correctionem
1552 4565 1603 4607 et
1630 4554 1916 4607 utilitatem
1950 4552 2289 4617 animarum;

2398 4555 2521 4622 γίας
2557 4552 2955 4622 παρεδόθησαν,
3013 4549 3150 4602 ἀλλὰ
3182 4548 3318 4618 πρὸς
3372 4546 3663 4618 διόρθωσιν
3717 4549 3813 4598 καὶ
3836 4545 3982 4614 ὡςέ-

711 4661 764 4703 et
805 4650 873 4703 de
928 4650 1011 4702 liis
1072 4663 1195 4716 qua:
1241 4656 1395 4700 extra
1442 4659 1646 4715 corpus
1696 4653 1824 4699 sunt
1878 4644 2291 4714 pollutionibus,

713 4757 907 4810 nempe
931 4742 999 4794 de
1028 4740 1176 4793 llum
1213 4748 1268 4794 et
1294 4739 1591 4793 similibus.

786 4836 875 4888 59.
920 4833 1230 4895 Distinctio,
1268 4834 1350 4887 vel
1381 4833 1658 4901 expositio
1695 4846 1725 4885 e
1759 4830 1963 4885 divinis
1994 4827 2294 4898 Scripturis

712 4937 996 4989 constans,
1060 4940 1301 4992 quonam
1375 4926 1560 4986 modo,
1621 4934 1675 4977 et
1745 4922 1964 4991 quando
2044 4926 2295 4990 oporteat

713 5021 1033 5090 praescripta
1078 5018 1289 5086 jejunia
1340 5018 1724 5072 universaliter
1774 5015 2063 5069 occasione
2105 5028 2296 5067 occur-

714 5113 900 5167 rentia:
930 5120 1142 5180 patrum
1183 5119 1235 5165 et
1266 5109 1503 5164 fratrum
1537 5110 1749 5165 solvere
1789 5125 1804 5161 :
1838 5118 1893 5162 et
1917 5108 2062 5177 quod
2094 5108 2168 5161 illi
2199 5108 2293 5176 qui

715 5205 1031 5275 praescripta
1085 5203 1294 5273 jejnnia
1339 5219 1434 5273 per
1474 5202 1741 5272 Spiritum
1794 5213 2044 5255 sanetum
2078 5201 2297 5254 solvunt

713 5298 833 5350 sine
877 5296 1121 5364 legitima
1167 5310 1352 5359 causa,
1387 5295 1469 5349 vel
1510 5292 1826 5348 necessario
1870 5293 2107 5361 quodam
2140 5309 2293 5355 casu,

713 5391 1125 5445 communicant
1158 5389 1459 5444 lireresibus
1492 5386 1966 5443 Massalianorum.

783 5564 875 5619 60.
911 5564 985 5619 De
1014 5565 1153 5619 cibis
1177 5575 1231 5620 et
1259 5566 1477 5636 potibus
1501 5563 1787 5620 monachis
1820 5564 2294 5629 convenientibus,

714 5658 1082 5725 anachoretis,
1102 5673 1152 5714 et
1189 5659 1274 5714 liis
1306 5659 1400 5729 qtti
1439 5659 1492 5711 in
1518 5659 1743 5728 synodis
1775 5668 1926 5717 sunt,
1952 5666 2004 5710 et
2028 5656 2172 5725 quod
2198 5672 2294 5723 pa-

713 5752 801 5805 nis
845 5760 900 5806 et
946 5753 1025 5807 sal
1071 5762 1201 5809 sunt
1234 5755 1379 5819 regia
1419 5754 1501 5805 via
1547 5752 1866 5805 deliciarum
1897 5768 1909 5802 :
1938 5760 1989 5803 et
2020 5751 2163 5819 quod
2191 5751 2296 5802 illa:

713 5858 834 5913 qua:
863 5860 958 5915 per
1013 5845 1284 5915 pulmenta
1333 5856 1525 5914 praeter
1577 5845 1954 5899 necessitatem
2005 5845 2137 5897 ﬁunt
2195 5844 2291 5897 a'ii-A

2396 4647 2547 4700 λειαν
2574 4643 2764 4714 ψυχῶν
2788 4658 2800 4671 ·
2842 4641 2936 4696 καὶ
2961 4642 3093 4711 περὶ
3116 4640 3225 4693 τῶν
3253 4642 3359 4703 ἔξω
3387 4637 3481 4691 τοῦ
3506 4638 3759 4707 σώματος
3823 4638 3982 4707 μολυ⁹

2398 4738 2571 4810 σμῶν,
2610 4738 2728 4808 ἦτοι
2757 4736 2883 4805 περὶ
2917 4733 3157 4803 ρεύσεως
3189 4731 3287 4785 καὶ
3323 4730 3432 4785 τῶν
3466 4729 3750 4783 τοιούτων.

2466 4828 2563 4883 vb'.
2601 4829 2902 4899 Διάκρισις,
2934 4824 3054 4894 ἦτοι
3087 4823 3354 4895 ἑρμηνεία
3380 4824 3447 4875 ὲκ
3492 4820 3602 4873 τῶν
3625 4820 3791 4872 θείων
3839 4820 3981 4889 Γρα-

2398 4923 2513 4993 φῶν
2580 4923 2918 4986 συντεθεῖσα,
2953 4921 3092 4989 ποίῳ
3138 4919 3328 4988 τρόπῳ
3386 4915 3483 4967 καὶ
3532 4912 3665 4965 πότε
3715 4912 3825 4981 χρὴ
3887 4913 3982 4972 τὰς

2398 5016 2841 5088 παραδεδομένας
2862 5012 3117 5083 νηστείας
3138 5011 3216 5072 είς
3240 5007 3490 5061 τὸκοινόν
3518 5005 3795 5075 προφάσει
3812 5006 3983 5053 artav-

2397 5108 2498 5177 τῆς
2518 5109 2771 5177 πατέρων
2794 5107 2887 5159 καὶ
2916 5102 3164 5171 ἀδελφῶν
3195 5097 3489 5153 καταλύειν
3516 5113 3528 5126 ·
3559 5096 3655 5148 καὶ
3685 5096 3768 5145 ὅτι
3802 5094 3853 5146 οἱ
3876 5094 3973 5156 τὰς

2397 5198 2838 5269 παραδεδόμενας
2869 5193 3124 5261 νηστείας
3143 5190 3232 5243 διὰ
3271 5187 3586 5257 Πνεύματο;
3619 5184 3780 5252 ἁγίου
3814 5200 3979 5237 κατα-

2398 5291 2614 5353 λύοντες
2658 5290 2828 5359 χωρὶς
2885 5285 3111 5350 εὐλόγου
3174 5281 3354 5343 αἰτίας
3400 5278 3433 5347 ἢ
3486 5278 3790 5343 ἀναγκαίου
3834 5277 3978 5338 τινος

2395 5379 2747 5451 πράγματος,
2785 5371 3206 5444 συγκοινωνοῦαι
3234 5373 3352 5434 ταῖς
3378 5370 3625 5440 αἱρέσεσι
3665 5368 3775 5420 τῶν
3822 5368 3980 5421 Ma:-

2401 5470 2692 5526 σαλιανῶν.

2471 5561 2533 5628 ξ’.
2562 5560 2698 5632 Περὶ
2744 5556 3054 5629 βρωμάτων
3111 5554 3209 5609 καὶ
3251 5552 3513 5623 πομάτων
3558 5551 3674 5614 τοῖς
3729 5549 3980 5620 μοναχοῖς

2402 5653 2740 5725 πρεπόντων,
2766 5652 2878 5712 τοῖς
2929 5666 2990 5702 τε
3022 5647 3425 5719 ἀναχωρηταῖς,
3455 5644 3550 5697 καὶ
3603 5645 3718 5705 τοῖς
3758 5644 3817 5695 ιν
3859 5659 3979 5693 συν-

2400 5747 2561 5809 όδοις·
2597 5744 2786 5797 κα“ιδτι
2815 5743 2978 5812 ἄρτος
3035 5742 3130 5794 καὶ
3161 5738 3297 5801 ἃλας
3322 5737 3471 5791 ἐστὶν
3503 5739 3539 5806 ὴ
3583 5733 3842 5806 βασιλικὴ

2398 5840 2497 5906 τῆς
2520 5837 2730 5906 τρυφῆς
2773 5851 2784 5863 ·
2834 5835 2928 5888 καὶ
2972 5834 3056 5886 ὅτι
3083 5834 3140 5886 αἱ
3175 5831 3265 5885 διὰ
3309 5830 3417 5884 τῶν
3450 5830 3788 5902 ἀρτυμάτων
3839 5826 3979 5895 παρὰ
