4212 6432
277 438 409 504 1381

979 437 1745 503 INTERPRETATIONES
1786 437 2228 501 DIVINORUM
2265 440 2826 505 MANDATORUM.

3387 444 3527 510 1382

270 557 332 609 τὸ
350 555 466 608 δέον
487 555 682 626 τροφαὶ
698 554 994 625 ἀπόϐλητοι
1017 557 1124 608 είσι
1156 572 1171 586 ο
1195 557 1293 609 καὶ
1340 557 1420 609 ὅτι
1451 555 1612 624 φύσει
1646 558 1678 624 ὴ
1731 555 1840 607 τῶν

1943 563 2147 622 menta,
2180 558 2609 627 contemptibilia
2646 566 2805 621 sunt;
2839 563 2892 608 et
2932 553 3079 626 quod
3112 564 3306 612 natura
3339 561 3524 617 homi-

270 645 572 717 ἁνθρώπων
594 647 767 718 τροφὴ
792 647 944 718 παρὰ
976 647 1072 701 τοῦ
1105 648 1450 719 Δημιουργοῦ
1503 647 1738 717 ὡρίσθη,
1762 649 1848 701 οἵα

270 737 366 790 καὶ
410 740 519 800 τοῖς
548 737 732 802 ζώοις,
773 741 799 792 ὁ
849 739 1036 809 χόρτος
1069 739 1168 809 τῆς
1206 740 1308 810 Ῡῆς
1351 739 1620 808 δηλονότι,
1648 741 1739 792 καὶ
1780 740 1849 792 τά

272 831 563 899 σπέρματα
594 847 608 860 θ
643 831 736 882 καὶ
790 832 870 883 ὅτι
913 830 1105 900 καιροῦ
1155 849 1283 884 ποτε
1339 833 1570 898 εὐλόγου
1633 848 1847 900 συμπε-

273 921 475 986 σόντος,
501 924 578 984 είς
612 921 768 986 δόξαν
795 921 932 974 Θεοῦ
965 923 1403 993 μεταλαμϐάνειν
1456 923 1561 992 χρὴ
1595 923 1688 975 τὸν
1723 923 1848 993 βου-

269 1013 494 1081 λόμενον
542 1014 649 1066 ἀπὸ
674 1016 891 1066 πάντων
921 1015 1020 1066 ὃσα
1070 1017 1179 1078 τοῖς
1215 1019 1471 1085 μουαχοίς
1506 1016 1840 1085 ἀφώρισται.

343 1101 440 1165 ξα’.
481 1105 614 1174 Περὶ
646 1104 902 1172 βρώσεως
964 1105 1057 1158 καὶ
1108 1107 1319 1169 πόσεως
1354 1107 1463 1159 τῶν
1503 1111 1560 1159 ὲν
1586 1111 1699 1172 τοῖς
1732 1126 1848 1161 κοι-

271 1194 470 1255 νοϐίοις
489 1195 804 1262 διαγόντων,
833 1195 910 1248 ἔτι
951 1197 1006 1249 δὲ
1033 1199 1125 1249 καὶ
1152 1200 1278 1267 περὶ
1312 1200 1684 1269 ἀναχωρητῶν
1711 1216 1722 1228 '
1754 1199 1848 1251 καὶ

270 1286 352 1335 ὅτι
376 1285 436 1336 οὐ
467 1285 547 1336 δεῖ
572 1287 864 1354 γογγύζειν
890 1289 1075 1341 ἕνεκεν
1104 1289 1378 1359 βρώσεως,
1410 1291 1848 1360 ἦάποσχίζεσθαι

268 1377 365 1442 τῆς
403 1375 681 1446 τραπέζης
708 1379 815 1429 τῶν
851 1379 1116 1448 ἀδελφῶν,
1146 1382 1240 1434 καὶ
1268 1382 1434 1450 ἕτερα
1469 1382 1746 1448 ἐπιζητεῖν
1782 1383 1849 1431 τά

270 1465 506 1534 ἡδύτερσι
565 1469 660 1519 καὶ
712 1470 1118 1540 εὐχρηστότερα
1161 1484 1174 1498 ⁸
1232 1471 1326 1523 καὶ
1377 1472 1458 1522 ὅτι
1527 1470 1688 1540 ἄρτος
1749 1471 1842 1522 καὶ

273 1556 562 1626 σπέρματα
595 1560 941 1629 ἐκπληρώσει
975 1563 1072 1631 τὴν
1100 1565 1287 1632 χρείαν
1316 1563 1410 1615 τοῦ
1443 1562 1713 1632 σώματος,
1756 1563 1850 1615 καὶ

273 1646 415 1717 ὓδωρ
445 1648 541 1718 τὴν
574 1650 732 1718 δίψαν
767 1652 842 1721 τῷ
877 1653 1207 1720 ὑγιαίνοντι·
1240 1655 1331 1707 καὶ
1359 1654 1438 1707 ὃτι
1486 1655 1678 1723 καιροῦ
1716 1673 1846 1706 ποτε

272 1738 492 1806 εὐλόγου
526 1745 913 1810 συμπεσόντος,
965 1749 1043 1808 εἰς
1070 1748 1226 1813 δόξαν
1250 1747 1385 1800 Θεοῦ
1409 1748 1848 1817 μεταλαμϐάνειν

270 1828 358 1879 τὸν
395 1829 716 1900 βουλόμενον
748 1835 931 1903 τυροῦ,
968 1838 1060 1888 καὶ
1090 1836 1219 1899 ὠοῦ,
1253 1839 1347 1890 καὶ
1389 1839 1588 1908 ἰχθύος,
1626 1838 1844 1892 καὶτῶν

270 1921 547 1981 τοιούτων,
581 1924 673 1975 καὶ
702 1927 801 1979 ὅσα
830 1930 940 1990 τοῖς
972 1931 1222 1996 μοναχοῖς
1249 1929 1577 2000 ἀφώρισται.

341 2009 441 2080 ξβ’.
478 2015 609 2084 Περὶ
640 2016 894 2085 βρώσεως
926 2019 1019 2070 καὶ
1066 2020 1272 2082 πόσεως
1306 2021 1414 2072 τῶν
1445 2021 1587 2073 κατὰ
1640 2022 1844 2090 κόσμον

271 2102 536 2170 βιωτικῶν
570 2125 583 2137 ·
627 2109 722 2161 καὶ
749 2108 866 2173 πῶς
895 2111 975 2163 δεῖ
997 2112 1668 2183 τρέφεσθαιΧριστιανούς
1700 2129 1714 2143 °
1751 2115 1843 2166 καὶ

270 2195 350 2248 ὅτι
387 2197 697 2268 σπέρματα,
748 2204 840 2253 καὶ
888 2203 1050 2273 χλόην
1101 2205 1159 2271 ἐξ
1226 2205 1401 2276 ἀρχῆς
1452 2204 1843 2276 ἐνομοθέτησεν

265 2286 298 2338 δ
347 2287 478 2351 Θεὸς
526 2291 650 2353 τοὺς
705 2293 1024 2364 ἀνθρώπους
1087 2297 1331 2350 ἐσθίειν·
1385 2298 1478 2350 καὶ
1509 2299 1843 2368 ὃτιήκρεω-

268 2380 438 2447 φαγία
478 2384 570 2435 καὶ
592 2385 623 2454 ἡ
660 2387 939 2440 οίνοποσία
972 2388 1108 2458 μετὰ
1134 2388 1223 2441 τὸν
1245 2389 1628 2460 κατακλυσμὸν
1650 2392 1840 2442 ἐπεισ-

265 2471 398 2538 ῆλθε
433 2474 509 2543 τῷ
536 2475 657 2545 βίῳ,
689 2479 782 2530 καὶ
812 2483 924 2543 τοῖς
951 2481 1093 2534 κατὰ
1119 2481 1323 2551 κόσμον
1356 2483 1414 2534 ἐν
1455 2481 1632 2552 καιρῷ
1669 2484 1841 2550 ἀναγ-

270 2565 406 2632 καίῳ
422 2567 593 2620 ταῦτα
617 2571 922 2641 ἀπόϐλητα.

340 2657 438 2724 ἔτ’.
474 2662 606 2732 Περὶ
635 2666 986 2732 χειροτονίας,
1011 2667 1104 2719 καὶ
1133 2667 1506 2738 καθαιρέσεως
1530 2666 1837 2738 κληρικῶνο

271 2753 363 2801 καὶ
398 2753 478 2802 ὅτι
512 2755 562 2803 οἱ
599 2758 746 2822 παρὰ
777 2758 901 2818 τοὺς
957 2757 1295 2827 ὡρισμένους
1333 2760 1559 2829 χρόνους
1597 2777 1838 2828 χειροτο-

267 2839 520 2906 νηθέντες
573 2845 984 2913 καθαιροῦνται,
1019 2849 1111 2902 καὶ
1140 2850 1168 2900 ὁ
1199 2850 1382 2912 κύϐοις
1415 2849 1713 2918 σχολάζων,
1746 2851 1840 2902 καὶ

271 2930 463 2996 μέθαις
495 2932 752 3004 κληρικὺς
768 2936 1129 3008 καθαιρείται,
1150 2942 1178 2992 ὁ
1198 2940 1252 2992 δὲ
1275 2940 1463 3003 λαῖκδς
1489 2941 1836 3010 ἀφορίζεται·

267 3020 362 3070 καὶ
393 3021 472 3073 ὅτι
493 3025 522 3072 ὁ
554 3026 663 3078 ἀπὸ
691 3027 788 3094 τῆς
829 3029 1244 3100 ἀρχιερωσύνης
1268 3033 1348 3093 είς
1400 3034 1501 3101 τὴν
1539 3031 1839 3102 μοναχικὴν

265 3111 421 3174 Ιτάξιν
460 3114 649 3180 ἐλθὼν,
681 3119 780 3170 οὐκ
819 3119 1198 3190 ἕτιίεράτευσε
1234 3139 1248 3153 ο
1277 3124 1370 3174 καὶ
1409 3122 1536 3191 περὶ
1569 3122 1839 3190 διαφόρων

267 3201 594 3257 ὑποθέσεων
631 3208 722 3258 καὶ
756 3208 836 3261 δτι
866 3209 923 3261 ἓν
953 3209 1168 3277 πνεῦμα
1206 3213 1506 3280 ἐνήργησεν
1543 3212 1622 3272 εἷς
1647 3227 1703 3263 τε
1740 3214 1837 3271 τὰς

264 3296 512 3356 τοπικὰς,
547 3297 641 3348 καὶ
691 3299 772 3359 εἰς
825 3299 924 3362 τὰς
969 3303 1356 3370 οἰκουμενικάς
1404 3301 1691 3362 συνόδους·
1749 3303 1845 3352 καὶ

264 3382 368 3451 χρὴ
391 3383 495 3445 ’ἐως
522 3385 716 3450 αἰῶνος
746 3390 871 3451 τοὺς
907 3391 1272 3460 Χριστιανοὺς
1303 3393 1429 3453 τοὺς
1458 3390 1634 3454 θείους
1663 3391 1843 3444 αὐτῶν

265 3473 555 3540 φυλάττειν
588 3480 838 3543 κανόνας.

1952 663 2081 701 num
2109 663 2235 702 esca
2279 665 2304 700 a
2343 651 2602 705 Creatore
2641 649 2955 718 praescripta
2988 658 3092 712 est,
3122 647 3284 704 sicuti
3320 660 3374 704 et
3404 656 3526 708 ani-

1952 738 2208 804 malibus,
2237 749 2391 793 terrae
2427 739 2608 794 fenum
2645 741 2927 795 evidenter
2948 749 3000 794 et
3023 741 3265 807 semina;
3298 753 3351 796 et
3376 747 3521 812 quod

1951 836 2198 896 tempore
2253 837 2560 896 opportuno
2621 831 2993 900 contingente,
3044 831 3096 883 in
3137 831 3367 900 gloriam
3429 835 3521 890 Dei

1952 929 2165 987 oportet
2185 921 2434 988 accipere
2462 921 2731 975 volentem
2767 923 2834 976 ab
2856 923 3134 988 omnibus,
3166 934 3372 994 quanta
3405 944 3525 982 mo-

1953 1013 2143 1067 nachis
2175 1014 2584 1082 permittuntur.

2021 1105 2108 1158 6i.
2171 1104 2246 1159 De
2304 1107 2426 1160 cibo
2478 1115 2532 1160 et
2586 1116 2714 1175 potu
2771 1122 2958 1163 eorum
3006 1113 3098 1181 qui
3145 1115 3198 1168 in
3255 1117 3525 1172 coenobiis

1951 1195 2173 1263 degunt,
2200 1198 2430 1250 etetiam
2463 1197 2529 1252 de
2556 1199 2904 1255 anachoretis
2929 1217 2942 1254 :
2970 1209 3024 1255 et
3051 1205 3192 1269 quod
3222 1222 3328 1260 non
3362 1223 3528 1276 opor-

1953 1298 2024 1342 tet
2046 1305 2390 1344 murmurare
2412 1301 2630 1360 propter
2649 1292 2851 1356 cibnm,
2876 1294 2959 1348 vel
2980 1295 3259 1352 discedere
3277 1314 3306 1352 α
3332 1317 3523 1356 mensa

1951 1381 2205 1444 fratrum,
2237 1393 2291 1437 et
2322 1383 2426 1436 alia
2453 1387 2743 1453 exquirere
2770 1384 3100 1450 jucundiora
3134 1396 3189 1442 et
3239 1390 3523 1457 dulciora;

1949 1481 2001 1526 et
2045 1473 2190 1542 quod
2247 1475 2404 1543 panis
2448 1486 2503 1529 et
2553 1475 2761 1529 semina
2803 1476 3081 1532 satiabunt
3137 1483 3524 1536 necessitatem

1950 1565 2226 1632 corporis,
2260 1575 2310 1618 et
2340 1581 2479 1635 aqua
2511 1567 2659 1619 sitim
2695 1567 2831 1622 bene
2863 1569 3101 1634 valenti;
3132 1581 3184 1624 et
3209 1575 3353 1641 quod
3386 1585 3523 1628 tem~

1951 1668 2082 1720 pore
2114 1653 2356 1722 legitimo
2402 1655 2771 1724 contingente,
2822 1657 2875 1710 in
2917 1657 3144 1726 gloriam
3181 1660 3274 1715 Dei
3310 1671 3549 1733 oportet.

1951 1747 2196 1812 accipere
2217 1745 2488 1798 volentem
2519 1761 2764 1810 caseum,
2802 1763 2927 1814 ova,
2954 1751 3183 1818 piscem,
3212 1763 3266 1806 et
3295 1755 3516 1818 similia.

1950 1847 2153 1907 quanta
2194 1839 2480 1892 monachis
2509 1838 2911 1907 permittuntur.

2027 2011 2115 2064 62.
2159 2011 2232 2066 De
2256 2012 2380 2066 cibo
2404 2020 2458 2066 et
2489 2019 2616 2080 potu
2647 2026 2835 2071 eorum
2861 2012 3028 2081 quiin
3064 2014 3268 2069 mundo
3302 2014 3522 2070 vivunt:

1949 2117 2001 2158 et
2027 2106 2303 2173 quomodo
2329 2104 2528 2159 debent
2556 2104 2626 2158 ali
2659 2103 2954 2158 Christiani
2979 2123 2994 2170 ;
3031 2115 3086 2159 et
3113 2108 3259 2174 quod
3288 2109 3519 2172 semina,

1949 2208 2002 2251 et
2030 2199 2253 2250 herbam
2284 2211 2314 2249 a
2352 2196 2619 2264 principio
2650 2196 2887 2252 instituit
2925 2196 3068 2252 Deus
3102 2199 3173 2252 ab
3207 2198 3522 2255 hominibus

1951 2289 2300 2353 manducari;
2333 2299 2386 2342 et
2414 2289 2557 2358 quod
2591 2289 2774 2344 carnis
2808 2305 2957 2356 esus,
2983 2301 3038 2344 et
3064 2290 3173 2344 vini
3205 2301 3366 2361 potus
3389 2303 3518 2360 post

1949 2378 2212 2432 diluvium
2261 2379 2316 2432 in
2376 2380 2636 2432 mundum
2689 2379 3066 2445 intraverunt,
3107 2389 3162 2434 et
3212 2383 3296 2436 his
3339 2382 3520 2452 quiin

1951 2473 2155 2526 mundo
2199 2482 2326 2526 sunt
2363 2473 2416 2526 in
2455 2483 2695 2542 tempore
2726 2472 3037 2529 necessario
3086 2473 3189 2530 ista
3226 2475 3518 2542 rejicienda

1949 2573 2098 2618 sunt.

2020 2659 2108 2712 63.
2141 2657 2214 2712 De
2256 2657 2620 2718 ordinatione,
2665 2665 2720 2710 et
2765 2656 3112 2726 depositione
3145 2658 3473 2714 clericorum
3504 2677 3517 2712 :

1946 2758 2000 2804 et
2025 2750 2166 2818 quod
2193 2749 2267 2801 illi
2296 2749 2387 2817 qui
2414 2759 2606 2816 praeter
2626 2756 2829 2801 statuta
2862 2757 3104 2817 tempora
3130 2748 3367 2802 ordinati
3394 2760 3523 2803 sunt

1946 2839 2317 2908 deponuntur,
2341 2847 2394 2891 et
2423 2838 2516 2906 qui
2556 2839 2677 2890 talis
2694 2849 2748 2893 et
2778 2839 3138 2892 ebrietatibus
3172 2851 3330 2893 vocat
3362 2840 3523 2893 cleri-

1947 2946 2046 2985 cus
2073 2930 2387 2999 deponitur,
2415 2930 2587 2984 laicus
2612 2939 2792 2983 autem
2821 2939 3142 2999 separatur;
3171 2940 3226 2985 et
3255 2931 3404 3000 quod
3433 2932 3523 2986 ille

1947 3024 2042 3090 qui
2088 3039 2115 3075 a
2148 3031 2289 3076 statu
2324 3021 2649 3076 sacerdotali
2688 3022 2742 3073 in
2790 3022 3154 3074 mooasticum
3198 3024 3522 3090 ingreditur,

1943 3113 2052 3182 jam
2083 3128 2189 3165 non
2217 3111 2518 3165 ministerio
2547 3126 2708 3166 sacro
2737 3121 2924 3176 vacat;
2959 3122 3012 3165 et
3037 3113 3104 3165 de
3131 3113 3364 3166 diversis
3388 3112 3521 3166 sub—

1943 3205 2135 3273 jectis;
2169 3213 2222 3257 et
2254 3205 2396 3273 quod
2431 3219 2572 3258 unus
2623 3203 2854 3272 spiritus
2894 3203 3185 3271 inspiravit
3238 3206 3290 3257 in
3327 3204 3519 3258 locali-

1955 3298 2054 3351 bus
2083 3299 2204 3350 etin
2225 3295 2570 3365 generalibus
2588 3295 2839 3364 synodis;
2861 3303 2914 3348 et
2938 3303 3153 3365 oportet
3174 3295 3518 3351 Christianos

1950 3404 2190 3445 Canoncs
2227 3389 2442 3442 divinos
2477 3403 2664 3442 earum
2697 3388 3016 3443 observare.

778 3597 905 3651 Post
943 3599 1191 3668 paginam
1217 3598 1291 3664 ς’,
1328 3611 1482 3669 caput
1523 3601 1751 3670 primum
1788 3599 1861 3652 ita
1893 3597 2098 3665 incipit,
2145 3593 2364 3662 pru'lixo
2393 3591 2567 3644 rubris
2600 3591 2791 3645 litteris
2827 3589 3022 3644 titulo:

344 3733 639 3804 Ἐρμηνεία
689 3735 798 3788 τῶν
826 3735 1054 3787 ἐντολῶν
1089 3735 1181 3788 τοῦ
1216 3737 1418 3806 Κυρίου
1470 3736 1626 3806 ἡμῶν
1666 3735 1838 3805 Ἰησοῦ

264 3825 522 3895 Χριστοῦ,
569 3825 723 3894 λόγος
786 3826 1167 3895 διαλαμϐάνων
1220 3833 1347 3897 περὶ
1385 3827 1484 3897 τῆς
1530 3827 1838 3889 ὑποθέσεως

262 3916 357 3968 τοῦ
395 3915 623 3984 βιϐλίου.
660 3916 806 3986 Αὐτὴ
836 3919 868 3986 ὴ
912 3916 1091 3985 βίβλος
1119 3917 1217 3978 τὰς
1252 3917 1347 3970 τοῦ
1384 3919 1588 3990 Κυρίου
1621 3919 1718 3988 μὲν
1749 3920 1835 3970 ὲν-

262 4009 442 4071 τολὰς,
471 4009 566 4061 καὶ
592 4009 690 4071 τὰς
722 4009 928 4061 τούτων
977 4010 1277 4080 ἑρμηνείας
1320 4013 1588 4082 περιέχει,
1641 4028 1837 4081 συναρ-

267 4101 534 4170 μοζούσας
559 4102 613 4154 δὲ
631 4101 856 4163 ταύταις
883 4101 978 4154 καὶ
1004 4102 1464 4166 ὲξακολουθοὺσας
1489 4104 1709 4174 ὁμοίως,
1741 4104 1836 4157 καὶ

261 4195 360 4255 τὰς
409 4193 524 4245 τῶν
552 4195 722 4261 ἁγίων
779 4193 1036 4263 Πατέρων
1065 4195 1410 4258 διδασκαλίας
1451 4196 1841 4268 συμπεριείλη-

263 4299 380 4349 φεν,
404 4282 636 4336 ἕκαστον
667 4285 731 4336 ὲκ
761 4282 993 4347 θατέρου
1021 4284 1298 4353 λαμϐάνον
1328 4286 1428 4357 τὴν
1462 4287 1718 4357 ἀφορμὴν
1743 4304 1837 4340 κεο
1871 4323 1876 4327 -

264 4375 486 4444 φάλαιον
520 4377 779 4444 φέρουσα,
813 4378 908 4428 καὶ
930 4375 1117 4459 ώσπερ
1157 4396 1239 4440 τις
1288 4380 1658 4448 χρυσόπλοκος
1685 4384 1834 4450 σχοῖ-

261 4483 348 4527 νος
371 4467 456 4518 διά
494 4467 676 4529 λίίέων,
718 4470 811 4520 καὶ
848 4471 1206 4539 μαργαριτῶν
1233 4471 1430 4538 τιμίων
1456 4469 1828 4542 ἐξυφασμένη.

2021 3731 2303 3800 Expositio
2378 3729 2758 3781 mandatorum
2833 3725 3054 3780 Domini
3141 3727 3313 3780 nostri
3382 3723 3513 3782 Jesu

1945 3823 2169 3886 Christi,
2203 3835 2383 3875 sermo
2412 3828 2653 3871 tractans
2687 3817 2754 3871 de
2785 3816 3033 3884 subjecto
3066 3815 3209 3870 libri.
3245 3814 3344 3869 llic
3373 3816 3515 3871 liber

1943 3913 2158 3966 Domini
2192 3915 2469 3976 mandata,
2510 3919 2563 3964 et
2594 3913 2787 3962 horum
2832 3908 3227 3976 explicationes
3276 3908 3516 3976 comple-

1942 4007 2127 4070 ctitnr,
2165 4006 2447 4073 adaptatas
2477 4003 2562 4056 his
2595 4011 2648 4055 et
2676 4000 3047 4056 consectarias
3078 3999 3266 4060 simul,
3304 4009 3357 4054 et
3387 4015 3516 4053 san-

1939 4110 2151 4155 ctorum
2170 4096 2392 4150 Patrum
2415 4094 2695 4148 doctrinas
2723 4092 2987 4154 continet,
3007 4089 3302 4160 praeferens
3331 4091 3509 4158 quod-

1896 4204 2045 4257 -que
2073 4196 2240 4256 caput
2284 4201 2314 4239 e
2357 4185 2590 4255 singulis
2640 4182 2896 4236 Palribus
2938 4181 3155 4236 titulum
3198 4194 3423 4234 sumens
3456 4187 3512 4233 et

1937 4283 2080 4332 sicut
2105 4289 2295 4332 catena
2327 4293 2391 4330 ex
2426 4291 2563 4329 auro
2595 4273 2859 4328 fabricata
2889 4280 2943 4328 et
2976 4271 3248 4343 lapidibus
3280 4278 3336 4324 et
3363 4285 3513 4324 mar-

1937 4373 2126 4442 garitis
2157 4371 2440 4425 adornata.

338 4559 593 4611 Ultimum
615 4562 805 4613 desinit
843 4577 861 4613 :
889 4562 1013 4623 Τοῖς
1063 4563 1119 4614 δὲ
1179 4563 1502 4632 φιλομαθέσι
1537 4564 1708 4618 πολλὰ
1741 4565 1833 4616 καὶ

2010 4564 2229 4620 Sciendi
2283 4564 2497 4635 cupidis
2549 4562 2720 4618 multa
2763 4572 2818 4617 et
2868 4561 2972 4615 alia
3023 4558 3240 4614 aliunde
3286 4557 3510 4611 omnino

259 4651 393 4703 ἄλλα
423 4652 751 4722 πολλαχόθεν
782 4651 992 4717 ἔξεστιν
1033 4654 1297 4726 ἐξευρεῖν.

1939 4660 2230 4730 exquirere
2261 4659 2408 4713 licet.

745 4791 807 4844 In
835 4792 1024 4845 ultima
1066 4792 1278 4845 tandem
1309 4795 1514 4863 paginae
1553 4813 1670 4862 ora,
1706 4797 2029 4866 fugientibus
2059 4800 2222 4868 ferme
2264 4799 2453 4852 litteris
2490 4797 2596 4850 Invc
2632 4795 2826 4864 scripta
2858 4802 2978 4849 sunt
3001 4809 3020 4848 :

328 4928 538 4998 Ὥσπερ
571 4928 709 4992 ξένοι
757 4931 1008 5000 χαίρουσι
1054 4934 1284 5002 πατρίδα
1351 4935 1638 5006 ἐμϐλέψαι,
1686 4935 1828 4988 οὕτω

259 5025 350 5074 καὶ
373 5022 422 5074 οἱ
461 5023 762 5092 γράφοντες
795 5023 998 5092 βιϐλίου
1027 5025 1200 5088 τέλος.

2013 4934 2164 4990 Sicut
2197 4934 2455 5004 perigrini
2482 4934 2717 5003 gaudent
2751 4931 2986 5002 patriam
3016 4928 3307 4999 inspicere,
3342 4925 3419 4982 ita
3456 4934 3510 4980 et

1939 5028 2247 5086 scribentes
2273 5026 2435 5084 libelli
2467 5027 2650 5080 tinem.
