4064 6190
407 362 482 418 13
1022 364 1182 421 VITA
1219 366 1279 423 S.
1322 366 1621 426 DIONYSII
1661 371 1991 429 AUCTORE
2030 374 2383 435 ﬂlLDUlNO.
2423 407 2492 419 —-
2529 377 3065 439 PROLEGOMENA.
3611 390 3677 445 li

409 470 1294 564 ’ξίοξξείέιξιὶξέίΐὶίὶέίξέάὲεηνε
1322 477 1388 564 β·
1419 479 1659 564 lacus“
1714 486 1999 564 περιεπάρη
2028 493 2075 550 Α
2105 486 2312 564 pulmo!
2335 487 2578 564 fuissem
2601 494 2770 549 choro
2796 495 2982 552 smn
3013 497 3249 556 Medardi
3272 501 3680 564 suemus

406 552 461 595 et
487 539 680 605 abbas;
710 539 932 598 futurus
955 546 1102 599 omni
1128 562 1191 601 ex

414 612 547 680 vico,
580 610 898 680 imperatori
928 622 982 668 et

408 679 551 733 haud
583 678 885 745 fefellisset,
913 694 973 739 ut

402 749 637 815 ﬂrolitls,

1224 556 1378 621 parte
1415 550 1702 621 gloriosus,
1736 555 1781 608 si
1822 553 1997 610 Ludo-

1077 624 1128 690 st
1156 632 1280 690 eum
1318 619 1513 675 Carolo
1542 620 1658 690 ejus
1691 622 1799 678 lilio
1837 625 2013 685 iidem.

1053 687 1270 741 otbario
1297 687 1686 763 assentareﬁr.
1720 693 1995 752 Laudatus

866 765 1086 809 secutus
1113 764 1200 810 est
1225 768 1417 815 auctor
1442 760 1694 817 Historiae
1729 764 1997 821 universi-

405 820 538 875 tatis
593 820 922 881 Parisiensis
972 833 1119 881 tomo
1142 826 1184 892 ι,
1214 843 1336 900 pag.
1378 830 1504 896 604,
1536 834 1734 890 asserit
1758 849 1883 890 eum
1910 820 1996 895 se-

2101 559 2385 635 e_rcgi_one
2420 562 2675 635 praecipui
2724 565 2931 634 altaris,
2964 568 3053 626 ubi
3087 579 3215 631 ante
3238 573 3472 631 dirutam
3498 559 3677 635 s‘Cal:

2097 629 2636 713 finistis'ecdesiain
2664 629 2947 713 yisebatur
2975 640 3149 713 adhuc
3162 641 3313 713 lapis
3339 629 3676 713 sepulcralis.

2099 698 2256 765 Quod
2293 697 2463 773 siita
2485 712 2600 768 est,
2628 704 2704 759 ait
2738 704 3105 773 Mabillonius,
3162 697 3306 767 hu'nc
3352 697 3679 773 *al‘i'biiiiiiin

2097 782 2272 895 Eique
2305 770 2427 842 ejus
2454 772 2556 829 loci
2589 773 2839 831 abbatem
2867 770 3248 849 perseverasse
3276 770 3681 842 concedendum

418 967 3186 1017 ———————_______._.___.___________________

1524 1058 2573 1245 ABEOPAGITICA

1974 1364 2115 1410 SIVE

982 1516 1661 1636 SANGTI
1731 1526 2564 1649 DIONYSII
2647 1538 3124 1657 VITA

1332 1726 1532 1788 Jussu
1566 1727 1879 1791 Ludovici
1914 1729 2022 1791 Pii
2053 1731 2125 1793 ab
2165 1734 2486 1799 HILDUINO
2522 1741 2784 1821 scripta.
3050 1778 3062 1788 -

1886 1871 1978 1933 (Ex
2002 1872 2192 1933 Suria.)

1893 2006 2169 2025 ψ

1660 2094 2212 2178 PROLEGOM
2226 2103 2345 2181 EN
2359 2106 2439 2182 Α.

397 2440 643 2512 Epistula
664 2434 895 2513 piissimi
908 2432 1130 2513 Augusti
1147 2432 1348 2487 domini
1373 2429 1647 2513 Ludovici,
1673 2430 1744 2485 ad
1758 2429 1987 2513 ildui-

470 2526 595 2565 num
629 2502 1245 2563 venerabilem'abbatem
1280 2502 1586 2557 monasterii
1622 2502 1985 2555 sanctissimo-

473 2587 907 2654 rumptartyrutn
942 2573 1191 2654 Dionysii
1204 2573 1571 2654 sociorumque
1594 2572 1729 2654 ejus:
1758 2571 1824 2625 de
1839 2570 1988 2625 colli-

611 2648 623 2659 '
677 2650 735 2703 in
754 2640 944 2716 Eorpus
974 2640 1133 2699 unius
1160 2652 1333 2698 textus
1359 2642 1441 2696 Itis
1460 2640 1580 2713 quia
1603 2640 1660 2696 in
1680 2640 1986 2723 Grecorum

468 2650 704 2775 ὕπαρ-ἥδ
747 2733 814 2771 ea:
841 2712 1204 2775 pretiosissimi
1250 2712 1503 2775 martyris
1526 2708 1767 2775 Dionysi:
1798 2720 1986 2766 notma

505 2719 704 2775 istoriis
747 2733 814 2771 ea:
840 2708 1204 2785 pretiosissimi
1250 2708 1503 2784 martyris
1526 2708 1767 2783 Dionysii
1798 2708 1987 2766 notitia

466 2791 666 2860 passim
697 2785 895 2857 scripta
924 2793 1205 2856 repererat.

469 2902 527 2958 In
566 2900 789 2956 nomine
844 2897 1059 2955 Domini
1082 2897 1178 2955 Dei
1209 2906 1266 2954 et
1307 2896 1608 2955 Salvatoris
1657 2896 1829 2955 nostri
1860 2895 1987 2952 Jesn

393 2997 623 3058 Christi,
654 2992 984 3058 Ludovicus,
1032 2992 1215 3051 divina
1252 2992 1645 3067 repropitiante
1676 2990 1986 3057 clementia,

393 3089 699 3158 ingrato:
727 3083 1025 3157 Augustus,
1062 3081 1340 3149 Hilduino,
1370 3091 1477 3139 etc.
1506 3081 1686 3154 (Hanc
1714 3081 1988 3155 epistolam

395 3181 609 3252 require
635 3179 779 3233 intr
812 3174 1257 3249 "mea
1298 3173 1387 3231 Pii
1414 3176 1634 3247 hujusce
1666 3172 1989 3247 Patrologia:

392 3284 539 3328 ιοιηο
569 3269 722 3339 CIV,
753 3269 1064 3337 col.1326.)

1161 3382 1223 3437 ll.

395 3495 748 3578 Rescriptnm_
764 3494 1008 3578 Hildttini
1029 3495 1241 3578 a'bbatis.
1261 3496 1331 3549 ad
1352 3497 1741 3578 serenis-simum
1763 3496 1989 3578 impera-

473 3564 664 3631 torem,
713 3567 986 3648 dominum
1040 3566 1386 3648 Ludovicum.
1434 3564 1591 3648 (inde
1648 3576 1699 3648 et
1757 3564 1989 3637 qualiter

473 3648 683 3719 smptu
702 3646 824 3719 sunt
846 3653 911 3690 ea
944 3653 1068 3719 aut:
1096 3638 1153 3692 in
1180 3652 1368 3719 corpus
1390 3638 1547 3719 unius
1573 3645 1770 3719 textus,
1795 3652 1984 3719 secunf

2023 2321 2067 2380 Β
2092 2317 2334 2379 omnium
2364 2320 2667 2377 studiorum
2697 2323 2844 2381 iiium
2874 2337 3154 2389 auctorem
3177 2348 3297 2393 esse
3312 2353 3422 2405 non
3450 2344 3670 2403 dubiant

2085 2416 2191 2469 est,
2221 2408 2312 2478 qui
2350 2424 2581 2479 quorum
2604 2412 2806 2503 incitat
2848 2430 3076 2490 mentes,
3106 2440 3215 2497 quo
3244 2429 3347 2487 sibi
3375 2433 3551 2503 placet
3583 2440 3669 2494 in-

2085 2500 2244 2570 genio
2266 2498 2485 2569 adjuvat
2509 2502 2768 2561 actiones.
2803 2505 2912 2565 Sed
2937 2520 2993 2567 et
3022 2513 3076 2569 in
3112 2516 3216 2573 hoc
3248 2498 3402 2578 valde
3424 2528 3658 2586 exsultat

2086 2589 2314 2659 spiritus
2336 2604 2489 2647 meus
2510 2592 2562 2647 in
2586 2593 2700 2652 Deo
2718 2597 2940 2655 salutari
2971 2616 3111 2672 meo,
3131 2610 3386 2677 quoniam
3404 2612 3669 2675 Christia-

2086 2681 2344 2739 nissimus
2385 2684 2595 2742 animus
2639 2697 2820 2745 vester
2867 2691 2947 2749 sic
2988 2696 3390 2760 evidentissime
3433 2721 3558 2779 erga
3605 2725 3667 2768 se

2086 2774 2284 2832 divina:
2320 2776 2577 2835 bonitatis
2618 2781 2904 2852 beneﬁcia,
2945 2796 2999 2842 et
3043 2801 3352 2850 sanctorum
3382 2774 3663 2873 cognoscit

2086 2864 2296 2924 solatia.
2322 2876 2376 2923 et
2409 2875 2516 2922 tam
2552 2872 2953 2941 promptissime
2997 2891 3058 2933 se
3099 2892 3390 2940 accensum
3431 2864 3669 2948 ostendit

2088 2953 2236 3010 circa
2260 2957 2501 3013 auctoris
2514 2966 2585 3012 et
2606 2963 2935 3029 reparatoris
2960 2965 3066 3034 sui,
3091 2982 3186 3025 seu
3207 2974 3522 3042 specialium
3551 2982 3667 3038 sul-

2088 3044 2422 3116 t'ragatorum
2440 3063 2682 3116 suorum,
2706 3056 3110 3114 venerationem
3130 3073 3295 3134 atque
3319 3067 3669 3140 obsequium.

2089 3134 2208 3193 Non
2242 3139 2388 3194 enim
2421 3140 2500 3196 sic
2532 3143 2600 3197 ab
2633 3143 2837 3202 intimis
2885 3147 2972 3218 pia
3019 3152 3200 3210 anima
3256 3169 3436 3215 vestra
3471 3134 3669 3221 vdivina

2088 3228 2442 3286 conﬁteretur
2496 3247 2619 3289 vera
2655 3243 2710 3290 et
2752 3236 2897 3306 justa
2946 3239 3178 3311 judicia,
3224 3247 3328 3305 nisi
3370 3266 3431 3308 se
3494 3253 3667 3324 ipsam

2090 3328 2281 3378 sancto
2316 3323 2668 3382 illuminatam
2690 3339 3039 3400 cognosceret
3069 3339 3300 3408 spiritu:
3332 3359 3435 3402 nec
3456 3323 3532 3402 ita
3563 3349 3661 3406 de-

2090 3411 2368 3470 votissime
2402 3416 2563 3472 amici
2617 3418 2708 3475 Dei
2751 3421 2890 3478 bene
2933 3434 3084 3494 gesta
3125 3438 3181 3486 et
3215 3432 3379 3501 dicta,
3409 3439 3661 3498 maximae

2090 3504 2406 3574 sagacitatis
2435 3517 2630 3564 vestne
2663 3511 2949 3580 prudentia
3001 3523 3357 3594 perquireret,
3388 3528 3491 3584 nisi
3517 3546 3666 3587 sum-

2089 3610 2237 3649 mum
2262 3596 2485 3663 bonum,
2512 3615 2543 3653 a
2575 3615 2683 3671 quo
2720 3611 2775 3658 et
2802 3616 2900 3675 per
2948 3622 3109 3678 quem
3134 3614 3316 3670 omnia
3350 3628 3477 3675 sunt
3503 3622 3666 3692 bona,

472 3683 911 3779 ἦῆ,ἳῦῶᾶἔῶ
937 3683 1546 3777 ᾧ-ἑῧω·’·ννὲἇῶἓ;αῖτὲἷ
1574 3683 1983 3779 ’ὧῐεᾶνξᾶῖξι
2014 3683 2058 3744 C
2089 3683 2359 3754 diligeret.
2402 3686 2567 3779 Cujus
2595 3707 2781 3750 amore
2829 3696 3077 3769 religiosa
3116 3703 3330 3761 devotio
3360 3719 3541 3765 vestra
3578 3728 3669 3768 ac-

475 3776 784 3859 Latinorum
808 3776 1062 3859 historiis.
1085 3776 1150 3831 de
1184 3777 1371 3831 notitia
1398 3776 1820 3859 excellentissimi
1846 3792 1989 3829 mar-

472 3848 605 3920 tyris
631 3847 892 3918 Dionysii.

472 3958 704 4013 Domino
724 3956 1056 4028 benignitate
1090 3957 1395 4014 admirabili
1442 3967 1497 4015 et
1529 3961 1867 4016 auctoritatis
1903 3974 1988 4016 re-

405 4048 651 4105 verentia
682 4047 1008 4113 honorabili,
1040 4047 1320 4104 Ludovico
1349 4048 1444 4104 Pio
1479 4064 1697 4121 semper
1721 4050 1982 4121 Augusto,

396 4140 690 4197 llilduinus
736 4140 958 4196 humilis
1008 4136 1210 4198 Christi
1249 4141 1502 4211 famulus,
1528 4154 1584 4201 et
1638 4146 1841 4202 domini
1882 4146 1986 4202 mei

400 4231 645 4303 Dionysii
690 4232 936 4305 pretiosi,
974 4247 1039 4289 ac
1094 4233 1366 4289 sociorum
1412 4235 1530 4305 ejus
1559 4235 1985 4302 matricularius,

399 4331 708 4394 vestrmque
752 4323 1019 4394 imperiali
1073 4324 1431 4380 dominationi
1480 4326 1534 4380 in
1587 4327 1840 4383 omnibus
1898 4328 1989 4383 de-

400 4413 748 4478 votissimus,
794 4422 1119 4483 praesentem
1184 4414 1238 4469 in
1301 4414 1523 4471 Christo
1569 4418 1986 4487 prosperitatem

399 4515 568 4576 atque
595 4513 810 4561 aeterna:
836 4504 1113 4561 felicitatis
1144 4508 1576 4565 benedictionem
1605 4518 1755 4580 optat
1784 4518 1838 4565 et
1876 4511 1988 4583 glo-

400 4595 564 4650 riam.
1532 4608 1539 4621 '

470 4685 512 4742 l.
552 4684 853 4741 Exsullavit
878 4704 969 4741 cor
993 4704 1165 4742 meum
1206 4689 1261 4742 in
1308 4687 1560 4756 Domino,
1605 4699 1655 4743 et
1694 4690 1986 4744 exaltatum

398 4784 475 4829 est
506 4790 671 4829 cornu
693 4791 864 4829 meum
888 4775 946 4830 in
973 4775 1081 4831 Deo
1107 4793 1241 4832 meo.
1274 4776 1567 4832 Dilatatum
1604 4788 1680 4833 est
1705 4795 1762 4833 os
1790 4794 1978 4845 meum,

398 4876 456 4923 et
474 4868 791 4940 gaudebunt
813 4868 959 4927 labia
984 4884 1126 4937 mea,
1160 4879 1221 4925 ut
1251 4873 1567 4928 annuntiem
1595 4875 1863 4944 praeconia
1891 4874 1988 4930 do—

400 4959 535 5014 mini
565 4958 668 5015 mei
702 4956 1080 5032 gloriosissinti
1108 4963 1364 5035 martyris
1388 4962 1652 5036 Dionysii,
1684 4966 1753 5020 ab
1783 4964 1987 5022 eximio

2086 3788 2248 3831 censa
2279 3791 2405 3834 esse
2424 3778 2782 3851 dignoscitur,
2813 3794 2873 3840 ut
2904 3785 3105 3846 Christi
3145 3795 3375 3852 militum
3407 3799 3674 3871 gloriosos

2087 3867 2393 3939 triumphos
2416 3873 2736 3943 inquireret.
2763 3874 2910 3946 Quos
2939 3894 3061 3939 cum
3093 3887 3325 3954 noverit,
3353 3867 3453 3960 per
3478 3908 3669 3952 eorum

2088 3958 2415 4031 adiutorium
2452 3966 2730 4023 robustius
2780 3979 2969 4028 contra
3010 3976 3141 4031 vitia
3184 3958 3544 4056 vitiorumque
3575 4003 3674 4043 au-

2087 4059 2266 4107 ctores
2289 4055 2548 4125 pugnabit
2587 4074 2599 4110 :
2638 4069 2908 4128 quatenus
2945 4075 3245 4139 martyrum
3277 4055 3520 4147 exempla
3550 4094 3669 4136 seco

2091 4145 2274 4211 tando,
2303 4145 2395 4213 qui
2422 4146 2653 4204 viriliter
2675 4160 2955 4211 certavere
2976 4166 3031 4211 et
3045 4157 3275 4218 ﬁdeliter
3305 4145 3666 4239 satis—vicere,

2087 4236 2155 4291 ad
2194 4235 2451 4307 palmam,
2483 4256 2591 4311 qua
2643 4243 2719 4300 illi
2752 4250 3020 4305 munerati
3068 4263 3211 4322 sunt,
3243 4266 3299 4313 et
3322 4258 3436 4330 ipse
3459 4235 3670 4333 pertiti;

2087 4338 2199 4400 gat.
2238 4326 2356 4387 Huc
2395 4334 2605 4392 accedit
2632 4338 2700 4392 ad
2734 4338 2845 4394 voti
2880 4346 2937 4395 et
2958 4326 3557 4409 sollicitudinis—vestrm
3586 4355 3671 4410 in-

2088 4421 2463 4492 citamentum,
2492 4428 2618 4497 quia
2648 4428 2848 4487 Esdras
2903 4438 3106 4492 saneta:
3133 4436 3427 4511 Scriptura:
3454 4459 3672 4517 repara-

2089 4522 2196 4581 tor,
2236 4528 2488 4587 magnum
2539 4523 2994 4580 remunerationis
3040 4526 3237 4584 donum
3288 4531 3484 4591 exinde
3526 4539 3669 4611 apud

2090 4606 2257 4661 Deum
2304 4610 2623 4679 promeruit,
2655 4621 2709 4667 et
2740 4610 3009 4673 laudabile
3047 4618 3146 4674 sibi
3175 4636 3369 4679 nomen
3394 4629 3537 4697 apud
3560 4606 3668 4690 bo-

2088 4696 2262 4753 mines
2286 4699 2591 4770 acquisivit.

2159 4786 2220 4841 ll.
2269 4786 2534 4856 Quocirca
2566 4802 2619 4851 et
2648 4805 2840 4853 vestra:
2895 4800 3197 4859 sedulitatis
3234 4807 3512 4879 instantia,
3543 4829 3663 4870 cum

2086 4890 2186 4947 pro
2216 4892 2408 4950 magna
2433 4883 2755 4954 antiquitate
2791 4887 2950 4958 hujus
2991 4895 3318 4955 sanctissimi
3365 4904 3538 4972 patris
3566 4920 3667 4960 no-

2087 4970 2209 5036 stri,
2236 4982 2495 5051 quantum
2524 4977 2592 5032 ad
2619 4980 3022 5048 generationem
3051 4993 3338 5056 terrenam,
3366 4970 3422 5046 et
3444 5008 3671 5048 conver—

398 5049 733 5121 imperatore
758 5051 977 5108 domino
1000 5051 1471 5126 meojussus,qua3
1497 5056 1727 5112 reticere
1754 5070 1859 5112 non
1881 5072 1979 5126 ρο·
2007 5053 2059 5112 D
2084 5061 2292 5117 sionem
2322 5049 2414 5120 seu
2440 5066 2648 5123 obitum
2673 5071 2888 5139 attinet,
2924 5074 3060 5130 mira
3103 5080 3391 5137 sanctitate
3413 5090 3467 5137 et
3495 5081 3630 5137 mira
3647 5114 3665 5125 -

397 5150 597 5207 teram,
627 5145 844 5201 etiamsi
872 5158 903 5200 a
939 5161 1208 5217 quoquam
1238 5148 1458 5204 fuissem
1489 5148 1627 5205 forte
1654 5149 1977 5220 prohibitus,

396 5240 455 5287 et
483 5247 672 5288 revera
701 5234 898 5307 magna
921 5236 1054 5291 mihi
1080 5246 1164 5293 est
1202 5238 1693 5313 ratiogratulandi,
1723 5244 1979 5314 quoniam

397 5323 727 5383 cumulatius
773 5328 905 5384 mihi
959 5328 1211 5387 effectum
1264 5332 1520 5391 desiderii
1564 5335 1668 5391 mei
1721 5346 1983 5407 prteslare

395 5414 569 5471 voluit
596 5416 781 5475 divina
807 5420 1071 5493 dignatio,
1099 5428 1160 5479 ut
1181 5424 1381 5480 mentis
1405 5442 1539 5482 meae
1578 5436 1898 5499 conceptum
1932 5429 1982 5489 ei

393 5505 620 5577 placere
669 5518 1053 5581 cognoscerem
1075 5553 1089 5579 ,
1122 5527 1257 5571 cum
1307 5516 1448 5585 quod
1490 5532 1651 5589 agere
1688 5531 1983 5591 spontanee

394 5596 722 5667 asponebat
768 5615 888 5657 mea
945 5602 1248 5669 humilitas,
1293 5606 1346 5660 in
1381 5610 1590 5680 agendo
1642 5610 1764 5668 data
1820 5628 1981 5669 manu

394 5686 764 5755 auctoritatis,
794 5702 1182 5762 conpararetur
1215 5706 1394 5753 vestra
1432 5698 1543 5756 Deo
1569 5700 1788 5771 placens
1811 5704 1981 5760 subli-

395 5778 586 5837 mitas.
615 5776 731 5845 Qua
778 5781 844 5836 de
886 5798 944 5839 re
978 5782 1239 5842 bonorum
1279 5804 1503 5861 operum
1535 5799 1587 5848 et
1621 5795 1980 5864 spiritualium

2088 5152 2332 5209 culorum
2360 5157 2638 5226 prodigiis,
2665 5161 2784 5216 orbi
2815 5177 2953 5234 pene
2982 5175 3180 5223 cuncto
3214 5170 3447 5226 innotuit
3479 5190 3492 5226 :
3525 5173 3669 5228 uoti—

2090 5250 2162 5302 tia
2194 5249 2362 5322 ipsius
2384 5254 2569 5321 paucis
2604 5264 2910 5315 nostrorum
2943 5264 3178 5334 cognita,
3209 5264 3456 5335 plurimis
3488 5267 3669 5323 adhuc

2091 5354 2316 5396 mancus
2340 5341 2630 5416 incognita,
2660 5364 2782 5404 cum
2819 5365 2917 5419 per
2940 5363 3177 5410 vestrum
3221 5357 3454 5413 studium
3479 5366 3667 5431 patue-

2090 5428 2186 5493 rit,
2216 5440 2272 5486 et
2301 5433 2575 5502 meritum,
2607 5448 2668 5493 ut
2700 5440 2893 5498 melius
2920 5443 3018 5513 ipsi
3050 5445 3232 5510 scitis,
3268 5428 3666 5520 grandeivobis

2091 5522 2480 5591 conciliabitis,
2518 5538 2577 5584 et
2622 5534 2938 5590 memoriale
2978 5545 3299 5608 perpetuum
3352 5543 3665 5613 acquiretis.

2090 5611 2280 5670 Faciat
2309 5623 2490 5674 autem
2520 5619 2801 5690 Dominus,
2833 5633 2892 5679 ut
2915 5635 2972 5680 et
3001 5642 3100 5685 nos
3146 5628 3324 5688 idonei
3350 5611 3668 5705 cooperato—

2089 5720 2176 5762 res
2197 5708 2558 5776 inveniamur,
2585 5713 2650 5769 ad
2674 5715 2827 5770 bonae
2849 5712 3144 5776 voluntatis
3170 5733 3360 5778 vestrm
3379 5723 3666 5795 perfectio-

2087 5812 2231 5868 nem,
2263 5801 2353 5871 qui
2386 5812 2537 5860 tanto
2574 5805 2693 5860 sine
2733 5804 2912 5878 aliqua
2940 5810 3277 5868 haesitatione
3306 5813 3504 5870 vestris
3549 5814 3666 5885 jus-
