4064 6190
435 303 530 358 τε

1400 305 1562 362 arra
1599 305 1658 362 s.
1700 303 1991 362 utonvsn
2030 304 2354 361 accronn
2388 305 2728 364 HlLDUlNO.
3639 306 3704 362 ίσ

430 413 701 472 ~sionibus
732 414 1034 482 obedimus,
1072 424 1274 486 quanto
1317 414 1407 470 illa
1441 417 1643 487 rogatis
1673 416 1843 472 seduli
1869 429 2027 470 exac—
2056 422 2106 480 Α
2132 415 2264 470 vidit
2287 429 2302 468 :
2324 425 2378 471 et
2404 417 2528 486 quia
2555 424 2684 471 tunc
2707 415 2894 487 viginti
2921 423 2974 472 et
3001 414 3238 486 quinque
3263 423 3383 470 erat
3408 430 3698 483 annorum,

457 512 624 570 tores,
649 520 769 575 quae
797 505 1116 561 exhibemus
1137 504 1427 562 voluntarii
1449 515 1814 562 cxsecutores.

523 593 731 649 Idcirco
756 595 881 664 quia
903 601 1114 663 reperta
1141 608 1388 664 quaeque,
1415 604 1525 650 tam
1558 595 1611 649 in
1637 593 1842 651 Crtecis
1865 612 2028 667 quam

437 680 510 734 .in
540 679 746 736 Latinis
788 681 1083 746 codicibus,
1109 697 1174 737 ex
1201 682 1420 739 domino
1461 692 1516 738 et
1574 693 1802 754 patrono
1841 695 2028 742 nostro

455 769 732 841 Dionysio,
777 786 896 840 quas
950 771 1212 827 hactenus
1253 773 1432 828 minus
1478 775 1845 844 cognovimus,
1875 777 2027 832 vobis

432 860 605 915 ocius
644 862 699 915 in
727 877 893 914 unum
934 861 1158 916 collecta
1205 862 1418 917 mittere
1453 863 1696 934 poscitis,
1744 873 1798 920 et
1842 867 2028 920 incon-

445 966 646 1021 gruum
687 952 953 1018 ducimus,
998 953 1340 1008 auctoritatis
1389 966 1581 1009 vestras
1623 955 1713 1025 pio
1758 955 2026 1011 desiderio

439 1039 677 1106 [diﬂ‘erri,
717 1043 859 1112 quod
880 1058 946 1097 ex
973 1043 1156 1099 debito
1184 1045 1505 1099 servitutem
1541 1056 1778 1100 nostram
1811 1055 2026 1102 constat

421 1131 646 1187 -debere
673 1132 881 1204 largiri,
907 1143 1166 1202 quantum
1200 1134 1452 1190 connivet
1478 1135 1720 1190 brevitas
1744 1138 2021 1208 temporis,

422 1223 706 1293 vquidquid
745 1226 827 1280 ori
866 1227 1197 1298 suggesserit
1233 1230 1490 1283 memoria
1537 1229 1659 1284 citae
1693 1231 2023 1286 recordatio-

427 1314 551 1379 .»nis,
581 1313 796 1370 favente
823 1315 1073 1383 Domino,
1102 1318 1365 1373 velociter
1387 1319 1737 1374 scribentium
1773 1323 2022 1376 commit-

418 1415 620 1462 ktemus
665 1409 997 1464 notariorum
1053 1410 1297 1466 articulis
1337 1429 1350 1465 :
1384 1411 1740 1483 deprecantes
1783 1425 2020 1470 vestram

421 1499 722 1555 humiliter
747 1501 1096 1571 sapientiam,
1132 1517 1200 1557 ne
1239 1503 1292 1557 in
1339 1502 1444 1568 his,
1474 1518 1595 1572 quae
1631 1506 1939 1560 reverentia
1965 1515 2022 1562 et

423 1603 633 1645 -vamore
659 1591 986 1646 sanctissimi
1017 1593 1294 1662 martyris,
1322 1601 1378 1648 et
1396 1602 1613 1664 propter
1635 1592 1897 1662 jussionis
1923 1612 2016 1650 ve-

416 1685 572 1733 :strae
605 1679 972 1735 obedientiam
1010 1681 1295 1736 scribenda
1331 1682 1696 1753 aggredimur,
1728 1685 2017 1740 verborum

2129 507 2242 578 ipse
2281 508 2334 561 in
2361 508 2622 577 epistolis,
2670 508 2738 562 ad
2779 506 3133 579 Polycarpum
3164 505 3564 578 Smyrnzeorum
3591 507 3704 577 epio

2127 611 2383 665 scopum,
2433 604 2487 652 et
2538 597 2608 651 ad
2665 597 2914 652 eumdem
2976 595 3429 666 Apollophanium
3484 595 3700 660 missis,

2125 684 2380 738 ostendit.
2407 683 2542 751 Quia
2567 699 2698 739 vero
2720 699 2843 738 cum
2864 683 3010 737 omni
3036 683 3196 738 domo
3216 689 3271 737 et
3295 681 3512 737 Damari
3532 699 3702 740 uxore

2127 789 2222 829 sua
2253 774 2567 840 crediderit,
2598 775 2757 830 lectio
2789 775 3018 829 Actuum
3050 773 3414 844 apostolorum
3443 774 3620 839 docet,
3645 784 3702 831 et

2125 865 2430 921 evidentius
2454 866 2699 938 dialogus
2730 865 2914 922 Basilii
2953 875 3009 921 et
3034 864 3283 931 Joannis,
3304 866 3540 937 capitulo
3566 868 3602 923 5
3628 869 3694 923 li-

2123 957 2207 1013 bri
2235 959 2434 1028 quarti,
2457 959 2812 1014 demonstrat.
2855 957 2962 1014 Sed
3001 967 3057 1013 et
3083 959 3272 1012 beatus
3300 959 3618 1016 Ambrosius
3645 961 3696 1016 in

2122 1047 2350 1118 epistola
2383 1047 2450 1100 ad
2494 1046 2886 1111 Vercellenses,
2938 1045 3182 1100 eamdem
3217 1060 3439 1100 uxorem
3477 1045 3595 1116 ejus
3627 1063 3692 1102 ex

2121 1119 2344 1193 nomine
2379 1138 2689 1208 designans,
2712 1137 2996 1209 perspicue
3021 1135 3352 1191 manifestat.
3388 1135 3586 1192 Beatus
3606 1137 3698 1192 de-

2123 1232 2286 1301 nique
2319 1229 2480 1290 Pater
2520 1229 2852 1299 Augustinus
2899 1229 2953 1282 in
2983 1241 3232 1282 sermone
3256 1239 3281 1266 δ
3309 1225 3694 1296 pulcherrimo,

2122 1336 2282 1392 quem
2309 1321 2375 1375 de
2413 1320 2741 1374 seminatore
2769 1317 2918 1373 verbi
2963 1318 3221 1386 scripsit:
3251 1333 3269 1367 ι
3299 1316 3539 1386 Apostoli
3581 1332 3697 1371 ser-

2121 1425 2281 1466 mone
2304 1410 2476 1473 ilnito,
2527 1409 2711 1464 audita
2757 1408 2869 1463 illic
2908 1406 3304 1462 resurrectione
3331 1415 3692 1470 mortuorum,

2119 1517 2240 1571 qua:
2261 1501 2529 1572 praacipue
2549 1508 2634 1555 est
2655 1499 2789 1553 ﬁdes
2823 1495 3272 1559 Christianorum,
3302 1494 3468 1550 refert
3493 1495 3694 1550 dixisse

2119 1590 2501 1653 Athenienses,
2530 1587 2814 1641 Audiemus
2837 1596 2886 1640 te
2911 1586 2974 1640 de
2994 1585 3090 1640 hoc
3112 1586 3320 1639 iterum.
3350 1583 3520 1639 Erant
3546 1586 3690 1640 enim

2118 1679 2337 1750 quidam
2392 1680 2534 1735 inter
2576 1694 2671 1734 eos
2724 1679 3031 1743 irridentes,
3088 1677 3309 1747 quidam
3357 1675 3690 1743 dubitantes,

418 1769 873 1838 .,pomposiiatem,
900 1778 994 1824 aut
1040 1771 1349 1828 dictationis
1386 1773 1647 1843 leporem,
1677 1776 1769 1830 sed
1791 1777 2018 1846 plu-issi-
2046 1777 2092 1835 Β
2120 1769 2338 1838 quidam
2374 1769 2676 1836 credentes,
2707 1777 2868 1838 atque
2914 1770 2968 1821 in
3003 1767 3082 1822 eis
3131 1767 3440 1821 nominatur
3469 1768 3690 1837 quidam

437 1875 541 1915 mae
571 1861 841 1928 veritatis,
895 1863 1037 1918 sicut
1081 1864 1149 1919 ab
1189 1865 1538 1935 antiquorum
1568 1866 1746 1934 dictis,
1775 1871 2012 1938 sumpsi-

411 1967 576 2018 ~mus,
607 1967 852 2022 quaerere
891 1954 1153 2010 studeatis
1195 1955 1568 2011 sinceritatem
1615 1971 1631 2012 :
1670 1973 1875 2028 nosque
1921 1975 2014 2015 re-

409 2044 774 2113 tprehendere
822 2044 890 2100 de
927 2060 1182 2112 casuum,
1208 2049 1650 2117 prtepositionum
1692 2062 1856 2121 atque
1891 2066 2015 2106 con-

419 2133 776 2203 ,junctionum
824 2134 1040 2198 virtute,
1079 2150 1172 2189 seu
1209 2136 1508 2191 litterarum
1540 2138 1594 2191 in
1624 2138 2013 2209 subsequentes

432 2222 830 2289 immutatione,
846 2222 929 2276 vel
943 2232 1291 2293 punctorum.
1306 2226 1604 2281 secundum
1627 2236 1802 2282 artem
1833 2244 2015 2298 gram-

409 2311 686 2366 .maticam
713 2311 1001 2382 positione,
1043 2313 1218 2368 nolite
1249 2332 1260 2367 :
1290 2315 1415 2384 quia
1439 2331 1552 2370 non
1581 2315 1634 2370 id
1662 2317 2006 2381 studendum,

424 2402 525 2454 sed
554 2409 754 2456 nostra:
783 2400 1163 2458 deservitionis
1191 2404 1511 2474 obsequium
1530 2446 1544 2471 ,
1572 2421 1636 2460 ac
1668 2408 2012 2461 commenda-

408 2491 594 2546 tionis
630 2500 825 2547 vestrae
871 2490 1136 2558 cilicium,
1165 2493 1582 2550 accelerandum
1627 2497 1965 2566 suscepimus
1994 2516 2007 2552 :

407 2583 666 2638 maxime
695 2597 818 2638 cum
864 2583 1000 2650 haec,
1033 2599 1153 2653 quae
1197 2585 1266 2639 ab
1304 2585 1476 2640 aliena
1518 2585 1699 2658 lingua
1743 2589 2009 2658 expressi-

423 2688 576 2739 mus,
603 2672 894 2728 intenoris
923 2674 1086 2739 serie,
1114 2675 1255 2730 sicut
1279 2676 1344 2730 de
1367 2676 1547 2746 ,prazlo
1575 2685 1700 2731 sunt
1747 2678 2005 2748 eliquata,

403 2771 675 2818 .texemus
703 2781 716 2816 :
742 2779 868 2834 qua:
891 2763 1021 2820 licet
1047 2765 1098 2818 in
1128 2765 1574 2835 interpretatione
1594 2785 1702 2824 non
1732 2771 2004 2826 redoleant

399 2869 713 2926 :supparem
757 2856 1025 2912 sermonis
1065 2857 1311 2924 odorem,
1353 2860 1598 2929 sapidum
1654 2854 1832 2918 tamen
1869 2863 2007 2920 refe-

423 2955 553 3001 runt
580 2947 826 3002 veritatis
873 2955 928 3002 et
980 2947 1286 3004 intellectus
1320 2951 1402 3004 sui
1445 2966 1716 3021 saporem.
1749 2952 2004 3010 Ordinem

422 3035 590 3105 igitur
645 3035 919 3102 historiaa,
967 3038 1108 3092 sicut
1147 3048 1327 3094 vestra
1370 3040 1532 3110 jussit
1585 3041 1910 3112 dominatio,
1947 3047 2002 3101 in

2115 1859 2405 1930 Dionysius
2428 1859 2778 1931 Areopagita,
2806 1859 2859 1914 id
2883 1867 2966 1913 est
2985 1857 3396 1912 Atheniensium
3420 1858 3691 1928 principa-

2115 1949 2181 2005 lis
2204 1965 2218 2004 :
2239 1959 2294 2005 et
2328 1950 2522 2005 mulier
2554 1951 2800 2020 quaedam
2833 1948 3048 2014 nobilis,
3081 1949 3300 2005 nomine
3334 1948 3602 2015 Damaris,
3637 1959 3690 2006 et

2115 2041 2206 2096 alii
2242 2041 2445 2110 plures.
2479 2060 2498 2093 ι
2543 2041 2612 2094 Et
2639 2040 2694 2094 in
2746 2041 2936 2095 eodem
2980 2053 3246 2103 sermone,
3292 2037 3383 2094 ubi
3429 2039 3496 2094 de
3535 2054 3689 2095 scan-

2114 2133 2238 2188 dalo
2263 2131 2577 2187 Judaeorum
2603 2139 2657 2186 et
2699 2130 2927 2185 stultitia
2956 2129 3198 2200 gentium
3223 2129 3432 2195 scribit,
3460 2130 3646 2186 dicens
3671 2148 3684 2184 :

2120 2243 2139 2276 ι
2173 2224 2382 2278 Iudicis
2407 2223 2616 2295 quidem
2653 2221 2986 2288 scandalum,
3029 2223 3265 2292 gentibus
3305 2233 3480 2276 annm
3515 2223 3688 2276 stulti-

2112 2315 2287 2369 tiam:
2312 2315 2402 2369 sed
2427 2315 2551 2385 ipsis
2580 2315 2772 2368 vocatis
2802 2313 3004 2367 Judrris
3039 2323 3086 2367 et
3113 2312 3333 2380 Graecis,
3363 2313 3465 2368 hoc
3484 2322 3567 2368 est
3584 2314 3686 2384 ipsi

2112 2405 2280 2461 Paulo
2301 2423 2368 2462 ex
2401 2405 2583 2471 Saulo,
2625 2412 2680 2460 et
2715 2403 2970 2475 Dionysio
2995 2403 3340 2474 Areopagita,
3369 2403 3456 2459 bis
3488 2403 3684 2459 talibus

2110 2503 2166 2550 et
2199 2496 2323 2560 illis,
2353 2494 2618 2550 Christum
2645 2494 2741 2548 Dei
2766 2495 3006 2548 uirtutem
3027 2505 3075 2548 et
3102 2494 3198 2548 Dei
3219 2495 3548 2564 sapientiam.
3580 2514 3600 2547 ›

2175 2588 2269 2644 1V.
2305 2587 2573 2643 Cteterum
2603 2588 2670 2642 de
2694 2587 2882 2641 notitia
2905 2586 3163 2640 librorum
3187 2584 3322 2654 ejus,
3350 2601 3486 2656 quos
3510 2587 3685 2656 patrio

2109 2693 2360 2734 sermone
2380 2677 2720 2748 conscripsit,
2753 2686 2807 2731 et
2833 2676 3030 2746 quibus
3055 2675 3362 2744 petentibus
3397 2675 3516 2730 illos
3537 2691 3684 2730 com-

2108 2769 2311 2840 posuit,
2341 2767 2505 2822 lectio
2530 2767 2684 2821 nobis
2707 2781 2807 2835 per
2833 2766 2924 2820 Dei
2949 2767 3176 2836 gratiam
3197 2774 3251 2820 et
3273 2774 3506 2820 vestram
3537 2767 3682 2821 ordi-

2107 2862 2404 2926 nationem,
2439 2860 2592 2930 cujus
2636 2859 3038 2928 dispensatione
3063 2859 3446 2928 interpretatos
3483 2859 3680 2912 scrinia

2107 2961 2292 3007 nostra
2337 2951 2644 3022 petentibus
2681 2949 2946 3016 referunt,
2999 2948 3284 3005 satisfacit.
3327 2950 3681 3004 Autbenticos

2106 3052 2288 3098 autem
2335 3042 2554 3098 eosdem
2610 3041 2778 3097 libros
2836 3041 3022 3098 Graeca
3069 3042 3250 3113 lingua
3311 3044 3678 3114 conscriptos,

411 3141 589 3179 τιηιιιιη
621 3136 961 3198 congestum,
986 3135 1042 3182 et
1067 3129 1374 3199 singulatim
1395 3139 1582 3200 postea
1611 3132 1999 3200 plenitudinem
2027 3140 2073 3201 C
2107 3134 2322 3204 quando
2351 3147 2666 3188 meonomus
2687 3133 2931 3188 ecclesia:
2960 3131 3592 3202 Constantinopolitanae,
3625 3143 3680 3188 et

422 3216 540 3286 ejus
581 3215 894 3283 discretam,
946 3219 1158 3274 cunctis
1204 3218 1505 3290 legentibus
1559 3230 1720 3292 atque
1778 3225 2002 3281 audien-

425 3303 571 3360 tibus
618 3306 936 3376 pandemus.
981 3306 1116 3362 Nam
1163 3308 1343 3363 divina
1387 3310 1491 3364 erit
1539 3311 1914 3381 inspirationis
1946 3325 2000 3370 et

417 3399 808 3463 exsecutionis,
840 3399 893 3454 id
923 3401 1066 3470 quod
1097 3401 1472 3458 desideramus
1497 3402 1641 3458 ﬁdeli
1664 3406 1846 3462 animo
1875 3423 2000 3478 pro-

409 3488 624 3558 palare,
659 3504 843 3544 verum
871 3499 1031 3560 atque
1048 3491 1329 3561 probabile
1356 3493 1750 3552 demonstrare.
1776 3496 1857 3551 Ex
1891 3514 2000 3568 quo

413 3593 523 3633 nos
570 3578 926 3635 laborandum
973 3596 1080 3636 non
1120 3596 1446 3652 magnopere
1486 3585 1834 3651 aestimamus,
1873 3588 1999 3657 quia

401 3670 548 3740 «μιῑά
573 3671 861 3727 tenendum
906 3673 974 3728 de
998 3672 1104 3728 hoc
1138 3674 1486 3730 sanctissimo
1520 3685 1762 3748 martyre
1796 3676 1997 3734 Christi

397 3763 507 3826 sit,
537 3762 665 3833 quid
687 3760 1044 3830 credendum,
1080 3773 1222 3820 notae
1250 3772 1306 3820 et
1337 3766 1732 3835 probatissimae
1753 3783 1998 3837 persona:

405 3854 700 3908 weracibus
730 3853 890 3910 dictis
917 3854 1212 3910 declarant.

489 3942 572 3997 ΙΙΙ.
613 3943 822 3998 Cenere
843 3945 888 3999 si
915 3945 1134 4015 quidem
1163 3961 1288 4002 eum
1323 3947 1743 4016 nobilissimum,
1775 3956 1830 4004 et
1871 3950 1996 4020 phi-

382 4033 672 4107 --losophi:r.
723 4035 1036 4107 magisterio
1086 4037 1352 4107 insignem
1395 4038 1538 4108 apud
1593 4037 1835 4095 Athenas
1881 4040 1994 4096 cla-

385 4129 616 4194 .ruisse,
656 4137 712 4184 et
744 4127 972 4182 aliarum
1008 4129 1380 4195 historiarum,
1423 4139 1478 4185 et
1509 4130 1742 4186 Actunm
1780 4140 1996 4202 aposto-

382 4218 945 4285 ‘dornm‘testimonio,
961 4219 1174 4275 sarcula
1185 4221 1372 4289 prisca
1397 4235 1490 4274 seu
1515 4221 1770 4275 instantia
1794 4237 1996 4293 cogno-

391 4320 614 4364 iverunt
639 4329 651 4364 :
681 4313 916 4366 maxime
945 4322 1128 4368 autem
1149 4327 1217 4367 ex
1259 4312 1483 4367 historia
1513 4314 1815 4371 Aristarchi
1845 4315 1996 4371 Cra:-

379 4436 394 4444 -
411 4402 1242 4476 chorumchronograpbi,quiin
1264 4404 1490 4474 epistola
1517 4404 1584 4458 ad
1598 4403 1991 4476 Onesiphorum

2101 3224 2287 3280 caeteri
2322 3224 2472 3278 missi
2502 3223 2776 3279 Michaelis
2805 3223 3067 3293 legatione
3102 3224 3314 3292 publica
3344 3224 3412 3280 ad
3439 3233 3677 3282 vestram

2105 3318 2330 3390 gloriam
2359 3316 2688 3387 Compendio
2734 3317 2901 3372 functi
2941 3327 3085 3380 sunt,
3133 3318 3188 3371 in
3231 3319 3344 3386 ipsa
3369 3318 3548 3390 vigilia
3591 3335 3678 3374 so-

2101 3407 2397 3463 ieiunitatis
2437 3407 2612 3464 sancti
2648 3407 2888 3478 Dionysii
2940 3421 3040 3476 pro
3069 3422 3293 3462 munere
3335 3424 3531 3479 magno
3567 3425 3678 3466 sus-

2100 3498 2364 3568 cepimus,
2389 3498 2532 3568 quod
2553 3499 2752 3553 donum
2782 3497 3051 3552 devotioni
3079 3505 3276 3550 nostra:
3302 3511 3365 3552 ac
3390 3498 3434 3552 si
3461 3499 3676 3554 coalitus

2101 3586 2347 3651 allatum,
2394 3586 2529 3640 adeo
2573 3584 2757 3639 divina
2798 3594 2882 3639 est
2929 3585 3100 3654 gratia
3138 3593 3449 3654 prosecuta,
3496 3595 3555 3640 ut
3621 3588 3674 3642 in

2100 3675 2290 3731 eadem
2321 3682 2479 3730 nocte
2505 3675 2692 3729 decem
2715 3683 2769 3729 et
2807 3689 2999 3729 novem
3038 3675 3481 3732 nominatissimaa
3507 3676 3676 3731 virtu-

2101 3775 2185 3821 tes
2206 3765 2259 3820 in
2287 3773 2609 3836 aegrotorum
2649 3765 2930 3820 sanatione
2958 3766 3232 3820 variarum
3274 3765 3671 3830 infirmitatum,

2099 3871 2168 3913 ex
2213 3855 2512 3912 notissimis
2555 3863 2612 3910 et
2649 3855 2915 3910 vicinitati
2967 3864 3166 3910 nostra:
3204 3855 3452 3926 personis
3500 3857 3676 3912 conti-

2099 3947 2241 4018 guis,
2270 3947 2338 4002 ad
2373 3947 2586 4002 laudem
2610 3955 2665 4001 et
2685 3946 2908 4017 gloriam
2939 3947 3022 4002 sui
3055 3947 3306 4014 nominis,
3335 3947 3674 4006 orationibus

2098 4047 2155 4095 et
2175 4039 2381 4094 meritis
2415 4038 2852 4094 excellentissimi
2881 4038 2965 4093 sui
3003 4039 3277 4110 martyris,
3306 4037 3557 4094 Christus
3578 4040 3680 4094 Do-

2098 4131 2279 4186 minus
2309 4131 2378 4186 sit
2405 4129 2618 4200 operari
2651 4130 2926 4200 dignatus.

2171 4221 2234 4277 ν.
2277 4221 2540 4290 Quoniam
2563 4228 2743 4274 autem
2776 4220 2970 4276 beatus
3007 4217 3255 4274 Clemens
3282 4217 3388 4273 huc
3421 4234 3567 4287 eum,
3597 4219 3675 4274 vi-

2099 4314 2294 4370 delicet
2341 4314 2396 4367 in
2441 4312 2718 4368 Gallorum
2761 4320 2998 4383 gentem,
3037 4311 3326 4374 direxerat,
3352 4319 3406 4364 et
3441 4309 3674 4380 qualiter

2096 4421 2194 4475 per
2223 4405 2464 4475 martyrii
2495 4403 2730 4473 palmam
2776 4401 3154 4457 diversissimis
3188 4409 3243 4456 et
3279 4400 3673 4458 crudelissimis

413 4490 804 4559 piimicerium,
834 4493 900 4545 de
940 4491 1167 4547 Athenae
1205 4494 1464 4560 civitatis,
1497 4501 1553 4549 et
1589 4495 1758 4564 gestis
1795 4496 1992 4552 ibidem
2019 4502 2073 4562 1)
2099 4492 2330 4548 amictus
2355 4493 2655 4562 suppliciis,
2688 4493 2756 4546 ad
2786 4491 3060 4546 Christum
3091 4491 3416 4560 pervenerit,
3443 4502 3498 4548 et
3533 4509 3669 4564 quo-

381 4581 784 4651 .apostolorum
818 4583 1151 4650 temporibus
1187 4583 1453 4650 scribens,
1481 4595 1662 4641 ortum
1695 4589 1991 4658 prosapiae,

381 4684 466 4728 ~-et
496 4675 798 4729 doctrinam
851 4673 990 4742 ejus,
1035 4684 1200 4745 atque
1251 4679 1681 4734 conversationis
1722 4681 1992 4749 ordinem,

411 4766 526 4819 Sive
555 4766 733 4821 artatis
762 4773 992 4834 tempus,
1028 4782 1128 4821 nec
1158 4776 1342 4822 nonet
1375 4768 1770 4824 ordinationem
1801 4771 1990 4841 ipsius,

385 4874 477 4912 ~.ac
521 4859 995 4928 prmdzicationem,
1036 4861 1479 4932 subrogationem
1543 4863 1706 4917 etiam
1753 4863 1990 4934 episcopi

389 4949 531 5004 {loco
564 4965 683 5014 suo,
730 4957 783 5005 et
805 4951 1117 5006 adventum
1147 4951 1572 5018 illiusRomam,
1614 4953 1990 5010 ordinabiliter

393 5047 621 5093 .narrat.
643 5039 828 5106 Quam
871 5040 1151 5108 epistolam
1181 5053 1375 5098 vestrae
1418 5043 1774 5100 dominationi
1803 5045 1988 5116 dirigi-

396 5146 552 5194 anus,
577 5141 632 5185 et
667 5132 901 5201 quisque
931 5133 1206 5188 studiosus
1233 5135 1373 5205 apud
1410 5151 1508 5190 nos
1531 5137 1796 5206 praevalet
1835 5139 1989 5194 inve-

408 5222 544 5276 nire.
588 5223 848 5279 Curiosus
875 5234 1055 5278 autem
1090 5240 1158 5280 ex
1201 5224 1511 5280 Crzecorum
1555 5226 1815 5294 fontibus,
1843 5229 1986 5284 unde

407 5320 463 5366 et
505 5328 603 5367 nos
647 5314 791 5367 illam
847 5316 1192 5385 sumpsimus,
1253 5317 1451 5386 poterit
1497 5325 1763 5373 mutuare.
1829 5318 1982 5386 Quod

406 5403 550 5456 inim
577 5413 699 5458 ante
721 5407 1128 5460 conversionem
1155 5422 1306 5462 suam
1333 5405 1646 5478 Heliopolim
1677 5409 1982 5480 astrologiae

407 5493 582 5558 gratia
634 5494 968 5563 migraverit,
1014 5497 1104 5552 ubi
1145 5506 1199 5551 et
1245 5497 1500 5552 tenebras
1543 5498 1594 5551 in
1631 5499 1982 5554 crucifixione

405 5583 704 5640 salvatoris
737 5589 907 5642 nostri
948 5605 1056 5644 una
1095 5603 1220 5644 cum
1264 5589 1654 5660 Apo|l0phanio
1681 5591 1849 5646 sodali
1884 5607 1983 5649 suo

2098 4587 2261 4641 modo
2293 4599 2455 4654 caput
2473 4583 2770 4654 proprium,
2801 4581 3044 4650 angelico
3068 4579 3231 4634 ductu
3265 4581 3502 4637 cmlestis
3532 4582 3673 4637 mili-

2101 4679 2188 4733 tia:
2206 4679 2265 4732 in
2289 4675 2652 4732 celebratione
2671 4673 3048 4743 exsequiarum
3070 4673 3364 4728 honoratus
3387 4673 3666 4743 obsequio,

2099 4773 2166 4827 ad
2199 4770 2398 4834 locum,
2429 4768 2687 4822 ubinunc
2715 4766 3028 4835 requiescit,
3060 4764 3337 4830 detulerit,
3361 4774 3416 4820 et
3443 4781 3551 4834 quo
3580 4779 3672 4818 or-

2097 4861 2222 4916 dine
2261 4873 2291 4912 a
2317 4857 2519 4913 Catulla
2557 4857 2789 4926 quadam
2843 4853 3253 4909 matrefamilias
3293 4854 3363 4909 sit
3399 4854 3664 4924 sepultus,

2095 4949 2306 5007 libellus
2353 4947 2760 5017 antiquissimus
2810 4945 3078 5016 passionis
3113 4943 3349 5013 ejusdem
3388 4941 3665 5012 explanat,

2091 5042 2361 5112 praecipue
2387 5049 2565 5094 tamen
2609 5036 2938 5106 conscriptio
2967 5032 3134 5090 Visbii
3162 5049 3282 5107 quae
3307 5035 3360 5088 in
3388 5041 3536 5088 tomo
3573 5049 3665 5088 sa-

2090 5135 2160 5188 tis
2196 5147 2464 5202 superque
2513 5131 2697 5186 abdito
2737 5127 2970 5182 Parisiis
3005 5127 3188 5181 divino
3241 5134 3373 5182 nutu
3421 5126 3662 5192 inventa,

2089 5225 2232 5279 inter
2259 5221 2364 5276 alia
2389 5221 2757 5285 memoranda,
2796 5219 2935 5274 sicut
2961 5221 3016 5274 in
3041 5235 3110 5275 ea
3135 5218 3332 5289 legitis,
3368 5218 3530 5274 verba
3555 5219 3665 5276 Do-

2091 5317 2220 5371 mini
2266 5315 2438 5370 nostri
2481 5313 2610 5367 Jesu
2653 5310 2855 5368 Christi
2898 5312 2966 5367 ad
3009 5326 3131 5366 eum
3181 5311 3420 5381 prolata,
3449 5313 3667 5380 quando

2092 5422 2247 5462 sacra
2278 5403 2533 5476 mysteria
2557 5411 2842 5474 perageret
2883 5403 2957 5457 iHi
3000 5403 3210 5457 cunctis
3235 5401 3544 5459 videntibus
3569 5419 3666 5474 ap-

2089 5497 2356 5567 parentis,
2397 5495 2674 5549 continere
2716 5492 3068 5563 dignoscitur.
3107 5489 3206 5546 Cui
3253 5490 3534 5560 astipulari
3585 5493 3667 5548 vi-

2089 5591 2284 5646 dentur
2325 5587 2705 5658 antiquissimi,
2753 5593 2809 5639 et
2855 5583 3020 5637 nimia
3058 5597 3194 5654 pene
3221 5592 3489 5640 vetustate
3527 5600 3660 5640 con-

475 5712 500 5740 ι
529 5699 680 5755 Hunc
729 5715 1049 5756 sermonem
1103 5700 1379 5758 Possidius
1425 5703 1479 5758 in
1533 5701 1771 5756 indicnlo
1833 5711 1990 5757 vocat
2029 5711 2346 5766 tractatum;
2379 5711 2431 5755 et
2461 5711 2544 5754 est
2573 5715 2762 5755 revera
2798 5699 3101 5770 Augustini.
