4064 6190
389 323 462 378 17

1765 294 2297 354 PROLEGOMENA‘.

3594 292 3686 350 η.

385 435 630 508 sumpti,
672 429 922 488 missales
965 426 1090 484 libri
1128 425 1470 482 continentes
1516 420 1692 476 missae
1731 413 1978 471 ordinem
2007 414 2060 470 A
2085 427 2228 480 rum,
2259 410 2360 467 sub
2390 409 2556 508 variis
2580 409 2998 508 imperatoribus
3025 408 3455 508 interfectorum,
3491 407 3676 465 contis,

383 506 543 586 more
562 526 790 589 Gallico,
811 522 905 592 qui
937 520 1005 575 ab
1031 518 1189 573 initio
1210 523 1441 586 receptze
1471 512 1617 574 ﬁdei,
1644 525 1744 564 usu
1782 507 1837 562 in
1867 506 1973 559 hac

385 617 726 680 Occidentali
766 614 927 685 plaga
973 619 1058 666 est
1079 608 1296 664 habitus
1317 645 1333 672 ,
1363 615 1646 674 usquequo
1703 607 1970 660 tenorem,

386 729 497 784 quo
541 723 688 766 nunc
725 707 920 770 utitur,
953 702 1261 756 Romanum
1313 692 1645 784 susceperit.
1663 689 1728 784 ln‘
1775 687 1975 758 quibus

384 781 757 858 voluminibus
783 794 1054 850 habentur
1071 790 1192 844 dua:
1227 789 1424 852 missae,
1457 799 1578 856 qua:
1606 783 1687 838 sic
1714 781 1858 835 inter
1879 791 1971 833 ce-

385 889 712 948 lebrandum
768 885 835 940 ad
898 880 1301 953 provocandam
1363 875 1559 932 divina:
1609 868 1976 927 miserationis

385 980 763 1043 clementiam,
788 983 845 1031 et
881 973 1046 1030 corda
1086 969 1268 1042 populi
1297 968 1364 1023 ad
1399 962 1701 1022 devotionis
1736 959 1977 1016 studium

385 1070 701 1134 excitanda,
733 1073 1002 1123 tormenta
1024 1061 1282 1132 martyris
1303 1058 1689 1124 sociorumque
1709 1051 1828 1122 ejus
1853 1065 1978 1106 suc-

386 1165 570 1220 cincte
596 1163 1047 1220 commemorant,
1078 1153 1221 1208 sicut
1243 1159 1298 1205 et
1324 1149 1548 1219 reliquie
1572 1145 1753 1201 missa:
1777 1142 1977 1198 ibidem

388 1257 634 1324 scriptae,
666 1252 896 1307 aliorum
941 1244 1322 1316 Apostolorum
1365 1241 1450 1296 vel
1496 1247 1818 1308 martyrum,
1845 1248 1981 1303 quo-

384 1363 512 1402 rum
540 1343 830 1417 passiones
845 1339 1117 1394 habentur
1144 1333 1462 1398 notissimas,
1494 1331 1804 1386 decantant.
1830 1325 1977 1392 Qua-

389 1455 513 1494 rum
535 1438 830 1492 missarum
855 1439 1066 1496 cantus,
1096 1443 1288 1484 sensus
1310 1436 1372 1480 et
1392 1425 1579 1488 verba,
1610 1421 1746 1476 adeo
1772 1417 1980 1489 passio-

386 1531 479 1599 nis
501 1526 848 1591 eorumdem,
871 1537 1033 1593 quam
1066 1519 1222 1575 vobis
1243 1517 1529 1580 misimus,.
1545 1512 1709 1568 seriei
1745 1523 1976 1566 concor-

388 1622 530 1677 dare
556 1617 832 1682 videntur,
881 1621 949 1669 ut-
971 1611 1103 1667 nulli
1131 1611 1206 1666 sit
1251 1608 1496 1674 dubium,
1527 1622 1558 1661 a
1580 1612 1719 1660 teste
1765 1603 1986 1658 illorum

385 1706 666 1779 martyrii,
697 1718 895 1776 agones
919 1716 1107 1758 eorum
1139 1697 1308 1754 fuisse
1337 1695 1657 1765 descriptos,
1679 1701 1743 1750 et
1761 1705 1830 1746 ex
1860 1691 1976 1761 ipsa

385 1801 576 1855 veraci
602 1796 851 1862 historia,
889 1792 1209 1849 memoriam
1231 1794 1626 1845 tormentorum
1661 1797 1886 1840 suorum
1917 1781 1973 1836 in

385 1889 638 1963 praefatis
665 1887 918 1959 precibus
945 1883 1111 1939 fuisse
1141 1881 1477 1936 mandatam.

465 1979 555 2034 Vl.
599 1979 825 2033 Videtur
837 1989 1001 2046 porro
1021 1974 1076 2028 in
1101 1973 1187 2028 his
1203 1971 1492 2027 missarum
1508 1961 1976 2022 obsecrationibus

391 2087 503 2127 non
529 2066 928 2125 contemnenda
955 2063 1254 2120 auctoritas
1289 2061 1357 2116 de
1396 2064 1697 2115 memorata
1725 2053 1978 2126 passione

391 2170 732 2226 sanctorum,
765 2173 889 2214 cum
911 2159 1128 2212 exstent
1146 2153 1290 2225 apud
1313 2167 1414 2208 nos
1441 2149 1683 2220 epistolae
1716 2147 1983 2202 lnnooen.

395 2252 480 2315 lii,
507 2258 564 2306 et
590 2257 715 2320 post
737 2263 860 2303 eum
890 2233 1113 2310 Gelasii,
1139 2258 1240 2299 nec
1264 2257 1371 2297 non
1398 2248 1454 2296 et
1485 2237 1798 2294 modernius
1830 2235 1976 2291 beati

389 2356 558 2412 papae
580 2339 852 2410 Gregorii,
882 2338 1222 2407 aliorumque
1249 2330 1564 2404 pontiﬁcum
1593 2329 1660 2385 ad
1687 2329 1973 2399 episcopos

391 2431 617 2486 urbium
669 2427 1000 2494 Galliarum,
1065 2434 1124 2482 et
1178 2424 1484 2480 antistitum
1538 2427 1852 2476 nostrorum
1909 2419 1978 2474 ad

394 2521 570 2591 ipsos,
603 2519 673 2575 de
697 2534 850 2575 more
877 2518 1121 2574 Romano
1155 2517 1211 2572 in
1242 2514 1451 2572 cunctis
1472 2511 1857 2570 ecclesiasticae
1878 2526 1977 2564 au-

393 2610 675 2665 ctoritatis
709 2609 910 2664 muniis
948 2607 1234 2672 imitando,
1258 2606 1454 2676 quibus
1477 2603 1639 2660 datur
1664 2601 1890 2670 intelligi
1914 2601 1982 2656 ab

396 2704 561 2759 annis
587 2703 834 2775 pluribus
870 2703 1015 2758 hunc
1038 2703 1220 2758 missa:
1247 2711 1488 2757 tenorem
1517 2701 1583 2756 de
1615 2699 1819 2756 Gallica
1851 2715 1984 2754 cou-

397 2792 690 2848 suetudine
738 2792 1050 2859 recessisse,
1091 2799 1148 2848 et
1185 2791 1324 2846 hanc
1370 2790 1643 2861 passionis
1677 2797 1981 2859 martyrum

397 2885 633 2940 istorum
678 2883 1030 2947 memoriam,
1074 2880 1233 2952 longo
1279 2880 1548 2951 superiori
1600 2887 1845 2949 tempore
1897 2879 1984 2934 his

399 2975 842 3032 Occidentalibus
871 2976 1117 3046 partibus
1149 2989 1247 3046 per
1273 2973 1766 3044 supplantationum
1797 2969 1984 3044 [Forte

399 3068 880 3141 supplicationum]
940 3068 1331 3138 postulationes
1391 3066 1678 3122 inolevisse
1728 3084 1741 3120 :
1787 3066 1983 3136 quibus

402 3169 560 3216 tanto
577 3161 783 3216 certius
813 3160 976 3215 ﬁdem
1016 3158 1506 3225 accommodamus,
1529 3164 1734 3228 quanto
1759 3157 1812 3211 in
1844 3165 1982 3211 tem-

401 3266 538 3321 pore
565 3251 750 3306 vicino
793 3259 916 3322 post
940 3249 1467 3306 consummationem
1509 3262 1721 3314 eorum,
1766 3246 1983 3304 easdem

405 3337 579 3395 fuisse
601 3339 932 3409 compositas
965 3339 1082 3395 sine
1103 3339 1441 3395 dubitatione
1463 3337 1867 3394 concredimus.

477 3427 591 3483 Vll.
629 3427 741 3485 Nec
769 3437 948 3484 tamen
973 3427 1259 3498 quisquam
1297 3427 1511 3496 putabit
1534 3427 1750 3481 beatum
1790 3426 1987 3496 Diony-

403 3519 550 3574 sium
598 3519 828 3590 ejusque
873 3533 1236 3585 successores,
1290 3519 1358 3572 ab
1387 3517 1725 3572 institutione
1775 3524 1988 3586 aposto-

405 3605 512 3660 lica
555 3613 780 3676 propter
821 3605 1127 3675 huiusmodi
1155 3670 1168 3690 '
1234 3604 1412 3660 missa!
1454 3604 1722 3670 ordinem,
1769 3602 1990 3660 Gallicis

406 3697 893 3752 consuetudinibus
922 3697 976 3751 in
1005 3695 1303 3766 primordio
1326 3695 1607 3759 traditum,
1630 3694 1987 3763 discrepasse,

406 3787 455 3841 si
483 3787 534 3841 ei
556 3787 884 3850 constiterit,
910 3785 1150 3855 ipsorum
1178 3784 1546 3856 apostolorum
1576 3793 1630 3839 et
1666 3783 1988 3855 apostolico-

409 3895 534 3934 rum
560 3878 824 3946 virorum,
873 3879 1150 3949 ipsiusque
1188 3877 1350 3933 etiam
1377 3877 1534 3932 urbis
1579 3876 1764 3932 Roma:
1800 3890 1992 3932 sensus

409 3971 619 4039 proprii
671 3979 857 4026 notam
896 3984 1034 4026 esse.
1082 3969 1194 4024 Nec
1231 3968 1422 4023 mirari
1470 3968 1592 4038 quis
1643 3969 1843 4039 poterit
1894 3983 1993 4023 cur

413 4061 678 4131 hymnum
706 4061 880 4116 sancti
924 4060 1151 4132 Eugenii
1181 4059 1429 4115 Toletani
1458 4059 1526 4114 de
1550 4060 1711 4114 beato
1737 4059 1993 4130 Dionysio

2005 1760 2052 1820 B

2010 3110 2059 3176 C

2076 510 2242 557 neant
2277 501 2497 557 eosdem
2533 515 2658 556 eum
2695 501 2798 556 hoc
2824 497 3172 556 sanctissimo
3204 501 3324 556 viro
3352 500 3452 555 has
3475 509 3672 569 partes

2077 593 2296 656 adiisse,
2334 591 2478 662 quod
2496 592 2612 662 ipse
2637 599 2981 646 sensatorum
3009 590 3296 647 manifeste
3324 590 3521 647 refellit
3557 605 3658 645 au-

2077 685 2240 750 ditus,
2275 693 2330 740 et
2354 685 2499 754 quod
2541 682 2838 754 Gregorius
2862 683 3218 749 Turonensis,
3261 683 3412 738 sicut
3443 683 3500 738 in
3525 697 3657 752 pas-

2076 777 2228 832 sione
2250 777 2423 832 sancti
2448 775 2727 831 Saturnini
2772 774 2967 845 legisse
3009 789 3069 829 se
3099 775 3334 840 dixerat,
3364 774 3466 831 sub
3498 782 3672 829 autua»

2077 872 2318 927 matione
2359 877 2650 936 memoret,
2697 869 2868 924 istum.
2898 868 3074 937 ipsum
3125 876 3370 939 tempore
3397 881 3676 937 perseeuw

2079 963 2243 1018 tionis
2266 962 2427 1018 Decii;
2443 962 2542 1016 sub
2568 961 2729 1015 beato
2757 959 3213 1014 Sixtocumaliis
3241 973 3338 1015 sex
3367 958 3683 1030 episcopis,..

2078 1068 2312 1123 quorum
2349 1051 2476 1107 vitae
2522 1051 2625 1106 vel»
2646 1050 2929 1121 passiones
2964 1063 3308 1118 nequaquam
3346 1049 3465 1120 ejus
3503 1048 3681 1104 dictis.

2080 1145 2135 1200 in
2180 1143 2390 1197 ratione
2442 1150 2753 1211 temporum
2796 1145 3119 1205 consonant,
3165 1139 3219 1193 in
3269 1137 3370 1194 has
3415 1138 3682 1211 regiones.

2079 1235 2248 1290 fuisse
2275 1235 2564 1291 directum.

2150 1327 2240 1382 lx.
2279 1327 2421 1382 Ecce
2446 1326 2626 1381 omnis
2654 1325 2834 1379 minus
2861 1322 3170 1389 scientiam,
3196 1322 3299 1378 sibi
3326 1321 3427 1392 ipsi
3457 1320 3684 1377 discor-~

2081 1419 2240 1483 dans,
2275 1418 2595 1482 auctoritas,
2628 1415 2715 1470 cui
2754 1414 2901 1470 velut
2929 1429 2996 1470 ex
3024 1412 3298 1484 superfluo
3319 1420 3542 1484 propter
3576 1427 3666 1468 sa-

2080 1507 2447 1566 tisfactionem
2477 1505 2850 1577 insipientium
2881 1503 3290 1576 respondemus,
3321 1518 3444 1558 cum
3478 1515 3688 1556 veram.

2080 1615 2147 1655 ex
2178 1601 2282 1655 hoc
2306 1606 2496 1654 sancto
2521 1595 2777 1667 pontiﬁce
2803 1603 2858 1651 et
2901 1603 3144 1666 martyre
3173 1593 3545 1650 narrationem
3573 1607 3690 1647 ve»

2080 1689 2667 1747 raciumhistoriarum
2703 1702 2816 1759 pra:
2845 1686 3096 1742 manibus
3124 1685 3462 1741 habeamus:
3490 1683 3682 1746 primo

2079 1780 2678 1851 quidem.petentes,.ut
2708 1778 2761 1832 in
2787 1778 2892 1832 hoc
2907 1775 3031 1845 jure
3055 1774 3401 1839 contentiosi,
3420 1776 3488 1829 ab
3514 1773 3672 1828 albu-.

2078 1871 2202 1942 gine
2239 1877 2520 1925 contracta
2567 1867 2914 1936 arrogantia,
2961 1881 3030 1921 ex.
3075 1875 3337 1934 usurpata
3375 1863 3688 1933 sapientiay

2077 1959 2204 2029 quia
2230 1956 2485 2012 viderise
2505 1956 2660 2012 scioli
2691 1956 2898 2020 volunt,
2927 1954 3116 2010 oculos
3149 1961 3382 2025 tergant,
3408 1969 3516 2024 quo
3539 1967 3665 2022 per-

2079 2049 2314 2120 spicacia
2344 2045 2753 2119 perspicaciter,
2793 2055 2848 2101 et
2875 2061 3004 2100 vera
3045 2044 3277 2100 ﬁdeliter.
3309 2044 3571 2115 relegant.
3598 2041 3690 2096 Et-

2078 2143 2127 2198 si
2153 2158 2260 2198 non
2293 2141 2396 2197 nisi
2427 2155 2591 2195 unum
2634 2139 2863 2221 oculum.
2891 2147 3240 2208 aperuerunt,
3273 2136 3490 2205 quando
3521 2134 3690 2204 lege--~

2079 2245 2219 2301 rent,
2245 2234 2389 2304 quod
2414 2249 2512 2304 per
2539 2231 2945 2300 subreptionem
2974 2227 3300 2284 venerabilis
3331 2227 3488 2282 Beda:
3514 2240 3688 2297 pres»

2079 2326 2255 2397 byteri
2281 2325 2336 2379 in
2386 2320 2614 2395 prmfato
2654 2335 2841 2392 opere,
2886 2335 3044 2375 secus
3075 2333 3238 2389 quam
3267 2316 3474 2381 debuit,
3515 2316 3690 2371 dixe--

2081 2427 2190 2483 rat,
2217 2416 2308 2471 ubi
2331 2415 2474 2470 idem
2499 2428 2558 2468 se
2587 2411 2957 2482 reprehendit,
2983 2419 3038 2466 et
3059 2409 3514 2480 reprehensorum
3542 2421 3670 2462 suo-

2083 2525 2204 2564 rum
2251 2522 2440 2563 vocem
2485 2505 2863 2576 praeveniens,
2913 2501 3361 2558 retraetationcm
3401 2499 3690 2570 scripsit:

2083 2600 2348 2663 scrobem,
2401 2597 2457 2652 in
2501 2611 2611 2666 qua
2651 2595 2854 2651 oculus.
2873 2595 3012 2649 alter
3049 2609 3173 2650 esse
3223 2593 3501 2660 debuerat,
3543 2607 3689 2662 ape.-

2083 2691 2245 2753 riant,
2275 2697 2332 2744 et
2357 2689 2413 2743 in
2458 2687 2828 2744 ecclesiastica
2867 2685 3094 2742 historia
3124 2685 3359 2749 discant,
3391 2684 3516 2753 quia
3540 2683 3686 2739 Dio-,

2084 2783 2273 2854 nysius
2300 2780 2707 2838 Corinthiorum
2758 2778 3064 2848 episcopus,
3101 2777 3168 2834 de
3195 2778 3454 2848 Dionysio
3497 2776 3690 2832 Athe--

2085 2888 2278 2928 narum
2307 2874 2560 2944 episcopo
2585 2872 2640 2927 in
2667 2869 2894 2941 epistola
2915 2885 3014 2924 sua
3044 2868 3112 2924 ad
3137 2866 3356 2925 eosdem
3379 2869 3689 2924 Athenien--

2087 2978 2176 3018 ses
2205 2963 2434 3028 directa,
2468 2967 2878 3027 commemoret,
2920 2961 2996 3016 ita
3028 2960 3174 3016 enim
3215 2960 3292 3016 ibi
3325 2959 3418 3014 lib.
3443 2976 3518 3024 tv,
3544 2975 3687 3030 cap...

2086 3055 2178 3120 23,
2209 3055 2470 3126 scriptum
2499 3062 2585 3110 est
2610 3072 2624 3108 :
2651 3061 2832 3109 exstat
2851 3043 3065 3123 quoque
3092 3061 3152 3108 et
3175 3052 3279 3107 alia
3307 3051 3426 3122 ejus
3452 3052 3686 3124 (Diony--

2090 3146 2156 3200 sii
2188 3144 2596 3202 Corinthiorum
2619 3143 2880 3215 episcopi)
2917 3143 2986 3198 ad
3027 3143 3389 3198 Atheuienses
3417 3143 3698 3212 epistolah

2090 3237 2144 3291 in
2169 3252 2275 3306 qua
2297 3237 2362 3291 ad
2383 3236 2658 3306 Evangelii
2686 3234 3066 3290 credulitaiem
3098 3249 3193 3290 eos
3219 3235 3432 3299 invitat,
3463 3244 3518 3290 et
3538 3249 3670 3289 con-

2089 3326 2222 3381 citat
2245 3326 2542 3397 segniores,
2577 3325 2736 3380 simul
2758 3334 2813 3380 et
2839 3325 3013 3396 arguit
3046 3325 3329 3396 quosdam,
3362 3325 3510 3380 velut
3536 3341 3700 3396 pene~

2090 3415 2373 3489 prolapsos
2399 3431 2429 3470 a
2458 3416 2583 3482 ﬁde,
2610 3431 2732 3470 cum
2757 3417 3041 3487 episcopus
3071 3432 3258 3472 eorum
3291 3415 3515 3472 Publius
3543 3415 3676 3472 fuis-

2090 3516 2173 3563 set
2215 3506 2479 3577 martyrio
2525 3517 2953 3562 consummatus.
3009 3506 3118 3563 Sed
3160 3515 3212 3564 et
3252 3507 3537 3576 Quadrati,
3579 3509 3696 3580 qui.

2091 3595 2283 3651 Publio
2308 3596 2538 3666 martyri
2582 3606 2926 3652 successerat
2970 3599 3024 3652 in
3067 3599 3456 3664 sacerdotium,
3487 3599 3691 3654 menti--

2091 3686 2193 3754 nit,
2221 3686 2380 3741 simul
2429 3694 2486 3742 et
2533 3695 2822 3754 memorat,
2852 3690 2994 3758 quod
3035 3688 3221 3744 labore
3263 3687 3381 3758 ejus
3419 3704 3485 3744 ac
3515 3688 3694 3744 indu--
3787 3689 3800 3702 '

2093 3777 2224 3832 stria
2264 3778 2547 3834 redivivus
2579 3778 2800 3849 quidam
2841 3781 3011 3835 in.eis
3041 3781 3191 3836 calor
3229 3780 3353 3835 ﬁdei
3394 3788 3690 3851 reparatus.
3731 3828 3733 3830 .

2093 3872 2184 3926 sit.
2219 3871 2285 3925 Et
2313 3871 2442 3926 illud
2479 3872 2534 3926 in
2574 3873 2766 3928 eadem
2796 3873 3044 3944 designat
3078 3872 3340 3943 epistola,
3361 3871 3506 3941 quod
3552 3870 3680 3926 Dio-.

2092 3962 2690 4034 nysiusAreOpagites,
2731 3963 2822 4032 qui
2853 3964 2921 4019 ab
2974 3963 3219 4033 apostolo
3259 3962 3428 4019 Paulo
3469 3963 3680 4018 instrue

2093 4061 2235 4118 ctus,
2272 4052 2787 4119 crediditChristo,.
2810 4054 3108 4109 secundum
3149 4070 3213 4110 ea
3251 4069 3372 4126 quae
3401 4054 3678 4126 apostolo-~

412 4151 701 4217 habemus,
731 4159 787 4207 et
815 4151 1114 4206 vicinorum
1141 4151 1467 4222 sapientium
1493 4150 1728 4220 scriptis,
1753 4149 1995 4218 exceptis
2096 4157 2216 4198 tum
2242 4142 2470 4199 Actibus
2507 4143 2876 4214 designantur,
2901 4145 3110 4214 primus
3139 4146 3277 4216 apud
3319 4145 3564 4202 Athenas
3602 4146 3678 4202 ab.

410 4243 626 4315 paucis,
675 4244 956 4299 videamur
995 4258 1224 4300 carere;
1251 4258 1375 4298 cum
1415 4251 1470 4298 et
1497 4242 1635 4308 hsce,
1665 4257 1787 4312 qua;
1823 4240 1993 4296 habe-
2096 4233 2286 4288 eodem
2321 4233 2582 4304 Apostolo
2635 4235 2919 4306 episcopus
2958 4235 3122 4292 fuerit
3171 4237 3495 4293 ordinatus:
3521 4236 3680 4307 cujus

411 4348 561 4396 mus,
590 4341 652 4386 ut
674 4341 897 4388 exorata
922 4333 1164 4402 priorum
1192 4340 1502 4388 nostrorum
1529 4331 1688 4386 venia
1724 4330 1994 4398 dicamus,

410 4425 604 4480 abdita
655 4432 710 4479 et
766 4423 1098 4494 negligenter
1149 4421 1336 4478 relicta
1387 4422 1726 4491 reperimus,
1781 4431 1840 4477 et
1890 4421 1995 4478 alia

409 4513 652 4570 necdum
687 4513 922 4584 prolata,
948 4513 1077 4583 quia
1117 4529 1226 4568 non
1257 4512 1434 4566 adhuc
1477 4520 1604 4567 sunt
1636 4511 1708 4566 ad
1735 4511 1996 4582 liquidum

409 4605 726 4670 enucleata,
755 4621 853 4660 nos
875 4604 1152 4676 possidere
1179 4604 1444 4659 laetamur.

489 4695 624 4751 Vill.
665 4694 934 4752 Caeterum
980 4710 1141 4766 super
1183 4694 1498 4766 garrulitate
1533 4692 1767 4750 levitatis
1811 4709 1999 4750 eorum

414 4785 668 4840 mirando
709 4784 1032 4847 defecimus,
1070 4784 1163 4854 qui
1190 4783 1578 4838 contendentes
1621 4784 1764 4838 hunc
1799 4783 1995 4856 Diony-

411 4875 562 4929 sium
602 4875 964 4945 Areopagiten
1001 4889 1121 4930 esse
1147 4889 1254 4928 non
1283 4888 1470 4942 posse,
1502 4873 1570 4928 ad
1603 4874 2000 4930 munimentum

412 4964 505 5018 sui
537 4964 670 5028 hac,
700 4979 822 5034 qure
851 4973 1174 5033 sequuntur,
1202 4964 1438 5018 inaniter
1457 4963 1994 5021 contrahunt.\'ene~

413 5052 650 5110 rabilem
685 5054 942 5111 videlicet
977 5063 1033 5110 et
1072 5061 1317 5110 sanctum
1355 5053 1554 5110 Bedam
1583 5056 1959 5125 presbyterum
1981 5096 1996 5121 ,

411 5143 630 5198 dixisse
659 5144 714 5198 in
745 5152 976 5200 tractatu
1018 5145 1384 5216 apostolorum
1423 5144 1676 5210 Actuum,
1705 5146 1998 5220 Are0pagi-

413 5243 537 5289 tem
571 5234 887 5305 Dionysium
915 5251 1021 5291 non
1069 5235 1425 5302 Athenarum,
1461 5236 1554 5291 sed
1595 5235 1999 5292 Corinthiorum

413 5324 595 5379 fuisse
638 5327 991 5397 episcopum:
1026 5328 1317 5395 addentes,
1373 5328 1623 5384 eumdem
1676 5328 1808 5383 inihi
1858 5330 2001 5385 diem

415 5414 650 5469 abiisse.
679 5415 747 5470 Et
763 5417 1019 5486 quoniam
1047 5416 1257 5472 libellus
1277 5416 1542 5486 passionis
1571 5417 1730 5472 istius
1752 5425 2009 5484 testetur,

414 5507 575 5562 hunc
597 5522 628 5561 a
665 5507 941 5564 Clemente
964 5509 1218 5581 pontiﬁce
1247 5509 1491 5565 Romano
1519 5510 1832 5580 episcopum
1857 5511 2005 5566 ordi-

414 5605 642 5664 natum,
671 5608 727 5655 et
757 5601 811 5655 in
842 5601 940 5656 has
965 5601 1153 5658 Gallia:
1177 5609 1360 5671 partes
1404 5599 1568 5656 fuisse
1599 5602 2002 5668 transmissum,

412 5689 562 5758 quia
589 5692 760 5748 etiam.
781 5693 1059 5762 passiones
1094 5693 1428 5750 diversorum
1456 5702 1764 5750 sanctorum
1795 5704 2003 5767 marty-

2097 4322 2342 4393 epistolce
2371 4323 2507 4389 ,sed
2537 4331 2601 4377 et.
2627 4323 2855 4379 aliarum
2884 4325 3237 4396 epistolarum
3284 4327 3450 4397 ipsius
3476 4327 3680 4399 Diony—

2101 4414 2164 4468 sii
2188 4412 2593 4468 Corinthiorum
2632 4414 2895 4485 episcopi,
2927 4423 2980 4470 et
3018 4415 3136 4486 ejus
3181 4417 3390 4486 utique,
3415 4433 3578 4488 quam
3608 4419 3681 4472 ad

2104 4501 2353 4558 Soterum
2384 4503 2698 4574 episcopum
2729 4505 2971 4571 miserat,
3000 4504 3191 4562 beatus
3223 4506 3583 4580 Hieronymus
3621 4510 3680 4564 in

2102 4594 2241 4650 libro
2268 4595 2335 4649 de
2383 4593 2528 4650 Viris
2555 4595 2859 4650 illustribus
2903 4593 3033 4651 facit
3061 4597 3404 4666 apertissime
3449 4599 3679 4653 mentio—

2104 4701 2247 4740 nem.
2294 4684 2453 4741 Unde
2475 4687 2702 4756 quisque
2745 4686 2932 4742 videns
2977 4688 3079 4742 sub
3104 4687 3302 4758 quibus
3339 4688 3683 4758 imperatori-

2103 4775 2205 4831 bus
2234 4777 2432 4846 quique
2466 4791 2654 4831 eorum
2701 4776 2924 4843 fuerint,
2971 4775 3378 4848 liquidopotest
3425 4780 3681 4850 colligere

2105 4876 2321 4936 quanta:
2363 4868 2684 4923 absurditati
2715 4868 2955 4924 ratioasit
3000 4869 3103 4924 ista
3132 4871 3348 4935 obnixa,
3385 4887 3509 4926 cum
3539 4872 3682 4926 inter

2103 4962 2202 5017 hos
2225 4962 2358 5017 duos
2384 4962 2668 5032 Dionysios
2692 4969 2802 5016 tam
2833 4961 3250 5032 pluradiscrela
3279 4964 3391 5020 sint
3416 4974 3677 5034 tempora.

2171 5054 2240 5109 Χ.
2267 5052 2488 5124 Legitur
2515 5054 2644 5109 item
2670 5054 2816 5110 sicin
2835 5053 3408 5111 eademecelesiastica
3433 5055 3691 5121 historia,

2104 5162 2224 5217 cap.
2255 5146 2311 5211 4,
2361 5146 2455 5201 lib.
2507 5161 2604 5200 lli:
2640 5145 3008 5201 Mcmorantur
3053 5155 3234 5202 autem
3282 5161 3350 5202 ex
3391 5145 3686 5202 comitibus

2105 5237 2284 5304 Pauli,
2307 5236 2569 5293 Crescens
2605 5236 2822 5308 quidem
2863 5237 2932 5294 ad
2965 5236 3185 5292 Galatas
3225 5251 3346 5293 esse
3381 5234 3685 5305 profectus,

2112 5331 2279 5386 Linus
2305 5343 2436 5385 vero
2463 5337 2530 5385 et
2543 5330 2791 5386 Clemens
2819 5330 2873 5384 in
2903 5329 3036 5385 urbe
3063 5326 3520 5384 RomaEcclesiae
3545 5344 3682 5400 pra:-

2109 5419 2427 5490 fuisse,.qui.
2454 5420 2677 5475 comites
2713 5429 2768 5475 et
2797 5417 3222 5490 adjutoresejus
3253 5416 3421 5474 fuisse
3455 5417 3524 5474 ab
3565 5420 3689 5490 ipso

2111 5509 2276 5566 Paulo
2308 5509 2689 5581 perhibentur:
2718 5510 2812 5566 sed
2851 5519 2906 5565 et
2950 5509 3266 5578 Dionysium
3300 5509 3680 5580 Areopagitem

2111 5603 2252 5674 apud
2274 5602 2532 5667 Athenas,
2549 5617 2708 5672 quem
2743 5601 2916 5655 Lucas
2943 5599 3248 5671 descripsit,
3265 5600 3497 5671 primum
3515 5599 3685 5654 Paulo

2109 5694 2802 5766 prmdicante,.crcdidisse,
2833 5707 2895 5746 ac
2944 5691 3085 5745 inter
3120 5692 3298 5747 socios
3332 5691 3449 5759 ejus
3491 5689 3682 5748 fuisse.
