4064 6190
373 257 433 315 ιι
1721 252 1959 311 1⁵80134

2059 251 2259 309 unus.
2292 280 2299 293 π
3570 263 3673 319 εἰ

374 368 710 431 mendacium
734 367 958 438 quaerit.
981 380 1168 431 comes
1189 374 1245 422 ut
1266 366 1561 439 discipulus
1592 364 1733 435 eius,
1764 369 1858 439 qui
1883 370 1952 426 ab
1979 373 2029 430 Α
2056 370 2399 443 ignobiliose,
2430 369 2658 443 ﬂagellis
2694 372 2905 444 publice
2930 389 3125 441 caesus,
3155 391 3278 435 cum
3306 377 3452 435 omni
3478 379 3645 441 dede-

375 465 529 524 initio
552 461 786 519 mendax
818 468 876 517 et
896 467 1053 529 pater
1077 459 1344 519 mendacii
1366 459 1599 528 exstitit,
1627 474 1736 518 non
1764 460 1956 517 imme-

375 560 479 615 rito
503 564 780 612 rectorum
804 553 1026 611 decreto
1051 553 1177 611 erit.

440 651 580 707 ΙΝ.
622 650 691 705 Et
716 657 918 720 quanta
942 649 1016 704 sit
1037 649 1309 704 hebetudo
1331 660 1706 713 susumnum,
1733 647 1959 718 pessimi

374 743 585 815 generis
620 741 921 805 hominum,
946 739 1217 795 aestimare
1240 754 1352 794 non
1377 739 1555 805 valeo,
1585 739 1676 809 qui
1701 753 1828 795 eum
1856 738 1958 794 do-

374 842 577 889 ctorem
593 830 878 902 egregium
903 838 958 886 et
979 829 1235 886 eximium
1258 838 1558 902 martyrem
1584 845 1644 885 se
1665 829 1887 895 habere,
1910 828 1956 886 si

370 925 599 998 gloriam
620 922 813 993 patria:
831 937 966 986 sua,
991 926 1256 990 suamque
1275 929 1600 993 quaererent,
1630 922 1959 979 contendere

373 1012 719 1078 debuissent;
748 1011 929 1082 potius
955 1023 1037 1077 se,
1056 1024 1184 1066 cum
1209 1010 1463 1077 habeant,
1488 1024 1596 1067 non
1625 1012 1826 1068 habere
1852 1010 1957 1066 im-

374 1109 737 1163 memorent.

441 1191 561 1249 XV.
595 1190 812 1260 Ornata
831 1202 1046 1261 mleque
1076 1191 1151 1248 sit
1168 1191 1467 1249 amentium
1493 1191 1841 1261 perversitas,
1865 1190 1959 1246 do—

372 1282 504 1347 lere,
534 1291 597 1337 ut
620 1297 713 1337 res
739 1280 1001 1352 postulat,
1026 1292 1240 1352 nequeo
1266 1297 1425 1352 :qum
1446 1297 1570 1337 cum
1598 1282 1739 1337 votis
1764 1290 1822 1336 et
1844 1280 1959 1336 lau—

372 1373 501 1431 Ihm
528 1371 822 1442 praeconiis
854 1379 1153 1442 martyrem
1178 1371 1475 1443 gloriosum
1509 1372 1623 1428 suis
1653 1370 1924 1441 iniquitati

370 1465 476 1520 bus
509 1464 827 1520 debuissent
858 1464 1153 1521 conciliare
1187 1466 1511 1536 propitium,
1542 1465 1877 1523 detractione
1902 1473 1959 1521 et

375 1554 536 1612 fama
573 1556 936 1613 minoratione
970 1556 1248 1622 laborant,
1276 1565 1539 1626 quantum
1578 1572 1647 1613 ex
1684 1556 1817 1628 ipsis
1850 1565 1956 1623 est,

370 1649 478 1705 sibi
508 1648 715 1704 autem
740 1647 1015 1703 infestum.
1045 1647 1153 1705 Sed
1172 1648 1345 1704 isdem
1374 1648 1429 1705 in
1461 1648 1617 1705 cacus
1643 1634 1829 1707 talium
1855 1661 1957 1704 nec

2058 475 2182 516 core
2210 460 2475 517 interiret.
2522 461 2674 519 Unde
2713 471 2766 518 et
2806 464 3103 523 centesima
3149 469 3430 527 undecima
3475 471 3649 543 olym-

2058 550 2213 620 piath
2242 550 2607 607 Romanorum
2650 553 2839 609 consul
2876 554 3105 613 Manlius
3144 555 3447 629 Torquatus
3468 560 3663 621 lilium-

2058 657 2238 707 suum,
2290 640 2416 698 licet
2465 642 2746 708 victorem,
2804 646 2948 715 quod
2998 657 3189 703 contra
3243 650 3535 720 imperium
3584 655 3639 712 in

2059 732 2239 789 hostes
2271 733 2613 803 pugnaverit,
2659 734 2825 804 virgis
2852 750 3074 803 cassum,
3122 739 3298 794 securi
3347 742 3641 811 percussit.

2058 823 2398 895 Quapropter
2424 839 2492 879 ex
2532 823 2615 881 his
2652 840 2748 881 vos
2776 832 2832 880 et
2858 825 3058 897 quique
3084 827 3324 900 legentes
3351 828 3622 887 advertite

2058 926 2275 984 quanta:
2319 914 2616 970 nobilitatis
2641 914 2730 971 hic
2770 924 2991 972 sanctus
3014 915 3300 991 Dionysius
3342 921 3642 979 secundum

2059 1016 2328 1069 terrenam
2386 1007 2850 1077 regenerationem
2897 1007 3000 1063 fuit
3053 1008 3108 1064 in
3155 1011 3377 1079 smculo,
3421 1022 3642 1083 quantm

2060 1096 2406 1152 sublimitatis
2451 1098 2745 1152 secundum
2797 1097 3133 1167 spiritualem
3174 1103 3661 1172 regenerationem.

2059 1188 2113 1244 in
2141 1188 2389 1255 Domino,
2435 1188 2623 1259 quanti
2649 1187 2878 1244 fervoris
2923 1198 2979 1244 et
3010 1188 3156 1258 lidci,
3186 1198 3337 1249 tanta
3372 1200 3645 1251 terrarum

2059 1279 2231 1349 spatia
2274 1280 2368 1348 pio
2400 1278 2519 1334 zelo
2560 1279 2807 1336 veritatis
2847 1278 3223 1350 perlustrando
3244 1281 3302 1337 in
3347 1279 3643 1341 christiana

2060 1369 2339 1440 religione,
2361 1378 2579 1440 quanta
2602 1370 2976 1425 mstimationis
2996 1370 3160 1426 etiam
3176 1371 3318 1443 apud
3336 1372 3483 1429 orbis
3502 1375 3646 1444 prin-

2059 1462 2253 1531 cipem,
2278 1460 2370 1530 qui
2400 1468 2458 1515 ut
2507 1460 2889 1526 trucidaretur,
2930 1461 3037 1517 huc
3084 1460 3257 1517 Roma
3307 1465 3647 1537 apparitores

2058 1566 2186 1608 suos
2243 1552 2526 1619 direxerit,
2580 1552 2633 1606 in
2681 1552 2961 1608 nobilitate
3008 1553 3274 1625 prosapiae
3316 1563 3374 1611 et
3421 1554 3659 1617 fanatici.

2057 1642 2230 1696 cultus
2262 1644 2560 1706 eversione,
2583 1652 2800 1712 quantm
2821 1641 3155 1699 fortitudinis
3176 1644 3231 1699 in
3256 1653 3649 1705 tormentorum

372 1737 774 1802 lutuleerescit.
804 1750 909 1794 nec
930 1737 1282 1809 derogntiune
1310 1737 1576 1796 decrescit
1607 1758 1618 1791 :
1652 1738 1746 1808 qui
1775 1735 1959 1793 Salva-
1986 1719 2033 1778 Β
2061 1732 2375 1802 perlatioue,
2406 1749 2567 1802 quam
2597 1731 2973 1801 abjectissimm
3001 1733 3224 1789 vilitatis
3268 1736 3319 1791 in
3352 1738 3653 1805 occisione,

373 1828 477 1883 tori
524 1827 777 1897 intactile,
826 1833 885 1882 et
928 1826 1167 1885 concivis
1216 1828 1534 1897 angelorum
1584 1827 1838 1893 effectus,
1896 1828 1964 1885 de

370 1930 582 1971 summa
622 1915 884 1973 calorum
915 1929 1043 1973 arce
1070 1916 1404 1985 singulorum
1442 1916 1751 1973 voluntates
1790 1918 1964 1975 inten-

370 2007 482 2072 dit,
514 2014 572 2061 et
598 2020 836 2076 sequens
867 2018 1064 2076 agnum
1093 2020 1420 2076 quocunque
1450 2006 1608 2071 ierit,
1653 2006 1818 2061 corda
1848 2021 1963 2059 om.

372 2097 547 2162 uiam,
594 2095 782 2168 divino
816 2096 1024 2153 lumine
1052 2095 1268 2166 plenus,
1319 2105 1689 2166 perscrutatur
1716 2106 1774 2151 et
1800 2111 1963 2167 peuc-

374 2194 502 2241 trat.
535 2186 595 2242 In
624 2186 731 2243 huc
773 2185 905 2257 quin
931 2185 1098 2241 etiam
1141 2184 1339 2242 saeculo
1382 2200 1488 2242 non
1530 2169 1740 2258 indiget
1778 2185 1961 2257 gloriae

374 2276 689 2333 teatimtmio
714 2273 1022 2343 huiusmodi
1072 2274 1350 2330 hominum
1374 2315 1393 2342 ,
1439 2275 1486 2330 si
1531 2284 1707 2333 tamen
1747 2274 1959 2330 dicendi

376 2375 505 2422 sunt
529 2365 800 2431 homines,
823 2365 918 2435 qui
959 2364 1251 2420 detrahunt
1279 2365 1443 2420 etiam
1473 2366 1527 2419 in
1552 2364 1705 2420 caelis
1735 2366 1957 2419 immor-

374 2459 556 2513 taliter
596 2456 843 2526 regnanti
877 2495 894 2521 ,
943 2470 1105 2526 quem
1155 2456 1334 2511 adhuc
1379 2455 1433 2512 in
1477 2455 1687 2513 mortali
1733 2454 1977 2525 corpore

374 2559 652 2606 Venet-att:
680 2558 809 2605 sunt
834 2549 1025 2605 bestia:
1067 2549 1461 2619 agonizautem.
1493 2546 1777 2605 Suiliciens
1813 2549 1958 2605 enim

372 2655 460 2697 est
488 2642 567 2697 illi
603 2642 825 2711 suisque
873 2641 1165 2699 comitibus
1190 2640 1308 2699 laus
1338 2639 1429 2695 illa
1456 2640 1513 2697 in
1543 2639 1762 2705 stmulo,
1790 2653 1955 2708 quam

375 2734 815 2804 splendidissima
840 2746 1028 2790 eum
1070 2742 1417 2788 monumenta
1453 2740 1743 2798 testantur,
1788 2742 1844 2787 et
1870 2747 1961 2788 ce-

376 2822 515 2878 lebri
562 2823 882 2879 adcretione
916 2821 1259 2881 Christianus
1301 2822 1452 2878 orbis
1497 2820 1610 2877 fere
1657 2829 1804 2878 totus
1841 2836 1960 2893 pro-

376 2914 597 2971 clamat.
625 2912 737 2969 Nec
755 2914 977 2977 mirum,
1001 2913 1046 2970 si
1068 2920 1277 2983 martyr
1318 2911 1532 2968 Domini
1560 2909 1687 2967 Jesu
1729 2913 1958 2969 istorum

374 3007 647 3062 sustineat
685 3004 1107 3069 cavillationem,
1139 3017 1263 3081 cum
1290 3002 1430 3058 idem
1469 3002 1613 3059 Deus
1634 3003 1956 3074 majestatis,

374 3096 469 3165 qui
504 3109 795 3166 resurgens
838 3110 870 3150 a
909 3094 1159 3159 mortuis,
1202 3091 1316 3161 jam
1358 3107 1466 3149 non
1511 3093 1763 3161 moritur,
1807 3103 1863 3151 et
1904 3095 1960 3149 in

376 3186 532 3242 culis
557 3186 628 3241 ad
652 3186 932 3242 dexteram
961 3184 1139 3243 Patris
1166 3185 1340 3250 sedet,
1373 3185 1635 3256 subjectis
1665 3185 1765 3241 sibi
1808 3187 1959 3256 prin-

372 3277 667 3348 cipatibus,
704 3285 760 3333 et
782 3276 1025 3333 manium
1052 3275 1365 3349 angelorum
1405 3277 1763 3346 potestatibus
1786 3277 1960 3348 (Rom.

376 3366 480 3437 rt),
506 3382 607 3437 per
635 3374 786 3425 tanta
828 3380 1092 3427 annorum
1134 3367 1406 3427 volumina
1451 3367 1627 3424 adhuc
1672 3370 1741 3425 ab
1792 3369 1964 3425 incre-

376 3457 517 3513 dulis
541 3459 777 3514 indebita
805 3458 1042 3529 patiatur
1062 3457 1391 3529 prmjudicia.

450 3547 590 3603 XVI.
624 3547 752 3603 limo
774 3547 1014 3614 interim,
1044 3548 1219 3603 donec
1256 3547 1409 3617 plura
1439 3547 1666 3604 sumatis
1684 3549 1756 3605 de
1778 3551 1965 3619 cogni-

378 3641 527 3696 tione
554 3639 928 3713 suﬂ'ragatoris
955 3640 1141 3707 vestri,
1189 3639 1430 3713 Auguste
1457 3643 1845 3720 ,serenissime,
1874 3660 1963 3699 su-

378 3733 534 3797 mite,
562 3740 619 3787 et
646 3733 914 3789 veraciter
937 3733 1257 3789 innotescite
1290 3734 1542 3790 omnibus
1562 3775 1577 3801 ,
1604 3736 1730 3804 quia
1761 3737 1877 3792 hzec
1908 3732 1965 3791 ﬂ-

380 3824 577 3879 deliter
623 3833 815 3879 vestra:
857 3824 1210 3880 dominationi
1243 3824 1545 3895 dirigimus,
1597 3826 1865 3880 veraciter
1896 3842 1962 3881 ex

379 3914 669 3969 vermibus
689 3914 1138 3987 historiograpbis
1163 3921 1221 3970 et
1247 3914 1596 3971 historiarum
1626 3915 1837 3985 paginis
1861 3914 1965 3970 cet

378 4002 551 4073 ligere
598 4000 1006 4072 procuravimus
1046 4018 1064 4056 ε
1119 4003 1376 4073 quoniam
1425 4003 1649 4069 veritas,
1701 4017 1803 4073 pro
1853 4018 1963 4074 qua

380 4096 684 4168 pretiosum
722 4096 1039 4168 sanguinem
1068 4095 1159 4151 hic
1185 4110 1376 4151 servus
1420 4103 1476 4150 et
1501 4096 1709 4151 amicus
1749 4095 1964 4151 Domini

378 4190 625 4255 fuderat,
681 4198 867 4245 nostro
905 4190 1187 4245 mendacio
1233 4187 1516 4260 astipulari
1573 4203 1680 4243 non
1741 4188 1961 4259 indiget,

377 4301 499 4356 quae
524 4299 626 4340 suo
656 4284 757 4341 sibi
790 4284 1095 4341 testimonio
1114 4283 1329 4350 sufﬁcit,
1362 4298 1591 4354 qumque
1616 4291 1784 4341 testes
1813 4298 1964 4341 vera-

377 4372 630 4432 cissimos
653 4390 789 4447 quos
811 4375 1121 4447 repleverit,
1152 4374 1505 4431 testiﬁcantes
1532 4376 1749 4430 veracia
1779 4372 1958 4431 cilicii.

2064 1837 2225 1892 quam
2253 1822 2658 1892 pretiosissima:
2698 1822 3005 1876 sanctitatis
3032 1837 3216 1877 coram
3238 1818 3350 1881 Deo
3370 1826 3427 1881 in
3450 1838 3663 1896 ntortc,,.

2062 1927 2224 1983 quam
2270 1912 2738 1969 excellentissime
2772 1922 2829 1969 et
2877 1914 3237 1985 incogitabilis
3279 1916 3468 1988 gloriae
3514 1935 3652 1981 cum

2062 2000 2280 2057 Christo
2317 2002 2369 2055 in
2414 2001 2569 2065 coelo,
2602 2016 2765 2072 quam
2813 2011 3007 2057 macta:
3039 2003 3257 2059 virtutis
3291 2007 3365 2061 sit
3397 2007 3453 2062 in
3494 2007 3647 2079 adju-

2061 2094 2200 2150 torio
2215 2100 2414 2149 nostra:
2444 2092 2773 2164 fragilitatis,
2809 2094 2982 2149 adhuc
2998 2092 3355 2153 laborantium
3376 2097 3429 2153 in
3450 2112 3643 2170 agone,

2060 2199 2223 2253 quam
2260 2182 2391 2239 felix
2431 2198 2552 2238 cum
2597 2184 2815 2254 proprio
2860 2192 2913 2239 et
2947 2186 3110 2240 beato
3153 2195 3371 2258 recepto
3418 2203 3647 2262 corpore

2057 2270 2312 2343 gaudebit
2357 2278 2618 2342 perpetuo
2674 2285 2795 2327 cum
2862 2272 3028 2328 sociis
3083 2273 3235 2341 suis,
3288 2284 3344 2332 et
3394 2279 3659 2343 omnibus

2059 2363 2318 2436 angelicis
2342 2363 2547 2428 choris,
2598 2363 2914 2433 cunctisque
2951 2365 3156 2423 sanctis
3191 2366 3404 2422 Domini
3450 2376 3506 2427 et
3537 2369 3646 2425 ele-

2060 2456 2163 2511 ctis
2186 2456 2242 2512 in
2283 2465 2485 2512 :eterna
2520 2455 2789 2520 felicitate,
2839 2472 2935 2528 per
2969 2458 3221 2517 eumdem
3274 2460 3559 2517 Dominum
3586 2469 3663 2519 et.

2062 2545 2401 2602 Salvatorem
2428 2554 2675 2610 nostrum
2706 2544 2889 2603 Iesum
2912 2546 3209 2616 Christum,
3233 2563 3419 2605 verum
3451 2550 3639 2615 Deum,

2060 2637 2264 2713 Deique
2300 2646 2355 2694 et
2392 2639 2628 2695 hominis
2659 2638 2850 2706 lilium,
2892 2640 2985 2710 qui
3030 2641 3090 2697 in
3134 2642 3292 2698 unius
3320 2641 3647 2699 substantiae

2059 2729 2426 2800 acpotestatis
2453 2730 2693 2785 trinitate
2729 2730 2965 2802 perfecta
3004 2730 3134 2786 vivit
3170 2740 3226 2788 et
3263 2741 3453 2806 regnat
3477 2731 3659 2801 Deus,-

2059 2837 2157 2892 per
2181 2821 2363 2877 omnia
2392 2820 2587 2877 sarcula
2618 2821 2957 2877 saeculorum.
2986 2822 3175 2878 Amen.

1987 3063 2033 3127 C
2067 3061 2300 3133 Epistula
2334 3052 2575 3117 Hildm’ni
2603 3061 2801 3133 abbatis
2828 3062 3048 3133 indigni,
3090 3065 3169 3118 ad
3190 3077 3404 3123 cunctos
3446 3076 3653 3125 sanctae

2135 3133 2418 3206 Catholica:
2444 3135 2628 3206 matris
2660 3132 2910 3206 Ecclesia
2934 3132 3076 3206 ﬁlios
3095 3143 3143 3188 et
3168 3135 3371 3206 ﬁdeles,
3407 3138 3642 3206 pandens

2133 3204 2396 3275 quomodo
2424 3205 2655 3275 inuenire
2680 3205 2897 3275 quisque
2915 3205 3048 3261 scire
3068 3205 3374 3262 desiderans
3396 3204 3563 3263 ualeat
3584 3210 3642 3267 in

2133 3272 2479 3346 epistoiauad
2522 3272 3024 3346 Christianissimum
3072 3275 3433 3346 imperatorem
3474 3277 3643 3332 donti-

2135 3341 2258 3397 num
2286 3341 2606 3416 Ludovicum
2650 3343 2836 3416 exinde
2883 3344 3106 3409 directa,
3142 3341 3287 3416 unde
3329 3350 3377 3400 et
3416 3347 3643 3416 qualiter

2134 3424 2341 3484 sumpto
2374 3414 2478 3467 sint
2514 3428 2575 3467 ea
2597 3414 2795 3484 quain
2830 3429 3019 3484 corpus
3058 3414 3217 3468 unius
3242 3414 3641 3484 textus‘sem-

2133 3482 2259 3537 dum
2290 3483 2584 3552 jussionem
2608 3482 2798 3552 ipsius
2850 3482 3115 3553 redegerat
3153 3500 3217 3539 ex
3248 3482 3551 3539 (ἔνατον-ατη
3590 3494 3639 3541 et

2135 3552 2443 3606 Latinorum
2469 3553 2723 3617 historiis,
2746 3553 2817 3607 de
2845 3552 3032 3607 notitia
3056 3553 3475 3609 excellentissimi
3507 3572 3645 3609 utar-

2132 3623 2260 3693 tyris
2282 3619 2475 3675 Christi
2503 3621 2761 3693 Dionysii.

2137 3732 2421 3793 Hilduinus
2467 3731 2687 3787 humilis
2709 3730 2909 3786 Christi
2952 3746 3158 3794 servus,
3197 3740 3253 3788 et
3280 3732 3484 3787 domini
3530 3734 3636 3787 mei

2064 3822 2303 3894 Dionysii
2332 3821 2582 3892 pretiosi,
2634 3821 3010 3889 sociorumque
3054 3819 3172 3888 ejus
3217 3821 3644 3887 matricularius,

2062 3912 2209 3969 muni
2256 3912 2539 3967 catholicae
2595 3910 2892 3975 dilectioni,
2947 3924 3381 3981 quaquaversum
3434 3910 3640 3981 Spiritu

2062 4009 2254 4057 sancto
2278 3997 2504 4065 diffusae,
2550 4010 2738 4069 pacem
2765 3996 3076 4054 continuam
3118 4006 3174 4053 et
3218 3997 3445 4067 gloriam
3492 4009 3644 4068 optat

2063 4098 2343 4145 mternam.

2132 4177 2175 4232 Ι.
2204 4176 2340 4232 Cum
2370 4190 2469 4231 nos
2497 4173 2776 4245 Scriptura
2816 4175 3055 4248 generali
3098 4175 3413 4232 deﬁnitione
3454 4178 3642 4232 admo-

2065 4277 2211 4333 neat,
2247 4268 2472 4324 dicens:
2508 4265 2865 4338 Quodcunque
2891 4276 3055 4338 potest
3097 4284 3283 4323 manus
3310 4270 3645 4335 tua,.instan-

2064 4372 2144 4416 ter
2166 4375 2382 4432 operare
2408 4355 2606 4431 (Eccle.
2631 4357 2731 4430 ix),
2755 4366 2812 4413 et
2835 4357 2907 4428 pii
2944 4353 3168 4430 Augusti
3193 4358 3459 4430 simulque
3483 4359 3646 4431 pluri-

372 4428 627 4538 545,5;
658 4428 952 4539 €8.11};
966 4428 1075 4523 dii},
1098 4428 1435 4537 Mign
1457 4428 1748 4523 ξιέέαέιξέ
1774 4428 1966 4537 gs;
1988 4428 2041 4491 Ῑ)
2067 4428 2281 4509 morum
2318 4450 2389 4505 ad
2412 4428 2513 4505 hoc
2551 4428 2815 4539 desideria
2856 4428 3238 4520 cognoscerem
3252 4428 3541 4539 subalare,
3569 4453 3645 4506 vi-

372 4536 577 4624 vimus,
630 4536 824 4629 aliquis
862 4559 1001 4614 alius
1044 4557 1186 4613 forte
1237 4558 1545 4624 mirabitur,
1584 4536 1836 4613 videlicet
1869 4571 1968 4610 cur
2069 4557 2191 4598 sum
2221 4549 2307 4597 est
2334 4538 2677 4606 ωἱιιῖνθιειιιιι
2706 4537 2762 4592 in
2802 4537 2905 4629 hac
2938 4543 3096 4629 parte
3136 4536 3392 4629 quiddam
3430 4540 3646 4629 sudoris

375 4657 501 4719 post
523 4648 711 4705 omnia
739 4658 1011 4706 tormenta
1038 4649 1347 4715 novissime,
1398 4648 1547 4705 velut
1582 4648 1652 4702 ab
1696 4647 1873 4713 initio,
1907 4645 1963 4702 hi

372 4742 553 4797 sancti
606 4742 711 4797 viri
747 4742 875 4798 nudi
923 4742 1138 4814 publice
1185 4742 1355 4814 virgis
1405 4741 1551 4807 caasi,
1601 4749 1657 4796 et
1681 4755 1752 4795 ex
1782 4740 1962 4796 studio

375 4832 647 4887 hebetatis
671 4833 952 4888 securibus
980 4833 1088 4888 sint
1120 4832 1404 4887 decollati:
1451 4831 1593 4903 quod
1617 4840 1767 4885 tanto
1789 4830 1962 4902 magis

373 4929 557 4992 potest
576 4922 870 4994 cogitando
896 4922 1106 4987 mirari,
1125 4931 1328 4993 quanto
1357 4922 1478 4978 aliis
1500 4922 1709 4977 sanctis
1728 4921 1822 4976 Dei
1853 4921 1957 4976 hoc

374 5027 553 5082 genus
576 5011 956 5069 decoliationis
985 5012 1165 5068 rarius
1206 5020 1302 5067 aut
1344 5025 1609 5081 nusquam
1639 5009 1836 5080 legitur
1864 5009 1958 5065 ad-

374 5102 575 5157 hiberi.
612 5100 717 5169 Qui
747 5102 982 5167 noverit,
1024 5102 1100 5157 uti
1121 5115 1189 5157 ex
1216 5099 1397 5157 verbis
1441 5098 1706 5171 passionis
1742 5098 1957 5155 illorum

372 5192 700 5262 conjicimus
727 5232 741 5255 ,
793 5198 850 5246 et
904 5191 1072 5246 multa
1133 5201 1378 5246 veterum
1427 5197 1577 5261 gesta
1624 5188 1960 5244 revolventes

372 5283 664 5350 discimus,
718 5283 1017 5353 antiquitus
1066 5297 1272 5337 morem
1318 5279 1487 5337 fuisse
1538 5280 1865 5342 Romanum,
1904 5286 1963 5335 ut

375 5376 631 5447 quisquis
679 5375 1139 5435 nobilissimorum
1192 5391 1316 5432 reus
1362 5372 1679 5443 Maiestatis,
1708 5388 1736 5427 a
1769 5372 1959 5427 militia

373 5478 434 5525 et
466 5466 786 5523 defensione
826 5468 1161 5537 Pteipublicze
1204 5468 1312 5523 alio
1348 5483 1407 5523 sc
1438 5465 1740 5527 conferens,
1773 5472 1959 5520 contra

375 5566 606 5614 senatus
635 5566 819 5613 votum
859 5568 1071 5629 ageret,
1102 5558 1183 5612 vel
1213 5558 1370 5610 aliter
1408 5572 1569 5625 quam
1601 5570 1661 5610 sc
1696 5550 1961 5609 sententia

375 5651 610 5708 haberet
657 5651 849 5709 docere
898 5667 1005 5722 quo
1062 5652 1218 5707 mole
1270 5647 1735 5719 przusumpsissct,
1784 5644 1961 5700 securi

2064 4631 2404 4705 impendere,
2424 4637 2486 4686 ut
2514 4629 2759 4687 notitiam
2798 4627 2865 4684 de
2885 4628 3078 4684 ordino
3101 4628 3471 4685 conversionis
3498 4627 3647 4701 [οοιι-

2065 4718 2411 4792 venationis]
2434 4729 2490 4774 et
2508 4718 2909 4789 pradicationis
2931 4726 3096 4787 atque
3109 4717 3372 4774 adventus
3392 4717 3643 4782 Romam,

2062 4826 2158 4872 seu
2205 4810 2543 4882 tritunphaiis
2585 4808 2834 4880 martyrii
2870 4807 3165 4862 beatissimi
3216 4802 3483 4878 Dio-pii,
3526 4822 3646 4875 qua:

2064 4910 2299 4966 innxium
2343 4904 2656 4963 Graecorum
2709 4901 3015 4958 continetur
3062 4899 3334 4963 historiis,
3385 4907 3440 4954 et
3488 4898 3643 4968 quasi

2063 5000 2292 5071 sepulta,
2314 4996 2655 5065 antiquorum
2677 4991 2896 5047 scriniis
2916 4990 3052 5061 apud
3066 4989 3288 5044 Latinos
3310 5003 3414 5043 non
3436 4988 3645 5042 modica

2056 5095 2311 5167 portione
2334 5089 2651 5145 servabatur
2672 5085 2908 5148 obtecta,
2924 5082 2978 5135 in
3000 5079 3171 5136 lucem
3197 5078 3411 5134 Christo
3422 5075 3647 5167 juvante

2068 5163 2423 5241 reducerem:
2473 5184 2739 5247 quatenus
2784 5171 2992 5228 devotis
3037 5169 3232 5224 exinde
3275 5179 3402 5236 erga
3444 5163 3540 5220 Dei
3590 5176 3650 5221 et

2068 5267 2504 5330 excellentissimi
2550 5264 2808 5335 martyris
2850 5262 2931 5316 sui
2963 5260 3167 5316 cultum
3209 5254 3424 5311 devotio
3457 5269 3645 5311 cumu-

2068 5367 2177 5425 lata
2202 5368 2586 5427 succresccrct,
2629 5366 2684 5413 et
2725 5355 2918 5411 debita:
2940 5350 3185 5408 servituti
3215 5354 3435 5415 nostrae,
3467 5347 3523 5402 in
3550 5347 3647 5403 do-

2069 5474 2157 5515 mo
2201 5453 2434 5519 Domini,
2491 5457 2748 5522 quantum
2790 5446 2857 5501 ad
2909 5441 3253 5513 exiguitatem
3301 5448 3544 5495 nostram
3590 5447 3646 5493 et

2068 5546 2317 5621 ingenioli
2345 5544 2512 5600 nostri
2551 5542 2764 5603 attinet,
2786 5536 2981 5608 cyatho
3009 5539 3223 5603 gustum
3245 5528 3495 5587 ﬁdelibus
3520 5542 3648 5600 pro-

2069 5641 2293 5713 pinanti,
2309 5638 2546 5710 ejusdem
2564 5633 2721 5693 amici
2738 5630 2861 5697 Dei,
2876 5626 3030 5699 cujus
3052 5626 3104 5684 id
3122 5639 3306 5681 amore
3319 5623 3655 5689 studuimus,
