4008 6206
404 293 476 347 25
1746 287 1900 345 V'l'l'A
1943 287 2002 344 S.
2045 286 2345 346 DIONYSII
3604 292 3674 347 ει

406 401 731 460 interventio
759 399 990 472 gloriosa
1013 397 1249 454 divinam
1295 389 1718 454 miscricordiam
1744 399 1990 471 impetra-
2017 407 2063 466 Α
2094 403 2236 473 quod
2285 402 2342 457 in
2362 401 2560 456 litteris
2587 401 2845 458 divinitus
2877 401 3154 471 inspiratis
3180 403 3375 476 legitur
3401 403 3509 479 (IV
3544 406 3673 480 Reg.

407 505 509 552 ret.
553 496 625 552 Ut
659 495 802 551 enim
835 501 890 549 et
919 500 1044 548 ante
1083 507 1183 548 nos
1216 491 1414 547 dictum
1444 500 1546 557 est,
1587 502 1734 563 gesta
1761 492 1898 548 bene
1918 495 1992 549 vi-

403 588 670 652 ventium,
703 586 970 642 elementa
997 592 1123 640 sunt
1161 585 1329 639 vitam
1359 584 1684 639 volentium:
1722 593 1778 640 et
1805 601 1991 640 exem-

404 679 491 750 pla
547 686 844 749 martyrum
875 715 890 742 ,
941 676 1346 731 exhortationes
1399 685 1526 731 sunt
1580 675 1986 745 martyriorum.

409 771 750 839 Quapropter
796 767 1077 836 sequentia
1141 766 1383 837 relegens
1408 806 1424 832 ,
1473 765 1666 836 poculo
1709 765 1988 822 debriatus

414 860 694 930 przeelaro,
727 859 888 913 lldem
923 858 1141 929 pietatis
1187 865 1414 923 eructet,
1443 867 1500 914 et
1536 873 1642 914 non
1669 859 1986 930 obsequium

425 957 666 1003 nostrum
697 947 897 1002 nomini
923 946 1238 1002 temeritatis
1275 948 1532 1016 assignet.
1561 947 1696 1014 Quia
1739 963 1891 1013 vero,
1929 957 1990 1003 ut

401 1053 501 1108 per
529 1037 814 1107 quemdam
867 1037 1165 1107 sapientem
1213 1037 1432 1102 dicitur,
1489 1037 1764 1092 multoties
1811 1038 1864 1091 in
1893 1037 1986 1092 vili

402 1141 631 1195 persona
665 1127 958 1198 tleSpicitur
979 1127 1204 1193 veritas,
1228 1127 1314 1182 cui
1341 1126 1474 1182 nihil
1504 1125 1746 1198 praeferri
1774 1126 1988 1182 debuis-

401 1227 486 1274 set
510 1262 525 1285 ,
553 1221 868 1291 suppliciter
891 1236 1098 1284 omnes,
1131 1220 1186 1274 in
1232 1235 1462 1290 quorum
1511 1235 1704 1275 manus
1742 1221 1858 1276 huic
1902 1235 1989 1276 ve-

402 1313 604 1380 nerint,
645 1313 926 1383 deprecor,
960 1326 1026 1367 ne
1053 1313 1105 1367 in
1137 1311 1222 1367 his
1246 1321 1446 1367 nostrze
1491 1326 1738 1382 personae
1762 1311 1984 1366 humili-

403 1409 567 1455 tatem
603 1411 659 1456 et
685 1405 916 1474 agrestis
939 1403 1202 1457 orationis
1240 1401 1782 1470 indisciplinationem
1810 1409 1986 1456 atten-

399 1491 549 1558 dant,
601 1507 725 1546 cum
775 1507 1129 1562 personarum
1177 1500 1574 1562 acceptatorcm
1622 1492 1674 1546 in
1720 1491 1823 1546 hac
1847 1490 1984 1545 dun-

401 1591 553 1637 taxat
581 1593 736 1653 parte
775 1600 879 1638 non
919 1599 1041 1640 esse
1068 1583 1353 1638 Dominum
1383 1584 1576 1638 sciant.
1609 1583 1666 1636 In
1695 1597 1801 1653 qua
1839 1581 1986 1636 scili-

399 1683 486 1729 cet
528 1691 615 1730 me
669 1675 978 1745 imperitum
1026 1691 1294 1741 sermone,
1345 1691 1454 1731 non
1508 1684 1688 1729 tamen
1736 1675 1981 1741 scientia,

397 1764 587 1820 fateor.
619 1764 756 1831 Quin
793 1767 974 1835 potius
1013 1767 1175 1829 hunc,
1207 1767 1274 1820 de
1310 1781 1418 1836 quo
1452 1781 1540 1820 res
1582 1766 1780 1835 agitur,
1812 1765 1981 1838 incly-
2008 1759 2054 1817 B

396 1863 508 1909 tum
537 1864 592 1910 et
630 1870 813 1911 verum
844 1855 1043 1910 Christi
1089 1857 1315 1910 militem
1353 1863 1482 1910 ante
1528 1856 1714 1910 oculos
1754 1865 1977 1926 ponant,

393 1951 481 2004 cui
519 1950 768 2005 humana:
805 1951 954 2006 vocis
997 1950 1258 2021 dignitate
1285 1951 1460 2022 impar
1496 1964 1655 2006 omne
1679 1952 1803 2016 erit,
1832 1952 1984 2022 quid-

393 2042 523 2111 quid
553 2041 607 2096 iu
637 2041 794 2098 laude
821 2041 940 2112 ejus
992 2041 1188 2112 aliquis
1227 2057 1372 2096 nunc
1400 2041 1709 2097 mortalium
1739 2042 1936 2097 dixerit
1961 2083 1974 2107 ,

393 2134 652 2204 quoniam
689 2132 756 2187 ah
799 2147 865 2189 eo
899 2133 1010 2188 solo
1039 2134 1197 2204 digne
1237 2140 1416 2203 potest
1461 2132 1692 2198 laudari,
1735 2147 1766 2186 a
1794 2147 1900 2202 quo
1925 2139 1980 2186 et

392 2238 491 2294 per
521 2239 682 2293 quem
711 2223 833 2278 talis
860 2223 1057 2278 meruit
1085 2223 1222 2278 ﬁeri.
1254 2223 1394 2279 Vera
1425 2225 1608 2293 itaque
1636 2238 1666 2277 a
1697 2223 1980 2278 veracihus

393 2313 460 2367 de
485 2328 552 2368 eo
573 2315 795 2383 scripta,
821 2323 875 2369 et
897 2313 1215 2383 simpliciter
1240 2313 1294 2368 in
1319 2329 1484 2368 unum
1508 2313 1730 2370 collecta
1752 2314 1982 2369 ﬁdeliter

391 2402 657 2474 relegant,
704 2411 760 2457 et
803 2403 848 2458 si
888 2411 1087 2458 nostra:
1128 2403 1410 2473 imperitia:
1451 2403 1652 2459 fuerint
1694 2404 1975 2476 indignati,

393 2494 463 2548 ad
495 2502 742 2549 veterum
785 2504 1134 2550 monumenta
1179 2503 1502 2551 recurrant:
1553 2495 1679 2565 quia
1725 2510 1824 2550 nos
1870 2511 1978 2550 non

394 2594 601 2650 nostra,
629 2601 727 2642 nec
757 2602 892 2640 nova
925 2587 1192 2652 cudimus,
1226 2588 1319 2644 sed
1358 2586 1705 2656 antiquorum
1751 2587 1976 2658 antiqua

395 2675 560 2744 dicta,
591 2678 656 2733 de
707 2678 903 2734 abditis
944 2680 1233 2735 admodum
1267 2680 1430 2735 tomis
1473 2678 1735 2745 eruimus,
1763 2686 1818 2733 et
1843 2680 1980 2734 veri-

395 2766 528 2822 tatis
581 2767 894 2824 sinceritate
943 2777 1154 2824 servata
1180 2811 1196 2836 ,
1249 2769 1462 2841 paginis
1513 2767 1978 2825 manifestioribus

394 2857 650 2914 indimus.
1218 2917 1224 2920 .

465 2947 526 3002 ll.
557 2947 821 3004 Cteterum
863 2950 1134 3006 neminem
1163 2951 1281 3005 sani
1317 2951 1509 3022 capitis
1542 2952 1667 3020 hac,
1690 2952 1869 3006 minus
1893 2967 1978 3007 ac-

2096 493 2252 566 xxu),
2283 493 2353 548 de
2395 492 2530 562 legis
2572 491 2710 548 libro
2737 493 2827 547 diu
2868 493 3091 558 latente,
3138 503 3196 549 et
3230 497 3409 552 denuo
3457 498 3558 554 sub
3590 499 3678 554 ad.

2091 585 2383 640 miratione
2420 585 2658 639 invento.
2699 584 2768 638 Et
2800 599 2924 640 cum
2955 583 3141 639 Daniel
3168 587 3348 642 dicat:
3401 588 3679 647 Pertrans-

2086 675 2234 727 ibunt
2275 673 2508 744 plurimi,
2531 683 2580 727 et
2607 673 2880 744 multiplex
2906 674 3005 728 erit
3031 675 3248 730 scientia
3279 676 3512 748 (Daniel.
3539 680 3672 752 xu):

2087 775 2290 836 quanto
2319 766 2494 836 magis
2525 764 2703 820 nullus
2747 765 3001 835 abjurare
3029 767 3266 831 debebit,
3315 775 3458 838 quod
3488 769 3677 826 multis

2088 857 2377 914 comitibus
2400 857 2657 912 aliorsum
2713 857 3067 922 intuentibus,
3122 859 3304 930 segnis
3346 860 3547 932 quique
3581 871 3678 918 aut

2089 947 2272 1004 tardus
2299 956 2422 1018 post
2441 947 2716 1018 gradiens,
2741 947 3101 1018 perditionem
3131 947 3186 1002 in
3214 948 3325 1014 via,
3368 964 3529 1019 quam
3557 966 3678 1021 pro-

2087 1039 2336 1094 cedentes
2405 1038 2686 1103 triverant,
2751 1037 2996 1092 invenire
3040 1053 3149 1094 non
3201 1040 3396 1108 possit.
3450 1041 3674 1110 Abjecta

2086 1132 2318 1201 denique
2343 1132 2491 1186 omni
2521 1130 2894 1202 ambiguitate,
2917 1130 3060 1202 quod
3091 1131 3193 1186 iste
3221 1131 3336 1202 ipse
3364 1132 3670 1204 Dionysius,

2086 1222 2242 1292 cujus
2269 1223 2356 1278 hic
2382 1230 2533 1291 gesta
2587 1221 2918 1286 scribuntur,
2949 1237 3059 1276 non
3117 1222 3191 1277 sit
3242 1221 3596 1294 Areopagites
3621 1233 3676 1280 et

2085 1316 2420 1371 Athenarum
2467 1315 2771 1384 episcopus,
2819 1312 2949 1383 quid
2996 1312 3226 1382 quisque
3254 1314 3472 1377 dixerit,
3507 1314 3673 1371 veluti

2085 1409 2152 1464 de
2202 1406 2573 1462 autumatione
2623 1404 2870 1475 Gregorii
2922 1403 3258 1460 Turonensis
3301 1405 3562 1476 episcopi,
3619 1414 3676 1461 et

2084 1497 2432 1568 subreptione
2459 1494 2617 1550 Beda:
2658 1494 2832 1549 sancti
2862 1494 3187 1564 presbyteri,
3233 1505 3396 1563 atque
3441 1494 3673 1549 aliorum

2084 1606 2420 1664 quorumque
2448 1591 2566 1646 sine
2595 1589 2920 1644 auctoritate
2952 1587 3232 1657 jactatur:
3281 1587 3374 1658 qui
3399 1588 3672 1643 curiosius

2087 1685 2192 1740 hoc
2213 1684 2354 1739 scire
2379 1681 2634 1740 voluerit,
2655 1687 2717 1734 ut
2745 1680 2812 1734 de
2841 1678 3028 1734 multis
3053 1679 3302 1748 quaedam
3332 1677 3674 1748 designemus

2081 1791 2148 1832 ex
2176 1775 2412 1838 nomine,
2452 1771 2670 1828 Eusebii
2707 1769 3060 1825 Czesariensis
3103 1769 3409 1834 historiam,
3443 1777 3500 1824 et
3546 1769 3670 1824 Ari-

2079 1866 2285 1922 starchi
2336 1864 2650 1921 Graecorum
2701 1861 3098 1931 chronographi
3148 1859 3216 1914 ad
3274 1859 3667 1929 Onesiphorum

2079 1953 2448 2024 primicerium
2500 1951 2788 2022 epistolam
2816 1991 2829 2013 ,
2891 1958 2946 2004 et
2991 1948 3162 2004 Visbii
3213 1949 3668 2018 conscriptionem

2079 2043 2358 2112 perquirat
2410 2048 2468 2097 et
2516 2039 2739 2110 relegat.
2793 2037 2980 2108 ibique
3031 2037 3244 2092 discere
3304 2037 3503 2106 poterit
3549 2037 3671 2106 quis

2081 2134 2182 2188 iste
2211 2132 2503 2203 Dionysips
2552 2130 2733 2196 fuerit,
2771 2138 2827 2184 ct
2855 2129 3089 2199 qualiter
3135 2143 3233 2198 per
3261 2128 3510 2199 martyrii
3555 2127 3670 2198 pal-

2078 2241 2220 2280 tuam
2245 2225 2315 2280 ad
2361 2224 2636 2280 Christum
2662 2220 2990 2292 pervenerit,
3016 2220 3062 2275 si
3092 2220 3181 2275 hic
3221 2219 3301 2275 eis
3339 2219 3392 2272 in
3417 2219 3498 2273 sui
3531 2234 3668 2273 con-

2077 2317 2309 2372 nexioue
2376 2329 2570 2370 manus
2617 2314 2750 2369 dare
2815 2312 2938 2367 lidei
2997 2309 3400 2366 detrectaverit.
3455 2309 3532 2364 De
3584 2309 3668 2364 his

2078 2416 2258 2462 autem
2313 2413 2371 2460 et
2419 2404 2542 2460 aliis
2591 2403 3022 2474 quibuscunque,
3082 2400 3226 2454 unde
3273 2406 3484 2468 sumpta
3538 2405 3666 2452 sunt

2077 2496 2288 2558 omnia.
2322 2511 2442 2566 qum
2463 2509 2576 2564 pra:
2605 2493 2854 2548 manibus
2885 2499 3138 2547 tenentur
3164 2488 3411 2552 collecta,
3443 2487 3488 2541 si
3521 2487 3668 2542 beni-

2077 2587 2270 2660 gnitati
2299 2585 2530 2657 legentis
2578 2583 2922 2640 commodum
2971 2596 3036 2635 ac
3088 2579 3345 2650 placitum
3396 2577 3582 2642 fuerit,
3609 2585 3665 2632 et

2079 2678 2204 2734 alihi
2230 2693 2294 2733 ea
2334 2675 2579 2732 invenire
2625 2674 2954 2746 nequiverit,
2984 2672 3287 2727 litterarum
3320 2678 3519 2724 nostra:
3544 2683 3666 2736 par-

2077 2771 2261 2826 vitatis
2286 2785 2353 2824 ex
2381 2770 2486 2824 hoc
2537 2767 2604 2823 ad
2659 2765 3065 2822 serenissimum
3112 2762 3411 2834 Augustum
3456 2759 3662 2812 affatim

2079 2857 2436 2914 illustratione
2464 2857 2686 2912 valebit.
2719 2855 2854 2909 Nam
2881 2863 2936 2910 et
2960 2853 3004 2908 si
3031 2853 3112 2908 eis
3159 2851 3384 2906 credere
3411 2849 3663 2919 dignatus

2077 2967 2185 3005 non
2222 2950 2408 3015 fuerit,
2447 2947 2555 3003 illa:
2599 2947 2699 3002 sibi
2739 2954 2915 3000 tamen
2942 2946 3061 3000 sine
3111 2941 3350 3013 quolibet
3375 2939 3662 3010 supercilio

393 3048 610 3110 ceptare
656 3050 930 3112 putamus,
984 3042 1110 3112 quia
1156 3042 1412 3097 anteriori
1453 3050 1694 3112 tempore
1741 3043 1967 3112 repetita
1998 3049 2040 3113 ς
2071 3040 2320 3112 prodent,
2353 3039 2442 3094 ubi
2471 3039 2586 3093 lucc
2611 3037 2888 3099 universa,
2919 3043 2976 3090 et
3009 3033 3242 3104 qualiter
3267 3041 3321 3088 et
3343 3045 3449 3101 quo
3472 3030 3663 3085 ordine

393 3147 499 3186 non
532 3130 768 3197 fuerant,
799 3148 923 3217 cum
953 3133 1156 3203 liquido
1186 3142 1375 3188 noscat
1405 3133 1548 3203 quod
1589 3133 1636 3188 is
1661 3134 1752 3204 qui
1778 3134 1968 3187 crearit

392 3224 570 3276 omnia
613 3224 771 3278 simul
802 3223 992 3294 (Eccli.
1031 3222 1209 3292 xvut),
1260 3223 1431 3278 noluit
1474 3223 1698 3278 revelari
1754 3231 1972 3287 cuncta,

2076 3133 2219 3187 dicta
2245 3129 2530 3184 manifeste
2554 3128 2808 3198 reperiat,
2834 3127 3181 3196 ipsorumque
3203 3124 3461 3179 librorum
3486 3121 3660 3190 pleni-

2077 3221 2338 3284 tudinem,
2370 3219 2417 3274 si
2448 3218 2756 3290 indiguerit,
2798 3219 2866 3273 ab
2897 3217 3118 3272 archiva
3155 3225 3355 3270 nostra:
3404 3213 3662 3268 Ecclesiae

393 3312 476 3368 vel
509 3314 716 3370 cunctis
751 3313 948 3369 simul:
981 3313 1256 3384 multaque
1299 3314 1579 3369 manifesta
1619 3315 1812 3369 iterum
1856 3329 1977 3370 esse
2079 3321 2328 3368 mutuare
2363 3311 2557 3381 quibit.
2593 3311 2782 3365 Valeat
2808 3309 2980 3364 ﬁdelis
3009 3317 3063 3363 et
3097 3309 3298 3364 eharus
3340 3307 3509 3362 frater
3544 3321 3661 3360 om-

394 3411 636 3474 tempore
661 3405 948 3462 occultata.
994 3405 1077 3461 Ad
1125 3416 1358 3462 mentem
1397 3406 1542 3461 enim
1591 3405 1748 3461 debet
1777 3404 1977 3471 redire,
2081 3405 2165 3459 nis
2195 3404 2248 3458 in
2270 3403 2516 3469 Domino,
2543 3417 2665 3459 cum
2689 3402 2890 3473 pietate
2913 3409 2967 3455 et
2990 3401 3166 3472 gratia
3211 3415 3419 3456 memor
3463 3397 3656 3454 nostri.

1828 3741 2235 3816 INCIPIT

797 3937 1341 4070 PASSIO
1439 3937 2436 4070 SANCTISSIMI
2533 3937 3234 4066 DIONYSII

1970 4175 2089 4244 QUI

390 4336 441 4396 Α
479 4335 618 4419 loco
667 4335 1102 4419 Annorum“,
1139 4342 1194 4394 et
1218 4335 1564 4419 patrioticp
1595 4334 1974 4419 prwnomine
2008 4335 2290 4419 ξοδηςιυε»2
2317 4334 2676 4419 Christiano
2713 4343 2916 4396 autem
2933 4337 3272 4419 agnomina
3302 4347 3388 4397 est
3425 4343 3653 4419 appel-

469 4411 636 4495 latus
667 4413 1018 4485 MACARIUS,
1049 4433 1092 4495 _a
1126 4411 1339 4495 saricto
1367 4412 1574 4495 Paulo
1596 4411 1900 4495 apostolo
1932 4412 2415 4495 Atheniensium
2449 4411 2781 4495 ordinatus
2815 4411 3344 4495 archiepiscopus,
3383 4411 3653 4495 aposto-

480 4490 602 4576 li‘ca
627 4509 770 4550 vero
807 4492 1187 4576 auctoritate
1216 4491 1379 4576 ἔξειςιί
1415 4489 1740 4576 Clementis
1753 4507 1982 4576 Ραρίᾳ»ἱ
2007 4493 2207 4576 totius
2244 4489 2465 4552 Gallia:
2499 4494 2880 4576 constitutus
2912 4489 3240 4576 apostolus
3277 4518 3298 4556 :
3333 4489 3513 4576 cujus
3553 4501 3653 4558 im

472 4568 639 4652 v_ictt_t
676 4587 808 4652 pro
847 4568 964 4647 ﬁde
1001 4568 1241 4652 Christi
1277 4567 1548 4640 devotio,
1582 4568 1694 4652 sub
1746 4567 2102 4652 Domitiano
2153 4567 2391 4652 Cgsare
2426 4583 2452 4611 ι
2490 4577 2544 4628 et
2592 4573 2886 4652 praefecto
2915 4567 3197 4652 Sisiuuio
3233 4567 3423 4652 αραιῖ
3441 4577 3652 4638 urbem

475 4646 872 4709 Parisiorum
913 4656 1060 4732 post
1094 4647 1297 4732 multa
1348 4648 1709 4732 certamigta,
1743 4647 1912 4732 inter
1943 4665 2076 4732 qua:
2111 4647 2165 4708 ei
2199 4648 2502 4732 Domitius
2535 4646 2748 4710 noster
2779 4651 2961 4710 Jesus
2992 4646 3288 4732 Christus
3321 4657 3647 4732 apparuit,

471 4743 683 4806 coram
740 4725 1224 4806 quaniplurimis
1276 4726 1534 4806 septimo
1588 4725 1745 4788 Idus
1790 4725 2086 4788 Octobris
2142 4727 2521 4806 martyrium
2578 4731 3025 4788 consummavit
3087 4749 3226 4791 cum
3279 4725 3539 4795 Rustico
3595 4725 3650 4796 et

467 4803 828 4876 Eleutherio
859 4827 878 4863 :
913 4803 1286 4884 sanctusque
1320 4803 1662 4886 Dionysius
1697 4813 1887 4881 caput
1930 4823 2112 4866 suum
2141 4803 2292 4864 tulit
2319 4803 2438 4866 ubi
2473 4823 2638 4866 nunc
2670 4808 3022 4886 requiescit.

899 5057 1127 5114 CAPUT
1181 5057 1470 5113 PRIMUM.
1989 5058 2041 5118 D
2065 5053 2342 5124 profutura
2379 5056 2656 5119 successit,
2696 5055 2768 5109 ita
2795 5064 2855 5110 ut
2889 5056 2994 5113 fide
3022 5069 3322 5127 crescente,
3353 5061 3506 5116 multi
3540 5076 3650 5115 me-

457 5156 584 5208 l’ost
628 5150 842 5208 beatam
885 5165 950 5204 ac
989 5149 1324 5204 salutiferam
1368 5147 1578 5202 Domini
1626 5149 1797 5203 nostri
1837 5146 1963 5202 Jesu
2068 5155 2320 5200 rerentur
2343 5145 2459 5201 fieri
2490 5146 2690 5201 Christi
2714 5147 2948 5204 nominis
2975 5151 3349 5217 confessores,
3388 5168 3525 5220 quos
3559 5168 3651 5207 ca-

383 5242 588 5298 Christi
615 5242 954 5315 passionem,
987 5250 1042 5295 et
1077 5241 1406 5297 adorandam
1435 5240 1552 5310 ejus
1577 5240 1644 5294 ab
1669 5239 1855 5294 inferis
1883 5253 1966 5293 re-
2068 5235 2263 5290 tholica
2323 5235 2662 5304 postmodum
2719 5247 2894 5294 mater
2944 5241 3182 5296 Ecclesia
3216 5281 3232 5305 ,
3285 5243 3650 5312 promeruisse

387 5333 797 5400 surrectionem,
838 5348 934 5388 seu
965 5333 1019 5388 in
1053 5331 1223 5390 caelos
1256 5331 1546 5401 gloriosam
1590 5328 1962 5384 ascensionem
2065 5333 2334 5396 martyres
2361 5334 2415 5380 et
2455 5327 2577 5382 lidei
2619 5328 2924 5396 bellatores,
2964 5346 3084 5402 quae
3119 5331 3403 5386 laetabatur
3435 5332 3487 5386 in
3518 5348 3650 5403 apo-

387 5435 495 5492 qua
523 5434 582 5476 se
607 5422 973 5478 manifestavit
992 5421 1268 5477 divinitate
1292 5434 1564 5487 nunquam
1588 5417 1964 5487 defuisse,quo
2064 5418 2218 5473 stolis
2259 5425 2438 5475 tantos
2481 5433 2542 5474 se
2586 5419 2788 5477 habere
2830 5423 2996 5478 duces
3037 5431 3092 5477 et
3139 5430 3397 5478 rectores.
3454 5421 3554 5490 Qui
3599 5423 3648 5480 si

389 5510 570 5578 rediit,
595 5510 650 5566 in
679 5513 946 5569 universis
971 5512 1221 5583 gentibus
1259 5508 1621 5579 apostolorum
1652 5508 1964 5579 praedicatio
2067 5511 2283 5583 quidem
2329 5527 2452 5568 cum
2498 5512 2782 5572 imminere
2836 5529 2963 5571 suas
3006 5521 3298 5571 cernerent
3340 5515 3643 5586 passiones,

462 5677 487 5707 ι
529 5665 714 5722 Potius
741 5667 841 5722 sub
867 5666 1100 5735 Trajano
1126 5674 1219 5721 aut
1245 5663 1504 5719 Adriano.
