4064 6190
327 267 405 320 25
1619 253 1946 313 AUCTORE
1984 253 2329 312 HILDUINO.
3535 249 3607 304 εδ

328 397 481 452 quae,
512 375 739 433 Domino
762 373 891 430 Jesu
913 372 1134 430 Christo
1171 373 1419 439 docente,
1462 372 1798 438 didicerant,
1837 389 1924 429 re-
1951 374 1998 433 Α
2027 373 2126 426 sub
2163 386 2267 441 qua
2291 369 2508 442 Sylvani
2534 378 2588 424 et
2612 368 2779 425 Fauni
2821 369 3115 442 agrestium
3138 369 3412 426 hominum
3439 370 3606 425 simu-

334 473 468 544 picti
499 469 733 541 Spiritus
757 467 927 522 sancti
963 466 1158 536 gratia,
1192 466 1514 531 docuerunt,
1540 473 1598 520 ut
1624 464 1692 519 ad
1720 473 1922 519 sanctae

333 557 694 617 confessionis
733 555 960 626 gloriam
1005 561 1062 609 et
1104 554 1384 624 praemium
1446 554 1916 624 transmigrarent.

336 651 494 708 Unde
522 649 728 721 gratias
767 645 978 716 agimus
1007 645 1128 710 tibi,
1159 645 1382 700 Domine
1406 643 1534 700 Jesu
1563 644 1796 710 Christe,
1827 643 1921 712 qui

332 740 652 797 infestantis
676 737 882 794 inimici
905 735 1082 806 jacula
1111 735 1483 806 probationem
1529 735 1767 791 ﬁdelium
1802 742 1924 789 tuo-

330 851 456 891 rum
482 831 785 904 praestitisti
826 843 968 894 esse,
1009 837 1065 883 et
1103 843 1208 882 non
1242 828 1462 883 vulnera
1489 846 1501 880 :
1525 828 1617 882 sed
1650 828 1793 881 inter
1820 841 1926 880 cte-

329 937 452 982 tert
492 925 882 980 charismatum
918 935 1167 986 munera,
1207 921 1370 976 talem
1412 921 1521 975 tuis
1564 920 1792 976 testibus
1828 919 1926 973 tri-

330 1016 500 1071 buisti
530 1030 629 1085 pro
650 1014 834 1070 labore
853 1010 1180 1076 mercedem,
1208 1019 1269 1064 ut
1290 1010 1490 1066 nullum
1516 1020 1733 1066 tuorum
1758 1009 1926 1066 fuisse

331 1107 570 1179 gaudeat
611 1105 786 1159 hostis
823 1103 1095 1159 imbellem
1127 1120 1140 1157 :
1169 1103 1414 1172 quinimo
1453 1110 1774 1173 perpetuum
1820 1102 1926 1157 illis

331 1214 398 1252 es
423 1197 652 1268 largitus
678 1194 1013 1263 triumphum
1032 1234 1048 1258 ,
1073 1201 1134 1248 ut
1156 1194 1413 1249 Ecclesiae
1441 1202 1545 1249 tua:
1574 1208 1791 1264 semper
1818 1194 1928 1248 sint

329 1290 392 1344 in
440 1287 770 1357 exemplum.
831 1287 908 1340 De
949 1300 1181 1355 quorum
1228 1284 1456 1356 collegio
1492 1285 1684 1340 beatus
1728 1284 1928 1339 Paulus

332 1378 639 1449 apostolus,
663 1391 825 1448 quem
851 1376 991 1432 caelo
1009 1374 1306 1445 praesidens
1336 1375 1647 1430 humanitas
1682 1383 1738 1429 et
1775 1375 1926 1429 beni-

330 1471 518 1543 gnitas
540 1467 840 1524 Salvatoris
858 1466 1030 1522 nostri
1054 1465 1168 1530 Dei,
1189 1465 1520 1534 compellans
1538 1463 1762 1519 Saulum
1787 1472 1928 1518 stra-

333 1563 442 1627 vit,
470 1576 536 1616 ac
561 1558 787 1614 Paulum
825 1558 1034 1622 statuit,
1069 1570 1364 1626 eorumque
1390 1557 1584 1611 merito
1613 1571 1677 1611 ac
1701 1570 1928 1610 numero

332 1652 591 1715 sociavit,
616 1650 828 1720 replens
871 1649 1074 1704 Christi
1120 1649 1428 1720 Evangelio,
1474 1665 1581 1705 non
1635 1648 1807 1704 solum
1861 1649 1929 1703 ab

2021 465 2167 520 Iaera
2215 465 2434 520 statutis
2494 463 2685 518 diebus
2731 479 2760 517 a
2812 464 3119 534 pastoribus
3172 464 3605 528 venerabantur;

2021 572 2144 626 quae
2198 556 2346 626 regio
2381 556 2555 624 Pages
2594 553 2896 623 appellatur
2937 569 3005 608 ex
3034 553 3249 608 nomine
3289 553 3508 623 Sylvani
3552 560 3609 606 et

2022 647 2190 702 Fauni
2216 662 2230 700 :
2252 645 2424 702 Graeci
2463 645 2607 700 enim
2640 645 2931 716 Sylvanum
2968 644 3104 709 Pan,
3143 652 3198 698 et
3233 643 3448 699 Faunos
3482 644 3609 697 lica-

2023 739 2134 794 rios
2171 738 2390 793 Panitas
2431 737 2686 791 vocitant.
2731 734 2914 790 Tertia
2956 736 3104 806 regio
3140 734 3478 789 Possedonos
3511 747 3607 802 pa-

2023 849 2119 905 gos
2134 833 2455 903 appellatur,
2481 847 2600 902 quae
2623 831 2850 885 intendit
2878 839 3092 900 portum
3117 829 3347 900 Neptuni
3378 845 3393 882 :
3417 827 3612 882 Posse-

2024 928 2129 982 don
2165 941 2400 995 namque
2427 923 2634 989 Grzece,
2675 923 2955 993 Neptunus
2993 923 3207 987 dicitur,
3252 923 3406 993 cujus
3445 922 3615 976 simu«

2025 1016 2232 1072 lacrum
2266 1025 2323 1071 et
2353 1016 2537 1071 Diana:
2569 1014 2797 1086 efﬁgiem
2831 1013 2974 1084 Aigii
3006 1014 3204 1068 ibidem
3243 1013 3490 1068 colebant
3521 1031 3532 1065 :
3560 1019 3616 1068 et

2025 1124 2132 1179 quo
2157 1123 2410 1163 recursus
2440 1106 2606 1162 totius
2631 1106 2832 1176 populi,
2866 1105 2992 1159 luna
3021 1113 3337 1159 renasreute
3358 1144 3372 1168 ,
3397 1103 3450 1156 in
3477 1102 3588 1155 mul

2025 1200 2098 1254 tis
2133 1197 2502 1252 functionibus
2537 1195 2857 1250 conﬂuebat.
2902 1195 3105 1262 Quarta
3145 1194 3292 1263 regio
3327 1195 3378 1246 in
3426 1193 3614 1246 eadem

1990 1310 1998 1318 ’
2027 1289 2162 1342 urbe
2190 1295 2292 1350 est,
2323 1287 2414 1340 ubi
2447 1285 2649 1339 idolum
2682 1285 2865 1339 Martis
2891 1293 2945 1338 ct
2975 1283 3325 1338 simulacrum
3365 1281 3614 1336 Herculis

2028 1380 2080 1435 in
2114 1379 2248 1434 colle
2279 1377 2507 1432 Tritonii
2537 1377 2756 1440 montis,
2789 1377 2842 1430 in
2872 1376 3049 1431 medio
3071 1374 3218 1430 urbis
3243 1374 3424 1444 positi,
3453 1382 3617 1427 stete-

2028 1480 2134 1535 rat,
2169 1471 2235 1524 ad
2260 1468 2541 1524 colendum
2580 1468 2763 1523 multis
2803 1467 3261 1522 immolationibus
3304 1473 3358 1520 et
3395 1465 3619 1519 delatio-

2028 1563 2189 1617 nibus
2222 1560 2447 1614 Martem
2470 1568 2526 1613 et
2551 1559 2862 1623 Herculem,
2893 1573 3030 1628 quos
3066 1557 3139 1611 illi
3177 1559 3309 1611 deos
3355 1555 3622 1610 maximos

2031 1660 2087 1708 et
2125 1651 2448 1707 fortissimos
2491 1652 2807 1706 adorabant.
2876 1649 2976 1705 Ubi
3023 1650 3187 1705 etiam
3227 1650 3623 1704 exercebantur

337 1743 733 1814 Hierosolymis
759 1757 930 1812 usque
959 1743 1014 1796 in
1050 1741 1340 1813 lllyricum,
1366 1756 1553 1795 verum
1584 1749 1640 1796 et
1667 1755 1838 1809 usque
1863 1739 1928 1794 ad

2039 1748 2226 1817 iudicia
2263 1755 2318 1801 et
2351 1747 2683 1801 docebantur
2718 1744 2855 1809 fora,
2901 1744 3206 1813 ingeniique
3243 1742 3421 1796 omnis
3456 1741 3625 1795 soler—

338 1834 628 1896 terminos,
655 1831 926 1902 quomodo
964 1847 995 1886 a
1031 1832 1143 1886 Deo
1183 1830 1507 1885 constitutus
1535 1829 1794 1899 magister
1816 1844 1933 1882 om-

339 1926 490 1980 nium
536 1924 809 1996 gentium,
852 1938 1146 1994 peragrans
1178 1921 1487 1994 superiores
1524 1934 1580 1976 et
1615 1920 1820 1975 vicinas
1858 1919 1935 1974 ci-

339 2017 562 2080 vitates,
585 2022 828 2084 tempore
849 2029 956 2082 quo
979 2012 1230 2082 princeps
1252 2011 1507 2066 Claudius
1529 2011 1724 2080 agebat
1741 2010 1796 2064 in
1823 2023 1936 2064 sce-

336 2107 479 2178 ptris
511 2105 730 2161 devenit
752 2103 1014 2159 Athenas.

972 2215 1199 2272 CAPUT
1250 2215 1316 2270 ll.

415 2333 548 2402 Quae
585 2348 694 2388 una
731 2331 947 2388 urbium
991 2344 1308 2400 magnarum
1338 2325 1654 2397 metropolis
1687 2325 1740 2380 in
1769 2323 1936 2379 conli-

339 2430 438 2484 nio
461 2427 709 2483 Thraciae
734 2424 1070 2496 prospiciens
1095 2421 1514 2478 Lacedaemoniae
1535 2419 1818 2482 terminos,
1841 2431 1938 2485 po-

339 2521 451 2574 sita
509 2518 686 2574 media
745 2517 888 2570 inter
935 2515 1197 2570 Achaiam
1245 2523 1301 2568 et
1346 2511 1711 2567 Macedoniam
1753 2507 1933 2577 jacet,

339 2629 452 2684 qua
485 2610 619 2666 nihil
648 2609 836 2664 habuit
863 2607 1074 2663 Graecia
1116 2605 1317 2662 clarius
1336 2605 1441 2660 situ
1466 2613 1757 2666 terrarum,
1797 2600 1935 2655 emi-

341 2703 605 2760 nentibus
634 2709 689 2756 et
718 2697 1093 2770 frequentibus
1118 2697 1344 2753 collibus
1369 2703 1685 2756 montuosa,
1715 2693 1938 2761 antiqua

340 2798 676 2867 scriptorum
731 2792 983 2849 facundia
1009 2832 1025 2857 ,
1070 2797 1297 2860 paterna
1340 2789 1550 2844 viscera
1591 2795 1645 2840 et
1693 2793 1938 2839 materna

342 2891 514 2943 ubera
565 2885 831 2957 appellata
872 2883 1083 2938 :lonici
1128 2881 1294 2936 maris
1336 2879 1619 2943 faucibus,
1656 2875 1939 2932 bithalassi

344 2996 523 3046 more,
555 2976 868 3040 interclusa,
895 2973 1125 3045 Egeum
1160 2973 1383 3042 pelagus
1418 2986 1446 3024 a
1483 2970 1616 3025 laeva
1653 2966 1935 3037 contingit.

2034 1844 2126 1907 tia,
2159 1841 2251 1910 qui
2287 1841 2436 1893 locus
2472 1838 2786 1907 Areopagus
2825 1835 3124 1904 appellatur
3165 1850 3192 1887 a
3240 1834 3409 1886 Marte
3439 1851 3450 1885 :
3482 1832 3625 1885 Mars

2033 1936 2180 1991 enim
2236 1931 2372 1987 Ares
2412 1930 2600 1986 Grmce
2643 1937 2887 1984 vocatur.
2947 1928 3145 1995 Quinta
3198 1929 3344 1998 regio
3387 1926 3626 1981 civitatis

2034 2025 2274 2096 ejusdem
2305 2037 2460 2078 versa
2493 2029 2576 2076 est
2616 2022 2682 2074 ad
2713 2028 2923 2090 portam
2956 2019 3223 2083 Schmam,
3270 2018 3485 2073 Hermis
3523 2033 3620 2086 pa-

2035 2133 2134 2189 gus
2167 2132 2234 2172 ex
2266 2114 2482 2169 nomine
2518 2111 2805 2176 Mercurii,
2837 2112 2926 2180 qui
2951 2111 3177 2164 llcrmcs
3199 2109 3385 2164 Grzece
3406 2109 3624 2172 dicitur,

2035 2205 2321 2277 appellata,
2349 2204 2529 2273 inqua
2566 2202 2876 2256 staticulum
2907 2202 3075 2270 ipsius
3107 2200 3357 2255 Mercurii
3400 2214 3627 2254 venera-

2037 2297 2184 2351 tione
2210 2295 2316 2361 sui,
2344 2303 2525 2348 mente
2549 2301 2766 2362 ceperat
2795 2292 3004 2346 urbem.

2648 2426 2876 2482 CAPUT
2924 2425 3012 2480 IV.

2110 2521 2236 2576 llzec
2268 2519 2464 2576 civitas
2491 2517 2874 2573 munitissimis
2901 2517 3172 2571 mtenibus
3196 2557 3212 2581 ,
3240 2517 3378 2570 mari
3411 2515 3624 2580 ﬂorido,

2039 2611 2278 2676 mellitis,
2309 2620 2368 2666 ut
2391 2615 2471 2665 sic
2491 2610 2694 2665 dietum
2726 2609 2816 2675 sit,
2849 2609 3038 2663 rivulis
3063 2617 3112 2663 et
3144 2607 3627 2673 ﬂuminibus,satis

2038 2703 2408 2776 pinguissimis
2433 2701 2774 2767 nemoribus,
2805 2703 3028 2757 consitis
3054 2710 3110 2756 et
3134 2703 3470 2756 aromatibus
3499 2702 3630 2757 odo-

2042 2798 2201 2862 ratis,
2227 2796 2423 2851 vinetis
2444 2795 2714 2850 nectareis
2738 2803 2794 2850 et
2811 2794 3077 2849 ubertatis
3095 2794 3247 2863 copia
3269 2794 3632 2860 eﬂluentibns,

2041 2889 2255 2946 olivetis
2292 2886 2792 2950 abundantissimis,
2825 2886 3012 2941 viretis
3038 2885 3378 2953 ﬂorentibus,
3417 2888 3634 2957 pascuis

2043 2981 2332 3053 pecoribus
2352 2978 2844 3043 suﬂicientissimis,
2867 2980 3008 3045 auri,
3033 2981 3266 3049 argenti,
3288 2988 3636 3035 cancrorum-

350 3074 494 3132 Urbs
525 3072 724 3144 inclyta
751 3080 807 3126 et
829 3070 1074 3138 antiqua,
1102 3067 1213 3123 sola
1236 3074 1433 3136 praeter
1456 3072 1739 3118 externum
1768 3060 1939 3113 incre-

2046 3091 2151 3146 que
2183 3073 2522 3129 metallorum
2552 3073 2792 3128 omnium
2825 3073 3018 3142 cupiis,
3055 3073 3272 3126 navium
3312 3087 3527 3143 quoque
3572 3088 3637 3127 ac

345 3175 594 3219 mentum
633 3161 867 3232 gloriosa
905 3177 917 3212 :
963 3157 1118 3227 cujus
1150 3157 1358 3212 civibus
1397 3169 1504 3210 non
1543 3152 1689 3209 dedit
1730 3151 1941 3206 initium

343 3255 579 3312 collecta
608 3253 867 3308 nativitas
893 3270 906 3304 :
934 3251 1027 3306 sed
1059 3265 1179 3319 quae
1210 3248 1316 3302 illis
1347 3247 1526 3312 sedes,
1549 3244 1736 3300 eadem
1770 3251 1854 3297 est
1887 3249 1942 3296 et

341 3341 505 3413 origo
539 3359 553 3392 :
588 3349 858 3394 terramm
905 3335 1181 3391 fertilitate
1215 3333 1502 3404 cpulenta,
1553 3329 1698 3384 fandi
1741 3337 1798 3383 et
1833 3326 1944 3382 elo-

344 3433 593 3504 quentiae
633 3430 836 3495 nutrix,
882 3428 1322 3500 philosophorum
1360 3432 1414 3478 et
1452 3422 1776 3493 sapientium
1799 3419 1947 3490 geni-

345 3527 485 3590 trix,
519 3524 719 3579 artium
756 3521 1057 3576 liberalium
1088 3526 1144 3574 et
1168 3517 1479 3573 divitiarum
1514 3514 1755 3570 omnium
1788 3510 1943 3580 copia

344 3632 469 3687 pra:
501 3615 727 3670 urbibus
755 3611 968 3668 cunctis
993 3609 1236 3666 emicuit.
1288 3607 1415 3662 Haec
1443 3607 1545 3661 sita
1571 3613 1654 3660 est
1684 3603 1738 3658 in
1765 3602 1944 3656 Attica

345 3709 597 3766 llelladis
623 3706 925 3777 provincia,
955 3719 1062 3774 qua
1090 3703 1325 3772 Cecrops
1354 3708 1410 3756 et
1438 3697 1755 3762 Menander,
1788 3709 1945 3765 reges

345 3797 635 3870 generosi,
672 3793 1059 3865 splenduerunt
1084 3809 1097 3845 :
1124 3791 1214 3846 ubi
1254 3789 1446 3861 Apollo
1469 3795 1524 3844 et
1549 3787 1850 3856 Hippocras
1881 3799 1946 3839 ac

344 3889 702 3954 Aristoteles,
755 3884 1044 3955 caeterique
1096 3884 1407 3938 inventores
1457 3888 1512 3936 et
1562 3885 1947 3949 propagatores

348 3981 529 4036 totius
552 3976 764 4048 peritiae
792 3982 917 4030 sunt
945 3973 1149 4038 exorti,
1189 3980 1245 4027 et
1273 3972 1326 4025 in
1357 3978 1468 4025 toto
1497 3967 1631 4024 orbe
1660 3968 1772 4022 suis
1805 3980 1946 4037 pra:-

343 4070 558 4133 seutia,
601 4076 658 4123 et
697 4066 1029 4137 temporibus
1063 4064 1264 4120 nostris
1311 4060 1570 4116 memoria
1616 4057 1837 4128 fulgent.
1888 4055 1947 4108 ln

345 4162 464 4216 hac
509 4172 854 4228 summopere
898 4157 1031 4210 urbe
1079 4152 1412 4224 temporibus
1449 4149 1705 4217 Cecropis
1742 4156 1796 4201 et
1835 4145 1947 4199 Me—

345 4251 554 4307 nandri
584 4291 599 4315 ,
641 4261 938 4317 regumque
975 4243 1376 4301 succedentium
1413 4240 1588 4296 cultus
1637 4235 1951 4293 simulacro-

347 4359 484 4399 rum
526 4350 584 4397 et
621 4348 922 4394 statuarum
967 4335 1230 4399 adoratio,
1274 4330 1645 4397 idolorumque
1692 4323 1950 4395 supersti-

2045 3164 2392 3235 vectigalium
2428 3162 2820 3218 commeatibus
2852 3171 2908 3216 et
2941 3162 3272 3233 voluptatum
3317 3173 3634 3218 cunctarum

2045 3257 2354 3321 afﬂuentiis,
2385 3256 2527 3310 ultra
2563 3256 2726 3310 urbes
2757 3254 2890 3310 alias
2917 3269 3088 3309 exnrn
3113 3263 3202 3319 .ta,
3231 3255 3500 3325 quondam
3536 3272 3635 3310 uo-

2044 3351 2308 3407 bilissime
2339 3347 2538 3403 ﬂoruit.
2578 3345 2685 3402 Sed
2717 3361 2839 3415 qua:
2868 3361 2967 3401 suo
2991 3347 3162 3416 priori
3197 3345 3395 3401 sazculo
3425 3345 3637 3400 cunctis

2046 3442 2232 3498 mundi
2255 3440 2602 3495 felicitatibus
2621 3446 2920 3508 supererat,
2940 3437 3097 3492 modo
3109 3437 3349 3506 gentium
3367 3435 3586 3504 frequen
3598 3435 3635 3489 ti

2045 3543 2101 3590 et
2119 3533 2392 3588 condenso
2425 3530 2627 3600 impetu
2651 3543 2908 3598 oppressa
2940 3537 2994 3583 et
3016 3527 3312 3596 intermpta
3336 3525 3629 3579 dirimitur.

2048 3623 2150 3680 Ubi
2198 3623 2252 3677 in
2298 3623 2530 3678 adventu
2575 3621 2726 3675 Pauli
2775 3621 2996 3690 quidam
3038 3621 3123 3674 vir
3164 3617 3360 3674 nobilis
3393 3625 3511 3671 erat
3540 3615 3633 3684 qui

2048 3713 2391 3784 Symmistcs,
2433 3713 2486 3768 id
2524 3721 2630 3780 est,
2669 3709 3053 3768 consecretalis
3084 3708 3274 3777 Apollo
3330 3705 3636 3774 KronoSpa-

2042 3811 2179 3881 gita,
2216 3807 2468 3878 quoniam
2500 3806 2554 3860 in
2584 3807 2772 3861 eadem
2802 3802 2954 3858 urbis
2986 3802 3205 3871 regione
3237 3805 3463 3853 catteros
3500 3810 3638 3864 prm-

2047 3898 2291 3964 cellebat,
2323 3897 2736 3960 nominabatur,
2767 3890 3047 3960 cujusdam
3095 3889 3360 3960 Apollinis
3411 3887 3634 3942 nobilis-

2049 3990 2173 4044 simi
2194 3987 2603 4043 Atheniensium
2631 3984 2892 4054 principis
2919 3981 3171 4051 prosapia
3208 3981 3483 4034 derivatus
3506 3997 3518 4031 :
3544 3993 3640 4031 cu-

2041 4081 2132 4152 jus
2175 4087 2329 4148 pater
2367 4075 2649 4140 Nicolaus,
2700 4074 2785 4128 vir
2837 4073 3016 4142 magni
3069 4071 3289 4141 ingenii,
3334 4070 3634 4124 litterarum

2048 4174 2228 4230 studio
2257 4171 2466 4242 pollens
2492 4171 2628 4226 civis
2662 4177 2718 4224 et
2748 4168 3013 4240 Argolicae
3048 4167 3184 4221 artis
3221 4166 3479 4235 magister
3515 4163 3635 4216 fuit.

2049 4265 2220 4335 Hujus
2255 4265 2418 4336 igitur
2444 4263 2585 4319 filius
2610 4261 2826 4333 Apollo,
2861 4262 2987 4315 dum
3019 4260 3163 4313 inter
3192 4256 3637 4328 philos0phorum

2052 4357 2264 4414 scholas
2291 4354 2471 4410 clarus
2494 4355 2805 4418 haberetur,
2837 4359 2892 4406 ct
2916 4350 3254 4405 authenticas
3288 4348 3640 4402 bibliothecas

348 4437 500 4490 tiosa
527 4432 718 4502 religio
746 4429 920 4500 primo
948 4436 1030 4484 est
1057 4435 1289 4496 reperta,
1328 4431 1382 4480 et
1423 4419 1793 4512 sanctionibus
1825 4431 1948 4486 pro-
1973 4424 2026 4482 D
2055 4447 2374 4509 "evolveret,
2429 4444 2751 4512 deditusque
2792 4450 2940 4497 esse,
2974 4440 3346 4510 philosophiae,
3390 4447 3446 4492 et
3492 4438 3643 4491 vanis

346 4527 562 4598 palata.
591 4523 718 4578 Hrec
745 4537 959 4592 quoque
993 4519 1046 4574 in
1081 4525 1338 4589 provectu
1368 4514 1450 4569 sui
1472 4522 1555 4568 est
1581 4511 1834 4566 Minervae
1860 4523 1947 4563 sa-

346 4632 536 4685 crata,
567 4629 623 4676 et
652 4620 755 4690 ipsi
794 4617 910 4686 ejus
942 4617 1008 4672 de
1045 4614 1260 4669 nomine
1295 4625 1487 4666 nomen
1519 4616 1779 4678 aptatum.
1822 4601 1948 4658 Hmc

346 4717 544 4788 prima
590 4723 907 4768 cunctarum
951 4709 1166 4762 urbium
1220 4706 1365 4775 leges
1422 4700 1678 4764 condidit,
1726 4704 1781 4753 et
1830 4696 1950 4750 aliis

334 4807 486 4879 jura
514 4802 602 4858 vel
631 4801 872 4864 tradidit,
903 4797 986 4853 vel
1013 4795 1276 4850 mutuavit
1299 4789 1594 4868 [mutavit].

987 4925 1215 4983 CAPUT
1253 4923 1339 4979 Ill.

427 5046 698 5115 Quinque
731 5055 863 5097 sane
900 5037 1208 5110 regionibus
1243 5035 1614 5091 disterminata
1648 5030 1892 5100 signatur
1933 5046 1947 5082 :

339 5143 555 5199 Prima
588 5136 737 5206 regio
759 5143 863 5199 est,
889 5147 1010 5203 quae
1037 5129 1264 5201 Egeum
1294 5143 1446 5182 mare
1479 5123 1720 5196 respicit,
1757 5122 1812 5176 in
1847 5135 1952 5190 qua

336 5237 511 5293 situs
547 5243 706 5284 mons
747 5235 925 5282 exstat
962 5224 1370 5295 supereminens
1411 5219 1556 5284 urbi,
1603 5217 1695 5272 ubi
1735 5213 1953 5269 Saturni

335 5336 408 5384 et
447 5321 643 5390 Priapi
677 5334 857 5374 aureae
903 5325 1096 5372 statuae
1135 5315 1410 5369 variarum
1460 5309 1768 5365 illusionum
1814 5304 1956 5360 cole-

333 5419 578 5474 bantur
611 5408 897 5466 dementiis
922 5427 934 5460 :
958 5408 1073 5462 haec
1100 5405 1244 5461 enim
1271 5402 1419 5472 regio
1445 5399 1653 5455 Kronos
1681 5411 1849 5468 pagos
1871 5409 1961 5465 ap-

333 5504 611 5579 pellatur
629 5514 694 5556 ex
718 5498 939 5555 Saturni
965 5497 1206 5560 nomine,
1233 5493 1324 5564 qui
1353 5491 1538 5546 Griece
1566 5489 1778 5544 Kronos
1796 5500 1958 5540 voca-

331 5577 478 5654 tur.
528 5590 780 5647 Secunda
810 5589 958 5661 regio
994 5588 1217 5643 Athena:
1254 5591 1356 5647 est,
1391 5595 1512 5652 quae
1540 5579 1759 5648 respicit
1789 5577 1963 5633 Thra-

331 5690 546 5750 ciam,
590 5683 681 5740 ubi
727 5681 1080 5752 terebynthus
1119 5676 1270 5734 mira:
1326 5669 1711 5743 magnitudinis
1765 5669 1962 5732 inerat,

2052 4534 2525 4607 superstitionibus
2585 4533 2692 4588 ritu
2744 4545 3108 4602 paganorum,
3159 4529 3366 4584 audivit
3411 4527 3637 4582 Paulum

2054 4629 2353 4700 apostolum
2381 4643 2518 4683 nova
2537 4635 2593 4682 et
2612 4625 2850 4680 inaudita
2875 4631 3033 4678 antea
3057 4623 3306 4693 dogmata
3345 4622 3644 4690 praedican-

2054 4733 2161 4779 tem
2196 4741 2209 4776 :
2239 4729 2296 4778 et
2338 4736 2462 4778 cum
2501 4720 2550 4775 ei
2590 4718 2845 4773 resistere
2877 4731 2984 4770 non
3025 4713 3266 4778 valeret,
3301 4711 3506 4766 invenit
3544 4725 3639 4764 ve-

2056 4829 2174 4868 ram
2197 4826 2318 4868 esse
2343 4810 2665 4873 doctrinam,
2696 4823 2859 4879 quam
2888 4805 3085 4860 Paulus
3113 4803 3254 4874 apud
3273 4800 3514 4855 Athenas
3541 4800 3638 4854 do-

2055 4901 2189 4958 cuit.
2230 4899 2561 4963 Relinquens
2598 4912 2729 4968 ergo
2769 4895 3130 4951 daemoniacas
3166 4890 3558 4946 ludiﬂcationes
3587 4894 3641 4940 et

2055 4989 2350 5062 gentilitias
2388 4988 2827 5051 adinventiones,
2871 4984 3188 5054 provolutus
3228 4979 3452 5051 apostoli
3485 4977 3638 5045 pedi-

2057 5081 2180 5146 bus,
2207 5080 2527 5149 deprecatus
2554 5086 2638 5134 est
2664 5092 2810 5142 eum,
2845 5085 2904 5130 ut
2935 5075 3006 5130 illi
3032 5089 3219 5129 veram
3257 5070 3558 5126 doctrinam
3587 5073 3643 5121 et

2058 5172 2202 5228 viam
2244 5169 2436 5225 salutis
2472 5168 2801 5233 ostenderet,
2849 5182 3014 5236 seque
3055 5164 3279 5227 Christi,
3310 5167 3364 5215 et
3406 5173 3514 5213 non
3544 5156 3644 5213 Sa-

2060 5263 2227 5328 turni,
2253 5259 2534 5333 professus
2554 5269 2636 5316 est
2655 5258 2771 5315 fore
2799 5259 3140 5330 discipulum.

2695 5386 2924 5443 CAPUT
2951 5385 3016 5440 γ.

2129 5480 2226 5536 llis
2281 5479 2352 5534 ita
2417 5479 2606 5550 gestis,
2639 5492 2760 5532 cum
2813 5475 2964 5530 vocis
3006 5472 3243 5528 novitate
3289 5469 3646 5526 Athenienses

2059 5571 2312 5642 permoti,
2337 5569 2570 5640 quadam
2609 5568 2697 5623 die
2734 5566 2958 5621 Paulum
3001 5563 3068 5619 ad
3095 5562 3432 5634 Areopagum
3463 5561 3648 5616 duxis-

2064 5673 2205 5734 sent,
2227 5673 2289 5720 ut
2317 5663 2390 5720 ibi
2417 5677 2643 5719 examen
2665 5675 2761 5717 sua
2789 5657 3036 5716 doctrina
3083 5657 3373 5730 acciperet,
3423 5654 3650 5712 adorsus
