4064 6190
448 327 520 382 27
1811 317 1967 374 \‘lTA
2005 319 2065 373 Β.
2108 317 2408 374 DIONYSII
3645 319 3717 375 28

449 447 534 495 est
557 435 893 507 Dionysium,
922 433 1014 504 qui
1056 431 1126 488 ob
1162 430 1549 510 plenitudinem
1601 429 1798 484 divinat
1843 444 2030 498 super-
2059 435 2108 492 Α
2133 440 2236 487 est.
2265 431 2331 485 Et
2358 431 2435 486 ait
2456 429 2653 488 Paulus
2683 447 2696 484 :
2720 429 2872 485 Illum
2899 431 3069 485 Deum
3090 429 3326 500 praedico
3355 430 3530 498 vobis,
3555 448 3718 502 quem

450 545 642 585 norum
673 527 954 582 numinum
989 525 1252 588 scientiae,
1273 522 1643 593 Theosophus,
1675 522 1726 576 id
1748 530 1830 576 est
1863 521 2032 576 Deum

450 619 686 687 sapiens,
708 625 764 672 et
789 632 821 670 a
844 616 1062 686 regione
1091 614 1263 679 urbis,
1293 629 1398 682 qua
1431 613 1616 667 sedulo
1651 611 2032 668 commoraba-

452 715 558 772 tur,
603 715 658 762 et
704 706 921 760 innatus
967 705 1392 774 principahatur,
1445 703 1751 773 areopagita
1800 703 2034 772 genuino

454 799 606 868 quasi
645 796 908 851 vocabulo
953 797 1225 860 utebatur,
1265 791 1530 849 altissimo
1579 795 1839 864 sanguine
1872 795 2033 864 primi

454 897 510 943 et
535 888 710 958 magni
734 887 994 956 Dionysii,
1018 902 1124 940 non
1148 886 1290 942 illius
1321 885 1548 942 Semela:
1567 887 1651 941 vel
1671 887 2031 954 Deucalionis,

457 979 550 1032 sed
575 977 692 1044 ejus
730 977 823 1046 qui
863 977 988 1031 vitis
1035 977 1284 1032 inventor
1327 976 1468 1047 apud
1517 976 1760 1032 Athenas
1811 978 2036 1050 insignis

455 1079 536 1123 est
550 1070 786 1133 habitus,
806 1069 1116 1138 longissima
1135 1076 1189 1122 et
1209 1068 1356 1123 clara
1373 1069 1666 1140 propagine
1686 1078 2032 1141 propagatus.

455 1159 555 1214 llic
598 1175 831 1228 namque
863 1175 1034 1213 annos
1065 1161 1240 1214 aetatis
1281 1159 1521 1229 quinque
1542 1168 1598 1215 et
1625 1160 1818 1232 viginti
1841 1175 2028 1231 agens,

457 1260 510 1304 et
536 1251 744 1305 cunctis
763 1264 902 1318 pene
943 1250 1150 1304 artibus
1203 1251 1418 1319 copiose
1467 1251 1725 1317 imbutus,
1773 1250 2037 1305 crementi

459 1340 635 1394 studio
671 1340 900 1403 excitus,
936 1355 1042 1393 una
1062 1355 1184 1393 cum
1203 1340 1594 1410 Apoll0phanio
1616 1341 2038 1413 conphilosopho

458 1445 557 1484 suo
591 1429 926 1499 astrologicae
956 1430 1252 1498 disciplina:
1293 1440 1420 1485 voto
1455 1430 1675 1502 [Egypti
1720 1431 2037 1502 Heliopolim

461 1522 882 1593 transmigravit.
920 1521 1022 1576 Ubi
1069 1521 1228 1576 simul
1275 1537 1399 1576 cum
1443 1538 1510 1578 eo
1559 1525 1780 1595 degens,
1821 1525 2039 1594 quando

461 1610 602 1664 Deus
649 1611 833 1676 homo,
891 1611 1149 1666 Dominus
1210 1619 1394 1666 noster
1441 1611 1598 1668 Jesus
1647 1612 1896 1668 Christus
1941 1631 2040 1685 pro

460 1701 643 1753 mundi
671 1700 842 1755 salute
865 1702 1062 1755 invidia
1084 1701 1395 1756 Judmorum
1426 1706 1575 1760 cruci
1618 1707 1874 1776 pependit
1923 1708 2040 1762 alli-

2133 523 2466 594 ineognitum
2491 521 2790 592 appellatis.
2820 521 2989 578 Natus
3015 522 3160 577 enim
3183 537 3249 577 ex
3282 522 3450 578 Maria
3482 523 3717 594 virgine,

2134 628 2329 682 passus
2346 614 2450 668 sub
2489 613 2683 669 Pontio
2725 613 2900 668 Pilato
2950 628 3048 683 pro
3076 613 3252 669 salute
3297 616 3535 670 humana
3573 632 3721 670 mor-

2134 711 2282 766 tuus,
2320 710 2635 768 resurrexit,
2661 702 2937 771 ccelosque
2973 704 3293 768 ascendens,
3327 704 3479 759 sedet
3503 706 3557 759 in
3590 708 3724 760 dex-

2134 797 2250 845 tera
2273 791 2368 846 Dei
2387 791 2581 858 Patris,
2603 806 2766 846 verus
2786 792 2926 846 Deus
2948 798 3002 845 et
3021 807 3186 847 verus
3229 793 3411 859 homo,
3443 808 3539 862 per
3557 810 3720 863 quem

2134 879 2278 935 facta
2301 891 2428 936 sunt
2449 882 2650 946 omnia,
2682 890 2738 936 et
2771 889 3030 936 venturus
3063 890 3148 936 est
3177 882 3232 936 in
3259 883 3368 937 line
3418 885 3598 939 saeculi
3632 885 3723 953 ju-

2136 974 2238 1030 dex
2265 976 2506 1030 omnium
2528 991 2648 1045 quae
2675 983 2955 1047 geruntur.
2989 974 3091 1041 Qui
3117 986 3272 1029 natus
3317 987 3393 1030 est
3429 979 3485 1029 in
3526 977 3722 1031 Iudam

2135 1067 2300 1131 Deus,
2325 1076 2373 1122 et
2401 1083 2649 1138 magnum
2683 1069 2739 1122 in
2771 1066 2963 1132 Israel,
2995 1075 3049 1121 et
3075 1077 3322 1122 sanctum
3372 1084 3561 1122 nomen
3607 1071 3722 1139 ejus

2136 1155 2540 1229 (Psal.r.xxv).
2575 1156 2916 1227 Quapropter
2955 1169 3116 1226 quem
3170 1159 3504 1228 incognitum
3550 1175 3724 1231 usque

2136 1263 2280 1303 nunc
2301 1247 2594 1314 habuistis,
2623 1249 2784 1304 modo
2816 1249 3145 1317 cognoscite,
3176 1249 3302 1318 quia
3328 1250 3446 1319 ipse
3468 1258 3556 1305 est
3582 1251 3726 1306 Deus

2134 1338 2306 1404 solus,
2329 1346 2386 1393 et
2417 1346 2612 1408 praeter
2652 1353 2779 1394 eum
2823 1353 2930 1393 non
2968 1347 3054 1394 est
3087 1339 3227 1394 alter
3260 1338 3320 1410 (1
3355 1338 3483 1410 Reg.
3515 1340 3603 1410 ιι),
3633 1343 3725 1410 qui

2136 1444 2238 1484 nos
2271 1429 2338 1484 de
2368 1437 2565 1495 morte,
2603 1429 2884 1500 sanguinis
2917 1430 3000 1485 sui
3045 1429 3221 1499 pretio
3269 1430 3484 1484 reduxit
3531 1432 3598 1486 ad
3645 1432 3733 1487 vi-

2139 1527 2270 1584 tam,
2299 1521 2391 1589 qui
2413 1520 2609 1576 caelum
2634 1528 2692 1576 et
2723 1527 2949 1584 terram,
2996 1521 3246 1575 homines
3283 1521 3494 1576 scilicet
3535 1531 3595 1576 et
3632 1537 3729 1577 au-

2139 1609 2306 1681 gelos,
2340 1611 2398 1664 in
2419 1611 2628 1666 unitate
2651 1611 2803 1681 regni
2833 1611 2917 1666 sui
2943 1610 3246 1679 conjunxit,
3293 1613 3386 1681 qui
3435 1614 3732 1668 mortiﬁcat

2136 1702 2317 1771 justus
2341 1711 2399 1758 et
2423 1702 2660 1758 viviﬁcat
2683 1704 2804 1773 pius
2831 1722 2844 1756 :
2871 1705 2962 1774 qui
2982 1703 3205 1771 claudit,
3245 1715 3294 1760 et
3331 1722 3482 1760 nemo
3525 1707 3727 1777 aperit;

458 1806 582 1855 xus,
607 1801 660 1845 et
691 1793 770 1846 sol
799 1793 881 1846 sui
910 1793 1120 1848 Domini
1150 1802 1380 1848 mortem
1403 1811 1716 1864 pavescens,
1747 1797 1882 1852 lucis
1926 1814 2035 1854 sua:

2140 1793 2330 1862 aperit,
2358 1803 2407 1847 et
2431 1811 2579 1848 nemo
2605 1793 2806 1848 claudit
2833 1793 3026 1865 (Apoc.
3059 1795 3172 1869 ιιι).

459 1881 640 1935 radios
663 1881 715 1933 in
750 1891 902 1935 tetra:
927 1884 1156 1936 mutavit
1184 1885 1358 1938 noctis
1378 1885 1683 1952 horrorem,
1710 1895 1872 1955 atque
1896 1891 2042 1944 orbis

459 1971 672 2024 climata
703 1973 1046 2026 tenebrarum
1076 1975 1284 2027 obtexit
1306 1974 1556 2042 caligine,
1600 1978 1915 2032 earumdem
1964 1987 2045 2034 te-

460 2061 748 2114 nebrarum
775 2063 928 2132 signo
969 2070 1129 2116 antea
1170 2063 1343 2118 inviso
1377 2073 1432 2118 et
1470 2063 1712 2120 inaudito
1758 2067 2041 2134 attonitus,

462 2161 519 2204 ut
539 2153 780 2206 omnium
811 2152 1116 2208 litterarum
1142 2155 1444 2225 disciplinis
1465 2158 1709 2224 edoctus,
1735 2158 1903 2212 dixit:
1929 2160 2045 2214 hazc

462 2258 587 2306 nox,
612 2259 773 2312 quam
801 2246 1000 2300 nostris
1026 2246 1195 2300 oculis
1237 2262 1432 2299 novam
1478 2247 1824 2303 descendisse
1875 2250 2041 2304 mira-

464 2347 604 2398 mur,
637 2335 804 2388 totius
832 2337 1018 2389 mundi
1041 2353 1225 2392 veram
1267 2337 1444 2392 lucem
1483 2339 1836 2394 adventuram
1867 2343 2045 2412 signa-

461 2424 559 2488 vit,
593 2434 756 2494 atque
791 2427 958 2480 Deum
999 2429 1235 2483 humano
1276 2429 1458 2499 generi
1485 2429 1826 2497 ellulsurum,
1855 2449 2044 2488 serena

461 2514 770 2583 dignatione
796 2517 1039 2571 dictavit.
1131 2557 1133 2560 ‹

1101 2612 1328 2670 CAPUT
1361 2615 1448 2672 VI.

535 2697 688 2753 Unde
713 2700 961 2771 expletis,
986 2716 1087 2773 pro
1103 2705 1300 2773 quibus
1336 2717 1671 2776 perrexerat,
1701 2709 1931 2766 feliciter
1958 2727 2045 2767 re-

463 2787 583 2853 diit,
604 2791 832 2860 *arcique
871 2794 1034 2850 totius
1062 2795 1212 2850 urbis
1240 2796 1467 2853 Athena;
1509 2811 1763 2870 praeerat,
1791 2811 1845 2857 et
1877 2805 2043 2858 curia:

459 2879 727 2951 Areopagi
791 2886 1086 2953 przesidens
1129 2889 1369 2942 omnium
1413 2893 1748 2961 negotiorum
1805 2895 2044 2951 civilium

462 2972 674 3040 publice
699 2982 755 3028 et
781 2976 1032 3043 privatim
1058 2986 1118 3032 ut
1143 2980 1377 3034 nobilior
1404 2983 1752 3041 nobilissimis
1797 2986 2045 3042 modera-

461 3064 608 3118 tnina
631 3066 966 3135 disponebat,
991 3077 1154 3139 atque
1185 3073 1327 3127 inter
1360 3075 1563 3144 primos
1600 3077 1806 3147 primus
1832 3081 2042 3148 sophis-

461 3153 570 3207 tica
598 3163 653 3209 et
695 3156 1020 3228 syllogistica
1061 3162 1444 3219 universalium
1494 3167 1863 3224 doctrinarum
1913 3185 2039 3227 acu-

463 3243 631 3311 mina,
661 3255 718 3301 et
739 3249 1008 3318 strophas,
1035 3251 1295 3309 infulatus
1329 3261 1449 3325 toga
1490 3257 1859 3328 phil050phica
1900 3261 2036 3316 civi-

462 3335 563 3389 bus
611 3350 676 3390 ac
722 3337 956 3407 undique
1003 3342 1071 3395 ad
1111 3341 1164 3396 id
1193 3344 1428 3398 studium
1479 3345 1868 3405 conﬂuentibus
1914 3367 2040 3421 pro-

460 3424 740 3481 fundebat.
775 3427 929 3484 Hunc
957 3432 1002 3485 si
1028 3432 1244 3500 quidem
1275 3442 1474 3501 vatem,
1520 3439 1610 3507 qui
1631 3439 1757 3493 olim
1798 3456 2039 3511 paganus

459 3518 638 3573 adhuc
677 3520 974 3578 visceribus
1021 3525 1155 3578 tanti
1187 3528 1427 3596 mysterii
1451 3528 1593 3597 quod
1640 3539 1857 3585 ventum
1897 3541 2036 3599 erat,

462 3612 618 3680 quasi
645 3622 931 3668 venturum
955 3617 1126 3670 valuit
1157 3632 1418 3684 reserare,
1448 3628 1510 3675 ut
1533 3631 1660 3690 pote
1687 3623 1793 3678 loci
1835 3626 2038 3694 prima-

463 3710 594 3766 tem,
642 3717 765 3758 cum
791 3706 1132 3778 Areopagum
1179 3709 1399 3776 adisset,
1456 3714 1669 3768 erectis
1700 3714 1769 3768 ad
1814 3716 2037 3770 verbum

459 3794 698 3848 omnium
723 3797 968 3861 auribus,
990 3797 1322 3868 interrogare
1363 3802 1667 3870 specialiter
1694 3805 1860 3873 coepit
1901 3804 2038 3860 Pau-

459 3881 566 3945 lus,
597 3885 726 3953 quid
754 3885 976 3952 coleret,
1006 3896 1061 3942 et
1084 3886 1277 3957 quibus
1301 3893 1612 3948 numinibus
1652 3895 1706 3948 in
1755 3903 1863 3950 tam
1910 3914 2037 3967 spa-

465 3973 600 4027 tioso
653 3982 708 4028 et
756 3977 1050 4031 venerabili
1116 3977 1238 4033 loco
1299 3981 1605 4036 inserviret.
1660 3984 1761 4039 Cui
1811 4002 2037 4056 respon-

461 4064 539 4118 dit
593 4063 878 4136 Dionysius
931 4087 944 4121 :
1007 4069 1145 4124 Deos
1193 4087 1329 4141 quos
1377 4074 1664 4130 coluerunt
1707 4087 1886 4147 patres
1934 4096 2035 4135 no-

459 4152 558 4205 stri
577 4192 592 4217 ,
619 4168 849 4222 quorum
876 4156 1077 4212 virtute
1100 4167 1155 4213 et
1183 4159 1400 4215 solertia
1424 4172 1597 4218 mater
1621 4171 1767 4219 terra
1798 4169 2036 4223 contine-

463 4253 568 4309 tur,
615 4245 714 4301 bos
763 4247 992 4302 colimus
1037 4257 1093 4303 et
1136 4251 1423 4310 adoramus
1453 4273 1465 4306 :
1494 4270 1639 4319 aras,
1687 4271 1824 4324 quas
1862 4259 2035 4324 vides,

465 4334 650 4389 Martis
692 4343 748 4390 et
786 4335 1032 4392 Herculis
1056 4375 1071 4402 ,
1113 4337 1364 4394 Mercurii
1409 4349 1464 4396 et
1505 4342 1683 4412 Priapi
1716 4347 1932 4400 nomine
1981 4356 2037 4401 et

2780 1927 3006 1983 CAPUT
3033 1927 3141 1983 VII.

2214 2015 2338 2072 Haec
2360 2027 2415 2073 et
2442 2017 2546 2072 alia
2575 2018 2731 2088 plura
2758 2018 2925 2073 Paulo
2950 2020 3276 2088 praedicante
3303 2028 3356 2074 et
3395 2021 3590 2092 templa
3619 2022 3729 2077 sin-

2142 2108 2266 2180 gula
2327 2109 2721 2177 perlustrante,
2761 2111 3186 2165 commendando
3227 2109 3498 2166 Christum
3543 2111 3726 2168 Iesum

2142 2198 2236 2252 Dei
2261 2197 2454 2252 Filium
2485 2209 2538 2252 et
2571 2199 2739 2254 Deum
2765 2215 2951 2254 verum
2975 2216 3116 2266 esse,
3146 2215 3265 2270 qua:
3293 2203 3466 2256 amica
3501 2203 3729 2258 curiosi-

2145 2297 2256 2344 tate
2277 2288 2658 2354 Atlieuienses,
2707 2301 2929 2360 propter
2967 2291 3137 2360 ipsam
3185 2293 3480 2348 novitatem
3526 2293 3728 2350 ollicio-

2143 2383 2355 2438 sissime
2383 2385 2732 2453 acceptahant
2752 2423 2766 2448 ,
2809 2384 3094 2455 Dionysius
3119 2401 3305 2440 veram
3339 2389 3641 2444 doctrinam
3674 2399 3730 2445 et

2143 2475 2339 2545 dogma
2366 2474 2557 2530 Salutis
2593 2476 2833 2538 audiens,
2875 2485 2931 2529 et
2970 2477 3105 2530 nihil
3152 2493 3273 2533 esse
3315 2479 3479 2541 idola,
3529 2482 3729 2551 quibus

2143 2565 2433 2631 serviebat,
2462 2567 2590 2636 quin
2615 2568 2788 2639 magis
2837 2568 3102 2623 dmmonia
3131 2585 3292 2639 quam
3315 2572 3445 2627 deos
3488 2588 3610 2629 esse
3637 2589 3729 2629 co-

2142 2673 2429 2728 gnoscens,
2459 2669 2705 2714 sanctum
2733 2676 2861 2716 vero
2892 2659 3154 2731 Spiritum
3177 2671 3231 2716 et
3257 2666 3420 2718 verba
3451 2666 3637 2720 vitalia
3670 2667 3724 2721 in

2142 2749 2293 2804 Pauli
2321 2751 2567 2806 doctrina
2594 2753 2998 2807 evidentissime
3024 2753 3284 2820 sentiens,
3319 2755 3500 2810 divino
3523 2757 3725 2813 lumine

2144 2840 2307 2895 corde
2333 2849 2529 2906 tactus,
2555 2841 2731 2896 eidem
2760 2841 2926 2897 Paulo
2953 2843 3139 2909 cessit,
3165 2855 3223 2899 et
3245 2846 3314 2900 ab
3339 2846 3430 2900 illo
3472 2850 3722 2919 expetiit,

2145 2942 2407 3001 quatenus
2443 2949 2541 3003 pro
2563 2933 2655 2989 illo
2685 2935 2854 3004 ipsius
2884 2935 2998 3000 Dei,
3030 2952 3192 3006 quem
3215 2939 3570 3008 przedicabat,
3625 2944 3725 2997 mi-

2140 3026 2494 3081 sericordiam
2529 3027 2937 3097 deprecaretur,
2967 3037 3026 3082 ut
3059 3031 3200 3085 illius
3245 3032 3420 3087 cultor
3466 3047 3628 3090 verus
3671 3044 3728 3091 et

2067 3128 2112 3191 ρ
2143 3132 2274 3172 suus
2294 3126 2594 3172 mereretur
2619 3132 2739 3174 esse
2764 3119 3077 3188 discipulus.

2735 3254 2961 3311 CAPUT
2995 3255 3127 3312 VIII.

2211 3344 2434 3400 Postero
2463 3356 2642 3402 autem
2668 3347 2774 3413 die,
2805 3365 2927 3404 cum
2949 3349 3147 3406 Paulus
3170 3361 3353 3422 ageret
3379 3353 3502 3418 iter,
3549 3371 3725 3414 caecus

2139 3436 2359 3507 quidam
2385 3439 2550 3507 cmpit
2571 3452 2692 3492 eum
2718 3440 3108 3496 obsecrationis
3133 3443 3357 3498 vocibus
3375 3447 3719 3516 compellare.

2141 3526 2375 3582 Sanctus
2408 3535 2586 3581 autem
2616 3528 2906 3597 apostolus,
2960 3531 3139 3585 crucis
3181 3532 3393 3602 signum
3437 3534 3640 3592 clausis
3691 3553 3723 3592 a

2139 3620 2420 3675 nativitate
2474 3619 2590 3688 ejus
2645 3620 2813 3676 oculis
2868 3621 3142 3692 imposuit,
3194 3625 3379 3681 dicens
3423 3645 3436 3679 :
3477 3626 3727 3685 Christus

2138 3707 2398 3765 Dominus
2426 3722 2481 3767 et
2515 3713 2771 3784 magister
2811 3722 3014 3780 noster,
3052 3717 3144 3784 qui
3185 3717 3357 3774 oculis
3402 3719 3574 3774 lutum
3625 3723 3726 3776 im-

2135 3805 2316 3874 posuit
2339 3805 2465 3860 caeci
2494 3807 2625 3870 nati,
2668 3815 2722 3860 et
2762 3805 2940 3862 lumen
2993 3810 3229 3865 restituit
3271 3811 3321 3865 ei
3371 3812 3563 3884 (Joan.
3608 3815 3721 3886 ix),

2137 3895 2252 3965 ipse
2284 3903 2334 3949 te
2363 3897 2600 3965 potentia
2625 3911 2718 3950 sua
2748 3896 3030 3952 illuminet.
3060 3897 3230 3966 Quem
3269 3917 3391 3956 mox
3446 3904 3720 3960 videntem

2137 3983 2222 4038 bis
2249 3993 2332 4038 est
2360 3985 2538 4039 verbis
2559 3983 2751 4039 allatus
2775 4005 2786 4038 :
2814 3983 2965 4048 vade,
2992 3987 3242 4058 inquiens
3269 3991 3336 4044 ad
3383 3990 3719 4064 Dionysium,

2137 4083 2192 4131 ct
2224 4077 2310 4131 dic
2337 4077 2384 4130 ci
2423 4078 2547 4147 quia
2581 4078 2774 4133 Paulus
2801 4094 2990 4135 servus
3013 4079 3138 4136 Iesu
3179 4081 3381 4139 Christi
3431 4086 3496 4140 ad
3548 4096 3599 4142 te
3634 4104 3721 4146 me

2137 4167 2300 4232 misit,
2331 4175 2392 4221 ut
2416 4184 2622 4222 memor
2650 4170 2955 4239 sponsionis
2983 4179 3106 4237 tum,
3132 4173 3198 4228 ad
3225 4190 3348 4229 eum
3374 4179 3561 4234 venire
3611 4196 3716 4234 non

2137 4255 2374 4324 dilleras,
2399 4274 2506 4329 quo
2537 4259 2861 4330 baptismum
2895 4262 3085 4318 salutis
3113 4265 3409 4335 accipiens,
3437 4269 3506 4322 ab
3536 4273 3716 4325 omni-

2134 4345 2236 4400 bus
2259 4347 2435 4415 possis
2461 4349 2667 4404 absolvi
2695 4352 2923 4407 nexibus
2941 4353 3278 4408 delictorum.
3310 4356 3358 4410 Is
3385 4368 3590 4425 autem,
3621 4363 3716 4432 qui

462 4423 669 4476 honore
719 4432 946 4478 sacrata:
1009 4433 1152 4480 sunt.
1201 4427 1337 4482 Dum
1393 4445 1524 4485 vero
1578 4430 1776 4487 Paulus
1826 4435 2032 4504 singula
2058 4435 2313 4534 Dlumen
2343 4440 2567 4509 recepit,
2595 4441 2908 4496 obedienter
2935 4443 3096 4498 verba
3111 4443 3351 4512 jubentis
3373 4423 3720 4520 implevitIet

460 4513 654 4567 altaria
683 4525 738 4569 et
761 4515 1048 4571 simulacra
1077 4517 1335 4574 falsorum
1367 4521 1591 4577 deorum
1629 4523 2030 4594 perlustrasset,

459 4603 603 4658 inter
639 4614 867 4661 caeteras
907 4622 1034 4663 aras
1080 4612 1284 4680 reperit
1331 4611 1501 4668 altare
1552 4631 1737 4681 unum,
1784 4618 1870 4672 cui
1917 4628 2036 4675 erat

459 4694 650 4750 titulus
675 4699 1100 4768 superscriptus,
1130 4699 1239 4755 Deo
1267 4703 1463 4772 ignoto.
1511 4705 1580 4759 Et
1623 4721 1918 4764 conversus
1965 4711 2032 4766 ad

458 4799 584 4839 eum
612 4786 828 4854 Paulus,
862 4789 1217 4860 interrogavit
1249 4792 1396 4847 illum
1423 4795 1609 4850 dicens
1635 4813 1647 4849 :
1679 4797 1811 4864 Quis
1835 4808 1921 4855 est
1945 4801 2034 4856 ille

460 4875 607 4932 Deus
651 4878 992 4949 incognitus?
1037 4881 1118 4935 Ad
1147 4897 1307 4952 quem
1354 4885 1680 4955 Dionysius:
1713 4891 1908 4956 adhuc,
1952 4892 2035 4946 in-

457 4967 611 5035 quit,
649 4983 755 5023 nou
780 4978 862 5023 est
896 4970 1011 5038 ipse
1057 4972 1201 5026 Deus
1245 4974 1644 5033 demonstratus
1697 4979 1838 5035 inter
1881 4983 2028 5049 deos,

457 5061 552 5114 sed
582 5069 666 5115 est
701 5061 1006 5132 incogn?tus
1031 5068 1206 5131 nobis,
1232 5076 1286 5122 et
1309 5070 1506 5124 saeculo
1532 5069 1712 5126 futuro
1750 5083 2033 5132 venturus.

457 5151 576 5222 Ipse
601 5154 748 5209 enim
777 5165 859 5209 εει
887 5157 1052 5221 Deus,
1084 5161 1174 5228 qui
1212 5169 1534 5232 regnaturus
1557 5171 1639 5217 est
1661 5164 1715 5217 in
1738 5166 1877 5220 casio
1895 5178 1947 5222 et
1973 5168 2027 5222 in

459 5250 622 5309 terra,
663 5255 719 5301 et
747 5261 974 5317 regnum
1001 5248 1120 5317 ejus
1163 5267 1269 5306 non
1316 5254 1544 5323 accipiet
1580 5253 1762 5309 linem.
1795 5256 2027 5329 Subiun-

459 5346 590 5400 gens
643 5335 824 5404 itaque
873 5336 1071 5393 Paulus
1119 5341 1402 5408 aitzQuid
1453 5345 1604 5399 vobis
1644 5347 1887 5402 videtur?
1931 5351 2030 5404 ho-

459 5437 548 5475 mo
573 5425 696 5488 erit,
726 5442 792 5479 an
821 5429 1042 5497 spiritus
1068 5432 1323 5487 deorum?
1348 5435 1696 5504 Respondens
1723 5438 2026 5509 Dionysius,

460 5511 593 5566 dixit
622 5531 635 5567 :
659 5531 818 5571 verus
839 5518 980 5574 Deus
1000 5530 1054 5575 et
1074 5537 1233 5578 verus
1259 5525 1440 5590 homo,
1466 5534 1519 5579 et
1540 5526 1655 5596 ipse
1675 5536 2030 5586 renovaturus

457 5609 540 5654 est
603 5604 861 5659 mundum
906 5627 919 5661 :
964 5611 1055 5666 sed
1095 5613 1268 5668 adhuc
1320 5615 1618 5687 incognitus
1660 5626 1744 5673 est
1791 5619 2026 5675 homini-

458 5690 577 5757 bus,
615 5696 868 5764 quoniam
889 5701 1028 5769 apud
1058 5701 1223 5757 Deum
1255 5705 1306 5763 iu
1339 5706 1476 5762 ecclo
1527 5706 1642 5773 eius
1687 5711 2025 5766 conversatio

2139 4529 2206 4582 ad
2231 4529 2540 4600 Dionysium
2564 4547 2884 4603 properans,
2905 4533 3054 4589 Pauli
3084 4536 3134 4589 ei
3160 4538 3321 4592 verba
3351 4553 3450 4607 per
3470 4542 3716 4598 ordinem

2138 4621 2421 4676 nuntiavit.
2453 4620 2740 4695 Dionysius
2766 4642 2914 4692 vero,
2943 4628 3223 4684 electionis
3246 4633 3418 4702 gratia
3437 4631 3551 4700 jam
3574 4651 3712 4705 pra:-

2135 4722 2347 4780 ventus,
2378 4725 2437 4769 ut
2466 4731 2667 4772 caecum
2695 4721 2930 4788 respexit
2968 4737 3075 4775 non
3132 4731 3260 4777 ante
3306 4724 3503 4780 habitis
3558 4727 3716 4784 lumi-

2134 4805 2293 4860 nibus
2320 4816 2684 4876 contuentem,
2717 4811 2793 4864 ait
2827 4813 2894 4866 ad
2930 4828 3052 4866 eum
3089 4833 3100 4866 :
3133 4830 3261 4868 esne
3293 4825 3347 4869 tu
3396 4817 3502 4881 ille,
3552 4836 3715 4888 quem

2133 4913 2333 4953 caecum
2360 4909 2547 4954 natum
2591 4902 2770 4955 cuncti
2811 4914 3178 4972 cognoverunt
3224 4907 3442 4961 allines?
3481 4909 3577 4963 Cui
3625 4913 3715 4968 ille

2134 4991 2410 5056 respondit
2436 5009 2447 5044 :
2481 4991 2592 5060 Ego
2617 5008 2811 5061 nempe
2835 5009 2978 5058 sum,
3015 4997 3100 5050 cui
3129 5013 3272 5052 caeco
3301 5009 3429 5054 nato
3451 5002 3714 5058 hactenus

2130 5079 2212 5134 sol
2244 5095 2350 5135 non
2375 5081 2549 5136 luxit:
2581 5084 2677 5140 sed
2723 5084 2836 5153 ipse
2889 5085 3106 5153 Paulus,
3161 5090 3316 5160 cujus
3374 5093 3469 5146 tibi
3525 5096 3714 5153 defero

2130 5175 2383 5230 mandata
2408 5177 2662 5242 salubria,
2689 5176 2815 5233 Iesu
2843 5179 3048 5236 Christi
3075 5184 3319 5253 magistri
3341 5186 3425 5240 sui
3459 5186 3711 5245 invocata

2126 5264 2357 5331 virtute,
2393 5267 2638 5321 sanitatis
2674 5268 2805 5323 mihi
2830 5269 3006 5326 lumen
3039 5273 3279 5340 indulsit,
3325 5277 3416 5345 qui
3460 5280 3713 5346 protinus

2126 5366 2374 5422 surgens,
2401 5369 2526 5409 eum
2553 5358 2701 5412 omni
2722 5357 2882 5414 domo
2907 5369 2960 5416 et
2985 5362 3202 5417 Damari
3229 5380 3398 5420 uxore
3421 5382 3518 5421 sua
3543 5385 3708 5438 quam

2127 5453 2188 5498 ut
2211 5454 2449 5502 sumeret
2473 5462 2624 5504 more
2669 5458 2896 5508 terrente
2936 5455 3251 5519 nobilitatis,
3292 5467 3517 5529 propter
3559 5477 3710 5518 amo-

2126 5548 2242 5588 rem
2266 5535 2618 5606 suscipiendae
2638 5540 2819 5597 aliane
2838 5543 3056 5608 sobolis,
3081 5559 3207 5600 eum
3235 5548 3318 5602 sui
3353 5563 3578 5621 coegere
3611 5569 3709 5622 pa-

2125 5632 2326 5690 rentes,
2357 5627 2424 5680 ad
2453 5630 2704 5684 mandata
2730 5640 2984 5700 properat
3019 5635 3194 5689 sancti
3233 5635 3408 5692 Pauli.
3437 5639 3704 5698 Credens-

2123 5731 2227 5786 que
2249 5717 2496 5782 ﬁdeliter,
2525 5721 2876 5791 ctabnegntis
2898 5726 3172 5781 erroribus
3213 5742 3566 5799 paganorum,
3609 5749 3697 5789 sa-
3747 5785 3754 5791 .
