4008 6206
220 335 288 392 99
1513 330 1840 389 merens
1880 330 2225 390 “unum.
3435 341 3506 396 se

218 448 297 506 eri
326 456 415 503 est
434 442 1287 515 baptisnntisuinlarespersus:
1319 457 1386 498 ac
1414 442 1494 498 sic
1521 443 1737 499 demum
1761 456 1822 498 se
1847 445 1899 507 Α
1923 451 2201 512 ques-at
2224 443 2553 514 solm?quzc
2580 454 2708 502 sunt
2734 445 2841 504 illa:
2862 449 3072 521 virgae?
3096 466 3220 521 (ιιιω
3240 460 3375 508 nam
3400 454 3505 511 mg

223 538 446 595 ιηωῆ
486 537 610 607 eius
645 534 974 606 magisterio
1014 534 1228 605 plenius
1258 534 1627 599 imbuendum,
1659 535 1822 604 inque
1921 532 2160 587 lancea?
2198 548 2319 601 quas
2360 542 2489 588 sunt
2535 534 2644 590 illae
2688 539 2947 595 secures?
2997 541 3118 609 quis
3146 542 3349 598 estille
3378 559 3507 614 geo-

223 639 421 689 sanctat
445 628 719 683 trinitatis
749 626 878 692 lide,
906 635 966 682 et
985 626 1411 694 incarnationis,
1438 626 1711 697 passionis
1755 638 1822 682 ac

222 720 642 780 resurrectionis
676 718 811 776 Iesu
844 718 1050 775 Christi
1074 717 1286 775 Domini
1331 718 1507 774 nostri
1538 717 1815 788 mysterio.

221 829 314 871 seu
331 813 545 869 cunctis
569 812 795 867 arcanis
822 809 1207 867 ecclesiasticae
1241 809 1548 866 sanctitatis
1590 808 1816 874 affatim,

221 912 277 958 ut
322 916 511 959 comes
563 901 689 972 ejus
730 901 1132 971 inseparabilis,
1196 915 1523 971 quocunque
1572 913 1817 970 gressum

220 1002 484 1059 noverat,
511 1008 544 1051 a
564 994 735 1048 beato
767 991 938 1047 Paulo
967 1007 1064 1062 per
1090 991 1380 1045 triennium
1405 990 1706 1046 institutus.

286 1084 684 1142 Thessalonica
702 1124 719 1147 ,
773 1084 1039 1155 magistro
1090 1082 1461 1152 obsequendo,
1509 1090 1810 1147 revertens,

219 1176 287 1234 ab
310 1176 504 1232 eodem
547 1174 719 1230 beato
760 1174 933 1229 Paulo
977 1174 1223 1243 apostolo
1261 1173 1679 1230 Atheniensium
1730 1178 1815 1239 est

218 1269 498 1323 ordinatos
536 1268 793 1329 antistes,
833 1279 903 1322 ac
926 1265 1138 1330 deinde,
1175 1265 1294 1334 ipso
1332 1265 1581 1335 iubente,
1607 1264 1811 1320 Christi

219 1359 571 1429 Evangelium
624 1357 974 1427 praedicavit,
1028 1355 1383 1424 eamdemque
1428 1356 1705 1410 civitatem
1757 1366 1814 1411 et

218 1454 507 1507 maximam
526 1459 745 1524 partem
768 1452 960 1521 patrita
980 1450 1047 1504 ad
1066 1448 1228 1504 ﬁdem
1248 1448 1497 1505 veritatis
1517 1450 1806 1504 convertit.

830 1541 1060 1599 CAPUT
1096 1542 1188 1597 IX.

283 1636 519 1708 Scripsit
542 1644 603 1692 et
626 1652 727 1707 per
754 1637 898 1692 idem
927 1646 1139 1707 tempus
1160 1636 1229 1691 ad
1257 1635 1602 1691 Timotheum
1627 1636 1807 1706 Ephe-

219 1728 415 1782 siorum
477 1728 841 1797 episcopum,
910 1742 1068 1782 suum
1122 1734 1304 1781 autem
1351 1726 1798 1797 condiscipulum,

1921 624 2219 679 metricalis
2261 624 2442 681 lunis?
2486 627 2578 695 qui
2619 635 2745 682 sunt
2788 629 2866 684 illi
2894 631 3082 686 venti?
3107 645 3231 702 qum
3264 631 3371 688 illa:
3404 649 3488 688 nu

1918 716 2053 772 bes?
2092 718 2237 786 quod
2274 725 2361 773 est
2405 717 2537 774 illud
2583 719 2697 774 aes?
2742 719 2885 790 quod
2923 729 3015 777 est
3041 722 3174 778 illud
3206 723 3505 779 electrum?

1918 809 2012 879 qui
2068 817 2197 864 sunt
2237 810 2447 865 colores
2488 808 2853 867 dltl‘erentium
2884 811 3158 883 lapidum?
3205 816 3328 885 quis
3356 817 3506 872 visus

1918 897 2199 953 leoninus?
2225 900 2349 969 quis
2376 900 2524 956 visus
2552 901 2860 970 aquilinus?
2887 903 3010 971 quis
3033 904 3185 958 visus
3208 903 3504 960 vitulinus?

1916 992 2007 1061 qui
2036 999 2164 1046 sunt
2211 992 2286 1045 illi
2331 993 2494 1063 equi?
2530 1007 2651 1064 quae
2697 1003 2825 1049 sunt
2871 992 3190 1049 diﬂ’erentise
3236 1009 3500 1063 equorum

1915 1081 2321 1137 coloratorum?
2357 1098 2480 1152 qum
2517 1093 2645 1138 sunt
2676 1082 2767 1138 illa
2794 1083 3052 1139 ﬂumina?
3084 1084 3178 1153 qui
3208 1093 3335 1138 sunt
3374 1100 3499 1139 cur-

1915 1173 2043 1227 rus?
2071 1187 2193 1241 quae
2220 1182 2348 1228 sunt
2378 1175 2549 1229 rotae?
2584 1175 2718 1244 quid
2746 1182 2832 1230 est
2855 1174 3000 1245 quod
3028 1174 3232 1230 dictum
3264 1182 3350 1230 est
3369 1191 3504 1246 gau-

1914 1265 2064 1320 dium
2088 1267 2402 1337 angelorum
2416 1268 2442 1321 ?

2534 1356 2766 1412 CAPUT
2802 1358 2869 1412 X.

1979 1446 2064 1501 Ad
2106 1448 2356 1502 eumdem
2402 1448 2567 1503 etiam
2608 1449 2952 1505 Timotheum
3002 1450 3237 1505 alterum
3283 1450 3502 1522 scripsit

1910 1537 2106 1594 librum
2140 1539 2208 1593 de
2233 1539 2604 1595 ecclesiastico
2624 1555 2783 1596 sacro
2809 1542 3137 1612 principatu,
3175 1542 3492 1598 distinctum

1909 1640 2008 1700 per
2035 1630 2290 1699 capitula,
2341 1646 2463 1701 quae
2512 1629 2653 1686 infra
2707 1643 3032 1702 sequuntur,
3093 1634 3498 1704 elegantissime

1911 1720 2198 1788 mysticum
2234 1727 2638 1777 sacramentum
2666 1720 2820 1791 prius
2846 1736 3074 1791 ponens,
3107 1731 3163 1777 et
3205 1723 3285 1778 sic
3312 1722 3498 1793 singu-

220 1820 393 1874 divino
429 1836 568 1873 usus
605 1818 772 1889 stylo,
818 1818 1106 1889 fulguranti
1153 1833 1428 1884 sermone,
1471 1833 1531 1873 se
1562 1818 1802 1889 ejusdem
1832 1803 1880 1863 Β
1907 1810 1988 1867 las
2022 1809 2254 1882 singulis
2290 1811 2544 1879 capitulis
2623 1814 2977 1883 mysticorum
3029 1822 3494 1870 sacramentorum

220 1906 362 1980 panis
388 1909 564 1964 verbo
601 1925 713 1978 quo
737 1907 929 1962 vivunt
973 1906 1147 1979 angeli
1185 1907 1447 1978 repletum
1484 1909 1803 1973 ostendens,

221 2001 281 2053 de
314 1996 521 2054 celesti
563 1999 897 2070 principatu,
943 1999 997 2054 id
1040 2007 1124 2055 est
1163 1999 1229 2055 de
1269 1998 1550 2055 ordinibus
1582 2000 1803 2069 angelo-

222 2106 332 2143 rum
379 2089 583 2161 insigni
632 2088 962 2159 eloquentia,
994 2098 1048 2143 et
1095 2089 1392 2145 reverenda
1441 2088 1801 2159 profundissi-

222 2197 404 2254 matu
441 2181 827 2253 intelligentia,
864 2180 1003 2236 sicut
1041 2197 1230 2236 revera
1270 2182 1317 2237 is
1342 2181 1434 2251 qui
1472 2181 1527 2235 in
1558 2180 1700 2237 casio
1740 2194 1802 2235 os

220 2288 364 2328 auum
393 2280 681 2343 posuerat,
713 2288 837 2327 cum
867 2270 935 2328 de
971 2271 1282 2328 caelestibus
1327 2272 1669 2341 loquebatur,
1708 2270 1800 2326 ubi

218 2365 370 2419 corde
412 2373 469 2419 et
511 2364 937 2421 conversatione
975 2363 1222 2436 degebat.
1268 2363 1413 2429 Haec,
1461 2363 1658 2435 inquit,
1701 2377 1801 2436 per

216 2454 491 2525 sequentia
521 2454 762 2525 capitula
792 2432 1244 2510 suﬂicientissime
1266 2432 1560 2511 disserens.
1589 2432 1794 2518 Prima,

215 2546 330 2614 quia
352 2545 537 2600 omnis
558 2544 775 2600 divinus
802 2544 1056 2616 splendor
1080 2542 1377 2600 secundum
1406 2543 1798 2615 benignitatem

215 2635 353 2690 varie
408 2636 465 2690 in
501 2635 919 2705 providentibus
961 2637 1282 2707 procedens,
1317 2644 1502 2692 manet
1535 2636 1794 2706 simplex:

212 2735 263 2781 et
288 2742 396 2782 non
423 2729 530 2783 hoc
559 2734 790 2793 tantum,
821 2727 918 2784 sed
948 2736 1004 2783 et
1038 2727 1308 2784 coadunat
1335 2725 1423 2782 illa
1462 2716 1583 2797 qua:
1611 2726 1795 2796 splen-

214 2821 393 2874 dorem
418 2820 714 2889 accipiunt.
770 2818 1048 2886 Secundo,
1078 2820 1206 2891 quia
1250 2821 1504 2876 decenter
1527 2820 1709 2875 divina
1741 2828 1798 2875 et

212 2908 468 2975 emicstia,
494 2926 596 2981 per
614 2910 1090 2965 insimilitudinum
1114 2909 1378 2980 symbols,
1397 2917 1791 2965 monstrantur.

213 3002 413 3069 Tertio,
445 3001 576 3073 quid
605 3010 692 3059 est
717 3003 1046 3069 hierarchia,
1066 3002 1117 3058 id
1131 3012 1237 3068 est,
1252 3017 1408 3057 sacer
1430 3001 1791 3072 principatus,

212 3106 265 3151 et
281 3095 404 3164 quis
424 3104 511 3150 est
527 3109 657 3167 erga
676 3094 1043 3150 hierarchiam
1063 3091 1359 3164 profectus.
1389 3090 1619 3160 Quarto,
1657 3090 1788 3162 quid

214 3185 471 3259 signiﬁcet
495 3183 815 3257 angelorum
836 3183 1259 3257 cognominati".
1285 3180 1485 3251 Quinto
1504 3223 1519 3249 ,
1546 3198 1644 3238 cur
1675 3196 1792 3236 om-

217 3294 303 3333 nes
321 3276 574 3334 caelestes
593 3275 912 3333 substantiae
932 3276 987 3331 in
1011 3289 1296 3330 commune
1314 3273 1489 3345 angeli
1515 3274 1788 3329 dicuntur.

215 3367 392 3436 Sesto,
414 3369 542 3440 quis
562 3376 650 3425 est
670 3368 879 3439 primus
910 3365 1214 3423 ctelestium
1252 3364 1679 3421 substantiarum
1705 3378 1793 3418 or-

217 3468 382 3524 natus,
398 3459 525 3529 quis
541 3458 780 3524 medius,
797 3466 853 3513 et
867 3458 988 3527 quis
1007 3455 1249 3513 ultimus.
1269 3453 1534 3527 Septimo,
1556 3455 1622 3509 de
1638 3468 1791 3511 sera-

216 3549 352 3619 phim
374 3558 430 3604 et
455 3548 745 3604 cherubim
770 3556 826 3604 et
845 3546 1071 3612 thronis,
1104 3554 1159 3601 et
1179 3545 1250 3601 de
1268 3544 1445 3615 prima
1469 3557 1659 3600 eorum
1681 3544 1794 3599 hie-

215 3642 444 3707 rarchia,
484 3640 541 3697 id
569 3649 688 3707 est,
730 3641 797 3695 de
839 3639 1017 3710 primo
1042 3653 1232 3695 eorum
1279 3653 1435 3693 sacro
1460 3636 1789 3709 principatu.

214 3733 424 3799 Octavo,
450 3734 521 3789 de
545 3732 1005 3790 dominationibus
1028 3741 1083 3787 et
1103 3731 1396 3787 virtutibus
1430 3739 1485 3787 et
1506 3730 1790 3805 potestati-

218 3828 329 3893 bus,
347 3837 403 3883 et
423 3829 494 3884 de
511 3826 690 3881 media
721 3840 909 3881 eorum
929 3825 1256 3888 bierarchia,
1284 3824 1339 3878 id
1365 3831 1451 3879 est
1476 3838 1634 3878 sacro
1650 3823 1796 3892 prin-

215 3921 408 3989 cipatu.
437 3918 596 3973 Nono
623 3918 689 3972 de
708 3915 1105 3986 principatibus
1130 3923 1186 3970 et
1213 3914 1575 3985 arehangelis,
1610 3922 1667 3969 et
1697 3929 1795 3968 an-

212 4010 361 4081 εὼς,
382 4021 443 4065 et
460 4009 653 4063 ultima
679 4022 868 4063 eorum
896 4007 1219 4072 hierarchia,
1248 4007 1303 4062 id
1321 4016 1426 4073 est,
1453 4018 1613 4062 sacro
1639 4006 1785 4076 prin-

212 4101 408 4171 cipatu.
436 4099 681 4165 Decimo,
712 4098 963 4168 repetitio
986 4106 1040 4154 et
1065 4092 1414 4168 congregatio
1446 4098 1576 4154 boni
1610 4106 1666 4154 et
1699 4088 1797 4153 an;

210 4190 364 4262 μιὴί
391 4190 543 4245 chori
570 4187 847 4260 [ordinis].
872 4188 1189 4255 Undecimo,
1212 4204 1312 4244 cur
1332 4202 1525 4244 omnes
1543 4189 1795 4245 caelestes

213 4292 525 4354 potestates,
577 4282 945 4339 communiter
971 4283 1201 4338 virtutes
1236 4282 1488 4338 caelestes
1510 4290 1792 4337 vocantur.

214 4374 558 4438 Duodecimo,
586 4388 686 4429 cur
708 4373 806 4443 qui
829 4372 970 4443 apud
997 4372 1245 4428 homines
1264 4379 1392 4428 sunt
1418 4371 1712 4436 hierarchi,
1740 4372 1795 4427 id

210 4472 312 4530 est,
338 4464 484 4521 sacri
515 4463 810 4534 principes,
835 4462 1089 4519 videlicet
1112 4463 1447 4529 sacerdotes,
1488 4461 1664 4533 angeli
1700 4477 1795 4518 vo-
1818 4492 1872 4551 Β

213 4565 420 4611 cantur.
450 4554 639 4611 Tertio
659 4554 893 4619 decimo,
917 4570 1017 4610 cur
1036 4570 1067 4609 a
1097 4556 1370 4625 seraphim
1396 4554 1601 4610 dicitur
1644 4569 1796 4609 mun-

214 4648 325 4702 thri
346 4646 542 4703 Isaias.
584 4644 809 4701 Decimo
836 4654 1054 4715 quarto,
1085 4645 1216 4715 quid
1256 4644 1526 4716 signiﬁcat
1565 4644 1797 4700 traditus

215 4737 523 4809 angelorum
553 4751 836 4793 numerus.
882 4736 1103 4792 Decimo
1130 4736 1344 4805 quinto,
1370 4749 1491 4805 qua;
1522 4740 1652 4788 sunt
1684 4733 1797 4789 for-

218 4828 380 4883 mles
425 4826 802 4898 angelicarnm
844 4826 1110 4881 virtutum
1149 4825 1417 4898 imagines
1452 4831 1510 4880 et
1543 4824 1787 4891 ordines,

217 4922 366 4991 quid.
390 4923 540 4991 quod
583 4922 804 4991 igneum
831 4928 934 4977 est.
979 4921 1049 4976 Et
1071 4920 1200 4991 quid
1236 4928 1339 4986 est,
1370 4920 1515 4989 quod
1558 4919 1795 4975 humana

218 5011 394 5080 specie
435 5011 620 5082 angeli
669 5011 971 5082 apparent?
1004 5011 1096 5081 qui
1147 5019 1274 5066 sunt
1327 5010 1402 5064 illi
1448 5010 1631 5066 oculi?
1674 5025 1796 5081 quae

221 5099 321 5155 illa
349 5101 547 5155 nares?
572 5116 697 5171 qua
733 5109 863 5157 sunt
907 5100 1014 5157 illa:
1037 5100 1233 5156 aures?
1261 5115 1382 5169 qua:
1426 5100 1519 5154 illa
1558 5115 1678 5164 ora,
1704 5101 1797 5170 qui

220 5199 344 5245 sunt
378 5190 459 5246 illi
485 5191 700 5247 tactus?
726 5207 849 5261 qua:
884 5199 1016 5247 sunt
1049 5190 1154 5246 illa:
1190 5191 1495 5261 palpebrae?
1522 5204 1645 5260 qum
1672 5200 1801 5245 sunt

221 5282 305 5337 illa
324 5284 654 5355 supercilia?
672 5283 799 5355 quis
820 5282 914 5340 ille
936 5284 1182 5338 auditus?
1203 5283 1297 5353 qui
1322 5292 1449 5339 sunt
1472 5282 1548 5337 illi
1574 5282 1798 5336 dentes?
1834 5282 1839 5287 ’

216 5375 309 5444 qui
334 5384 467 5431 sunt
504 5375 581 5430 illi
618 5376 876 5432 humeri?
904 5390 1030 5444 qua:
1066 5382 1196 5430 sunt
1222 5374 1311 5429 illa
1348 5372 1569 5430 brachia
1605 5381 1663 5430 et
1686 5388 1803 5428 ma-

215 5467 352 5521 nus?
393 5468 539 5537 quod
584 5466 719 5523 illud
757 5467 862 5522 os?
906 5481 1030 5536 quae
1066 5473 1194 5521 sunt
1238 5465 1330 5519 illa
1376 5466 1639 5536 pectora?
1680 5479 1804 5534 quae

213 5566 342 5612 sunt
374 5558 469 5613 illa
504 5558 707 5615 dorsa?
748 5558 845 5627 qui
873 5565 1002 5613 sunt
1042 5555 1121 5610 illi
1145 5555 1346 5625 pedes?
1372 5570 1493 5626 qua:
1527 5563 1658 5610 sunt
1696 5552 1805 5609 illa;

214 5647 349 5704 alt?
368 5664 495 5720 qua:
515 5660 603 5708 est
622 5650 721 5707 illa
745 5647 1000 5705 auditas?
1026 5646 1151 5717 quis
1170 5654 1259 5702 est
1285 5644 1374 5701 ille
1398 5646 1660 5702 vestitus?
1682 5660 1806 5716 quae

213 5749 301 5794 est
325 5739 419 5795 illa
444 5740 892 5815 splendidissima
920 5737 1117 5795 vestis?
1150 5736 1273 5807 quis
1304 5734 1393 5792 ille
1418 5734 1806 5792 sacerdotalis?

1904 1902 2145 1957 tbeerias
2170 1902 2520 1971 subjungens.
2554 1902 2618 1955 In
2643 1903 2840 1970 quibus
2866 1904 3107 1958 ostendit
3135 1911 3330 1958 cuncta
3366 1919 3496 1974 qua:

1901 1991 1957 2045 in
1983 1989 2377 2044 ecclesiasticis
2415 1999 2472 2045 et
2499 1992 2888 2046 sacratissimis
2931 1994 3316 2063 mysteriorum
3360 2006 3493 2048 con-

1900 2079 2301 2135 secrationibns
2347 2079 2512 2144 llum,
2571 2081 2815 2151 angelico
2855 2083 3160 2138 ministerio
3196 2085 3491 2140 secundum

1900 2169 2337 2225 convenientiam
2368 2169 2795 2239 uniuscujusque
2820 2170 3053 2236 ordinis,
3080 2186 3187 2227 una
3221 2186 3346 2228 cum
3386 2175 3495 2228 mi-

1900 2258 2089 2314 nistris
2112 2259 2288 2314 sancti
2330 2259 2544 2325 altaris,
2573 2266 2624 2312 et
2653 2261 2925 2330 praecipue
2971 2262 3277 2328 bierarcha,
3310 2263 3363 2317 id
3409 2256 3497 2318 est

1899 2350 2201 2415 sacerdote,
2236 2348 2327 2419 qui
2354 2360 2496 2403 unus
2542 2349 2610 2403 de
2652 2349 2856 2420 angelis
2895 2351 3190 2406 secundum
3235 2350 3319 2406 fas
3373 2349 3493 2406 elli—

1898 2443 2041 2497 citnr
2068 2440 2286 2496 ctelitns
2313 2441 2528 2510 operari
2558 2457 2572 2495 :
2604 2442 2843 2497 maxime
2888 2442 2943 2495 in
2986 2442 3295 2497 ministerio
3346 2442 3491 2497 sacri

1898 2530 2152 2587 sacriﬁcii
2188 2530 2484 2586 ﬂaminica:
2521 2528 2815 2601 passionis,
2846 2531 3181 2586 sanctissimi
3209 2532 3493 2602 principa-

1898 2630 1984 2676 tua
2019 2620 2228 2676 militia:
2269 2620 2532 2686 emlestis,
2583 2635 2710 2675 cum
2747 2621 3098 2676 consortibus
3142 2622 3255 2678 suis
3284 2622 3341 2677 in
3366 2638 3493 2693 pro-

1894 2710 2017 2780 prio
2042 2710 2234 2765 ordine
2261 2717 2318 2763 et
2360 2708 2539 2765 laudis
2560 2708 2739 2766 ofﬁcio
2769 2724 2989 2780 semper
3025 2712 3319 2777 assistunt,
3346 2720 3404 2767 et
3432 2712 3491 2768 in

1895 2798 2305 2855 consecratione
2347 2799 2705 2854 sacratissimi
2743 2800 3077 2865 chrismatis,
3117 2816 3239 2870 quae
3275 2800 3491 2855 unilor-t

1894 2895 2007 2950 mis
2023 2901 2079 2950 et
2100 2894 2327 2948 uniordo
2345 2902 2430 2949 est
2448 2894 2707 2965 symbolis
2732 2897 3089 2951 sanctissimae
3111 2896 3457 2952 eucharistia:
3472 2912 3493 2951 τ

1895 2987 2108 3057 in'qua
2155 2988 2411 3046 videlicet
2464 2988 2781 3045 chrismatis
2836 2990 3178 3058 initiatione,
3239 2992 3489 3047 ordinem

1895 3082 2193 3151 seraphirn,
2222 3083 2516 3154 benignum
2540 3081 2750 3150 Iesum,
2775 3085 2869 3153 qui
2894 3085 2948 3138 in
2972 3085 3227 3141 omnibus
3256 3086 3491 3141 sanctis-

1894 3175 2066 3229 simus
2109 3174 2418 3230 sanctificat
2459 3176 2699 3246 scipsum
2754 3192 2855 3247 pro
2895 3178 3073 3243 nobis,
3112 3186 3168 3232 et
3200 3178 3348 3232 omni
3390 3193 3490 3233 nos

1895 3262 2326 3323 sanctificatione
2372 3267 2545 3337 replet
2593 3268 2649 3322 in
2701 3268 2820 3338 ipso
2869 3268 3161 3337 perfectos,
3206 3277 3368 3338 atque
3415 3284 3487 3325 ex

1892 3355 2006 3411 Deo
2035 3366 2195 3412 natos
2222 3357 2611 3423 circumstare,
2669 3365 2725 3412 et
2764 3358 3081 3413 multilauda
3126 3357 3217 3413 illa
3259 3359 3490 3429 hymno-

1893 3446 2051 3518 logia,
2082 3460 2246 3517 quam
2274 3450 2540 3520 propheta
2582 3449 2856 3520 seraphim
2897 3464 2956 3506 se
2992 3450 3212 3505 audisse
3246 3450 3490 3506 clamare
3532 3472 3536 3476 Α

1893 3537 2176 3603 describit,
2214 3537 2466 3596 eumdem
2496 3540 2786 3595 Dominum
2834 3550 3083 3598 nostrum
3111 3541 3297 3598 Jesum
3328 3540 3487 3598 Chri-

1893 3635 2039 3682 stum
2086 3628 2499 3700 intelligihiliter
2541 3629 2766 3686 laudare
2831 3631 3262 3702 obsequentihus
3319 3630 3487 3686 etiam

1893 3720 2106 3775 ueteris
2152 3720 2467 3792 angelorum
2512 3722 2718 3789 choris,
2763 3730 2822 3778 et
2862 3708 3189 3779 sensualiter
3252 3722 3481 3778 Alleluia

1893 3814 2338 3879 concinentibus,
2385 3814 2591 3884 liquido
2635 3815 2951 3871 manifestat
2985 3834 2999 3871 :
3035 3814 3190 3883 cujus
3230 3816 3352 3870 libri
3403 3821 3488 3869 est

1894 3904 2068 3976 prima
2108 3904 2214 3960 ista
2240 3905 2579 3974 capitulatio,
2611 3922 2733 3977 quae
2763 3914 2847 3962 est
2890 3905 3250 3963 ecclesiastici
3281 3905 3489 3974 princi-

1894 4006 2052 4068 patus
2090 3996 2335 4064 traditio,
2368 4007 2425 4052 et
2459 4013 2579 4067 quae
2613 4008 2698 4053 est
2730 3998 2849 4066 ejus
2890 4000 3208 4069 speculatio.
3257 3997 3335 4052 De
3376 3998 3483 4064 his,

1895 4104 2017 4158 quae
2058 4090 2115 4143 in
2162 4089 2507 4158 baptismatis
2554 4088 2954 4145 illuminatione
2989 4090 3370 4160 perﬁciuntur.
3408 4089 3488 4143 De

1896 4180 2002 4245 his,
2040 4194 2162 4249 quae
2196 4180 2251 4233 in
2290 4177 2576 4234 collatione
2606 4179 2954 4235 eucharistitc
2996 4178 3372 4251 perﬁciuntur.
3405 4179 3485 4234 De

1896 4272 1982 4328 his
2008 4286 2128 4343 qum
2162 4272 2217 4326 in
2256 4271 2548 4328 chrismate
2598 4270 2975 4342 perﬁciuntur,
3023 4281 3079 4327 et
3118 4273 3169 4326 in
3198 4272 3317 4343 ipso
3355 4284 3487 4326 con-

1896 4371 2200 4419 secrantur.
2229 4363 2304 4418 De
2333 4362 2759 4445 sacegdptaljiiu_s
2784 4361 3234 4445 perfectionibus.
3260 4363 3337 4417 De
3362 4376 3488 4431 per-

1898 4453 2053 4512 fectis
2081 4455 2383 4519 ordinibus,
2420 4436 3049 4538 ἰιξέεξνᾷιξοξιθῴἆμῂᾕε
3071 4450 3495 4538 ﬁ'gzecglggrg-g

1896 4546 2262 4601 nuntiantium
2299 4545 2614 4618 etiam'post
2625 4529 3007 4619 baptismum:
3022 4529 3249 4603 ile—dlis.
3270 4529 3491 4617 ξιξ

1898 4636 2293 4692 dormientibus
2313 4635 2694 4726 perdciuqmp.
2720 4702 2737 4713 ἒ
2760 4704 2777 4715 δ

2312 4798 2845 4832 ““θδ.-ιᾷ·’ζ.ἶ“ἷ
2932 4808 2948 4821 υ

1973 4826 2217 4884 Tertium
2260 4798 2479 4898 quoque
2506 4810 2620 4899 ipsi
2642 4796 2997 4900 'ciirisdripsit
3040 4797 3392 4884 ισαῆιῖινᾶέξ
3408 4793 3523 4883 αἰτοῖ
3632 4810 3641 4813 ’

1902 4921 2044 4976 vinis
2088 4922 2420 4987 nominibus,
2471 4937 2632 4991 quem
2684 4931 2739 4976 et
2796 4921 3029 4992 appellat
3080 4922 3146 4976 de
3192 4917 3489 4993 symbolice

1899 5011 2167 5082 theologia
2195 5052 2209 5077 ,
2264 5012 2593 5065 examussim
2643 5020 2698 5065 ct
2757 5011 3089 5077 orthodoxe,
3134 5019 3194 5064 ut
3245 5006 3480 5069 sufﬁcit,

1899 5101 1955 5155 in
1994 5115 2060 5155 eo
2104 5100 2382 5170 disputans
2432 5117 2445 5153 ε
2495 5100 2671 5169 primo
2726 5101 3001 5172 capitulo,
3047 5116 3168 5170 qua:
3210 5109 3293 5156 est
3335 5095 3486 5151 verbi

1902 5191 2231 5260 speculatio,
2276 5199 2330 5245 et
2371 5206 2493 5260 quae
2528 5199 2613 5245 est
2668 5191 2735 5247 de
2784 5192 2980 5247 divinis
3025 5190 3333 5246 nominibus
3376 5195 3490 5240 tra-

1903 5281 2054 5336 ditio.
2104 5279 2182 5334 De
2228 5278 2527 5334 coadunata
2575 5288 2631 5334 et
2674 5281 2911 5337 discreta
2954 5278 3221 5348 theologia
3266 5285 3321 5330 et
3369 5292 3490 5347 qum

1906 5378 1989 5426 est
2025 5369 2202 5425 divina
2241 5369 2586 5436 coadunatio,
2633 5380 2687 5426 et
2712 5371 2892 5427 divina
2928 5370 3200 5431 discretio,
3242 5383 3361 5437 qua:
3407 5377 3493 5422 est

1907 5458 2166 5515 orationis
2201 5459 2396 5525 virtus,
2448 5469 2503 5514 et
2544 5461 2611 5516 de
2639 5461 2799 5517 beato
2826 5461 3138 5522 llierothco,
3166 5465 3221 5513 et
3250 5457 3316 5513 de
3339 5473 3499 5513 revc.

1908 5553 2081 5607 rentia
2127 5560 2181 5607 ct
2224 5554 2623 5625 conscriptione
2654 5554 2951 5625 theologica
2985 5569 2997 5605 :
3031 5551 3085 5629 in
3114 5566 3221 5623 quo
3254 5549 3497 5606 ostendit

1913 5658 1972 5699 se
2015 5642 2156 5713 apud
2185 5652 2428 5700 sanctam
2469 5644 2744 5699 civitatem
2774 5658 2941 5714 penes
2968 5642 3311 5714 sepulchrum
3338 5639 3505 5704 Jcsu,.

1914 5734 2039 5790 vitae
2075 5734 2361 5807 principis,
2409 5750 2440 5791 a
2484 5733 2690 5791 Jacobo
2726 5733 2896 5791 fratre
2936 5732 3179 5802 Domini,
3223 5742 3281 5789 ct
3325 5729 3505 5790 Petro

2474 4720 2489 4731 ό
2564 4702 2683 4728 “⁷“’,
2720 4702 2917 4726 σδῠνθυ
2973 4714 2992 4727 ,ο

2519 4722 2849 4742 _"-I_d._.u.‘__-.n
3092 4722 3172 4742 μ’-
3222 4726 3255 4742 νο

2312 4726 2564 4765 ‘ve..-
2668 4726 2679 4728 ἡ
2908 4726 2987 4764 eo,
3091 4726 3396 4760 ¹⁹’⁶’⁸⁴*”“’
3470 4740 3490 4757 ⁸

2309 4763 2438 4801 εξ).
2920 4775 2961 4795 aa
3088 4763 3134 4801 ’θυ
3194 4770 3213 4787 ⁸
3425 4756 3523 4801 υθέ,
3568 4760 3695 4801 ‘d‘:

2378 4769 2394 4788 ³
2421 4769 2438 4788 ⁵
2494 4768 2735 4795 Nm”!
2757 4768 2867 4793 ’Λίο
2920 4775 2961 4795 aa
3088 4768 3134 4795 ν..
3194 4770 3213 4787 ο
3313 4768 3331 4780 ’
3374 4768 3392 4783 "

2347 4798 2437 4818 “4
2506 4810 2523 4822 δ
2592 4796 2845 4822 Δ,ἷ-ι“¹⁹··¹
