4064 6190
481 331 544 387 51
1810 328 1970 382 νιΤΑ
2013 327 2065 383 S.

2165 327 2264 384 [ΟΝ
2278 331 2310 385 Υ
2324 330 2404 384 Sll
3682 338 3754 392 52

485 445 854 518 apostolorum
875 444 1154 515 principe;
1193 457 1295 498 nec
1317 457 1423 497 non
1451 451 1508 497 et
1537 457 1567 496 a
1599 441 1877 512 Theologo
1905 440 2068 498 Joan-
2093 445 2142 503 Α
2173 443 2420 498 limatum
2442 444 2545 500 sibi
2569 461 2602 499 a
2627 446 2788 502 beato
2813 448 3192 505 Bartholomeo
3222 454 3490 522 apostolo,
3522 453 3756 522 qualiter

487 553 557 592 ne
586 551 695 591 una
732 550 854 591 cum
886 533 1110 604 pratfato
1129 532 1449 596 Hicrotheo,
1479 539 1536 585 et
1563 539 1752 586 sancto
1779 530 2067 585 Timotheo

488 627 717 696 aliisque
775 639 936 694 quam
1001 621 1250 692 plurimis
1290 620 1495 675 sanctis
1539 619 1804 674 fratribus
1851 618 2067 673 audisse

487 715 930 786 disputationem,
975 721 1030 766 et
1065 711 1188 766 fidei
1218 716 1642 773 sacramentum,
1685 707 1956 777 quomodo
1999 707 2067 762 ab

487 808 738 861 omnibus
763 804 1048 860 tenebatur
1072 801 1359 872 theologis,
1391 800 1458 855 de
1489 799 1770 855 divinitate
1797 807 1853 852 et
1873 798 2066 852 huma-

490 900 660 954 nitate
694 897 904 952 Domini
937 895 1236 951 Salvatoris
1265 912 1278 947 :
1303 891 1398 948 sed
1422 900 1478 946 et
1497 907 1561 946 ex
1591 889 2066 959 consequentibus,

488 1001 776 1056 suppresso
807 985 1047 1048 nomine,
1086 983 1306 1037 beatum
1333 980 1559 1034 Paulum
1607 979 1692 1032 bis
1734 976 2066 1042 interfuisse,

487 1075 841 1130 demonstrat.
871 1073 947 1127 De
976 1073 1228 1142 benigno,
1263 1069 1329 1125 de
1361 1070 1503 1135 luce,
1527 1069 1595 1123 de
1619 1069 1763 1124 bono
1781 1078 1836 1122 et
1858 1067 2067 1136 cupidi-

489 1174 628 1230 tate;
676 1173 731 1217 et
780 1164 1000 1227 ecstasi,
1052 1170 1108 1217 et
1152 1161 1218 1215 de
1269 1160 1405 1226 zelo,
1452 1169 1508 1213 et
1552 1160 1680 1229 quia
1733 1159 1934 1213 malum
1971 1173 2070 1214 nec

487 1264 590 1320 est,
626 1269 727 1309 nec
749 1255 815 1308 de
837 1255 1126 1316 existente,
1171 1267 1348 1322 neque
1392 1252 1446 1306 in
1491 1251 1854 1306 existentibus
1877 1260 1981 1306 est.
2009 1250 2068 1305 In

487 1359 596 1413 quo
623 1343 858 1413 capitulo
891 1343 1032 1398 Leati
1062 1343 1254 1412 lgnatii
1298 1341 1670 1411 cupiditatem,
1710 1341 1872 1396 etiam
1901 1342 1956 1395 in
1976 1341 2068 1396 bo-

487 1452 557 1492 no
583 1437 760 1506 accipi
790 1436 990 1491 debere
1023 1451 1315 1498 asserens,.
1353 1450 1475 1488 cum
1508 1435 1870 1488 venerationis
1914 1434 2070 1488 laude

486 1535 898 1590 commemorat,
944 1526 1237 1581 scribentis
1267 1527 1320 1579 in
1366 1524 1599 1594 quodam
1648 1525 1768 1579 loco
1807 1525 1886 1578 sic
1916 1540 2068 1578 :mea

485 1617 764 1686 cupiditas,
788 1617 982 1686 inquit,
1005 1617 1258 1686 cruciﬁxa
1277 1627 1351 1670 est
1376 1629 1426 1680 ε,
1456 1616 1741 1670 Dominum
1767 1615 1950 1670 Jesum
1975 1631 2069 1670 vo-

487 1707 604 1762 lens
630 1708 873 1778 intelligi.
903 1708 1008 1764 Sed
1043 1717 1098 1762 et
1128 1708 1363 1778 capitula
1403 1707 1759 1777 suprascripti
1787 1707 2066 1762 Hierothei

486 1805 676 1850 contra
717 1798 1065 1866 philosophos
1089 1813 1195 1851 non
1222 1813 1393 1866 pauca
1425 1797 1724 1852 interserit.
1776 1797 1836 1851 In
1872 1798 2069 1866 quibus
2096 1797 2142 1855 B

486 1885 562 1938 ita
605 1901 702 1954 per
750 1887 1062 1956 strOphatos
1089 1886 1436 1956 syllogismos
1481 1887 1548 1940 de
1586 1885 1730 1946 malo
1767 1886 2068 1956 disputans,

485 1978 815 2048 constringit
853 1993 967 2044 eos,
1009 1987 1069 2032 ut
1107 1980 1161 2033 in
1205 1989 1459 2034 neutram
1497 1987 1709 2048 partem
1759 1978 2069 2044 deflectere,

487 2083 662 2138 neque
691 2077 816 2138 post
843 2076 1053 2140 tergum
1097 2070 1335 2140 regredi,
1381 2068 1476 2124 sed
1516 2077 1574 2124 et
1601 2082 1701 2123 nec
1726 2068 1835 2124 alio
1864 2069 2072 2138 seipsos

483 2160 696 2228 possint
739 2159 995 2230 dirigere,
1024 2160 1128 2214 nisi
1155 2174 1264 2229 quo
1299 2161 1414 2229 ipse
1448 2174 1543 2215 eos
1575 2159 1721 2228 cogit
1749 2159 2066 2228 impingere.

482 2249 560 2305 De
601 2262 705 2315 est,
755 2259 810 2305 et
836 2252 903 2305 de
949 2251 1304 2320 paradigmis.
1356 2251 1412 2304 ln
1461 2266 1569 2320 quo
1595 2265 1815 2305 sensum
1864 2250 2068 2321 Clymis

483 2339 786 2410 philosophi
807 2349 967 2394 acute
991 2339 1285 2410 redarguit.
1315 2341 1392 2394 De
1417 2342 1549 2405 vita,
1581 2348 1638 2395 et
1662 2340 1719 2394 in
1748 2341 1852 2396 hoc
1879 2355 2066 2396 amen-

483 2431 616 2486 tiam
645 2430 841 2486 refellit
866 2431 1002 2501 Magi
1033 2431 1288 2492 Simonis.
1322 2439 1377 2486 et
1404 2432 1775 2488 contentiosos
1810 2431 1927 2501 ejus
1954 2448 2068 2489 ser-

483 2537 672 2578 mones
697 2538 728 2578 a
749 2523 932 2578 divino
953 2523 1121 2578 choro
1143 2524 1377 2594 repellit.
1405 2523 1480 2577 De
1505 2524 1794 2593 sapientia,
1817 2524 1883 2580 de
1912 2540 2067 2580 men-

487 2623 561 2679 te,
610 2615 678 2670 de
725 2616 914 2680 verbo,
939 2615 1006 2670 de
1043 2617 1297 2681 veritate,
1335 2617 1402 2672 de
1447 2617 1570 2672 ﬁde.
1625 2618 1702 2674 De
1733 2619 1956 2686 virtute,
2000 2620 2069 2675 de

481 2703 724 2775 iustitia,
787 2707 856 2762 de
891 2707 1100 2773 salute,
1155 2709 1222 2763 de
1260 2708 1670 2778 redemptione,
1719 2718 1775 2764 et
1817 2711 1883 2766 de
1939 2711 2070 2766 ina:—

484 2796 746 2864 qualitate
799 2815 814 2852 :
864 2797 956 2852 ubi
1012 2797 1255 2869 Elymam
1302 2799 1512 2870 Magum
1575 2798 1714 2871 (Act.
1779 2801 1898 2872 xm)
1970 2817 2069 2856 an-

483 2885 634 2953 cipiti
690 2885 868 2956 gladio
927 2887 1164 2956 percutit
1224 2888 1491 2942 dicentem
1532 2907 1544 2941 :
1593 2887 1652 2943 Si
1723 2891 2068 2961 omnipotens

481 2985 568 3030 est
594 2976 756 3041 Deus,
794 2978 1064 3046 quomodo
1091 2978 1291 3033 dicitur
1317 2980 1446 3050 quid
1473 2995 1581 3034 non
1605 2983 1805 3050 posse?
1837 2982 1905 3036 Et
1924 2981 2066 3036 Pau-

480 3065 592 3120 lum
628 3067 1049 3122 calumniantem
1089 3069 1421 3140 syllogistico
1446 3072 1655 3140 spiculo
1704 3072 1966 3138 terebrat,
2012 3081 2069 3128 et

481 3169 578 3210 cur
619 3157 1010 3226 cerebrumque
1068 3157 1208 3227 ejus,
1254 3159 1308 3214 id
1335 3168 1436 3224 est,
1467 3161 1802 3216 intellectum
1845 3169 1900 3217 et
1942 3178 2066 3218 sen-
2093 3166 2136 3228 C

481 3261 600 3301 sum
624 3245 858 3316 perfodit
878 3256 1042 3317 atque
1062 3250 1400 3305 comminuit.
1428 3251 1502 3307 De
1531 3267 1728 3322 magno
1749 3262 1803 3308 et
1826 3255 2062 3320 minore,

479 3343 536 3388 et
563 3334 628 3389 de
654 3335 905 3406 idipsum,
945 3346 1000 3392 et
1029 3338 1096 3392 de
1123 3337 1315 3405 altero,
1347 3349 1402 3394 et
1423 3339 1492 3395 de
1538 3341 1702 3396 simili
1730 3349 1786 3397 et
1815 3342 2062 3409 insimili,

485 3426 553 3480 de
583 3435 750 3493 statu,
785 3427 854 3482 de
885 3437 1055 3494 motu,
1108 3437 1163 3484 et
1190 3429 1501 3500 aequalitate
1531 3449 1544 3484 :
1577 3431 1643 3486 de
1667 3432 2062 3501 omnipotente,

480 3516 548 3571 de
587 3517 810 3588 antiquo
841 3518 1072 3586 dierum,
1115 3528 1172 3575 et
1213 3521 1281 3576 de
1301 3521 1520 3587 saeculo,
1569 3531 1626 3576 et
1669 3529 1910 3591 tempore
1953 3524 2064 3579 :de

479 3621 633 3676 pace,
683 3615 738 3661 et
765 3609 896 3677 quid
938 3609 1052 3664 vult
1096 3611 1295 3679 ipsum,
1345 3613 1488 3682 quod
1533 3613 1711 3682 ipsum
1741 3614 1962 3680 dicitur,
2010 3621 2066 3668 et

481 3712 603 3766 qua:
656 3707 744 3754 est
794 3700 909 3770 ipsa
964 3702 1075 3757 vita
1129 3711 1186 3757 et
1245 3703 1362 3774 ipsa
1425 3704 1632 3769 virtus,
1686 3714 1741 3760 et
1789 3720 1910 3775 qua;
1986 3705 2066 3762 sic

483 3789 738 3844 dicuntur
783 3809 796 3844 :
842 3791 918 3846 De
978 3801 1166 3848 sancto
1235 3802 1549 3849 sanctorum
1577 3835 1591 3858 ,
1654 3793 1802 3864 Rege
1850 3808 2061 3863 regum,

484 3876 714 3934 Domino
737 3879 1100 3936 dominorum.
1152 3881 1228 3938 De
1256 3881 1368 3938 Deo
1396 3883 1618 3938 deorum
1653 3901 1666 3937 :
1695 3882 1772 3938 De
1801 3883 2062 3952 perfecto.

482 3977 541 4024 et
563 3985 692 4026 uno.

1085 4063 1312 4120 CAPUT
1351 4063 1464 4118 XII.

552 4151 800 4222 Epitoma
845 4155 974 4224 quin
1017 4156 1181 4211 etiam
1222 4157 1398 4211 eidem
1436 4156 1722 4211 Timotheo
1759 4155 2064 4226 composuit

481 4243 837 4311 capitulatim,
889 4246 955 4300 de
1004 4248 1230 4317 mystica
1258 4247 1554 4318 Theologia
1589 4263 1686 4316 per
1725 4247 2060 4316 cataphasin,

481 4332 538 4386 id
570 4342 654 4387 est
695 4333 1108 4390 allirmatiouem
1129 4378 1144 4402 ,
1169 4346 1223 4391 et
1244 4353 1342 4406 per
1369 4338 1665 4407 apOphasin
1684 4378 1699 4401 ,
1725 4338 1777 4391 id
1798 4345 1883 4391 est
1902 4354 2065 4408 nega-

404 4483 420 4494 ,
483 4422 707 4510 liquam,
732 4413 1518 4510 atgque;l:_ygoth§:§éq§_,il§
1534 4437 1637 4491 est,
1667 4428 2060 4485 eonditionales

370 4498 1421 4600 ’ἐθηάὼἢῖ
1446 4507 1520 4572 et:
1557 4517 1949 4588 intelligibilia,
1999 4529 2055 4574 et
2080 4517 2132 4576 D

455 4591 851 4670 'qtim'in'terra
881 4615 1024 4672 sunt,
1056 4617 1109 4660 et
1138 4624 1257 4676 qum
1292 4609 1345 4660 in
1376 4608 1728 4683 cmlq,_sqtt.5u
1771 4615 2052 4665 transcen-

469 4691 670 4778 μίξῃς,ζ
686 4704 940 4778 ae._pmyt
1617 4672 1793 4775 .a'ftque
1821 4699 2050 4768 licitum,

286 4761 290 4764 ἡ
702 4759 794 4865 ειέῦ
816 4760 984 4862 ipsius
1020 4759 1343 4847 ’δίνίίιίἰξῇέ
1707 4759 2047 4859 ’ρεηθιωηεί

477 4851 816 4940 Quapropter
837 4851 890 4927 1a
917 4874 1228 4930 Graecorum
1252 4878 1582 4945 sapientibus
1611 4894 1678 4933 ex
1711 4888 1838 4934 tunc
1877 4892 1932 4936 et
1953 4883 2050 4937 ho-

478 4957 670 5027 dieque
705 4959 986 5031 Dionysius
1012 4967 1279 5041 πτερύγιον
1305 4973 1399 5022 τοῦ
1429 4969 1659 5044 οὐρανοῦ,
1711 4972 1855 5040 quod
1904 4971 2051 5027 Latio

477 5065 578 5104 nus
612 5065 790 5106 sermo
830 5054 1082 5123 explicat,
1129 5057 1212 5110 ala
1261 5059 1410 5125 coeli,
1447 5070 1709 5128 vocatur;
1767 5064 1892 5134 quia
1921 5065 2049 5122 illuc

475 5141 706 5208 spiritali
745 5144 1096 5216 intelligentia
1138 5157 1193 5203 et
1220 5153 1676 5220 reverentissime
1700 5157 2048 5213 revelationis

475 5234 648 5298 gratia
677 5237 915 5303 evolans,
955 5255 1062 5295 non
1091 5242 1261 5296 solum
1291 5244 1376 5297 illa
1413 5246 1726 5304 multimoda
1751 5259 1806 5304 et
1833 5253 2047 5322 magni-

480 5319 576 5375 fica
612 5333 668 5378 et
695 5329 950 5397 mysteria
983 5346 1045 5386 ac
1071 5327 1366 5388 ministeria
1392 5345 1703 5393 sanctorum
1733 5319 2043 5410 spirituum,

475 5428 662 5468 verum
689 5424 744 5470 et
768 5421 1106 5491 sempiternae
1135 5423 1360 5480 Deitatis
1411 5441 1661 5496 saporem
1694 5431 1878 5500 palato
1928 5448 2048 5488 cor-

476 5503 560 5557 dis
583 5504 893 5577 degustans,
917 5513 1119 5579 didicit,
1148 5515 1288 5571 unde
1315 5517 1428 5574 hmo
1459 5521 1705 5576 humanae
1729 5526 1934 5581 notitiae
1960 5527 2048 5582 lit-

479 5595 609 5648 teris
629 5602 911 5657 eructavit.
938 5604 996 5660 In
1027 5606 1181 5677 cujus
1202 5608 1324 5662 libri
1346 5611 1580 5682 capitulo
1606 5614 1782 5682 primo
1807 5618 1938 5674 dicit
1964 5620 2044 5675 in-

612 5711 714 5768 Alii
743 5725 980 5784 vertunt,
1001 5737 1146 5777 meus
1175 5741 1326 5780 amor
1355 5727 1640 5796 cruciﬁxus
1663 5741 1758 5784 est.

2171 536 2516 608 theologiam,
2548 548 2903 610 sanctumque
2922 543 3275 614 Evangelium
3313 546 3562 600 debuerit
3598 547 3732 601 intel

2170 627 2337 699 ligere
2366 647 2380 683 :
2411 631 2552 699 quod
2580 639 2635 686 et
2655 643 2844 703 argute
2869 635 3053 704 coepit,
3083 644 3139 690 et
3179 637 3459 703 brevibus,
3501 639 3598 694 sed
3632 656 3760 710 pro-

2170 718 2503 776 fundissimis
2543 724 2727 779 verbis
2772 725 3017 795 ejusdem
3064 728 3314 798 apostoli,
3375 729 3594 800 scriptis
3644 732 3759 786 suis

2171 824 2235 863 ea
2263 810 2581 878 inferendo,
2633 814 2896 870 deﬁnivit.
2937 817 2995 871 In
3039 819 3277 874 secundo
3309 829 3491 875 autem
3523 823 3760 892 capitulo

2173 901 2396 955 tradidit
2441 905 2711 972 quomodo
2764 916 3014 976 oporteat
3061 909 3380 975 coadunari,
3437 920 3493 964 et
3529 912 3759 983 hymnos

2171 1005 2436 1060 reponere
2462 995 2704 1049 omnium
2752 1013 2929 1052 causa:
2960 1007 3014 1052 et
3055 1014 3221 1069 super
3250 1002 3452 1056 omnia.
3500 1003 3558 1056 In
3598 1005 3762 1059 tertio

2170 1097 2320 1147 vero,
2349 1100 2468 1154 qua:
2499 1097 2624 1141 sunt
2643 1087 3024 1159 kataphaticzc,
3052 1091 3104 1144 id
3126 1099 3228 1165 est,
3256 1091 3588 1148 allirmativae
3615 1095 3764 1149 theo-

2171 1172 2345 1245 logiae,
2379 1185 2434 1230 et
2467 1193 2589 1246 quae
2639 1189 2763 1234 sunt
2811 1182 3169 1250 apopbaticaz,
3217 1183 3268 1235 id
3321 1191 3427 1249 est,
3472 1185 3756 1254 negativae.

2171 1263 2227 1319 In
2255 1275 2472 1335 quarto,
2511 1270 2637 1338 quia
2691 1270 2826 1324 nihil
2865 1279 2948 1324 est
2997 1272 3359 1337 sensibilium,
3407 1275 3551 1342 quod
3584 1275 3761 1330 omnis

2171 1356 2446 1411 sensibilis
2503 1357 2802 1411 secundum
2875 1362 3399 1428 supereminentiam
3457 1377 3644 1417 causa.
3700 1363 3759 1417 In

2170 1444 2382 1513 quinto,
2437 1447 2564 1515 quia
2613 1448 2744 1501 nihil
2789 1457 2876 1502 est
2923 1450 3367 1520 intelligibilium,
3409 1454 3552 1521 quod
3581 1455 3760 1508 omnis

2171 1533 2522 1606 intelligibilis
2571 1539 2866 1592 secundum
2900 1541 3415 1609 supereminentiam
3437 1559 3622 1598 causa.

2761 1666 2988 1724 CAPUT
3028 1669 3164 1724 Xlll.

2243 1752 2348 1808 Sed
2376 1763 2431 1809 et
2459 1753 2593 1810 Gaio
2617 1757 2836 1828 scripsit
2865 1760 3169 1828 epistolam,
3195 1778 3293 1832 per
3323 1766 3620 1821 sententias
3650 1768 3760 1822 dis-

2173 1855 2468 1911 serentem,
2507 1849 2778 1916 quomodo
2818 1851 3050 1919 quadam
3089 1853 3391 1924 ignorantia
3449 1849 3752 1926 cognosCa-

2174 1945 2264 1990 tur
2291 1937 2454 2002 Deus,
2483 1945 2538 1992 et
2564 1941 2834 2008 quomodo
2879 1943 3027 1997 visus
3056 1944 3129 1998 sit
3157 1946 3224 2000 ab
3257 1946 3359 2010 his,
3406 1949 3501 2018 qui
3528 1964 3652 2003 eum
3681 1950 3762 2004 vi-

2172 2029 2317 2084 disse
2339 2029 2593 2100 leguntur
2623 2051 2635 2086 :
2668 2040 2722 2086 et
2745 2035 2889 2104 quod
2917 2036 3244 2107 benignifico
3275 2047 3330 2094 et
3351 2039 3544 2097 deiﬁco
3570 2057 3762 2097 mune~

2177 2138 2236 2178 re
2272 2123 2452 2193 aliquo
2479 2126 2638 2180 modo
2666 2127 3018 2198 intelligatur,
3041 2139 3096 2186 et
3115 2132 3260 2200 quod
3290 2149 3397 2188 non
3423 2133 3597 2188 solum
3621 2135 3760 2190 divi-

2175 2211 2384 2277 nitatis,
2437 2215 2532 2269 sed
2581 2223 2636 2269 et
2665 2216 3024 2273 humanitatis
3060 2219 3260 2277 Christi
3294 2223 3678 2292 ministerium,
3706 2235 3760 2280 et

2177 2301 2324 2356 dictu
2375 2317 2632 2358 arcanum
2688 2317 2928 2374 maneat,
2980 2319 3034 2364 et
3069 2311 3343 2368 intellectu
3390 2313 3762 2381 ignotumzct

2175 2395 2444 2462 quomodo
2472 2394 2648 2463 Jesus,
2682 2398 2773 2467 qui
2804 2408 2887 2453 est
2920 2415 3084 2471 super
3111 2403 3314 2469 omnia,
3349 2405 3658 2461 hominibus
3675 2419 3759 2464 est

2173 2485 2605 2540 substantialiter
2637 2489 2983 2554 constitutus,
3011 2501 3062 2546 et
3090 2493 3232 2561 quod
3257 2494 3555 2549 secundum
3583 2495 3759 2553 homi-

2172 2589 2291 2637 nes,
2315 2576 2379 2630 de
2405 2577 2679 2631 hominum
2701 2581 3027 2648 substantia,
3050 2583 3488 2640 substantialiter
3511 2595 3594 2640 est
3621 2587 3748 2642 sub-

2170 2667 2482 2734 stantiatus,
2530 2671 2672 2725 sicut
2697 2674 2932 2727 ostendit
2958 2675 3111 2745 virgo
3140 2678 3636 2746 superexccllcnter
3660 2695 3758 2750 pa-

2170 2756 2337 2821 riens,
2359 2768 2412 2812 et
2426 2774 2564 2828 aqua
2582 2763 2869 2830 instabilis,
2895 2767 3228 2821 materialem
3244 2777 3297 2822 et
3313 2777 3622 2825 terrestrem
3637 2787 3756 2841 gra-

2167 2847 2386 2901 vitatem
2401 2851 2707 2908 sustinens:
2727 2864 2781 2909 et
2801 2857 2940 2925 quod
2967 2873 3071 2912 non
3087 2859 3256 2914 divise
3278 2862 3571 2915 secundum
3589 2861 3754 2916 Deum

2170 2947 2375 2993 tantum
2402 2942 2577 2996 divina
2603 2945 3174 3018 egithenignuslesus,
3200 2966 3372 3020 neque
3389 2951 3622 3005 humana
3639 2959 3757 3005 tan-

2169 3035 2281 3083 tum
2321 3033 2612 3088 secundum
2641 3036 2912 3091 hominem
2941 3057 2952 3092 :
2988 3040 3082 3094 sed
3110 3042 3193 3094 vir
3216 3041 3310 3096 Dei
3339 3041 3535 3108 factus,
3561 3057 3755 3098 novant

2169 3123 2456 3189 quamdam
2470 3123 2562 3180 Dei
2577 3126 2785 3182 virilem
2801 3131 3168 3200 operationem
3186 3133 3338 3188 nobis
3349 3135 3753 3204 percivilitavit.

2236 3209 2508 3270 Dorotheo
2543 3230 2757 3286 quoque
2779 3220 3030 3276 ministro
3061 3223 3260 3279 direxit
3281 3224 3510 3290 litteras,
3547 3226 3756 3282 innote-

2167 3315 2323 3355 scens
2348 3305 2489 3371 quod
2512 3303 2692 3360 divina
2715 3307 2886 3379 caligo
2908 3311 2979 3364 sit
3002 3311 3091 3366 lux
3119 3313 3534 3381 inaccessibilis,
3565 3317 3618 3371 in
3645 3333 3753 3387 qua

2169 3389 2418 3446 habitare
2442 3393 2586 3449 Deus
2629 3396 2844 3463 dicitur,
2878 3409 2934 3454 et
2969 3401 3024 3454 in
3053 3418 3156 3472 qua
3186 3405 3257 3458 sit
3293 3407 3471 3462 omnis
3510 3409 3601 3478 qui
3628 3425 3751 3464 eum

2167 3482 2308 3537 scire
2341 3491 2396 3538 et
2418 3485 2600 3542 videre
2623 3487 2817 3558 dignus
2845 3491 2898 3545 in
2924 3492 3027 3548 hoc
3055 3510 3280 3565 corpore
3305 3497 3498 3564 fuerit;
3534 3499 3754 3573 Sosipa-

2168 3581 2305 3627 trem
2335 3582 2514 3630 autem
2545 3580 2886 3635 sacerdotem
2913 3584 3060 3638 brevi
3097 3586 3386 3656 diplomate
3425 3592 3654 3658 monuit,
3685 3609 3755 3650 ne

2165 3660 2306 3714 bona
2335 3676 2430 3716 sua
2463 3679 2572 3718 non
2603 3667 2944 3726 manifestata
2975 3671 3181 3740 judicet
3231 3691 3352 3734 esse
3401 3681 3670 3752 neglecta,
3697 3691 3755 3739 et

2165 3761 2225 3806 ut
2251 3764 2438 3811 careat
2461 3761 2810 3816 contentione
2829 3765 3142 3820 verborum.

2768 3896 2995 3956 CAPUT
3034 3900 3172 3958 XIV.

2235 3986 2530 4063 Polycarpo
2556 3994 2719 4051 etiam
2757 3996 3149 4070 Smyrneorum
3185 4003 3463 4074 episcopo,
3490 4007 3636 4063 beati
3667 4010 3750 4064 vi-

2165 4077 2364 4134 delicet
2407 4081 2633 4139 Joannis
2677 4089 2906 4157 apostoli
2942 4090 3224 4163 discipulo,
3275 4095 3556 4164 epistolam
3592 4099 3747 4167 quasi

2163 4171 2553 4245 apologeticam
2601 4178 2766 4242 misit.
2800 4181 3032 4239 innuens
3061 4188 3206 4255 quod
3247 4189 3556 4258 pertinaces
3607 4207 3743 4248 con-

2165 4261 2486 4320 tradictores
2530 4267 2776 4324 veritatis
2830 4273 3026 4342 saepius
3076 4278 3310 4346 correpti
3347 4278 3742 4349 aliquantulum

2161 4351 2272 4406 sint
2315 4355 2620 4413 declinandi
2664 4361 2869 4417 :simul
2917 4375 2970 4419 et
2999 4365 3215 4423 Grazcos
3259 4385 3544 4436 accusans,
3597 4377 3742 4444 quod

2162 4457 2259 4510 per
2284 4445 2602 4514 sapientiam
2631 4465 2662 4503 a
2690 4452 2799 4506 Deo
2838 4465 3136 4525 acceptam,
3189 4474 3296 4513 non
3330 4471 3518 4518 sancte
3541 4465 3742 4522 divinis

2159 4535 2212 4588 in
2243 4536 2424 4591 divina
2453 4548 2691 4607 utentes,
2729 4545 2968 4601 divinum
3019 4548 3216 4604 elicere
3264 4561 3473 4609 tentent
3508 4555 3739 4623 cultum,

2155 4635 2211 4680 et
2241 4641 2340 4696 per
2366 4631 2591 4686 multam
2617 4651 2813 4692 vanam
2844 4639 3067 4710 gloriam
3093 4653 3394 4712 poetarum,
3421 4651 3738 4706 servitutem

2156 4715 2416 4775 inducere
2452 4724 2708 4780 studeant
2747 4738 3014 4786 creatum
3045 4735 3225 4803 potius
3252 4753 3413 4808 quam
3461 4739 3733 4798 Creatori.

2160 4806 2312 4864 Unde
2338 4820 2394 4866 et
2425 4812 2800 4885 Apollophanii
2831 4824 3107 4892 scphistaa,
3137 4806 3367 4886 cultoris
3394 4832 3604 4887 scilicet
3649 4850 3738 4889 so-

2151 4903 2240 4968 lis,
2276 4905 2480 4964 faciens
2530 4914 2880 4981 mentionem,
2919 4925 2974 4970 et
3008 4927 3198 4974 sancto
3224 4919 3525 4992 Polycarpo
3551 4923 3619 4977 de
3669 4939 3737 4979 eo

2157 4998 2413 5065 suadens,
2444 5003 2548 5055 acti
2573 5003 2627 5056 in
2659 5004 2771 5060 sole
2799 5007 2898 5061 sub
2925 5007 3156 5063 Ezechia
3197 5011 3444 5065 miraculi
3483 5015 3741 5068 recorda-

2152 5097 2274 5150 tur,
2317 5092 2404 5145 cui
2435 5091 2596 5148 ﬁdem
2632 5100 3045 5155 accommodare
3095 5101 3265 5157 isdem
3307 5102 3734 5174 Apollophanius

2149 5176 2468 5236 detrectavit
2487 5199 2500 5247 ;
2526 5194 2688 5253 atque
2705 5195 2764 5241 ut
2791 5188 2838 5242 ei
2863 5205 2969 5244 non
2987 5192 3158 5260 possit
3185 5194 3422 5248 monenti
3449 5195 3730 5262 resistere,

2147 5266 2363 5324 beatum
2417 5271 2770 5345 l’olycarpum
2809 5275 3045 5346 instruit,
3092 5290 3148 5337 et
3191 5284 3542 5337 rememorari
3599 5299 3728 5339 cum

2151 5355 2542 5430 Apollophanio
2567 5365 2709 5435 petit
2731 5368 2798 5422 de
2825 5371 2980 5442 signo
3011 5373 3376 5439 tenebrarum,
3406 5375 3460 5428 in
3484 5373 3733 5432 Salvato-

2153 5451 2230 5505 ris
2261 5456 2610 5516 crucifixione
2633 5459 2797 5528 facto,
2823 5466 3245 5536 earumdemque
3267 5469 3613 5522 tenebrarum
3643 5484 3733 5524 ac-

2153 5541 2451 5600 cessionem
2473 5557 2525 5603 et
2561 5553 2921 5608 rccessionem
2962 5555 3030 5610 ab
3073 5555 3357 5611 occidente
3382 5556 3436 5610 in
3457 5557 3726 5613 orientem

2151 5631 2424 5692 exstitisse
2452 5638 2935 5708 mirabilem,sicut
2959 5642 3014 5697 in
3037 5641 3302 5714 Heliopoli
3327 5645 3546 5700 civitate
3569 5646 3722 5717 pari-
