4064 6190
269 361 343 416 55
1559 352 1599 406 Α
1610 350 1884 410 ΙῘΟΤΟῐὶΕ

1988 349 2268 416 LDL'INO.
3467 351 3535 408 54

270 480 365 525 ter
411 463 688 524 constituti
731 461 1018 517 viderunt:
1056 459 1259 516 addens
1297 467 1352 515 et
1397 461 1586 526 verba,
1639 477 1759 532 qua:
1803 461 1853 518 ei
1883 470 1928 527 Α
1957 475 2130 528 usque
2174 460 2226 513 in
2271 458 2460 513 Iliacos
2507 456 2764 530 [ltalicos]
2810 459 3090 525 terminos,
3125 467 3186 513 ut
3211 460 3535 530 putavimus,

274 569 414 615 tunc
443 571 583 626 smpe
613 555 757 608 fatus
787 550 1208 622 Apoll0phauius
1247 551 1483 604 dixerat.
1525 549 1604 604 uti
1645 549 1857 620 plenius

275 649 335 704 in
372 646 594 719 epistola
625 645 693 699 ad
723 645 897 714 ipsum
923 642 1125 696 directa
1155 640 1294 695 infra
1321 641 1640 696 docebitur:
1672 656 1854 710 quam,

273 741 350 794 ob
407 737 702 807 pleniorem
751 741 1024 803 gestarum
1067 745 1247 784 rerum
1298 730 1682 800 cognitionem,
1733 730 1860 784 huic

273 828 606 883 subnectere
674 823 1065 883 indicavimus,
1137 821 1427 875 habentem
1495 832 1554 873 se
1619 819 1676 872 in
1743 820 1860 873 haec

273 915 440 970 verba
475 929 490 968 :

355 1025 374 1056 ς
421 1003 814 1076 Apollophanio
839 1010 1092 1057 concreto
1119 1008 1173 1054 et
1196 999 1641 1069 conpbilosopho.

355 1114 376 1145 ι
421 1095 578 1149 Nunc
607 1093 674 1146 ad
713 1102 764 1147 te
795 1091 926 1145 mihi
957 1105 1138 1145 sermo
1189 1089 1462 1158 dirigitur,
1496 1088 1863 1156 prazcordialis

277 1200 459 1249 amor,
481 1184 683 1238 multos
713 1182 805 1236 tibi
833 1179 1257 1235 sollicitudinum
1279 1194 1522 1232 mearum
1549 1194 1780 1249 angores
1798 1180 1864 1234 de

281 1284 334 1328 te
357 1273 652 1343 replicans,
679 1280 838 1339 teque
855 1271 969 1323 miti
993 1276 1192 1333 mente,
1212 1283 1376 1336 super
1395 1269 1610 1323 vecordi
1625 1277 1748 1322 nota
1769 1268 1864 1323 tibi

281 1363 601 1418 frivolitatis
623 1362 828 1414 diutina
852 1359 1147 1427 pertinacia
1167 1371 1423 1427 arguens,
1446 1367 1502 1412 et
1517 1360 1583 1412 dc
1600 1368 1652 1413 te
1673 1358 1866 1412 fanati-

281 1467 346 1508 ca
367 1452 679 1506 illusionum
699 1451 1074 1520 phantasmata
1097 1448 1385 1512 insultans,
1402 1449 1866 1518 supernaturalem

283 1542 746 1598 modificationem
792 1538 1140 1608 benignitatis
1195 1538 1287 1592 Dei
1339 1538 1868 1608 magnificentissime

284 1631 771 1697 ct-diligentissime
792 1629 1085 1692 adoranda,
1103 1627 1197 1682 tibi
1220 1629 1356 1681 bene
1372 1628 1729 1696 resipiscenti,
1746 1644 1870 1698 pars

285 1724 485 1778 anima:
497 1736 652 1786 meat,
668 1719 960 1787 conjubilo,
975 1720 1186 1788 tuisque
1209 1728 1258 1773 te
1280 1719 1711 1788 despectionibus
1731 1735 1874 1774 com-

1961 552 2300 622 proferentes
2351 550 2648 605 recondere
2694 549 3035 614 Occidentis,
3074 551 3374 619 praesertim
3412 567 3538 608 cum

1960 643 2098 696 luna:
2131 642 2360 706 deesset,
2390 650 2566 694 etnec
2585 648 2881 694 conventus
2904 647 3112 709 tempus
3132 641 3534 711 propinquaret,

1960 734 2045 788 aio
2091 733 2157 786 ad
2199 740 2252 785 te
2281 732 2490 801 peritia
2536 739 2705 784 vastas
2743 731 3068 795 sacrarium,
3101 731 3277 786 adhuc
3321 734 3539 788 nescius

1962 830 2122 877 tantae
2147 823 2224 876 rei
2251 821 2567 892 mysterium
2595 838 2607 873 :
2645 819 2805 886 Quid,
2832 819 3076 888 inquam,
3111 821 3386 888 speculum
3441 821 3538 876 do-

1961 915 2150 968 ctrinae
2189 911 2567 982 Apollophani,
2624 911 2709 965 his
2757 911 2980 963 secretis
3033 910 3294 964 ascribis?
3325 911 3392 965 ad
3423 927 3543 980 quas

1963 1006 2096 1062 mihi
2127 1014 2182 1059 tu
2212 1005 2459 1074 inquiens
2477 1003 2655 1058 omine
2683 1003 2831 1067 divo,
2869 1011 2923 1057 et
2952 1018 3054 1057 non
3075 1004 3297 1058 humani
3349 1019 3542 1059 sensus

1966 1112 2219 1153 sermone
2260 1115 2272 1150 :
2321 1097 2451 1160 lsta,
2487 1111 2519 1150 ο
2546 1096 2684 1150 bone
2707 1094 2953 1164 Dionysi,
2980 1093 3286 1148 divinarum
3316 1095 3545 1149 retribu-

1966 1191 2138 1244 tiones
2183 1197 2308 1242 sunt
2356 1201 2558 1240 rerum.
2589 1185 2828 1253 Denique
2865 1193 3108 1238 notatum
3132 1182 3279 1238 ferias
3300 1185 3443 1239 diem
3492 1194 3546 1240 et

1966 1293 2165 1332 annum
2195 1275 2590 1330 annuntiationi
2617 1315 2631 1339 ,
2671 1288 2833 1343 quam
2865 1273 3066 1327 Paulus
3093 1274 3314 1328 auribus
3345 1276 3547 1330 nostris

1967 1368 2243 1437 suspensis
2273 1367 2533 1431 insonuit,
2558 1366 2727 1436 signis
2749 1364 3194 1430 acclamantibus,
3217 1369 3548 1422 concordare

1968 1465 2245 1526 expertus,
2307 1456 2429 1511 dedi
2484 1456 2698 1510 veritati
2747 1471 2960 1519 manus,
3015 1463 3070 1509 et
3122 1454 3376 1511 falsitatis
3427 1471 3545 1511 sum

1969 1549 2198 1602 nexibus
2225 1549 2503 1603 absolutus
2531 1567 2542 1600 :
2577 1563 2735 1617 quam
2770 1546 3113 1601 iuetfabiliter
3138 1543 3321 1611 ell‘ero,
3345 1547 3552 1615 tibique

1971 1638 2166 1704 infero,
2197 1655 2316 1708 quae
2344 1648 2428 1693 est
2456 1647 2510 1693 et
2532 1639 2619 1692 via
2653 1653 2716 1692 ac
2738 1639 2867 1700 vita,
2902 1646 2956 1691 et
2983 1652 3170 1691 verum
3215 1635 3396 1690 lumen
3440 1645 3550 1701 est,

1971 1729 2108 1801 quod
2146 1729 2412 1782 illuminat
2447 1743 2648 1781 omnem
2677 1728 2936 1780 hominem
2992 1726 3272 1780 venientem
3321 1727 3374 1779 in
3401 1742 3554 1780 mun-

290 1815 532 1884 pellabo,
583 1819 646 1864 ut
688 1811 781 1864 illa
830 1810 928 1864 tibi
979 1810 1172 1863 iterato
1209 1811 1604 1876 commendem,
1640 1827 1868 1880 quorum

1988 1821 2097 1874 tum
2125 1821 2303 1892 (Joan.
2335 1819 2397 1890 ι),
2427 1821 2512 1873 cui
2538 1827 2591 1870 tu
2624 1819 2858 1881 tandem,
2894 1826 2952 1870 ut
2991 1831 3120 1871 vere
3145 1817 3404 1886 prudens,
3434 1832 3553 1871 ces-

291 1903 505 1974 pridem
532 1909 941 1969 contempseras
963 1899 1256 1954 notionem.
1285 1899 1874 1970 Frequentissimequi-

292 2001 417 2053 dem
442 2005 498 2050 et
527 1995 820 2065 diligenter
858 1993 1029 2047 sacris
1077 1991 1364 2047 dilucidavi
1395 1993 1514 2058 tibi,
1541 1993 1720 2064 Moyse
1751 2010 1875 2064 pro-

293 2092 475 2153 dente,
506 2103 536 2140 a
563 2087 794 2140 Domino
824 2085 1095 2139 hominem
1123 2085 1190 2138 de
1209 2083 1337 2138 limo
1370 2083 1595 2150 factum,
1623 2096 1678 2140 et
1699 2094 1876 2141 trans-

291 2181 608 2251 gressiones
647 2177 766 2246 ejus
783 2176 1114 2247 cataclysmo
1126 2177 1318 2245 piatas.
1339 2175 1644 2245 Sequenter
1663 2192 1876 2248 quoque

293 2287 420 2326 cum
453 2272 506 2325 in
551 2268 794 2323 amicitia
852 2276 1149 2336 sumptum,
1182 2267 1456 2336 multaque
1482 2267 1536 2320 in
1558 2267 1794 2338 IEgypto
1823 2276 1878 2322 et

293 2361 630 2433 egressionis
656 2373 767 2412 suae
810 2357 1005 2412 itinere
1041 2372 1140 2426 pro
1167 2372 1252 2421 eo,
1281 2367 1334 2411 et
1360 2357 1414 2410 in
1437 2373 1503 2411 eo
1529 2357 1722 2412 fecisse
1765 2373 1881 2413 ma-

295 2454 478 2524 gnalia
502 2467 518 2505 :
544 2461 706 2520 atque
751 2450 1027 2518 theologos
1065 2448 1411 2503 multimodos
1448 2447 1711 2514 effecisse,
1746 2465 1881 2518 quo-

300 2563 422 2601 rum
454 2542 848 2615 pramosoentia
894 2541 1038 2595 Deus
1067 2541 1394 2594 humanatus
1417 2539 1532 2595 fieri
1567 2555 1634 2595 ex
1663 2541 1882 2610 Virgine

298 2645 389 2691 est
418 2637 691 2706 dignatus.
737 2631 888 2688 Unde
934 2631 1067 2684 mihi
1117 2629 1448 2700 responsalia
1486 2630 1761 2686 multoties
1801 2647 1885 2686 re-

303 2729 503 2782 misisti
527 2742 636 2780 non
657 2726 831 2780 solum
855 2735 906 2779 te
927 2725 1042 2778 haec
1068 2738 1189 2778 esse
1210 2739 1334 2778 vera
1354 2723 1594 2779 funditus
1613 2725 1884 2794 ignorare,

301 2834 494 2872 verum
529 2827 576 2872 et
605 2819 726 2886 quis
746 2817 888 2870 idem
913 2815 1122 2885 Moyses
1142 2813 1324 2880 fuerit,
1345 2817 1683 2885 pernescire;
1711 2817 1888 2871 Evan-

304 2910 616 2980 geliumqne
641 2906 768 2962 Jesu
801 2905 1027 2970 Christi,
1071 2906 1163 2959 Dei
1201 2906 1365 2960 totius
1389 2905 1708 2975 majestatis,
1744 2907 1887 2976 quod

304 3015 487 3053 meum
530 2999 784 3061 vocabas,
830 3011 1102 3061 renuere;
1156 2996 1381 3050 Paulum
1437 3010 1564 3051 vero
1615 2998 1889 3052 hominem

307 3092 496 3146 mundi
523 3090 890 3152 circuitorem,
919 3097 974 3141 et
1007 3087 1468 3152 seminiverbium,
1505 3088 1571 3144 de
1597 3089 1884 3144 materiali-

1974 1908 2120 1971 sisti;
2162 1907 2374 1961 cessisti
2425 1920 2620 1974 nempe
2667 1905 2812 1967 vitae,
2844 1919 2966 1957 cum
2993 1903 3256 1957 abdicasti
3301 1912 3552 1966 mortem,

1975 2001 2169 2068 cuique
2188 1998 2326 2052 bene
2344 1996 2512 2051 facies
2537 1995 2870 2058 inhaerendo,
2885 2009 3006 2048 cum
3030 1995 3155 2050 hinc
3177 1994 3330 2050 nobis
3351 1995 3558 2049 arctius

1969 2086 2189 2156 junctus
2215 2086 2345 2141 eris.
2376 2085 2428 2139 ls
2459 2085 2602 2139 inest
2644 2083 2774 2137 illud
2819 2093 2896 2137 est
2925 2095 2975 2148 α,
3022 2081 3175 2151 cujus
3221 2099 3308 2139 me
3353 2083 3558 2154 fulgore

1976 2177 2362 2240 obtenebrans,
2409 2190 2534 2230 eras
2579 2173 2772 2228 solitus
2802 2174 2931 2228 hinc
2953 2174 3077 2228 inde
3107 2173 3244 2228 fucis
3269 2175 3560 2229 multicolis

1977 2275 2032 2322 et
2060 2266 2468 2337 multiplicibus,
2499 2266 2662 2318 etiam
2691 2265 2832 2318 intra
2858 2263 3153 2334 penetralia
3189 2263 3558 2335 infuliginare,

1979 2366 2035 2413 et
2059 2358 2416 2414 accuminatis
2447 2356 2667 2427 spiculis
2699 2357 3002 2411 tenebrare.
3027 2355 3315 2422 Quoniam,
3344 2363 3402 2410 ut
3434 2355 3560 2412 fate-

1978 2455 2130 2516 bare,
2163 2451 2307 2505 illius
2332 2450 2524 2505 notitia
2552 2449 2738 2519 sapida
2764 2448 2937 2512 nosci,
2959 2457 3019 2500 ut
3050 2447 3316 2512 inhiabas,
3340 2447 3561 2502 mentali

1981 2545 2160 2616 palato
2209 2557 2268 2597 se
2313 2541 2637 2605 resultabat,
2666 2548 2722 2594 et
2760 2539 3077 2608 dedignaris,
3117 2538 3169 2590 in
3224 2546 3412 2592 ventre
3459 2545 3564 2591 tum

1983 2635 2189 2690 notitia:
2215 2635 2398 2688 sedem
2443 2645 2660 2686 sumere
2689 2629 2978 2685 abnuebat.
3023 2626 3133 2691 Sic,
3180 2629 3226 2681 si
3270 2628 3429 2682 modo
3477 2643 3566 2682 eo-

1985 2725 2297 2798 gnosceutia
2327 2730 2382 2777 et
2410 2721 2632 2792 provida
2660 2721 2823 2775 corda
2848 2734 3060 2789 gerens,
3105 2719 3339 2788 suscipe,
3369 2734 3434 2773 ne
3461 2733 3562 2789 pro

1986 2819 2072 2873 bis
2105 2817 2197 2886 qui
2227 2831 2334 2869 non
2357 2822 2505 2878 sunt,
2527 2823 2603 2866 est
2635 2826 2820 2865 verum
2849 2819 3082 2868 temutes
3111 2827 3124 2863 :
3155 2817 3208 2865 et
3233 2810 3565 2879 pertinacior

1988 2909 2055 2963 ad
2080 2907 2216 2961 falsa
2239 2903 2574 2959 tentantibus
2599 2909 2735 2967 esto,
2759 2915 2921 2969 quam
2952 2900 3018 2953 ad
3046 2915 3231 2953 verum
3262 2909 3336 2952 est
3375 2915 3566 2969 sugge-

1990 2995 2233 3050 rentibus
2283 2992 2486 3047 nostris
2515 2991 2657 3046 votis
2697 2990 3004 3044 exstiteras.
3036 2987 3112 3041 lta
3161 3003 3286 3041 nam
3333 2989 3386 3042 in
3437 2987 3566 3043 Jesu

1991 3100 2112 3141 esse
2139 3093 2194 3140 et
2219 3084 2329 3138 vita
2359 3097 2500 3148 mea,
2521 3081 2676 3135 laetus
2690 3077 2806 3147 jam
2834 3077 3054 3142 moriar,
3091 3091 3213 3131 cum
3260 3077 3374 3146 ipse
3419 3077 3472 3130 in
3502 3090 3568 3130 eo

306 3185 412 3239 bus
430 3183 499 3237 ad
522 3181 898 3237 immaterialia
927 3196 1034 3233 non
1057 3179 1194 3233 velle
1221 3179 1526 3248 suseipere;
1561 3181 1668 3235 imo
1694 3195 1781 3236 me
1804 3197 1889 3237 re-
1917 3153 1960 3216 c
1991 3177 2158 3230 vives.
2205 3194 2227 3228 ι

309 3275 573 3340 fellendo,
621 3274 873 3342 quoniam
919 3282 1142 3340 paterna
1173 3270 1446 3341 religionis
1492 3272 1615 3342 jura
1657 3274 1892 3344 degener

309 3367 587 3429 amittens,
612 3365 666 3418 in
694 3362 955 3434 sacrilega
979 3359 1184 3415 nefaria
1209 3376 1294 3414 me
1320 3362 1734 3428 transfuderim;
1762 3365 1890 3418 hor-

313 3458 520 3513 tabaris
560 3465 742 3510 autem
786 3471 870 3522 ea,
900 3455 1098 3524 quibus
1145 3455 1432 3520 innitebar,
1471 3455 1771 3521 dediscere,
1801 3464 1894 3510 aut

312 3549 401 3602 his
428 3546 705 3600 derelictis
747 3544 1004 3616 [deletis],
1031 3551 1251 3614 paterer
1291 3560 1410 3600 mea
1452 3545 1584 3600 mihi
1621 3545 1892 3611 sufficere,

314 3647 372 3692 et
393 3653 500 3690 non
526 3637 746 3690 numina
781 3636 984 3701 divina,
1021 3650 1116 3690 seu
1150 3635 1354 3706 patrias
1377 3637 1523 3708 leges
1555 3636 1891 3708 derogarem.

317 3724 393 3779 Ut
411 3733 594 3778 autem
632 3724 724 3778 lux
769 3739 1002 3793 superna
1049 3733 1292 3794 paterna:
1320 3724 1506 3795 gloria:
1553 3725 1895 3796 splendorem

317 3813 374 3866 in
407 3821 512 3867 tuae
535 3814 732 3867 mentis
762 3814 1015 3867 tenebras
1038 3814 1273 3878 radiare,
1305 3828 1402 3869 suo
1424 3807 1702 3884 proposito
1728 3814 1892 3870 desti-

319 3904 488 3969 navit,
511 3903 882 3973 penetralibus
902 3903 1082 3958 cordis
1110 3904 1217 3958 mei
1245 3903 1463 3970 infudit,
1487 3913 1544 3959 ut
1575 3906 1670 3960 tibi
1695 3921 1898 3960 memo-

319 3995 457 4050 riale
511 3997 816 4067 piissimum
861 3997 1211 4058 recordarer,
1253 3995 1484 4066 qualiter
1537 3998 1592 4052 in
1639 3998 1897 4067 Heliopoli

322 4101 464 4156 pene
503 4101 683 4140 comve
729 4085 1008 4158 [comem]
1036 4087 1194 4150 mihi,
1226 4101 1327 4157 ego
1349 4088 1588 4157 quinque
1628 4097 1684 4142 et
1713 4089 1901 4158 viginti

323 4195 592 4233 annorum
614 4178 729 4233 fere
755 4187 960 4248 tempus
983 4177 1287 4242 exsolvens,
1302 4179 1502 4247 pariter
1523 4181 1898 4233 morabamur:

321 4283 454 4323 cum
503 4269 632 4322 feria
685 4269 917 4337 quodam
959 4276 1110 4322 sexta
1161 4267 1330 4323 ferme
1370 4269 1501 4323 hora
1541 4269 1703 4322 etiam
1751 4273 1904 4338 quasi

324 4368 510 4424 sexta,
538 4360 665 4413 luna
692 4375 751 4414 se
800 4359 848 4412 ei
879 4358 1176 4428 injiciente,
1221 4359 1300 4413 sol
1329 4369 1412 4414 est
1437 4359 1768 4415 horribiliter
1811 4361 1907 4414 ob-

322 4458 593 4513 scuratus,
625 4449 751 4518 quia
788 4464 893 4502 non
921 4448 1083 4510 Deus,
1107 4449 1202 4502 sed
1221 4459 1469 4504 creatura
1500 4450 1594 4505 Dei
1622 4450 1757 4506 lucis
1790 4467 1902 4506 sua:

321 4539 584 4593 accubitu
633 4537 810 4592 lucere
850 4540 1090 4608 nequivit
1117 4557 1130 4592 :
1159 4549 1488 4610 questusque
1513 4557 1630 4596 sum
1658 4544 1799 4612 apud
1827 4554 1898 4608 te,

324 4631 456 4699 quid
515 4630 647 4684 hinc
691 4631 810 4696 tibi,
837 4632 1273 4700 prudentissime,
1320 4633 1594 4689 videretur
1638 4654 1652 4688 :
1692 4650 1756 4689 ex
1797 4651 1903 4705 quo

324 4721 616 4791 prudentia
652 4730 742 4776 tua
796 4724 1074 4791 respondit
1100 4724 1240 4792 quod
1285 4725 1420 4780 adeo
1448 4727 1712 4782 tenaciter
1755 4729 1906 4783 cordi

325 4814 528 4868 meritis
539 4829 674 4869 mea
688 4814 919 4879 inhaesit,
936 4824 996 4868 ut
1007 4815 1150 4868 nulla
1162 4816 1268 4870 οι)ιὶ
1278 4817 1540 4872 teratione
1563 4818 1772 4883 abradi,
1791 4819 1908 4872 nul-

327 4904 382 4958 la
431 4905 621 4959 mortis
669 4907 902 4977 imagine
939 4907 1118 4962 valeat
1168 4908 1392 4962 aboleri.
1441 4906 1630 4964 Obfusi
1677 4924 1909 4978 namque

324 4994 464 5048 orbe
492 4995 833 5052 uniformiter
862 5000 1202 5054 tenebrarum
1229 4999 1460 5070 caligine
1485 5001 1814 5066 tabescente,
1852 5009 1912 5055 ut

326 5094 620 5155 purgatura
669 5088 830 5142 rediit
874 5089 1002 5144 solis
1041 5091 1383 5155 diametrum,
1411 5091 1651 5162 regulam
1682 5091 1910 5161 Philippi

323 5175 519 5232 Aridei
569 5176 829 5250 [Arridei]
870 5182 1291 5251 assumpsimus;
1332 5196 1563 5250 cumque
1615 5183 1912 5250 reperimus

329 5269 479 5338 quod
504 5278 559 5323 ct
581 5280 701 5325 erat
733 5273 1098 5338 notissimum,
1121 5288 1187 5328 eo
1233 5284 1388 5329 tenus
1430 5273 1746 5344 fagitatione
1785 5275 1913 5330 ecli-

328 5358 482 5428 ptica
524 5360 694 5414 solem
716 5363 827 5430 pati
852 5362 1128 5418 molestias
1160 5379 1268 5418 non
1308 5365 1524 5429 debere,
1554 5373 1610 5419 et
1633 5365 1816 5420 lunam
1843 5367 1914 5421 ab

328 5449 549 5506 oriente
575 5452 805 5508 solarem
831 5453 1092 5524 fulgorem
1119 5453 1251 5507 velis
1285 5452 1610 5524 JEtliiopicis
1647 5456 1918 5510 obducen-

329 5549 470 5607 tein,
485 5543 660 5598 solere
683 5546 735 5599 iu
762 5547 986 5601 occidua
1009 5560 1105 5600 ora
1135 5553 1352 5614 captare
1373 5547 1609 5618 perfugia
1625 5587 1642 5613 ,
1672 5554 1799 5601 tunc
1823 5562 1918 5601 au-

333 5639 453 5684 tem
493 5632 771 5705 lucigenos
794 5637 1078 5691 thesauros
1099 5635 1548 5714 caligines,_quas
1579 5646 1877 5707 genueram
1901 5678 1917 5704 ,

1928 4502 1979 4561 D

2586 3239 2814 3297 CAPUT
2853 3238 2969 3294 XV.

2065 3359 2439 3430 Demophilum
2467 3356 2819 3412 nihilominus
2851 3356 2917 3409 de
2940 3353 3157 3425 proprio
3181 3360 3305 3407 actu
3338 3350 3572 3406 horribi-

1993 3455 2118 3509 liter
2147 3455 2456 3522 increpans,
2482 3449 2738 3519 quoniam
2765 3461 2907 3511 eum,
2932 3446 3022 3514 qui
3045 3461 3075 3498 a
3100 3443 3203 3498 fide
3232 3452 3573 3512 apostatavc—

1996 3553 2080 3600 rat
2099 3542 2378 3614 prohibuit
2407 3541 2593 3610 recipi,
2619 3538 2776 3593 valde
2806 3536 2993 3591 utilem
3021 3535 3237 3605 scripsit
3264 3533 3570 3605 epistolam,

1995 3635 2257 3705 exemplis
2302 3650 2365 3689 ac
2415 3632 2819 3702 Scripturarum
2870 3629 3197 3684 testimoniis
3241 3628 3297 3682 in
3359 3627 3577 3682 modum

1998 3727 2150 3793 serti,
2175 3727 2243 3781 de
2268 3741 2398 3797 agro
2429 3725 2586 3794 pleno
2616 3738 2785 3778 sacra:
2833 3720 3146 3791 Scriptum,
3176 3720 3262 3774 cui
3302 3719 3577 3773 benedixit

1999 3821 2278 3884 Dominus,
2305 3817 2518 3874 collecti
2557 3815 2908 3871 redolentem.
2935 3813 2996 3866 lu
3023 3827 3128 3882 qua
3155 3809 3461 3879 ubicunque
3487 3825 3582 3864 vo-

1998 3912 2194 3968 cabulo
2228 3911 2442 3966 Domini
2472 3907 2773 3964 Salvatoris
2802 3906 2879 3959 uti
2922 3904 3072 3958 illum
3120 3917 3282 3957 causa
3321 3916 3582 3972 poposce-

1999 4006 2104 4070 rit,
2127 4004 2417 4073 benignum
2446 4017 2569 4056 eum
2595 3998 2849 4067 appellat,
2879 4009 3042 4064 quam
3068 3993 3232 4048 etiam
3278 3993 3323 4046 si
3350 3993 3472 4063 quis
3497 3993 3579 4047 in-

2002 4105 2148 4155 tente
2170 4095 2481 4164 perlegerlt,
2510 4105 2616 4143 non
2663 4087 3025 4148 mediocriter,
3059 4081 3211 4151 cuius
3233 4083 3583 4152 benignitatis

2001 4196 2058 4243 et
2095 4183 2481 4240 misericordiae
2530 4182 2600 4236 sit
2626 4179 2783 4235 Jesus
2814 4178 3092 4242 Dominus,
3125 4184 3382 4245 quantum
3410 4179 3583 4247 possi-

2003 4277 2110 4332 bile
2133 4285 2217 4331 est
2259 4273 2464 4329 homini
2490 4284 2841 4341 cognoscere,
2883 4267 3198 4332 intuebitur,
3225 4274 3280 4321 et
3323 4281 3427 4336 qua
3453 4267 3587 4322 ﬁdu-

2006 4371 2090 4426 cia
2135 4377 2256 4440 post
2301 4369 2531 4439 lapsum,
2570 4367 2613 4422 si
2643 4365 2948 4435 contigerit,
2979 4363 3044 4416 ad
3076 4363 3365 4433 benignum
3401 4378 3584 4417 recur-

2008 4479 2126 4518 rere
2155 4463 2382 4531 quisque
2416 4461 2629 4523 debeat,
2661 4455 2980 4528 pervidebit.
3012 4453 3382 4508 Ministrorum
3417 4456 3584 4510 etiam

2003 4556 2489 4612 ecclesiasticorum
2521 4554 2766 4608 ordinem
2807 4557 2859 4606 et
2901 4548 3272 4604 excellentiam
3301 4555 3461 4616 atque
3490 4561 3584 4599 au-

2004 4647 2309 4702 ctoritatem
2335 4645 2698 4707 sacerdotum,
2725 4643 2777 4696 in
2816 4657 2878 4696 ea
2907 4640 3220 4710 plenissime
3248 4639 3379 4693 satis
3405 4644 3586 4692 osten-

2007 4736 2102 4790 dit.
2134 4734 2232 4790 Cui
2259 4735 2395 4788 hanc
2423 4748 2661 4803 quoque,
2707 4748 2811 4786 non
2843 4732 3018 4786 dicam
3048 4728 3304 4794 fabulam,
3330 4728 3424 4784 sed
3467 4741 3582 4781 rem

2007 4828 2303 4898 spiritalem
2336 4826 2656 4897 spiritaliter
2699 4833 2904 4896 gestam
2952 4825 3244 4897 subjungit.
3297 4823 3466 4891 Quam
3497 4821 3586 4877 hic

2009 4921 2080 4974 ob
2109 4918 2393 4973 utilitatem
2435 4920 2536 4972 ista
2564 4918 2878 4987 legentium,
2909 4916 2963 4971 in
2991 4929 3219 4985 quorum
3249 4928 3440 4967 manus
3476 4910 3588 4966 for-

2011 5020 2154 5066 tasse
2198 5009 2472 5080 plenitudo
2522 5008 2759 5078 ipsarum
2790 5020 2896 5061 non
2942 5005 3221 5076 perveniet
3263 5004 3584 5062 litterarutn,

2010 5116 2237 5154 narrare
2283 5098 2611 5154 censuimus.
2659 5096 2749 5150 Ait
2793 5097 2938 5150 enim
2967 5104 3087 5164 post
3133 5093 3302 5148 multa
3347 5099 3402 5144 et
3449 5089 3589 5142 inter

2012 5191 2116 5244 alia
2151 5207 2164 5241 :
2196 5208 2214 5240 ι
2254 5188 2367 5242 Νοη
2413 5188 2697 5247 habemus,
2742 5187 2939 5254 inquit,
2986 5183 3295 5255 pontiﬁcem
3343 5179 3434 5250 qui
3482 5195 3587 5232 non

2011 5279 2183 5347 possit
2209 5277 2438 5346 compati
2481 5275 2887 5330 infirmitatibus
2911 5276 3134 5338 nostris,
3160 5272 3253 5326 sed
3285 5272 3400 5339 ipse
3430 5269 3586 5322 inno-

2021 5383 2150 5423 cens
2176 5376 2232 5421 et
2278 5367 2607 5433 misericors,
2652 5382 2760 5420 non
2805 5373 3050 5435 erumpet
3093 5376 3267 5430 neque
3313 5358 3588 5415 clamabit.

2021 5456 2166 5511 Mitis
2190 5457 2332 5510 enim
2377 5465 2478 5521 est,
2509 5465 2566 5510 et
2591 5455 2903 5526 propitiatio
2943 5467 3040 5523 pro
3081 5452 3318 5521 peccatis
3367 5451 3590 5504 nostris.

2023 5549 2360 5618 Quapropter
2404 5563 2509 5602 non
2543 5548 2887 5617 recipiemus,
2915 5561 2949 5597 ο
2979 5541 3320 5611 Demophile,
3346 5548 3470 5597 tuos
3510 5555 3594 5594 aco

2026 5639 2199 5694 lantes
2227 5640 2476 5708 impetus,
2505 5639 2665 5694 etiam
2695 5638 2738 5692 si
2769 5635 2947 5690 decies
2975 5634 3169 5690 millies
3195 5647 3438 5690 resumas
3461 5631 3586 5686 Phi-

418 5787 440 5812 ε
477 5771 676 5827 Allndit
701 5772 764 5826 ad
797 5772 923 5827 illud
950 5773 1138 5836 Exodi,
1166 5772 1253 5844 qui
1282 5781 1376 5833 est,
1417 5772 1554 5825 misit
1583 5791 1662 5828 me
1675 5793 1695 5840 ;
1725 5774 1983 5843 itemque,
2020 5772 2131 5844 Ego
2159 5790 2274 5828 smn
2302 5773 2390 5844 qui
2411 5790 2544 5828 sum.
