2032 3095
231 149 268 178 35
896 140 974 169 \lTA
994 139 1022 167 s.
1044 138 1194 168 incursu
1833 138 1866 165 δε

232 212 308 234 ueenl
323 208 352 232 et
361 201 460 232 Ellam,
478 207 539 228 cum
555 199 720 226 audierimus
742 197 798 230 illa,
812 204 873 232 quae
884 196 1029 231 placebant
1041 197 1066 228 Α
1080 202 1158 227 num,
1184 198 1214 221 ut
1232 194 1293 230 igne
1308 193 1412 221 caelesti
1427 194 1508 221 ambo
1523 193 1601 221 simul
1615 194 1867 224 immisericorditer

231 254 259 277 et
274 247 452 284 displicebant
471 245 589 280 benigno
611 243 674 271 Jesu
700 250 716 270 a
734 241 873 277 discipulis
896 240 963 275 ejus,
980 240 1026 275 qui

231 296 309 323 fuere
330 295 357 321 iu
376 292 467 320 carnis
486 289 699 318 commoratione
725 288 870 323 participes
892 286 1026 315 mansueti

231 346 259 368 et
268 339 376 374 benigni
386 338 470 372 ipsius
479 336 600 371 spiritus.
613 335 717 362 Docere
728 334 811 366 enim,
826 341 879 360 non
891 333 1024 365 cruciare,

232 388 338 420 oportet
356 383 521 419 ignorantes,
546 381 618 407 sicut
629 384 658 407 et
682 386 769 406 caecos
793 386 846 406 non
861 378 1025 410 cruciamus,

232 430 279 458 sed
301 436 381 456 manu
394 428 530 456 ducimus.
549 426 686 461 Benignus
697 432 815 459 namque
832 428 969 451 errantem
985 423 1027 450 in-

231 476 325 511 quirit,
339 479 368 503 et
390 474 572 509 refugientem
584 476 675 503 vocat,
688 476 771 505 atque
783 470 827 497 vix
843 470 984 497 inventum
999 469 1027 497 in

231 522 352 550 humeris
365 520 442 547 tollit.
458 519 507 553 Qui
523 522 551 545 et
565 517 763 552 refugientibus
783 516 880 551 cupide
892 514 1026 551 jungitur,

231 574 259 596 et
283 576 336 597 non
352 567 515 602 dedignatur
537 563 677 599 dedignari
700 571 717 590 a
741 569 771 591 se
785 562 981 598 rejicientibus,
999 565 1027 589 et

233 615 293 643 sine
305 621 387 641 causa
411 614 593 647 provocantes
607 618 638 638 se
662 610 771 642 tolerat,
787 614 817 637 et
828 609 886 644 ipse
902 612 1026 636 excusat.

231 659 289 686 lmo
311 657 447 694 promittit
469 656 572 684 mederi
601 663 649 683 θος
663 675 671 688 ,
696 659 724 682 et
747 654 1028 690 appropinquantibus

231 704 283 732 sibi
296 702 473 739 praeoccurrit
482 705 511 729 et
520 700 621 733 obviat,
634 704 663 727 et
672 703 746 727 totus
760 703 832 726 totos
844 698 1028 734 complectens

231 748 425 780 deosculatur,
453 750 482 775 et
508 753 563 774 non
591 749 702 773 accusat
728 749 776 772 aut
800 745 967 779 improperat
989 744 1029 773 eis

231 794 326 828 priora
335 801 448 825 eorum;
462 793 510 820 sed
523 792 612 827 diligit
625 791 778 827 praesentia,
794 795 822 818 et
843 791 914 818 diem
929 791 1028 818 festum

231 838 296 873 agit,
319 843 348 866 et
367 842 499 866 convocat
511 838 630 870 amicos,
654 837 786 872 benignos
801 836 925 864 videlicet
946 843 1029 870 auge-

1078 240 1238 267 amitterent
1263 239 1356 266 vitam.
1379 239 1455 272 Quod
1479 247 1541 266 cum
1566 240 1690 271 dixisset,
1717 240 1810 268 statim
1826 245 1867 268 est

1076 290 1169 321 raptus
1182 285 1208 312 in
1222 286 1330 321 spiritu,
1347 289 1374 312 et
1383 285 1473 312 visum
1488 285 1540 313 sibi
1561 284 1646 313 fuisse
1662 285 1741 318 dixit,
1767 286 1867 314 vidisse

1076 339 1106 359 se
1119 334 1231 365 repente
1255 330 1377 363 domum,
1392 330 1421 357 in
1434 337 1486 365 qua
1511 330 1611 362 stabat.
1628 338 1801 365 concussam,
1811 336 1839 359 et
1853 340 1867 360 a

1076 376 1194 403 culmine
1206 383 1256 410 per
1270 375 1389 402 medium
1402 375 1430 402 in
1450 376 1517 402 duas
1533 380 1626 410 partes
1649 376 1774 409 divisam,
1789 381 1818 404 et
1831 377 1868 404 ita

1076 427 1106 448 se
1136 420 1186 448 sub
1217 420 1262 447 dio
1291 420 1464 447 remansisse.
1491 419 1640 453 Quemdam
1668 422 1750 448 etiam
1772 429 1867 457 rogum

1076 467 1161 495 multo
1173 467 1235 502 igne
1245 466 1440 498 flammantem,
1452 474 1537 501 usque
1551 467 1584 493 ad
1606 467 1692 501 ipsum
1705 467 1867 494 descenden-

1077 517 1149 545 tem;
1165 511 1265 539 cmlum
1286 515 1377 538 autem
1407 511 1495 545 ipsum
1512 515 1598 538 totum
1609 519 1766 541 accensum.
1787 516 1867 546 atque

1077 557 1104 585 in
1119 561 1197 592 parte
1208 556 1338 588 Australi,
1354 555 1445 584 Jesum
1463 556 1609 591 benignum
1624 557 1650 583 in
1663 558 1761 585 throno
1775 558 1867 585 seden-

1078 606 1149 636 tem,
1169 606 1197 629 et
1215 607 1348 630 astantem
1359 602 1383 629 ei
1403 602 1430 629 in
1453 603 1592 629 hominum
1606 602 1748 638 speciebus
1771 605 1867 632 inuesti-

1077 647 1204 675 mabilem
1219 647 1374 682 angelorum
1387 654 1538 674 numerum.
1552 647 1615 675 Haec
1633 648 1726 675 videns
1739 649 1866 684 desuper,

1077 697 1105 720 et
1119 692 1257 720 admirans
1270 692 1384 726 Carpus,
1414 700 1474 719 cum
1501 700 1530 720 se
1550 693 1708 720 inclinasset
1730 694 1866 727 deorsum,

1077 739 1145 766 vidit
1162 742 1262 765 terram
1277 738 1400 765 horribili
1416 739 1489 765 hiatu
1508 743 1640 773 apertam,
1653 743 1680 766 et
1696 741 1866 767 tenebrosum

1077 783 1237 812 barathrum
1255 783 1373 815 hiscens,
1390 787 1418 810 et
1431 784 1540 810 eosdem
1565 784 1638 811 viros
1653 784 1685 811 de
1701 785 1797 818 quibus
1812 790 1865 812 tcn~

1079 830 1199 862 tabatur,
1214 833 1277 857 ante
1291 836 1320 856 se
1337 830 1363 855 in
1388 829 1509 864 margine
1531 829 1632 857 lubrico
1656 831 1847 858 Ieuebrosissiu
1861 832 1867 858 i

231 883 282 915 ιοε,
301 887 331 909 ιη
345 883 382 910 sit
394 883 515 911 omnium
531 882 724 910 delccumuum
745 881 888 909 habitatio,
909 880 1027 914 Quium-
1042 880 1065 910 Β
1079 874 1211 907 barathri,
1228 878 1300 902 stare
1313 879 1458 902 trementes
1478 879 1505 901 et
1521 875 1634 902 miseros
1645 875 1735 907 nimis,
1751 876 1868 903 nondum

231 935 284 961 que
307 928 391 962 igitur
415 927 508 960 inique
534 933 614 961 agere
639 930 687 953 aut
702 925 862 953 benefacere
883 925 1026 960 incipiunt,

231 973 292 1000 illos
303 973 415 1008 spiritus
427 967 595 1007 benig'uitatc
605 976 652 1000 aut
667 972 769 999 malitia
785 971 901 1004 sociant,
913 978 1027 1005 quorum

232 1018 399 1046 voluntatem
413 1017 502 1045 facere
524 1018 661 1046 inchoant.
683 1017 718 1044 Et
729 1017 757 1044 hi
769 1016 879 1051 quidem
896 1016 1027 1051 benigno-

231 1070 292 1090 rum
304 1062 461 1097 angelorum
473 1062 598 1096 discipuli
613 1069 647 1089 ac
661 1062 788 1094 comites,
802 1061 837 1089 ad
847 1068 955 1096 semper
967 1061 1026 1089 exi-

231 1111 307 1134 stcns
319 1106 459 1141 speculum
475 1107 570 1134 beatas
595 1114 659 1135 suas
672 1106 798 1142 delegant
814 1106 1027 1138 terminationes,
1038 1106 1047 1109 “

231 1153 275 1180 ubi
288 1160 395 1187 semper
415 1159 478 1180 cum
491 1152 548 1180 Deo
561 1157 643 1179 erunt
657 1161 664 1180 :
679 1152 752 1187 quod
773 1156 816 1179 est
828 1152 960 1180 bonorum
970 1160 1029 1181 om-

232 1200 306 1226 nium
321 1199 485 1226 maximum:
498 1198 543 1226 isti
560 1202 652 1227 autem
667 1203 695 1226 et
712 1198 759 1227 hic
772 1198 897 1226 decident
909 1206 926 1225 a
938 1198 1028 1226 divina

232 1244 314 1271 simul
328 1248 355 1271 et
369 1247 499 1278 perpetua
521 1251 598 1278 pace,
612 1246 641 1271 et
659 1247 721 1278 post
733 1247 849 1271 mortem
863 1250 925 1271 cum
936 1243 1028 1270 dome-

232 1289 309 1316 sticis
332 1289 389 1316 suis
409 1288 576 1316 daemonibus
591 1292 682 1316 erunt.
706 1288 766 1316 Non
783 1296 848 1323 ergo
861 1292 967 1323 oportet
979 1295 1028 1317 nos

232 1333 317 1361 multa
328 1333 501 1360 festinatione
511 1341 572 1360 cum
580 1333 636 1360 Deo
646 1333 762 1368 benigno
773 1341 821 1368 per
831 1333 944 1360 multam
954 1333 1028 1361 beni-

231 1379 363 1414 gnitatem
383 1383 410 1406 et
424 1378 639 1409 misericordiam
655 1377 724 1411 ﬁeri,
747 1382 775 1405 et
786 1386 894 1413 semper
904 1385 1025 1412 manere,

230 1432 292 1453 cum
309 1433 342 1453 eo
358 1429 386 1453 et
400 1425 537 1461 segregari
551 1425 584 1453 de
597 1425 675 1454 malis
699 1425 937 1461 injustilicantibus
960 1426 1028 1456 nos?

231 1475 312 1505 atque
325 1474 386 1505 post
411 1478 496 1506 pauca
512 1480 519 1498 :
533 1471 567 1498 Et
593 1471 616 1499 si
639 1471 692 1504 vis,
703 1471 751 1504 ait,
763 1471 883 1499 divinam
894 1472 1027 1501 visionem

232 1517 320 1545 sancti
332 1516 471 1551 cujusdam
485 1517 536 1544 viri
550 1516 668 1545 referam
680 1517 740 1550 tibi,
754 1525 836 1552 quam
852 1525 908 1546 non
921 1518 1027 1546 deride

232 1561 274 1589 bis
288 1570 294 1588 :
309 1569 374 1589 vera
390 1562 462 1588 enim
475 1561 575 1588 dicam.
591 1561 659 1589 Cum
681 1569 770 1590 essem
789 1562 933 1598 aliquando
948 1570 1027 1591 secus

233 1606 352 1637 Cretam,
369 1606 488 1641 hospitio
517 1613 561 1634 me
587 1607 707 1642 suscepit
720 1606 750 1635 S.
776 1606 891 1642 Carpus,
905 1607 948 1634 vir
959 1611 988 1635 et
1004 1607 1027 1634 si

232 1651 329 1686 aliquis
356 1651 440 1683 alius,
468 1658 516 1686 per
543 1651 657 1679 multam
685 1652 786 1681 mentis
807 1652 970 1680 munditiam
994 1652 1028 1680 ad

234 1697 282 1724 Dei
309 1697 428 1724 visiones
454 1695 639 1724 divinissimus
666 1696 875 1734 [dignissimus].
896 1697 948 1731 Qui
973 1705 1027 1726 non

232 1743 381 1771 inchoabat
421 1747 530 1770 sanctas
559 1743 752 1778 mysteriorum
783 1744 1003 1773 consecrationes
1019 1764 1027 1777 ,

232 1787 285 1815 nisi
317 1787 393 1822 prius
421 1787 446 1814 ei
478 1788 667 1815 ostenderetur
693 1789 727 1816 de
753 1789 880 1824 supernis
910 1790 1026 1824 propitia

235 1834 316 1866 visio,
329 1835 420 1861 oranti
432 1840 497 1863 ante
520 1835 686 1863 oblatiOnem
708 1836 874 1864 sanctissimi
887 1837 1026 1865 sacriﬁcii.

232 1878 441 1919 Conferentibus
461 1888 580 1915 namque
608 1881 686 1909 nobis
701 1881 826 1916 quaedam
852 1882 886 1909 ad
899 1881 1025 1915 invicem,

235 1918 329 1952 retulit
341 1925 408 1952 mihi
422 1925 505 1958 idem,
521 1933 550 1953 se
567 1926 648 1953 nimis
671 1926 864 1954 contristatum
877 1934 893 1953 a
909 1926 1026 1960 quodam

235 1969 394 1997 infidelium.
415 1970 505 1998 Causa
525 1975 616 1998 autem
637 1976 698 1999 erat
711 1971 796 2007 ipsius
816 1972 941 2006 tristitiae,
958 1980 1026 2008 quo-

233 2017 307 2047 niam
327 2017 412 2045 isdem
426 2018 553 2051 inﬁdelis,
568 2018 632 2047 dum
657 2018 862 2049 celebrarentur
885 2019 943 2047 dies
963 2019 1027 2047 festi

234 2070 340 2095 eorum,
367 2063 496 2091 aberrare
522 2063 586 2092 fecit
601 2065 746 2099 quemdam
760 2064 868 2093 ﬁdelem
881 2072 897 2092 a
910 2065 1026 2101 benigno

231 2106 298 2135 Iesu
322 2108 437 2136 Domino
454 2114 557 2137 nostro.
581 2110 668 2143 Quem
692 2110 836 2139 consolans
857 2111 930 2139 suasi
942 2111 968 2139 ei
981 2118 1027 2146 op-

233 2157 379 2186 portunum
394 2161 465 2186 esse,
479 2159 511 2181 ut
524 2163 574 2189 pro
592 2155 645 2183 illis
655 2156 775 2183 divinam
788 2156 962 2184 clementiam
980 2165 1026 2191 pe-

237 2201 317 2229 teret,
333 2202 362 2224 et
381 2205 396 2224 a
411 2197 467 2225 Deo
483 2197 624 2226 Salvatore
649 2199 856 2234 opitulationem
879 2200 1024 2235 accipiens,

235 2241 371 2269 inﬁdelem
387 2244 496 2278 quidem
516 2249 696 2277 converteret,
711 2249 863 2280 apostatam
878 2251 968 2273 autem
981 2246 1026 2275 be-

235 2287 368 2321 nignitate
392 2288 527 2321 vinceret,
543 2293 571 2315 ct
583 2289 717 2318 hortando
727 2298 774 2318 eos
788 2291 919 2324 converti,
939 2292 1025 2320 donec

235 2336 278 2359 est
303 2333 392 2366 hodie,
420 2341 473 2361 non
499 2334 636 2366 deliceret,
667 2335 760 2371 sicque
784 2336 844 2364 illos
858 2337 886 2364 in
906 2337 1025 2365 divinam

237 2378 380 2405 scientiam
396 2379 517 2407 duceret.
547 2379 600 2408 Sed
614 2380 637 2407 is
650 2380 703 2408 hoc
724 2381 860 2416 patienter
879 2390 933 2410 non
949 2383 1026 2411 sull‘e-

237 2430 309 2455 rcns,
328 2427 355 2450 et
370 2424 461 2452 nescio
474 2432 527 2460 quo
542 2425 621 2453 modo
646 2426 730 2453 multa
746 2428 863 2462 quadam
884 2428 1025 2456 infestina-

236 2468 310 2496 tione
324 2473 353 2496 et
364 2470 546 2498 amaritudine
569 2471 721 2505 tabescens,
737 2473 882 2500 dormitum
895 2475 1025 2508 perrexit,

235 2521 269 2541 ex
289 2514 339 2541 hoc
353 2514 423 2541 male
434 2514 537 2544 habens
552 2516 677 2552 (vespere
696 2518 768 2545 enim
780 2518 861 2555 erat).
880 2518 959 2547 Circa
973 2527 1027 2547 me-

236 2560 309 2587 diam
327 2565 417 2588 antem
433 2565 539 2588 noctem
566 2561 674 2598 (solitus
702 2571 820 2599 namque
847 2568 907 2592 erat
931 2564 983 2592 isto
997 2565 1025 2593 in

236 2608 357 2640 tempore
374 2606 408 2633 ad
420 2606 527 2635 divinos
546 2607 662 2643 hymnos
673 2609 826 2646 evigilare),
850 2611 971 2638 surrexit
990 2618 1024 2638 ex

236 2650 349 2682 somnis,
372 2654 400 2677 et
413 2652 569 2680 turbatione
585 2653 669 2680 nimia
684 2654 810 2687 anxians,
823 2655 899 2682 stetit
918 2655 951 2682 ad
965 2661 1025 2683 ora-

236 2693 348 2726 tionem,
371 2703 427 2722 non
451 2696 625 2724 benedicens.
653 2697 826 2726 Tristabatur
841 2700 913 2727 enim
924 2705 953 2728 et
965 2707 1024 2736 gra-

235 2738 348 2765 vabatur
371 2740 441 2767 ultra
466 2742 586 2776 modum,
611 2742 707 2771 dicens
728 2751 782 2772 non
795 2752 856 2773 esse
871 2746 976 2781 justum
993 2752 1024 2774 ut

235 2783 358 2812 viverent
371 2786 431 2818 viri,
454 2788 500 2822 qui
524 2793 604 2816 erant
621 2789 679 2817 sine
705 2790 771 2824 Deo,
792 2796 821 2819 et
832 2793 1024 2826 pervertebant

235 2828 293 2857 vias
308 2829 412 2857 Domini
427 2837 524 2860 rectas.
540 2833 573 2860 Et
591 2834 648 2861 haec
664 2835 757 2863 dicens
773 2837 918 2872 postulavit
935 2838 1011 2867 Domi

1079 924 1170 947 tamen
1185 920 1304 955 dejectos
1319 920 1352 946 ab
1372 920 1548 947 iustabilitatc
1571 920 1758 948 lubricationis
1777 922 1802 948 in
1816 930 1870 956 qua

1078 966 1239 995 vacillantes
1262 966 1475 995 collabebantur.
1501 967 1540 994 De
1563 968 1690 995 deorsum
1708 975 1773 995 vero
1795 970 1869 995 hara-

1079 1011 1146 1044 thri,
1160 1011 1228 1038 vidit
1242 1017 1383 1047 serpentes
1403 1012 1546 1039 horribiles
1570 1021 1675 1047 repere,
1694 1018 1720 1041 et
1739 1014 1811 1041 circa
1826 1022 1869 1049 pc-

1078 1059 1126 1086 des
1133 1065 1228 1086 eorum
1237 1065 1267 1085 se
1278 1058 1423 1093 subjicere,
1435 1064 1516 1093 atque
1526 1060 1662 1087 interdum
1678 1060 1737 1088 illos
1751 1062 1869 1093 trahcre,

1079 1103 1248 1131 involventes
1262 1110 1291 1132 se
1303 1104 1351 1135 cis,
1369 1104 1487 1131 simulet
1501 1105 1655 1134 cruciantes
1669 1113 1726 1133 eos.
1739 1107 1870 1142 Aliquan-

1079 1149 1113 1177 do
1140 1150 1224 1179 etiam
1248 1150 1374 1178 dentibus
1399 1150 1554 1183 trahebant,
1581 1156 1608 1179 et
1631 1152 1766 1180 vellcbaut
1788 1153 1869 1180 iidem

1078 1200 1220 1231 serpentes
1240 1196 1350 1222 eosdem
1363 1196 1444 1227 viros,
1462 1197 1507 1231 qui
1531 1196 1636 1224 caelesti
1652 1198 1713 1233 igne
1728 1206 1869 1226 consume-

1078 1240 1190 1273 bantur,
1205 1246 1234 1270 et
1258 1242 1427 1270 conabantur
1441 1242 1502 1270 illos
1522 1243 1632 1271 trahere
1656 1243 1682 1270 in
1697 1244 1868 1277 barathrum,

1078 1287 1151 1313 unde
1177 1286 1229 1321 ipsi
1251 1286 1385 1314 exierant.
1420 1287 1491 1315 Vidit
1516 1296 1624 1323 quoque
1652 1294 1680 1316 et
1706 1297 1767 1317 esse
1797 1290 1869 1317 viros

1077 1331 1210 1366 quosdam
1224 1332 1253 1359 in
1268 1333 1356 1360 medio
1370 1334 1548 1368 serpentium,
1573 1342 1634 1362 cum
1649 1336 1764 1363 tumultu
1779 1344 1870 1371 perso-

1078 1380 1176 1405 nantes
1189 1381 1216 1405 et
1226 1379 1422 1413 percutientes,
1449 1384 1530 1414 atque
1558 1380 1728 1415 impellentes
1749 1382 1774 1408 in
1790 1382 1869 1409 bara—

1079 1423 1171 1450 thrum
1191 1431 1239 1453 eos
1268 1424 1313 1460 qui
1341 1425 1544 1452 cruciabantur.
1564 1426 1712 1453 Videbatur
1728 1427 1819 1454 itidem
1832 1428 1868 1460 ei,

1077 1469 1209 1503 quosdam
1222 1470 1292 1498 alios
1315 1471 1389 1498 viros
1414 1472 1562 1498 accessisse
1573 1473 1606 1500 ad
1635 1473 1712 1506 illos;
1741 1474 1787 1508 qui
1799 1474 1869 1501 vole-

1077 1513 1155 1547 bant,
1167 1518 1197 1542 ut
1208 1515 1259 1550 ipsi
1279 1516 1371 1543 miseri
1386 1516 1413 1543 in
1428 1516 1504 1544 brevi
1529 1518 1726 1551 cruciarentur,
1740 1523 1768 1546 et
1791 1520 1871 1547 satis-

1040 1553 1063 1584 C
1078 1558 1220 1588 facerent:
1237 1561 1284 1590 sed
1305 1562 1344 1589 illi
1368 1563 1413 1596 qui
1434 1563 1624 1597 percutiebant
1649 1568 1676 1591 et
1698 1564 1871 1599 impellebant

1077 1615 1136 1640 eos,
1150 1608 1287 1644 nolebant.
1304 1608 1425 1644 Cumque
1449 1610 1500 1642 his,
1525 1618 1585 1645 quae
1602 1611 1729 1638 deorsum
1758 1619 1870 1647 conspe-

1077 1658 1166 1686 xerat,
1183 1653 1289 1689 Carpus
1306 1655 1466 1688 intenderet,
1480 1660 1507 1682 et
1525 1664 1653 1691 superna,
1669 1664 1729 1691 qua:
1743 1657 1820 1691 prius
1834 1658 1871 1684 vi-

1078 1699 1166 1733 derat,
1180 1699 1330 1736 negligeret
1343 1705 1370 1728 et
1382 1702 1480 1728 undere
1495 1702 1623 1737 cmpissct
1646 1708 1728 1737 atque
1753 1704 1865 1735 cessari,

1078 1746 1141 1780 quia
1152 1744 1208 1780 jam
1235 1747 1275 1774 rei
1286 1754 1343 1774 non
1365 1747 1494 1775 caderent
1511 1748 1536 1775 in
1552 1748 1763 1783 profunditatem
1791 1757 1868 1777 vora-

1078 1791 1167 1826 ginis.
1190 1791 1300 1827 insuper
1330 1793 1580 1821 immisericorditcr
1606 1795 1793 1823 maledixlsset
1817 1796 1869 1828 eis,

1078 1837 1197 1871 respexit
1216 1845 1336 1869 sursum.
1351 1843 1379 1866 et
1392 1839 1436 1866 vix
1462 1847 1491 1867 se
1508 1840 1600 1868 videre
1613 1848 1691 1875 posse
1716 1842 1813 1869 malum
1827 1843 1870 1870 dc~

1077 1889 1133 1910 nuo
1146 1882 1216 1910 dixit
1231 1892 1237 1910 ;
1252 1882 1306 1911 Sed
1321 1883 1412 1911 Jcsum
1438 1886 1583 1921 benignum
1600 1887 1713 1915 intuitus
1726 1892 1777 1920 est,
1793 1889 1871 1916 mise-

1078 1932 1187 1956 rantem
1205 1937 1288 1965 super
1298 1936 1456 1966 peccatores
1475 1933 1520 1968 qui
1544 1933 1760 1968 torquebantur:
1777 1939 1804 1962 ct
1823 1943 1870 1962 cx—

1077 1979 1234 2010 surgentem
1249 1975 1324 2003 illum
1346 1977 1379 2004 de
1396 1977 1500 2005 caelesti
1522 1979 1630 2010 throno,
1653 1986 1683 2006 ac
1705 1979 1870 2007 descenden-

1078 2026 1132 2049 tem
1149 2030 1235 2058 usque
1249 2023 1364 2057 adillos,
1377 2028 1405 2051 ct
1428 2033 1540 2052 manum
1555 2026 1698 2061 benignam
1714 2027 1740 2054 in
1753 2032 1869 2055 tomen—

1079 2068 1114 2095 tis
1128 2069 1224 2103 positis
1237 2070 1410 2104 porrexisse:
1429 2079 1546 2106 moxque
1566 2072 1722 2108 angelorum
1746 2073 1868 2101 multitu-

1078 2113 1163 2146 dines,
1185 2115 1230 2149 qui
1244 2123 1306 2143 cum
1319 2123 1351 2143 eo
1364 2116 1575 2150 descenderant,
1600 2123 1796 2152 coaoccperunt
1809 2119 1869 2146 illos

1077 2158 1112 2186 de
1126 2162 1243 2194 utraque
1255 2165 1342 2195 parte,
1368 2160 1394 2188 in
1421 2169 1474 2196 qua
1490 2162 1608 2194 stabant,
1623 2163 1688 2189 dum
1713 2167 1869 2198 torqueretu-

1080 2207 1134 2236 tur,
1147 2205 1256 2239 quando
1278 2206 1318 2233 eis
1341 2214 1451 2234 manum
1478 2208 1600 2242 porrexit
1631 2208 1764 2243 benignus
1778 2208 1865 2239 Iesus.

1079 2253 1106 2276 et
1122 2255 1255 2278 eruerant
1280 2251 1350 2279 illos.
1372 2252 1405 2279 Et
1426 2261 1575 2281 conversus
1598 2254 1632 2281 ad
1646 2254 1765 2290 Carpum
1789 2254 1867 2283 Iesus

1080 2295 1147 2322 dixit
1159 2296 1182 2323 ei
1197 2305 1203 2323 :
1221 2297 1318 2332 Carpe,
1349 2306 1429 2325 manu
1444 2299 1470 2325 in
1496 2299 1563 2327 istos
1589 2301 1747 2334 constituta,
1771 2305 1799 2328 et
1814 2310 1867 2329 non

1078 2348 1129 2375 per
1140 2342 1357 2370 misericordiam
1375 2349 1503 2377 retracta,
1520 2351 1631 2380 percute
1650 2346 1793 2374 adversum
1814 2355 1867 2379 me,

1080 2394 1141 2414 nam
1157 2392 1269 2421 paratus
1289 2396 1348 2416 sum
1363 2397 1412 2424 pro
1427 2390 1580 2418 hominibus
1593 2391 1758 2419 resalvandis
1769 2393 1867 2419 iterum

1079 2433 1146 2467 pati,
1161 2437 1190 2460 et
1201 2433 1357 2469 complaceo
1368 2443 1450 2470 super
1463 2435 1516 2468 his,
1540 2444 1622 2472 quam
1646 2445 1729 2471 super
1744 2437 1805 2466 aliis
1819 2439 1869 2466 ho-

1079 2477 1199 2505 minibus
1220 2479 1268 2513 qui
1293 2487 1347 2507 non
1370 2487 1560 2515 peccaverunt.
1587 2483 1778 2510 Verumtamen
1794 2484 1866 2517 vide,

1077 2522 1100 2549 si
1113 2522 1153 2550 sic
1165 2523 1235 2550 bene
1247 2524 1296 2552 tibi
1311 2525 1427 2552 habetur
1441 2526 1468 2553 in
1487 2527 1628 2559 barathro,
1644 2536 1705 2556 cum
1728 2529 1867 2563 serpenti-

1076 2568 1127 2596 bus
1145 2570 1301 2598 mansiones
1329 2577 1509 2604 commutare,
1533 2574 1604 2601 sicut
1629 2581 1735 2601 mecum
1756 2581 1788 2601 ac
1805 2582 1866 2602 cum

1080 2614 1205 2650 benignis
1227 2622 1259 2642 ac
1280 2615 1406 2643 humanis
1426 2619 1529 2652 urgetis
1555 2626 1624 2646 esse.
1644 2618 1697 2646 Ista
1719 2624 1792 2652 sunt,
1807 2627 1867 2654 qum

1077 2666 1128 2695 ego
1140 2660 1264 2693 audiens,
1279 2662 1361 2689 credo
1381 2669 1445 2690 vera
1462 2671 1531 2690 esse.
1557 2673 1566 2689 ι
1589 2663 1651 2690 Haec
1671 2663 1704 2690 ad
1719 2663 1865 2699 Demophi-

1078 2703 1134 2731 lum
1149 2704 1221 2732 dicta
1236 2710 1309 2734 sunt.

1364 2752 1479 2780 CAPUT
1493 2753 1561 2780 XVI.

1113 2794 1175 2822 Tito
1194 2803 1260 2824 vero
1287 2797 1464 2834 interroganti
1491 2807 1539 2834 per
1564 2800 1717 2835 epistolam.
1742 2809 1803 2837 qum
1825 2805 1868 2829 est

1078 2839 1216 2874 sapientizc
1228 2841 1333 2874 domus,
1360 2846 1387 2869 et
1401 2843 1463 2878 quis
1492 2850 1534 2873 est
1561 2851 1660 2879 crater,
1681 2853 1708 2875 et
1724 2855 1784 2882 qme
1802 2851 1867 2875 sunt
