4008 6206
445 309 515 366 39
1424 343 1442 355 ,
1754 291 1913 348 vm
1957 291 2014 347 s.
2054 249 2351 348 nionvsn
2723 253 2729 258 ’
3635 298 3702 354 ιο

445 403 825 476 conjunctione
861 403 979 459 loco
1003 403 1252 459 maximae
1281 402 1646 459 venerationis
1672 411 1755 459 est
1778 403 2014 458 habitus.
2046 405 2092 465 Α
2122 404 2245 457 simi
2277 402 2535 474 principis
2563 403 2930 473 apostolorum
2963 415 3020 462 et
3055 405 3294 480 Magistri
3332 409 3418 464 sui
3451 408 3707 468 informa-

445 496 581 552 Cum
602 510 709 564 quo
730 495 892 549 etiam
913 508 1012 564 pro
1028 501 1212 547 mutua
1235 493 1587 549 collocatione
1607 492 2023 564 apostolicarum

447 588 786 644 sanctionnm
807 626 820 649 ,
851 592 906 640 et
932 584 1212 640 dulcedine
1248 584 1544 654 spiritualis
1572 583 1901 648 dilectionis,
1924 582 2024 636 ali-

449 679 687 748 quandiu
717 675 1138 731 familiarissime
1165 683 1538 740 conversatus,
1575 673 1848 728 immodici
1880 687 2026 726 amo-

452 771 530 826 ris
571 778 798 838 uterque
839 767 1070 823 vinculis
1105 783 1222 822 sese
1257 767 1699 822 constrinxerunt
1764 765 1871 820 Sed
1903 779 2026 820 cum

451 862 593 916 Deus
632 861 975 929 omnipotens
1018 859 1128 914 veri
1174 859 1337 923 Solis,
1391 857 1603 913 Domini
1647 856 1854 912 scilicet
1898 854 2027 911 Jesu

449 951 672 1017 Christi,
726 953 875 1007 radio
922 951 1352 1021 splendidissimo
1403 959 1458 1005 et
1504 949 1779 1012 orientali,
1837 948 1893 1004 id
1945 957 2030 1004 est

452 1045 796 1100 sanctissimo
833 1044 1118 1114 Dionysio,
1174 1043 1534 1098 occidentales
1572 1043 1825 1098 tenebras
1871 1042 2030 1097 vellet

452 1135 624 1206 gratia
655 1151 750 1190 sua
770 1135 1061 1198 illustrare,
1093 1142 1149 1188 et
1177 1150 1389 1188 murum
1413 1131 1806 1188 validissimum
1837 1131 2028 1186 inﬁde—

452 1225 617 1280 litatis
647 1225 737 1294 qui
780 1226 942 1278 totius
977 1223 1160 1278 Galliaa
1184 1231 1237 1278 et
1266 1224 1570 1278 Germania:
1599 1224 1857 1278 terminos
1893 1237 2031 1292 pene

453 1315 926 1370 irremediabiliter
955 1326 1345 1385 occupaverat,
1389 1315 1701 1385 provideret
1738 1315 1908 1368 ariete
1937 1313 2030 1367 tali

454 1405 760 1470 destruere,
799 1413 1058 1473 tantoque
1085 1405 1430 1473 peritissimzn
1460 1405 1783 1475 eloquentia:
1825 1403 2032 1474 spiculo

453 1495 809 1562 gentilitatem
837 1493 1066 1563 perfodi,
1090 1510 1196 1563 quo
1215 1502 1360 1560 ante,
1384 1502 1443 1547 ut
1470 1494 1829 1548 munitissima
1850 1491 2033 1547 defen-

453 1585 608 1640 sione
658 1593 777 1638 erat
833 1585 990 1639 solita
1043 1585 1341 1654 gratulari,
1395 1594 1559 1655 atque
1613 1599 1828 1639 omnem
1891 1583 2035 1637 hanc

453 1676 685 1731 Galliam
732 1676 900 1746 ipsius
931 1676 1169 1744 Dionysii
1199 1675 1503 1745 apostolatu
1542 1672 1855 1744 disponeret
1901 1672 2030 1727 sub-

2126 502 2215 550 tus
2238 495 2503 565 exemplo,
2533 495 2623 565 qui
2651 496 2908 552 Romana:
2923 498 3229 553 crudelitati
3258 514 3316 554 se
3341 509 3561 571 propter
3579 502 3704 558 Jesu

2126 584 2330 639 Christi
2361 599 2556 639 nomen
2583 586 2988 652 immerserant,
3015 602 3124 658 quo
3152 588 3385 659 amplius
3407 592 3548 660 apud
3578 590 3708 647 Gal-

2127 675 2567 746 lias-gentilitatis
2594 676 2804 733 fervere
2833 681 3084 750 cognovit
3106 695 3372 747 errorem,
3397 683 3523 739 illuc
3549 684 3712 740 intre-

2127 767 2285 836 pidus
2317 773 2372 820 et
2399 766 2578 822 calore
2605 766 2729 822 fidei
2771 779 3018 825 armatus
3053 771 3305 836 accessit,
3345 787 3409 827 ac
3437 773 3709 830 Lutetiam

2128 856 2485 923 Parisiorum,
2523 857 2750 912 Domino
2773 859 3023 924 ducente,
3054 841 3714 933 pervenit,‘doctrinaqu'e

2129 946 2452 1016 praeclarus,
2495 947 2773 1003 miraculis
2803 963 3117 1013 coruscans,
3146 959 3202 1006 et
3234 951 3494 1006 virtutum
3517 953 3708 1024 signis,

2130 1053 2249 1107 qum
2267 1037 2680 1094 Atheniensium
2703 1039 2963 1111 magister
2987 1039 3156 1094 Paulo
3175 1042 3398 1097 docente
3424 1042 3710 1110 didicerat,

2130 1130 2320 1185 Galliis
2366 1131 2698 1185 ministravit
2740 1146 2756 1186 :
2800 1147 2908 1186 non
2948 1134 3157 1188 veritus
3199 1133 3490 1189 incredula:
3532 1136 3714 1206 gentis

2130 1227 2382 1288 expetere
2411 1217 2703 1285 feritatem,
2726 1221 2852 1290 quia
2868 1221 3123 1276 virtutem
3137 1238 3290 1277 suam
3312 1224 3714 1293 praeteritarum

2131 1322 2416 1377 pmnarum
2447 1309 2752 1365 recordatio
2789 1311 3104 1376 roborabat,
3145 1312 3432 1367 tormentis
3457 1321 3718 1382 expertus

2133 1398 2348 1464 multis,
2376 1408 2550 1454 morte
2586 1399 2801 1454 tandem
2837 1409 3210 1456 assecuturum
3237 1417 3298 1457 se
3332 1402 3499 1456 vitam
3545 1420 3558 1456 :
3602 1410 3716 1458 tota

2132 1489 2484 1544 nihilominus
2523 1489 2820 1543 intentione
2853 1488 3167 1545 desiderans
3194 1530 3208 1554 ,
3252 1498 3311 1543 ιιι
3343 1492 3433 1560 qui
3453 1489 3569 1558 jam
3597 1499 3715 1545 erat

2133 1577 2331 1633 Christi
2374 1577 2610 1633 nominis
2659 1579 2800 1633 inter
2852 1578 3022 1632 multa
3075 1587 3464 1633 tormentorum
3506 1577 3717 1650 flagella

2132 1670 2405 1740 perfectus
2441 1670 2745 1735 confessor,
2781 1671 2898 1723 fieri
2933 1670 3125 1724 mortis
3152 1671 3503 1725 mulctatione
3541 1683 3721 1724 mere-

454 1767 642 1832 levari,
678 1782 836 1835 quam
875 1766 1140 1821 Mercurio
1177 1766 1508 1820 dmmoniaca
1535 1771 1794 1818 servrtute
1819 1769 2032 1816 consta-
2061 1759 2106 1818 B
2136 1771 2288 1816 retur
2311 1771 2366 1816 et
2381 1770 2605 1832 martyr.
2639 1761 2791 1816 Tunc
2812 1769 3111 1816 memorata
3144 1761 3476 1816 Parisiorum
3498 1761 3716 1824 civitas,

453 1857 549 1909 bat
577 1855 958 1908 miserabiliter
985 1850 1261 1915 ancillari,
1297 1855 1440 1908 beati
1471 1852 1763 1908 Clementis
1790 1868 1886 1907 cor
1913 1853 2032 1906 teti-

452 1945 548 2014 git,
595 1953 650 1999 et
693 1953 751 1997 ut
793 1943 948 1998 istius
978 1943 1120 1998 modi
1151 1943 1333 1998 verbis
1374 1943 1673 2014 pretiosum
1717 1941 2029 2012 Dionysium

453 2036 844 2106 alloqueretur,
870 2034 1135 2089 accendit.

1037 2143 1266 2199 CAPUT
1309 2143 1448 2198 XIX.

527 2259 711 2320 Vides,
757 2256 933 2326 inquit
967 2264 1188 2309 sanctus
1214 2254 1481 2320 Clemens,
1515 2255 1586 2308 mi
1628 2253 1797 2308 frater
1829 2253 2034 2308 charis-

457 2351 594 2406 sime
626 2349 825 2404 Macari
862 2345 1114 2418 Dionysi,
1153 2354 1355 2415 quanta
1394 2354 1478 2400 est
1524 2347 1718 2401 messis
1743 2345 2035 2400 Dominica:

457 2439 704 2504 sationis,
737 2447 790 2493 et
813 2453 974 2506 quam
1011 2437 1168 2506 pauci
1211 2444 1334 2490 sunt
1359 2437 1613 2506 operarii,
1648 2438 1772 2506 quia
1800 2451 1928 2508 ergo
1968 2438 2062 2494 de,

456 2530 709 2584 omnibus
731 2529 1010 2584 catholica:
1034 2527 1254 2597 pietatis
1273 2541 1334 2582 es
1359 2525 1687 2582 suﬂicienter
1709 2528 1950 2592 edoctus,
1980 2535 2036 2583 et

455 2621 602 2674 omni
627 2618 934 2674 Christiana
959 2619 1159 2673 virtute
1189 2633 1252 2672 ac
1276 2617 1535 2688 religione
1562 2618 1849 2673 admodum
1870 2618 2033 2673 robo-

457 2720 627 2775 ratus,
666 2724 835 2780 perge
877 2708 928 2761 in
961 2707 1178 2762 nomine
1213 2707 1460 2773 Domini,
1499 2715 1683 2777 partes
1717 2707 2034 2778 aggrediens

455 2799 780 2863 Occidentis,
813 2809 866 2854 et
895 2809 954 2854 ut
993 2799 1165 2853 bonus
1193 2798 1352 2854 miles
1381 2797 1581 2853 Christi
1611 2798 1856 2869 praeliare
1892 2812 2032 2867 pra:—

455 2893 524 2948 lia
559 2893 768 2948 Domini
793 2894 886 2948 Dei
911 2894 986 2947 tui
1013 2910 1027 2960 ;
1056 2901 1217 2965 atque
1240 2895 1382 2950 sicut
1403 2895 1662 2950 Dominus
1690 2893 1848 2950 Jesus
1874 2893 2032 2950 Chri-

457 2993 574 3039 stus
598 2984 858 3053 magistro
897 2998 1017 3038 meo
1046 2982 1207 3039 Petro
1232 2984 1471 3050 tradidit,
1495 2993 1550 3038 et
1577 2999 1677 3056 ego
1703 2992 1904 3040 sanctae
1931 2985 2036 3039 ha:-

2135 1860 2195 1906 ut
2227 1852 2381 1906 sedes
2413 1852 2590 1920 regia,
2627 1861 2678 1906 et
2721 1860 2988 1905 conventu
3027 1849 3301 1905 Gallorum
3331 1866 3396 1906 ac
3419 1849 3722 1906 Germano-

2135 1959 2274 2006 rum,
2316 1950 2372 1997 et
2395 1943 2676 1997 nobilitate
2707 1941 2944 2011 pollebat
2974 1960 2987 1994 :
3016 1941 3142 2010 quia
3164 1950 3280 1996 erat
3309 1941 3542 1996 salubris
3565 1955 3716 2003 aere,

2127 2037 2363 2108 jucunda
2401 2034 2639 2099 flumine,
2689 2034 2917 2091 fecunda
2961 2036 3146 2101 terris,
3198 2036 3481 2091 arboribus
3529 2049 3723 2090 nemo-

2133 2144 2255 2183 rosa
2272 2169 2286 2192 ,
2315 2136 2370 2182 et
2394 2127 2569 2183 vineis
2594 2128 2886 2191 uberrima,
2917 2127 3217 2198 constipata
3241 2127 3454 2198 populis
3472 2168 3487 2192 ,
3513 2126 3718 2182 referta

2133 2220 2478 2276 commerciis
2523 2235 2590 2274 ac
2629 2219 2798 2276 variis
2840 2220 3251 2285 commeatibus,
3289 2219 3432 2274 unda
3474 2217 3720 2272 fluminis

2134 2307 2563 2366 circumfluente.
2598 2308 2728 2376 Qua:
2752 2310 3022 2379 siquidem
3054 2310 3199 2366 inter
3224 2309 3538 2366 multimoda
3563 2324 3722 2364 com-

2134 2399 2453 2454 moditatum
2475 2413 2694 2468 genera,
2726 2401 2890 2456 etiam
2913 2401 3066 2457 alveo
3089 2416 3190 2457 suo
3212 2416 3460 2472 magnam
3481 2399 3719 2471 piscium

2135 2489 2346 2561 copiam
2378 2491 2584 2546 civibus
2614 2491 2976 2548 ministrabat.

2727 2627 2954 2685 CAPUT
2986 2627 3125 2683 XXI.

2206 2720 2360 2775 Hunc
2393 2733 2520 2791 ergo
2558 2719 2736 2775 locum
2764 2719 2857 2775 Dei
2891 2719 3122 2774 famulus
3145 2719 3306 2791 elegit
3331 2718 3716 2789 expetendum.

2134 2809 2216 2865 Ad
2256 2825 2417 2880 quem
2445 2825 2567 2864 cum
2603 2809 2780 2879 primo
2825 2807 2928 2864 fide
2974 2819 3216 2864 armatus
3258 2817 3315 2864 et
3355 2807 3722 2864 confessionis

2135 2901 2439 2978 constantia
2484 2901 2772 2956 roboratus
2810 2902 3129 2957 accessisset
3162 2902 3481 2972 intrepidus,
3530 2917 3724 2971 quem—

2136 2994 2260 3047 dam
2328 2993 2602 3057 Lisbium,
2681 2993 2857 3048 virum
2927 2994 3402 3048 honoratissimum
3475 2993 3722 3048 civitatis

457 3076 702 3130 reditatis
733 3075 857 3143 jure
913 3076 1156 3146 suscepi,
1207 3085 1266 3130 ut
1313 3077 1366 3131 in
1426 3077 1626 3146 ligandi
1683 3077 2032 3148 solvendique
2060 3102 2104 3164 (ς
2137 3083 2446 3151 Parisiacae,
2470 3085 2561 3154 qui
2583 3085 2698 3154 ejus
2727 3085 3112 3155 praedicatione
3137 3085 3190 3139 in
3216 3085 3504 3140 Dominum
3526 3084 3721 3141 Jesum

454 3167 779 3221 auctoritate
801 3167 894 3220 tibi
911 3181 1124 3236 semper
1139 3177 1334 3236 ιιι-ωειο
1356 3170 1425 3224 sit
1448 3169 1625 3224 divina
1649 3176 1910 3238 potestas,
1943 3185 2034 3224 no-

455 3259 584 3314 stris
599 3259 931 3314 orationibus
949 3260 1255 3325 comitatus,
1277 3268 1333 3315 et
1345 3270 1651 3316 sanctorum
1667 3263 2033 3332 apostolorum

454 3341 935 3405 intercessionibus
961 3347 1268 3417 roboratus,
1301 3352 1356 3405 in
1384 3353 1458 3407 tui
1489 3353 1824 3421 apostolatus
1860 3362 2028 3421 sorte,

455 3441 752 3511 apostolica
805 3452 992 3496 nostra
1050 3443 1404 3507 auctoritate,
1460 3459 1676 3500 omnem
1730 3445 2032 3516 suscipiens

453 3531 704 3594 Galliam,
742 3547 877 3602 opus
924 3531 1009 3586 fac
1059 3533 1430 3604 evangelistrc,
1477 3533 1837 3590 ministerium
1879 3543 2030 3591 tuum

456 3623 640 3693 imple,
669 3632 727 3677 ut
749 3623 949 3678 Christi
981 3625 1171 3679 notitia
1193 3640 1292 3695 per
1318 3634 1369 3681 te
1402 3627 1603 3697 ubique
1627 3626 1838 3691 dill'usa,
1873 3643 1904 3682 a
1925 3629 2031 3685 Do-

458 3715 608 3768 mino
636 3715 689 3767 in
717 3714 906 3769 diebus
939 3715 1308 3771 retributionis
1335 3717 1595 3773 merearis
1621 3719 1809 3774 audire
1827 3734 1841 3772 :
1859 3719 2024 3790 Euge,

453 3821 597 3859 serve
609 3804 738 3859 bone
749 3813 795 3858 et
817 3803 1135 3874 ﬁdelis,quia
1151 3821 1305 3876 super
1322 3822 1488 3876 pauca
1503 3807 1654 3877 fuisti
1671 3808 2024 3879 ﬁdelis,supra

453 3895 619 3949 multa
647 3904 695 3949 te
715 3895 1048 3958 constituam,
1071 3895 1211 3950 intra
1241 3896 1298 3949 in
1326 3896 1577 3966 gaudium
1599 3897 1810 3952 Domini
1837 3899 1945 3964 tui;
1974 3907 2031 3953 et

457 4002 527 4042 ne
556 3986 792 4040 verearis
817 3986 1215 4041 multitudinem
1248 3996 1303 4042 et
1338 3989 1676 4045 atrocitatem
1702 3991 1878 4062 gentis
1905 3993 2028 4047 har-

455 4078 684 4141 barictc,
716 4092 815 4147 pro
842 4088 992 4132 certo
1019 4077 1195 4133 sciens
1224 4079 1349 4148 quia
1380 4079 1471 4149 qui
1500 4080 1622 4150 plus
1655 4080 1883 4146 laborat,
1908 4081 2029 4152 plus

454 4169 720 4224 mercedis
741 4169 990 4238 accipiet.
1017 4169 1206 4224 Socios
1234 4184 1446 4240 quoque
1470 4171 1518 4227 ei
1551 4182 1604 4227 et
1625 4173 2028 4229 comministros

453 4262 601 4314 verbi
633 4261 812 4330 plures
835 4271 889 4313 et
910 4261 1166 4329 probatos
1181 4262 1324 4316 viros
1344 4263 1615 4328 adhibuit,
1646 4266 1827 4335 illique
1859 4267 2023 4321 dixit:

454 4355 610 4409 Sicut
639 4355 740 4407 fuit
766 4353 1025 4407 Dominus
1055 4370 1176 4407 cum
1215 4355 1446 4410 dominis
1471 4365 1526 4410 et
1551 4359 1794 4427 patribus
1824 4367 1879 4412 et
1908 4373 2025 4413 ma-

2133 3176 2408 3231 Christum
2437 3176 2766 3241 crediderat,
2793 3184 2847 3231 et
2874 3175 2946 3230 illi
2980 3175 3206 3231 fideliter
3232 3176 3562 3239 adhmrebat,
3587 3175 3724 3230 allo-

2133 3276 2289 3323 cutus
2301 3275 2404 3330 est,
2423 3267 2607 3322 dicens
2631 3285 2643 3320 :
2669 3267 3160 3332 Virillnstrissime,
3175 3267 3298 3338 quia
3314 3268 3428 3337 jam
3455 3276 3723 3336 operante

2132 3357 2302 3427 gratia
2348 3356 2476 3411 Jesu
2522 3356 2726 3412 Christi
2773 3357 2985 3412 Domini
3043 3359 3212 3414 nostri
3254 3359 3486 3428 plurima
3529 3358 3718 3428 populi

2132 3445 2418 3500 multitudo
2440 3446 2493 3500 in
2519 3446 2838 3501 credulitate
2865 3456 2922 3502 et
2945 3446 3288 3502 confessione
3313 3448 3394 3502 sui
3420 3447 3594 3501 sancti
3618 3463 3722 3501 no-

2132 3535 2316 3600 minis,
2346 3535 2723 3591 benedictione
2748 3537 3088 3606 baptismatis
3107 3547 3476 3602 consecratur,
3496 3545 3551 3591 et
3578 3552 3722 3606 quo-

2132 3625 2266 3679 tidie
2296 3623 2534 3680 fidelium
2558 3641 2815 3682 numerus
2838 3637 3241 3698 augmentatur,
3264 3629 3439 3684 visum
3465 3637 3552 3683 est
3575 3628 3719 3684 mihi

2130 3717 2411 3771 secretarii
2444 3717 2520 3771 tui
2547 3731 2736 3788 agrum
2764 3719 2941 3788 pretio
2981 3734 3012 3773 a
3050 3727 3140 3773 tua
3173 3717 3508 3774 fraternitate
3537 3718 3720 3773 susci-

2128 3819 2277 3874 pere,
2312 3812 2368 3860 et
2392 3804 2610 3860 domum
2649 3807 2989 3877 baptismatis
3020 3808 3094 3863 ibi
3127 3819 3462 3872 construere,
3494 3817 3549 3862 et
3570 3807 3714 3861 cha-

2129 3899 2353 3952 rismata
2393 3897 2576 3952 divina
2614 3900 2914 3970 percipere.
2951 3899 3049 3956 Cui
3089 3901 3306 3956 Lisbius
3333 3915 3348 3954 :
3377 3899 3592 3965 Gratis,
3631 3900 3719 3955 in-

2129 3987 2268 4056 quit,
2302 4001 2425 4042 eum
2446 4027 2461 4053 ,
2492 3996 2646 4056 pater
2672 3990 3003 4056 beatissime,
3048 3989 3216 4047 offero
3241 4007 3340 4062 per
3365 3992 3716 4046 sanctitatem

2129 4085 2277 4132 tuam
2314 4077 2543 4136 Domino
2579 4079 2706 4136 Jesu
2750 4081 2988 4137 Christo.
3021 4082 3171 4149 Non,
3202 4084 3308 4148 ait,
3354 4084 3545 4138 beatus
3585 4083 3719 4139 Dio-

2131 4170 2334 4240 nysius,
2364 4171 2436 4225 ita
2467 4171 2623 4226 nobis
2647 4172 2702 4225 in
2725 4172 3032 4241 huiusmodi
3063 4175 3279 4244 negotio
3308 4182 3392 4229 est
3419 4175 3712 4244 agendum,

2130 4262 2256 4330 quia
2282 4263 2424 4316 Deus
2451 4271 2506 4316 et
2537 4263 2794 4317 Dominus
2818 4273 3002 4317 noster
3025 4263 3182 4319 Jesus
3209 4264 3456 4319 Christus
3484 4280 3582 4332 pro
3608 4279 3716 4318 no-

2132 4361 2242 4405 stra
2271 4353 2464 4418 salute,
2498 4363 2756 4422 operante
2786 4351 2988 4422 Spiritu
3016 4362 3224 4418 sancto,
3255 4367 3323 4408 ex
3350 4353 3506 4408 beata
3539 4353 3714 4409 Maria

455 4444 640 4513 gistris
667 4445 866 4498 nostris
911 4443 1168 4512 apostolis
1202 4445 1314 4498 suis
1345 4444 1506 4499 Petro
1529 4455 1585 4500 et
1613 4445 1798 4512 Paulo,
1846 4448 1920 4501 ita
1960 4449 2030 4503 sit
2056 4455 2108 4514 1)
2135 4456 2348 4511 semper
2367 4443 2596 4514 virgine,
2624 4457 2746 4498 cum
2783 4444 2898 4513 ipse
2925 4443 3112 4498 fecerit
3138 4444 3417 4510 mundum,
3449 4443 3503 4498 in
3532 4443 3718 4500 locato

457 4543 631 4587 tecum
661 4535 712 4586 in
738 4535 1010 4599 omnibus,
1042 4550 1363 4606 quocunque
1392 4544 1444 4590 te
1481 4538 1729 4592 verteris.
1774 4539 1902 4594 Esto
1942 4556 2028 4595 ro-

453 4625 644 4677 bustus
677 4642 689 4677 :
726 4632 779 4677 tu
805 4624 950 4677 enim
973 4625 1262 4679 maximam
1292 4633 1346 4680 et
1375 4626 1821 4684 innumerabilem
1849 4630 2029 4700 populi

455 4713 855 4769 multitudinem
902 4715 1210 4772 introducas
1252 4718 1306 4772 in
1349 4735 1529 4774 veram
1595 4721 2029 4790 repromissionis

455 4816 660 4861 terram
710 4807 942 4861 filiorum
994 4807 1176 4863 Israel.
1231 4809 1298 4863 Et
1342 4812 1475 4866 dans
1519 4826 1705 4882 pacem
1753 4813 2027 4879 omnibus,

457 4899 532 4953 ita
561 4901 702 4954 hanc
735 4914 877 4954 verae
905 4899 1262 4956 fraternitatis
1306 4904 1623 4959 societatem
1663 4903 1825 4960 solvit
1854 4905 2023 4960 abire.

1049 5027 1278 5086 CAPUT
1309 5031 1427 5085 XX.

529 5119 632 5187 Qui
667 5119 826 5174 simul
856 5129 1235 5190 properantes,
1277 5130 1332 5176 et
1358 5123 1708 5179 circumcirca
1744 5125 2030 5179 Dominum

461 5213 816 5280 praedicantes
837 5213 1160 5283 appulerunt
1171 5215 1348 5281 portui
1360 5214 1757 5271 Arelatensium
1773 5216 2026 5271 civitatis.

461 5301 530 5356 Et
558 5303 754 5358 exinde
768 5303 1088 5372 quibusdam
1121 5304 1173 5357 in
1202 5312 1383 5374 partes
1413 5307 1766 5371 necessarias,
1795 5315 1955 5377 prout
1980 5306 2028 5361 ei

457 5392 635 5446 visum
668 5394 865 5461 fuerat,
897 5395 1204 5460 destinatis,
1237 5395 1378 5451 idem
1413 5396 1681 5452 Macarius
1721 5397 2026 5469 Dionysius,

460 5481 555 5551 qui
594 5483 738 5538 sedis
767 5486 1074 5554 apostolicae
1103 5486 1413 5558 privilegio,
1459 5490 1704 5543 tradente
1744 5489 1843 5543 sibi
1873 5491 2030 5544 beato

463 5572 738 5652 Clemente
779 5575 922 5630 Petri
953 5577 1182 5648 apostoli
1210 5592 1544 5643 successore,
1577 5579 1728 5634 verbi
1751 5579 1915 5634 divini
1943 5593 2030 5632 se-

463 5664 606 5720 mina
636 5665 885 5734 gentibus
912 5667 1134 5722 Gallicis
1161 5669 1430 5739 eroganda
1453 5679 1793 5743 susceperat,
1828 5669 2027 5723 beatis-

2131 4542 2214 4587 est
2245 4533 2545 4588 diversorio
2559 4542 2736 4590 natus.
2761 4535 3099 4605 Quapropter
3121 4550 3229 4588 non
3246 4533 3712 4604 videturaaquum,

2133 4632 2192 4678 ut
2213 4625 2382 4692 gratis
2405 4634 2629 4696 accepto
2657 4640 2788 4696 agro
2805 4667 2817 4690 ,
2850 4641 3150 4698 pneparem
3177 4627 3415 4692 domum,
3454 4627 3507 4682 in
3530 4641 3634 4696 qua
3657 4628 3715 4682 ei

2133 4715 2229 4771 filii
2257 4717 2561 4788 adoptionis
2604 4733 2703 4788 per
2740 4727 2984 4774 nostrum
3026 4719 3386 4774 ministerium
3424 4733 3719 4773 renascan-

2133 4815 2240 4861 tur.
2278 4805 2385 4862 Sed
2421 4817 2477 4862 et
2502 4808 2568 4863 de
2589 4806 2707 4876 ejus
2744 4809 2918 4879 pretio
2955 4809 3292 4878 captivorum
3331 4817 3414 4864 est
3438 4807 3716 4877 sepultura

2131 4906 2462 4967 comparata.
2495 4897 2789 4969 Propterea
2820 4899 3140 4956 rationabile
3161 4898 3466 4969 iudicatur,
3499 4906 3558 4952 ut
3586 4911 3717 4967 pre-

2133 4992 2206 5046 tio
2238 5008 2446 5047 sumam
2477 4993 2688 5058 locum,
2732 4993 2822 5048 ubi
2878 4993 2984 5057 illi,
3015 4995 3105 5063 qui
3143 4995 3196 5048 in
3232 4993 3561 5049 commercio
3592 5005 3721 5045 san-

2131 5084 2310 5154 guinis
2341 5084 2502 5150 illius,
2535 5095 2707 5141 morte
2727 5085 3128 5152 intercedente,
3158 5086 3227 5142 de
3255 5086 3566 5156 captivitate
3592 5083 3717 5137 dia-

2131 5175 2238 5230 boli
2273 5183 2328 5228 et
2358 5177 2550 5231 mortis
2577 5185 2853 5247 perpetme
2883 5177 3142 5248 haptizati
3175 5177 3392 5240 fuerint,
3437 5175 3716 5229 rediman-

2133 5274 2240 5320 tur.
2283 5265 2770 5322 Commutationem
2817 5283 2947 5323 vero
2985 5270 3142 5338 pretii
3181 5278 3236 5322 tu
3273 5267 3474 5322 Christi
3515 5279 3721 5336 panpe-

2134 5354 2283 5409 ribus
2303 5354 2572 5424 largieris,
2595 5357 2686 5426 qui
2720 5364 2771 5411 te
2808 5357 2882 5412 illi
2910 5358 3258 5413 devotissime
3283 5355 3546 5412 obtulisti.

2703 5491 2930 5548 CAPUT
2968 5493 3127 5549 XXII.

2200 5575 2296 5631 lIis
2345 5579 2418 5631 ita
2454 5579 2703 5648 expletis,
2733 5583 3016 5638 ecclesiam
3055 5583 3198 5650 illic,
3246 5582 3343 5640 Dei
3373 5599 3432 5638 se
3462 5582 3714 5652 omnipo-

2133 5670 2296 5723 tentis
2326 5683 2539 5740 semper
2572 5672 2624 5726 in
2646 5674 2895 5727 onmibus
2923 5682 2979 5729 et
3013 5673 3208 5744 ubique
3233 5675 3527 5730 comitante
3558 5678 3712 5732 auxi-
