4064 6190
271 277 336 332 μ
1546 258 1867 317 AUCTORE
1904 260 2250 320 IIILDUINO.
3451 271 3522 328 ἃ

268 384 370 447 tio,
414 379 568 451 juxta
607 375 914 431 facultatem
954 372 1143 429 virium
1190 389 1430 442 suarum,
1471 382 1635 443 utque
1680 388 1847 428 novus
1875 378 1926 438 Α
1950 390 2070 430 rum
2106 390 2325 430 suorum
2355 378 2688 432 venerationi
2712 379 3036 447 consuleret,
3065 398 3186 452 quae
3209 382 3323 452 jam
3360 387 3526 442 etiam

272 477 457 531 adhuc
482 474 684 528 advena
713 478 968 541 poterat,
1020 469 1071 523 in
1111 470 1371 525 honorem
1416 469 1630 524 Domini
1674 470 1844 524 nostri

270 566 405 622 Jesu
429 563 649 629 Christi,
693 577 813 631 quae
847 561 1071 616 necdum
1117 559 1250 616 locis
1275 559 1379 615 illis
1405 570 1460 615 et
1480 559 1699 631 populis-
1720 569 1849 616 nota

268 663 415 721 erat,
438 653 778 718 construxit,
820 665 885 706 ac
916 648 1087 705 ollicia
1115 651 1305 706 devote
1334 651 1561 705 Domino
1607 651 1849 705 servien-

269 724 424 799 tium:
443 742 771 797 clericorum
830 753 898 793 ex
950 752 1098 793 more
1134 740 1440 803 constituit,
1489 739 1850 809 probatasque

266 847 532 905 personas
567 832 777 886 honore
825 828 1047 885 secundi
1090 829 1295 884 ordinis
1322 829 1629 899 ampliavit,
1677 830 1851 884 inces-

269 932 463 979 santer
511 922 805 978 restituens
848 921 1072 992 populos
1126 921 1395 987 creatori,
1430 937 1567 991 quos
1619 938 1650 975 a
1694 922 1851 977 devio

268 1016 421 1071 cultu
469 1020 826 1070 revocaverat
866 1023 1145 1070 creatum.
1198 1013 1418 1068 Cinctus
1476 1029 1606 1085 ergo
1655 1013 1760 1070 ﬁde
1798 1022 1853 1069 et

268 1107 559 1162 devotione
585 1105 785 1176 populi,
814 1121 975 1175 quam
1003 1105 1056 1158 in
1083 1105 1483 1160 constructione
1506 1112 1561 1157 et
1582 1104 1850 1160 reverenti

268 1197 509 1251 basilicae
540 1196 972 1266 frequentatione
998 1197 1273 1261 cernebat,
1301 1195 1586 1251 admodum
1630 1193 1852 1249 robora-

266 1298 379 1355 tus,
414 1289 582 1343 Deum
622 1297 677 1343 et
707 1288 990 1342 Dominum
1038 1296 1283 1343 nostrum
1332 1285 1516 1342 Jesum
1545 1286 1850 1352 Christum,

267 1396 434 1452 quem
462 1389 687 1451 pectore
713 1379 1001 1450 purissimo
1029 1387 1271 1445 noverat,
1301 1387 1356 1433 et
1404 1378 1566 1434 corde
1590 1377 1854 1433 ardentis-

268 1475 415 1529 simo
467 1474 765 1545 diligebat,
818 1472 1092 1529 insinuare
1137 1472 1384 1543 gentibus
1436 1487 1543 1527 non
1575 1472 1850 1537 cessabat;

268 1565 594 1634 cunctisque
636 1565 1057 1621 misericordiam
1096 1562 1213 1633 ejus
1259 1564 1313 1617 in
1340 1564 1442 1618 hoc
1484 1570 1751 1632 tempore,
1802 1571 1858 1618 et

262 1654 533 1726 judicium
562 1656 801 1710 futurum
824 1670 1145 1727 proponens,
1169 1653 1427 1726 paulatim
1457 1654 1698 1708 sociabat
1720 1652 1852 1717 Deo,

271 1764 413 1818 quos
445 1747 660 1802 diabolo
707 1748 1077 1812 subtrahebat,
1120 1754 1282 1815 atque
1313 1746 1439 1800 totis
1465 1745 1854 1801 exhortationis
1880 1736 1929 1795 B

274 1839 508 1904 nisibus,
550 1847 605 1893 et
641 1839 915 1910 signorum
951 1838 1208 1910 prodigiis
1236 1839 1545 1909 satagebat,
1590 1848 1856 1908 quatenus

274 1946 413 2001 quos
431 1930 735 1999 abripiebat
762 1929 978 1993 mundo,
1011 1929 1200 1999 dignos
1226 1927 1429 1983 faceret
1455 1928 1612 1983 cmlo.
1643 1928 1848 1983 Tantas

272 2021 420 2076 enim
451 2021 711 2076 Dominus
746 2036 845 2091 per
874 2019 1020 2073 illum
1054 2018 1377 2090 dignabatur
1403 2033 1660 2074 exercere
1682 2018 1852 2073 virtu-

276 2122 361 2170 tes
385 2156 400 2179 ,
430 2124 485 2168 ut
518 2113 799 2169 rebellium
825 2112 985 2167 corda
1032 2112 1309 2183 gentilium
1340 2126 1446 2165 non
1473 2110 1650 2165 minus
1692 2110 1858 2165 mira-

272 2206 413 2260 culis
444 2220 607 2274 quam
645 2203 1120 2275 praedicationibus
1156 2201 1439 2257 obtineret.
1485 2201 1553 2255 Et
1603 2216 1724 2256 cum
1754 2214 1855 2256 sm-

276 2297 499 2367 pissime
530 2297 598 2352 ab
627 2296 890 2352 idolorum
935 2294 1282 2367 pontiﬁcibus
1301 2301 1490 2350 contra
1520 2308 1643 2348 eum
1665 2291 1859 2348 seditio

276 2388 615 2443 excitaretur
642 2387 696 2441 in
722 2386 953 2458 populis,
971 2388 1044 2441 ita
1071 2395 1128 2441 ut
1148 2386 1331 2457 plebes
1351 2386 1668 2450 innumerae,
1693 2384 1859 2439 etiam

276 2490 335 2537 et
368 2482 436 2537 de
478 2482 673 2537 vicinis
699 2483 1007 2552 regionibus
1034 2496 1156 2537 cum
1188 2481 1352 2536 armis
1380 2495 1444 2535 ac
1476 2480 1670 2535 bellico
1699 2494 1862 2550 appa-

279 2579 423 2636 ratu,
465 2580 691 2641 propter
715 2571 917 2638 fideles,
946 2572 1038 2641 qui
1058 2570 1170 2640 jam
1194 2588 1292 2643 per
1319 2572 1470 2627 illum
1501 2573 1555 2628 in
1583 2570 1859 2627 Christum

278 2663 642 2728 crediderant,
674 2663 740 2718 ad
761 2664 1093 2733 perdendum
1123 2678 1244 2719 eum
1275 2664 1660 2735 gregatim,ubi
1686 2664 1862 2734 ipsum

279 2765 401 2807 esse
422 2752 733 2819 audiebant,
760 2762 1173 2820 concurrerent;
1216 2770 1339 2809 mox
1365 2762 1425 2810 ut
1446 2755 1596 2809 illum
1631 2768 1858 2811 cernere

280 2856 556 2916 poterant,
587 2854 733 2900 tanta
770 2853 826 2900 ct
858 2846 933 2900 ita
961 2845 1303 2901 ineﬂ‘abiliter
1332 2847 1386 2901 in
1411 2862 1479 2902 eo
1509 2847 1597 2901 lux
1619 2846 1862 2903 caelestis

281 2936 473 3005 gratiae
494 2935 757 2999 radiabat,
788 2942 849 2988 ut
872 2943 965 2988 aut
990 2935 1138 2989 omni
1168 2934 1446 2991 ferocitate
1474 2951 1582 2990 una
1612 2952 1737 2991 cum
1774 2952 1865 2990 ar-

286 3026 392 3080 mis
416 3024 654 3095 deposita
690 3040 749 3080 se
779 3025 853 3079 illi
876 3032 1321 3095 prosternerent:
1347 3034 1440 3080 aut
1467 3025 1558 3096 qui
1598 3041 1858 3095 compun-

283 3117 358 3172 cti
385 3115 620 3185 Spiritus
648 3116 818 3171 sancti
848 3116 990 3170 dono
1028 3116 1095 3171 ad
1138 3116 1466 3172 credendum
1512 3132 1617 3172 non
1665 3126 1853 3184 erant,

282 3224 483 3281 pavore
510 3206 676 3262 nimio
697 3206 1054 3271 solverentur,
1075 3215 1132 3261 et
1157 3207 1329 3261 territi
1359 3222 1390 3261 a
1415 3208 1701 3277 praesentia
1744 3207 1861 3277 ejus

283 3299 619 3369 aul'ugerent.
668 3297 910 3368 Miroque
947 3297 1105 3353 modo
1142 3298 1335 3353 inermi
1373 3300 1491 3361 viro
1515 3314 1621 3354 non
1647 3299 1863 3355 valebat

282 3389 438 3459 plebs
461 3396 667 3443 armata
696 3389 982 3456 resistere,
1030 3388 1124 3445 sed
1152 3389 1417 3453 subdebat
1463 3405 1522 3444 se
1569 3389 1642 3444 illi
1683 3391 1862 3461 potius

285 3479 533 3534 certatim
578 3477 886 3534 Gallicanos
941 3479 1277 3544 cothurnus,
1328 3486 1492 3548 atque
1539 3477 1861 3534 Germanica

286 3567 637 3625 cervicositas
668 3566 1003 3639 :jugumque
1052 3565 1254 3622 Christi
1307 3582 1471 3622 suave
1512 3567 1614 3623 sibi
1659 3568 1864 3639 imponi

284 3660 563 3731 poscebat.
590 3659 675 3715 Ab
698 3659 833 3730 ipsis
861 3673 1073 3730 quoque
1096 3658 1515 3713 destruebantur
1538 3658 1701 3724 idola,
1729 3675 1863 3731 quo-

289 3769 409 3808 rum
432 3751 888 3825 sumptufuerant
918 3759 973 3806 et
1000 3751 1180 3807 studio
1217 3750 1478 3813 fabricata
1505 3768 1518 3804 :
1548 3758 1604 3805 et
1646 3750 1865 3808 invento

288 3845 481 3900 salutis
504 3852 689 3916 portu,
722 3844 986 3900 idolorum
1011 3841 1317 3915 gaudebant
1359 3834 1660 3915 naufragio.
1693 3844 1865 3916 Luge-

285 3937 386 3992 bat
414 3921 628 4007 quoime
659 3936 837 4006 portio
864 3934 1006 3989 victa
1030 3932 1263 3999 diaboli,
1309 3948 1430 3989 cum
1476 3932 1543 3990 de
1564 3949 1629 3990 ea
1664 3934 1857 3994 victrix

287 4026 558 4084 Ecclesia!
571 4026 714 4099 legio
739 4025 1126 4095 triumphabat.

861 4113 1086 4171 CAPUT
1117 4113 1302 4169 XXIII.

364 4207 519 4264 Tunc
542 4208 716 4263 hostis
753 4206 1005 4276 antiquus
1028 4205 1217 4261 videns
1246 4204 1346 4260 sibi
1371 4206 1565 4275 perire,
1597 4205 1738 4275 quod
1760 4206 1866 4261 Do-

289 4300 448 4354 mino
476 4298 758 4353 constabat
789 4296 1002 4351 assidua
1026 4295 1346 4366 populorum
1370 4294 1719 4351 conversione
1741 4311 1868 4367 pro-

292 4392 481 4454 licere,
515 4398 678 4443 totam
694 4387 916 4443 artificii
945 4386 1029 4441 sui
1070 4386 1374 4441 machinam
1402 4386 1865 4458 adimpugnanda,

291 4495 421 4551 qua:
444 4478 655 4533 fuerant
690 4485 1016 4543 constructa,
1051 4476 1340 4532 convertit.
1371 4476 1521 4532 Unde
1545 4478 1716 4547 partis
1758 4494 1869 4536 sua:

292 4581 570 4636 auctores,
601 4571 817 4625 deorum
843 4584 1063 4623 suorum
1082 4566 1272 4622 flentes
1294 4567 1503 4635 exsilia,
1526 4583 1661 4637 quos
1682 4569 1749 4624 ad
1771 4570 1871 4624 im-

294 4666 551 4735 pietatem
596 4660 986 4732 persecutionis
1021 4659 1075 4714 in
1103 4674 1196 4713 eos
1223 4668 1547 4723 armaverat,
1576 4661 1667 4729 qui
1704 4676 1871 4715 unum

297 4767 354 4812 et
378 4754 774 4815 vcrumDeum,
807 4750 1092 4806 Dominum
1111 4749 1291 4804 Iesum
1324 4749 1597 4805 Christum
1627 4766 1747 4806 cum
1771 4751 1872 4805 Pa-

298 4856 385 4902 tre
420 4852 474 4898 et
522 4842 726 4912 Spiritu
783 4848 971 4895 sancto
1022 4839 1307 4894 colendum
1352 4840 1778 4910 praedicaverunt
1816 4851 1872 4899 et

297 4937 619 5000 timendum,
646 4935 950 5004 pariterque
978 4934 1030 4987 in
1058 4947 1172 4997 eos,
1200 4933 1289 5002 qui
1330 4934 1470 4988 banc
1496 4932 1684 4989 salutis
1714 4934 1871 4991 fidem

299 5032 498 5084 devoto
526 5028 688 5082 corde
711 5034 1055 5096 receperant;
1081 5040 1201 5081 cum
1224 5025 1366 5095 quod
1395 5025 1533 5080 male
1560 5026 1871 5097 cupierant,

295 5118 561 5191 perlicere
595 5126 817 5189 propter
865 5107 1101 5171 ﬁdelium
1146 5116 1541 5171 multitudinem
1585 5132 1691 5172 non
1733 5118 1876 5173 vale-

300 5222 450 5278 rent,
487 5212 587 5267 bac
614 5211 907 5267 calliditate
932 5225 1043 5265 suae
1085 5211 1218 5265 artis
1246 5211 1519 5276 instruxit,
1571 5226 1678 5281 quo
1703 5210 1876 5267 elllce-

301 5313 499 5362 rentur
524 5313 797 5374 compotes
824 5303 935 5357 voti
964 5302 1044 5357 sui
1073 5343 1089 5366 ,
1137 5312 1197 5356 ut
1236 5302 1570 5367 Domitiano,
1618 5303 1708 5372 qui
1756 5312 1877 5373 post

304 5397 609 5459 Neronem,
644 5395 958 5467 perditionis
1006 5394 1195 5457 lilium,
1224 5393 1516 5447 secundam
1550 5396 1877 5462 persecutio—

305 5503 436 5542 nem
462 5488 516 5541 in
547 5485 881 5541 Christianos
906 5484 1162 5546 exercuit,
1189 5498 1352 5553 super
1372 5485 1627 5538 virtutem
1655 5493 1707 5538 et
1743 5500 1877 5554 prae-

306 5575 597 5630 dicationis
640 5574 904 5643 praeconio
952 5572 1120 5628 sancti
1155 5572 1275 5636 viri,
1298 5573 1440 5641 quod
1492 5588 1550 5627 se
1581 5571 1692 5640 jam
1722 5573 1877 5644 longe

306 5668 526 5738 lateque
559 5665 859 5730 diffuderat,
892 5666 1203 5719 intimarent
1243 5678 1257 5716 :
1288 5672 1551 5733 quatenus
1570 5666 1722 5720 ocius
1755 5666 1877 5721 dco-

714 5759 991 5818 PnunL.
1030 5755 1183 5815 CVI.

1951 467 2020 522 ab
2044 466 2156 537 ipsa
2197 467 2473 522 hominum
2505 470 2762 525 memoria
2787 486 2886 541 per
2928 472 3263 544 Dionysium,
3295 485 3357 532 ut
3379 493 3529 536 asse-

1949 560 2163 625 rebant,
2207 559 2492 629 quemdam
2538 562 2982 633 praestigiatorem
3032 575 3088 620 et
3124 582 3338 640 magum
3388 570 3531 625 invi-

1950 652 2271 716 ctissimum,
2293 650 2516 722 ejusque
2534 667 2791 722 sequaces
2806 654 3137 723 abolebatur.
3155 657 3284 724 Quae
3305 661 3530 719 audiens

1952 743 2356 798 immanissimae
2402 744 2737 799 crudelitatis
2798 744 2974 800 bellua
3041 747 3408 817 Domitianus,
3472 751 3528 807 in

1952 847 2159 893 tantam
2204 837 2408 893 rabiem
2463 837 2850 908 indignationis
2878 841 3100 904 exarsit,
3127 848 3187 894 ut
3223 842 3529 914 ubicunque

1951 950 2050 1005 per
2073 949 2130 989 se
2155 932 2238 988 vel
2266 947 2363 1003 per
2391 947 2517 988 suos
2543 931 2806 987 satellites
2836 931 3197 989 Christianum
3225 938 3534 1007 quempiam

1953 1025 2255 1095 reperisset,
2284 1030 2377 1077 aut
2402 1029 2620 1094 cogeret
2660 1022 2763 1077 diis
2808 1022 3117 1078 sacrificare
3156 1025 3402 1093 incestis,
3439 1034 3534 1081 aut

1953 1116 2181 1172 diversis
2206 1116 2384 1185 pmnis
2410 1115 2691 1179 indictum,
2716 1113 2891 1182 gladio
2911 1114 3150 1170 traderet
3178 1117 3529 1185 puniendum.

1955 1204 2062 1262 Sed
2087 1217 2141 1263 et
2173 1215 2341 1261 totum
2368 1222 2464 1276 per
2488 1204 2589 1260 sibi
2612 1204 2881 1259 subditum
2908 1206 3094 1261 orbem
3113 1206 3171 1263 in
3184 1209 3393 1263 cunctis
3407 1209 3534 1264 civi-

1956 1300 2175 1363 tatibus,
2194 1299 2425 1370 oppidis,
2450 1297 2757 1367 municipiis
2782 1312 2997 1368 quoque
3016 1308 3071 1353 et
3097 1297 3232 1353 vicis
3257 1300 3534 1370 publicum

1955 1390 2210 1460 pependit
2247 1390 2481 1445 edictum
2505 1430 2520 1455 ,
2573 1398 2634 1443 ut
2661 1388 3147 1444 administrationis
3201 1389 3384 1446 infulis
3421 1405 3537 1446 ser-

1956 1483 2182 1547 vientes,
2207 1496 2395 1537 omnes
2436 1479 2634 1535 Christi
2673 1479 2910 1534 nominis
2961 1488 3232 1536 amatores
3264 1497 3536 1553 exponere

1958 1573 2257 1629 diversitati
2306 1571 2553 1643 supplicii
2599 1579 2964 1638 maturarent,
3010 1588 3079 1628 ne
3108 1588 3393 1644 superesse
3413 1590 3538 1647 pos-

1960 1673 2062 1730 set,
2087 1664 2176 1734 qui
2202 1663 2406 1717 valeret
2434 1663 2735 1732 acquirere,
2768 1664 2911 1732 quod
2945 1662 3173 1735 peribat.

2517 1792 2743 1849 CAPUT
2791 1792 2978 1849 XXIV.

2026 1884 2425 1941 Persecutionis
2446 1897 2575 1953 ergo
2604 1882 2874 1951 publicata
2897 1884 3185 1949 sententia,
3229 1884 3535 1953 iniquorum
3630 1919 3635 1925 ι

1957 1976 2198 2046 gaudens
2238 1974 2394 2028 turba
2425 1973 2478 2027 in
2510 1987 2726 2026 omnem
2755 1972 2938 2026 mundi
2972 1981 3179 2043 partem
3223 1974 3535 2030 bacchando

1955 2069 2321 2142 progreditur,
2353 2075 2410 2124 et
2451 2074 2639 2123 contra
2672 2066 3008 2121 Dominicum
3036 2068 3289 2138 populum
3333 2085 3539 2141 pugna-

1958 2169 2077 2216 tura
2095 2160 2391 2229 conspirat,
2423 2174 2531 2213 non
2579 2157 2820 2213 cunctati
2851 2166 3103 2228 appetere
3138 2159 3313 2231 gladio
3333 2201 3348 2225 ,
3402 2176 3538 2231 quos

1956 2250 2217 2306 Dominus
2246 2264 2372 2305 suos
2420 2256 2815 2304 monstraverat
2840 2262 2960 2303 esse
3002 2250 3296 2321 signaculo.
3327 2249 3442 2318 Qua
3469 2250 3538 2306 de

1959 2355 2018 2397 re
2049 2339 2194 2394 nulla
2223 2339 2337 2411 jam
2368 2354 2468 2409 pro
2501 2337 2717 2394 Christo
2748 2338 3080 2395 certantibus
3098 2342 3381 2409 przesentis
3419 2343 3542 2397 vitae

1960 2433 2343 2505 indulgebatur
2364 2431 2755 2502 tranquillitas,
2800 2432 2949 2486 nulla
2990 2442 3300 2489 sanctorum
3344 2441 3545 2506 marty-

1960 2540 2080 2581 rum
2104 2532 2222 2580 erat
2240 2532 2496 2580 excusata
2542 2523 2798 2588 libertas;
2842 2524 2936 2579 sed
2964 2524 3167 2591 cuncti,
3191 2524 3329 2595 proh
3355 2525 3539 2581 dolor!

1961 2625 2057 2672 aut
2074 2615 2604 2687 impiisjussionibus
2639 2615 2980 2682 obediebant,
3006 2624 3099 2670 aut
3118 2617 3261 2686 quod
3279 2626 3543 2674 statutum

1960 2724 1993 2764 a
2018 2708 2392 2764 crudelissimo
2424 2722 2624 2763 caesare
2659 2707 2855 2773 fuerat,
2880 2707 3246 2777 perferebant.
3282 2710 3544 2783 Dirigitur

1960 2798 2186 2868 proinde
2223 2796 2508 2868 praefectus
2543 2796 2872 2852 Fescennius
2896 2796 3186 2865 Sisinnius,
3213 2800 3409 2855 tradita
3436 2800 3543 2857 sibi

1962 2887 2133 2943 electa
2164 2887 2531 2957 apparitione,
2575 2901 2698 2942 cum
2741 2887 2945 2957 ingenti
2981 2888 3206 2957 strepitu
3248 2891 3316 2945 ad
3358 2896 3543 2959 partes

1961 2975 2374 3033 occidentalium
2396 2975 2692 3047 regionum,
2717 2984 2777 3028 ut
2796 2984 3044 3030 sanctum
3064 2991 3269 3044 senem,
3291 2978 3543 3034 nomina-

1884 3088 1930 3152 ρ
1964 3066 2340 3137 tissimumque
2374 3066 2621 3123 doctrina
2666 3066 2877 3131 virum,
2921 3074 2975 3121 et
3016 3066 3278 3122 virtutum
3312 3068 3542 3142 insigni-

1962 3160 2064 3215 bus
2086 3158 2416 3228 praecipuum
2445 3156 2738 3213 Macarium
2764 3157 3098 3228 Dionysium,
3121 3159 3429 3231 ubicunque
3452 3176 3543 3218 re-

1962 3248 2141 3318 perire
2165 3248 2461 3318 potuisset,
2504 3248 2845 3318 perquirens,
2883 3258 2976 3303 aut
3020 3249 3239 3305 decreto
3281 3252 3543 3322 principis

1963 3339 2118 3395 idolis
2167 3338 2477 3395 thurificare
2498 3338 2866 3409 compelleret,
2887 3348 2983 3397 aut
3022 3341 3310 3397 tormentis
3336 3341 3543 3398 lacera-

1964 3437 2078 3485 tum
2104 3429 2380 3485 immensis
2402 3436 2457 3485 et
2477 3430 2653 3501 paruis
2673 3429 3112 3500 exquisitissimis
3132 3439 3539 3500 tormentatum,

1963 3521 2107 3577 inter
2130 3531 2323 3578 caetera
2347 3521 2513 3577 etiam
2536 3520 2828 3577 secundum
2855 3521 3002 3593 leges
3026 3521 3320 3590 Romanas,
3336 3533 3544 3599 utpote

1963 3628 2111 3680 eum,
2133 3614 2224 3684 qui
2244 3613 2681 3684 praastantissima
2704 3612 2986 3669 nobilitate
3011 3620 3226 3673 terrena
3244 3614 3503 3673 ﬂoruerat
3521 3656 3541 3685 ,

1963 3714 2017 3761 et
2063 3714 2253 3761 contra
2293 3712 2511 3762 senatus
2553 3720 2618 3762 ac
2670 3705 3001 3777 Reipublicae
3046 3707 3537 3779 promulgationes,

1964 3805 2260 3877 contraque
2290 3799 2574 3869 imperium
2614 3808 2821 3871 egerat,
2853 3801 3079 3863 nudum,
3118 3799 3330 3868 publice
3376 3800 3543 3872 virgis

1965 3877 2187 3958 casum,
2211 3890 2387 3949 securi
2405 3898 2727 3960 percuteret.

2539 4020 2768 4077 CAPUT
2806 4021 2974 4077 XXV.

2036 4122 2222 4192 Itaque
2240 4135 2361 4176 cum
2381 4120 2669 4190 prmdictus
2697 4119 3025 4176 Pescennius
3040 4120 3309 4180 Sisinnius
3349 4124 3542 4196 suique

1967 4211 2455 4282 eommanipulares
2493 4219 2818 4283 praeceptum
2848 4212 3110 4289 principis
3142 4217 3541 4286 suscepissent,

1969 4321 2067 4377 pro
2081 4303 2298 4359 Macarii
2314 4302 2555 4373 Dionysii
2577 4302 2924 4373 inquisitione
2935 4302 3233 4360 Galliarum
3252 4315 3545 4375 penetrant

1969 4396 2123 4451 ﬁnes.
2149 4394 2354 4461 Quibus
2381 4393 2557 4447 adhuc
2582 4394 2767 4463 procul
2803 4393 3013 4463 positis,
3045 4396 3218 4451 sancti
3257 4397 3359 4451 viri
3399 4398 3541 4455 cele-

1971 4487 2067 4542 bre
2088 4499 2284 4541 nomen
2307 4483 2558 4539 innotuit.
2580 4484 2731 4540 Unde
2755 4484 2984 4555 amplius
3005 4484 3231 4549 efferati,
3260 4502 3420 4543 cursu
3446 4504 3544 4545 ve-

1971 4577 2181 4643 lociori,
2212 4575 2543 4631 tumentibus
2567 4575 2785 4640 animis,
2805 4575 3043 4631 vultibus
3079 4578 3419 4645 trucissimis,
3441 4579 3544 4635 Pa-

1973 4668 2136 4723 risius
2160 4667 2371 4723 adiere:
2397 4667 2485 4722 ubi
2532 4667 2747 4722 beatum
2792 4667 3101 4739 Dionysium
3142 4664 3332 4724 contra
3368 4672 3545 4726 incre-

1972 4756 2127 4812 dulos
2145 4756 2508 4821 dimicantem,
2552 4767 2608 4811 et
2643 4757 3027 4826 praedicatione
3062 4760 3318 4816 continua
3358 4763 3541 4833 populi

1973 4846 2365 4902 multitudinem
2391 4847 2457 4901 ad
2493 4846 2651 4903 fidem
2689 4847 2967 4902 inveniunt
2989 4848 3380 4906 exhortantem.
3406 4852 3540 4907 Cum

1977 4949 2084 5004 quo
2111 4937 2274 4988 etiam
2311 4934 2526 4990 beatum
2581 4935 2749 4988 virum
2788 4934 3068 4993 Rusticum
3107 4939 3542 5010 archipresbyte-

1978 5040 2120 5091 rum,
2153 5034 2208 5081 et
2243 5025 2608 5080 Eleutherium
2628 5026 3065 5082 archidiaconum
3090 5068 3107 5094 ,
3139 5044 3277 5099 quos
3315 5030 3429 5099 ipse
3467 5028 3545 5083 fa-

1977 5116 2154 5171 mulus
2166 5116 2376 5171 Domini
2395 5117 2448 5170 in
2470 5117 2582 5171 suis
2605 5116 2885 5171 ordinibus
2905 5128 3264 5183 consecrarat.
3285 5119 3543 5188 pradica-

1978 5208 2143 5264 tionis
2163 5216 2221 5265 et
2238 5208 2404 5262 divini
2429 5208 2667 5277 obsequii
2694 5210 3108 5273 comministros,
3132 5218 3539 5280 persecuturum

1978 5299 2128 5354 dirus
2160 5297 2311 5354 furor
2336 5298 2556 5352 invenit.
2583 5298 2645 5352 lli
2669 5300 2839 5354 sancti
2863 5300 2960 5354 viri
2985 5315 3016 5353 a
3036 5298 3328 5354 beatissimi
3347 5297 3544 5371 Diony-

1978 5394 2043 5449 sii
2068 5408 2339 5463 nunquam
2365 5393 2672 5448 sustinuere
2697 5394 2882 5449 abesse
2925 5392 3212 5463 praesentia
3237 5409 3251 5445 :
3279 5406 3414 5462 quos
3450 5393 3536 5448 di-

1978 5486 2102 5540 vina
2123 5485 2359 5555 dignatio
2389 5484 2573 5543 mterni
2615 5480 2761 5555 regni
2796 5485 2910 5554 jam
2936 5483 3249 5553 praesciebat
3274 5497 3394 5539 esse
3411 5497 3538 5538 con-

1979 5586 2153 5631 sortes
2177 5614 2191 5638 ,
2255 5589 2497 5645 quosque
2553 5576 2621 5629 ab
2678 5575 2905 5629 invicem
2959 5574 3142 5643 ignitae
3208 5573 3540 5644 tempestatis

1923 5706 1941 5728 .
1979 5664 2278 5728 insectatio,
2300 5680 2396 5734 per
2420 5666 2660 5735 martyrii
2689 5664 2981 5719 certamina
3020 5664 3168 5719 nullo
3204 5680 3313 5721 sua:
3336 5662 3542 5719 callidi-

3112 5754 3153 5813 2
