4064 6190
570 272 623 293 μη

552 296 627 325 *1)

1877 253 2035 312 “TA
2074 252 2133 307 S.
2174 250 2475 308 DlONYSll

3728 253 3792 310 44

559 383 814 450 tatis,aut
832 379 1134 438 severitatis
1153 384 1271 451 astu
1290 388 1546 447 separare
1564 370 1861 444 praevaluit.
1892 367 2133 436 Denique
2160 366 2212 424 Α
2235 380 2342 420 una
2371 378 2495 420 cum
2523 364 2745 435 magicis
2774 362 3083 451 praestigiis,
3113 356 3230 419 orbi
3258 377 3395 433 pene
3419 349 3666 419 Romano
3693 366 3794 420 cal-

530 476 819 533 -adventus
846 470 1082 540 prmfeeti
1124 467 1401 537 Fescennii
1441 463 1687 530 Sisinnii,
1708 477 1831 519 cum
1858 460 2132 514 Romano-

2233 454 2343 512 lere
2380 454 2691 521 innotuerit.
2755 454 2837 509 Ex
2874 446 2960 509 his
3000 454 3143 508 enim
3190 452 3372 507 Romae
3412 454 3551 531 satis
3589 455 3794 512 audivi-

522 594 525 597 λ
556 580 679 622 rum
703 551 931 618 militum
956 559 1309 631 apparitione,
1338 558 1394 612 in
1428 558 1563 612 urbe
1584 554 1937 619 Parisiorum,
1957 560 2011 606 ct
2031 564 2129 619 per
2187 563 2351 631 ‘imus
2377 563 2392 614 ;
2440 554 2648 602 tantum
2686 542 2883 602 cdicito
2921 548 2967 602 si
2998 548 3186 619 magni
3226 547 3485 617 principis
3512 549 3789 606 Domitiani

534 670 771 715 .omnem
807 652 1089 725 regionem
1127 648 1304 705 subito
1342 653 1688 718 personatur,
1713 651 1767 699 et
1799 659 1830 697 a
1880 639 2129 711 primori-
2186 628 2193 634 ’
2226 640 2393 710 jussis
2416 638 2655 704 obedire,
2679 648 2733 694 et
2759 637 3140 693 immortalium
3165 638 3385 713 deorum
3408 638 3531 708 jura
3555 648 3796 719 venerari

558 760 659 805 bus
702 740 982 810 civitatum
1024 740 1322 807 Galliarum
1342 737 1428 824 ,οἱ
1478 734 1784 792 occurritur
1828 730 2129 817 imperial’is

553 843 724 914 jussio
744 854 938 912 urgens
961 852 1121 907 super
1161 810 1384 905 captura
1407 830 1580 886 sancti
1619 810 1888 905 pontiﬁtiis
1914 810 2129 881 Macarii

560 933 818 1006 Dionysii,
838 946 959 988 cum
982 929 1130 987 omni
1153 926 1377 996 imperio
1403 923 1722 995 divulgatur.

1115 1016 1339 1075 CAPUT
1377 1014 1565 1087 xxvi.
1765 1075 1769 1080 ,
1802 1074 1807 1078 ,
1860 1075 1871 1081 ν

547 1134 554 1141 ’
632 1119 701 1173 Et
723 1116 849 1187 quia
872 1114 1129 1183 Dominus
1148 1110 1308 1176 Jcsus
1327 1109 1577 1165 Christus
1595 1106 1686 1161 diu
1720 1104 1984 1161 laboranti
2009 1088 2130 1157 seni

562 1210 922 1273 sanctissimo,
943 1206 1167 1283 sudores
1191 1202 1547 1275 certaminum
1571 1214 1792 1281 suorum
1818 1197 2134 1279 decreverat

504 1334 509 1337 ι
537 1302 763 1373 proprii
792 1299 1069 1372 sanguinis
1096 1278 1244 1352 fonte
1272 1282 1525 1368 abluere,
1542 1277 1649 1363 quo
1669 1301 1859 1367 posset
1886 1277 2128 1371 liberius,

563 1394 742 1453 carnis
778 1384 999 1449 sarcina
1027 1390 1309 1454 liberatus,
1347 1396 1409 1449 et,
1428 1399 1592 1456 super
1618 1384 1801 1453 nivem
1828 1381 2127 1447 dealbatu's,

560 1482 862 1555 praesentiae
890 1480 1031 1539 illius
1056 1486 1254 1543 astare,
1273 1540 1276 1543 _
1294 1485 1349 1533 et
1385 1475 1477 1546 qui
1504 1474 1850 1544 semetipsum
1876 1460 2133 1537 holocau-

561 1580 703 1627 stum
723 1567 1048 1634 odoriferam
1068 1566 1349 1649 oﬁ'erebat,
1366 1562 1707 1635 sacriﬁcium
1730 1560 1919 1616 laudis.
1930 1560 2133 1635 jugiter

563 1659 879 1716 immolare:
912 1657 981 1715 ab
1020 1653 1397 1723 innumerabili
1436 1667 1575 1725 pene
1612 1659 1835 1707 caterva
1876 1650 2133 1706 daemoni-

496 1822 503 1834 ⁸
540 1766 750 1806 eorum
778 1747 1303 1822 virorumlcernitur,
1333 1752 1390 1809 et
1416 1742 1872 1819 sanctus'Domini
1896 1743 2129 1821 capitur,
2161 1720 2208 1782 Β

561 1842 820 1911 illudimr,
850 1838 983 1913 loris
1011 1837 1317 1913 durissimis
1358 1834 1734 1891 crudelissime
1771 1830 1989 1913 ligatur,
2022 1844 2132 1889 tra-

560 1932 748 2007 hitur,
775 1938 832 1987 et
856 1910 1130 2008 Iunaeum
1161 1910 1349 1984 sancto
1378 1926 1602 1982 Rustico
1641 1910 2128 2008 archipresbytero,

559 2033 615 2097 et
643 2004 950 2093 Eleutherio
978 2004 1357 2094 archidiacouo
1386 2033 1509 2083 suo,
1549 2004 1791 2090 praefecti
1831 2018 2135 2089 praesentia:

556 2096 793 2181 'Sisti'tur.
814 2100 995 2177 Quem
1021 2124 1145 2163 cum
1176 2096 1344 2163 nimia
1373 2096 1660 2163 severitate
1686 2104 1977 2177 praefectus
2005 2104 2135 2162 allo-

492 2190 495 2195 “
534 2196 766 2275 "quitur,
807 2200 993 2255 dicens
1026 2217 1039 2253 :
1069 2186 1229 2252 'Tune
1265 2212 1326 2252 es
1374 2194 1463 2252 ille
1500 2195 1907 2271 infandissimus
1945 2209 2132 2261 senex,

563 2293 655 2363 qui
682 2292 880 2348 diceris
901 2290 1188 2369 Dionysius
1208 2289 1455 2355 Ionicus,
1482 2297 1537 2345 et
1563 2288 1930 2359 agnominaris
1957 2287 2135 2369 Maca-

486 2442 494 2451 ,
548 2384 697 2451 "rius,
719 2366 996 2461 quietiam
1019 2376 1241 2438 deorum
1264 2390 1572 2453 nostrorum
1595 2380 1861 2434 culturam
1879 2364 2134 2442 evacuas,

562 2485 620 2532 et
642 2460 980 2531 invictissimi
1011 2460 1269 2545 principis
1302 2481 1502 2528 statuta
1527 2472 1867 2549 contemnis?
1892 2471 1992 2527 Cui
2010 2471 2137 2526 bea-

529 2581 532 2584 '
566 2560 653 2623 tus
681 2550 969 2637 Dionysius
989 2550 1103 2618 ait:
1143 2561 1320 2619 Senex
1348 2562 1563 2632 quidem
1592 2578 1709 2617 sum
1746 2577 2003 2631 corpore,
2042 2562 2138 2617 sed

565 2650 777 2737 fcrvore
794 2654 1099 2729 devotionis
1131 2661 1187 2710 et
1218 2646 1343 2724 ﬁdei
1369 2650 1531 2724 atque
1555 2653 1779 2709 salutari
1799 2638 2137 2729 confessione

564 2750 777 2805 Domini
807 2758 862 2805 et
889 2747 1185 2825 Salvatoris
1214 2744 1476 2815 mei'Jesu
1500 2742 1732 2819 Christi,
1776 2758 1971 2799 maneo
1997 2758 2138 2799 sem-

563 2857 661 2913 per
690 2856 893 2923 novus,
944 2849 1001 2895 et
1038 2831 1213 2915 gnovo$
1258 2838 1334 2893 illi
1381 2839 1593 2910 genitos
1619 2852 1738 2908 ‘per
1779 2834 2136 2891 ministerium

564 2934 1147 3011 prmdicationi‘sgmea:
1195 2931 1481 2996 infantes,
1508 2944 1654 3001 quos
1704 2926 1780 2983 illi
1827 2927 1949 2985 fons
1994 2927 2137 2984 sacri

554 3030 907 3102 baptismatis
947 3023 1203 3103 parturit,
1234 3026 1541 3085 rationabili
1583 3014 1985 3095 lacte‘paSccre
2019 3024 2135 3081 sine

568 3118 691 3176 dolo
720 3134 833 3189 non
860 3116 1032 3188 cesso.
1064 3116 1170 3173 Sed
1193 3125 1248 3185 et
1271 3115 1412 3172 illius
1433 3116 1691 3189 principis
1716 3116 1872 3180 scita,
1897 3115 1989 3185 qui
2009 3128 2140 3170 vere

568 3221 654 3269 est
687 3202 1106 3281 invictissimus,
1146 3206 1419 3264 innocenti
1453 3193 1615 3278 Opere
1651 3202 1940 3271 et'mundo
1975 3204 2139 3260 corde

569 3316 848 3359 conservo.
878 3298 977 3356 Cui
1001 3297 1285 3370 praefectus
1312 3314 1324 3353 :
1359 3297 1612 3369 Dic'ergo
1637 3296 1792 3368 cujus
1818 3296 2057 3351 numinis
2086 3303 2140 3351 te

468 3460 473 3465 ι
566 3388 840 3463 proﬁteris
866 3404 986 3444 esse
1012 3388 1303 3464 cultorem,
1336 3390 1390 3442 et
1417 3386 1574 3457 cujus
1602 3387 1928 3456 conditionis
1963 3394 2017 3442 te
2053 3401 2142 3442 as-

570 3481 725 3537 scris.
757 3479 908 3537 Tunc
933 3470 988 3535 hi
1017 3485 1128 3551 tres
1152 3478 1448 3537 beatissimi
1480 3477 1601 3544 viri,
1626 3464 1935 3549 Dienysius,
1960 3466 2143 3534 Rusti-

570 3584 666 3625 cus
688 3575 743 3623 et
767 3565 1129 3641 Elcu'theri‘us,
1151 3567 1224 3621 ita
1249 3568 1390 3621 dono
1414 3566 1584 3622 sancti
1606 3556 1842 3637 Spiritus
1868 3567 2137 3637 inspirati,

460 3668 477 3751 ς
568 3667 627 3716 et
651 3658 768 3713 zelo
797 3656 918 3711 ﬁdei
948 3654 1281 3722 inﬂammati,
1323 3670 1455 3711 sono
1479 3656 1637 3711 unius
1658 3656 1806 3731 vocis
1828 3657 2141 3728 eisdemque

568 3747 770 3813 verbis,
797 3761 920 3801 cum
948 3754 1054 3800 nan
1081 3745 1184 3801 nisi
1216 3761 1356 3814 unus
1385 3738 1829 3817 interrogaretur,
1860 3738 2142 3803 reddidere

572 3853 907 3909 responsum,
940 3852 1005 3893 ac
1031 3837 1079 3894 si
1107 3838 1268 3893 unius
1293 3836 1528 3893 hominis
1559 3853 1655 3893 ore
1679 3852 1858 3894 sermo
1884 3838 2141 3908 procede-

572 3939 673 4000 ret.
699 3930 758 3987 In
781 3932 907 3998 hoc,
948 3929 1217 4001 inquiunt,
1240 3927 1585 3986 manifestum
1607 3938 1693 3986 est
1714 3943 1812 3986 nos
1835 3943 1957 3985 esse
1979 3930 2144 3985 veris-

571 4024 739 4083 simus
764 4023 1131 4090 Christianos,
1158 4024 1475 4093 eumeorde
1503 4023 1808 4090 credamus,
1837 4038 1935 4079 ore
1952 4021 2140 4091 conﬁ-

573 4127 802 4195 teantur,
833 4124 888 4173 et
911 4130 1078 4187 opere
1110 4116 1201 4195 pio
1225 4115 1467 4184 colamus
1492 4106 1729 4182 Patrem,
1754 4124 1812 4172 et
1841 4114 2058 4193 Filium,
2086 4125 2143 4171 et

574 4192 835 4280 Spiritum
861 4190 1325 4276 sanctum,'unum
1354 4208 1521 4264 Deum
1548 4223 1614 4263 ac
1639 4208 1951 4276 Dominum,
1981 4190 2057 4262 ita
2084 4218 2143 4264 ut

575 4302 629 4355 in
659 4300 901 4361 trinitate
924 4297 1195 4369 perfecta,
1227 4305 1282 4361 et
1302 4296 1683 4367 plenitudosit
1710 4297 2039 4364 divinitatis,
2087 4305 2145 4367 et

2161 3069 2208 3133 C

2232 730 2545 809 disponitis;
2583 731 2666 786 sin
2694 741 2896 797 autem,
2924 745 3030 785 non
3054 728 3361 795 verborum,
3391 731 3484 783 sed
3514 716 3795 786 verberum

2232 812 2629 878 conflictatione
2654 823 2930 878 vobiscum
2956 822 3187 891 viriliter
3208 822 3519 877 decertabo.

2438 984 2441 989 ι
2552 996 2557 999 ι
2767 913 2993 1003 caper
3031 907 3244 969 xxvu.
3277 978 3283 983 ,
3480 982 3483 985 λ

2231 1016 2237 1025 ’
2285 1006 2523 1078 Cumque
2540 1007 2655 1061 haec
2672 1002 2981 1075 agerentur,
2999 1013 3053 1059 et
3070 1006 3274 1068 secum,
3292 1002 3579 1083 prmfecms
3600 1004 3801 1061 Scilicet

2218 1084 2287 1173 [et
2314 1097 2485 1153 sancti
2515 1096 2746 1169 Domini,
2776 1103 3172 1166 qumrcrentur,
3205 1095 3452 1164 quaedam
3480 1095 3695 1165 inclytm
3721 1095 3796 1150 fa-

2223 1188 2395 1265 milia:
2424 1185 2667 1243 matrona
2697 1186 2910 1257 nobilis,
2945 1185 3115 1241 multo
3146 1185 3405 1253 comitatu
3437 1185 3635 1255 stipata
3654 1226 3670 1251 ,
3707 1201 3800 1239 no-

2211 1282 2379 1336 .mine
2406 1266 2600 1336 Larcia
2636 1277 2979 1351 Supervenit,
3019 1277 3350 1351 compellans
3378 1276 3726 1346 praefectum,
3769 1293 3801 1333 a

2222 1374 2490 1455 TDionysio
2524 1373 2739 1439 Ionico,
2783 1360 3068 1443 agnomine
3115 1369 3369 1439 Macario,
3419 1370 3596 1424 virum
3642 1385 3797 1424 suum

2235 1468 2476 1545 Lisbium
2522 1466 2747 1538 magicis
2790 1465 2998 1539 artibus
3044 1471 3225 1518 mente
3269 1471 3489 1532 captum
3515 1501 3531 1526 ,
3585 1469 3642 1515 et
3688 1459 3803 1528 ejus

2236 1542 2755 1631 transgressionibus
2803 1546 3099 1635 sociatum.‘
3151 1554 3252 1620 Qui
3296 1553 3478 1608 statim
3527 1542 3802 1622 quaesitus,

2236 1663 2483 1727 repertus
2522 1661 2699 1709 estet
2737 1652 3027 1713 adductus,
3070 1656 3232 1717 atque
3262 1647 3315 1701 in
3336 1644 3542 1721 Christi
3573 1643 3806 1698 nominis

2237 1728 2610 1809 confeSsione,
2658 1740 2913 1812 praefecto
2958 1736 3201 1794 dictante
3247 1735 3570 1792 sententiam
3616 1733 3808 1788 mortis

2218 1823 2941 1917 excipiensgtransmissus
2987 1842 3077 1905 est
3112 1832 3238 1885 vita:
3284 1837 3574 1900 perpetuae.
3624 1823 3809 1880 Sancti

2236 1945 2365 1997 vero
2390 1929 2647 2003 Domini,
2697 1928 2993 1984 tortoribus
3033 1924 3259 1991 traditi,
3305 1918 3372 1979 ad
3415 1918 3809 1994 pmnalialoca

2224 2020 2385 2104 iducti
2411 2027 2591 2095 sunt,
2620 2027 2677 2075 et
2719 2019 2775 2074 in
2816 2025 3110 2088 conspectu
3146 2010 3465 2071 sanctorum
3506 2010 3712 2066 Rustici
3732 2018 3811 2099 “et

2237 2110 2564 2185 Eleutherii,
2590 2119 2659 2187 _ut
2674 2119 3080 2187 tormentorum
3109 2107 3277 2178 ipsius
3306 2114 3514 2162 terrore
3543 2105 3611 2161 ab
3637 2105 3812 2159 inten-

2236 2202 2383 2258 tione
2423 2218 2520 2258 sua
2562 2203 2972 2273 resipiscerent,
3011 2199 3281 2271 pretiosus
3316 2196 3687 2267 eampiductor
3717 2208 3813 2249 eo-

2238 2309 2381 2360 rum,
2404 2304 2460 2350 et
2484 2293 2813 2350 fortissimus
2840 2290 3045 2348 athleta
3068 2288 3282 2345 Domini
3310 2286 3594 2359 Dionysius
3620 2300 3815 2356 exspo-

2238 2383 2422 2457 liatur,
2458 2393 2514 2440 et
2552 2394 2677 2445 toto.
2695 2399 2924 2454 corpore
2952 2383 3146 2447 nudus,
3178 2395 3208 2434 a
3237 2379 3405 2435 ternis
3436 2379 3666 2433 militum
3695 2386 3813 2432 ter-

2238 2462 2495 2533 nionibus
2515 2476 2755 2532 vicissim
2784 2466 3103 2547 flagellatur,
3135 2488 3234 2541 nec
3253 2468 3645 2536 vincitur.'Qui
3673 2464 3819 2547 inter

2217 2572 2475 2655 crepitus
2500 2571 2789 2625 verberum
2812 2569 2911 2624 Dei
2949 2560 3175 2639 gloriam
3207 2560 3513 2620 collaudarc
3532 2603 3546 2627 ,
3584 2564 3819 2635 etcom—

2238 2644 2509 2717 militones
2540 2676 2690 2727 suos,
2724 2671 2783 2715 ut
2811 2660 2879 2714 ad
2907 2659 3024 2715 ιιωο
3050 2650 3109 2713 Se
3136 2656 3366 2711 invictos
3386 2644 3781 2725 {praepararent
3802 2690 3818 2715 ,

2234 2768 2580 2810 commonere
2606 2770 2618 2807 :
2649 2766 2946 2821 omnesque
2971 2748 3179 2812 ﬁdeles,
3212 2754 3272 2801 ut
3299 2744 3425 2800 hinc
3452 2744 3506 2797 in
3532 2741 3819 2798 Dominica

2238 2845 2344 2902 ﬁde
2370 2846 2876 2910 corroborarentur,
2900 2858 3009 2898 non
3035 2839 3234 2910 desinit
3252 2837 3568 2909 pnedicare,
3593 2835 3818 2891 dicens:

2237 2936 2473 2993 Laudem
2528 2936 2739 3011 Domini
2785 2935 3033 3004 loquetur
3077 2946 3142 2989 os
3167 2924 3392 3011 meum,
3431 2934 3488 2980 et
3536 2925 3824 2981 nenetlicat

2237 3029 2416 3085 onmis
2440 3043 2566 3084 caro
2594 3042 2791 3083 nomen
2819 3033 3066 3094 sanctum
3092 3019 3209 3095 ejus
3233 3035 3248 3074 :
3278 3018 3535 3090 quoniam
3563 3015 3821 3086 stigmata

2238 3120 2507 3191 passionis
2532 3118 2732 3174 Christi
2769 3114 3014 3187 perferre
3042 3106 3237 3185 dignus
3284 3108 3504 3166 habitus
3550 3106 3667 3162 sum
3716 3102 3823 3181 pro

2237 3210 2583 3267 confessione
2626 3210 2744 3278 ejus
2791 3209 2848 3263 in
2895 3220 3123 3283 corpore
3155 3218 3318 3259 meo:
3351 3201 3495 3272 quod
3528 3207 3612 3255 est
3646 3199 3825 3270 gloria

2238 3310 2443 3370 vestra,
2472 3318 2505 3359 o
2529 3301 2630 3373 viri
2657 3300 2859 3367 ﬁdeles,
2882 3310 2941 3355 et
2967 3295 3304 3355 dilectissimi
3330 3288 3548 3350 fratres.
3583 3288 3826 3362 Ideoque

2237 3394 2436 3459 videte,
2461 3406 2531 3447 ne
2555 3389 2821 3469 deﬁciatis
2848 3390 2903 3445 in
2931 3376 3370 3469 tribulationibus
3390 3385 3552 3450 meis,
3579 3381 3673 3438 sed
3700 3398 3827 3437 ma-

2238 3486 2321 3566 gis
2362 3474 2649 3553 armentur
2671 3466 2838 3559 corda
2864 3489 3087 3559 vestra,
3136 3489 3192 3535 et
3238 3479 3307 3534 ad
3328 3466 3823 3566 gsimiliapropter

2162 3630 2169 3637 κ
2240 3556 2483 3634 amorem
2503 3575 2719 3631 Domini
2743 3556 2917 3631 nostri
2938 3556 3069 3629 Iesu
3087 3570 3290 3628 Christi
3312 3556 3507 3637 oderre
3528 3556 3830 3641 promptis-

2239 3669 2379 3726 sime
2408 3682 2639 3739 corpora
2667 3676 2868 3724 vestra.
3039 3740 3045 3745 ~
3078 3726 3083 3735 ,
3130 3724 3131 3727 η

2636 3826 2639 3829 λ
2736 3759 2999 3832 carm
3037 3757 3281 3840 xxvut,
3434 3830 3439 3839 η

2310 3854 2677 3927 Flagellantur
2714 3855 2879 3933 etiam
2924 3853 3181 3925 Rusticus
3206 3832 3633 3923 etil‘ilcutherius
3680 3850 3828 3906 satis

2238 3949 2505 4003 acerrime
2528 3988 2544 4013 ,
2591 3954 2647 4002 et
2694 3947 2960 4003 immenso
3005 3952 3321 4021 catenarum
3367 3943 3627 4023 pondere,
3652 3941 3827 3996 simul

2239 4038 2412 4096 sancti
2437 4037 2653 4094 Domini
2682 4044 3000 4103 onerantur,
3031 4042 3088 4107 et
3118 4035 3172 4089 in
3201 4020 3533 4104 ergastulum
3565 4020 3832 4088 tenebro-

2241 4131 2437 4188 sissimi
2477 4129 2713 4185 carceris
2752 4127 3126 4193 retruduntur.
3179 4125 3417 4194 Indeque
3460 4124 3529 4178 ad
3571 4120 3833 4193 praefecti

2241 4222 2570 4295 auditionem
2604 4219 2844 4283 reducti,
2876 4219 2934 4299 in
2960 4217 3185 4299 catastis
3211 4216 3422 4272 extensi
3457 4227 3512 4270 et
3539 4214 3832 4286 ﬁagellati,

2241 4313 2467 4369 Domino
2493 4312 2696 4383 gratias
2725 4294 3051 4377 referebant.
3092 4308 3242 4362 Tunc
3270 4306 3617 4361 beatissimus
3642 4312 3698 4363 et
3727 4320 3839 4360 ae-

575 4389 757 4444 unitas
784 4386 1088 4459 potestatis.
1142 4386 1645 4453 Dominumrautem
1679 4388 1925 4461 nostrum
1953 4385 2137 4443 Iesum

2241 4405 2520 4476 ceptabilis
2544 4403 2773 4460 Domino
2796 4402 2972 4458 hostia
2995 4400 3304 4471 Dionysius,
3326 4398 3381 4453 in
3400 4386 3573 4454 oculis
3594 4412 3837 4452 suorum

583 4479 882 4545 Christum,
926 4493 1090 4534 unam
1126 4492 1195 4543 ex
1220 4478 1417 4553 eadem
1454 4486 1637 4533 sancta
1666 4477 1930 4553 Trinitate
1954 4494 2141 4551 perso-

575 4588 726 4639 nam,
748 4574 1062 4629 Deumvante
1080 4580 1319 4641 tempora
1342 4571 1640 4641 saecularia,
1661 4571 1935 4645 hominem
1953 4554 2142 4629 verum

2241 4511 2404 4567 super
2442 4495 2641 4550 lectum
2684 4493 2950 4559 ferreum,
2980 4490 3275 4562 suppositis
3316 4489 3550 4544 ﬂammis
3570 4528 3585 4551 ,
3636 4488 3842 4545 nudus

2208 4593 2497 4642 .extensus
2527 4591 2612 4640 est
2635 4591 2693 4639 et
2715 4581 2990 4647 cantabat,
3020 4581 3207 4637 dicens
3234 4577 3514 4652 {Ignitum
3540 4577 3841 4648 eloquium

576 4675 800 4737 propter
825 4666 1053 4723 salutem
1085 4665 1362 4722 hominum
1409 4680 1493 4729 ex;
1520 4666 1680 4722 beata
1726 4666 1895 4723 Maria
1929 4681 2143 4738 semper
2170 4700 2173 4703 -

576 4758 788 4830 virgine
811 4757 867 4812 in
893 4756 1001 4829 ﬁne
1027 4763 1329 4827 temporum
1355 4754 1576 4821 factum,
1605 4772 1843 4826 passum,
1871 4768 2141 4813 mortuum

579 4857 637 4906 et
659 4848 960 4920 sepultum,
992 4848 1138 4904 etab
1164 4847 1352 4902 inferis
1381 4847 1765 4903 resuscitatum
1785 4888 1801 4912 ,
1847 4848 2034 4904 sedere
2072 4849 2141 4904 ad

580 4943 863 4999 dexteram
911 4948 1151 5015 paternae
1198 4940 1500 5011 majestatis
1552 4942 1608 4996 in
1658 4943 1888 5002 excelsis
1913 4984 1928 5008 ,
1983 4924 2145 5013 super

564 5034 796 5089 'omnem
834 5033 1195 5105 principatum
1216 5040 1290 5087 et
1322 5042 1645 5104 potestatem
1674 5034 1979 5101 cmlcstem,
2012 5051 2142 5089 ven-

581 5138 764 5187 turum
793 5128 861 5185 ad
892 5126 1211 5197 iudicandos
1236 5127 1384 5182 vivos
1413 5135 1470 5181 et
1503 5135 1774 5189 mortuos,
1800 5137 1855 5185 et
1890 5127 2143 5182 saeculum

580 5234 680 5290 per
706 5219 915 5292 ignem,
946 5219 1001 5273 in
1030 5218 1220 5274 melius
1250 5218 1661 5283 immutandum,
1693 5220 1923 5277 ﬁdeliter
1950 5221 2145 5290 pracdi-

581 5324 787 5367 camus.
818 5310 973 5386 Tunc
997 5308 1282 5381 praefectus
1305 5309 1440 5364 dixit
1465 5328 1477 5362 :
1516 5308 1633 5365 Non
1660 5311 1792 5383 mihi
1822 5310 2033 5381 jussum
2060 5321 2145 5367 est

524 5444 525 5447 η
583 5396 652 5452 de
678 5397 766 5453 bis
791 5396 1044 5468 quiddam
1072 5398 1344 5454 vobiscum
1373 5413 1561 5468 agerc,
1598 5400 1895 5467 praesertim
1932 5416 2052 5455 cum
2094 5411 2144 5456 te

580 5484 872 5557 decrepita;
898 5498 956 5547 et
980 5489 1229 5560 pessima:
1266 5487 1560 5544 senectutis
1599 5490 1765 5544 nimia
1804 5491 2103 5559 eloquentia
2123 5530 2139 5555 ,

581 5585 642 5633 et
666 5580 1205 5648 profundissimorum
1231 5566 1521 5637 verborum
1550 5583 2020 5653 tergiversatione,
2061 5592 2145 5639 at-

582 5680 692 5738 que
722 5668 863 5724 ultra
891 5680 1141 5728 naturam
1178 5664 1464 5730 humanam
1505 5672 1558 5726 in
1594 5673 1775 5742 populi
1808 5675 2137 5740 seductionc,

2241 4682 2415 4741 tuum,
2441 4674 2695 4739 Domine,
2726 4674 3095 4737 vehementer,
3144 4679 3200 4725 et
3246 4685 3436 4725 servus
3474 4677 3598 4722 tuus
3628 4665 3845 4724 dilexit

2243 4764 2393 4821 illud.
2423 4763 2736 4834 Propterea,
2771 4762 2997 4818 Domine
3020 4759 3148 4817 Jesu
3176 4760 3407 4826 Christe,
3427 4758 3844 4827 omnipotentis

2244 4857 2340 4914 Dei
2362 4856 2560 4923 Patris,
2581 4856 2754 4912 virtus
2779 4862 2836 4910 et
2859 4854 3147 4923 sapientia,
3169 4854 3261 4914 qui
3288 4852 3451 4907 dixit:
3478 4849 3612 4904 Cum
3642 4856 3844 4905 trans-

2245 4949 2376 5006 ieris
2424 4963 2520 5019 per
2560 4949 2773 5025 ignem,
2815 4944 3045 5000 ﬂamma:
3074 4960 3180 5000 non
3212 4943 3480 4998 nocebunt
3519 4950 3608 4995 te:
3642 4948 3696 4995 et
3731 4941 3851 4996 de-

2246 5042 2373 5097 disti
2419 5040 2555 5096 mihi
2602 5037 3051 5109 periculosiorem
3101 5036 3277 5107 ignem
3328 5034 3386 5088 in
3432 5031 3851 5102 cupiditatibus

2246 5132 2483 5198 vincere,
2510 5130 2595 5185 fac
2618 5137 2673 5183 et
2698 5128 2765 5183 ad
2786 5128 3029 5184 nominis
3056 5127 3134 5184 tui
3158 5125 3382 5196 gloriam
3412 5124 3554 5179 hanc
3579 5122 3858 5179 adustio-

2245 5239 2367 5278 nem
2396 5238 2482 5278 me
2509 5234 2782 5291 superare,
2813 5228 2866 5274 et
2896 5219 2975 5274 sic
3003 5234 3126 5274 cum
3156 5217 3408 5272 ambusto
3441 5223 3555 5269 toto
3587 5228 3854 5285 corpore

2251 5315 2439 5368 fuisset
2481 5310 2709 5377 levatus,
2756 5311 2826 5367 ad
2868 5309 3072 5364 bestias
3102 5306 3485 5370 ferocissimas,
3523 5303 3578 5357 in
3608 5302 3853 5359 rabiem
3940 5321 3947 5325 '

2252 5402 2416 5458 multo
2436 5399 2643 5471 jejunio
2672 5400 2956 5463 excitatas,
2995 5394 3267 5466 projectus
3305 5394 3619 5464 subrigitur.
3668 5390 3852 5458 Quos

2249 5494 2586 5563 cumjmpetu
2600 5490 2924 5545 validissimo
2938 5486 3307 5557 conSpexisset
3318 5498 3739 5550 accurrere,cou
3749 5494 3855 5538 tm

2249 5602 2340 5641 eas
2368 5582 2572 5639 faciens
2610 5581 2821 5650 signum
2851 5577 3058 5645 crucis,
3099 5584 3154 5632 et
3181 5575 3481 5647 suspiciens
3509 5575 3563 5628 in
3592 5570 3745 5628 ctelu
3757 5590 3855 5637 m,

2251 5677 2327 5732 ait
2352 5694 2365 5731 ε
2386 5674 2507 5742 ¹Τιι,
2535 5664 2781 5737 Domine,
2808 5670 2896 5740 qui
2929 5668 3307 5746 semper-idem
3338 5652 3422 5735 es,
3452 5665 3636 5722 adesto
3664 5677 3857 5729 nunc
