4008 6206
352 296 408 362 ι5
1585 309 1897 367 AUCTORE

1998 312 2140 368 [LD-U
2147 310 2278 369 1Νο.
2983 339 2991 342 ν
3471 321 3540 376 46

358 422 495 486 mihi,
532 421 779 477 eamdem
807 424 1101 495 potentiam
1129 424 1430 488 exercudo,
1472 438 1634 493 quam
1672 424 1725 477 in
1766 423 1885 479 lacu
1912 427 1960 485 Α
1986 423 2239 480 Rusticus
2264 434 2318 481 et
2343 426 2696 495 Eleutltcrius,
2727 432 2778 483 lu
2816 431 3004 501 agonia
3056 434 3174 504 pari
3206 432 3547 491 confessione

363 529 485 568 servo
516 522 603 568 tuo
632 513 845 569 Danieli
887 516 1306 575 misericorditer
1342 516 1632 571 contulisti.
1686 515 1884 572 Perve—

364 603 528 657 nientes
564 612 756 682 autem.
792 604 861 658 ad
888 619 1013 660 eum
1040 605 1254 671 bestiae,
1297 606 1728 664 mansuetissime
1766 623 1887 678 pro-

363 692 574 748 cidebant
609 693 683 748 ci.
738 694 1118 765 Przeparantur
1158 712 1369 768 quoque
1415 698 1647 762 ingentia
1691 698 1887 753 clibani

363 784 567 838 incendia
593 824 609 846 ,
659 793 713 863 et
750 785 804 839 in
833 799 900 840 ea
927 772 1242 841 vir'Dom'ini
1273 786 1331 841 S.
1365 788 1668 859 Dionysius,
1697 787 1888 843 vexillo

360 886 525 930 sanctae
552 876 731 931 crucis
757 884 1022 943 armatus,
1062 875 1363 947 projicitur,
1396 887 1451 933 et
1484 879 1591 944 bie,
1622 877 1886 948 inquiens,

361 967 465 1021 mihi
490 981 595 1021 non
625 968 823 1034 deeris,
871 968 1096 1023 Domine
1135 966 1262 1024 Jesu
1293 970 1505 1026 Christe
1528 1012 1541 1037 ,
1590 979 1651 1024 ut
1695 971 1889 1025 illwsus

364 1058 441 1112 hac
468 1059 625 1111 etiam
662 1060 903 1129 perpetui
938 1060 1189 1115 tormenti
1229 1061 1543 1132 imaginaria
1580 1077 1889 1118 concrema-

365 1150 480 1203 tionc
522 1150 807 1220 egrediar:
842 1148 1085 1222 'roreque
1118 1153 1208 1208 ‘tui
1253 1154 1426 1210 sancti
1460 1154 1707 1224 Spiritus
1731 1196 1746 1216 ,
1794 1155 1893 1209 bos

369 1239 461 1294 fidei
488 1255 615 1295 mea:
639 1240 796 1295 sedes
812 1255 1008 1325 rogos,
1048 1243 1138 1314 qui
1182 1234 1547 1313 rhompbazam
1575 1243 1795 1314 ignitam
1836 1244 1892 1298 in

368 1330 628 1386 custodiam
655 1333 913 1402 paradisi,
942 1335 1155 1391 cruoris
1188 1335 1268 1391 tui
1301 1336 1481 1400 latice,
1514 1335 1893 1391 fidelibustuis

368 1423 419 1477 ad
436 1423 587 1478 vitam
611 1424 860 1494 prabens
884 1426 1191 1492 transitum,
1219 1426 1542 1481 exstinxisti.

885 1511 1112 1573 CAPUT
1147 1515 1338 1571 XXIX.

428 1606 550 1661 Inter
572 1607 691 1663 hac
717 1605 891 1662 sancti
920 1605 1133 1663 Domini
1174 1604 1427 1663 Rusticus
1467 1615 1521 1661 ct
1555 1606 1894 1662 Eleutherius

373 1698 541 1763 dentes,
568 1708 622 1754 et
645 1688 929 1769 adpoeuas
956 1696 1162 1753 Similes
1188 1704 1313 1755 voto
1340 1699 1741 1769 promptissimo
1769 1715 1893 1770 pro-

1990 516 2113 570 ﬁdei
2138 524 2193 571 et
2218 518 2432 573 virtutis
2460 523 2757 576 constantia
2786 525 3040 591 roborati,
3082 535 3203 596 post
3236 527 3397 582 nimia
3438 534 3549 585 tor-

1990 614 2168 661 menta
2191 608 2481 678 gloriosum
2508 612 2773 682 complere
2803 616 3117 686 martyrium
3138 617 3431 689 elegerunt.
3480 618 3552 676 Et

1982 699 2179 768 judicis
2214 702 2466 759 abstracti
2497 707 2891 775 conspectibus,
2917 724 2977 764 ac
3001 707 3277 767 funeribus
3298 714 3398 770 sibi
3427 729 3551 769 san-

1990 797 2199 844 ctorum
2244 791 2494 859 ostensis,
2531 794 2711 850 divina
2747 793 2890 865 justa
2929 807 2983 853 et
3020 800 3231 856 occulta
3265 802 3551 859 laudavere

1983 879 2206 947 judicia,
2236 882 2324 951 qui
2364 883 2449 938 ’sic
2491 900 2583 939 eos
2615 886 2667 940 iu
2692 888 2937 956 praesenti
2967 891 3250 947 humiliare
3295 893 3551 964 disponit,

1990 985 2125 1040 quos
2148 970 2202 1025 in
2218 970 2425 1029 cmlesti
2443 991 2609 1046 regno
2629 984 2738 1031 tam
2764 978 2994 1048 gloriose
3014 982 3236 1036 exaltari
3254 992 3378 1039 ante
3391 1000 3552 1040 omne

1991 1070 2197 1132 tempus
2232 1064 2485 1119 decrevit.
2528 1066 2732 1122 Deinde
2770 1078 2974 1126 terrore
3009 1072 3310 1143 subjuncto,
3340 1072 3552 1129 multis-

1992 1167 2096 1222 que
2124 1150 2335 1221 injuriis
2360 1163 2414 1210 et
2441 1172 2547 1212 non
2572 1167 2697 1212 ante
2722 1158 2946 1229 perlatis
2974 1160 3247 1230 suppliciis
3277 1164 3554 1227 macerati,

1993 1240 2191 1299 Christi
2215 1259 2273 1299 se
2306 1243 2535 1302 famulos
2564 1264 2751 1319 magna
2783 1248 3133 1306 confessionis
3157 1267 3291 1307 voce
3322 1268 3559 1323 pronun-

1995 1332 2131 1387 tiant
2159 1352 2172 1386 :
2218 1335 2664 1407 lacerabaturque
2696 1339 2966 1410 praecipue
2995 1350 3214 1396 sanctus
3242 1342 3337 1397 Dei
3379 1357 3555 1398 sacer-

1997 1423 2092 1480 dos
2120 1426 2350 1481 bumana
2388 1428 2553 1494 rabie,
2588 1429 2676 1483 cui
2706 1431 2927 1485 servivit
2953 1439 3008 1486 et
3034 1431 3210 1487 bestia
3251 1451 3263 1487 :
3302 1433 3392 1504 qui
3414 1450 3557 1505 pra:-

2001 1522 2247 1576 eurrebat
2273 1521 2339 1576 ad
2361 1530 2645 1588 tormenta,
2673 1538 2740 1579 ne
2767 1518 2919 1579 tarde
2945 1525 3046 1579 iret
3066 1526 3132 1582 ad
3156 1526 3401 1598 gloriam.
3430 1528 3562 1584 Pro-

1995 1611 2220 1666 vocabat
2242 1612 2294 1666 in
2330 1627 2388 1667 se
2415 1627 2651 1682 poenam,
2686 1623 2743 1669 ut
2771 1614 2942 1685 major
2965 1627 3110 1673 esset
3138 1618 3382 1674 victoria.
3423 1619 3563 1676 Con-

1996 1700 2244 1777 iligebant
2274 1707 2410 1761 inter
2437 1723 2515 1773 se,
2541 1706 2686 1763 illinc
2706 1708 3006 1775 carnifices,
3036 1711 3162 1767 hinc
3190 1713 3427 1781 palmata
3452 1729 3559 1770 vox

376 1802 601 1863 penates,
632 1792 799 1847 vincti
828 1790 1167 1858 differuntur,
1197 1808 1303 1847 non
1331 1791 1890 1869 dimittuntur.‘Cum-
1918 1783 1968 1842 Β
1995 1795 2264 1865 martyris.
2297 1794 2580 1855 Ambiebat
2605 1796 2950 1865 supplicia,ut
2983 1807 3248 1856 tormento
3262 1811 3560 1868 crescente,

375 1900 455 1954 que
477 1885 728 1940 exstincto
757 1881 825 1937 ad
859 1881 1160 1938 orationem
1198 1880 1316 1955 ejus
1343 1880 1579 1939 fornacis
1625 1883 1892 1949 incendio,

373 1973 527 2031 beatus
546 1960 750 2030 Domini
775 1971 1021 2043 pontifex
1043 1970 1332 2045 Dionysius
1356 1972 1547 2029 fuisset
1561 1974 1897 2045 ,splendidior

373 2082 476 2122 auro
502 2067 745 2132 eductus,
789 2065 1029 2141 patibulo
1056 2065 1306 2121 cruciarii
1335 2065 1564 2136 stipitis,
1609 2072 1897 2147 tqrmenta-

373 2157 475 2214 lium
506 2146 979 2214 instrumentorum
1015 2157 1316 2217 conﬁxione
1351 2158 1692 2236 appenditur.
1746 2158 1897 2215 Unde

370 2265 549 2320 semper
571 2248 751 2305 Jesum
777 2248 1056 2305 Christum
1083 2265 1267 2305 verum
1297 2251 1579 2306 Dominum
1616 2265 1734 2306 esse
1763 2265 1894 2305 cun-

367 2345 450 2399 etis
475 2345 831 2415 spectantibus
858 2343 1177 2413 prmdicans,
1204 2344 1405 2400 diutius
1431 2353 1601 2400 tortus
1627 2360 1728 2400 nec
1756 2360 1896 2399 mor-

364 2445 489 2500 tuus,
517 2435 817 2507 deponitur,
848 2443 904 2489 et
945 2435 999 2489 in
1038 2450 1255 2491 carcere
1284 2433 1528 2490 Glaucini
1548 2477 1563 2501 ,
1598 2444 1710 2490 tres
1738 2436 1895 2490 simul

362 2529 496 2584 electi
518 2528 740 2595 Domini,
764 2543 889 2583 cum
910 2526 1143 2582 ﬁdelium
1170 2526 1509 2583 multitudine
1531 2527 1893 2582 recluduntur.

361 2620 675 2685 Ducebantur
697 2633 829 2674 sane
851 2634 883 2673 a
906 2617 1103 2675 delicto
1126 2618 1400 2690 obligatis,
1418 2617 1551 2688 justi
1575 2618 1630 2673 in
1652 2616 1893 2682 vinculis,

354 2694 721 2769 condemnandi
748 2727 780 2765 a
803 2711 1097 2775 damnatis,
1119 2720 1175 2767 et
1198 2711 1509 2767 innocentes
1529 2726 1559 2764 a
1580 2709 1899 2766 nocentibus

354 2816 690 2875 exponuntur.
726 2803 832 2860 Ubi
861 2819 986 2859 cum
1013 2812 1139 2874 post
1162 2803 1358 2858 multas
1384 2812 1441 2858 et
1464 2803 1899 2874 pernecessarias

352 2895 547 2966 populi,
592 2895 686 2965 qui
726 2909 852 2950 eum
895 2894 1196 2965 sequendo,
1245 2908 1519 2949 carcerem
1561 2892 1894 2962 irruperant,

345 2989 757 3052 exhortationes,
793 2993 851 3041 et
884 2972 1236 3041 ad’absentes
1262 2986 1462 3040 directa
1503 2984 1895 3041 institutionum

348 3075 938 3147 prtecepta,‘Dominica
968 3077 1255 3132 missarum
1284 3063 1576 3142 solemnia,
1619 3084 1678 3129 ut
1705 3076 1898 3131 conﬁr-

343 3178 612 3225 marentur
632 3168 1042 3240 participatione
1061 3167 1301 3237 corporis
1319 3175 1375 3222 et
1391 3166 1667 3238 sanguinis
1687 3166 1898 3222 Domini
1925 3135 1969 3198 Ο

343 3260 539 3327 ﬁdeles,
565 3260 711 3315 velut
734 3260 850 3331 jam
879 3258 933 3314 in
961 3258 1112 3314 cmlis
1142 3258 1346 3329 positus
1380 3256 1710 3312 celebraret:
1744 3258 1895 3322 hora,

336 3367 443 3422 qua
469 3351 818 3425 frangebatur
842 3349 997 3422 panis
1030 3357 1278 3415 sanctus,
1314 3363 1421 3417 quo
1453 3348 1563 3419 ipse
1590 3347 1899 3418 etpopulus

338 3432 732 3498 communicare
757 3440 1057 3506 debebant,
1086 3438 1416 3510 resplenduit
1442 3437 1603 3508 hujus
1629 3438 1772 3494 modi
1808 3438 1897 3493 lux

336 3534 407 3589 de
431 3534 565 3589 ccelo
591 3548 757 3603 super
792 3546 913 3587 eum
942 3540 999 3586 et
1024 3546 1210 3586 omnes
1236 3531 1333 3601 qui
1359 3529 1433 3585 ibi
1473 3530 1727 3594 aderant,
1769 3543 1898 3599 qua-

336 3624 443 3678 lem
466 3640 622 3679 nemo
647 3638 847 3679 eorum
866 3630 1024 3676 antea
1051 3620 1258 3676 viderat
1284 3639 1297 3675 :
1344 3620 1399 3674 in
1427 3635 1532 3690 qua
1557 3619 1779 3675 veniens
1806 3635 1899 3691 ap-

328 3716 512 3785 paruit
539 3716 588 3770 ei
614 3714 881 3770 Dominus
899 3711 1054 3768 Iesus
1079 3711 1345 3777 Christus,
1379 3712 1546 3767 etiam
1584 3712 1793 3769 cunctis
1819 3712 1900 3766 vi-

329 3808 605 3873 dentibus,
633 3806 831 3877 quibus
856 3814 942 3861 est
969 3806 1151 3860 datum
1175 3804 1379 3869 videre,
1406 3819 1530 3860 cum
1557 3803 1899 3859 multitudine

330 3896 645 3965 angelorum
670 3913 681 3948 :
715 3903 771 3950 et
799 3895 1072 3966 accipiens
1095 3910 1289 3966 panem
1317 3903 1587 3961 sanctum,
1621 3894 1767 3950 dedit
1799 3892 1896 3960 illi,

332 3987 556 4042 dicens:
586 3988 783 4061 Accipe
803 3988 924 4053 hoc,
942 3987 1105 4042 chare
1126 4001 1299 4052 meus,
1322 3987 1464 4056 quod
1476 4000 1601 4042 mox
1624 3984 1899 4055 complebo

332 4076 441 4131 tibi
467 4092 567 4132 una
593 4093 713 4133 cum
737 4077 900 4134 Patre
920 4093 1041 4153 meo
1065 4095 1079 4131 :
1105 4078 1359 4147 quoniam
1385 4092 1597 4133 mecum
1619 4084 1703 4132 est
1727 4077 1900 4132 maxi-

328 4182 433 4224 ma
456 4184 657 4225 merces
680 4176 793 4236 tua,
822 4178 880 4225 et
906 4168 993 4224 bis
1021 4168 1111 4238 qui
1139 4168 1409 4224 audierint
1437 4176 1517 4233 te,
1551 4166 1698 4223 salus
1731 4167 1785 4221 in
1817 4182 1900 4221 re-

326 4272 451 4329 gno
488 4273 619 4313 meo.
664 4242 1013 4318 Nuncjfacies
1037 4256 1266 4323 fortiter,
1303 4266 1360 4313 et
1388 4257 1646 4313 memoria
1681 4266 1770 4311 tua
1797 4256 1902 4313 erit

325 4351 397 4404 in
429 4349 603 4409 laude.
637 4351 862 4407 Dilectio
890 4358 1072 4406 autem
1100 4359 1157 4405 et
1182 4349 1512 4421 benignitas,
1539 4363 1703 4418 quam
1728 4347 1901 4404 babes

1996 1893 2266 1939 cresceret
2311 1901 2365 1939 et
2393 1893 2625 1939 corona.
2674 1882 3012 1956 Quapropter
3065 1888 3282 1955 iterum,
3320 1890 3469 1946 velut
3494 1892 3562 1947 ab
3658 1926 3661 1930 -

1996 1972 2182 2042 initio,
2235 1975 2398 2047 virgis
2438 1976 2491 2030 in
2526 1986 2816 2047 conspectu
2848 1993 3038 2035 omnes
3073 1981 3244 2035 sancti
3295 1966 3564 2053 martyres

1996 2064 2124 2121 nudi
2161 2066 2304 2132 caesi,
2352 2076 2406 2121 et
2436 2066 2547 2121 suis
2575 2068 2816 2123 vestibus
2846 2068 3100 2134 reinduti,
3134 2070 3408 2141 e‘regione
3436 2071 3565 2126 idoli

1996 2156 2268 2223 Mercurii,
2299 2157 2364 2212 ad
2405 2156 2578 2213 locum
2609 2158 2959 2215 constitutum
2988 2160 3184 2228 educti,
3230 2161 3298 2217 ad
3325 2161 3564 2218 decolla-

1996 2254 2193 2309 tionem
2220 2261 2343 2308 sunt
2370 2268 2541 2323 genua
2574 2250 2789 2308 ﬂectere
2812 2252 2971 2323 jussi.

2480 2339 2501 2343 “
2552 2336 2778 2400 CAPUT
2814 2343 3003 2400 XXXI.

2068 2433 2217 2489 Tunc
2244 2434 2434 2488 beatus
2456 2424 2914 2491 antistes’Domini
2945 2436 3229 2507 Dionysius
3252 2453 3444 2492 manus
3470 2452 3565 2493 ert-

1995 2527 2255 2597 pandens,
2278 2536 2332 2580 et
2360 2526 2549 2601 oculos
2564 2526 2631 2580 ad
2652 2526 2820 2582 caelos
2841 2526 3074 2597 erigens,
3115 2528 3219 2583 ait:
3252 2528 3412 2594 Deus,
3432 2528 3569 2585 Deus

1998 2632 2171 2682 meus,
2215 2616 2304 2686 qui
2357 2617 2552 2671 creasti
2584 2632 2693 2682 me,
2721 2624 2774 2671 et
2809 2617 2979 2688 gratia
3010 2627 3099 2674 tua
3150 2619 3203 2675 iu
3230 2621 3393 2675 vitam
3432 2620 3573 2676 hanc

1999 2709 2256 2765 induxisti
2297 2724 2405 2773 me,
2432 2708 2521 2778 qui
2558 2718 2762 2763 aeterna
2792 2710 3053 2780 sapientia
3087 2720 3175 2766 tua
3207 2713 3434 2767 docuisti
3461 2727 3569 2779 me,

1997 2811 2052 2856 et
2085 2800 2308 2857 consilia
2338 2805 2672 2855 secretarum
2703 2808 2915 2856 tuorum
2932 2817 3035 2861 non
3060 2802 3566 2858 abscondistiamc:

1999 2892 2091 2948 sed
2123 2906 2336 2961 semper
2361 2889 2415 2944 in
2446 2890 2815 2946 misericordia
2841 2899 2896 2944 et
2925 2891 3355 2959 miserationibus
3387 2893 3572 2949 multis

1999 2979 2305 3037 consolatus
2334 2996 2392 3036 es
2420 2995 2528 3046 me,
2562 2988 2619 3036 et
2655 2978 2802 3036 fuisti
2833 2995 3044 3036 mecum
3094 2981 3148 3036 in
3179 2984 3449 3049 omnibus,
3504 2984 3575 3039 ad

2001 3089 2334 3146 qumcunque
2354 3073 2595 3144 perrexi;
2630 3073 2723 3128 tibi
2746 3073 2948 3145 gratias
2972 3088 3071 3144 ago
3092 3089 3191 3145 pro
3216 3076 3424 3132 cunctis
3454 3091 3575 3146 qua:

2002 3167 2179 3223 fecisti
2204 3165 2562 3239 etgostendisti
2588 3164 2737 3229 mihi,
2791 3172 2952 3236 atque
2987 3164 3237 3236 dignatus
3272 3181 3331 3221 es
3356 3169 3575 3237 operari

2001 3274 2097 3330 per
2125 3273 2229 3313 me.
2285 3257 2515 3312 Maxime
2542 3256 2668 3325 quia
2688 3271 2833 3312 nunc
2859 3255 3217 3313 humilitatem
3243 3270 3418 3313 meam
3442 3259 3572 3314 visi-

2002 3350 2128 3406 tasti
2151 3364 2250 3420 per
2289 3357 2362 3416 te,
2401 3359 2456 3404 et
2491 3349 2697 3403 vocasti
2720 3356 3048 3405 senectutem
3088 3364 3281 3414 meam,
3325 3358 3417 3405 tuo
3435 3351 3575 3407 desi-

2001 3443 2151 3497 derio
2177 3440 2479 3513 fatigatam,
2525 3443 2593 3498 ad
2624 3453 2676 3496 te
2707 3459 2719 3496 :
2779 3441 2954 3497 sciens
2979 3440 3103 3511 quia
3147 3441 3261 3511 jam
3298 3455 3364 3496 ex
3402 3443 3570 3499 multo

2003 3544 2238 3603 tempore
2258 3518 2458 3604 largius
2484 3532 2762 3602 concupivi
2788 3532 2971 3587 videre
2996 3540 3080 3598 te;
3131 3547 3275 3586 nunc
3301 3531 3437 3601 jam,
3463 3533 3573 3588 Do-

2000 3624 2164 3690 mine,
2191 3637 2293 3692 per
2317 3637 2570 3678 coronam
2595 3620 2842 3695 martyrii
2860 3638 2982 3677 cum
3004 3621 3265 3678 fratribus
3292 3623 3427 3678 meis
3456 3638 3572 3678 ser-

2000 3715 2082 3771 vis
2111 3715 2216 3770 tuis
2253 3714 2465 3785 suscipe
2510 3727 2595 3768 me
2633 3733 2645 3768 :
2705 3722 2930 3785 tuosque
2992 3718 3095 3768 tua:
3134 3713 3390 3769 custodite
3429 3720 3575 3770 eom-

2002 3805 2215 3872 mendo,
2240 3821 2375 3876 quos
2405 3805 2706 3861 ministerio
2738 3812 2942 3869 nostro,
2972 3812 3028 3858 et
3050 3802 3146 3857 tibi
3177 3810 3269 3857 tuo
3313 3805 3574 3875 sanguine

2002 3896 2276 3967 acquisisti
2308 3913 2320 3947 :
2354 3904 2683 3964 cunctosque
2721 3893 2903 3957 etiam,
2936 3891 3027 3961 qui
3058 3899 3131 3958 te,
3163 3905 3261 3961 per
3283 3907 3381 3946 nos
3410 3893 3463 3945 iu
3485 3908 3575 3948 no-

2001 3987 2146 4042 mine
2184 3996 2276 4041 tuo
2307 3985 2585 4055 petierint,
2623 3991 2683 4038 ut
2725 3982 2993 4052 pollicitus
3024 3996 3103 4043 es,
3158 3981 3453 4039 clementer
3480 3996 3573 4036 cx-

2002 4080 2166 4134 audi:
2199 4078 2452 4149 quoniam
2487 4084 2634 4130 tuum
2684 4084 2766 4130 est
2801 4088 3025 4144 regnum
3073 4081 3127 4127 et
3158 4082 3399 4145 potestas
3450 4089 3573 4128 cum

2002 4169 2163 4225 Patre
2185 4178 2239 4224 et
2265 4175 2455 4224 sancto
2480 4166 2681 4237 Spiritu
2708 4174 2834 4221 ante
2858 4165 3056 4231 omnia,
3087 4175 3142 4220 et
3184 4167 3237 4220 in
3267 4166 3446 4221 omnia
3475 4181 3575 4221 εω-

2004 4260 2122 4316 cula
2158 4259 2496 4315 saeculorum.
2546 4256 2787 4327 Cumque
2836 4254 3024 4310 be'atus
3056 4255 3310 4311 Rusticus
3333 4264 3385 4312 et
3417 4257 3575 4312 Eleu-

2003 4348 2231 4413 therius,
2290 4342 2576 4416 cunctique
2613 4344 2816 4411 ﬁdeles,
2853 4353 2909 4398 et
2935 4344 3088 4399 multi
3119 4346 3282 4400 etiam
3329 4361 3571 4418 pagano-

322 4457 585 4515 semper,
636 4461 733 4516 pro
784 4445 1192 4517 quibuseunquc
1242 4443 1460 4516 petierit
1486 4483 1501 4509 ,
1570 4442 1893 4512 impetrabit.
1923 4485 1978 4546 Β
2005 4457 2146 4507 rum,
2171 4440 2260 4512 qui
2284 4438 2408 4495 eum
2435 4434 2791 4494 lamentantes
2827 4438 3308 4509 prosequebantur,
3352 4455 3574 4510 respon—

326 4535 507 4605 Hujus
529 4550 651 4591 vero
676 4537 934 4592 terribilis
960 4545 1018 4593 et
1040 4537 1339 4592 admirandi
1378 4536 1668 4606 spectaculi
1701 4543 1900 4609 myste-

332 4625 443 4690 rio,
464 4642 771 4698 quanquam
798 4628 976 4683 adhuc
1002 4642 1206 4699 pagana
1232 4627 1564 4693 curiositate,
1587 4637 1765 4683 tamen
1796 4627 1898 4681 mi-

330 4716 639 4772 raculorum
667 4717 919 4784 sollicita,
944 4715 1201 4786 prtedicta
1228 4715 1420 4771 Larcia
1446 4716 1726 4772 intererat.

896 4816 1119 4872 CAPUT
1140 4806 1326 4870 'XXX.

408 4905 499 4962 llis
520 4922 733 4980 quoque
748 4908 1033 4978 explicitis,
1045 4908 1240 4963 adsunt
1267 4908 1569 4973 carnifices,
1589 4907 1680 4977 qui
1704 4906 1903 4962 Christi

324 4996 561 5052 famulos
586 4999 651 5053 de
676 4997 927 5068 squalore
955 4999 1187 5054 carceris
1207 4999 1511 5062 educentes,
1537 4996 1774 5066 praefecti
1804 4997 1903 5051 ob-

323 5091 540 5144 tutibus
568 5093 762 5146 iterum
792 5099 1203 5160 prmseutarunt.
1244 5088 1447 5155 Quibus
1467 5087 1753 5156 prtcfectus
1773 5087 1851 5139 ait
1886 5103 1900 5138 :

322 5184 391 5237 Si
423 5185 664 5254 prudenti
701 5182 926 5240 consilio
960 5184 1171 5237 tandem
1199 5185 1264 5236 ad
1319 5181 1484 5234 vitam
1530 5179 1763 5241 tenditis,
1807 5178 1906 5233 im-

321 5276 532 5331 mutate
558 5277 678 5342 diis,
710 5286 765 5332 et
789 5275 952 5329 vivite
983 5291 994 5326 :
1039 5274 1083 5328 si
1115 5288 1239 5328 vero
1264 5272 1399 5326 mori
1426 5270 1643 5341 eligitis,
1669 5277 1907 5323 mortuo—

318 5384 454 5423 rum
483 5385 619 5439 quos
649 5367 964 5429 scduxistis,
994 5364 1253 5420 cadavera
1286 5363 1572 5418 infeliciter
1605 5362 1900 5425 inhumata,

314 5470 386 5514 et.
422 5470 807 5515 tormentorum
847 5456 1024 5512 adhuc
1055 5457 1204 5523 signa
1235 5456 1524 5520 servantia,
1578 5464 1764 5510 euntes
1785 5469 1904 5509 cer-

316 5551 470 5615 nite,
510 5561 562 5605 et
595 5552 640 5606 si
678 5567 784 5606 non
836 5547 1175 5618 rcspueritis,
1218 5544 1582 5599 infelicitatem
1609 5561 1794 5600 eorum
1820 5545 1903 5598 in-

320 5639 591 5697 felicitate
646 5642 929 5704 excedite,
977 5649 1027 5692 et
1095 5637 1380 5692 infeliciter
1410 5677 1424 5700 ,
1466 5646 1522 5689 ut
1568 5634 1901 5697 desideratis,

317 5734 498 5788 obitu.
558 5735 634 5789 Ad
668 5736 810 5790 Imm
852 5741 1037 5784 meum
1065 5728 1258 5783 Christi
1284 5736 1563 5795 martyras,
1602 5726 1903 5804 [liotiysium

1390 5804 1412 5827 θ

2002 4534 2226 4598 dissent,
2259 4547 2415 4587 amen
2447 4549 2460 4586 :
2489 4531 2676 4602 positis
2696 4531 2942 4601 genibus,
2973 4541 3027 4584 et
3056 4532 3325 4600 protensis
3347 4533 3573 4588 cervici-

1998 4625 2123 4691 bus,
2156 4641 2264 4679 uno
2284 4624 2578 4692 eodemque
2630 4627 2920 4685 momento,
2953 4621 3237 4689 hebetatis,
3276 4623 3573 4677 secundum

1999 4726 2324 4790 prmceptum
2354 4715 2636 4786 principis,
2658 4715 2933 4769 securibus
2955 4713 3201 4769 decollati
3223 4722 3377 4769 sunt:
3408 4723 3572 4784 atque

2005 4811 2057 4864 in
2089 4811 2189 4864 hac
2212 4808 2337 4863 ﬁdei
2371 4804 2666 4862 constantia
2680 4813 3073 4874 permanentes,
3104 4806 3387 4861 reddentés
3417 4815 3573 4860 terra:

2004 4917 2250 4972 corpora,
2276 4903 2456 4956 beatas
2488 4897 2624 4954 coelo
2674 4882 3161 4954 animasintulere.
3241 4896 3465 4967 Taliquc
3504 4899 3573 4952 ad

2006 4994 2287 5048 Dominum
2320 5006 2566 5045 meruere
2592 4987 2920 5059 professione
2948 4984 3207 5059 migrare,
3233 4997 3295 5042 ut
3326 4996 3574 5055 amputa-

2006 5084 2076 5137 tis
2108 5082 2371 5152 capitibus
2417 5080 2590 5133 adhuc
2609 5086 2891 5148 putaretur
2913 5077 3089 5148 lingua
3114 5078 3376 5148 palpitans
3390 5074 3572 5131 Jesum

2005 5173 2277 5229 Christum
2299 5171 2592 5258 \Domiunm
2622 5168 2887 5223 confiteri.
2932 5168 3192 5235 Quoniam
3221 5166 3360 5219 unde
3383 5166 3575 5218 menti-

2007 5264 2105 5317 bus
2134 5253 2507 5324 incrat‘amor,
2548 5258 2673 5313 licet
2715 5259 2950 5328 pnecisis
2980 5257 3267 5324 Capitibus,
3311 5253 3449 5323 quod
3479 5270 3575 5309 ore

2000 5356 2112 5426 jam
2143 5361 2464 5421 sumpserat,
2507 5352 2845 5405 sermonibus
2894 5348 3156 5403 :estuabat
3198 5347 3374 5399 ardor.
3440 5344 3574 5401 Vere

2004 5446 2159 5497 beata
2192 5444 2416 5496 nimium
2464 5451 2515 5496 et
2547 5443 2655 5495 Deo
2710 5451 2890 5495 uosho
2936 5447 3084 5507 grata
3133 5439 3384 5499 societas,
3435 5437 3574 5489 inter

2006 5552 2139 5606 quos
2161 5551 2259 5588 nec
2287 5536 2488 5605 primus
2511 5536 2646 5587 alter
2684 5534 2846 5603 potuit
2884 5546 3023 5593 esse,
3064 5546 3163 5584 nec
3204 5532 3430 5584 tertius:
3475 5528 3569 5583 sed

2008 5631 2326 5684 Trinitatem
2349 5627 2687 5687 conﬁtentes,
2724 5624 2861 5677 trino
2889 5636 3132 5678 meruere
3155 5622 3395 5677 decorari
3429 5635 3573 5673 mar-

2009 5724 2164 5791 tyrio,
2197 5734 2458 5791 quati-nus
2484 5721 2512 5772 li
2538 5722 2585 5771 ie
2614 5731 2785 5785 pairs,
2817 5715 2983 5784 gloria
3013 5727 3295 5807 cpronarct
3324 5714 3564 5784 mqualis.
