4064 6190
2962 261 3029 277 Α

477 316 570 369 κω
1478 305 1635 363 VITA
1676 304 1733 359 S.
1778 304 2067 359 DION'YSII
2115 303 2434 361 AUCTORE
2469 303 2811 364 IllLDUINO.
3669 312 3734 367 49,

1045 421 1267 478 CAPUT
1306 419 1514 477 XXXII.

572 517 848 586 Tantaque
893 514 1174 569 multitudo
1194 512 1452 578 ﬁdelium,
1480 528 1597 581 qua:
1628 528 1722 583 per
1745 528 1866 565 eum
1891 511 2064 566 credi-

498 611 671 669 derat,
693 607 876 662 eadem
909 605 1127 657 diecum
1154 602 1333 667 illo,ct
1366 603 1418 655 in
1445 603 1673 656 circuitu
1704 601 1940 656 civitatis
1966 614 2065 670 pro

495 698 698 757 Christi
729 697 942 751 nomine
968 710 1104 749 cazsa
1141 703 1197 749 et
1217 694 1599 749 diversissimis
1626 709 1690 748 ac
1730 700 1888 748 antea
1915 692 2067 745 inau-

499 792 626 844 ditis
640 788 910 858 suppliciis
931 796 1011 841 est
1033 786 1247 853 aﬁ‘ccta,
1270 794 1329 840 ut
1343 786 1566 841 Parisiis
1587 786 1860 841 videretur
1874 784 2064 854 imple-

423 930 431 937 .
498 892 613 937 tum
640 880 784 951 quod
827 880 891 933 de
919 878 1250 953 Hierusalem
1277 878 1594 948 prophetico
1618 876 1870 931 vaticinia
1893 875 2067 934 fuerat

490 978 803 1041 peroratum
835 987 848 1021 :
876 976 1168 1038 posuerunt
1191 967 1440 1022 mortalia
1468 982 1745 1044 servorum
1775 975 1988 1021 tuorum
2010 967 2064 1023 in

497 1060 724 1114 eireul‘tu
766 1058 902 1127 ejus,
932 1067 987 1112 et
1015 1075 1119 1113 nou
1142 1067 1258 1113 erat
1285 1059 1375 1128 qui
1404 1058 1669 1129 sepeliret.
1732 1057 1972 1129 Namque
2001 1058 2067 1112 ad

494 1149 817 1204 declaranda
836 1150 1007 1203 sancti
1031 1149 1285 1219 martyris
1308 1158 1361 1204 et
1386 1148 1677 1204 Galliarum
1703 1149 1863 1219 primi
1888 1163 2070 1204 sacer-

481 1240 638 1294 'dotis
665 1238 856 1293 merita
883 1238 1134 1309 gloriosa,
1158 1248 1217 1292 ut
1241 1239 1333 1293 ubi
1357 1237 1600 1293 salutifer
1629 1238 1804 1309 primo
1829 1238 2069 1309 et'eperat

498 1330 701 1383 fructus
723 1329 873 1393 oriri,
898 1343 962 1383 eo
989 1327 1221 1397 amplius
1250 1328 1432 1400 glorize
1458 1329 1624 1399 ipsius
1655 1336 1862 1397 pateret
1882 1328 2069 1381 trium-

484 1421 659 1491 phus,
684 1419 951 1474 maximus
980 1427 1203 1473 cunctos
1220 1419 1395 1474 honor
1416 1420 1733 1475 assistentes
1765 1419 1975 1482 invasit,
2004 1434 2069 1474 ac

496 1513 585 1564 lux
618 1510 900 1565 inell'ahilis
922 1510 1133 1564 cunctis
1158 1510 1520 1579 resplenduit;
1547 1519 1601 1563 et
1613 1510 1909 1565 beatissimi
1944 1508 2070 1563 Dio-

497 1604 635 1674 nysii
696 1620 753 1658 se
784 1586 1019 1657 cadaver
1053 1604 1244 1670 erexit,
1305 1605 1601 1675 sanctaque
1637 1621 1800 1660 manu
1845 1613 2006 1676 caput
2037 1621 2068 1661 a

496 1710 728 1765 corpore
757 1695 973 1750 dolabra
1012 1694 1218 1750 lictoris
1254 1705 1588 1761 truncatum,
1636 1699 1877 1770 angelico
1906 1699 2069 1754 doctu

2102 425 2144 484 Α
2177 420 2437 475 idolorum
2463 419 2712 476 occubuit
2742 420 3010 491 baptizata
3058 422 3110 476 in
3138 422 3506 480 remissionem
3547 438 3734 495 pecea-

2167 521 2361 566 torum.
2390 510 2567 581 ‘Cujus
2587 509 2728 566 filius
2749 511 2985 577 Visbius,
3016 527 3174 581 quem
3199 528 3264 568 ex
3285 515 3599 586 prmscripto
3621 517 3735 572 Lis-

2164 599 2255 655 bio
2274 599 2394 653 viro
2424 614 2522 654 suo
2543 606 2874 669 susceperat,
2929 598 3154 653 Romam
3182 600 3397 667 ductus,
3434 603 3734 660 Domitiano

2166 689 2475 760 evespillato
2501 702 2527 730 α
2548 705 2644 760 per
2666 682 2778 745 tres
2805 688 3044 745 Caesares
3062 690 3332 758 militavit,
3358 700 3413 746 et
3434 694 3534 749 sub
3550 705 3736 750 sancto

2168 783 2344 837 Masso
2367 783 2637 852 episcopo,
2667 782 2757 852 qui
2787 782 2978 837 tertius
3003 798 3033 836 a
3056 782 3212 839 beato
3242 784 3493 856 Dionysio
3511 785 3743 843 Parisioa

2167 888 2288 927 rum
2317 873 2461 927 rexit
2502 871 2799 927 Ecclesiam
2840 886 3106 938 reversus,
3163 873 3415 929 omnibus
3461 891 3580 945 quae
3614 886 3736 931 sunt

2168 952 2617 1026 mundi'relictis,
2647 960 2975 1031 baptizatus,
3022 969 3078 1016 et
3099 960 3467 1031 religiosorum
3513 964 3737 1019 Christi-

2168 1069 2274 1124 que
2312 1067 2607 1124 pauperum
2656 1066 2883 1107 numero
2910 1058 2995 1107 eSt
3027 1053 3283 1108 sociatus.
3340 1054 3607 1110 Cmterum
3628 1072 3735 1110 mc-

2170 1151 2381 1199 tuentes
2399 1149 2773 1213 persecutores
2796 1149 2851 1197 et
2880 1142 3155 1214 gentilium
3180 1142 3489 1214 phalanges,
3518 1160 3584 1200 ne
3613 1162 3739 1201 con-

2168 1235 2309 1289 versi
2350 1234 2531 1306 populi
2556 1233 2862 1289 fidelissima
2890 1228 3222 1304 probataque
3247 1235 3478 1302 devotio,
3527 1246 3738 1293 saneto-

2168 1340 2289 1378 rum
2318 1339 2545 1395 corpora
2577 1324 2783 1379 Rustici
2812 1333 2867 1380 et
2903 1325 3222 1390 Eleutherii,
3281 1341 3401 1397 quas
3433 1328 3489 1381 in
3536 1337 3738 1395 monte,

2168 1415 2260 1470 ubi
2284 1416 2385 1485 ipsi
2408 1431 2513 1470 una
2542 1431 2665 1471 cum
2692 1415 2854 1472 beato
2875 1415 3132 1489 Dionysio
3146 1414 3366 1471 fuerunt
3387 1419 3736 1489 martyrisati,

2165 1506 2438 1575 iacebant,
2479 1506 2760 1576 profutura
2787 1507 2888 1563 sibi
2929 1508 2997 1563 ad
3027 1508 3380 1578 patrocinium
3410 1508 3736 1581 colligerent.

2171 1595 2588 1662 et'tumularent,
2622 1596 2756 1652 inito
2792 1597 3037 1662 consilio,
3067 1597 3270 1669 eligunt
3294 1598 3455 1653 terris
3483 1597 3743 1669 Sequana:

2171 1685 2559 1757 profundisque
2584 1688 2883 1760 gurgitibus
2908 1698 3211 1759 martyrum
3234 1703 3459 1759 corpora
3471 1688 3742 1760 perdenda

484 1802 738 1854 gressum
798 1794 1052 1855 regente,
1094 1797 1149 1842 et
1195 1789 1314 1844 luce
1345 1790 1553 1844 caelesti
1600 1790 2062 1862 circumfulgente,

2172 1780 2527 1835 committere.
2608 1778 2737 1846 Quae
2781 1780 3030 1851 imposita
3077 1778 3321 1845 navibus,
3364 1780 3432 1835 ad
3466 1779 3741 1849 provisum

488 1875 737 1944 pendulis
759 1878 923 1946 coepit
950 1878 1188 1934 brachiis
1232 1880 1513 1935 vectitare.
1571 1881 1639 1935 Et
1678 1880 1817 1936 facta
1859 1890 1947 1937 est
1978 1898 2068 1939 co-

494 1981 608 2020 mes
631 1966 916 2021 multitudo
946 1967 1181 2023 cmlestis
1218 1970 1488 2025 exercitus
1524 1971 1761 2025 exanimi
1795 1971 1911 2043 ejus
1948 1988 2069 2028 eor-

464 2057 608 2125 ,pori
634 2067 796 2128 caput
835 2059 1134 2128 proprium,
1168 2060 1235 2115 ab
1261 2062 1375 2132 ipso
1401 2070 1602 2128 monte,
1634 2063 1721 2117 ubi
1752 2062 1926 2121 fuerat
1976 2065 2066 2122 de-

492 2149 740 2214 collatus,
774 2166 873 2221 per
894 2151 1000 2206 duo
1032 2151 1144 2207 fere
1165 2153 1333 2208 millia
1364 2154 1666 2223 deportanti
1693 2172 1863 2226 usque
1891 2157 1959 2213 ad
1984 2158 2068 2213 lo-

491 2255 636 2305 cum,
673 2241 725 2295 in
750 2257 856 2311 quo
886 2257 1029 2297 nunc
1056 2244 1150 2298 Dei
1194 2244 1544 2314 dispositione
1589 2254 1643 2301 et
1677 2262 1772 2302 sua
1806 2248 2068 2305 electione

486 2334 784 2401 requiescit
813 2335 1112 2402 humatum,
1148 2335 1266 2391 sine
1308 2337 1611 2410 cessatione
1642 2340 1867 2410 hymnis
1895 2340 2065 2396 dulci-

491 2423 638 2477 sonis
662 2424 829 2477 Deum
857 2423 1103 2480 laudans.
1169 2424 1275 2481 Sed
1321 2433 1375 2481 et
1397 2407 1565 2482 cmlos
1586 2407 1825 2497 petentia
1847 2429 2066 2486 divino-

488 2528 609 2567 rum
625 2513 907 2581 spirituum
933 2514 1344 2571 innumerabilia
1373 2517 1585 2588 agmina
1608 2526 1732 2574 sunt
1750 2519 1953 2586 audita,
1979 2536 2059 2576 ca-

492 2616 626 2656 nore
652 2602 1043 2660 inaestimabilis
1062 2605 1346 2662 suavitatis
1371 2607 1704 2663 modulantia
1725 2628 1737 2663 :
1757 2609 1799 2665 G
1805 2608 1939 2664 toria
1952 2611 2063 2676 tibi,

488 2691 746 2760 Domine,
793 2693 1043 2762 adjuncto
1088 2691 1441 2767 frequentius,
1474 2697 1718 2754 Alleluia.
1752 2699 1885 2755 Nam
1911 2710 2072 2772 prout

487 2783 723 2838 discerni
783 2786 957 2855 potuit
1005 2795 1186 2844 tantus
1234 2790 1447 2845 auditus
1473 2831 1487 2855 ,
1554 2790 1703 2846 velut
1761 2792 2067 2848 alternatim

485 2876 638 2930 chori
678 2878 924 2947 angelici,
962 2880 1076 2935 haec
1105 2888 1159 2936 et
1185 2881 1311 2947 alia,
1342 2897 1569 2952 quorum
1618 2884 1922 2941 intellectus
1960 2901 2068 2941 non

486 2968 662 3036 potuit
708 2970 935 3040 percipi,
989 2972 1363 3027 concinebant.
1408 2972 1562 3040 Quod
1602 2976 1845 3033 videntes
1874 2986 1930 3034 et
1972 2995 2067 3034 au-

467 3063 696 3117 dientes
730 3065 994 3120 innumeri
1041 3067 1243 3137 populi,
1275 3076 1330 3122 et
1364 3067 1517 3121 multi
1556 3069 1721 3123 etiam
1750 3081 2064 3140 persecuto-

2172 1870 2435 1941 gurgitem
2482 1870 2760 1926 ministros
2814 1869 3006 1941 jubent
3043 1869 3400 1940 deme‘rgenda
3449 1868 3739 1941 perferre;

2171 1963 2265 2018 sed
2283 1962 2424 2018 Deus
2446 1964 2783 2033 omnipotens
2801 1964 3061 2034 praescius
3083 1962 3407 2027 futurorum,
3445 1962 3538 2033 qui
3573 1969 3746 2017 mutat

2170 2069 2402 2128 tempus,
2421 2065 2475 2111 et
2498 2058 2641 2128 quod
2667 2057 3190 2129 praedestinavitnon
3218 2064 3393 2111 mutat
3408 2055 3698 2112 consilium
3725 2074 3738 2110 :

2171 2149 2263 2218 qui
2317 2146 2519 2203 malum
2550 2147 2906 2218 Holophernis
2951 2156 3269 2218 conceptum
3316 2146 3602 2217 prudentia
3652 2146 3743 2201 be-

2170 2239 2469 2296 nevolentis
2490 2239 2701 2295 feminae
2723 2240 3047 2306 immutavit,
3071 2239 3377 2310 iniquorum
3393 2237 3614 2293 consilia
3635 2252 3744 2292 sua:

2171 2330 2535 2401 dispositionis
2556 2331 2681 2397 arti,
2698 2331 2962 2385 industria
2981 2346 3087 2401 qua
3107 2329 3294 2396 voluit,
3321 2330 3524 2386 servire
3547 2330 3741 2402 coegit.

2709 2422 2934 2479 CAPUT
2970 2421 3208 2477 XXXIV.

2240 2512 2373 2568 Nam
2400 2513 2595 2570 nobilis
2624 2514 2867 2584 quaedam
2904 2522 3076 2568 mater
3109 2512 3360 2579 familias,
3395 2511 3602 2567 Catulla
3642 2526 3743 2566 no-

2171 2605 2333 2673 mine,
2363 2621 2481 2676 quae
2510 2605 2637 2660 licet
2669 2619 3003 2676 paganorum
3030 2604 3205 2660 adhuc
3240 2604 3518 2659 erroribus
3559 2617 3745 2660 neces-

2171 2696 2333 2751 sitate
2355 2697 2534 2766 potius
2558 2712 2723 2766 quam
2745 2695 3038 2759 voluntate,
3066 2703 3342 2750 teneretur
3363 2694 3595 2760 addicta,
3618 2709 3747 2749 con»

2168 2789 2311 2844 verti
2341 2798 2522 2844 tamen
2571 2788 2637 2842 ad
2694 2787 2855 2843 ﬁdem
2884 2787 3104 2852 Christi,
3148 2804 3246 2858 per
3275 2788 3519 2857 exempla
3543 2794 3748 2858 marty-

2169 2896 2315 2946 rum,
2339 2889 2503 2951 atque
2531 2881 2600 2936 ad
2625 2880 2880 2950 baptismi
2926 2882 3157 2950 gratiam
3202 2879 3483 2951 pervenire
3515 2893 3573 2934 se
3602 2878 3746 2935 desi-

2171 2972 2384 3038 derare,
2411 2983 2469 3027 et
2513 2979 2694 3026 mente
2721 2971 3127 3035 demonstrabat
3152 2979 3207 3027 et
3241 2986 3423 3042 opere,
3466 2969 3561 3025 Dei
3584 2969 3746 3025 mise-

2159 3063 2403 3119 'ricordia
2443 3063 2725 3134 inspirata,
2766 3071 2958 3119 mactze
3002 3063 3216 3118 virtutis
3258 3062 3541 3117 consilium
3583 3076 3746 3131 appe-

497 3168 640 3217 rutn,
677 3154 731 3208 iu
776 3134 1059 3210 Dominum
1090 3134 1455 3211 crediderunt.
1512 3156 1625 3213 Non
1657 3160 1938 3215 credentes
1969 3178 2066 3216 au-
2094 3134 2138 3197 Ο
2172 3154 2323 3220 tim.
2371 3161 2533 3224 atque
2569 3153 2638 3208 3d
2675 3153 2978 3208 com'iV'illm
3027 3153 3214 3208 venire
3253 3154 3490 3224 Ροειυῖίη
3530 3160 3745 3209 833(10-

493 3256 625 3311 tem,
677 3247 845 3302 nimio
876 3256 1082 3304 terrore
1118 3248 1370 3318 perculsi,
1402 3250 1601 3320 quique
1641 3253 1694 3305 in
1725 3268 1852 3307 suas
1884 3263 2066 3324 partes

488 3333 761 3406 fugerunt.

1034 3429 1261 3487 CAPUT
1299 3432 1533 3493 XXXIII.

558 3514 882 3587 Competens
908 3519 1149 3589 profecto
1175 3529 1292 3576 crat
1317 3522 1512 3577 divina:
1542 3523 1833 3592 dignationi
1875 3526 2065 3580 miriﬁ-

454 3619 667 3667 ccatum
696 3620 941 3668 sanctum
983 3628 1142 3668 suum
1191 3615 1429 3671 inctelis
1468 3614 1647 3671 taliter
1695 3616 2067 3675 demonstrare

487 3703 541 3757 in
575 3703 755 3769 terris,
785 3705 876 3776 qui
903 3704 971 3759 ad
1020 3704 1384 3763 ferocissimos
1405 3707 1633 3778 pepulos
1660 3708 1902 3780 inclytus
1932 3726 2068 3764 nun—

457 3795 594 3850 Ituis
641 3804 696 3850 et
744 3795 1022 3852 confessor
1059 3797 1227 3866 ipsius
1272 3800 1560 3868 pretiosus,
1609 3815 1901 3856 succensus
1941 3802 2066 3873 igne

458 3930 465 3937 .
485 3887 650 3941 divini
667 3887 886 3953 amoris,
899 3896 1212 3944 constanter
1227 3890 1480 3946 sustinuit
1501 3891 1760 3962 supplicia
1775 3892 2062 3962 passionis,

458 4002 469 4026 -.
486 3986 543 4032 et
564 3992 662 4047 per
707 3978 995 4034 immanem
1042 3988 1437 4036 tormentorum
1461 3983 1711 4053 pervenit
1735 3983 1803 4037 ad
1834 3983 2066 4039 societa-

462 4075 593 4122 .tcm
616 4070 948 4141 angelorum.
993 4069 1198 4142 Nempe
1226 4087 1446 4139 novum,
1472 4074 1625 4143 prius
1651 4082 1705 4129 et
1742 4075 2061 4143 inauditum,

468 4162 828 4225 .miraeulun‘t,
880 4163 1129 4217 exanime
1158 4179 1356 4234 corpus
1383 4165 1611 4219 viventis
1648 4179 1867 4220 currere
1891 4181 2059 4233 more,

460 4262 540 4307 ~ct
592 4254 862 4307 hominem
909 4254 1020 4323 jam
1052 4264 1320 4309 mortuum
1360 4268 1509 4312 recto
1554 4273 1743 4327 gressu
1790 4258 2058 4314 incedere.

468 4341 594 4395 Sed
643 4357 948 4411 quanquam
1003 4344 1073 4397 sit
1119 4344 1336 4409 mirum,
1375 4360 1482 4400 non
1512 4353 1800 4401 esttamen
1827 4346 2057 4415 difﬁcile,

470 4429 710 4500 praeciso
735 4431 928 4500 capite,
952 4431 1278 4486 sanctissimi
1297 4433 1398 4487 viri
1426 4449 1623 4504 corpus
1644 4435 1886 4507 angelico
1899 4437 2059 4491 mini-

482 4520 650 4574 sterio
675 4520 728 4574 in
758 4520 975 4575 modum
1008 4521 1237 4576 viventis
1258 4523 1552 4589 ambulare,
1584 4539 1710 4578 cum
1750 4525 1889 4580 idem
1917 4525 2058 4583 Deus

482 4626 579 4664 sua
601 4611 987 4680 omnipotentia
1009 4610 1186 4668 eﬁlato
1216 4614 1426 4684 spiritu,
1483 4615 1715 4671 cadaver
1742 4614 1857 4685 ejus
1900 4616 2057 4676 facile

479 4711 701 4772 propter
729 4702 852 4758 ﬁdei
875 4718 985 4758 suae
1004 4706 1549 4771 commendationem,
1575 4723 1736 4779 quam
1764 4709 1905 4765 idem
1927 4726 2057 4768 suus

480 4794 655 4850 ﬁdelis
682 4810 872 4853 servus
904 4798 1293 4867 pmedicaverat
1322 4799 1481 4854 facile
1512 4808 1572 4854 ut
1624 4800 1747 4865 iret,
1771 4801 1946 4871 potuit
1975 4817 2056 4858 re-

477 4899 626 4953 gere,
655 4884 745 4953 qui
780 4882 1008 4956 idipsum
1037 4901 1234 4958 corpus
1272 4887 1339 4943 de
1364 4889 1585 4960 pulvere
1636 4899 1791 4946 terra:
1820 4892 2055 4961 compin-

476 4990 631 5045 gens,
663 4975 935 5045 spiritum,
962 4992 1068 5046 quo
1099 4986 1457 5049 vegetaretur,
1495 4981 1743 5052 dignatus
1770 4991 1853 5037 est
1890 4983 2055 5053 inspi-

479 5084 602 5124 rare
644 5087 656 5123 :
705 5068 954 5139 idemque
1018 5072 1293 5127 redactum
1350 5074 1405 5129 in
1454 5074 1692 5129 cinerem
1746 5075 2057 5146 dignabitur

481 5175 752 5230 reparare,
781 5168 837 5215 et
864 5176 970 5232 qua
992 5162 1198 5217 vixerat
1225 5163 1427 5229 anima,
1460 5164 1696 5220 vividum
1743 5167 2055 5234 perenniter

2082 4486 2137 4548 D

2170 3260 2290 3300 rum
2316 3261 2601 3318 corporum
2635 3246 2958 3316 perditores.
2990 3246 3060 3301 Et
3084 3245 3212 3302 dum
3242 3247 3320 3301 eis
3343 3246 3551 3316 copiam
3595 3246 3744 3301 obla-

2171 3345 2237 3392 tae
2286 3337 2638 3393 humanitatis
2668 3338 2956 3408 expendit,
3003 3324 3035 3392 a
3085 3338 3368 3394 memoria
3395 3354 3582 3394 eorum
3624 3353 3745 3408 qum

2169 3435 2520 3497 susceperant
2560 3428 2789 3500 agenda,
2823 3428 3096 3496 discussit,
3130 3427 3483 3499 ﬁdelibusque
3528 3431 3641 3484 suis
3686 3437 3745 3485 et

2168 3518 2451 3574 familiaris
2479 3519 2591 3574 voti
2613 3519 2846 3574 consciis
2876 3527 3088 3574 secreta
3130 3519 3471 3576 ordinatione
3494 3520 3743 3575 commit-

2169 3610 2255 3675 tit,
2301 3618 2360 3664 ut
2394 3611 2671 3666 subtracto
2718 3609 2864 3666 furto
2906 3611 3141 3681 pretiosa
3186 3626 3415 3682 corpora
3462 3614 3742 3669 beatorum

2168 3698 2396 3771 diligens
2422 3699 2633 3756 laboret
2665 3701 2939 3757 occultare
2965 3701 3226 3772 provisio.
3258 3702 3362 3771 Qui
3390 3703 3620 3759 domina:
3646 3720 3744 3761 vo-

2165 3789 2372 3845 luntate
2392 3798 2448 3846 et
2484 3788 2728 3860 iussione
2774 3799 3072 3861 comperta,
3108 3779 3455 3861 festinanter,
3489 3794 3631 3864 quod
3650 3795 3743 3851 eis

2163 3891 2493 3954 prazceptum
2515 3882 2692 3939 fuerat
2711 3893 3102 3955 exsequuntur,
3123 3884 3434 3958 furtumque
3447 3887 3737 3955 laudabile,

2164 3976 2307 4048 quod
2328 3976 2529 4031 nemini
2553 3977 2806 4032 damnum
2826 3976 3022 4043 intulit,
3048 3986 3103 4034 et
3128 3979 3378 4034 omnibus
3404 3979 3487 4050 pie
3508 3980 3739 4035 creden-

2164 4066 2308 4123 tibus
2334 4065 2544 4121 lucrum
2574 4067 2872 4123 maximum
2916 4069 3165 4137 contulit,
3196 4070 3359 4126 sexto
3380 4085 3410 4123 a
3436 4081 3737 4127 memorata

2108 4156 2111 4159 ’
2163 4160 2297 4213 urbe
2325 4157 2522 4229 lapide,
2550 4157 2607 4212 in
2651 4157 2815 4214 sulcis
2857 4160 3276 4227 autumnalibus,
3310 4176 3444 4233 quos
3480 4170 3607 4218 tunc
3650 4178 3735 4218 se-

2162 4251 2397 4307 minibus
2417 4248 2684 4320 jacendis,
2723 4251 3040 4323 prescripta
3069 4262 3314 4308 matrona
3344 4253 3400 4307 in
3450 4253 3734 4309 abundan-

2163 4344 2236 4397 tia
2254 4341 2486 4412 parabat
2537 4342 2827 4409 arantium,
2860 4344 3094 4414 speciem
3138 4343 3553 4415 agricolautium
3598 4361 3736 4416 pra:-

2163 4435 2466 4501 tendentes,
2493 4435 2642 4490 velut
2687 4435 2942 4505 quiddam
2979 4435 3177 4491 ruralis
3207 4437 3390 4506 operis
3427 4437 3736 4494 laborantes

2162 4523 2498 4579 abscondunt
2527 4542 2542 4578 :
2570 4525 2755 4580 locum
2782 4525 2948 4580 etiam
2977 4534 3124 4581 certo
3144 4527 3422 4584 notamine
3460 4530 3736 4599 assignare

2160 4623 2475 4686 procurant.
2494 4616 2574 4671 Ex
2600 4632 2709 4688 quo
2727 4617 2916 4672 eadem
2938 4617 3036 4672 Dei
3074 4616 3251 4673 futura
3277 4619 3489 4691 plenius
3510 4620 3732 4684 femina,

2161 4719 2224 4760 ac
2252 4705 2355 4761 sibi
2383 4705 2599 4778 collegae
2626 4706 2941 4772 Christiani,
2981 4708 3122 4763 inter
3146 4718 3408 4765 nocturna
3428 4719 3635 4766 secreta
3660 4711 3736 4765 si-

2157 4794 2346 4861 lentia,
2365 4796 2680 4866 prtescripta
2698 4807 2997 4869 martyrum
3025 4813 3251 4868 corpora
3279 4800 3552 4868 tollentes,
3585 4802 3732 4857 beati

2157 4886 2399 4956 Dionysii
2439 4888 2653 4957 corpori
2683 4886 3100 4958 eonjunxeruht,
3143 4899 3199 4945 et
3229 4892 3591 4957 veneratione,
3621 4908 3733 4963 qua

2158 4980 2299 5034 inter
2348 4988 2757 5051 persecutorum
2815 4982 3018 5039 rabiem
3069 4994 3337 5055 poterant,
3384 4984 3735 5046 devotissime

2156 5072 2594 5141 frequentabant.
2628 5073 2794 5130 Facta
2846 5076 3099 5149 deindeps
3145 5079 3372 5145 satione,
3424 5094 3526 5135 nec
3572 5097 3730 5138 suum

2154 5178 2310 5234 seges
2328 5165 2546 5235 negavit
2568 5164 2910 5236 obsequium,
2934 5184 3053 5238 quae
3074 5169 3168 5224 tali
3196 5178 3280 5226 est
3305 5170 3591 5227 fecundata
3609 5175 3725 5243 pin-

479 5251 719 5306 reddere.
774 5252 926 5319 Quod
979 5254 1306 5322 stupendum
1348 5256 1695 5319 miraculum,
1726 5273 1847 5311 cum
1901 5273 2055 5327 supe-
2152 5257 2400 5325 guedinc,
2428 5264 2590 5326 atque
2615 5257 2695 5312 sic
2742 5272 2801 5313 se
2846 5259 2901 5314 in
2947 5275 3068 5316 eam
3113 5261 3433 5317 beneﬁcium
3460 5264 3730 5319 ubertatis

476 5341 591 5395 rius
616 5342 724 5397 fata
766 5342 956 5398 Larcia
982 5345 1370 5414 conspexisset,
1398 5346 1647 5417 prosiluit
1675 5347 1726 5401 in
1753 5346 2046 5402 inﬁdelium

479 5436 685 5501 turbas,
706 5447 761 5493 et
785 5440 1076 5495 vociferata
1105 5449 1189 5496 est
1229 5457 1287 5496 sc
1323 5456 1442 5497 esse
1467 5443 1664 5498 Christi
1698 5444 1869 5515 gratia
1908 5447 2049 5501 chri-

477 5525 728 5589 stianum.
783 5530 911 5597 Qum
941 5547 1063 5586 mox
1091 5539 1271 5602 capta,
1320 5541 1375 5586 ct
1405 5533 1456 5587 in
1485 5532 1683 5587 Christi
1710 5534 1919 5589 Domini
1950 5550 2045 5589 no-

476 5617 574 5670 stri
600 5616 957 5685 confessione,
1002 5623 1277 5695 sanguinis
1315 5623 1397 5678 sui
1420 5623 1565 5679 fonte
1592 5624 1660 5677 ab
1708 5625 2045 5680 immunditia

2151 5345 2358 5412 effudit,
2386 5354 2447 5400 ut
2480 5348 2876 5418 eentnplicatos
2906 5349 3113 5407 fructus
3152 5352 3497 5408 devotissime
3524 5354 3727 5411 cultrix

2153 5439 2476 5510 acquireret,
2504 5449 2558 5495 et
2576 5442 2751 5510 patria
2774 5451 3073 5498 mereretur
3106 5443 3356 5500 salutem.

2687 5533 2912 5589 CAPUT
2950 5532 3166 5586 XXXV.

2222 5622 2519 5679 Praedicata
2551 5624 2733 5694 itaque
2754 5632 2929 5678 mater
2951 5624 3196 5684 familias.
3227 5643 3348 5681 cum
3379 5628 3612 5698 primum
3642 5627 3725 5682 vi-

542 5748 573 5775 ι
601 5734 937 5807 Evespillalo,
962 5741 1012 5797 id
1041 5751 1123 5798 est
1146 5760 1174 5797 a
1198 5740 1585 5811 vespillouibus
1609 5742 2017 5817 exportato.>lta
2054 5749 2174 5797 erat
2198 5740 2263 5796 ad
2296 5740 2594 5811 marginem
2621 5755 2724 5796 ms.
2751 5739 2949 5795 codicis
2980 5740 3198 5808 antiqui.
