  <div class='ocr_page' id='page_1' title='image "/cluster/home/n/w/nwhite01/storage/ocr_20150623/106/hvd.32044054759717/030.png"; bbox 0 0 4064 6190; ppageno 0'>
   <div class='ocr_carea' id='block_1_1' title="bbox 1628 389 1849 411">
    <p class='ocr_par' dir='ltr' id='par_1_1' title="bbox 1628 389 1849 411">
     <span class='ocr_line' id='line_1_1' title="bbox 1628 389 1849 411; baseline -0.005 -1"><span class='ocrx_word' id='word_1_1' title='bbox 1628 389 1849 411; x_wconf 49' lang='grc' dir='ltr'><strong>ω</strong></span> 
     </span>
    </p>
   </div>
   <div class='ocr_carea' id='block_1_2' title="bbox 315 462 3037 534">
    <p class='ocr_par' dir='ltr' id='par_1_2' title="bbox 315 462 3037 534">
     <span class='ocr_line' id='line_1_2' title="bbox 315 462 3037 534; baseline -0.002 -9"><span class='ocrx_word' id='word_1_2' title='bbox 315 470 391 528; x_wconf 63' lang='lat' dir='ltr'><strong>L9</strong></span> <span class='ocrx_word' id='word_1_3' title='bbox 807 464 1206 521; x_wconf 67' lang='lat' dir='ltr'><strong>MAXENTIUS</strong></span> <span class='ocrx_word' id='word_1_4' title='bbox 1243 463 1719 534; x_wconf 78' lang='lat' dir='ltr'><strong>AQUILEIENSIS</strong></span> <span class='ocrx_word' id='word_1_5' title='bbox 1756 463 2213 520; x_wconf 80' lang='lat' dir='ltr'><strong>PATRIARCIIA.</strong></span> <span class='ocrx_word' id='word_1_6' title='bbox 2245 496 2313 505; x_wconf 89' lang='lat'><strong>—</strong></span> <span class='ocrx_word' id='word_1_7' title='bbox 2351 462 2621 522; x_wconf 77' lang='lat' dir='ltr'><strong>NOTlTlA</strong></span> <span class='ocrx_word' id='word_1_8' title='bbox 2662 463 3037 522; x_wconf 74' lang='lat' dir='ltr'><strong>HISTOBICA.</strong></span> 
     </span>
    </p>
   </div>
   <div class='ocr_carea' id='block_1_3' title="bbox 3474 472 3569 526">
    <p class='ocr_par' dir='ltr' id='par_1_3' title="bbox 3474 472 3569 526">
     <span class='ocr_line' id='line_1_3' title="bbox 3474 472 3569 526; baseline 0 0"><span class='ocrx_word' id='word_1_9' title='bbox 3474 472 3569 526; x_wconf 54' lang='lat'><strong>50?</strong></span> 
     </span>
    </p>
   </div>
   <div class='ocr_carea' id='block_1_4' title="bbox 320 578 3549 657">
    <p class='ocr_par' dir='ltr' id='par_1_4' title="bbox 320 578 3549 657">
     <span class='ocr_line' id='line_1_4' title="bbox 320 578 3549 657; baseline -0 -16"><span class='ocrx_word' id='word_1_10' title='bbox 320 588 402 642; x_wconf 84' lang='lat' dir='ltr'><strong>dit</strong></span> <span class='ocrx_word' id='word_1_11' title='bbox 420 584 803 657; x_wconf 69' lang='lat' dir='ltr'><strong>persecutionis</strong></span> <span class='ocrx_word' id='word_1_12' title='bbox 825 583 1057 652; x_wconf 86' lang='lat' dir='ltr'><strong>tepuisse</strong></span> <span class='ocrx_word' id='word_1_13' title='bbox 1084 583 1371 644; x_wconf 83' lang='lat' dir='ltr'><strong>fervorem.</strong></span> <span class='ocrx_word' id='word_1_14' title='bbox 1404 581 1579 637; x_wconf 89' lang='lat' dir='ltr'><strong>locum</strong></span> <span class='ocrx_word' id='word_1_15' title='bbox 1608 588 1877 636; x_wconf 88' lang='lat' dir='ltr'><strong>tantorum</strong></span> <span class='ocrx_word' id='word_1_16' title='bbox 1904 585 1953 646; x_wconf 83' lang='grc' dir='ltr'><strong>Α</strong></span> <span class='ocrx_word' id='word_1_17' title='bbox 1979 579 2266 635; x_wconf 88' lang='lat' dir='ltr'><strong>monstrari</strong></span> <span class='ocrx_word' id='word_1_18' title='bbox 2290 580 2606 650; x_wconf 84' lang='lat' dir='ltr'><strong>frequentia.</strong></span> <span class='ocrx_word' id='word_1_19' title='bbox 2630 578 2865 647; x_wconf 85' lang='lat' dir='ltr'><strong>Quorum</strong></span> <span class='ocrx_word' id='word_1_20' title='bbox 2890 581 3264 638; x_wconf 76' lang='lat' dir='ltr'><strong>miraculorum</strong></span> <span class='ocrx_word' id='word_1_21' title='bbox 3287 584 3549 657; x_wconf 75' lang='lat' dir='ltr'><strong>insignia,</strong></span> 
     </span>
    </p>
   </div>
   <div class='ocr_carea' id='block_1_5' title="bbox 323 669 1882 747">
    <p class='ocr_par' dir='ltr' id='par_1_5' title="bbox 323 669 1882 747">
     <span class='ocr_line' id='line_1_5' title="bbox 323 669 1882 747; baseline -0.006 -14"><span class='ocrx_word' id='word_1_22' title='bbox 323 685 615 747; x_wconf 85' lang='lat' dir='ltr'><strong>martymm</strong></span> <span class='ocrx_word' id='word_1_23' title='bbox 656 688 779 728; x_wconf 89' lang='lat' dir='ltr'><strong>ossa</strong></span> <span class='ocrx_word' id='word_1_24' title='bbox 813 682 1160 726; x_wconf 87' lang='lat' dir='ltr'><strong>servantem.</strong></span> <span class='ocrx_word' id='word_1_25' title='bbox 1205 688 1308 742; x_wconf 90' lang='lat' dir='ltr'><strong>qua</strong></span> <span class='ocrx_word' id='word_1_26' title='bbox 1353 671 1589 741; x_wconf 72' lang='lat' dir='ltr'><strong>oportuit</strong></span> <span class='ocrx_word' id='word_1_27' title='bbox 1627 669 1882 725; x_wconf 80' lang='lat' dir='ltr'><strong>honoriﬁ-</strong></span> 
     </span>
    </p>
   </div>
   <div class='ocr_carea' id='block_1_6' title="bbox 322 760 1880 822">
    <p class='ocr_par' dir='ltr' id='par_1_6' title="bbox 322 760 1880 822">
     <span class='ocr_line' id='line_1_6' title="bbox 322 760 1880 822; baseline -0.006 1"><span class='ocrx_word' id='word_1_28' title='bbox 322 778 499 822; x_wconf 71' lang='lat' dir='ltr'><strong>cenua</strong></span> <span class='ocrx_word' id='word_1_29' title='bbox 527 782 629 818; x_wconf 91' lang='lat' dir='ltr'><strong>uua</strong></span> <span class='ocrx_word' id='word_1_30' title='bbox 658 779 780 818; x_wconf 90' lang='lat' dir='ltr'><strong>cum</strong></span> <span class='ocrx_word' id='word_1_31' title='bbox 809 763 1010 818; x_wconf 80' lang='lat' dir='ltr'><strong>sanctis</strong></span> <span class='ocrx_word' id='word_1_32' title='bbox 1039 763 1249 817; x_wconf 89' lang='lat' dir='ltr'><strong>Domini</strong></span> <span class='ocrx_word' id='word_1_33' title='bbox 1277 762 1646 817; x_wconf 89' lang='lat' dir='ltr'><strong>sacerdotibus</strong></span> <span class='ocrx_word' id='word_1_34' title='bbox 1668 769 1724 815; x_wconf 90' lang='lat' dir='ltr'><strong>et</strong></span> <span class='ocrx_word' id='word_1_35' title='bbox 1752 760 1880 815; x_wconf 82' lang='lat' dir='ltr'><strong>ﬁde-</strong></span> 
     </span>
    </p>
   </div>
   <div class='ocr_carea' id='block_1_7' title="bbox 318 851 1881 923">
    <p class='ocr_par' dir='ltr' id='par_1_7' title="bbox 318 851 1881 923">
     <span class='ocr_line' id='line_1_7' title="bbox 318 851 1881 923; baseline -0.003 -14"><span class='ocrx_word' id='word_1_36' title='bbox 318 857 448 911; x_wconf 87' lang='lat' dir='ltr'><strong>lium</strong></span> <span class='ocrx_word' id='word_1_37' title='bbox 489 853 665 910; x_wconf 82' lang='lat' dir='ltr'><strong>turbis</strong></span> <span class='ocrx_word' id='word_1_38' title='bbox 716 853 1148 909; x_wconf 85' lang='lat' dir='ltr'><strong>reverentissime</strong></span> <span class='ocrx_word' id='word_1_39' title='bbox 1193 852 1325 907; x_wconf 83' lang='lat' dir='ltr'><strong>satis</strong></span> <span class='ocrx_word' id='word_1_40' title='bbox 1357 852 1686 923; x_wconf 75' lang='lat' dir='ltr'><strong>aggreditur,</strong></span> <span class='ocrx_word' id='word_1_41' title='bbox 1716 859 1771 905; x_wconf 89' lang='lat' dir='ltr'><strong>et</strong></span> <span class='ocrx_word' id='word_1_42' title='bbox 1798 851 1881 905; x_wconf 91' lang='lat' dir='ltr'><strong>in-</strong></span> 
     </span>
    </p>
   </div>
   <div class='ocr_carea' id='block_1_8' title="bbox 312 940 1881 1016">
    <p class='ocr_par' dir='ltr' id='par_1_8' title="bbox 312 940 1881 1016">
     <span class='ocr_line' id='line_1_8' title="bbox 312 940 1881 1016; baseline -0.004 -15"><span class='ocrx_word' id='word_1_43' title='bbox 312 944 731 1016; x_wconf 83' lang='lat' dir='ltr'><strong>comparabilem</strong></span> <span class='ocrx_word' id='word_1_44' title='bbox 760 946 1097 1002; x_wconf 80' lang='lat' dir='ltr'><strong>thesaurum.</strong></span> <span class='ocrx_word' id='word_1_45' title='bbox 1126 958 1286 1011; x_wconf 89' lang='lat' dir='ltr'><strong>quem</strong></span> <span class='ocrx_word' id='word_1_46' title='bbox 1323 941 1412 995; x_wconf 91' lang='lat' dir='ltr'><strong>diu</strong></span> <span class='ocrx_word' id='word_1_47' title='bbox 1441 942 1540 997; x_wconf 86' lang='lat' dir='ltr'><strong>sibi</strong></span> <span class='ocrx_word' id='word_1_48' title='bbox 1572 951 1627 996; x_wconf 89' lang='lat' dir='ltr'><strong>et</strong></span> <span class='ocrx_word' id='word_1_49' title='bbox 1654 940 1881 1011; x_wconf 79' lang='lat' dir='ltr'><strong>posteris</strong></span> 
     </span>
    </p>
   </div>
   <div class='ocr_carea' id='block_1_9' title="bbox 313 1030 1877 1105">
    <p class='ocr_par' dir='ltr' id='par_1_9' title="bbox 313 1030 1877 1105">
     <span class='ocr_line' id='line_1_9' title="bbox 313 1030 1877 1105; baseline -0.002 -16"><span class='ocrx_word' id='word_1_50' title='bbox 313 1034 660 1105; x_wconf 84' lang='lat' dir='ltr'><strong>profuturum</strong></span> <span class='ocrx_word' id='word_1_51' title='bbox 700 1034 955 1095; x_wconf 82' lang='lat' dir='ltr'><strong>servavit.</strong></span> <span class='ocrx_word' id='word_1_52' title='bbox 1002 1032 1249 1087; x_wconf 89' lang='lat' dir='ltr'><strong>omnibus</strong></span> <span class='ocrx_word' id='word_1_53' title='bbox 1282 1039 1531 1101; x_wconf 89' lang='lat' dir='ltr'><strong>patenter</strong></span> <span class='ocrx_word' id='word_1_54' title='bbox 1572 1030 1759 1086; x_wconf 86' lang='lat' dir='ltr'><strong>eadem</strong></span> <span class='ocrx_word' id='word_1_55' title='bbox 1789 1046 1877 1086; x_wconf 87' lang='lat' dir='ltr'><strong>sa-</strong></span> 
     </span>
    </p>
   </div>
   <div class='ocr_carea' id='block_1_10' title="bbox 309 1122 1879 1193">
    <p class='ocr_par' dir='ltr' id='par_1_10' title="bbox 309 1122 1879 1193">
     <span class='ocr_line' id='line_1_10' title="bbox 309 1122 1879 1193; baseline -0.003 -12"><span class='ocrx_word' id='word_1_56' title='bbox 309 1124 621 1181; x_wconf 79' lang='lat' dir='ltr'><strong>cratissima</strong></span> <span class='ocrx_word' id='word_1_57' title='bbox 652 1124 739 1179; x_wconf 82' lang='lat' dir='ltr'><strong>die</strong></span> <span class='ocrx_word' id='word_1_58' title='bbox 782 1123 1032 1187; x_wconf 85' lang='lat' dir='ltr'><strong>innotuit,</strong></span> <span class='ocrx_word' id='word_1_59' title='bbox 1076 1139 1182 1193; x_wconf 75' lang='lat' dir='ltr'><strong>qia</strong></span> <span class='ocrx_word' id='word_1_60' title='bbox 1226 1122 1415 1177; x_wconf 89' lang='lat' dir='ltr'><strong>beatus</strong></span> <span class='ocrx_word' id='word_1_61' title='bbox 1449 1122 1730 1193; x_wconf 75' lang='lat' dir='ltr'><strong>Dionysius</strong></span> <span class='ocrx_word' id='word_1_62' title='bbox 1757 1138 1879 1177; x_wconf 91' lang='lat' dir='ltr'><strong>cum</strong></span> 
     </span>
    </p>
   </div>
   <div class='ocr_carea' id='block_1_11' title="bbox 311 1213 1877 1285">
    <p class='ocr_par' dir='ltr' id='par_1_11' title="bbox 311 1213 1877 1285">
     <span class='ocr_line' id='line_1_11' title="bbox 311 1213 1877 1285; baseline -0.003 -14"><span class='ocrx_word' id='word_1_63' title='bbox 311 1217 478 1281; x_wconf 83' lang='lat' dir='ltr'><strong>sociis</strong></span> <span class='ocrx_word' id='word_1_64' title='bbox 499 1216 613 1271; x_wconf 89' lang='lat' dir='ltr'><strong>suis</strong></span> <span class='ocrx_word' id='word_1_65' title='bbox 640 1215 974 1285; x_wconf 82' lang='lat' dir='ltr'><strong>triumphans</strong></span> <span class='ocrx_word' id='word_1_66' title='bbox 1003 1228 1228 1282; x_wconf 80' lang='lat' dir='ltr'><strong>agonem</strong></span> <span class='ocrx_word' id='word_1_67' title='bbox 1254 1213 1518 1283; x_wconf 76' lang='lat' dir='ltr'><strong>explevit.</strong></span> <span class='ocrx_word' id='word_1_68' title='bbox 1546 1223 1600 1267; x_wconf 87' lang='lat' dir='ltr'><strong>et</strong></span> <span class='ocrx_word' id='word_1_69' title='bbox 1622 1228 1877 1268; x_wconf 79' lang='lat' dir='ltr'><strong>coronam</strong></span> 
     </span>
    </p>
   </div>
   <div class='ocr_carea' id='block_1_12' title="bbox 311 1302 1879 1374">
    <p class='ocr_par' dir='ltr' id='par_1_12' title="bbox 311 1302 1879 1374">
     <span class='ocr_line' id='line_1_12' title="bbox 311 1302 1879 1374; baseline 0.003 -20"><span class='ocrx_word' id='word_1_70' title='bbox 311 1304 555 1359; x_wconf 69' lang='lat' dir='ltr'><strong>victoria:</strong></span> <span class='ocrx_word' id='word_1_71' title='bbox 592 1304 837 1374; x_wconf 89' lang='lat' dir='ltr'><strong>accipere</strong></span> <span class='ocrx_word' id='word_1_72' title='bbox 878 1302 946 1357; x_wconf 89' lang='lat' dir='ltr'><strong>de</strong></span> <span class='ocrx_word' id='word_1_73' title='bbox 994 1316 1157 1357; x_wconf 87' lang='lat' dir='ltr'><strong>manu</strong></span> <span class='ocrx_word' id='word_1_74' title='bbox 1207 1302 1416 1356; x_wconf 89' lang='lat' dir='ltr'><strong>Domini</strong></span> <span class='ocrx_word' id='word_1_75' title='bbox 1468 1304 1685 1368; x_wconf 91' lang='lat' dir='ltr'><strong>meruit,</strong></span> <span class='ocrx_word' id='word_1_76' title='bbox 1719 1312 1879 1372; x_wconf 79' lang='lat' dir='ltr'><strong>atque</strong></span> 
     </span>
    </p>
   </div>
   <div class='ocr_carea' id='block_1_13' title="bbox 310 1392 1879 1464">
    <p class='ocr_par' dir='ltr' id='par_1_13' title="bbox 310 1392 1879 1464">
     <span class='ocr_line' id='line_1_13' title="bbox 310 1392 1879 1464; baseline 0.001 -15"><span class='ocrx_word' id='word_1_77' title='bbox 310 1394 470 1449; x_wconf 81' lang='lat' dir='ltr'><strong>testis</strong></span> <span class='ocrx_word' id='word_1_78' title='bbox 489 1392 616 1448; x_wconf 82' lang='lat' dir='ltr'><strong>Jesu</strong></span> <span class='ocrx_word' id='word_1_79' title='bbox 638 1393 855 1461; x_wconf 83' lang='lat' dir='ltr'><strong>Domini</strong></span> <span class='ocrx_word' id='word_1_80' title='bbox 887 1392 1159 1461; x_wconf 88' lang='lat' dir='ltr'><strong>pretiosus</strong></span> <span class='ocrx_word' id='word_1_81' title='bbox 1195 1393 1461 1447; x_wconf 88' lang='lat' dir='ltr'><strong>sidereum</strong></span> <span class='ocrx_word' id='word_1_82' title='bbox 1492 1404 1735 1448; x_wconf 89' lang='lat' dir='ltr'><strong>senatum</strong></span> <span class='ocrx_word' id='word_1_83' title='bbox 1758 1410 1879 1464; x_wconf 90' lang='lat' dir='ltr'><strong>pos-</strong></span> 
     </span>
    </p>
   </div>
   <div class='ocr_carea' id='block_1_14' title="bbox 309 1482 1877 1555">
    <p class='ocr_par' dir='ltr' id='par_1_14' title="bbox 309 1482 1877 1555">
     <span class='ocr_line' id='line_1_14' title="bbox 309 1482 1877 1555; baseline 0.001 -16"><span class='ocrx_word' id='word_1_84' title='bbox 309 1485 478 1550; x_wconf 86' lang='lat' dir='ltr'><strong>sedit,</strong></span> <span class='ocrx_word' id='word_1_85' title='bbox 529 1485 811 1555; x_wconf 78' lang='lat' dir='ltr'><strong>ipsumque</strong></span> <span class='ocrx_word' id='word_1_86' title='bbox 837 1482 1012 1539; x_wconf 89' lang='lat' dir='ltr'><strong>locum</strong></span> <span class='ocrx_word' id='word_1_87' title='bbox 1046 1483 1335 1539; x_wconf 73' lang='lat' dir='ltr'><strong>eminentis</strong></span> <span class='ocrx_word' id='word_1_88' title='bbox 1365 1485 1621 1540; x_wconf 84' lang='lat' dir='ltr'><strong>mausolei</strong></span> <span class='ocrx_word' id='word_1_89' title='bbox 1643 1485 1877 1541; x_wconf 62' lang='lat' dir='ltr'><strong>aediﬁca-</strong></span> 
     </span>
    </p>
   </div>
   <div class='ocr_carea' id='block_1_15' title="bbox 311 1572 1877 1647">
    <p class='ocr_par' dir='ltr' id='par_1_15' title="bbox 311 1572 1877 1647">
     <span class='ocr_line' id='line_1_15' title="bbox 311 1572 1877 1647; baseline 0.004 -20"><span class='ocrx_word' id='word_1_90' title='bbox 311 1575 465 1629; x_wconf 84' lang='lat' dir='ltr'><strong>tione</strong></span> <span class='ocrx_word' id='word_1_91' title='bbox 492 1573 745 1645; x_wconf 76' lang='lat' dir='ltr'><strong>signavit.</strong></span> <span class='ocrx_word' id='word_1_92' title='bbox 777 1572 1096 1628; x_wconf 89' lang='lat' dir='ltr'><strong>Sanctorum</strong></span> <span class='ocrx_word' id='word_1_93' title='bbox 1126 1589 1337 1644; x_wconf 90' lang='lat' dir='ltr'><strong>quoque</strong></span> <span class='ocrx_word' id='word_1_94' title='bbox 1382 1577 1697 1646; x_wconf 87' lang='lat' dir='ltr'><strong>corporibus</strong></span> <span class='ocrx_word' id='word_1_95' title='bbox 1720 1577 1877 1647; x_wconf 86' lang='lat' dir='ltr'><strong>digna</strong></span> 
     </span>
    </p>
   </div>
   <div class='ocr_carea' id='block_1_16' title="bbox 310 1665 1877 1735">
    <p class='ocr_par' dir='ltr' id='par_1_16' title="bbox 310 1665 1877 1735">
     <span class='ocr_line' id='line_1_16' title="bbox 310 1665 1877 1735; baseline 0.002 -17"><span class='ocrx_word' id='word_1_96' title='bbox 310 1667 664 1722; x_wconf 70' lang='lat' dir='ltr'><strong>veneratione</strong></span> <span class='ocrx_word' id='word_1_97' title='bbox 693 1665 935 1735; x_wconf 88' lang='lat' dir='ltr'><strong>sepultis,</strong></span> <span class='ocrx_word' id='word_1_98' title='bbox 949 1680 1137 1721; x_wconf 91' lang='lat' dir='ltr'><strong>eorum</strong></span> <span class='ocrx_word' id='word_1_99' title='bbox 1162 1666 1505 1732; x_wconf 83' lang='lat' dir='ltr'><strong>vestimenta,</strong></span> <span class='ocrx_word' id='word_1_100' title='bbox 1523 1666 1702 1721; x_wconf 90' lang='lat' dir='ltr'><strong>tunica</strong></span> <span class='ocrx_word' id='word_1_101' title='bbox 1724 1667 1877 1722; x_wconf 80' lang='lat' dir='ltr'><strong>vide-</strong></span> 
     </span>
    </p>
   </div>
   <div class='ocr_carea' id='block_1_17' title="bbox 308 1756 1877 1827">
    <p class='ocr_par' dir='ltr' id='par_1_17' title="bbox 308 1756 1877 1827">
     <span class='ocr_line' id='line_1_17' title="bbox 308 1756 1877 1827; baseline 0.002 -16"><span class='ocrx_word' id='word_1_102' title='bbox 308 1758 462 1821; x_wconf 83' lang='lat' dir='ltr'><strong>licet,</strong></span> <span class='ocrx_word' id='word_1_103' title='bbox 492 1757 746 1821; x_wconf 83' lang='lat' dir='ltr'><strong>cilicium,</strong></span> <span class='ocrx_word' id='word_1_104' title='bbox 782 1766 836 1812; x_wconf 91' lang='lat' dir='ltr'><strong>et</strong></span> <span class='ocrx_word' id='word_1_105' title='bbox 861 1756 1046 1827; x_wconf 64' lang='lat' dir='ltr'><strong>caligae</strong></span> <span class='ocrx_word' id='word_1_106' title='bbox 1083 1756 1321 1827; x_wconf 77' lang='lat' dir='ltr'><strong>Dionysii</strong></span> <span class='ocrx_word' id='word_1_107' title='bbox 1340 1757 1590 1827; x_wconf 91' lang='lat' dir='ltr'><strong>pretiosi,</strong></span> <span class='ocrx_word' id='word_1_108' title='bbox 1614 1766 1670 1812; x_wconf 88' lang='lat' dir='ltr'><strong>et</strong></span> <span class='ocrx_word' id='word_1_109' title='bbox 1696 1759 1877 1814; x_wconf 86' lang='lat' dir='ltr'><strong>casula</strong></span> 
     </span>
    </p>
   </div>
   <div class='ocr_carea' id='block_1_18' title="bbox 309 1848 1876 1919">
    <p class='ocr_par' dir='ltr' id='par_1_18' title="bbox 309 1848 1876 1919">
     <span class='ocr_line' id='line_1_18' title="bbox 309 1848 1876 1919; baseline 0.001 -14"><span class='ocrx_word' id='word_1_110' title='bbox 309 1850 490 1905; x_wconf 83' lang='lat' dir='ltr'><strong>sancti</strong></span> <span class='ocrx_word' id='word_1_111' title='bbox 545 1848 790 1915; x_wconf 81' lang='lat' dir='ltr'><strong>Rustici,</strong></span> <span class='ocrx_word' id='word_1_112' title='bbox 842 1848 1328 1919; x_wconf 86' lang='lat' dir='ltr'><strong>archipresbyteri,</strong></span> <span class='ocrx_word' id='word_1_113' title='bbox 1377 1859 1533 1919; x_wconf 86' lang='lat' dir='ltr'><strong>atque</strong></span> <span class='ocrx_word' id='word_1_114' title='bbox 1590 1849 1876 1906; x_wconf 88' lang='lat' dir='ltr'><strong>dalmatica</strong></span> 
     </span>
    </p>
   </div>
   <div class='ocr_carea' id='block_1_19' title="bbox 1981 670 3541 740">
    <p class='ocr_par' dir='ltr' id='par_1_19' title="bbox 1981 670 3541 740">
     <span class='ocr_line' id='line_1_19' title="bbox 1981 670 3541 740; baseline 0.004 -17"><span class='ocrx_word' id='word_1_115' title='bbox 1981 687 2083 724; x_wconf 92' lang='lat' dir='ltr'><strong>non</strong></span> <span class='ocrx_word' id='word_1_116' title='bbox 2111 670 2282 724; x_wconf 88' lang='lat' dir='ltr'><strong>solum</strong></span> <span class='ocrx_word' id='word_1_117' title='bbox 2313 686 2490 725; x_wconf 89' lang='lat' dir='ltr'><strong>sermo</strong></span> <span class='ocrx_word' id='word_1_118' title='bbox 2517 686 2619 725; x_wconf 89' lang='lat' dir='ltr'><strong>non</strong></span> <span class='ocrx_word' id='word_1_119' title='bbox 2650 672 2900 740; x_wconf 79' lang='lat' dir='ltr'><strong>prawalct</strong></span> <span class='ocrx_word' id='word_1_120' title='bbox 2921 686 3207 738; x_wconf 84' lang='lat' dir='ltr'><strong>enarrare;</strong></span> <span class='ocrx_word' id='word_1_121' title='bbox 3234 689 3418 729; x_wconf 89' lang='lat' dir='ltr'><strong>verum</strong></span> <span class='ocrx_word' id='word_1_122' title='bbox 3443 692 3541 731; x_wconf 86' lang='lat' dir='ltr'><strong>nec</strong></span> 
     </span>
    </p>
   </div>
   <div class='ocr_carea' id='block_1_20' title="bbox 1980 760 3620 835">
    <p class='ocr_par' dir='ltr' id='par_1_20' title="bbox 1980 760 3620 835">
     <span class='ocr_line' id='line_1_20' title="bbox 1980 760 3620 835; baseline 0.002 -22"><span class='ocrx_word' id='word_1_123' title='bbox 1980 760 2110 829; x_wconf 88' lang='lat' dir='ltr'><strong>ipsis</strong></span> <span class='ocrx_word' id='word_1_124' title='bbox 2146 769 2349 830; x_wconf 90' lang='lat' dir='ltr'><strong>queunt</strong></span> <span class='ocrx_word' id='word_1_125' title='bbox 2377 760 2621 814; x_wconf 85' lang='lat' dir='ltr'><strong>humanis</strong></span> <span class='ocrx_word' id='word_1_126' title='bbox 2669 760 2939 814; x_wconf 84' lang='lat' dir='ltr'><strong>mentibus</strong></span> <span class='ocrx_word' id='word_1_127' title='bbox 2965 762 3359 831; x_wconf 82' lang='lat' dir='ltr'><strong>comprehendi.</strong></span> <span class='ocrx_word' id='word_1_128' title='bbox 3392 764 3541 819; x_wconf 84' lang='lat' dir='ltr'><strong>Unde</strong></span> <span class='ocrx_word' id='word_1_129' title='bbox 3600 765 3620 835; x_wconf 73' lang='grc' dir='ltr'>ζ</span> 
     </span>
    </p>
   </div>
   <div class='ocr_carea' id='block_1_21' title="bbox 1979 850 3617 924">
    <p class='ocr_par' dir='ltr' id='par_1_21' title="bbox 1979 850 3617 924">
     <span class='ocr_line' id='line_1_21' title="bbox 1979 850 3617 924; baseline 0.001 -19"><span class='ocrx_word' id='word_1_130' title='bbox 1979 865 2077 905; x_wconf 87' lang='lat' dir='ltr'><strong>nec</strong></span> <span class='ocrx_word' id='word_1_131' title='bbox 2100 850 2333 921; x_wconf 83' lang='lat' dir='ltr'><strong>dignitas</strong></span> <span class='ocrx_word' id='word_1_132' title='bbox 2364 850 2580 904; x_wconf 82' lang='lat' dir='ltr'><strong>honoris</strong></span> <span class='ocrx_word' id='word_1_133' title='bbox 2612 857 2664 903; x_wconf 90' lang='lat' dir='ltr'><strong>et</strong></span> <span class='ocrx_word' id='word_1_134' title='bbox 2695 850 3103 920; x_wconf 70' lang='lat' dir='ltr'><strong>magnificentia:</strong></span> <span class='ocrx_word' id='word_1_135' title='bbox 3141 867 3325 906; x_wconf 91' lang='lat' dir='ltr'><strong>eorum</strong></span> <span class='ocrx_word' id='word_1_136' title='bbox 3363 853 3537 908; x_wconf 89' lang='lat' dir='ltr'><strong>homi-</strong></span> 
     </span>
    </p>
   </div>
   <div class='ocr_carea' id='block_1_22' title="bbox 1978 928 3617 1010">
    <p class='ocr_par' dir='ltr' id='par_1_22' title="bbox 1978 928 3617 1010">
     <span class='ocr_line' id='line_1_22' title="bbox 1978 928 3617 1010; baseline 0.002 -17"><span class='ocrx_word' id='word_1_137' title='bbox 1978 939 2063 995; x_wconf 89' lang='lat' dir='ltr'><strong>nis</strong></span> <span class='ocrx_word' id='word_1_138' title='bbox 2110 940 2344 1010; x_wconf 87' lang='lat' dir='ltr'><strong>cogitatu</strong></span> <span class='ocrx_word' id='word_1_139' title='bbox 2382 947 2561 1010; x_wconf 86' lang='lat' dir='ltr'><strong>potest</strong></span> <span class='ocrx_word' id='word_1_140' title='bbox 2600 940 2813 1010; x_wconf 79' lang='lat' dir='ltr'><strong>attingi.</strong></span> <span class='ocrx_word' id='word_1_141' title='bbox 2865 939 3228 1008; x_wconf 75' lang='lat' dir='ltr'><strong>Experiuntur</strong></span> <span class='ocrx_word' id='word_1_142' title='bbox 3254 950 3430 997; x_wconf 87' lang='lat' dir='ltr'><strong>tamen</strong></span> <span class='ocrx_word' id='word_1_143' title='bbox 3461 946 3541 996; x_wconf 80' lang='lat' dir='ltr'><strong>iu-</strong></span> <span class='ocrx_word' id='word_1_144' title='bbox 3612 928 3617 933; x_wconf 52' lang='grc'><em>’</em></span> 
     </span>
    </p>
   </div>
   <div class='ocr_carea' id='block_1_23' title="bbox 1978 1030 3538 1100">
    <p class='ocr_par' dir='ltr' id='par_1_23' title="bbox 1978 1030 3538 1100">
     <span class='ocr_line' id='line_1_23' title="bbox 1978 1030 3538 1100; baseline 0 -15"><span class='ocrx_word' id='word_1_145' title='bbox 1978 1030 2117 1085; x_wconf 85' lang='lat' dir='ltr'><strong>ﬁrmi</strong></span> <span class='ocrx_word' id='word_1_146' title='bbox 2139 1046 2203 1085; x_wconf 93' lang='lat' dir='ltr'><strong>ac</strong></span> <span class='ocrx_word' id='word_1_147' title='bbox 2221 1031 2622 1100; x_wconf 88' lang='lat' dir='ltr'><strong>quibuscuuque</strong></span> <span class='ocrx_word' id='word_1_148' title='bbox 2641 1030 2997 1084; x_wconf 79' lang='lat' dir='ltr'><strong>anxietatibus</strong></span> <span class='ocrx_word' id='word_1_149' title='bbox 3036 1030 3239 1095; x_wconf 85' lang='lat' dir='ltr'><strong>alllieti,</strong></span> <span class='ocrx_word' id='word_1_150' title='bbox 3272 1033 3323 1085; x_wconf 91' lang='lat' dir='ltr'><strong>iu</strong></span> <span class='ocrx_word' id='word_1_151' title='bbox 3350 1034 3538 1086; x_wconf 91' lang='lat' dir='ltr'><strong>eodem</strong></span> 
     </span>
    </p>
   </div>
   <div class='ocr_carea' id='block_1_24' title="bbox 1977 1119 3541 1189">
    <p class='ocr_par' dir='ltr' id='par_1_24' title="bbox 1977 1119 3541 1189">
     <span class='ocr_line' id='line_1_24' title="bbox 1977 1119 3541 1189; baseline 0.001 -15"><span class='ocrx_word' id='word_1_152' title='bbox 1977 1119 2096 1174; x_wconf 88' lang='lat' dir='ltr'><strong>loco</strong></span> <span class='ocrx_word' id='word_1_153' title='bbox 2144 1128 2199 1174; x_wconf 90' lang='lat' dir='ltr'><strong>et</strong></span> <span class='ocrx_word' id='word_1_154' title='bbox 2246 1120 2550 1189; x_wconf 86' lang='lat' dir='ltr'><strong>ubicunque</strong></span> <span class='ocrx_word' id='word_1_155' title='bbox 2580 1119 2786 1174; x_wconf 84' lang='lat' dir='ltr'><strong>Domini</strong></span> <span class='ocrx_word' id='word_1_156' title='bbox 2817 1119 3159 1178; x_wconf 81' lang='lat' dir='ltr'><strong>clementiam</strong></span> <span class='ocrx_word' id='word_1_157' title='bbox 3189 1135 3285 1189; x_wconf 86' lang='lat' dir='ltr'><strong>per</strong></span> <span class='ocrx_word' id='word_1_158' title='bbox 3327 1135 3541 1175; x_wconf 84' lang='lat' dir='ltr'><strong>eorum-</strong></span> 
     </span>
    </p>
   </div>
   <div class='ocr_carea' id='block_1_25' title="bbox 1978 1211 3543 1281">
    <p class='ocr_par' dir='ltr' id='par_1_25' title="bbox 1978 1211 3543 1281">
     <span class='ocr_line' id='line_1_25' title="bbox 1978 1211 3543 1281; baseline 0.001 -16"><span class='ocrx_word' id='word_1_159' title='bbox 1978 1211 2100 1265; x_wconf 87' lang='lat' dir='ltr'><strong>dem</strong></span> <span class='ocrx_word' id='word_1_160' title='bbox 2129 1220 2425 1281; x_wconf 80' lang='lat' dir='ltr'><strong>martyrum</strong></span> <span class='ocrx_word' id='word_1_161' title='bbox 2473 1212 2664 1265; x_wconf 88' lang='lat' dir='ltr'><strong>merita</strong></span> <span class='ocrx_word' id='word_1_162' title='bbox 2691 1212 3020 1276; x_wconf 74' lang='lat' dir='ltr'><strong>invocantes,</strong></span> <span class='ocrx_word' id='word_1_163' title='bbox 3067 1222 3324 1281; x_wconf 90' lang='lat' dir='ltr'><strong>quantum</strong></span> <span class='ocrx_word' id='word_1_164' title='bbox 3353 1213 3444 1267; x_wconf 90' lang='lat' dir='ltr'><strong>Dei</strong></span> <span class='ocrx_word' id='word_1_165' title='bbox 3472 1213 3543 1267; x_wconf 83' lang='lat' dir='ltr'><strong>fa-</strong></span> 
     </span>
    </p>
   </div>
   <div class='ocr_carea' id='block_1_26' title="bbox 1979 1301 3544 1371">
    <p class='ocr_par' dir='ltr' id='par_1_26' title="bbox 1979 1301 3544 1371">
     <span class='ocr_line' id='line_1_26' title="bbox 1979 1301 3544 1371; baseline 0.001 -15"><span class='ocrx_word' id='word_1_166' title='bbox 1979 1302 2151 1356; x_wconf 89' lang='lat' dir='ltr'><strong>mulos</strong></span> <span class='ocrx_word' id='word_1_167' title='bbox 2173 1302 2455 1356; x_wconf 83' lang='lat' dir='ltr'><strong>conveniat</strong></span> <span class='ocrx_word' id='word_1_168' title='bbox 2492 1301 2769 1367; x_wconf 87' lang='lat' dir='ltr'><strong>honorari,</strong></span> <span class='ocrx_word' id='word_1_169' title='bbox 2797 1316 3030 1371; x_wconf 90' lang='lat' dir='ltr'><strong>quorum</strong></span> <span class='ocrx_word' id='word_1_170' title='bbox 3075 1302 3375 1357; x_wconf 89' lang='lat' dir='ltr'><strong>interventu</strong></span> <span class='ocrx_word' id='word_1_171' title='bbox 3407 1305 3544 1358; x_wconf 90' lang='lat' dir='ltr'><strong>reei-</strong></span> 
     </span>
    </p>
   </div>
   <div class='ocr_carea' id='block_1_27' title="bbox 1976 1391 3544 1463">
    <p class='ocr_par' dir='ltr' id='par_1_27' title="bbox 1976 1391 3544 1463">
     <span class='ocr_line' id='line_1_27' title="bbox 1976 1391 3544 1463; baseline 0.003 -18"><span class='ocrx_word' id='word_1_172' title='bbox 1976 1392 2057 1461; x_wconf 88' lang='lat' dir='ltr'><strong>pit</strong></span> <span class='ocrx_word' id='word_1_173' title='bbox 2098 1392 2312 1446; x_wconf 65' lang='lat' dir='ltr'><strong>caecitas</strong></span> <span class='ocrx_word' id='word_1_174' title='bbox 2358 1391 2553 1455; x_wconf 89' lang='lat' dir='ltr'><strong>visum,</strong></span> <span class='ocrx_word' id='word_1_175' title='bbox 2600 1392 2847 1447; x_wconf 88' lang='lat' dir='ltr'><strong>debilitas</strong></span> <span class='ocrx_word' id='word_1_176' title='bbox 2885 1407 3126 1463; x_wconf 79' lang='lat' dir='ltr'><strong>gressum</strong></span> <span class='ocrx_word' id='word_1_177' title='bbox 3173 1400 3227 1448; x_wconf 90' lang='lat' dir='ltr'><strong>et</strong></span> <span class='ocrx_word' id='word_1_178' title='bbox 3270 1392 3544 1449; x_wconf 66' lang='lat' dir='ltr'><strong>obstricta:</strong></span> 
     </span>
    </p>
   </div>
   <div class='ocr_carea' id='block_1_28' title="bbox 1978 1483 3547 1554">
    <p class='ocr_par' dir='ltr' id='par_1_28' title="bbox 1978 1483 3547 1554">
     <span class='ocr_line' id='line_1_28' title="bbox 1978 1483 3547 1554; baseline 0.003 -18"><span class='ocrx_word' id='word_1_179' title='bbox 1978 1483 2188 1537; x_wconf 86' lang='lat' dir='ltr'><strong>aurium</strong></span> <span class='ocrx_word' id='word_1_180' title='bbox 2223 1483 2402 1554; x_wconf 76' lang='lat' dir='ltr'><strong>ianuae</strong></span> <span class='ocrx_word' id='word_1_181' title='bbox 2438 1483 2676 1553; x_wconf 86' lang='lat' dir='ltr'><strong>recipere</strong></span> <span class='ocrx_word' id='word_1_182' title='bbox 2704 1493 2983 1539; x_wconf 80' lang='lat' dir='ltr'><strong>merentur</strong></span> <span class='ocrx_word' id='word_1_183' title='bbox 3005 1483 3264 1539; x_wconf 80' lang='lat' dir='ltr'><strong>auditum.</strong></span> <span class='ocrx_word' id='word_1_184' title='bbox 3293 1484 3400 1539; x_wconf 86' lang='lat' dir='ltr'><strong>Sed</strong></span> <span class='ocrx_word' id='word_1_185' title='bbox 3446 1501 3547 1540; x_wconf 89' lang='lat' dir='ltr'><strong>nec</strong></span> 
     </span>
    </p>
   </div>
   <div class='ocr_carea' id='block_1_29' title="bbox 1977 1574 3545 1648">
    <p class='ocr_par' dir='ltr' id='par_1_29' title="bbox 1977 1574 3545 1648">
     <span class='ocr_line' id='line_1_29' title="bbox 1977 1574 3545 1648; baseline 0.001 -19"><span class='ocrx_word' id='word_1_186' title='bbox 1977 1575 2108 1632; x_wconf 90' lang='lat' dir='ltr'><strong>illud</strong></span> <span class='ocrx_word' id='word_1_187' title='bbox 2132 1574 2395 1631; x_wconf 90' lang='lat' dir='ltr'><strong>silendum</strong></span> <span class='ocrx_word' id='word_1_188' title='bbox 2428 1584 2531 1643; x_wconf 91' lang='lat' dir='ltr'><strong>est,</strong></span> <span class='ocrx_word' id='word_1_189' title='bbox 2564 1578 2705 1648; x_wconf 88' lang='lat' dir='ltr'><strong>quod</strong></span> <span class='ocrx_word' id='word_1_190' title='bbox 2736 1576 3132 1631; x_wconf 87' lang='lat' dir='ltr'><strong>immundorum</strong></span> <span class='ocrx_word' id='word_1_191' title='bbox 3154 1576 3438 1646; x_wconf 86' lang='lat' dir='ltr'><strong>spirituum</strong></span> <span class='ocrx_word' id='word_1_192' title='bbox 3465 1576 3545 1631; x_wconf 91' lang='lat' dir='ltr'><strong>in-</strong></span> 
     </span>
    </p>
   </div>
   <div class='ocr_carea' id='block_1_30' title="bbox 1978 1666 3545 1733">
    <p class='ocr_par' dir='ltr' id='par_1_30' title="bbox 1978 1666 3545 1733">
     <span class='ocr_line' id='line_1_30' title="bbox 1978 1666 3545 1733; baseline 0.001 -12"><span class='ocrx_word' id='word_1_193' title='bbox 1978 1666 2261 1723; x_wconf 78' lang='lat' dir='ltr'><strong>festatione</strong></span> <span class='ocrx_word' id='word_1_194' title='bbox 2314 1668 2493 1722; x_wconf 78' lang='lat' dir='ltr'><strong>vexati</strong></span> <span class='ocrx_word' id='word_1_195' title='bbox 2521 1708 2537 1733; x_wconf 95' lang='lat'><strong>,</strong></span> <span class='ocrx_word' id='word_1_196' title='bbox 2592 1669 2719 1723; x_wconf 89' lang='lat' dir='ltr'><strong>dum</strong></span> <span class='ocrx_word' id='word_1_197' title='bbox 2770 1668 2837 1722; x_wconf 91' lang='lat' dir='ltr'><strong>ad</strong></span> <span class='ocrx_word' id='word_1_198' title='bbox 2867 1678 3286 1723; x_wconf 89' lang='lat' dir='ltr'><strong>memoratorum</strong></span> <span class='ocrx_word' id='word_1_199' title='bbox 3342 1668 3545 1725; x_wconf 89' lang='lat' dir='ltr'><strong>Christi</strong></span> 
     </span>
    </p>
   </div>
   <div class='ocr_carea' id='block_1_31' title="bbox 1979 1759 3545 1824">
    <p class='ocr_par' dir='ltr' id='par_1_31' title="bbox 1979 1759 3545 1824">
     <span class='ocr_line' id='line_1_31' title="bbox 1979 1759 3545 1824; baseline 0.001 -12"><span class='ocrx_word' id='word_1_200' title='bbox 1979 1759 2194 1815; x_wconf 85' lang='lat' dir='ltr'><strong>testium</strong></span> <span class='ocrx_word' id='word_1_201' title='bbox 2224 1759 2459 1815; x_wconf 89' lang='lat' dir='ltr'><strong>tumulos</strong></span> <span class='ocrx_word' id='word_1_202' title='bbox 2478 1759 2819 1815; x_wconf 80' lang='lat' dir='ltr'><strong>examinandi</strong></span> <span class='ocrx_word' id='word_1_203' title='bbox 2840 1760 3036 1815; x_wconf 90' lang='lat' dir='ltr'><strong>virtute</strong></span> <span class='ocrx_word' id='word_1_204' title='bbox 3058 1759 3234 1813; x_wconf 89' lang='lat' dir='ltr'><strong>divina</strong></span> <span class='ocrx_word' id='word_1_205' title='bbox 3255 1760 3545 1824; x_wconf 89' lang='lat' dir='ltr'><strong>ducuntur,</strong></span> 
     </span>
    </p>
   </div>
   <div class='ocr_carea' id='block_1_32' title="bbox 1978 1850 3548 1921">
    <p class='ocr_par' dir='ltr' id='par_1_32' title="bbox 1978 1850 3548 1921">
     <span class='ocr_line' id='line_1_32' title="bbox 1978 1850 3548 1921; baseline 0.002 -18"><span class='ocrx_word' id='word_1_206' title='bbox 1978 1861 2286 1906; x_wconf 90' lang='lat' dir='ltr'><strong>sanctorum</strong></span> <span class='ocrx_word' id='word_1_207' title='bbox 2328 1850 2564 1921; x_wconf 88' lang='lat' dir='ltr'><strong>ipsorum</strong></span> <span class='ocrx_word' id='word_1_208' title='bbox 2608 1858 2874 1921; x_wconf 89' lang='lat' dir='ltr'><strong>coguntur</strong></span> <span class='ocrx_word' id='word_1_209' title='bbox 2900 1850 3148 1920; x_wconf 87' lang='lat' dir='ltr'><strong>imperio,</strong></span> <span class='ocrx_word' id='word_1_210' title='bbox 3171 1867 3277 1919; x_wconf 93' lang='lat' dir='ltr'><strong>quo</strong></span> <span class='ocrx_word' id='word_1_211' title='bbox 3319 1851 3548 1920; x_wconf 88' lang='lat' dir='ltr'><strong>quisque</strong></span> 
     </span>
    </p>
   </div>
   <div class='ocr_carea' id='block_1_33' title="bbox 307 1939 3548 2012">
    <p class='ocr_par' dir='ltr' id='par_1_33' title="bbox 307 1939 3548 2012">
     <span class='ocr_line' id='line_1_33' title="bbox 307 1939 3548 2012; baseline -0.001 -16"><span class='ocrx_word' id='word_1_212' title='bbox 307 1940 459 1996; x_wconf 82' lang='lat' dir='ltr'><strong>beati</strong></span> <span class='ocrx_word' id='word_1_213' title='bbox 488 1940 778 1995; x_wconf 83' lang='lat' dir='ltr'><strong>Eleutherii</strong></span> <span class='ocrx_word' id='word_1_214' title='bbox 826 1939 1213 2005; x_wconf 86' lang='lat' dir='ltr'><strong>archidiaconi,</strong></span> <span class='ocrx_word' id='word_1_215' title='bbox 1264 1941 1500 2010; x_wconf 81' lang='lat' dir='ltr'><strong>exceptis</strong></span> <span class='ocrx_word' id='word_1_216' title='bbox 1540 1942 1877 2010; x_wconf 87' lang='lat' dir='ltr'><strong>portionibus</strong></span> <span class='ocrx_word' id='word_1_217' title='bbox 1902 1944 1952 2004; x_wconf 90' lang='lat' dir='ltr'><strong>B</strong></span> <span class='ocrx_word' id='word_1_218' title='bbox 1978 1948 2276 2012; x_wconf 83' lang='lat' dir='ltr'><strong>martyrum</strong></span> <span class='ocrx_word' id='word_1_219' title='bbox 2303 1941 2375 1995; x_wconf 92' lang='lat' dir='ltr'><strong>sit</strong></span> <span class='ocrx_word' id='word_1_220' title='bbox 2396 1940 2605 2010; x_wconf 89' lang='lat' dir='ltr'><strong>positus</strong></span> <span class='ocrx_word' id='word_1_221' title='bbox 2651 1940 2789 2005; x_wconf 88' lang='lat' dir='ltr'><strong>loco,</strong></span> <span class='ocrx_word' id='word_1_222' title='bbox 2816 1939 3108 2010; x_wconf 82' lang='lat' dir='ltr'><strong>designatis</strong></span> <span class='ocrx_word' id='word_1_223' title='bbox 3136 1939 3441 1994; x_wconf 87' lang='lat' dir='ltr'><strong>nominibus</strong></span> <span class='ocrx_word' id='word_1_224' title='bbox 3466 1939 3548 1993; x_wconf 88' lang='lat' dir='ltr'><strong>in-</strong></span> 
     </span>
    </p>
   </div>
   <div class='ocr_carea' id='block_1_34' title="bbox 308 2031 1879 2102">
    <p class='ocr_par' dir='ltr' id='par_1_34' title="bbox 308 2031 1879 2102">
     <span class='ocr_line' id='line_1_34' title="bbox 308 2031 1879 2102; baseline 0.002 -16"><span class='ocrx_word' id='word_1_225' title='bbox 308 2048 432 2102; x_wconf 68' lang='lat' dir='ltr'><strong>quae</strong></span> <span class='ocrx_word' id='word_1_226' title='bbox 459 2046 560 2102; x_wconf 91' lang='lat' dir='ltr'><strong>pro</strong></span> <span class='ocrx_word' id='word_1_227' title='bbox 597 2031 839 2101; x_wconf 84' lang='lat' dir='ltr'><strong>reliquiis</strong></span> <span class='ocrx_word' id='word_1_228' title='bbox 869 2032 1160 2087; x_wconf 83' lang='lat' dir='ltr'><strong>electorum</strong></span> <span class='ocrx_word' id='word_1_229' title='bbox 1190 2031 1423 2098; x_wconf 89' lang='lat' dir='ltr'><strong>Domini,</strong></span> <span class='ocrx_word' id='word_1_230' title='bbox 1449 2047 1480 2086; x_wconf 92' lang='lat' dir='ltr'><strong>a</strong></span> <span class='ocrx_word' id='word_1_231' title='bbox 1510 2032 1745 2088; x_wconf 78' lang='lat' dir='ltr'><strong>ﬁdelium</strong></span> <span class='ocrx_word' id='word_1_232' title='bbox 1788 2037 1879 2089; x_wconf 87' lang='lat' dir='ltr'><strong>de-</strong></span> 
     </span>
    </p>
   </div>
   <div class='ocr_carea' id='block_1_35' title="bbox 310 2121 1877 2193">
    <p class='ocr_par' dir='ltr' id='par_1_35' title="bbox 310 2121 1877 2193">
     <span class='ocr_line' id='line_1_35' title="bbox 310 2121 1877 2193; baseline 0.002 -16"><span class='ocrx_word' id='word_1_233' title='bbox 310 2124 529 2177; x_wconf 77' lang='lat' dir='ltr'><strong>votione</strong></span> <span class='ocrx_word' id='word_1_234' title='bbox 564 2131 790 2193; x_wconf 69' lang='lat' dir='ltr'><strong>sumpta:</strong></span> <span class='ocrx_word' id='word_1_235' title='bbox 818 2129 963 2188; x_wconf 89' lang='lat' dir='ltr'><strong>sunt,</strong></span> <span class='ocrx_word' id='word_1_236' title='bbox 993 2137 1162 2192; x_wconf 88' lang='lat' dir='ltr'><strong>usque</strong></span> <span class='ocrx_word' id='word_1_237' title='bbox 1207 2121 1366 2178; x_wconf 87' lang='lat' dir='ltr'><strong>hodie</strong></span> <span class='ocrx_word' id='word_1_238' title='bbox 1394 2122 1555 2177; x_wconf 91' lang='lat' dir='ltr'><strong>debiti</strong></span> <span class='ocrx_word' id='word_1_239' title='bbox 1584 2123 1758 2180; x_wconf 89' lang='lat' dir='ltr'><strong>cultus</strong></span> <span class='ocrx_word' id='word_1_240' title='bbox 1787 2141 1877 2180; x_wconf 89' lang='lat' dir='ltr'><strong>re-</strong></span> 
     </span>
    </p>
   </div>
   <div class='ocr_carea' id='block_1_36' title="bbox 306 2214 1875 2285">
    <p class='ocr_par' dir='ltr' id='par_1_36' title="bbox 306 2214 1875 2285">
     <span class='ocr_line' id='line_1_36' title="bbox 306 2214 1875 2285; baseline -0.002 -14"><span class='ocrx_word' id='word_1_241' title='bbox 306 2217 549 2271; x_wconf 84' lang='lat' dir='ltr'><strong>verentia</strong></span> <span class='ocrx_word' id='word_1_242' title='bbox 580 2223 987 2281; x_wconf 85' lang='lat' dir='ltr'><strong>conservantur,</strong></span> <span class='ocrx_word' id='word_1_243' title='bbox 1018 2230 1246 2285; x_wconf 91' lang='lat' dir='ltr'><strong>quorum</strong></span> <span class='ocrx_word' id='word_1_244' title='bbox 1289 2214 1499 2269; x_wconf 89' lang='lat' dir='ltr'><strong>meritis</strong></span> <span class='ocrx_word' id='word_1_245' title='bbox 1524 2224 1577 2269; x_wconf 91' lang='lat' dir='ltr'><strong>et</strong></span> <span class='ocrx_word' id='word_1_246' title='bbox 1603 2214 1875 2285; x_wconf 84' lang='lat' dir='ltr'><strong>precibus,</strong></span> 
     </span>
    </p>
   </div>
   <div class='ocr_carea' id='block_1_37' title="bbox 311 2305 1876 2371">
    <p class='ocr_par' dir='ltr' id='par_1_37' title="bbox 311 2305 1876 2371">
     <span class='ocr_line' id='line_1_37' title="bbox 311 2305 1876 2371; baseline -0.001 -7"><span class='ocrx_word' id='word_1_247' title='bbox 311 2310 506 2365; x_wconf 81' lang='lat' dir='ltr'><strong>eadem</strong></span> <span class='ocrx_word' id='word_1_248' title='bbox 531 2308 851 2364; x_wconf 85' lang='lat' dir='ltr'><strong>venerabilis</strong></span> <span class='ocrx_word' id='word_1_249' title='bbox 880 2307 1100 2371; x_wconf 85' lang='lat' dir='ltr'><strong>femina,</strong></span> <span class='ocrx_word' id='word_1_250' title='bbox 1130 2306 1182 2361; x_wconf 91' lang='lat' dir='ltr'><strong>in</strong></span> <span class='ocrx_word' id='word_1_251' title='bbox 1228 2306 1443 2361; x_wconf 89' lang='lat' dir='ltr'><strong>nomine</strong></span> <span class='ocrx_word' id='word_1_252' title='bbox 1466 2314 1664 2361; x_wconf 67' lang='lat' dir='ltr'><strong>sancte</strong></span> <span class='ocrx_word' id='word_1_253' title='bbox 1695 2305 1876 2362; x_wconf 89' lang='lat' dir='ltr'><strong>Trini-</strong></span> 
     </span>
    </p>
   </div>
   <div class='ocr_carea' id='block_1_38' title="bbox 306 2399 1880 2472">
    <p class='ocr_par' dir='ltr' id='par_1_38' title="bbox 306 2399 1880 2472">
     <span class='ocr_line' id='line_1_38' title="bbox 306 2399 1880 2472; baseline -0.003 -14"><span class='ocrx_word' id='word_1_254' title='bbox 306 2404 441 2458; x_wconf 80' lang='lat' dir='ltr'><strong>tatis</strong></span> <span class='ocrx_word' id='word_1_255' title='bbox 461 2418 530 2458; x_wconf 77' lang='lat' dir='ltr'><strong>ex</strong></span> <span class='ocrx_word' id='word_1_256' title='bbox 560 2417 700 2472; x_wconf 86' lang='lat' dir='ltr'><strong>aqua</strong></span> <span class='ocrx_word' id='word_1_257' title='bbox 720 2408 775 2456; x_wconf 90' lang='lat' dir='ltr'><strong>et</strong></span> <span class='ocrx_word' id='word_1_258' title='bbox 806 2399 1008 2470; x_wconf 88' lang='lat' dir='ltr'><strong>Spiritu</strong></span> <span class='ocrx_word' id='word_1_259' title='bbox 1038 2408 1226 2454; x_wconf 89' lang='lat' dir='ltr'><strong>sancto</strong></span> <span class='ocrx_word' id='word_1_260' title='bbox 1274 2406 1481 2464; x_wconf 74' lang='lat' dir='ltr'><strong>renata,</strong></span> <span class='ocrx_word' id='word_1_261' title='bbox 1511 2406 1719 2461; x_wconf 90' lang='lat' dir='ltr'><strong>cuncta,</strong></span> <span class='ocrx_word' id='word_1_262' title='bbox 1761 2413 1880 2468; x_wconf 73' lang='lat' dir='ltr'><strong>qua:</strong></span> 
     </span>
    </p>
   </div>
   <div class='ocr_carea' id='block_1_39' title="bbox 306 2486 1874 2560">
    <p class='ocr_par' dir='ltr' id='par_1_39' title="bbox 306 2486 1874 2560">
     <span class='ocr_line' id='line_1_39' title="bbox 306 2486 1874 2560; baseline -0.002 -14"><span class='ocrx_word' id='word_1_263' title='bbox 306 2492 513 2546; x_wconf 75' lang='lat' dir='ltr'><strong>habere</strong></span> <span class='ocrx_word' id='word_1_264' title='bbox 531 2490 725 2560; x_wconf 86' lang='lat' dir='ltr'><strong>potuit,</strong></span> <span class='ocrx_word' id='word_1_265' title='bbox 746 2488 975 2544; x_wconf 91' lang='lat' dir='ltr'><strong>Domino</strong></span> <span class='ocrx_word' id='word_1_266' title='bbox 988 2486 1114 2542; x_wconf 71' lang='lat' dir='ltr'><strong>Iesu</strong></span> <span class='ocrx_word' id='word_1_267' title='bbox 1140 2486 1358 2542; x_wconf 89' lang='lat' dir='ltr'><strong>Christo</strong></span> <span class='ocrx_word' id='word_1_268' title='bbox 1382 2487 1647 2543; x_wconf 88' lang='lat' dir='ltr'><strong>Salvatori</strong></span> <span class='ocrx_word' id='word_1_269' title='bbox 1669 2495 1874 2554; x_wconf 85' lang='lat' dir='ltr'><strong>nostro,</strong></span> 
     </span>
    </p>
   </div>
   <div class='ocr_carea' id='block_1_40' title="bbox 314 2577 1880 2652">
    <p class='ocr_par' dir='ltr' id='par_1_40' title="bbox 314 2577 1880 2652">
     <span class='ocr_line' id='line_1_40' title="bbox 314 2577 1880 2652; baseline -0.002 -16"><span class='ocrx_word' id='word_1_270' title='bbox 314 2591 484 2652; x_wconf 83' lang='lat' dir='ltr'><strong>atque</strong></span> <span class='ocrx_word' id='word_1_271' title='bbox 509 2581 641 2651; x_wconf 88' lang='lat' dir='ltr'><strong>ipsis</strong></span> <span class='ocrx_word' id='word_1_272' title='bbox 665 2580 993 2651; x_wconf 83' lang='lat' dir='ltr'><strong>martyribus</strong></span> <span class='ocrx_word' id='word_1_273' title='bbox 1020 2578 1263 2646; x_wconf 89' lang='lat' dir='ltr'><strong>tradidit,</strong></span> <span class='ocrx_word' id='word_1_274' title='bbox 1294 2588 1350 2634; x_wconf 88' lang='lat' dir='ltr'><strong>et</strong></span> <span class='ocrx_word' id='word_1_275' title='bbox 1400 2593 1585 2634; x_wconf 88' lang='lat' dir='ltr'><strong>sacras</strong></span> <span class='ocrx_word' id='word_1_276' title='bbox 1624 2577 1880 2634; x_wconf 75' lang='lat' dir='ltr'><strong>excubias</strong></span> 
     </span>
    </p>
   </div>
   <div class='ocr_carea' id='block_1_41' title="bbox 305 2669 1879 2747">
    <p class='ocr_par' dir='ltr' id='par_1_41' title="bbox 305 2669 1879 2747">
     <span class='ocr_line' id='line_1_41' title="bbox 305 2669 1879 2747; baseline -0.005 -15"><span class='ocrx_word' id='word_1_277' title='bbox 305 2676 452 2747; x_wconf 81' lang='lat' dir='ltr'><strong>apud</strong></span> <span class='ocrx_word' id='word_1_278' title='bbox 495 2690 685 2731; x_wconf 89' lang='lat' dir='ltr'><strong>eorum</strong></span> <span class='ocrx_word' id='word_1_279' title='bbox 731 2688 980 2743; x_wconf 89' lang='lat' dir='ltr'><strong>corpora,</strong></span> <span class='ocrx_word' id='word_1_280' title='bbox 1009 2672 1244 2742; x_wconf 89' lang='lat' dir='ltr'><strong>quandiu</strong></span> <span class='ocrx_word' id='word_1_281' title='bbox 1291 2671 1684 2742; x_wconf 78' lang='lat' dir='ltr'><strong>supervixerat,</strong></span> <span class='ocrx_word' id='word_1_282' title='bbox 1738 2669 1879 2725; x_wconf 88' lang='lat' dir='ltr'><strong>cele-</strong></span> 
     </span>
    </p>
   </div>
   <div class='ocr_carea' id='block_1_42' title="bbox 304 2762 1879 2832">
    <p class='ocr_par' dir='ltr' id='par_1_42' title="bbox 304 2762 1879 2832">
     <span class='ocr_line' id='line_1_42' title="bbox 304 2762 1879 2832; baseline -0.005 -9"><span class='ocrx_word' id='word_1_283' title='bbox 304 2769 495 2832; x_wconf 85' lang='lat' dir='ltr'><strong>brans,</strong></span> <span class='ocrx_word' id='word_1_284' title='bbox 540 2768 596 2822; x_wconf 91' lang='lat' dir='ltr'><strong>in</strong></span> <span class='ocrx_word' id='word_1_285' title='bbox 642 2768 781 2823; x_wconf 89' lang='lat' dir='ltr'><strong>bona</strong></span> <span class='ocrx_word' id='word_1_286' title='bbox 833 2764 1172 2821; x_wconf 81' lang='lat' dir='ltr'><strong>confessione</strong></span> <span class='ocrx_word' id='word_1_287' title='bbox 1216 2779 1281 2819; x_wconf 91' lang='lat' dir='ltr'><strong>ac</strong></span> <span class='ocrx_word' id='word_1_288' title='bbox 1331 2765 1759 2829; x_wconf 85' lang='lat' dir='ltr'><strong>conversatione,</strong></span> <span class='ocrx_word' id='word_1_289' title='bbox 1811 2762 1879 2816; x_wconf 90' lang='lat' dir='ltr'><strong>ad</strong></span> 
     </span>
    </p>
   </div>
   <div class='ocr_carea' id='block_1_43' title="bbox 305 2854 1879 2927">
    <p class='ocr_par' dir='ltr' id='par_1_43' title="bbox 305 2854 1879 2927">
     <span class='ocr_line' id='line_1_43' title="bbox 305 2854 1879 2927; baseline -0.004 -14"><span class='ocrx_word' id='word_1_290' title='bbox 305 2857 511 2913; x_wconf 85' lang='lat' dir='ltr'><strong>Christi</strong></span> <span class='ocrx_word' id='word_1_291' title='bbox 534 2867 593 2913; x_wconf 91' lang='lat' dir='ltr'><strong>et</strong></span> <span class='ocrx_word' id='word_1_292' title='bbox 611 2867 925 2913; x_wconf 87' lang='lat' dir='ltr'><strong>sanctorum</strong></span> <span class='ocrx_word' id='word_1_293' title='bbox 955 2865 1251 2927; x_wconf 81' lang='lat' dir='ltr'><strong>martme</strong></span> <span class='ocrx_word' id='word_1_294' title='bbox 1281 2854 1525 2926; x_wconf 75' lang='lat' dir='ltr'><strong>gloriam,</strong></span> <span class='ocrx_word' id='word_1_295' title='bbox 1558 2854 1690 2924; x_wconf 89' lang='lat' dir='ltr'><strong>ipsis</strong></span> <span class='ocrx_word' id='word_1_296' title='bbox 1712 2854 1879 2908; x_wconf 86' lang='lat' dir='ltr'><strong>inter-</strong></span> 
     </span>
    </p>
   </div>
   <div class='ocr_carea' id='block_1_44' title="bbox 306 2947 1257 3020">
    <p class='ocr_par' dir='ltr' id='par_1_44' title="bbox 306 2947 1257 3020">
     <span class='ocr_line' id='line_1_44' title="bbox 306 2947 1257 3020; baseline -0.005 -15"><span class='ocrx_word' id='word_1_297' title='bbox 306 2951 626 3006; x_wconf 80' lang='lat' dir='ltr'><strong>cedentibus</strong></span> <span class='ocrx_word' id='word_1_298' title='bbox 680 2949 917 3020; x_wconf 87' lang='lat' dir='ltr'><strong>migrare</strong></span> <span class='ocrx_word' id='word_1_299' title='bbox 942 2947 1257 3018; x_wconf 89' lang='lat' dir='ltr'><strong>promeruit.</strong></span> 
     </span>
    </p>
   </div>
   <div class='ocr_carea' id='block_1_45' title="bbox 839 3104 1342 3162">
    <p class='ocr_par' dir='ltr' id='par_1_45' title="bbox 839 3104 1342 3162">
     <span class='ocr_line' id='line_1_45' title="bbox 839 3104 1342 3162; baseline -0.008 0"><span class='ocrx_word' id='word_1_300' title='bbox 839 3105 1066 3162; x_wconf 77' lang='lat' dir='ltr'><strong>CAPUT</strong></span> <span class='ocrx_word' id='word_1_301' title='bbox 1101 3104 1342 3159; x_wconf 75' lang='lat' dir='ltr'><strong>XXXVI.</strong></span> 
     </span>
    </p>
   </div>
   <div class='ocr_carea' id='block_1_46' title="bbox 384 3213 1874 3289">
    <p class='ocr_par' dir='ltr' id='par_1_46' title="bbox 384 3213 1874 3289">
     <span class='ocr_line' id='line_1_46' title="bbox 384 3213 1874 3289; baseline -0.003 -17"><span class='ocrx_word' id='word_1_302' title='bbox 384 3216 637 3273; x_wconf 83' lang='lat' dir='ltr'><strong>Processu</strong></span> <span class='ocrx_word' id='word_1_303' title='bbox 660 3233 790 3275; x_wconf 88' lang='lat' dir='ltr'><strong>vero</strong></span> <span class='ocrx_word' id='word_1_304' title='bbox 817 3216 1096 3289; x_wconf 90' lang='lat' dir='ltr'><strong>temporis,</strong></span> <span class='ocrx_word' id='word_1_305' title='bbox 1120 3214 1470 3285; x_wconf 86' lang='lat' dir='ltr'><strong>multiplicata</strong></span> <span class='ocrx_word' id='word_1_306' title='bbox 1513 3213 1750 3268; x_wconf 65' lang='lat' dir='ltr'><strong>ﬁdelium</strong></span> <span class='ocrx_word' id='word_1_307' title='bbox 1778 3229 1874 3268; x_wconf 91' lang='lat' dir='ltr'><strong>nu-</strong></span> 
     </span>
    </p>
   </div>
   <div class='ocr_carea' id='block_1_47' title="bbox 1979 2031 3555 2103">
    <p class='ocr_par' dir='ltr' id='par_1_47' title="bbox 1979 2031 3555 2103">
     <span class='ocr_line' id='line_1_47' title="bbox 1979 2031 3555 2103; baseline 0.001 -17"><span class='ocrx_word' id='word_1_308' title='bbox 1979 2031 2179 2087; x_wconf 87' lang='lat' dir='ltr'><strong>dicare.</strong></span> <span class='ocrx_word' id='word_1_309' title='bbox 2222 2031 2460 2099; x_wconf 87' lang='lat' dir='ltr'><strong>Quorum</strong></span> <span class='ocrx_word' id='word_1_310' title='bbox 2497 2033 2843 2087; x_wconf 85' lang='lat' dir='ltr'><strong>memoranda</strong></span> <span class='ocrx_word' id='word_1_311' title='bbox 2866 2040 2920 2087; x_wconf 88' lang='lat' dir='ltr'><strong>et</strong></span> <span class='ocrx_word' id='word_1_312' title='bbox 2948 2032 3555 2103; x_wconf 77' lang='lat' dir='ltr'><strong>gloriosissima&#39;passio</strong></span> 
     </span>
    </p>
   </div>
   <div class='ocr_carea' id='block_1_48' title="bbox 1978 2122 3547 2194">
    <p class='ocr_par' dir='ltr' id='par_1_48' title="bbox 1978 2122 3547 2194">
     <span class='ocr_line' id='line_1_48' title="bbox 1978 2122 3547 2194; baseline -0.001 -14"><span class='ocrx_word' id='word_1_313' title='bbox 1978 2139 2009 2180; x_wconf 90' lang='lat' dir='ltr'><strong>e</strong></span> <span class='ocrx_word' id='word_1_314' title='bbox 2032 2125 2249 2194; x_wconf 81' lang='lat' dir='ltr'><strong>regione</strong></span> <span class='ocrx_word' id='word_1_315' title='bbox 2293 2124 2442 2178; x_wconf 89' lang='lat' dir='ltr'><strong>urbis</strong></span> <span class='ocrx_word' id='word_1_316' title='bbox 2470 2122 2800 2179; x_wconf 85' lang='lat' dir='ltr'><strong>Parisiorum</strong></span> <span class='ocrx_word' id='word_1_317' title='bbox 2827 2123 2880 2177; x_wconf 91' lang='lat' dir='ltr'><strong>in</strong></span> <span class='ocrx_word' id='word_1_318' title='bbox 2907 2122 3042 2179; x_wconf 89' lang='lat' dir='ltr'><strong>colle</strong></span> <span class='ocrx_word' id='word_1_319' title='bbox 3070 2123 3162 2192; x_wconf 92' lang='lat' dir='ltr'><strong>qui</strong></span> <span class='ocrx_word' id='word_1_320' title='bbox 3193 2130 3351 2178; x_wconf 86' lang='lat' dir='ltr'><strong>antea</strong></span> <span class='ocrx_word' id='word_1_321' title='bbox 3392 2134 3547 2178; x_wconf 77' lang='lat' dir='ltr'><strong>mons</strong></span> 
     </span>
    </p>
   </div>
   <div class='ocr_carea' id='block_1_49' title="bbox 1979 2210 3548 2283">
    <p class='ocr_par' dir='ltr' id='par_1_49' title="bbox 1979 2210 3548 2283">
     <span class='ocr_line' id='line_1_49' title="bbox 1979 2210 3548 2283; baseline -0.001 -16"><span class='ocrx_word' id='word_1_322' title='bbox 1979 2212 2248 2276; x_wconf 80' lang='lat' dir='ltr'><strong>Mercurii,</strong></span> <span class='ocrx_word' id='word_1_323' title='bbox 2280 2212 2533 2282; x_wconf 86' lang='lat' dir='ltr'><strong>quoniam</strong></span> <span class='ocrx_word' id='word_1_324' title='bbox 2560 2211 2690 2266; x_wconf 89' lang='lat' dir='ltr'><strong>inihi</strong></span> <span class='ocrx_word' id='word_1_325' title='bbox 2738 2210 2936 2265; x_wconf 91' lang='lat' dir='ltr'><strong>idolum</strong></span> <span class='ocrx_word' id='word_1_326' title='bbox 2985 2212 3153 2282; x_wconf 89' lang='lat' dir='ltr'><strong>ipsius</strong></span> <span class='ocrx_word' id='word_1_327' title='bbox 3179 2213 3548 2283; x_wconf 87' lang='lat' dir='ltr'><strong>principaliter</strong></span> 
     </span>
    </p>
   </div>
   <div class='ocr_carea' id='block_1_50' title="bbox 1985 2304 3546 2376">
    <p class='ocr_par' dir='ltr' id='par_1_50' title="bbox 1985 2304 3546 2376">
     <span class='ocr_line' id='line_1_50' title="bbox 1985 2304 3546 2376; baseline -0.004 -11"><span class='ocrx_word' id='word_1_328' title='bbox 1985 2309 2266 2365; x_wconf 89' lang='lat' dir='ltr'><strong>colebatur</strong></span> <span class='ocrx_word' id='word_1_329' title='bbox 2293 2324 2321 2362; x_wconf 87' lang='lat' dir='ltr'><strong>a</strong></span> <span class='ocrx_word' id='word_1_330' title='bbox 2347 2307 2533 2373; x_wconf 85' lang='lat' dir='ltr'><strong>Gallis,</strong></span> <span class='ocrx_word' id='word_1_331' title='bbox 2558 2321 2699 2360; x_wconf 91' lang='lat' dir='ltr'><strong>nunc</strong></span> <span class='ocrx_word' id='word_1_332' title='bbox 2722 2320 2852 2360; x_wconf 90' lang='lat' dir='ltr'><strong>vero</strong></span> <span class='ocrx_word' id='word_1_333' title='bbox 2876 2320 3031 2361; x_wconf 90' lang='lat' dir='ltr'><strong>mons</strong></span> <span class='ocrx_word' id='word_1_334' title='bbox 3062 2304 3357 2376; x_wconf 82' lang='lat' dir='ltr'><strong>Martyrum</strong></span> <span class='ocrx_word' id='word_1_335' title='bbox 3387 2321 3546 2359; x_wconf 59' lang='lat' dir='ltr'><strong>voca-</strong></span> 
     </span>
    </p>
   </div>
   <div class='ocr_carea' id='block_1_51' title="bbox 1981 2394 3545 2466">
    <p class='ocr_par' dir='ltr' id='par_1_51' title="bbox 1981 2394 3545 2466">
     <span class='ocr_line' id='line_1_51' title="bbox 1981 2394 3545 2466; baseline -0.005 -11"><span class='ocrx_word' id='word_1_336' title='bbox 1981 2407 2087 2466; x_wconf 89' lang='lat' dir='ltr'><strong>tur,</strong></span> <span class='ocrx_word' id='word_1_337' title='bbox 2133 2406 2443 2455; x_wconf 90' lang='lat' dir='ltr'><strong>sanctorum</strong></span> <span class='ocrx_word' id='word_1_338' title='bbox 2474 2396 2685 2454; x_wconf 91' lang='lat' dir='ltr'><strong>Domini</strong></span> <span class='ocrx_word' id='word_1_339' title='bbox 2730 2394 2924 2466; x_wconf 83' lang='lat' dir='ltr'><strong>gratia,</strong></span> <span class='ocrx_word' id='word_1_340' title='bbox 2970 2395 3063 2465; x_wconf 89' lang='lat' dir='ltr'><strong>qui</strong></span> <span class='ocrx_word' id='word_1_341' title='bbox 3108 2394 3305 2450; x_wconf 87' lang='lat' dir='ltr'><strong>ibidem</strong></span> <span class='ocrx_word' id='word_1_342' title='bbox 3353 2395 3545 2448; x_wconf 86' lang='lat' dir='ltr'><strong>trium-</strong></span> 
     </span>
    </p>
   </div>
   <div class='ocr_carea' id='block_1_52' title="bbox 1977 2483 3548 2562">
    <p class='ocr_par' dir='ltr' id='par_1_52' title="bbox 1977 2483 3548 2562">
     <span class='ocr_line' id='line_1_52' title="bbox 1977 2483 3548 2562; baseline -0.004 -17"><span class='ocrx_word' id='word_1_343' title='bbox 1977 2489 2138 2562; x_wconf 89' lang='lat' dir='ltr'><strong>phale</strong></span> <span class='ocrx_word' id='word_1_344' title='bbox 2160 2488 2476 2560; x_wconf 87' lang='lat' dir='ltr'><strong>martyrium</strong></span> <span class='ocrx_word' id='word_1_345' title='bbox 2506 2493 2904 2558; x_wconf 88' lang='lat' dir='ltr'><strong>perpetrarunt,</strong></span> <span class='ocrx_word' id='word_1_346' title='bbox 2930 2483 3196 2539; x_wconf 86' lang='lat' dir='ltr'><strong>celebrata</strong></span> <span class='ocrx_word' id='word_1_347' title='bbox 3225 2492 3309 2538; x_wconf 87' lang='lat' dir='ltr'><strong>est</strong></span> <span class='ocrx_word' id='word_1_348' title='bbox 3328 2499 3400 2536; x_wconf 84' lang='lat' dir='ltr'><strong>vn</strong></span> <span class='ocrx_word' id='word_1_349' title='bbox 3427 2483 3548 2539; x_wconf 87' lang='lat' dir='ltr'><strong>ldus</strong></span> 
     </span>
    </p>
   </div>
   <div class='ocr_carea' id='block_1_53' title="bbox 1979 2572 3548 2648">
    <p class='ocr_par' dir='ltr' id='par_1_53' title="bbox 1979 2572 3548 2648">
     <span class='ocr_line' id='line_1_53' title="bbox 1979 2572 3548 2648; baseline -0.008 -11"><span class='ocrx_word' id='word_1_350' title='bbox 1979 2581 2245 2648; x_wconf 86' lang='lat' dir='ltr'><strong>Octobris,</strong></span> <span class='ocrx_word' id='word_1_351' title='bbox 2287 2595 2428 2635; x_wconf 88' lang='lat' dir='ltr'><strong>anno</strong></span> <span class='ocrx_word' id='word_1_352' title='bbox 2465 2580 2532 2634; x_wconf 90' lang='lat' dir='ltr'><strong>ab</strong></span> <span class='ocrx_word' id='word_1_353' title='bbox 2558 2577 2926 2633; x_wconf 89' lang='lat' dir='ltr'><strong>incarnatione</strong></span> <span class='ocrx_word' id='word_1_354' title='bbox 2955 2574 3168 2629; x_wconf 87' lang='lat' dir='ltr'><strong>Domini</strong></span> <span class='ocrx_word' id='word_1_355' title='bbox 3212 2574 3380 2630; x_wconf 86' lang='lat' dir='ltr'><strong>nostri</strong></span> <span class='ocrx_word' id='word_1_356' title='bbox 3418 2572 3548 2627; x_wconf 85' lang='lat' dir='ltr'><strong>Jesu</strong></span> 
     </span>
    </p>
   </div>
   <div class='ocr_carea' id='block_1_54' title="bbox 1980 2665 3546 2740">
    <p class='ocr_par' dir='ltr' id='par_1_54' title="bbox 1980 2665 3546 2740">
     <span class='ocr_line' id='line_1_54' title="bbox 1980 2665 3546 2740; baseline -0.006 -14"><span class='ocrx_word' id='word_1_357' title='bbox 1980 2670 2180 2727; x_wconf 87' lang='lat' dir='ltr'><strong>Christi</strong></span> <span class='ocrx_word' id='word_1_358' title='bbox 2225 2668 2571 2740; x_wconf 85' lang='lat' dir='ltr'><strong>nonagesimo</strong></span> <span class='ocrx_word' id='word_1_359' title='bbox 2601 2676 2776 2733; x_wconf 82' lang='lat' dir='ltr'><strong>sexto,</strong></span> <span class='ocrx_word' id='word_1_360' title='bbox 2808 2681 2838 2720; x_wconf 92' lang='lat' dir='ltr'><strong>a</strong></span> <span class='ocrx_word' id='word_1_361' title='bbox 2866 2665 3115 2738; x_wconf 90' lang='lat' dir='ltr'><strong>passione</strong></span> <span class='ocrx_word' id='word_1_362' title='bbox 3161 2673 3343 2719; x_wconf 91' lang='lat' dir='ltr'><strong>autem</strong></span> <span class='ocrx_word' id='word_1_363' title='bbox 3388 2678 3546 2717; x_wconf 76' lang='lat' dir='ltr'><strong>sexa-</strong></span> 
     </span>
    </p>
   </div>
   <div class='ocr_carea' id='block_1_55' title="bbox 1979 2753 3547 2835">
    <p class='ocr_par' dir='ltr' id='par_1_55' title="bbox 1979 2753 3547 2835">
     <span class='ocr_line' id='line_1_55' title="bbox 1979 2753 3547 2835; baseline -0.008 -17"><span class='ocrx_word' id='word_1_364' title='bbox 1979 2763 2183 2835; x_wconf 86' lang='lat' dir='ltr'><strong>gesimo</strong></span> <span class='ocrx_word' id='word_1_365' title='bbox 2208 2769 2401 2833; x_wconf 90' lang='lat' dir='ltr'><strong>quarto</strong></span> <span class='ocrx_word' id='word_1_366' title='bbox 2430 2778 2445 2814; x_wconf 90' lang='lat'><strong>:</strong></span> <span class='ocrx_word' id='word_1_367' title='bbox 2471 2759 2645 2815; x_wconf 63' lang='lat' dir='ltr'><strong>aetatis</strong></span> <span class='ocrx_word' id='word_1_368' title='bbox 2667 2771 2796 2813; x_wconf 89' lang='lat' dir='ltr'><strong>vero</strong></span> <span class='ocrx_word' id='word_1_369' title='bbox 2835 2755 3132 2813; x_wconf 88' lang='lat' dir='ltr'><strong>beatissimi</strong></span> <span class='ocrx_word' id='word_1_370' title='bbox 3172 2754 3412 2825; x_wconf 83' lang='lat' dir='ltr'><strong>Dionysii</strong></span> <span class='ocrx_word' id='word_1_371' title='bbox 3443 2753 3547 2808; x_wconf 90' lang='lat' dir='ltr'><strong>cir-</strong></span> 
     </span>
    </p>
   </div>
   <div class='ocr_carea' id='block_1_56' title="bbox 1981 2844 3549 2920">
    <p class='ocr_par' dir='ltr' id='par_1_56' title="bbox 1981 2844 3549 2920">
     <span class='ocr_line' id='line_1_56' title="bbox 1981 2844 3549 2920; baseline -0.006 -12"><span class='ocrx_word' id='word_1_372' title='bbox 1981 2854 2119 2908; x_wconf 90' lang='lat' dir='ltr'><strong>citer</strong></span> <span class='ocrx_word' id='word_1_373' title='bbox 2139 2851 2502 2920; x_wconf 85' lang='lat' dir='ltr'><strong>nonagesimo,</strong></span> <span class='ocrx_word' id='word_1_374' title='bbox 2529 2849 2740 2920; x_wconf 87' lang='lat' dir='ltr'><strong>imperii</strong></span> <span class='ocrx_word' id='word_1_375' title='bbox 2773 2863 2985 2918; x_wconf 87' lang='lat' dir='ltr'><strong>quoque</strong></span> <span class='ocrx_word' id='word_1_376' title='bbox 3023 2845 3308 2902; x_wconf 90' lang='lat' dir='ltr'><strong>Domitiani</strong></span> <span class='ocrx_word' id='word_1_377' title='bbox 3358 2844 3549 2920; x_wconf 85' lang='lat' dir='ltr'><strong>crude-</strong></span> 
     </span>
    </p>
   </div>
   <div class='ocr_carea' id='block_1_57' title="bbox 1980 2918 3551 3010">
    <p class='ocr_par' dir='ltr' id='par_1_57' title="bbox 1980 2918 3551 3010">
     <span class='ocr_line' id='line_1_57' title="bbox 1980 2918 3551 3010; baseline -0.006 -10"><span class='ocrx_word' id='word_1_378' title='bbox 1980 2946 2172 3002; x_wconf 90' lang='lat' dir='ltr'><strong>lissimi</strong></span> <span class='ocrx_word' id='word_1_379' title='bbox 2201 2943 2430 3000; x_wconf 63' lang='lat' dir='ltr'><strong>Caesaris</strong></span> <span class='ocrx_word' id='word_1_380' title='bbox 2458 2942 2666 2998; x_wconf 91' lang='lat' dir='ltr'><strong>decimo</strong></span> <span class='ocrx_word' id='word_1_381' title='bbox 2692 2948 2845 2995; x_wconf 80' lang='lat' dir='ltr'><strong>sexto</strong></span> <span class='ocrx_word' id='word_1_382' title='bbox 2878 2940 3177 3010; x_wconf 86' lang='lat' dir='ltr'><strong>ingruente.</strong></span> <span class='ocrx_word' id='word_1_383' title='bbox 3220 2935 3389 3003; x_wconf 84' lang='lat' dir='ltr'><strong>Quem</strong></span> <span class='ocrx_word' id='word_1_384' title='bbox 3417 2918 3551 2990; x_wconf 86' lang='lat' dir='ltr'><strong>ultio</strong></span> 
     </span>
    </p>
   </div>
   <div class='ocr_carea' id='block_1_58' title="bbox 1980 3026 3552 3101">
    <p class='ocr_par' dir='ltr' id='par_1_58' title="bbox 1980 3026 3552 3101">
     <span class='ocr_line' id='line_1_58' title="bbox 1980 3026 3552 3101; baseline -0.01 -8"><span class='ocrx_word' id='word_1_385' title='bbox 1980 3037 2182 3101; x_wconf 87' lang='lat' dir='ltr'><strong>divina,</strong></span> <span class='ocrx_word' id='word_1_386' title='bbox 2204 3043 2264 3090; x_wconf 90' lang='lat' dir='ltr'><strong>ut</strong></span> <span class='ocrx_word' id='word_1_387' title='bbox 2307 3042 2362 3088; x_wconf 89' lang='lat' dir='ltr'><strong>et</strong></span> <span class='ocrx_word' id='word_1_388' title='bbox 2389 3033 2675 3098; x_wconf 88' lang='lat' dir='ltr'><strong>Neronem,</strong></span> <span class='ocrx_word' id='word_1_389' title='bbox 2705 3029 2858 3099; x_wconf 86' lang='lat' dir='ltr'><strong>cujus</strong></span> <span class='ocrx_word' id='word_1_390' title='bbox 2884 3029 2973 3084; x_wconf 90' lang='lat' dir='ltr'><strong>hic</strong></span> <span class='ocrx_word' id='word_1_391' title='bbox 2992 3028 3168 3099; x_wconf 91' lang='lat' dir='ltr'><strong>portio</strong></span> <span class='ocrx_word' id='word_1_392' title='bbox 3205 3026 3402 3093; x_wconf 80' lang='lat' dir='ltr'><strong>fuerat,</strong></span> <span class='ocrx_word' id='word_1_393' title='bbox 3428 3033 3552 3096; x_wconf 87' lang='lat' dir='ltr'><strong>post</strong></span> 
     </span>
    </p>
   </div>
   <div class='ocr_carea' id='block_1_59' title="bbox 1981 3118 3554 3198">
    <p class='ocr_par' dir='ltr' id='par_1_59' title="bbox 1981 3118 3554 3198">
     <span class='ocr_line' id='line_1_59' title="bbox 1981 3118 3554 3198; baseline -0.008 -14"><span class='ocrx_word' id='word_1_394' title='bbox 1981 3144 2165 3184; x_wconf 89' lang='lat' dir='ltr'><strong>necem</strong></span> <span class='ocrx_word' id='word_1_395' title='bbox 2220 3125 2605 3198; x_wconf 85' lang='lat' dir='ltr'><strong>apostolorum,</strong></span> <span class='ocrx_word' id='word_1_396' title='bbox 2637 3123 2753 3178; x_wconf 90' lang='lat' dir='ltr'><strong>sine</strong></span> <span class='ocrx_word' id='word_1_397' title='bbox 2793 3121 2902 3177; x_wconf 89' lang='lat' dir='ltr'><strong>ulla</strong></span> <span class='ocrx_word' id='word_1_398' title='bbox 2942 3128 3026 3176; x_wconf 88' lang='lat' dir='ltr'><strong>est</strong></span> <span class='ocrx_word' id='word_1_399' title='bbox 3067 3118 3554 3190; x_wconf 87' lang='lat' dir='ltr'><strong>procrastinatione</strong></span> 
     </span>
    </p>
   </div>
   <div class='ocr_carea' id='block_1_60' title="bbox 1979 3211 3551 3289">
    <p class='ocr_par' dir='ltr' id='par_1_60' title="bbox 1979 3211 3551 3289">
     <span class='ocr_line' id='line_1_60' title="bbox 1979 3211 3551 3289; baseline -0.008 -13"><span class='ocrx_word' id='word_1_400' title='bbox 1979 3228 2180 3285; x_wconf 89' lang='lat' dir='ltr'><strong>secuta,</strong></span> <span class='ocrx_word' id='word_1_401' title='bbox 2210 3235 2316 3289; x_wconf 88' lang='lat' dir='ltr'><strong>qua</strong></span> <span class='ocrx_word' id='word_1_402' title='bbox 2340 3232 2646 3289; x_wconf 84' lang='lat' dir='ltr'><strong>percussus,</strong></span> <span class='ocrx_word' id='word_1_403' title='bbox 2675 3216 2843 3271; x_wconf 84' lang='lat' dir='ltr'><strong>vitam</strong></span> <span class='ocrx_word' id='word_1_404' title='bbox 2873 3230 2994 3270; x_wconf 91' lang='lat' dir='ltr'><strong>cum</strong></span> <span class='ocrx_word' id='word_1_405' title='bbox 3025 3214 3305 3284; x_wconf 87' lang='lat' dir='ltr'><strong>tyrannico</strong></span> <span class='ocrx_word' id='word_1_406' title='bbox 3346 3211 3551 3282; x_wconf 77' lang='lat' dir='ltr'><strong>princi~</strong></span> 
     </span>
    </p>
   </div>
   <div class='ocr_carea' id='block_1_61' title="bbox 306 3303 3554 3381">
    <p class='ocr_par' dir='ltr' id='par_1_61' title="bbox 306 3303 3554 3381">
     <span class='ocr_line' id='line_1_61' title="bbox 306 3303 3554 3381; baseline -0.003 -18"><span class='ocrx_word' id='word_1_407' title='bbox 306 3309 640 3374; x_wconf 81' lang='lat' dir='ltr'><strong>morositate,</strong></span> <span class='ocrx_word' id='word_1_408' title='bbox 681 3308 972 3363; x_wconf 88' lang='lat' dir='ltr'><strong>Christiani</strong></span> <span class='ocrx_word' id='word_1_409' title='bbox 999 3317 1054 3363; x_wconf 93' lang='lat' dir='ltr'><strong>et</strong></span> <span class='ocrx_word' id='word_1_410' title='bbox 1098 3307 1243 3363; x_wconf 88' lang='lat' dir='ltr'><strong>beati</strong></span> <span class='ocrx_word' id='word_1_411' title='bbox 1273 3306 1512 3377; x_wconf 91' lang='lat' dir='ltr'><strong>Dionysii</strong></span> <span class='ocrx_word' id='word_1_412' title='bbox 1560 3305 1879 3375; x_wconf 87' lang='lat' dir='ltr'><strong>patrociniis</strong></span> <span class='ocrx_word' id='word_1_413' title='bbox 1906 3310 1950 3373; x_wconf 72' lang='grc' dir='ltr'><strong>ρ</strong></span> <span class='ocrx_word' id='word_1_414' title='bbox 1980 3319 2108 3381; x_wconf 72' lang='lat' dir='ltr'><strong>patu</strong></span> <span class='ocrx_word' id='word_1_415' title='bbox 2150 3308 2549 3374; x_wconf 74' lang='lat' dir='ltr'><strong>miserabiliter,</strong></span> <span class='ocrx_word' id='word_1_416' title='bbox 2598 3316 2659 3361; x_wconf 83' lang='lat' dir='ltr'><strong>ut</strong></span> <span class='ocrx_word' id='word_1_417' title='bbox 2697 3321 2796 3376; x_wconf 87' lang='lat' dir='ltr'><strong>par</strong></span> <span class='ocrx_word' id='word_1_418' title='bbox 2842 3312 2989 3369; x_wconf 86' lang='lat' dir='ltr'><strong>erat,</strong></span> <span class='ocrx_word' id='word_1_419' title='bbox 3034 3303 3263 3358; x_wconf 88' lang='lat' dir='ltr'><strong>amisit:</strong></span> <span class='ocrx_word' id='word_1_420' title='bbox 3296 3310 3554 3374; x_wconf 89' lang='lat' dir='ltr'><strong>regnante</strong></span> 
     </span>
    </p>
   </div>
   <div class='ocr_carea' id='block_1_62' title="bbox 306 3398 1870 3469">
    <p class='ocr_par' dir='ltr' id='par_1_62' title="bbox 306 3398 1870 3469">
     <span class='ocr_line' id='line_1_62' title="bbox 306 3398 1870 3469; baseline -0.001 -18"><span class='ocrx_word' id='word_1_421' title='bbox 306 3398 657 3462; x_wconf 84' lang='lat' dir='ltr'><strong>devotissimi,</strong></span> <span class='ocrx_word' id='word_1_422' title='bbox 687 3398 963 3454; x_wconf 89' lang='lat' dir='ltr'><strong>basilicam</strong></span> <span class='ocrx_word' id='word_1_423' title='bbox 1000 3413 1161 3468; x_wconf 90' lang='lat' dir='ltr'><strong>super</strong></span> <span class='ocrx_word' id='word_1_424' title='bbox 1184 3398 1542 3469; x_wconf 87' lang='lat' dir='ltr'><strong>pretiosorum</strong></span> <span class='ocrx_word' id='word_1_425' title='bbox 1573 3404 1870 3467; x_wconf 89' lang='lat' dir='ltr'><strong>martyrum</strong></span> 
     </span>
    </p>
   </div>
   <div class='ocr_carea' id='block_1_63' title="bbox 308 3485 1876 3561">
    <p class='ocr_par' dir='ltr' id='par_1_63' title="bbox 308 3485 1876 3561">
     <span class='ocr_line' id='line_1_63' title="bbox 308 3485 1876 3561; baseline -0.003 -16"><span class='ocrx_word' id='word_1_426' title='bbox 308 3505 536 3559; x_wconf 85' lang='lat' dir='ltr'><strong>corpora</strong></span> <span class='ocrx_word' id='word_1_427' title='bbox 562 3531 578 3556; x_wconf 93' lang='lat'><strong>,</strong></span> <span class='ocrx_word' id='word_1_428' title='bbox 632 3506 826 3561; x_wconf 86' lang='lat' dir='ltr'><strong>magno</strong></span> <span class='ocrx_word' id='word_1_429' title='bbox 878 3499 1089 3560; x_wconf 88' lang='lat' dir='ltr'><strong>sumptu</strong></span> <span class='ocrx_word' id='word_1_430' title='bbox 1120 3531 1135 3556; x_wconf 94' lang='lat'><strong>,</strong></span> <span class='ocrx_word' id='word_1_431' title='bbox 1191 3489 1445 3558; x_wconf 89' lang='lat' dir='ltr'><strong>cultuque</strong></span> <span class='ocrx_word' id='word_1_432' title='bbox 1499 3485 1697 3542; x_wconf 79' lang='lat' dir='ltr'><strong>eximio</strong></span> <span class='ocrx_word' id='word_1_433' title='bbox 1748 3502 1876 3542; x_wconf 88' lang='lat' dir='ltr'><strong>con-</strong></span> 
     </span>
    </p>
   </div>
   <div class='ocr_carea' id='block_1_64' title="bbox 307 3579 1881 3653">
    <p class='ocr_par' dir='ltr' id='par_1_64' title="bbox 307 3579 1881 3653">
     <span class='ocr_line' id='line_1_64' title="bbox 307 3579 1881 3653; baseline 0 -17"><span class='ocrx_word' id='word_1_434' title='bbox 307 3590 629 3637; x_wconf 76' lang='lat' dir='ltr'><strong>struxerunt</strong></span> <span class='ocrx_word' id='word_1_435' title='bbox 655 3600 670 3636; x_wconf 89' lang='lat'><strong>:</strong></span> <span class='ocrx_word' id='word_1_436' title='bbox 698 3582 789 3637; x_wconf 90' lang='lat' dir='ltr'><strong>ubi</strong></span> <span class='ocrx_word' id='word_1_437' title='bbox 840 3582 1104 3653; x_wconf 89' lang='lat' dir='ltr'><strong>quotidie,</strong></span> <span class='ocrx_word' id='word_1_438' title='bbox 1135 3591 1395 3651; x_wconf 88' lang='lat' dir='ltr'><strong>operante</strong></span> <span class='ocrx_word' id='word_1_439' title='bbox 1423 3579 1651 3634; x_wconf 89' lang='lat' dir='ltr'><strong>Domino</strong></span> <span class='ocrx_word' id='word_1_440' title='bbox 1697 3587 1881 3636; x_wconf 88' lang='lat' dir='ltr'><strong>nostro</strong></span> 
     </span>
    </p>
   </div>
   <div class='ocr_carea' id='block_1_65' title="bbox 306 3669 1881 3740">
    <p class='ocr_par' dir='ltr' id='par_1_65' title="bbox 306 3669 1881 3740">
     <span class='ocr_line' id='line_1_65' title="bbox 306 3669 1881 3740; baseline -0.003 -12"><span class='ocrx_word' id='word_1_441' title='bbox 306 3671 441 3728; x_wconf 69' lang='lat' dir='ltr'><strong>Iesu</strong></span> <span class='ocrx_word' id='word_1_442' title='bbox 495 3673 710 3729; x_wconf 85' lang='lat' dir='ltr'><strong>Christo</strong></span> <span class='ocrx_word' id='word_1_443' title='bbox 736 3715 751 3740; x_wconf 94' lang='lat'><strong>,</strong></span> <span class='ocrx_word' id='word_1_444' title='bbox 795 3674 989 3729; x_wconf 91' lang='lat' dir='ltr'><strong>merita</strong></span> <span class='ocrx_word' id='word_1_445' title='bbox 1047 3688 1233 3729; x_wconf 90' lang='lat' dir='ltr'><strong>eorum</strong></span> <span class='ocrx_word' id='word_1_446' title='bbox 1278 3672 1533 3727; x_wconf 88' lang='lat' dir='ltr'><strong>virtutum</strong></span> <span class='ocrx_word' id='word_1_447' title='bbox 1586 3669 1881 3739; x_wconf 88' lang='lat' dir='ltr'><strong>probantur</strong></span> 
     </span>
    </p>
   </div>
   <div class='ocr_carea' id='block_1_66' title="bbox 1984 3393 3551 3465">
    <p class='ocr_par' dir='ltr' id='par_1_66' title="bbox 1984 3393 3551 3465">
     <span class='ocr_line' id='line_1_66' title="bbox 1984 3393 3551 3465; baseline -0.007 -8"><span class='ocrx_word' id='word_1_448' title='bbox 1984 3400 2209 3457; x_wconf 86' lang='lat' dir='ltr'><strong>Domino</strong></span> <span class='ocrx_word' id='word_1_449' title='bbox 2229 3408 2413 3455; x_wconf 89' lang='lat' dir='ltr'><strong>nostro</strong></span> <span class='ocrx_word' id='word_1_450' title='bbox 2435 3398 2561 3453; x_wconf 78' lang='lat' dir='ltr'><strong>Jesu</strong></span> <span class='ocrx_word' id='word_1_451' title='bbox 2589 3396 2823 3460; x_wconf 87' lang='lat' dir='ltr'><strong>Christo,</strong></span> <span class='ocrx_word' id='word_1_452' title='bbox 2849 3395 2936 3451; x_wconf 86' lang='lat' dir='ltr'><strong>cui</strong></span> <span class='ocrx_word' id='word_1_453' title='bbox 2964 3405 3049 3450; x_wconf 88' lang='lat' dir='ltr'><strong>est</strong></span> <span class='ocrx_word' id='word_1_454' title='bbox 3076 3395 3248 3449; x_wconf 90' lang='lat' dir='ltr'><strong>honor</strong></span> <span class='ocrx_word' id='word_1_455' title='bbox 3277 3401 3333 3448; x_wconf 87' lang='lat' dir='ltr'><strong>et</strong></span> <span class='ocrx_word' id='word_1_456' title='bbox 3360 3393 3551 3465; x_wconf 87' lang='lat' dir='ltr'><strong>gloria,</strong></span> 
     </span>
    </p>
   </div>
   <div class='ocr_carea' id='block_1_67' title="bbox 1983 3470 3569 3559">
    <p class='ocr_par' dir='ltr' id='par_1_67' title="bbox 1983 3470 3569 3559">
     <span class='ocr_line' id='line_1_67' title="bbox 1983 3470 3569 3559; baseline -0.002 -16"><span class='ocrx_word' id='word_1_457' title='bbox 1983 3490 2156 3545; x_wconf 87' lang='lat' dir='ltr'><strong>virtus</strong></span> <span class='ocrx_word' id='word_1_458' title='bbox 2184 3497 2239 3544; x_wconf 93' lang='lat' dir='ltr'><strong>et</strong></span> <span class='ocrx_word' id='word_1_459' title='bbox 2257 3488 2542 3559; x_wconf 88' lang='lat' dir='ltr'><strong>imperium</strong></span> <span class='ocrx_word' id='word_1_460' title='bbox 2585 3503 2708 3542; x_wconf 88' lang='lat' dir='ltr'><strong>cum</strong></span> <span class='ocrx_word' id='word_1_461' title='bbox 2756 3487 2934 3553; x_wconf 84' lang='lat' dir='ltr'><strong>Patre,</strong></span> <span class='ocrx_word' id='word_1_462' title='bbox 2967 3486 3019 3541; x_wconf 93' lang='lat' dir='ltr'><strong>in</strong></span> <span class='ocrx_word' id='word_1_463' title='bbox 3072 3486 3277 3540; x_wconf 83' lang='lat' dir='ltr'><strong>unitate</strong></span> <span class='ocrx_word' id='word_1_464' title='bbox 3321 3470 3569 3555; x_wconf 70' lang='lat' dir='ltr'><strong>Spiritus</strong></span> 
     </span>
    </p>
   </div>
   <div class='ocr_carea' id='block_1_68' title="bbox 1986 3578 3555 3649">
    <p class='ocr_par' dir='ltr' id='par_1_68' title="bbox 1986 3578 3555 3649">
     <span class='ocr_line' id='line_1_68' title="bbox 1986 3578 3555 3649; baseline -0.003 -13"><span class='ocrx_word' id='word_1_465' title='bbox 1986 3581 2156 3637; x_wconf 91' lang='lat' dir='ltr'><strong>sancti</strong></span> <span class='ocrx_word' id='word_1_466' title='bbox 2180 3582 2247 3636; x_wconf 90' lang='lat' dir='ltr'><strong>ab</strong></span> <span class='ocrx_word' id='word_1_467' title='bbox 2270 3589 2494 3647; x_wconf 69' lang='lat' dir='ltr'><strong>teterno,</strong></span> <span class='ocrx_word' id='word_1_468' title='bbox 2532 3588 2587 3635; x_wconf 92' lang='lat' dir='ltr'><strong>et</strong></span> <span class='ocrx_word' id='word_1_469' title='bbox 2633 3594 2775 3635; x_wconf 88' lang='lat' dir='ltr'><strong>nunc</strong></span> <span class='ocrx_word' id='word_1_470' title='bbox 2800 3588 2853 3634; x_wconf 90' lang='lat' dir='ltr'><strong>et</strong></span> <span class='ocrx_word' id='word_1_471' title='bbox 2880 3594 2977 3649; x_wconf 83' lang='lat' dir='ltr'><strong>per</strong></span> <span class='ocrx_word' id='word_1_472' title='bbox 3002 3579 3182 3635; x_wconf 87' lang='lat' dir='ltr'><strong>omnia</strong></span> <span class='ocrx_word' id='word_1_473' title='bbox 3234 3578 3427 3633; x_wconf 66' lang='lat' dir='ltr'><strong>sarcula</strong></span> <span class='ocrx_word' id='word_1_474' title='bbox 3454 3593 3555 3632; x_wconf 66' lang='lat' dir='ltr'><strong>sac-</strong></span> 
     </span>
    </p>
   </div>
   <div class='ocr_carea' id='block_1_69' title="bbox 1987 3670 2474 3727">
    <p class='ocr_par' dir='ltr' id='par_1_69' title="bbox 1987 3670 2474 3727">
     <span class='ocr_line' id='line_1_69' title="bbox 1987 3670 2474 3727; baseline -0.006 0"><span class='ocrx_word' id='word_1_475' title='bbox 1987 3670 2251 3727; x_wconf 88' lang='lat' dir='ltr'><strong>culorum.</strong></span> <span class='ocrx_word' id='word_1_476' title='bbox 2281 3670 2474 3725; x_wconf 84' lang='lat' dir='ltr'><strong>Amen.</strong></span> 
     </span>
    </p>
   </div>
   <div class='ocr_carea' id='block_1_70' title="bbox 309 3822 3551 3880">
    <p class='ocr_par' dir='ltr' id='par_1_70' title="bbox 309 3822 3551 3880">
     <span class='ocr_line' id='line_1_70' title="bbox 309 3822 3551 3880; baseline -0.003 -4"><span class='ocrx_word' id='word_1_477' title='bbox 309 3822 3551 3880; x_wconf 53' lang='grc' dir='ltr'>Μ</span> 
     </span>
    </p>
   </div>
   <div class='ocr_carea' id='block_1_71' title="bbox 1556 3892 1577 3931">
    <p class='ocr_par' dir='ltr' id='par_1_71' title="bbox 1556 3892 1577 3931">
     <span class='ocr_line' id='line_1_71' title="bbox 1556 3892 1577 3931; baseline 0 0"><span class='ocrx_word' id='word_1_478' title='bbox 1556 3892 1577 3931; x_wconf 70' lang='grc' dir='ltr'><em>ο</em></span> 
     </span>
    </p>
   </div>
   <div class='ocr_carea' id='block_1_72' title="bbox 1572 3991 2326 4041">
    <p class='ocr_par' dir='ltr' id='par_1_72' title="bbox 1572 3991 2326 4041">
     <span class='ocr_line' id='line_1_72' title="bbox 1572 3991 2326 4041; baseline -0.003 -2"><span class='ocrx_word' id='word_1_479' title='bbox 1572 3996 1737 4041; x_wconf 77' lang='lat' dir='ltr'><strong>ANNO</strong></span> <span class='ocrx_word' id='word_1_480' title='bbox 1782 3991 2017 4038; x_wconf 77' lang='lat' dir='ltr'><strong>DOMINI</strong></span> <span class='ocrx_word' id='word_1_481' title='bbox 2062 3994 2326 4040; x_wconf 79' lang='lat' dir='ltr'><strong>DCCCXL.</strong></span> 
     </span>
    </p>
   </div>
   <div class='ocr_carea' id='block_1_73' title="bbox 1235 4120 2642 4326">
    <p class='ocr_par' dir='ltr' id='par_1_73' title="bbox 1235 4120 2642 4326">
     <span class='ocr_line' id='line_1_73' title="bbox 1235 4120 2642 4326; baseline -0.006 1"><span class='ocrx_word' id='word_1_482' title='bbox 1235 4120 2642 4326; x_wconf 78' lang='lat' dir='ltr'><strong>MAXENTIUS</strong></span> 
     </span>
    </p>
   </div>
   <div class='ocr_carea' id='block_1_74' title="bbox 1441 4425 2408 4499">
    <p class='ocr_par' dir='ltr' id='par_1_74' title="bbox 1441 4425 2408 4499">
     <span class='ocr_line' id='line_1_74' title="bbox 1441 4425 2408 4499; baseline -0.003 -15"><span class='ocrx_word' id='word_1_483' title='bbox 1441 4425 1914 4499; x_wconf 85' lang='lat' dir='ltr'><strong>AQUILElENSlS</strong></span> <span class='ocrx_word' id='word_1_484' title='bbox 1948 4425 2408 4484; x_wconf 81' lang='lat' dir='ltr'><strong>PATRIARCIIA.</strong></span> 
     </span>
    </p>
   </div>
   <div class='ocr_carea' id='block_1_75' title="bbox 946 4608 2893 4711">
    <p class='ocr_par' dir='ltr' id='par_1_75' title="bbox 946 4608 2893 4711">
     <span class='ocr_line' id='line_1_75' title="bbox 946 4608 2893 4711; baseline -0.004 -1"><span class='ocrx_word' id='word_1_485' title='bbox 946 4627 1377 4711; x_wconf 82' lang='lat' dir='ltr'><strong>NOTITIA</strong></span> <span class='ocrx_word' id='word_1_486' title='bbox 1464 4608 2011 4704; x_wconf 77' lang='lat' dir='ltr'><strong>HISTOBICA</strong></span> <span class='ocrx_word' id='word_1_487' title='bbox 2085 4624 2194 4702; x_wconf 87' lang='lat' dir='ltr'><strong>IN</strong></span> <span class='ocrx_word' id='word_1_488' title='bbox 2276 4623 2893 4702; x_wconf 80' lang='lat' dir='ltr'><strong>MAXENTIUM</strong></span> 
     </span>
    </p>
   </div>
   <div class='ocr_carea' id='block_1_76' title="bbox 1447 4764 2404 4830">
    <p class='ocr_par' dir='ltr' id='par_1_76' title="bbox 1447 4764 2404 4830">
     <span class='ocr_line' id='line_1_76' title="bbox 1447 4764 2404 4830; baseline -0.003 -13"><span class='ocrx_word' id='word_1_489' title='bbox 1447 4765 1683 4830; x_wconf 85' lang='lat' dir='ltr'><strong>(Ugbelli,</strong></span> <span class='ocrx_word' id='word_1_490' title='bbox 1718 4764 1854 4815; x_wconf 82' lang='lat' dir='ltr'><strong>Italia</strong></span> <span class='ocrx_word' id='word_1_491' title='bbox 1876 4776 2031 4827; x_wconf 80' lang='lat' dir='ltr'><strong>sacra,</strong></span> <span class='ocrx_word' id='word_1_492' title='bbox 2054 4772 2092 4816; x_wconf 90' lang='lat' dir='ltr'><strong>t.</strong></span> <span class='ocrx_word' id='word_1_493' title='bbox 2118 4765 2202 4827; x_wconf 85' lang='lat' dir='ltr'><strong>IV,</strong></span> <span class='ocrx_word' id='word_1_494' title='bbox 2230 4779 2277 4828; x_wconf 90' lang='lat' dir='ltr'><strong>p.</strong></span> <span class='ocrx_word' id='word_1_495' title='bbox 2302 4766 2404 4826; x_wconf 79' lang='lat'><strong>58.)</strong></span> 
     </span>
    </p>
   </div>
   <div class='ocr_carea' id='block_1_77' title="bbox 390 4932 3550 5040">
    <p class='ocr_par' dir='ltr' id='par_1_77' title="bbox 390 4932 3550 5040">
     <span class='ocr_line' id='line_1_77' title="bbox 390 4932 3550 5040; baseline -0.003 -23"><span class='ocrx_word' id='word_1_496' title='bbox 390 4962 714 5040; x_wconf 66' lang='lat' dir='ltr'><strong>ﬂuentius,</strong></span> <span class='ocrx_word' id='word_1_497' title='bbox 760 4958 963 5040; x_wconf 78' lang='lat' dir='ltr'><strong>Urbani</strong></span> <span class='ocrx_word' id='word_1_498' title='bbox 983 4973 1322 5040; x_wconf 34' lang='lat' dir='ltr'><strong>.su&#39;cccssor,‘</strong></span> <span class='ocrx_word' id='word_1_499' title='bbox 1352 4955 1881 5040; x_wconf 47' lang='lat' dir='ltr'><strong>subscripsitld‘ona-</strong></span> <span class='ocrx_word' id='word_1_500' title='bbox 1904 4957 1959 5017; x_wconf 89' lang='lat' dir='ltr'><strong>D</strong></span> <span class='ocrx_word' id='word_1_501' title='bbox 1985 4932 2565 5040; x_wconf 64' lang='lat' dir='ltr'><strong>suasioneni,&quot;curante</strong></span> <span class='ocrx_word' id='word_1_502' title='bbox 2603 4953 2876 5040; x_wconf 56' lang='lat' dir='ltr'><strong>hothario,</strong></span> <span class='ocrx_word' id='word_1_503' title='bbox 2927 4954 3199 5040; x_wconf 46' lang='lat' dir='ltr'><strong>Euge‘iiius</strong></span> <span class='ocrx_word' id='word_1_504' title='bbox 3224 4957 3265 5011; x_wconf 90' lang='lat' dir='ltr'><strong>ll</strong></span> <span class='ocrx_word' id='word_1_505' title='bbox 3290 4944 3550 5040; x_wconf 62' lang='lat' dir='ltr'><strong>pontifex</strong></span> 
     </span>
    </p>
   </div>
   <div class='ocr_carea' id='block_1_78' title="bbox 310 5024 1882 5101">
    <p class='ocr_par' dir='ltr' id='par_1_78' title="bbox 310 5024 1882 5101">
     <span class='ocr_line' id='line_1_78' title="bbox 310 5024 1882 5101; baseline -0.006 -13"><span class='ocrx_word' id='word_1_506' title='bbox 310 5034 452 5088; x_wconf 61' lang='grc' dir='ltr'><strong>εἰθηί</strong></span> <span class='ocrx_word' id='word_1_507' title='bbox 504 5024 998 5101; x_wconf 79' lang='lat' dir='ltr'><strong>Rotaldiepiscopi</strong></span> <span class='ocrx_word' id='word_1_508' title='bbox 1037 5028 1356 5101; x_wconf 81' lang='lat' dir='ltr'><strong>Veronensis</strong></span> <span class='ocrx_word' id='word_1_509' title='bbox 1405 5042 1493 5080; x_wconf 90' lang='lat' dir='ltr'><strong>an.</strong></span> <span class='ocrx_word' id='word_1_510' title='bbox 1525 5024 1629 5082; x_wconf 76' lang='grc'><strong>815</strong></span> <span class='ocrx_word' id='word_1_511' title='bbox 1681 5024 1757 5101; x_wconf 66' lang='lat'><strong>(9)</strong></span> <span class='ocrx_word' id='word_1_512' title='bbox 1794 5025 1882 5078; x_wconf 92' lang='lat' dir='ltr'><strong>die</strong></span> 
     </span>
    </p>
   </div>
   <div class='ocr_carea' id='block_1_79' title="bbox 308 5098 1881 5183">
    <p class='ocr_par' dir='ltr' id='par_1_79' title="bbox 308 5098 1881 5183">
     <span class='ocr_line' id='line_1_79' title="bbox 308 5098 1881 5183; baseline -0.007 -24"><span class='ocrx_word' id='word_1_513' title='bbox 308 5104 389 5159; x_wconf 61' lang='grc' dir='ltr'><strong>ει</strong></span> <span class='ocrx_word' id='word_1_514' title='bbox 419 5101 586 5157; x_wconf 86' lang='lat' dir='ltr'><strong>Junii.</strong></span> <span class='ocrx_word' id='word_1_515' title='bbox 614 5098 857 5156; x_wconf 71' lang='lat' dir='ltr'><strong>Erulfuin</strong></span> <span class='ocrx_word' id='word_1_516' title='bbox 888 5098 1569 5183; x_wconf 41' lang='lat' dir='ltr'><strong>Mantuanumme‘pis&#39;t‘topum</strong></span> <span class='ocrx_word' id='word_1_517' title='bbox 1610 5098 1881 5183; x_wconf 55' lang='lat' dir='ltr'><strong>suifraga-</strong></span> 
     </span>
    </p>
   </div>
   <div class='ocr_carea' id='block_1_80' title="bbox 310 5165 1884 5236">
    <p class='ocr_par' dir='ltr' id='par_1_80' title="bbox 310 5165 1884 5236">
     <span class='ocr_line' id='line_1_80' title="bbox 310 5165 1884 5236; baseline -0.007 -7"><span class='ocrx_word' id='word_1_518' title='bbox 310 5188 480 5229; x_wconf 81' lang='lat' dir='ltr'><strong>neum</strong></span> <span class='ocrx_word' id='word_1_519' title='bbox 508 5187 663 5228; x_wconf 87' lang='lat' dir='ltr'><strong>suum</strong></span> <span class='ocrx_word' id='word_1_520' title='bbox 711 5170 1043 5227; x_wconf 85' lang='lat' dir='ltr'><strong>consecravit</strong></span> <span class='ocrx_word' id='word_1_521' title='bbox 1083 5185 1172 5222; x_wconf 89' lang='lat' dir='ltr'><strong>an.</strong></span> <span class='ocrx_word' id='word_1_522' title='bbox 1206 5165 1330 5224; x_wconf 73' lang='lat'><strong>825.</strong></span> <span class='ocrx_word' id='word_1_523' title='bbox 1363 5165 1572 5236; x_wconf 40' lang='lat' dir='ltr'><strong>De&#39;quo</strong></span> <span class='ocrx_word' id='word_1_524' title='bbox 1610 5165 1884 5236; x_wconf 88' lang='lat' dir='ltr'><strong>Dandulus</strong></span> 
     </span>
    </p>
   </div>
   <div class='ocr_carea' id='block_1_81' title="bbox 308 5235 1878 5309">
    <p class='ocr_par' dir='ltr' id='par_1_81' title="bbox 308 5235 1878 5309">
     <span class='ocr_line' id='line_1_81' title="bbox 308 5235 1878 5309; baseline -0.006 -11"><span class='ocrx_word' id='word_1_525' title='bbox 308 5245 371 5298; x_wconf 78' lang='lat' dir='ltr'><strong>in</strong></span> <span class='ocrx_word' id='word_1_526' title='bbox 426 5242 678 5297; x_wconf 88' lang='lat' dir='ltr'><strong>cbronico</strong></span> <span class='ocrx_word' id='word_1_527' title='bbox 706 5260 719 5295; x_wconf 90' lang='lat'><strong>:</strong></span> <span class='ocrx_word' id='word_1_528' title='bbox 752 5259 771 5292; x_wconf 71' lang='grc' dir='ltr'>ι</span> <span class='ocrx_word' id='word_1_529' title='bbox 802 5240 1098 5296; x_wconf 79' lang='lat' dir='ltr'><strong>Maxentius</strong></span> <span class='ocrx_word' id='word_1_530' title='bbox 1133 5239 1438 5309; x_wconf 89' lang='lat' dir='ltr'><strong>patriarcha</strong></span> <span class='ocrx_word' id='word_1_531' title='bbox 1485 5235 1840 5309; x_wconf 71' lang='lat' dir='ltr'><strong>Aquileiensis</strong></span> <span class='ocrx_word' id='word_1_532' title='bbox 1864 5276 1878 5299; x_wconf 92' lang='lat'><strong>,</strong></span> 
     </span>
    </p>
   </div>
   <div class='ocr_carea' id='block_1_82' title="bbox 296 5306 1881 5385">
    <p class='ocr_par' dir='ltr' id='par_1_82' title="bbox 296 5306 1881 5385">
     <span class='ocr_line' id='line_1_82' title="bbox 296 5306 1881 5385; baseline -0.006 -17"><span class='ocrx_word' id='word_1_533' title='bbox 296 5312 565 5385; x_wconf 62' lang='lat' dir='ltr'><strong>bothaﬁi</strong></span> <span class='ocrx_word' id='word_1_534' title='bbox 609 5314 755 5385; x_wconf 85' lang='lat' dir='ltr'><strong>regis</strong></span> <span class='ocrx_word' id='word_1_535' title='bbox 803 5310 965 5385; x_wconf 75' lang='lat' dir='ltr'><strong>[ultus</strong></span> <span class='ocrx_word' id='word_1_536' title='bbox 1006 5306 1209 5385; x_wconf 77' lang='lat' dir='ltr'><strong>favore,</strong></span> <span class='ocrx_word' id='word_1_537' title='bbox 1235 5308 1562 5385; x_wconf 72' lang='lat' dir='ltr'><strong>Gradensem</strong></span> <span class='ocrx_word' id='word_1_538' title='bbox 1587 5306 1881 5385; x_wconf 62' lang='lat' dir='ltr'><strong>Ecciesiam</strong></span> 
     </span>
    </p>
   </div>
   <div class='ocr_carea' id='block_1_83' title="bbox 304 5377 1883 5455">
    <p class='ocr_par' dir='ltr' id='par_1_83' title="bbox 304 5377 1883 5455">
     <span class='ocr_line' id='line_1_83' title="bbox 304 5377 1883 5455; baseline -0.006 -16"><span class='ocrx_word' id='word_1_539' title='bbox 304 5394 371 5439; x_wconf 70' lang='lat' dir='ltr'><strong>et</strong></span> <span class='ocrx_word' id='word_1_540' title='bbox 405 5377 769 5455; x_wconf 66' lang='lat' dir='ltr'><strong>suifraganEos</strong></span> <span class='ocrx_word' id='word_1_541' title='bbox 806 5381 974 5455; x_wconf 63' lang='lat' dir='ltr'><strong>[striae</strong></span> <span class='ocrx_word' id='word_1_542' title='bbox 1001 5381 1242 5455; x_wconf 62' lang='lat' dir='ltr'><strong>turbare</strong></span> <span class='ocrx_word' id='word_1_543' title='bbox 1266 5379 1471 5455; x_wconf 75' lang='lat' dir='ltr'><strong>nititur,</strong></span> <span class='ocrx_word' id='word_1_544' title='bbox 1497 5393 1604 5455; x_wconf 75' lang='lat' dir='ltr'><strong>nec</strong></span> <span class='ocrx_word' id='word_1_545' title='bbox 1630 5393 1661 5431; x_wconf 91' lang='lat' dir='ltr'><strong>a</strong></span> <span class='ocrx_word' id='word_1_546' title='bbox 1684 5377 1883 5455; x_wconf 84' lang='lat' dir='ltr'><strong>Grego-</strong></span> 
     </span>
    </p>
   </div>
   <div class='ocr_carea' id='block_1_84' title="bbox 306 5447 1883 5523">
    <p class='ocr_par' dir='ltr' id='par_1_84' title="bbox 306 5447 1883 5523">
     <span class='ocr_line' id='line_1_84' title="bbox 306 5447 1883 5523; baseline -0.005 -14"><span class='ocrx_word' id='word_1_547' title='bbox 306 5460 406 5509; x_wconf 84' lang='lat' dir='ltr'><strong>rio</strong></span> <span class='ocrx_word' id='word_1_548' title='bbox 450 5447 600 5523; x_wconf 63' lang='lat' dir='ltr'><strong>papa</strong></span> <span class='ocrx_word' id='word_1_549' title='bbox 636 5452 937 5508; x_wconf 87' lang='lat' dir='ltr'><strong>admonitus</strong></span> <span class='ocrx_word' id='word_1_550' title='bbox 980 5449 1243 5523; x_wconf 84' lang='lat' dir='ltr'><strong>desistere</strong></span> <span class='ocrx_word' id='word_1_551' title='bbox 1274 5447 1463 5523; x_wconf 75' lang='lat' dir='ltr'><strong>voluit,</strong></span> <span class='ocrx_word' id='word_1_552' title='bbox 1496 5448 1883 5523; x_wconf 72' lang='lat' dir='ltr'><strong>imo,_r_epetito</strong></span> 
     </span>
    </p>
   </div>
   <div class='ocr_carea' id='block_1_85' title="bbox 304 5518 1881 5588">
    <p class='ocr_par' dir='ltr' id='par_1_85' title="bbox 304 5518 1881 5588">
     <span class='ocr_line' id='line_1_85' title="bbox 304 5518 1881 5588; baseline -0.005 -9"><span class='ocrx_word' id='word_1_553' title='bbox 304 5518 566 5579; x_wconf 56' lang='lat' dir='ltr'><strong>stt-calari</strong></span> <span class='ocrx_word' id='word_1_554' title='bbox 591 5524 848 5587; x_wconf 88' lang='lat' dir='ltr'><strong>subsidio,</strong></span> <span class='ocrx_word' id='word_1_555' title='bbox 881 5522 1178 5576; x_wconf 85' lang='lat' dir='ltr'><strong>antedictos</strong></span> <span class='ocrx_word' id='word_1_556' title='bbox 1204 5519 1481 5588; x_wconf 85' lang='lat' dir='ltr'><strong>episcopos</strong></span> <span class='ocrx_word' id='word_1_557' title='bbox 1503 5519 1571 5573; x_wconf 89' lang='lat' dir='ltr'><strong>ad</strong></span> <span class='ocrx_word' id='word_1_558' title='bbox 1593 5518 1695 5572; x_wconf 88' lang='lat' dir='ltr'><strong>sibi</strong></span> <span class='ocrx_word' id='word_1_559' title='bbox 1726 5532 1881 5571; x_wconf 88' lang='lat' dir='ltr'><strong>reve-</strong></span> 
     </span>
    </p>
   </div>
   <div class='ocr_carea' id='block_1_86' title="bbox 304 5589 1884 5675">
    <p class='ocr_par' dir='ltr' id='par_1_86' title="bbox 304 5589 1884 5675">
     <span class='ocr_line' id='line_1_86' title="bbox 304 5589 1884 5675; baseline -0.004 -28"><span class='ocrx_word' id='word_1_560' title='bbox 304 5593 554 5675; x_wconf 56' lang='lat' dir='ltr'><strong>rentiam</strong></span> <span class='ocrx_word' id='word_1_561' title='bbox 579 5605 635 5648; x_wconf 92' lang='lat' dir='ltr'><strong>et</strong></span> <span class='ocrx_word' id='word_1_562' title='bbox 658 5592 1041 5675; x_wconf 75' lang='lat' dir='ltr'><strong>subiectionem</strong></span> <span class='ocrx_word' id='word_1_563' title='bbox 1073 5589 1479 5675; x_wconf 63' lang='lat' dir='ltr'><strong>metropolitano</strong></span> <span class='ocrx_word' id='word_1_564' title='bbox 1531 5589 1763 5675; x_wconf 76' lang='lat' dir='ltr'><strong>debitam</strong></span> <span class='ocrx_word' id='word_1_565' title='bbox 1788 5602 1884 5641; x_wconf 76' lang='lat' dir='ltr'><strong>ex-</strong></span> 
     </span>
    </p>
   </div>
   <div class='ocr_carea' id='block_1_87' title="bbox 303 5657 1883 5732">
    <p class='ocr_par' dir='ltr' id='par_1_87' title="bbox 303 5657 1883 5732">
     <span class='ocr_line' id='line_1_87' title="bbox 303 5657 1883 5732; baseline -0.004 -14"><span class='ocrx_word' id='word_1_566' title='bbox 303 5664 637 5725; x_wconf 80' lang='lat' dir='ltr'><strong>hibendam,</strong></span> <span class='ocrx_word' id='word_1_567' title='bbox 659 5663 712 5717; x_wconf 92' lang='lat' dir='ltr'><strong>in</strong></span> <span class='ocrx_word' id='word_1_568' title='bbox 753 5657 922 5717; x_wconf 75' lang='lat' dir='ltr'><strong>totum</strong></span> <span class='ocrx_word' id='word_1_569' title='bbox 970 5661 1161 5732; x_wconf 88' lang='lat' dir='ltr'><strong>coegit.</strong></span> <span class='ocrx_word' id='word_1_570' title='bbox 1194 5680 1212 5712; x_wconf 72' lang='grc' dir='ltr'><strong><em>ι</em></strong></span> <span class='ocrx_word' id='word_1_571' title='bbox 1236 5657 1511 5732; x_wconf 80' lang='lat' dir='ltr'><strong>Candidus</strong></span> <span class='ocrx_word' id='word_1_572' title='bbox 1546 5659 1766 5732; x_wconf 8' lang='lat' dir='ltr'><strong>veroide</strong></span> <span class='ocrx_word' id='word_1_573' title='bbox 1801 5672 1883 5732; x_wconf 31' lang='lat' dir='ltr'><strong>Aeo</strong></span> 
     </span>
    </p>
   </div>
   <div class='ocr_carea' id='block_1_88' title="bbox 298 5726 1884 5797">
    <p class='ocr_par' dir='ltr' id='par_1_88' title="bbox 298 5726 1884 5797">
     <span class='ocr_line' id='line_1_88' title="bbox 298 5726 1884 5797; baseline -0.004 -7"><span class='ocrx_word' id='word_1_574' title='bbox 298 5734 395 5790; x_wconf 70' lang='lat' dir='ltr'><strong>sic</strong></span> <span class='ocrx_word' id='word_1_575' title='bbox 422 5742 613 5788; x_wconf 88' lang='lat' dir='ltr'><strong>narrat</strong></span> <span class='ocrx_word' id='word_1_576' title='bbox 640 5752 652 5788; x_wconf 86' lang='lat'><strong>:</strong></span> <span class='ocrx_word' id='word_1_577' title='bbox 685 5752 703 5783; x_wconf 74' lang='grc' dir='ltr'>ι</span> <span class='ocrx_word' id='word_1_578' title='bbox 742 5732 960 5789; x_wconf 87' lang='lat' dir='ltr'><strong>Urbano</strong></span> <span class='ocrx_word' id='word_1_579' title='bbox 1000 5726 1259 5787; x_wconf 72' lang='lat' dir='ltr'><strong>successit</strong></span> <span class='ocrx_word' id='word_1_580' title='bbox 1286 5729 1604 5796; x_wconf 82' lang='lat' dir='ltr'><strong>Maxentius,</strong></span> <span class='ocrx_word' id='word_1_581' title='bbox 1634 5730 1702 5785; x_wconf 87' lang='lat' dir='ltr'><strong>ad</strong></span> <span class='ocrx_word' id='word_1_582' title='bbox 1730 5726 1884 5797; x_wconf 79' lang='lat' dir='ltr'><strong>cujus</strong></span> 
     </span>
    </p>
   </div>
   <div class='ocr_carea' id='block_1_89' title="bbox 380 5868 938 5941">
    <p class='ocr_par' dir='ltr' id='par_1_89' title="bbox 380 5868 938 5941">
     <span class='ocr_line' id='line_1_89' title="bbox 380 5868 938 5941; baseline 0.004 -19"><span class='ocrx_word' id='word_1_583' title='bbox 380 5868 477 5933; x_wconf 68' lang='grc' dir='ltr'><strong>ια)</strong></span> <span class='ocrx_word' id='word_1_584' title='bbox 496 5869 592 5924; x_wconf 83' lang='lat' dir='ltr'><strong>Vel</strong></span> <span class='ocrx_word' id='word_1_585' title='bbox 616 5869 791 5941; x_wconf 84' lang='lat' dir='ltr'><strong>potius</strong></span> <span class='ocrx_word' id='word_1_586' title='bbox 816 5870 938 5926; x_wconf 76' lang='lat' dir='ltr'><strong>su.</strong></span> 
     </span>
    </p>
   </div>
   <div class='ocr_carea' id='block_1_90' title="bbox 1986 5022 3547 5095">
    <p class='ocr_par' dir='ltr' id='par_1_90' title="bbox 1986 5022 3547 5095">
     <span class='ocr_line' id='line_1_90' title="bbox 1986 5022 3547 5095; baseline 0.001 -17"><span class='ocrx_word' id='word_1_587' title='bbox 1986 5022 2272 5095; x_wconf 82' lang='lat' dir='ltr'><strong>concilium</strong></span> <span class='ocrx_word' id='word_1_588' title='bbox 2304 5024 2867 5095; x_wconf 69' lang='lat' dir='ltr'><strong>Mantumstatuit,in</strong></span> <span class='ocrx_word' id='word_1_589' title='bbox 2913 5022 3334 5095; x_wconf 32' lang='lat' dir='ltr'><strong>quowCradensis</strong></span> <span class='ocrx_word' id='word_1_590' title='bbox 3379 5026 3547 5081; x_wconf 89' lang='lat' dir='ltr'><strong>insula</strong></span> 
     </span>
    </p>
   </div>
   <div class='ocr_carea' id='block_1_91' title="bbox 1988 5093 3647 5164">
    <p class='ocr_par' dir='ltr' id='par_1_91' title="bbox 1988 5093 3647 5164">
     <span class='ocr_line' id='line_1_91' title="bbox 1988 5093 3647 5164; baseline 0.001 -17"><span class='ocrx_word' id='word_1_591' title='bbox 1988 5093 2314 5164; x_wconf 73' lang='lat' dir='ltr'><strong>Aquileiensi</strong></span> <span class='ocrx_word' id='word_1_592' title='bbox 2361 5093 2614 5149; x_wconf 73' lang='lat' dir='ltr'><strong>Ecclesia:</strong></span> <span class='ocrx_word' id='word_1_593' title='bbox 2663 5093 2964 5161; x_wconf 70' lang='lat' dir='ltr'><strong>adiudicata</strong></span> <span class='ocrx_word' id='word_1_594' title='bbox 3015 5106 3100 5152; x_wconf 86' lang='lat' dir='ltr'><strong>est</strong></span> <span class='ocrx_word' id='word_1_595' title='bbox 3140 5098 3416 5160; x_wconf 80' lang='lat' dir='ltr'><strong>Venerco,</strong></span> <span class='ocrx_word' id='word_1_596' title='bbox 3459 5095 3551 5164; x_wconf 90' lang='lat' dir='ltr'><strong>qui</strong></span> <span class='ocrx_word' id='word_1_597' title='bbox 3644 5136 3647 5143; x_wconf 93' lang='lat'><strong>.</strong></span> 
     </span>
    </p>
   </div>
   <div class='ocr_carea' id='block_1_92' title="bbox 1988 5163 3549 5236">
    <p class='ocr_par' dir='ltr' id='par_1_92' title="bbox 1988 5163 3549 5236">
     <span class='ocr_line' id='line_1_92' title="bbox 1988 5163 3549 5236; baseline 0.002 -19"><span class='ocrx_word' id='word_1_598' title='bbox 1988 5163 2123 5219; x_wconf 80' lang='lat' dir='ltr'><strong>falso</strong></span> <span class='ocrx_word' id='word_1_599' title='bbox 2148 5163 2543 5236; x_wconf 74' lang='lat' dir='ltr'><strong>patriarchatus</strong></span> <span class='ocrx_word' id='word_1_600' title='bbox 2588 5166 2802 5236; x_wconf 90' lang='lat' dir='ltr'><strong>nomine</strong></span> <span class='ocrx_word' id='word_1_601' title='bbox 2845 5167 3115 5231; x_wconf 89' lang='lat' dir='ltr'><strong>utebatur,</strong></span> <span class='ocrx_word' id='word_1_602' title='bbox 3145 5167 3402 5236; x_wconf 82' lang='lat' dir='ltr'><strong>deposito.</strong></span> <span class='ocrx_word' id='word_1_603' title='bbox 3449 5163 3549 5220; x_wconf 79' lang='lat' dir='ltr'><strong>Hic</strong></span> 
     </span>
    </p>
   </div>
   <div class='ocr_carea' id='block_1_93' title="bbox 1988 5233 3553 5306">
    <p class='ocr_par' dir='ltr' id='par_1_93' title="bbox 1988 5233 3553 5306">
     <span class='ocr_line' id='line_1_93' title="bbox 1988 5233 3553 5306; baseline -0.001 -17"><span class='ocrx_word' id='word_1_604' title='bbox 1988 5249 2053 5306; x_wconf 60' lang='lat' dir='ltr'><strong>ex</strong></span> <span class='ocrx_word' id='word_1_605' title='bbox 2086 5233 2267 5306; x_wconf 84' lang='lat' dir='ltr'><strong>templi</strong></span> <span class='ocrx_word' id='word_1_606' title='bbox 2289 5234 2602 5306; x_wconf 69' lang='lat' dir='ltr'><strong>ruderibus,</strong></span> <span class='ocrx_word' id='word_1_607' title='bbox 2629 5235 2789 5304; x_wconf 90' lang='lat' dir='ltr'><strong>prisci</strong></span> <span class='ocrx_word' id='word_1_608' title='bbox 2820 5237 2975 5306; x_wconf 88' lang='lat' dir='ltr'><strong>patrii</strong></span> <span class='ocrx_word' id='word_1_609' title='bbox 3013 5238 3121 5291; x_wconf 79' lang='lat' dir='ltr'><strong>Deli</strong></span> <span class='ocrx_word' id='word_1_610' title='bbox 3147 5233 3254 5301; x_wconf 82' lang='lat' dir='ltr'><strong>dei,</strong></span> <span class='ocrx_word' id='word_1_611' title='bbox 3288 5244 3553 5306; x_wconf 83' lang='lat' dir='ltr'><strong>monaste-</strong></span> 
     </span>
    </p>
   </div>
   <div class='ocr_carea' id='block_1_94' title="bbox 1990 5302 3548 5383">
    <p class='ocr_par' dir='ltr' id='par_1_94' title="bbox 1990 5302 3548 5383">
     <span class='ocr_line' id='line_1_94' title="bbox 1990 5302 3548 5383; baseline 0.001 -25"><span class='ocrx_word' id='word_1_612' title='bbox 1990 5305 2128 5360; x_wconf 83' lang='lat' dir='ltr'><strong>rium</strong></span> <span class='ocrx_word' id='word_1_613' title='bbox 2176 5303 2247 5383; x_wconf 41' lang='lat' dir='ltr'><strong>S:</strong></span> <span class='ocrx_word' id='word_1_614' title='bbox 2288 5302 2560 5383; x_wconf 54' lang='lat' dir='ltr'><strong>Benedicti</strong></span> <span class='ocrx_word' id='word_1_615' title='bbox 2620 5302 2927 5383; x_wconf 59' lang='lat' dir='ltr'><strong>monachis</strong></span> <span class='ocrx_word' id='word_1_616' title='bbox 2955 5307 3236 5383; x_wconf 71' lang='lat' dir='ltr'><strong>Delinense</strong></span> <span class='ocrx_word' id='word_1_617' title='bbox 3272 5305 3548 5383; x_wconf 36' lang='lat' dir='ltr'><strong>‘Aquileite</strong></span> 
     </span>
    </p>
   </div>
   <div class='ocr_carea' id='block_1_95' title="bbox 1986 5373 3556 5443">
    <p class='ocr_par' dir='ltr' id='par_1_95' title="bbox 1986 5373 3556 5443">
     <span class='ocr_line' id='line_1_95' title="bbox 1986 5373 3556 5443; baseline -0.003 -13"><span class='ocrx_word' id='word_1_618' title='bbox 1986 5375 2276 5430; x_wconf 79' lang='lat' dir='ltr'><strong>exstruxit.</strong></span> <span class='ocrx_word' id='word_1_619' title='bbox 2302 5374 2451 5441; x_wconf 86' lang='lat' dir='ltr'><strong>Quod</strong></span> <span class='ocrx_word' id='word_1_620' title='bbox 2473 5373 2800 5440; x_wconf 55' lang='lat' dir='ltr'><strong>demumfoh</strong></span> <span class='ocrx_word' id='word_1_621' title='bbox 2819 5375 3375 5431; x_wconf 78' lang='lat' dir='ltr'><strong>aeris-inclementiam</strong></span> <span class='ocrx_word' id='word_1_622' title='bbox 3397 5390 3556 5443; x_wconf 45' lang='lat' dir='ltr'><strong>prora</strong></span> 
     </span>
    </p>
   </div>
   <div class='ocr_carea' id='block_1_96' title="bbox 1988 5443 3557 5517">
    <p class='ocr_par' dir='ltr' id='par_1_96' title="bbox 1988 5443 3557 5517">
     <span class='ocr_line' id='line_1_96' title="bbox 1988 5443 3557 5517; baseline 0.002 -19"><span class='ocrx_word' id='word_1_623' title='bbox 1988 5444 2442 5517; x_wconf 60' lang='lat' dir='ltr'><strong>susdestitutum1</strong></span> <span class='ocrx_word' id='word_1_624' title='bbox 2460 5443 2750 5517; x_wconf 79' lang='lat' dir='ltr'><strong>Gregorius</strong></span> <span class='ocrx_word' id='word_1_625' title='bbox 2776 5446 2866 5517; x_wconf 52' lang='grc' dir='ltr'><strong>ΣΙ,</strong></span> <span class='ocrx_word' id='word_1_626' title='bbox 2890 5446 3147 5517; x_wconf 53' lang='lat' dir='ltr'><strong>pomifer,</strong></span> <span class='ocrx_word' id='word_1_627' title='bbox 3165 5446 3412 5517; x_wconf 60' lang='lat' dir='ltr'><strong>cuauobio</strong></span> <span class='ocrx_word' id='word_1_628' title='bbox 3437 5446 3557 5503; x_wconf 47' lang='lat' dir='ltr'><strong>Ulla</strong></span> 
     </span>
    </p>
   </div>
   <div class='ocr_carea' id='block_1_97' title="bbox 1987 5513 3557 5582">
    <p class='ocr_par' dir='ltr' id='par_1_97' title="bbox 1987 5513 3557 5582">
     <span class='ocr_line' id='line_1_97' title="bbox 1987 5513 3557 5582; baseline -0.001 -12"><span class='ocrx_word' id='word_1_629' title='bbox 1987 5516 2099 5570; x_wconf 86' lang='lat' dir='ltr'><strong>nati</strong></span> <span class='ocrx_word' id='word_1_630' title='bbox 2128 5515 2374 5569; x_wconf 85' lang='lat' dir='ltr'><strong>divorum</strong></span> <span class='ocrx_word' id='word_1_631' title='bbox 2405 5513 2648 5570; x_wconf 74' lang='lat' dir='ltr'><strong>Gct&#39;vasii</strong></span> <span class='ocrx_word' id='word_1_632' title='bbox 2682 5525 2737 5572; x_wconf 91' lang='lat' dir='ltr'><strong>et</strong></span> <span class='ocrx_word' id='word_1_633' title='bbox 2786 5513 3013 5572; x_wconf 60' lang='lat' dir='ltr'><strong>l’ro&#39;tasii</strong></span> <span class='ocrx_word' id='word_1_634' title='bbox 3060 5514 3299 5582; x_wconf 81' lang='lat' dir='ltr'><strong>ejusdem</strong></span> <span class='ocrx_word' id='word_1_635' title='bbox 3342 5517 3557 5570; x_wconf 79' lang='lat' dir='ltr'><strong>ordinis</strong></span> 
     </span>
    </p>
   </div>
   <div class='ocr_carea' id='block_1_98' title="bbox 1988 5585 3545 5656">
    <p class='ocr_par' dir='ltr' id='par_1_98' title="bbox 1988 5585 3545 5656">
     <span class='ocr_line' id='line_1_98' title="bbox 1988 5585 3545 5656; baseline 0 -17"><span class='ocrx_word' id='word_1_636' title='bbox 1988 5586 2266 5648; x_wconf 81' lang='lat' dir='ltr'><strong>annexuit,</strong></span> <span class='ocrx_word' id='word_1_637' title='bbox 2290 5585 2489 5653; x_wconf 71' lang='lat' dir='ltr'><strong>prmdia</strong></span> <span class='ocrx_word' id='word_1_638' title='bbox 2536 5586 2879 5656; x_wconf 84' lang='lat' dir='ltr'><strong>redditusque</strong></span> <span class='ocrx_word' id='word_1_639' title='bbox 2908 5586 3022 5655; x_wconf 88' lang='lat' dir='ltr'><strong>pari</strong></span> <span class='ocrx_word' id='word_1_640' title='bbox 3046 5587 3164 5655; x_wconf 84' lang='lat' dir='ltr'><strong>jure</strong></span> <span class='ocrx_word' id='word_1_641' title='bbox 3206 5587 3504 5640; x_wconf 86' lang='lat' dir='ltr'><strong>concedens</strong></span> <span class='ocrx_word' id='word_1_642' title='bbox 3532 5604 3545 5640; x_wconf 89' lang='lat'>:</span> 
     </span>
    </p>
   </div>
   <div class='ocr_carea' id='block_1_99' title="bbox 1990 5655 3552 5727">
    <p class='ocr_par' dir='ltr' id='par_1_99' title="bbox 1990 5655 3552 5727">
     <span class='ocr_line' id='line_1_99' title="bbox 1990 5655 3552 5727; baseline 0.001 -19"><span class='ocrx_word' id='word_1_643' title='bbox 1990 5657 2145 5727; x_wconf 82' lang='lat' dir='ltr'><strong>cujus</strong></span> <span class='ocrx_word' id='word_1_644' title='bbox 2177 5655 2392 5727; x_wconf 82' lang='lat' dir='ltr'><strong>quidem</strong></span> <span class='ocrx_word' id='word_1_645' title='bbox 2440 5656 2771 5727; x_wconf 86' lang='lat' dir='ltr'><strong>privilegium</strong></span> <span class='ocrx_word' id='word_1_646' title='bbox 2797 5655 3000 5726; x_wconf 78' lang='lat' dir='ltr'><strong>postea</strong></span> <span class='ocrx_word' id='word_1_647' title='bbox 3031 5656 3280 5711; x_wconf 87' lang='lat' dir='ltr'><strong>Urbanus</strong></span> <span class='ocrx_word' id='word_1_648' title='bbox 3313 5665 3366 5711; x_wconf 86' lang='lat' dir='ltr'><strong>et</strong></span> <span class='ocrx_word' id='word_1_649' title='bbox 3391 5656 3552 5710; x_wconf 79' lang='lat' dir='ltr'><strong>Boui-</strong></span> 
     </span>
    </p>
   </div>
   <div class='ocr_carea' id='block_1_100' title="bbox 1993 5724 3565 5805">
    <p class='ocr_par' dir='ltr' id='par_1_100' title="bbox 1993 5724 3565 5805">
     <span class='ocr_line' id='line_1_100' title="bbox 1993 5724 3565 5805; baseline 0.001 -26"><span class='ocrx_word' id='word_1_650' title='bbox 1993 5724 2164 5782; x_wconf 81' lang='lat' dir='ltr'><strong>facins</strong></span> <span class='ocrx_word' id='word_1_651' title='bbox 2211 5724 2469 5782; x_wconf 70' lang='lat' dir='ltr'><strong>latissime</strong></span> <span class='ocrx_word' id='word_1_652' title='bbox 2496 5724 2919 5797; x_wconf 79' lang='lat' dir='ltr'><strong>comprobarunt</strong></span> <span class='ocrx_word' id='word_1_653' title='bbox 2947 5745 2958 5780; x_wconf 92' lang='lat'>:</span> <span class='ocrx_word' id='word_1_654' title='bbox 2993 5743 3299 5805; x_wconf 81' lang='lat' dir='ltr'><strong>quanquam</strong></span> <span class='ocrx_word' id='word_1_655' title='bbox 3330 5728 3565 5797; x_wconf 63' lang='lat' dir='ltr'><strong>perﬁdia</strong></span> 
     </span>
    </p>
   </div>
  </div>
