4064 6190
503 368 571 425 51
1427 356 1754 414 MAXENTli
1791 353 2072 424 AQUILEI!

2171 348 2261 410 Sis
2298 349 2756 409 numnam:
3651 347 3715 419 δῇ,

499 497 689 542 eorum
717 480 808 552 qui
840 473 1696 552 reipublicagadministrationem.
1720 471 2056 552 invaserant,
2086 474 2138 533 Α

503 535 681 611 omnia
716 535 776 605 tit
816 535 1065 619 pleraque
1113 535 1214 621 alia
1240 544 1448 621 inversa
1476 544 1605 621 sint.
1634 539 2058 621 sibiipsisma-

503 638 663 695 gnam
684 610 870 675 eorum
899 610 1106 695 partem
1135 615 1406 695 impietate
1427 614 1589 695 solita
1617 610 2010 695 vindicantibus
2043 624 2057 662 :

506 685 771 761 reliquum
798 685 945 761 vero,
970 686 1189 761 perinde
1212 700 1276 739 ac
1321 685 1649 761 neglectum,
1677 685 2060 761 canonicorum

505 749 941 832 Aquileiensium:
972 749 1273 832 collegium
1301 749 1419 809 sibi
1450 752 1652 807 Nicolai
1705 749 2061 832 Vpontiiicis

506 818 809 903 collatione
835 818 1362 903 asciveritisicderc
1407 832 1649 903 raptores
1692 818 1910 903 publici,
1933 818 2061 900 dum

506 899 737 970 propriis
752 888 981 952 nimium
1029 888 1327 966 invigilant,
1361 888 1666 948 communia
1695 888 2061 960 'parvifacien-

2165 472 2533 537 tesrevertunt.
2567 464 2699 537 Cum
2731 470 2909 537 autem
2943 460 3010 537 jn
3054 455 3423 537 patriarchatu
3467 454 3623 537 annis
3656 453 3716 537 is

2161 516 2509 599 ὲῖὲίέέὲἱζῖἧ
2523 516 2750 589 civitate
2775 516 3003 585 Austrire
3032 516 3275 583 moritur.
3313 546 3332 579 ι
3366 524 3492 580 llaec
3534 524 3626 579 ille
3657 525 3720 578 de

2164 607 2447 662 “attentio.
2478 604 2551 660 De
2576 604 2725 676 obitu
2754 601 3005 661 Maxentii
3047 614 3153 676 non
3201 603 3414 653 constat
3445 610 3554 676 quo
3584 609 3721 676 anno

2165 677 2251 738 ille
2278 676 2608 747 migraverit.
2641 671 2862 742 Oportet
2893 678 3071 724 tamen
3101 668 3248 723 illum
3277 668 3575 747 excessisse
3606 673 3722 789 [Est

2165 746 2446 789 pnnnilium
2478 744 2845 789 Manluannm-
2872 740 3114 789 habitum
3141 752 3208 789 ex
3262 744 3583 789 auctoritate
3658 750 3719 788 u-

2165 740 2449 801 conciliitm
2478 740 2845 804 Mantua—num,
2872 740 3114 799 habitum
3141 752 3208 792 ex
3262 740 3583 792 auctoritate
3615 740 3719 789 Eu-

2165 817 2315 893 genii
2329 830 2478 884 papm
2502 814 2567 879 ll,
2598 824 2738 867 anno
2764 810 2883 866 826.

507 1036 3709 1089 ._.____________________________,_————————————.——

829 1430 1325 1527 EPISTULA
1404 1442 1533 1517 AD
1593 1437 2068 1525 CAROLUM
2145 1378 2583 1513 M-ACNUM
2662 1426 3388 1514 IMPERATOBEM

1545 1609 1624 1650 DE
1667 1606 2055 1650 SIGNIFICATU
2102 1603 2345 1659 RITUUM
2392 1598 2703 1645 BAPTISMI.

1856 1728 2165 1796 (Peufl‘hes.
2191 1728 2401 1780 Aneod.)

584 1960 831 2018 Piissimo
853 1972 916 2014 ac
956 1953 1438 2018 Christianissimo,
1463 1952 1802 2024 gloriosoque
1822 1952 2072 2022 principi,
2100 1953 2148 2012 B
2175 1950 2314 2011 sicut
2334 1949 2389 2002 in
2422 1947 2609 2005 eadem
2645 1949 2857 2004 actione
2883 1949 3013 2020 dicit
3062 1949 3252 2019 Accipe
3272 1948 3432 2004 salem
3458 1950 3728 2022 sapientia:

516 2069 549 2109 a
596 2052 707 2107 Deo
753 2055 1007 2104 coronato
1051 2053 1107 2100 et
1134 2050 1473 2113 conservato,
1504 2042 1748 2115 paciﬁca,
1777 2041 1968 2097 victori
2012 2056 2076 2113 ac

518 2136 895 2210 triumphatori
951 2134 1298 2203 serenissimo
1317 2173 1331 2196 ,
1386 2143 1443 2187 et
1490 2139 1750 2204 perpetuo
1801 2132 2041 2203 Augusto
2060 2172 2078 2197 ,

517 2232 713 2286 domno
755 2226 948 2285 Carolo
990 2224 1181 2296 Magno
1218 2222 1548 2293 imperatori,
1575 2230 1735 2292 atque
1778 2219 2077 2281 Romanum

515 2317 835 2391 gubernanti
860 2314 1143 2388 imperium
1162 2354 1181 2375 ,
1208 2312 1526 2377 Maxentius,
1556 2312 1783 2389 exiguus
1803 2326 2076 2367 servorum

514 2408 729 2473 Domini
775 2421 982 2471 servus,
1028 2412 1228 2472 sancta;
1274 2401 1552 2467 catholica:
1575 2401 1933 2473 Aquileiensis
1978 2400 2078 2456 Ec-

514 2498 697 2556 clesiae
734 2496 951 2555 humilis
974 2494 1277 2567 episcopus,
1306 2492 1359 2547 in
1388 2492 1614 2571 Domino
1653 2499 1909 2548 aeternam
1935 2490 2078 2559 salu-

517 2599 649 2644 tem.

582 2679 623 2732 l.
658 2676 878 2749 Magnas
902 2675 1068 2748 igitur
1108 2658 1339 2743 Domino
1380 2681 1566 2729 nostro
1594 2674 1796 2744 gratias
1847 2672 2076 2742 agimus,

515 2768 640 2838 quia
668 2768 810 2823 hanc
836 2775 1080 2825 sanctam
1102 2765 1419 2833 Ecclesiam,
1472 2780 1565 2821 seu
1590 2780 1676 2820 me
1705 2763 1969 2841 tantillum
1998 2762 2081 2818 fa-

517 2857 723 2914 mulum
759 2866 1019 2922 vestrum,
1069 2856 1136 2912 ad
1165 2862 1358 2912 vestrae
1402 2855 1738 2911 celsitudinis
1765 2854 2076 2910 memoriam

515 2948 720 3020 dignati
745 2948 878 3003 estis
899 2947 1176 3003 reducere.
1218 2945 1374 3013 Quia,
1402 2961 1523 3001 cum
1549 2946 1649 3001 sim
1678 2945 1932 3002 minimus
1962 2960 2079 3002 om-

515 3044 665 3109 nium
711 3041 1050 3098 decessorum
1100 3056 1362 3125 meorum,
1399 3048 1577 3095 vestra
1625 3049 1805 3094 tamen
1847 3039 2077 3109 benigna

516 3134 799 3191 clementia
828 3149 935 3189 non
962 3140 1044 3188 est
1089 3133 1371 3204 dedignata
1398 3130 1649 3187 familiari
1680 3130 1944 3202 colloquio
1986 3132 2078 3187 ad-

514 3226 838 3293 monendum
857 3239 954 3295 per
976 3238 1160 3280 sacras
1177 3221 1408 3294 syllabas
1434 3221 1499 3277 de
1523 3220 1749 3292 singulis
1776 3220 2077 3291 quibusque

2178 2039 2486 2109 propitiatus
2512 2038 2607 2092 tibi
2633 2040 2688 2093 in
2711 2040 2867 2094 vitam
2887 2048 3165 2106 wternam;
3191 2040 3316 2110 quia
3354 2040 3494 2112 quod
3520 2058 3618 2112 per
3648 2059 3730 2100 sa-

2178 2128 2454 2184 cerdotum
2500 2127 2797 2183 ministeria
2820 2127 3012 2198 agitur,
3041 2143 3073 2182 a
3097 2128 3324 2185 Domino
3349 2129 3729 2201 sanctiﬁcatur,

2176 2229 2232 2274 et
2257 2217 2317 2273 ﬁt
2350 2217 2734 2286 accipientibus
2760 2215 2997 2287 perfecta
3030 2216 3321 2298 medicina,
3341 2233 3658 2293 permanens
3680 2221 3731 2279 in

2175 2309 2474 2365 visceribus
2502 2323 2707 2364 eorum.
2739 2308 2940 2363 Deinde
2964 2309 3339 2365 exorcizantur
3382 2317 3437 2366 et
3456 2310 3715 2368 exsuman

2177 2410 2294 2479 tur,
2334 2409 2393 2457 ut
2438 2401 2659 2471 spiritus
2701 2385 2775 2456 ab
2813 2400 2894 2455 eis
2936 2400 3241 2457 immundus
3274 2401 3574 2479 abjiciatur.
3622 2403 3736 2467 Non

2177 2474 2320 2550 enim
2363 2501 2613 2548 creatura
2640 2492 2736 2548 Dei
2761 2492 2816 2546 in
2843 2491 3137 2549 infantibus
3162 2474 3503 2551 exorcizatur
3538 2503 3626 2549 aut
3650 2509 3738 2550 ex.

2077 2607 2080 2610 ~
2176 2582 2440 2647 sumatur,
2472 2581 2568 2638 sed
2596 2581 2685 2638 ille
2708 2582 2807 2639 sub
2835 2597 2942 2654 quo
2968 2590 3094 2638 sunt
3137 2598 3328 2651 omnes
3352 2585 3444 2656 qui
3474 2600 3594 2659 cum
3616 2601 3738 2657 pec-

2179 2681 2301 2729 cato
2326 2680 2664 2738 nascuntur;
2693 2680 2754 2727 ut
2800 2679 2927 2728 tunc
2967 2686 3096 2728 vere
3140 2682 3415 2745 appareat,
3448 2676 3738 2751 secundum

2177 2762 2321 2833 quod
2343 2762 2602 2833 scriptum
2626 2774 2733 2829 est,
2766 2762 2910 2833 quod
2938 2763 3173 2834 princeps
3204 2763 3362 2834 hujus
3399 2765 3581 2820 mundi
3617 2766 3737 2820 mit-

2175 2861 2370 2911 cttatur
2388 2857 2549 2928 foras,
2574 2862 2630 2910 et
2670 2852 2937 2925 quomodo
3004 2855 3155 2926 prius
3187 2856 3432 2928 alligetur
3458 2856 3633 2923 fortis,
3685 2868 3739 2929 et

2179 2941 2427 3012 deinceps
2455 2958 2582 2999 vasa
2613 2944 2728 3015 ejus
2766 2944 3089 3015 diripiantur
3118 2946 3173 3001 in
3201 2948 3541 3016 possessione
3565 2956 3738 3004 trans-

2176 3030 2283 3085 lata
2309 3031 2547 3087 victoris.
2574 3031 2901 3091 Scrutinium
2926 3050 3156 3104 namque
3195 3044 3278 3093 est
3325 3036 3603 3107 inquisitio
3651 3039 3735 3095 vel
3786 3027 3795 3036 ’

2176 3120 2534 3192 investigatio,
2562 3124 2688 3194 quia
2712 3138 2876 3195 opera
2907 3125 3101 3181 diaboli
3142 3135 3197 3182 et
3221 3126 3337 3196 ejus
3364 3145 3593 3201 pompae,
3623 3147 3738 3201 qua:

2175 3211 2408 3283 primum
2432 3214 2706 3269 hominem
2724 3216 2777 3270 in
2804 3216 3053 3286 paradiso
3080 3232 3177 3287 per
3203 3233 3423 3281 pravam
3449 3223 3740 3293 suggestio-

516 3316 925 3385 necessimibus
969 3325 1168 3373 sancta,
1196 3316 1289 3371 Dei
1326 3314 1580 3371 Ecclesiae
1626 3313 1918 3368 studiosius
1956 3327 2079 3383 per.
2103 3304 2149 3368 C
2181 3318 2303 3365 nem
2324 3307 2579 3361 mandato
2602 3307 2696 3363 Dei
2725 3319 3123 3379 separaverant,
3162 3321 3217 3366 et
3240 3327 3335 3368 vas
3361 3313 3490 3368 illud
3517 3330 3585 3370 ex
3612 3315 3741 3372 limo

515 3410 780 3481 quirendo
812 3409 1106 3466 adhortari.
1130 3408 1207 3463 Dc
1229 3423 1296 3464 eo
1319 3421 1452 3462 vero
1496 3406 1639 3478 quod
1680 3420 1839 3460 nosse
1861 3403 2074 3475 cupitis,

517 3499 744 3570 qualiter
795 3515 894 3567 nos
937 3508 992 3555 et
1035 3496 1356 3570 suﬂ‘raganei
1392 3495 1558 3553 nostri
1588 3496 1877 3552 doceamus
1904 3501 1960 3549 et
1996 3493 2079 3549 ill?

517 3600 789 3648 struamus
818 3594 1124 3649 sacerdotes
1150 3592 1362 3649 Domini
1392 3601 1447 3647 et
1471 3591 1724 3663 populum
1762 3606 1794 3646 a
1820 3591 1931 3662 Deo
1976 3604 2077 3645 no-

515 3680 599 3735 bis
625 3680 989 3746 commissum,
1042 3681 1109 3737 de
1134 3681 1469 3752 baptismatis
1517 3682 1889 3747 sacramentis,
1924 3678 2077 3749 juxta

516 3769 787 3825 tarditatis
838 3780 1036 3826 nostra:
1070 3769 1496 3843 intelligentiam,
1546 3771 1824 3843 quidquid,
1850 3769 2077 3828 Domino

511 3859 830 3930 opitulante,
863 3861 1063 3916 sentire
1092 3861 1350 3928 valemus,
1382 3863 1449 3918 ad
1472 3863 1717 3918 notitiam
1746 3861 2075 3919 excellentiae

518 3957 711 4004 vestra:
736 3950 1032 4019 perducere
1059 3951 1395 4007 festinamus.

581 4040 644 4096 ll.
675 4041 807 4097 Illud
834 4043 999 4098 etiam
1042 4044 1184 4115 quod
1215 4045 1358 4101 circa
1379 4046 1729 4123 baptizandos
1768 4054 1955 4119 sancta
1976 4046 2075 4119 Ec:

510 4133 674 4188 clesia
721 4135 1064 4191 uniformiter
1111 4136 1221 4208 agit
1269 4154 1376 4193 non
1424 4139 1604 4208 otioso
1650 4137 2077 4224 contemptam

511 4225 730 4279 intuitu.
753 4225 887 4281 Cum
916 4227 1028 4283 sive
1055 4228 1286 4298 parvuli,
1311 4230 1422 4284 sive
1444 4230 1670 4298 juvenes
1698 4231 1764 4284 ad
1792 4245 2076 4301 regenera-

512 4313 675 4369 tionis
696 4314 920 4369 veniunt
964 4326 1383 4382 sacramentum,
1404 4334 1509 4374 non
1533 4319 1683 4388 prius
1719 4318 1919 4389 fontem
1951 4320 2078 4389 vita

513 4403 713 4460 adeunt
740 4420 900 4474 quam
927 4407 1296 4463 catechumeni
1328 4407 1643 4463 efﬁciantur.
1692 4408 2074 4464 Catechumeni

512 4495 712 4549 etenim
745 4494 994 4550 instructi
1036 4496 1305 4561 dicuntur,
1335 4497 1449 4552 sive
1490 4496 1825 4566 subiacentes
1845 4499 2074 4569 castiga-

507 4582 663 4648 tioni,
690 4591 746 4638 et
783 4583 1008 4639 liberum
1035 4585 1103 4640 ad
1130 4584 1400 4642 Christum
1442 4589 1701 4644 habentes
1738 4588 2019 4644 arbitrium
2053 4609 2067 4644 :

2178 3403 2338 3464 terrae
2360 3394 2713 3459 formatumet
2738 3398 3032 3454 animatum
3053 3416 3261 3471 veneno
3287 3405 3629 3461 summalitize
3658 3407 3740 3462 in-

2177 3482 2434 3557 fecerant,
2467 3501 2562 3556 per
2588 3503 2685 3545 ora
2732 3490 3065 3545 sacerdotum
3108 3500 3163 3546 et
3200 3508 3391 3550 manus
3440 3495 3740 3567 impositio-

2175 3591 2300 3635 nem
2321 3579 2694 3637 scrutiniatum
2715 3589 2876 3651 atque
2897 3592 3205 3653 purgatum,
3221 3593 3277 3640 et
3300 3584 3532 3662 ejectum,
3548 3589 3742 3659 exinde

2178 3666 2422 3737 spiritum
2453 3670 2803 3736 immundum.
2836 3690 2903 3728 ex
2942 3676 3090 3730 omni
3132 3687 3285 3747 parte
3325 3679 3591 3749 signatum
3619 3680 3740 3739 oleo

2178 3759 2533 3828 sanctiﬁcato,
2558 3763 2626 3817 ad
2647 3762 3037 3822 benedictionis
3059 3768 3286 3838 gratiam
3323 3779 3661 3836 revocatum,
3685 3778 3744 3829 et

2178 3866 2273 3907 vas
2298 3849 2391 3905 ﬁat
2417 3852 2648 3920 Domini,
2680 3864 2734 3909 et
2779 3856 3031 3927 templum
3063 3856 3324 3931 eﬂiciatur
3345 3858 3576 3931 Spiritus
3614 3878 3742 3919 san-

2177 3942 2271 4009 cti,
2320 3942 2458 3998 sicut
2491 3944 2620 3999 dicit
2646 3944 2932 4016 Apostolus
2962 3966 2974 4001 :
3006 3947 3124 4002 Erit
3167 3966 3261 4005 vas
3302 3951 3355 4005 in
3394 3952 3586 4007 honore
3609 3971 3738 4010 san-

2177 4033 2484 4102 ctiﬁcatum,
2506 4044 2554 4089 et
2579 4035 2707 4089 utile
2728 4035 2952 4092 Domino
2989 4039 3057 4092 ad
3080 4056 3229 4095 omne
3263 4057 3392 4113 Opus
3424 4042 3612 4098 bonum
3639 4063 3738 4116 pa-

2177 4135 2370 4189 ratum.
2407 4201 2415 4210 .

2245 4215 2725 4276 HLAbrenuntiare
2745 4236 2875 4278 vero
2892 4232 2976 4279 est
3011 4239 3261 4296 respuere
3296 4236 3458 4298 atque
3488 4244 3738 4298 renuere,

2177 4310 2233 4366 id
2258 4320 2361 4383 est,
2390 4312 2705 4382 gentilitatis
2734 4329 2919 4373 errore
2966 4316 3028 4372 et
3077 4318 3483 4375 simulacrorum
3528 4321 3741 4379 cultura

2176 4399 2462 4466 derelicta,
2516 4402 2694 4458 colere
2725 4403 2894 4458 Dwm
2949 4403 3161 4460 Patrem
3213 4407 3655 4477 omnipotentem,
3682 4419 3743 4466 et

2174 4488 2355 4545 Jesum
2381 4490 2654 4549 Christum
2689 4493 2883 4550 Filium
2912 4496 3048 4567 ejus,
3091 4506 3145 4551 et
3174 4496 3434 4568 Spiritum
3466 4508 3738 4581 sanctum,

2174 4581 2480 4652 exspolians
2508 4598 2568 4639 se
2591 4594 2811 4640 veterem
2848 4588 3107 4645 hominem
3130 4605 3247 4643 cum
3280 4591 3479 4646 actibus
3519 4592 3650 4657 suis,
3678 4601 3744 4648 ut

505 4675 630 4744 quia
656 4677 976 4746 principium
1006 4680 1305 4735 sanctitatis
1353 4690 1434 4736 εει
1476 4681 1759 4741 Dominum
1795 4682 2067 4751 Chl-istum
2095 4662 2147 4724 D
2173 4673 2251 4729 ait
2270 4673 2577 4744 Apostolus,
2600 4685 2647 4733 et
2670 4676 2909 4731 induitur
2928 4694 3134 4746 novum,
3158 4681 3248 4752 qui
3266 4683 3545 4736 secundum
3566 4683 3742 4738 Deum

505 4764 602 4821 Dei
627 4764 821 4821 Filium
849 4769 1110 4835 contiteri,
1140 4770 1429 4826 secundum
1476 4772 1616 4842 quod
1656 4774 1915 4843 scriptum
1939 4783 2023 4840 est
2051 4793 2065 4839 :

505 4851 676 4908 Corde
695 4856 923 4910 creditur
952 4858 1020 4911 ad
1032 4860 1319 4929 justitiam,
1344 4878 1496 4933 opere
1517 4872 1688 4921 autem
1724 4862 1978 4932 confessio
2006 4865 2068 4933 ﬁt

506 4941 575 4996 ad
607 4942 847 4998 salutem.
891 4945 1267 5005 Conﬁtentium
1295 4950 1491 5005 etenim
1536 4950 1687 5011 locus
1730 4960 1832 5017 est,
1860 4953 1950 5023 qui
2000 4954 2067 5008 ad

503 5031 599 5089 Dei
624 5031 852 5101 gratiam
881 5033 1195 5092 festinantes
1238 5039 1441 5110 aliquid
1479 5042 1726 5112 amplius,
1756 5057 1919 5112 quam
1948 5043 2072 5101 fue-

492 5130 650 5186 ,runt,
675 5136 795 5177 esse
820 5124 1144 5181 desiderant.
1171 5128 1272 5194 Qui
1300 5130 1420 5184 ideo
1443 5141 1778 5199 competentes
1795 5133 2069 5205 dicuntur,

505 5216 559 5268 id
600 5225 703 5282 est,
731 5228 1014 5289 poscentes
1045 5222 1139 5277 Dei
1169 5224 1427 5294 gratiam;
1458 5234 1539 5291 ut,
1574 5226 1885 5297 priusquam
1927 5232 2082 5284 acci-

502 5308 652 5375 piant
695 5309 1039 5380 baptismum,
1089 5310 1345 5369 serviant'
1377 5316 1602 5371 Domino
1644 5331 1740 5387 per
1780 5318 1970 5381 ﬁdem;
2017 5334 2075 5377 et

501 5404 623 5466 post
641 5409 919 5470 acceptam
944 5402 1104 5457 ﬁdem
1133 5404 1227 5458 Dei
1251 5404 1393 5459 dona
1416 5421 1519 5461 non
1548 5408 1798 5476 perdant,
1829 5418 1920 5462 aut
1941 5407 2063 5463 irri-

503 5496 613 5541 tam
636 5488 835 5546 factant
857 5493 1085 5564 gratiam
1113 5492 1248 5562 ejus,
1278 5495 1364 5549 cui
1391 5495 1593 5552 servire
1624 5496 1922 5553 voluerunt.
1973 5497 2062 5553 Sal

502 5586 682 5635 autem
706 5591 985 5651 pmpterea
1020 5584 1420 5641 catechumenis
1460 5586 1513 5640 in
1553 5588 1850 5644 ministerio
1881 5589 2060 5655 datur,

503 5680 564 5723 ut
587 5686 685 5727 nos
704 5672 870 5729 simus
893 5675 1030 5731 sicut
1050 5677 1308 5733 Dominus
1346 5676 1401 5730 in
1431 5677 1717 5748 Evangelia
1745 5680 1914 5735 dixit:
1959 5677 2059 5734 Vos

503 5761 624 5816 estis
642 5760 725 5816 sal
742 5771 917 5829 terra,
941 5764 993 5819 id
1019 5774 1120 5834 est,
1145 5767 1542 5825 condimentum
1567 5768 1837 5837 sapientiae
1853 5768 1976 5837 Dei;
2006 5780 2060 5826 ct

2174 4776 2377 4820 creatus
2406 4778 2478 4821 est
2500 4768 2555 4822 in
2573 4768 2782 4837 justitia
2807 4779 2856 4824 et
2897 4772 3169 4827 sanctitate
3192 4775 3438 4829 veritatis.
3469 4774 3595 4830 Post
3621 4777 3744 4831 haec

2173 4873 2304 4915 vero
2330 4858 2556 4930 ingressi
2580 4859 2780 4918 fontem
2805 4861 3163 4933 baptismatis,
3193 4868 3293 4931 sub
3320 4867 3456 4921 trina
3480 4869 3744 4923 πίει-δίοιδε

2174 4956 2428 5023 baptizati
2454 4957 2506 5012 in
2531 4958 2745 5015 nomine
2780 4958 2977 5024 Patris,
3007 4968 3061 5015 et
3083 4960 3225 5029 Filii,
3252 4971 3306 5018 et
3340 4960 3570 5032 Spiritus
3611 4978 3746 5020 san-

2175 5047 2279 5111 cti;
2310 5045 2500 5101 deinde
2522 5047 2765 5102 translati
2787 5049 2853 5103 ad
2873 5051 3131 5120 gremium
3156 5052 3344 5107 matris
3364 5051 3617 5107 Ecclesiae
3638 5067 3747 5123 per

2173 5138 2443 5193 lavacrum
2496 5140 2919 5209 regenerationis
2950 5183 2964 5207 ,
3018 5124 3317 5213 adoptionis
3366 5143 3461 5209 lilii
3514 5144 3692 5201 eil'ecti
3721 5186 3738 5209 ,

2170 5229 2357 5298 scripti
2396 5229 2449 5283 in
2491 5230 2627 5285 libro
2667 5230 2790 5286 vitae
2814 5230 3012 5288 Christi
3058 5233 3267 5289 Domini
3292 5233 3482 5299 nostri,
3518 5249 3549 5288 a
3579 5233 3743 5303 cuius

2171 5326 2358 5373 sancto
2410 5319 2628 5374 nomine
2680 5321 2906 5375 chrisma
2949 5338 3140 5377 nomen
3194 5326 3436 5394 accepit,
3483 5326 3743 5395 peruncti

2168 5410 2334 5463 etiam
2361 5411 2518 5481 hujus
2540 5426 2705 5466 sacrm
2727 5414 2993 5469 unctionis
3019 5414 3251 5470 chrisma
3297 5415 3505 5481 salutis,
3535 5417 3588 5471 id
3618 5425 3736 5484 est,

2169 5500 2341 5554 sancti
2371 5499 2601 5571 Spiritus
2638 5502 2937 5576 largissima
2965 5504 3229 5560 infnsione
3257 5506 3310 5560 in
3341 5505 3553 5563 Christo
3578 5506 3737 5572 Jcsu,

2166 5589 2394 5645 Domino
2427 5600 2611 5647 nostro
2658 5593 2711 5648 in
2763 5594 2924 5648 vitam
2948 5603 3226 5661 aeternam,
3260 5597 3559 5668 regenerati
3596 5612 3742 5667 quo-

2167 5697 2269 5751 que
2294 5680 2476 5737 Iesum
2532 5684 2718 5739 ducem
2770 5693 3074 5755 sequentes,
3125 5695 3181 5741 et
3226 5686 3322 5741 loti
3366 5686 3420 5741 in
3469 5687 3743 5755 sanguine

2165 5773 2324 5843 Agni,
2360 5772 2495 5827 albis
2518 5774 2710 5842 induti,
2737 5775 2792 5830 id
2821 5783 2919 5844 cst,
2976 5776 3238 5847 nuptiales
3265 5784 3439 5835 vestes
3466 5776 3533 5833 ad
3575 5793 3736 5833 meu-
