4064 6190
484 549 506 606 l'

469 2365 478 2376 '
531 2371 632 2426 per
655 2357 943 2412 adventum
982 2359 1154 2414 sancti
1185 2358 1419 2428 Spiritus
1442 2357 1691 2426 discipuli
1722 2354 1838 2424 ejus
1867 2355 1922 2410 in
1949 2353 2099 2410 ﬁam-

415 5289 420 5296 '
513 5299 619 5353 quo
647 5283 938 5348 du-bitetur,
973 5283 1331 5351 interrogatus
1353 5280 1684 5350 Symbolum,
1718 5281 1912 5349 prodat
1939 5281 1983 5334 si
2008 5281 2078 5335 sit

494 3897 571 3961 in
599 3923 764 3963 unum
795 3907 1108 3975 conferunt;
1135 3909 1189 3964 id
1212 3910 1357 3963 enim
1387 3909 1627 3964 fecerunt
1653 3911 1879 3980 apostoli
1920 3913 1972 3965 in
2000 3911 2082 3966 his

568 326 635 381 55
745 321 1070 378 MAXENTH
1104 321 1580 390 AQUILEIENSIS
1613 317 2077 375 PATRIARCB/E
2119 317 2446 374 COLLECT.
2487 318 2576 371 DE
2613 317 2934 386 ANTIQUIS
2971 318 3242 375 RITlBUS
3275 279 3612 378 BAPTlSMl.
3715 328 3777 382 56

586 420 588 422 ’
1062 435 1140 490 De
1163 437 1587 507 competentibus.
2151 438 2200 494 Α
2225 442 2326 498 est,
2358 434 2424 487 ad
2451 431 2844 502 praedicandum
2874 434 3016 490 istud
3059 436 3426 493 unanimitatis
3454 448 3509 493 et
3535 439 3656 495 ﬁdei
3680 458 3775 501 sua:

625 552 711 608 Ill.
749 553 882 607 Post
923 551 1339 606 catechumenos
1393 551 1658 607 secundus
1699 549 2084 619 competentiut

2223 525 2448 594 apostoli
2483 525 2744 579 indicium
2767 526 3089 595 imposuere.

553 643 759 714 gradus
785 651 884 702 eat.
913 641 1291 712 Competentes
1337 653 1514 698 autem
1543 650 1671 696 sunt
1723 615 1951 710 qui-jam
1998 645 2121 707 post
2387 616 2482 720 En“
2513 625 2691 671 amem
2711 615 3045 720 _SYmb°l'_‘m_
3065 619 3276 720 είὲηυξη
3307 635 3402 690 Per
3450 625 3592 720 (11³ρᾲ
3630 641 3777 698 33'")-

551 708 854 788 doctrinam
877 731 1023 796 ﬁdei,
1049 708 1174 802 post
1198 733 1583 788 continentiam
1615 708 1758 796 vitae,
1792 708 1860 785 ad
1889 729 2084 800 gratia!

2220 708 2388 762 scitur
2415 708 2553 762 Deus
2583 709 2830 777 quodque
2855 709 3080 778 proinde
3106 711 3392 768 credentes
3420 717 3702 786 accipiunt.
3726 732 3780 776 ut

553 820 755 877 οιηιίειί
813 798 1211 893 ρειαίρίεξιααω
1264 823 1524 878 festinant
1572 840 1586 875 ε
1649 798 2112 890 ideoque‘appel-
2218 798 2464 852 noverint
2509 798 2740 867 qualiter
2783 808 2967 888 contra
3009 800 3280 856 diabolum
3323 803 3448 861 ﬁdei
3493 811 3776 865 certamina

545 912 727 969 lantur
744 924 1107 986 competentes,
1144 916 1198 970 id
1237 925 1321 971 est
1351 915 1580 986 gratiam
1608 912 1808 969 Christi
1849 919 2111 982 petentes.
2214 905 2610 965 Ρνίθβδτπθηῑε
2641 899 2694 952 in
2727 915 2832 969 quo
2862 901 3078 971 quidem
3121 919 3290 974 Pauca
3320 913 3448 959 sum
3465 906 3628 962 verba
3649 947 3665 972 ν
3692 907 3776 962 ⁵θά

545 1003 682 1059 Nam
723 1005 1099 1061 catechumeni
1128 1014 1338 1060 tantum
1377 1006 1620 1071 audiam,
1645 1002 1873 1060 necdum
1893 1010 2110 1074 petum:
2216 987 2394 1041 omnia
2415 988 2760 1046 continentur
2781 1006 3138 1050 sacramenta.
3167 997 3247 1051 De
3273 997 3403 1053 totis
3433 998 3574 1053 enim
3609 999 3775 1071 Scrip-

547 1104 674 1151 sum
693 1098 838 1152 enim
884 1098 1036 1168 quasi
1067 1099 1304 1168 hospites
1333 1108 1387 1155 et
1415 1099 1578 1154 vicini
1608 1097 1843 1154 ﬁdelium
1867 1115 1882 1162 ;
1912 1096 2113 1153 deforis
2216 1082 2354 1136 turis
2367 1081 2472 1138 huc
2493 1085 2676 1140 omnia
2698 1087 2979 1142 breviatim
3004 1089 3230 1144 collecta
3252 1098 3379 1145 sunt
3406 1091 3474 1146 ab
3494 1093 3768 1162 apostolis;

545 1186 771 1241 audiunt
797 1188 1074 1258 mysteria,
1137 1189 1361 1244 audiunt
1384 1190 1650 1259 gratiam,
1679 1187 1774 1243 sed
1800 1187 1976 1242 adhuc
2006 1201 2111 1241 ηοη
2215 1181 2290 1234 ut,
2320 1173 2444 1242 quia
2470 1175 2650 1244 plures
2675 1179 3007 1234 credentium
3040 1180 3254 1237 litteras
3279 1183 3548 1247 nesciunt,
3585 1183 3670 1238 vel
3688 1184 3770 1254 qui

548 1279 890 1350 appellantur
916 1281 1119 1338 ﬁdeles.
1155 1281 1534 1354 competentes
1563 1291 1743 1338 autem
1763 1281 1876 1350 iam
1899 1287 2108 1351 petum,
2213 1262 2408 1326 sciunt,
2437 1268 2993 1338 praeoccupationibus
3037 1271 3237 1336 saeculi,
3263 1270 3578 1341 Scripturas
3606 1271 3769 1343 legere

535 1367 648 1437 jam
686 1371 979 1442 accipiunt,
995 1370 1109 1440 jam
1134 1372 1564 1439 catechizantur,
1596 1373 1648 1427 id
1667 1379 1772 1437 est,
1799 1371 2081 1426 imbuuntu

2213 1369 2318 1408 non
2352 1366 2613 1424 possunt,
2665 1360 2765 1415 hoc
2802 1362 2964 1417 corde
3010 1361 3323 1427 retinentes,
3359 1363 3593 1418 habeant
3637 1362 3770 1419 sufﬁ-

545 1462 901 1517 ίηδιωαίοηθ
912 1472 1394 1518 sacramentorum.
1419 1462 1540 1518 [slis
1553 1462 1697 1517 enim
1715 1459 1950 1516 salutare
1967 1474 2111 1530 εγω-
2213 1443 2443 1501 cientem
2463 1448 2565 1503 sibi
2591 1449 2870 1506 scientiam
2884 1452 3192 1507 salutarem.
3219 1453 3313 1508 Est
3327 1453 3469 1508 enim
3483 1453 3646 1510 breve
3658 1453 3770 1509 ﬁdei

538 1550 722 1608 bolum
770 1552 1018 1618 traditur,
1058 1555 1213 1622 quasi
1241 1553 1710 1608 commonitorium
1739 1549 1883 1616 ﬁdei,
1905 1558 1961 1604 et
1987 1564 2082 1604 san

2210 1537 2454 1605 verbum,
2482 1549 2537 1594 et
2561 1540 2689 1596 olim
2712 1558 2740 1596 a
2765 1545 3025 1614 propheta
3047 1545 3392 1616 praedictum:
3426 1543 3648 1605 Verbum
3668 1546 3773 1600 bre-

541 1649 641 1694 cta:
671 1640 1027 1697 confessionis
1057 1642 1334 1708 indicium,
1383 1658 1491 1712 quo
1540 1640 1788 1696 instructi
1815 1654 2083 1710 agnoscan

2209 1626 2404 1680 viatum
2434 1629 2589 1698 faciet
2616 1631 2870 1688 Dominus
2891 1626 3047 1705 super
3065 1645 3281 1690 terram.

535 1731 722 1800 quales
753 1729 868 1797 jam
901 1731 968 1786 ad
990 1733 1228 1802 gratiam
1255 1731 1457 1790 Christi
1490 1732 1745 1787 exhibere
1767 1745 1824 1785 se
1853 1731 2081 1786 debeant

2282 1717 2367 1772 VI.
2400 1719 2445 1772 A
2465 1722 2688 1790 paganis
2713 1724 2855 1793 quis,
2877 1724 2962 1779 vel
2996 1739 3027 1778 a
3049 1725 3350 1793 gentilitate
3379 1726 3600 1782 veniens
3626 1734 3766 1782 cate-

2143 1798 2191 1858 B
2219 1807 2516 1866 chumenus
2538 1810 2617 1878 ﬁt,
2650 1812 2853 1870 habens
2879 1814 3208 1870 voluntatem
3235 1815 3481 1871 credendi
3502 1815 3555 1870 in
3583 1815 3764 1871 Deum.

2206 1895 2306 1951 Hic
2332 1913 2361 1951 a
2387 1901 2667 1956 sacerdote
2713 1903 3003 1958 instruitur
3027 1905 3294 1975 quomodo
3313 1904 3535 1960 credere
3550 1904 3764 1972 debeat,

2203 1999 2260 2042 et
2280 1991 2668 2048 exhortationis
2684 2005 3009 2066 praeceptum
3033 1996 3245 2066 accipit,
3260 1995 3472 2066 qualem
3493 2011 3553 2051 se
3566 1997 3633 2052 ad
3653 1995 3766 2052 ﬁdei

2202 2081 2443 2151 regulam
2471 2092 2525 2138 et
2556 2085 2622 2138 ad
2652 2087 2852 2141 cultum
2881 2087 2975 2142 Dei
2999 2088 3109 2141 vivi
3145 2073 3336 2142 debeat
3368 2086 3643 2143 exhibere.
3668 2086 3764 2142 Lo-

2201 2169 2386 2237 quitur
2407 2172 2456 2226 ei
2485 2172 2744 2230 Dominus
2771 2191 2869 2246 per
2900 2177 3234 2233 sacerdotem
3279 2179 3348 2234 ad
3377 2179 3568 2246 instar,
3594 2188 3654 2234 ut
3674 2195 3764 2250 per

2205 2255 2420 2330 Moysen
2447 2275 2775 2336 praeceptum
2807 2266 2860 2321 in
2891 2265 3007 2338 lege
3033 2278 3112 2322 est
3138 2282 3152 2321 :
3176 2267 3337 2334 Audi,
3372 2267 3566 2334 Israel,
3589 2267 3764 2322 Domi:

2201 2366 2298 2404 nus
2329 2349 2469 2406 Deus
2493 2362 2632 2419 tuus,
2677 2355 2817 2411 Deus
2851 2373 2985 2411 unus
3016 2366 3110 2412 est.
3144 2357 3495 2412 Exoreizatur
3518 2358 3765 2413 catechu-

2199 2456 2408 2509 menus,
2441 2444 2496 2499 id
2521 2454 2602 2500 est
2631 2447 2954 2516 conjuratur’
2966 2449 3231 2520 malignus
3252 2449 3494 2519 spiritus,
3523 2458 3584 2504 ut
3611 2458 3764 2506 exeat

2199 2539 2253 2584 et
2286 2534 2535 2600 recedat,
2567 2535 2700 2590 dans
2730 2537 2906 2594 locum
2945 2539 3056 2595 Deo
3103 2553 3248 2594 vero.
3278 2539 3490 2609 Accipit
3518 2541 3765 2594 catechu-

2198 2639 2388 2681 menus
2417 2629 2603 2695 salem,
2637 2640 2719 2695 ut,
2733 2646 2830 2702 per
2867 2633 2968 2688 hoc
2991 2633 3240 2702 primitus
3265 2631 3518 2707 pabulum
3545 2631 3683 2688 ﬁuxa
3711 2641 3765 2688 et

2195 2719 2407 2787 putrida
2428 2732 2648 2791 peccata
2676 2725 2742 2779 ad
2778 2724 3077 2780 rudimenta
3117 2725 3241 2780 ﬁdei
3272 2725 3532 2780 venientis
3555 2725 3764 2796 sapien-

2196 2807 2285 2863 tire
2328 2811 2439 2865 sale
2467 2829 2690 2869 munere
2733 2825 3096 2886 expurgentur
3141 2816 3342 2870 divino.
3379 2814 3760 2870 Catechumeni

2195 2902 2340 2956 enim
2390 2903 2667 2960 audientes
2693 2947 2708 2970 ,
2765 2907 2848 2960 vel
2888 2908 3159 2963 auditores
3201 2908 3484 2974 dicuntur;
3520 2906 3762 2962 ﬁdelibus

2197 3000 2373 3047 tamen
2401 2995 2665 3050 interesse
2686 3008 2975 3066 nequeunt,
3003 2999 3256 3070 mysteria
3278 3014 3400 3054 cum
3422 2997 3760 3054 celebrantur

2197 3083 2396 3138 divina.
2427 3085 2494 3139 Et
2524 3086 2624 3141 hoc
2651 3103 2717 3141 ex
2745 3090 2963 3160 antiqua
3018 3090 3238 3145 Patrum
3272 3091 3607 3146 institutione
3637 3104 3758 3145 cen-

2196 3173 2380 3229 situm.
2430 3175 2704 3233 Secundus
2749 3188 2872 3247 post
2914 3181 3326 3237 catechumenos
3363 3183 3758 3252 competentiam

2191 3265 2386 3334 gradus
2415 3275 2496 3321 est
2523 3284 2535 3319 :
2565 3270 2936 3325 catechumeni
2963 3271 3105 3325 enim
3133 3279 3338 3326 tantum
3367 3273 3604 3338 audiunt,
3626 3287 3755 3328 nec-

2191 3357 2314 3410 dum
2364 3366 2584 3427 petunt;
2638 3371 3004 3432 competentes
3055 3372 3236 3418 autem
3285 3372 3409 3434 post
3455 3365 3758 3421 doctrinam

2188 3456 2400 3516 petunt,
2425 3457 2479 3504 et
2526 3448 2779 3506 festinant
2802 3453 2868 3508 ad
2895 3455 3180 3523 petendam
3208 3456 3434 3525 gratiam
3457 3456 3678 3522 Christi,
3704 3467 3760 3513 et

2188 3554 2285 3593 sua
2319 3553 2503 3594 coram
2568 3545 2853 3599 sacerdote
2886 3545 2952 3599 ad
2981 3546 3235 3604 Ecclesia:
3276 3547 3469 3616 jauuas
3501 3565 3599 3620 per
3633 3567 3760 3606 aco-

2186 3630 2392 3700 lythum
2421 3634 2637 3688 nomina
2664 3636 2822 3690 dant:
2849 3653 3036 3692 verum
3067 3640 3230 3693 etiam
3251 3655 3458 3705 eorum,
3504 3656 3532 3694 a
3561 3643 3760 3712 quibus

2185 3723 2506 3792 suscipiendi
2544 3733 2689 3792 sunt,
2736 3743 2802 3782 ex
2828 3729 2930 3784 hoc
2959 3729 3072 3798 jam
3118 3731 3538 3797 catechizautur,
3575 3733 3627 3787 id
3673 3743 3758 3790 est

2185 3812 2495 3868 imbuuntur
2524 3815 2874 3882 instructione
2903 3828 3384 3876 sacramentorum.
3421 3831 3474 3876 et
3509 3818 3629 3877 ﬁdei
3660 3840 3758 3894 pu-

2185 3904 2346 3959 ritate
2371 3906 2649 3961 docentur.

2253 3997 2360 4052 Yll.
2392 3997 2449 4051 lu
2477 3999 2560 4054 his
2576 3999 2710 4054 ﬁunt
2735 4003 3014 4056 scrutinia.
3038 4003 3396 4073 Explorantur
3418 4007 3554 4060 servi
3573 4015 3756 4061 utrum

2182 4089 2234 4142 in
2258 4091 2442 4144 eadem
2466 4090 2708 4146 doctrina
2755 4092 2878 4147 ﬁdei
2905 4094 3203 4150 consistant
3241 4111 3346 4165 qua
3372 4097 3578 4166 pridem
3609 4098 3758 4152 docti

2183 4197 2211 4234 a
2242 4181 2609 4237 sacerdotibus
2657 4183 2900 4250 fuerant;
2934 4185 3017 4238 vel
3053 4187 3101 4240 si
3158 4186 3469 4242 renuntient
3518 4187 3758 4258 maligno

2180 4273 2407 4341 spiritui,
2450 4283 2610 4343 atque
2632 4275 2847 4329 malitia
2880 4317 2894 4341 ,
2934 4284 2988 4330 et
3014 4277 3222 4345 pompis
3254 4277 3398 4332 illius
3450 4278 3751 4334 damnosis.

2179 4363 2537 4419 Exsuﬁlantur
2574 4366 2738 4420 etiam
2762 4407 2777 4431 ,
2825 4374 2884 4420 ut
2924 4366 3106 4437 fugato
3143 4367 3355 4422 diabolo
3409 4371 3496 4441 cui
3549 4384 3764 4426 renuu-

2181 4458 2316 4512 tiare
2345 4458 2699 4534 admonentur
2723 4501 2737 4525 ,
2777 4460 2990 4515 Christo
3037 4459 3263 4514 Domino
3299 4471 3486 4516 nostro
3526 4465 3756 4532 praepa-

2185 4557 2334 4603 retur
2353 4549 2624 4604 introitus.
2653 4549 2812 4606 Fides
2825 4552 2910 4606 his
2933 4550 3209 4620 apostolici
3227 4551 3464 4622 Symboli
3481 4553 3755 4618 traditur;

2184 4649 2242 4694 ut
2262 4656 2430 4694 vacua
2453 4640 2694 4705 domus,a
2706 4652 2761 4698 et
2773 4642 2950 4712 prisco
2976 4641 3280 4696 habitatore
3305 4642 3595 4708 derelicta;
3626 4657 3760 4712 per-

2181 4731 2318 4787 fecta
2331 4733 2453 4788 ﬁdei
2476 4733 2680 4788 ratione
2691 4742 2914 4789 ornetur
2927 4741 2978 4789 et
2991 4742 3324 4804 praeparetur
3340 4734 3601 4788 habitatio
3617 4736 3756 4790 Deo.

2182 4823 2465 4894 Unguntur
2475 4823 2595 4878 oleo
2607 4832 2824 4893 pectora
2838 4839 2959 4877 cum
2973 4824 3317 4892 ex’pressione
3332 4832 3530 4878 sancta":
3543 4828 3758 4890 crucis;

2178 4921 2238 4967 ut
2271 4928 2337 4967 ex
2368 4926 2432 4967 eo
2459 4913 2670 4969 diabolo
2712 4914 2992 4968 claudatur
3017 4915 3311 4986 ingressus.
3351 4915 3672 4987 Tanguntur
3703 4927 3766 4973 et

2179 5019 2356 5069 nares;
2378 5013 2438 5058 ut
2448 5005 2612 5059 odore
2625 5005 2828 5060 notitia:
2839 5005 2934 5059 Dei
2947 5005 3310 5075 perfruantur,
3328 5017 3383 5063 et
3397 5009 3524 5064 illud
3538 5025 3670 5080 apos
3678 5021 3765 5066 to-

2177 5097 2340 5151 licum
2368 5097 2421 5150 in
2450 5097 2529 5151 eis
2555 5096 2842 5166 impleatur
2863 5100 3005 5167 quod
3027 5100 3225 5154 dicitur
3244 5121 3256 5155 :
3274 5099 3484 5157 Gratias
3509 5102 3641 5169 Deo,
3663 5108 3764 5177 qui

2178 5188 2707 5256 sempertriumphare
2729 5205 2820 5243 nos
2844 5189 2971 5258 facit
2990 5191 3045 5244 in
3067 5191 3274 5246 Christo
3289 5193 3438 5259 Jesu,
3462 5204 3510 5247 et
3534 5196 3763 5250 odorem

2179 5278 2376 5330 notitia:
2399 5294 2509 5331 sua:
2548 5279 2846 5348 manifestat
2874 5298 2967 5351 per
3015 5299 3106 5338 nos
3152 5285 3208 5336 in
3259 5286 3399 5338 omni
3427 5285 3560 5338 loco.
3619 5285 3764 5342 Sive

2179 5369 2339 5423 etiam
2355 5369 2452 5422 sub
2468 5369 2566 5422 hac
2580 5371 2885 5439 sponsione,
2909 5381 2968 5426 ut
2990 5373 3226 5442 quandiu
3250 5376 3496 5444 spiritum
3521 5377 3763 5432 naribus

2180 5461 2416 5526 trahant,
2434 5463 2484 5516 in
2512 5463 2625 5533 ipsa
2649 5463 2770 5519 ﬁdei
2799 5467 3084 5534 sponsione
3109 5468 3402 5537 perdurent
3425 5487 3437 5530 ;
3463 5471 3768 5540 signantur

2179 5562 2232 5608 et
2256 5553 2505 5622 scapulae,
2534 5562 2590 5607 ut
2618 5556 2849 5624 undique
2880 5556 3222 5622 muniantur;
3254 5565 3312 5612 ut
3343 5559 3397 5613 in
3428 5559 3540 5629 ipsa
3566 5569 3769 5628 pecto-

2180 5644 2257 5698 ris
2296 5652 2348 5698 ct
2394 5644 2626 5712 scapulze
2652 5646 2905 5701 unctione
2960 5646 3080 5702 ﬁdei
3136 5647 3362 5703 ﬁrmitas
3391 5659 3446 5703 et
3479 5650 3766 5706 bonorum

2178 5752 2400 5806 operum
2421 5737 2814 5806 perseverantia
2841 5738 3166 5812 designetur.
3195 5740 3433 5810 Quicum
3449 5741 3516 5798 ad
3541 5740 3766 5799 fontem

1062 435 1140 490 De
1163 437 1587 507 competentibus.

1047 1859 1050 1862 l
1129 1877 1207 1934 De
1240 1877 1506 1948 Symbolo.
1537 1877 1540 1882 ’

601 1988 689 2044 ιν.
721 1988 1034 2060 Symbolum
1091 1999 1272 2045 autem
1296 2031 1310 2058 ,
1343 1990 1486 2062 quod
1518 1989 1678 2046 iidem
1731 1977 2102 2058 com'petentes

533 2082 844 2153 accipiunt,
895 2083 988 2137 tali
1036 2084 1244 2139 ratione
1286 2083 1589 2138 institutum
1646 2082 1878 2152 majores
1929 2082 2102 2137 nostri

533 2172 804 2229 dixerunt.
833 2173 1076 2230 Tradunt
1101 2175 1246 2230 enim
1271 2175 1357 2230 his
1378 2175 1580 2240 verbis,
1605 2175 1746 2244 quod
1767 2181 1889 2242 post
1914 2186 2103 2228 ascen-

532 2265 740 2320 sionem
764 2265 976 2321 Domini
998 2275 1054 2322 et
1085 2266 1381 2325 Salvatoris
1415 2266 1588 2322 nostri
1618 2266 1686 2320 ad
1710 2265 1950 2327 Patrem,
1975 2280 2100 2320 cum

532 2462 743 2503 marum
775 2447 968 2520 linguis
1012 2451 1253 2505 omnium
1293 2450 1532 2522 gentium
1580 2448 1963 2519 loquerentur:
1992 2461 2098 2516 quo

527 2542 790 2612 przesagio
820 2552 1168 2599 consecutum
1197 2552 1300 2609 est,
1327 2551 1388 2597 ut
1423 2541 1569 2598 nulla
1614 2541 1688 2596 illi
1717 2554 1848 2610 gens
1888 2547 2092 2604 extera,

526 2631 672 2685 nulla
695 2632 896 2703 lingua,
918 2633 1165 2689 barbaris
1188 2635 1480 2698 inaccessa,
1505 2640 1601 2686 aut
1627 2620 1771 2686 invia
1795 2631 2092 2695 videretur,

525 2733 851 2795 praeceptum
895 2727 974 2781 eis
999 2741 1030 2780 a
1075 2727 1301 2782 Domino
1328 2728 1533 2782 sdatum
1580 2727 1648 2780 ad
1690 2725 2095 2794 prasdicandum

524 2815 620 2869 Dei
640 2817 861 2871 verbum
890 2817 958 2871 ad
988 2816 1226 2887 singulas
1256 2833 1494 2888 quasque
1517 2818 1763 2872 nationes
1789 2816 1956 2871 abire.
1976 2815 2094 2870 Dis-

522 2908 723 2960 cessuri
745 2908 925 2976 itaque
955 2909 1023 2964 ab
1050 2909 1294 2973 invicem,
1336 2925 1581 2965 normam
1597 2909 1747 2979 prius
1776 2908 1877 2962 sibi
1899 2906 2094 2963 futura:

521 2999 920 3064 praedicationis
947 3001 1001 3054 in
1029 3004 1296 3056 communi
1342 3002 1681 3057 constituunt
1705 3043 1719 3067 ,
1751 3015 1819 3056 ne
1851 3001 2095 3057 localiter

521 3088 589 3141 ab
618 3088 848 3144 invicem
896 3090 1233 3146 discedentes
1280 3093 1548 3160 diversum
1596 3092 1796 3162 aliquid
1846 3094 1930 3146 vel
1981 3094 2090 3148 dis-

521 3192 711 3233 sonum
738 3180 1125 3250 praedicaretur
1148 3182 1234 3236 his
1253 3183 1343 3251 qui
1374 3183 1440 3237 ad
1468 3182 1624 3237 ﬁdem
1659 3182 1862 3237 Christi
1893 3183 2086 3238 invita-

522 3269 734 3324 bantur.
764 3271 962 3327 Omnes
997 3273 1157 3343 igitur
1185 3273 1240 3328 in
1285 3289 1393 3328 uno
1418 3275 1597 3344 positi,
1627 3283 1682 3328 et
1713 3273 1918 3344 Spiritu
1968 3290 2089 3328 san-

519 3370 609 3416 cto
638 3363 848 3431 repleti,
877 3364 1038 3419 breve
1058 3365 1158 3419 sibi
1179 3365 1573 3434 praedicationis
1620 3365 1876 3419 indicium
1906 3363 2089 3421 confe-

520 3453 748 3507 rendqu
770 3454 825 3507 in
851 3470 1038 3518 unum,
1062 3455 1203 3525 quod
1227 3457 1525 3511 sentiebant
1558 3462 1906 3527 camponunt,
1924 3466 2086 3528 atque

521 3545 663 3600 hanc
713 3546 1054 3602 credentibus
1107 3548 1338 3603 dandam
1361 3564 1498 3624 .esse
1545 3548 1784 3620 regulam
1819 3558 2079 3604 statuunt.

519 3633 833 3704 Symbolum
878 3644 1058 3689 autem
1088 3636 1190 3690 hoc
1218 3638 1400 3691 multis
1429 3645 1482 3691 et
1500 3637 1818 3706 iustissimis
1842 3654 1908 3694 ex
1955 3655 2083 3694 cau-

515 3725 592 3780 sis
621 3725 892 3794 appellare
918 3725 1218 3780 voluerunt.
1275 3727 1584 3798 Symbolum
1629 3730 1774 3783 enim
1821 3728 2009 3786 Graece
2031 3740 2084 3787 et

515 3816 772 3871 indicium
801 3816 909 3871 dici
949 3825 1125 3886 potest
1161 3818 1396 3882 collatio,
1431 3820 1532 3873 hoc
1569 3827 1667 3879 est,
1719 3821 1860 3888 quod
1904 3820 2084 3890 plures

2121 3142 2165 3204 C

513 3999 875 4065 sermonibus,
898 4001 953 4054 in
981 4015 1147 4066 unum
1167 3999 1493 4056 conferendo
1538 4001 1908 4070 unusquisque
1937 4001 2079 4070 quod

513 4089 994 4146 sensitilndicium
1037 4102 1217 4147 autem
1248 4092 1333 4146 vel
1359 4093 1570 4163 signum
1603 4092 1804 4147 idcirco
1846 4092 2044 4147 dicitur
2064 4133 2076 4157 ,

512 4185 640 4252 quia
677 4183 770 4238 illo
817 4185 869 4238 in
905 4182 1144 4255 tempore
1170 4226 1184 4250 ,
1221 4186 1360 4240 sicut
1389 4183 1678 4254 Apostolus
1705 4184 1835 4238 dicit
1869 4224 1883 4249 ,
1929 4191 1984 4238 et
2024 4185 2076 4238 in

511 4273 738 4328 Actibus
778 4275 1142 4342 apostolorum
1174 4274 1429 4339 refertur,
1473 4275 1628 4327 multi
1668 4274 1996 4329 simulabant
2021 4291 2078 4331 se

510 4382 634 4422 esse
660 4364 926 4438 apostolos
941 4367 1160 4432 Christi,
1189 4367 1528 4421 nominantes
1541 4367 1754 4436 quidem
1781 4367 2073 4433 Christum,

512 4459 605 4512 sed
637 4474 741 4514 non
767 4460 989 4529 integris
1018 4460 1361 4514 traditionem
1377 4460 1532 4514 lineis
1559 4461 1886 4516 nuntiantes.
1912 4461 2074 4516 ldcir-
2100 4487 2154 4546 D

512 4563 576 4604 co
603 4551 728 4606 ituri
759 4552 899 4606 istud
927 4551 1186 4606 indicium
1212 4566 1440 4620 posuere
1471 4593 1486 4617 ,
1518 4567 1616 4620 per
1647 4552 1787 4620 quod
1824 4568 2077 4622 agnosce-

511 4651 699 4704 rentur
729 4644 782 4697 hi
819 4644 908 4713 qui
955 4643 1226 4698 Christum
1254 4659 1380 4699 vere
1423 4645 1713 4699 secundum
1758 4643 2078 4713 apostolicas

511 4733 723 4802 regulas
743 4733 1056 4803 prmdicant.
1097 4734 1335 4803 Denique
1364 4742 1417 4789 et
1452 4735 1505 4788 in
1535 4733 1685 4789 bellis
1707 4734 1952 4789 civilibus
1973 4735 2073 4790 hoc

509 4824 787 4878 observari
828 4822 1098 4890 referunt,
1138 4825 1392 4893 quoniam
1443 4832 1498 4879 et
1539 4840 1811 4879 armorum
1858 4825 2072 4879 habitus

509 4913 654 4983 parit
705 4929 870 4968 sonus
906 4913 1074 4979 vocis,
1131 4914 1273 4968 idem
1319 4921 1373 4967 et
1402 4929 1517 4968 mos
1543 4922 1625 4968 est
1675 4922 1837 4982 atque
1881 4914 2068 4968 eadem

508 5004 752 5078 instituta
805 5004 1085 5070 bellantis,
1131 5005 1371 5076 symbola
1427 5005 1657 5060 discreta
1707 5006 2075 5075 unusquisque

508 5100 615 5153 dux
665 5099 777 5154 suis
829 5099 1090 5154 militibus
1116 5099 1304 5164 tradit,
1333 5114 1453 5168 qua:
1484 5098 1670 5153 Latine
1701 5107 1760 5152 ut
1804 5099 1953 5168 signa
1974 5140 1989 5164 ,
2016 5108 2076 5153 ut

510 5192 706 5248 indicia
741 5200 1151 5262 nuncupantur;
1201 5201 1259 5245 ut
1286 5193 1332 5246 si
1360 5190 1498 5246 forte
1528 5192 1825 5247 occurrerit
1862 5192 1983 5261 quis
2011 5191 2078 5246 de

509 5372 681 5426 hostis
708 5388 774 5425 an
797 5374 993 5428 socius.
1018 5372 1220 5426 Idcirco
1249 5380 1425 5425 autem
1438 5371 1626 5426 Patres
1651 5371 1754 5426 hoc
1786 5387 1891 5425 non
1907 5372 2071 5426 scribi

509 5463 565 5516 in
591 5464 934 5526 membranis,
966 5464 1060 5518 sed
1082 5463 1316 5517 retinere
1343 5461 1591 5516 cordibus
1618 5462 1982 5527 tradiderunt;
2013 5471 2072 5516 ut

510 5559 715 5606 certum
743 5561 885 5607 esset
905 5554 1172 5608 neminem
1190 5553 1292 5606 hoc
1317 5569 1382 5606 ex
1397 5551 1645 5616 lectione,
1661 5569 1779 5623 qua:
1801 5555 2070 5609 interdum

513 5641 795 5710 pervenire
823 5643 986 5696 etiam
1018 5643 1085 5697 ad
1113 5643 1354 5697 inﬁdeles
1388 5642 1542 5707 solet,
1581 5644 1671 5697 sed
1696 5659 1763 5698 ex
1800 5645 2068 5715 apostolo-

513 5747 632 5787 rum
656 5731 944 5787 traditione
956 5731 1541 5806 didicissc._Discessuri
1571 5734 1766 5804 itaque,
1784 5748 1841 5792 ut
1871 5738 2069 5794 dictum
