4064 6190
408 355 481 409 67
728 348 743 367 '
880 349 1149 408 CANDIDI
1185 351 1565 409 FULDENSIS
1602 351 1906 409 MONACIII
1944 348 2359 407 OPUSCULUM
2398 351 2485 406 DE
2517 350 2848 409 PASSIONE
2884 352 3138 412 DOMINI.
3554 352 3629 412 58

416 470 629 531 veniunt
658 508 674 532 ,
717 480 817 537 per
858 468 1194 522 sacerdotem
1265 466 1697 538 explorantur-tsi
1730 481 1799 522 ex
1852 474 1965 523 toto
1990 471 2038 529 Α
2065 482 2162 538 per
2185 466 2456 522 lavacrum
2487 468 2788 537 regenerati
2816 469 3063 523 concives
3108 481 3237 525 suos
3262 467 3624 539 particulatim

413 556 781 613 abrenuntiare
806 556 995 622 velint,
1046 567 1108 611 ut
1133 559 1245 626 jam
1295 559 1500 628 pridem
1531 557 1751 613 fuerunt
1777 558 1962 613 admo-

411 651 527 705 niti.
560 649 803 718 Cumque
827 664 978 703 more
1003 649 1161 704 solito
1205 650 1702 706 abrenuntiavcrint
1726 693 1742 719 ,
1768 652 1965 708 iterum

405 740 471 794 de
491 739 594 795 fide
638 740 869 811 symboli
897 741 1241 797 sciscitantur
1265 784 1281 811 ,
1314 752 1371 798 et
1420 759 1541 799 cum
1568 759 1667 814 per
1717 743 1962 800 ordinem

397 832 576 886 omnia
610 840 762 887 recte
809 834 1206 902 responderint.
1232 833 1385 903 juxta
1416 835 1776 907 integritatem
1816 835 1961 890 illius

398 921 709 991 sesymboli
758 922 1000 989 credere,
1029 918 1108 978 sic
1131 924 1190 993 in
1220 925 1433 979 nomine
1492 935 1691 982 sanctae
1725 925 1961 981 Trinita-

396 1011 469 1068 tis
499 1013 640 1068 trina
684 1015 1059 1071 submersione
1109 1017 1473 1087 baptizantur.
1506 1018 1573 1073 Et
1599 1027 1749 1074 recte
1794 1019 1960 1075 homo

395 1102 489 1173 qui
520 1103 589 1158 ad
620 1096 907 1175 imaginem
936 1115 1135 1162 sancta:
1155 1105 1433 1165 Trinitatis
1460 1109 1709 1166 conditus
1731 1118 1834 1178 est,
1859 1127 1961 1181 per

394 1194 795 1250 invocationem
821 1197 1014 1252 iterum
1061 1206 1260 1253 sancta:
1294 1199 1574 1254 Trinitatis
1599 1200 1668 1255 ad
1711 1202 1959 1257 eamdem

392 1294 691 1341 renovatur
717 1286 1034 1359 imaginem;
1069 1296 1127 1344 et
1172 1290 1268 1360 qui
1315 1290 1477 1346 tertio
1500 1278 1501 1285 “
1527 1291 1696 1363 gradu
1724 1294 1956 1362 peccati,

390 1373 446 1428 id
471 1383 578 1439 est,
601 1392 872 1433 consensu
889 1420 905 1445 ,
939 1380 1136 1436 cecidit
1161 1381 1216 1436 in
1247 1391 1498 1450 mortem,
1532 1385 1691 1440 tertio
1717 1384 1959 1442 elevatus

391 1466 461 1523 de
498 1467 646 1525 fonte
669 1484 771 1540 per
798 1473 1027 1543 gratiam
1050 1474 1289 1545 resurgit
1323 1475 1390 1531 ad
1418 1475 1607 1530 vitam.

464 1556 595 1612 Vill.
640 1559 793 1616 Tunc
831 1556 973 1618 albis
1023 1563 1317 1620 induuntur
1361 1566 1693 1622 vestimentis
1738 1568 1959 1638 propter

389 1649 645 1721 gaudium
701 1656 1143 1724 regenerationis,
1176 1658 1244 1712 ad
1291 1656 1779 1728 praefigurationem
1833 1660 1958 1716 vita:

390 1738 664 1809 angelicae,
692 1751 752 1796 ut
780 1740 1021 1811 ejusdem
1047 1744 1331 1814 splendore
1370 1748 1709 1804 decorentur.
1741 1749 1957 1805 Candor

2063 558 2257 625 adhuc,
2290 566 2348 613 ut
2366 565 2590 628 queunt,
2614 558 3347 630 inchoantimitari,quoruut
3377 559 3431 613 in
3463 567 3623 615 teter-

2062 665 2191 703 num
2211 649 2369 719 beato
2387 648 2732 719 perfruantur
2755 650 3047 704 consortio.
3075 649 3224 704 Tunc
3256 665 3411 704 sacro
3446 650 3621 705 chris-

2061 749 2206 798 male
2251 741 2425 810 capita
2446 748 2834 812 perunguntur,
2856 748 2911 795 et
2940 740 3166 811 mystico
3194 748 3450 811 teguntur
3478 739 3624 795 vela-

2060 833 2226 899 mine,
2264 840 2324 887 ut
2358 831 2655 903 intelligant
2691 846 2750 887 se
2792 831 3131 887 diadematici
3161 832 3311 904 regni
3355 839 3413 887 et
3442 847 3624 887 sacer-

2060 922 2191 978 dotii
2229 922 2543 993 dignitatem
2575 929 2918 991 portaturos;
2955 919 3152 977 talibus
3193 921 3337 976 enim
3371 936 3470 991 per
3496 921 3626 976 bea-

2061 1021 2173 1068 tum
2228 1013 2526 1082 apostolum
2576 1011 2794 1067 Petrum
2856 1011 3099 1067 dicitur:
3136 1010 3239 1066 Vos
3288 1012 3421 1067 estis
3456 1028 3618 1082 genus

2058 1102 2297 1168 electum,
2322 1103 2492 1175 regale
2512 1102 2877 1158 sacerdotium.
2903 1101 3141 1173 Corpore
3163 1101 3395 1171 denique
3415 1112 3471 1157 et
3494 1118 3619 1157 san-

2058 1193 2218 1265 guine
2242 1193 2520 1247 Dominico
2567 1190 2977 1259 conﬁrmantur,
2998 1200 3060 1247 ut
3104 1191 3246 1246 illius
3273 1192 3385 1247 sint
3427 1192 3620 1262 capitis

2058 1284 2297 1339 membra
2325 1323 2340 1348 ,
2375 1282 2465 1352 qui
2495 1297 2593 1352 pro
2626 1283 2781 1338 nobis
2816 1298 3010 1352 passus
3061 1292 3147 1339 est
3199 1291 3255 1339 et
3285 1283 3616 1338 resurrexit:

2056 1375 2383 1433 manducant
2415 1375 2559 1430 enim
2618 1383 2674 1430 et
2710 1376 2902 1431 bibunt
2954 1375 3187 1446 pretium
3238 1374 3624 1445 redemptionis

2055 1476 2295 1526 nostra:
2329 1467 2507 1540 Empti
2527 1469 2664 1524 enim
2696 1470 2843 1532 estis,
2871 1468 2949 1523 ait
2982 1468 3305 1539 praedicator
3352 1466 3619 1538 egregius,

2053 1565 2218 1634 pretio
2242 1579 2428 1634 magno
2452 1579 2474 1629 ;
2502 1561 2793 1634 gloriﬁcate
2828 1571 2876 1618 et
2899 1570 3104 1633 portate
3135 1560 3303 1615 Deum
3327 1560 3384 1614 in
3407 1575 3621 1630 corpore

2054 1665 2157 1711 υεει
2163 1671 2241 1710 νο.

2122 1745 2426 1801 Novissime
2444 1758 2543 1814 per
2561 1744 2952 1815 impositionem
2995 1758 3190 1799 manus
3234 1758 3267 1797 a
3295 1756 3508 1798 summo
3532 1756 3619 1797 sa-

391 1828 592 1884 etenim
618 1830 850 1887 vestium
881 1834 1133 1904 gaudium
1158 1839 1605 1894 commorantium
1642 1840 1696 1895 in
1722 1840 1811 1896 illa
1841 1855 1955 1897 coe-
1982 1837 2030 1896 B
2057 1836 2274 1891 cerdote
2314 1835 2644 1906 septiformis
2691 1836 2879 1907 gratia:
2932 1835 3190 1906 Spiritum
3220 1834 3490 1905 accipiunt
3515 1851 3532 1902 ;
3560 1841 3621 1889 ut

385 1918 510 1974 lesti
544 1919 847 1979 Jerusalem
902 1929 1130 1996 mystice
1182 1929 1577 2001 prmflguratur,
1624 1933 1764 1987 sicut
1802 1933 1954 1990 Isaiae

386 2004 648 2061 vaticinia
687 2007 1028 2078 perhibetur:
1067 2010 1188 2066 Illic
1225 2014 1364 2067 enim
1402 2025 1810 2083 commorantur,
1850 2017 1950 2083 ait,

383 2094 553 2161 millia
580 2096 894 2153 lcetantium.
939 2098 1027 2156 Ad
1070 2111 1327 2158 aeternam
1370 2104 1515 2159 enim
1560 2104 1950 2162 beatitudinem

2053 1926 2379 1981 roborentur
2414 1940 2513 1996 per
2540 1925 2803 1997 Spiritum
2849 1933 3095 1980 sanctum
3120 1925 3189 1980 ad
3221 1924 3618 1995 prmdicandum

2053 2015 2173 2071 aliis
2201 2016 2293 2087 qui
2340 2015 2559 2071 fuerunt
2588 2017 2643 2071 in
2670 2015 2936 2087 baptismo
2962 2030 3062 2085 per
3103 2015 3332 2086 gratiam
3362 2013 3471 2069 vita
3517 2010 3625 2069 do?

2050 2108 2166 2163 nati
2195 2121 2419 2165 aeterna.

383 2251 3619 2313 ᾔ

1613 2427 1784 2472 ANNO
1825 2427 2057 2475 DOMINI
2095 2430 2361 2476 DCCCXL.

1374 2606 2630 2800 CANDIDUS

1586 2906 1969 2966 FULDENSIS
2002 2898 2398 2969 MONACHUS.

1051 3178 1483 3265 NOTITIA
1556 3178 1955 3258 HISTOR’]

2050 3182 2104 3259 Α
2176 3178 2285 3258 ΙΝ
2360 3179 2924 3260 CANDIDUM.

1557 3331 1792 3395 (Fabric,
1816 3333 1940 3384 Bibl.
1964 3335 2096 3386 med.
2122 3340 2177 3387 et
2197 3335 2283 3387 inf.
2303 3334 2435 3398 ιιι.)

450 3550 718 3632 gandidus
744 3501 1050 3632 Euideésis,
1080 3547 1314 3632 scriptor
1341 3551 1474 3632 Vita:
1523 3553 1693 3632 sancti
1734 3552 1941 3632 Eigilis,
1968 3568 2016 3632 α
2045 3551 2419 3632 nullandicavit
2436 3552 2578 3608 circa
2601 3568 2796 3632 annum
2819 3552 3381 3632 7tl01‘Scripsitftiam
3400 3554 3608 3632 Caudi:

383 3626 436 3679 in
454 3607 884 3691 'Antiquitatibus
912 3607 1151 3675 Brotveri
1180 3607 1532 3677 Fuldensibus
1562 3624 1722 3678 etiam
1751 3607 1940 3689 cliviae,

2047 3622 2452 3696 dusfuldensis
2477 3623 2793 3696 opusculum
2835 3625 2902 3696 de
2925 3622 3177 3680 Passieno
3205 3624 3436 3690 Domini,
3462 3627 3607 3696 quod

384 3690 675 3766 monachus
698 3698 817 3766 erat
854 3690 1224 3766 circa‘annum
1252 3690 1375 3766 822.
1407 3691 1767 3766 Diversusest
1794 3693 1862 3748 ab
1877 3708 1944 3748 eo
2049 3693 2216 3766 edidit
2244 3692 2436 3750 Pczius
2473 3690 2581 3761 t.'l,
2618 3711 2672 3766 p.
2699 3693 2822 3760 259,
2854 3695 3112 3751 Thesauri
3136 3695 3408 3751 novissimi
3435 3690 3613 3752 Anco-

382 3764 618 3819 Caudido
647 3762 961 3833 presbytero
1008 3761 1063 3815 in
1091 3759 1385 3828 Britannia,
1419 3763 1503 3818 cui
1527 3762 1784 3820 Alcuinus
1812 3780 1943 3819 non-

2049 3764 2318 3821 dotorum.

1425 4079 1672 4159 VlTA
1746 4077 2111 4158 SANCTI
2180 4078 2564 4189 _EIGILIS

1597 4273 1897 4318 PROSAICA
1940 4274 2019 4318 ET
2058 4275 2296 4320 METBIC
2306 4277 2363 4325 Δ,

1369 4394 1641 4457 Auctore
1668 4394 1948 4458 Candida
1974 4396 2276 4460 Γαιάοηεί
2305 4401 2621 4464 monacho.

1286 4538 1492 4620 (Vide
1543 4490 1910 4618 Patrologire
1961 4544 2114 4602 tom.
2155 4540 2292 4616 CV,
2337 4540 2460 4605 col.
2509 4541 2699 4628 377.)

386 4700 3586 4732 mw

1612 4830 2388 4953 CANDIDI
2718 4950 2723 4957 .

744 5068 1580 5186 OPUSCULUM
1662 5071 1843 5181 DE
1924 5068 2593 5188 PASSIONE
2678 5077 3122 5194 DOMIN
3142 5085 3225 5195 Ι.

1451 5270 1611 5335 (Pez.,
1627 5269 1906 5322 Thesanrus
1928 5273 2103 5323 noviss.
2128 5271 2531 5341 Aneedotorum.)

959 5488 1351 5548 PREFATIO.

1964 5492 2017 5551 D
2042 5486 2372 5568 unigenitum
2420 5500 2632 5555 mittere
2660 5500 2714 5554 in
2741 5501 2882 5556 hunc
2926 5500 3180 5555 mundum
3210 5502 3458 5574 dignatus
3483 5514 3594 5575 est;

453 5587 647 5642 Notum
672 5593 758 5641 est
804 5585 981 5651 vobis,
1011 5584 1204 5640 fratres
1231 5585 1549 5651 charissimi,
1579 5595 1636 5643 et
1667 5586 1935 5658 frequenti
2043 5587 2134 5652 qui
2162 5587 2212 5640 ei
2241 5601 2450 5659 semper
2475 5600 2774 5646 coaeternus
2810 5596 2865 5643 et
2900 5590 3320 5661 coomnipotens,
3348 5596 3499 5664 quasi
3527 5597 3595 5652 ad

381 5680 557 5739 sancti
578 5679 848 5753 Evangelii
870 5680 1099 5736 lectione
1124 5688 1476 5749 compertum,
1499 5681 1640 5751 quod
1662 5682 1801 5737 Deus
1823 5696 1938 5737 om-

2044 5694 2142 5735 nos
2164 5680 2346 5737 venire
2391 5682 2607 5748 dicitur,
2639 5698 2757 5759 cum
2788 5683 3076 5738 humanam
3126 5695 3371 5743 naturam
3401 5689 3591 5759 induit,

382 5773 632 5844 nipotens
675 5788 772 5843 pro
823 5772 993 5829 salute
1036 5772 1255 5828 humani
1290 5772 1499 5845 generis
1544 5772 1740 5829 Filium
1782 5788 1938 5829 suum
2039 5773 2246 5832 ctutab
2267 5773 2567 5831 hominibus
2598 5774 2766 5832 videri
2809 5776 3090 5848 potuisset,
3139 5782 3445 5850 assumpsit.
3496 5782 3593 5837 Est
