4008 6206
386 323 458 383 59
1473 312 1742 369 CANDlDl
1774 311 2156 370 FULDENSIS
2194 312 2497 372 nomen]
2736 275 2751 287 ’
3414 308 3439 327 ‘
3534 323 3603 378 eo

384 432 553 509 enim,
606 429 819 501 fratres,
858 425 1033 507 divina
1070 434 1262 505 natura
1314 425 1617 491 invisibilis,
1647 434 1703 480 et
1744 425 1949 486 incom-
1974 442 2026 489 Α
2052 427 2330 486 Matthaeus
2383 430 2607 498 scilicet,
2631 441 2683 487 et
2713 432 2943 500 Marcus,
2969 443 3021 491 et
3048 434 3237 502 Lucas,
3265 445 3321 493 et
3350 438 3603 507 Joannes,

385 504 782 594 prehensibilis.
813 526 868 572 et
906 504 1104 586 ubique
1128 504 1259 570 tota.
1293 515 1406 570 lloc
1433 523 1517 569 est
1541 531 1669 586 ergo
1691 516 1832 587 quod
1858 530 1953 570 vo—

386 615 472 669 bis
498 612 726 669 dicimus
766 609 894 663 :llle
922 608 977 661 in
1024 620 1122 661 sua
1168 614 1360 660 natura
1389 606 1569 662 divina
1614 608 1809 676 ubique
1832 614 1947 673 est;

386 704 584 759 dicitur
609 710 785 754 autem
815 698 1000 753 venire
1026 698 1092 749 ad
1135 712 1233 750 nos
1262 694 1315 749 in
1354 697 1496 751 hunc
1524 697 1803 763 mundum,
1830 710 1953 751 cum

389 796 677 861 humanam
714 798 958 855 naturam
1006 772 1197 854 induit,
1232 795 1291 841 ut
1318 772 1504 842 lvideri
1536 787 1817 859 potuisset.
1849 783 1955 841 Na-

386 896 476 942 tus
514 891 596 945 est
620 866 767 961 ergo,
796 890 854 937 ut
877 868 1045 945 scitis,
1096 896 1163 934 ex
1202 889 1390 935 sancta
1420 874 1630 949 virgine
1677 878 1843 933 Maria
1868 879 1953 934 his

390 958 693 1031 novissimis
725 973 1071 1051 temporibus,
1096 972 1188 1041 qui
1220 958 1345 1025 ante
1391 969 1585 1025 saecula
1610 984 1678 1024 ex
1706 969 1816 1025 Deo
1844 968 1951 1023 Pa-

390 1079 473 1123 tre
520 1054 694 1135 natus,
727 1048 873 1120 Patri
918 1048 999 1119 est
1042 1073 1096 1118 et
1150 1062 1377 1134 Spiritui
1424 1070 1610 1118 sancto
1636 1071 1950 1118 coaeternus.

393 1146 562 1231 Natus
608 1168 709 1225 est,
743 1140 981 1227 inquam,
1013 1140 1304 1235 secundum
1349 1155 1753 1221 humanitatem,
1784 1155 1873 1225 qui
1900 1154 1956 1208 in

392 1251 671 1319 divinitate
704 1263 916 1320 semper
952 1263 1018 1302 ex
1049 1247 1157 1301 Deo
1185 1254 1345 1323 natus
1390 1256 1491 1301 est.
1522 1246 1604 1301 Ad
1646 1247 1749 1301 hoc
1775 1256 1956 1301 autem

398 1348 554 1393 natus
586 1347 647 1409 ut
680 1328 927 1417 homines
952 1351 1048 1391 suo
1092 1335 1335 1417 exemplo
1363 1342 1417 1390 et
1444 1335 1607 1390 verbo
1636 1336 1869 1401 doceret,
1902 1342 1958 1389 et

394 1429 481 1482 via
519 1437 661 1483 esset
682 1410 928 1481 omnibus
955 1410 1297 1481 credentibus
1331 1425 1400 1480 ad
1432 1441 1653 1497 regnum
1678 1424 1954 1482 caelorum.

396 1519 473 1573 ita
505 1519 624 1573 dico
650 1518 754 1582 via,
786 1517 908 1587 quia
936 1503 1075 1593 sicut
1119 1532 1214 1587 per
1238 1518 1400 1587 viam,
1427 1517 1517 1589 ita‘
1540 1516 1694 1572 nobis
1720 1514 1818 1589 per
1844 1517 1960 1589 ejus

399 1610 699 1665 doctrinam
746 1596 807 1663 et.
846 1600 1088 1678 exempla
1132 1594 1452 1664 veniendum
1500 1604 1582 1665 est
1624 1602 1694 1664 ad
1736 1626 1958 1683 regnum

394 1700 674 1755 caelorum.
705 1701 863 1754 Venit
899 1700 1061 1770 igitur
1088 1699 1254 1755 Filius
1296 1702 1391 1756 Dei
1426 1708 1485 1773 ut
1513 1701 1761 1769 doceret;
1788 1704 1957 1768 venit,

2049 516 2329 603 historiam
2358 521 2513 577 nobis
2539 521 2826 580 Dominica:
2844 527 3128 595 passionis,
3157 544 3265 598 quo
3284 531 3471 586 ordine
3487 548 3606 603 pcr‘

2050 620 2169 667 acta
2203 602 2425 681 fuisset,
2454 627 2711 689 enarrant
2741 638 2753 671 :
2784 614 2877 674 sed
2906 619 3030 689 quia
3062 620 3278 691 longum
3304 630 3387 676 est
3422 622 3606 679 unius-

2049 701 2303 774 cujusque
2324 719 2511 760 eorum
2561 706 2722 761 verba
2746 722 2843 778 per
2869 709 3111 784 ordinem
3137 710 3315 766 omnia
3332 694 3494 767 vobis
3514 693 3607 767 es-

2048 795 2270 865 plicare,
2293 797 2533 852 omnium
2575 807 2803 869 quatuor
2852 800 3010 876 simul
3053 801 3224 868 vobis,
3272 805 3422 873 quasi
3451 786 3609 859 unius

2050 887 2238 963 verba,
2272 887 2577 967 passionem
2613 879 2946 966 Dominicam
2973 906 3227 948 enarrare
3270 893 3614 967 breviterque

2052 976 2339 1057 explanare
2360 981 2606 1037 volumus

2551 1095 2775 1152 CAPUT
2811 1095 3097 1173 PRIMUM.

2056 1202 2261 1259 renus
2312 1200 2576 1259 rassmms
2612 1203 2797 1259 bonum
2835 1201 3167 1243 OltthABlLlS
3215 1203 3315 1259 run
3365 1203 3609 1252 ousruon

2327 1254 2334 1273 ‘
2638 1254 3047 1331 evsncsL‘tsrAs.
3262 1256 3267 1263 ί

2125 1344 2280 1401 Sicut
2323 1345 2487 1417 igitur
2522 1342 2868 1419 evangelistis
2892 1345 3234 1421 narrantibus
3278 1347 3614 1418 agnovimus,

2056 1451 2178 1493 cum
2225 1448 2646 1493 consummasset
2676 1435 2831 1492 Jesus
2877 1451 3154 1493 sermones
3203 1434 3459 1492 doctrina:
3492 1430 3616 1494 sure

2057 1529 2205 1584 omni
2257 1528 2452 1599 populo
2501 1528 2727 1584 dicendo
2773 1514 2795 1583 τ’
2838 1526 2967 1605 Cum
3022 1527 3285 1605 dilexisset
3331 1528 3482 1594 suos,
3524 1510 3617 1603 qui

2057 1614 2203 1695 erant
2229 1620 2283 1674 in
2308 1619 2523 1697 mundo,
2546 1618 2599 1672 in
2628 1616 2783 1689 ﬁnem
2807 1619 2989 1673 dilexit
3014 1635 3120 1672 eos.
3146 1618 3212 1672 Et
3237 1617 3366 1672 dixit
3391 1606 3619 1673 disciv'u-

2059 1710 2123 1765 lis
2148 1711 2256 1765 suis
2283 1726 2300 1766 :
2322 1709 2479 1766 Scitis
2506 1711 2630 1783 quia
2648 1720 2759 1782 post
2783 1709 2995 1764 biduum
3011 1702 3215 1787 Pascha
3237 1708 3346 1778 ﬁet,
3371 1718 3419 1763 et
3445 1700 3619 1785 ilius

396 1801 477 1865 ut,
517 1778 637 1865 qute
673 1790 871 1856 docuit,
917 1790 1190 1862 impleret;
1246 1792 1447 1878 docuit,
1494 1784 1957 1865 utunusquisque
1985 1778 2031 1836 Β
2058 1794 2280 1858 hominis
2326 1778 2562 1858 tradetur
2598 1778 2657 1857 ut
2695 1782 3615 1878 cruciﬁgatur(Joa'n‘.‘1ttri;Mattlt.

400 1884 559 1937 homo
581 1882 825 1953 diligeret
847 1883 1036 1948 Deum,
1051 1891 1106 1937 et
1128 1874 1371 1954 diligeret
1393 1880 1699 1954 prosimum
1722 1888 1860 1942 sicut
1878 1903 1963 1959 se-

398 1972 591 2042 ipsum.
638 1970 728 2027 Ille
772 1987 982 2042 semper
1029 1973 1195 2029 Deum
1240 1966 1512 2047 diligebat,
1558 1987 1613 2032 et
1653 1970 1825 2049 diligit
1872 1978 1962 2047 ille

397 2064 692 2133 proximos,
724 2064 778 2118 id
823 2072 904 2119 est
934 2064 1116 2121 ﬁdeles
1143 2067 1370 2134 animas,
1394 2060 1529 2139 quas
1559 2069 1661 2141 sibi
1689 2070 1963 2141 proximas

400 2153 561 2222 fecit;
591 2155 718 2224 quia
746 2156 1037 2211 humanam
1065 2158 1299 2213 animam
1323 2158 1389 2213 ad
1417 2160 1678 2215 unitatem
1706 2155 1825 2217 sua!
1842 2154 1963 2233 per-

402 2264 548 2307 sonas
574 2251 904 2319 assumpsit:
931 2251 1142 2318 dilexit,
1189 2253 1431 2324 inquam,
1480 2256 1877 2328 prosimosaita,
1905 2264 1966 2329 ut

400 2338 637 2409 seipsum
666 2355 763 2409 pro
806 2339 917 2394 suis
972 2339 1229 2397 fratribus
1261 2350 1316 2396 et
1342 2342 1602 2411 proximis
1639 2343 1708 2398 ad
1734 2352 1962 2400 mortem

404 2430 658 2485 traderet.
716 2429 854 2485 Nam
899 2431 1053 2487 aliter
1094 2432 1383 2487 humanum
1429 2449 1599 2505 genus
1651 2434 1724 2494 ab.
1759 2445 1962 2496 aeterna

402 2527 576 2575 morte
601 2520 793 2575 redimi
815 2536 922 2576 non
949 2523 1141 2591 potuit,
1162 2523 1265 2578 nisi
1296 2532 1356 2578 ut
1376 2522 1567 2594 aliquis
1591 2525 1845 2580 innocens
1864 2542 1962 2597 pro

404 2610 654 2667 omnibus
683 2621 1002 2668 moreretur.
1030 2612 1135 2668 Sed
1161 2614 1285 2684 quia
1315 2623 1437 2691 post
1467 2616 1962 2701 prmyaricatiepem

405 2703 700 2773 primorum
736 2704 1012 2759 hominum
1062 2705 1240 2760 nullus
1265 2720 1329 2760 ex
1354 2694 1554 2791 viro'et
1587 2694 1785 2795 femiqa
1808 2694 1963 2795 natqs

409 2725 700 2773 pl'llllUl'llIll
736 2725 1012 2759 nominum
1062 2725 1240 2760 nuuus
1265 2725 1329 2760 CX
1354 2725 1471 2783 γιςο
1499 2725 1554 2791 ςι
1587 2725 1962 2850 181111Ἣᾶιῇ

409 2792 661 2848 innocens
684 2795 951 2863 apparuit,
980 2794 1101 2851 ideo
1124 2795 1265 2850 Deus
1305 2794 1590 2859 FiliusDei
1625 2809 1691 2851 ex
1716 2812 1775 2851 so
1854 2792 1962 2850 vir;

406 2884 527 2957 gine
555 2893 713 2941 natus
734 2886 990 2943 innocens
1015 2895 1070 2942 et
1094 2887 1213 2942 sine
1248 2895 1467 2957 peccato
1497 2888 1552 2942 in
1576 2887 1774 2969 mundo
1794 2902 1961 2973 app?-

412 2977 550 3043 ruit;
574 2986 635 3031 ut
660 2992 757 3047 pro
778 2977 958 3033 multis
981 2979 1349 3048 peccatoribus
1373 2994 1508 3033 unus
1533 2970 1961 3034 moreretur‘nOn

318 3114 321 3117 λ
407 3076 675 3139 peccator,
707 3068 801 3123 sed
826 3080 1168 3137 peccatorum
1217 3070 1539 3139 redemptor.
1580 3069 1692 3125 Hoc
1715 3083 1844 3142 ergo
1877 3086 1964 3126 sa-

408 3168 739 3213 cramentum
771 3159 1058 3214 Dominicae
1081 3160 1346 3230 passionis
1398 3162 1555 3216 modo
1595 3169 1803 3233 tempus
1833 3161 1964 3225 illud
1989 3159 2011 3217 ‘.

404 3251 631 3322 agimus,
661 3266 767 3320 quo
797 3249 995 3305 factum
1017 3265 1136 3305 esse
1163 3251 1377 3323 legitur.
1407 3251 1497 3307 Sic
1517 3252 1659 3306 enim
1681 3238 1817 3307 solet
1839 3267 1963 3307 san-

405 3351 493 3395 cta
524 3340 619 3395 Dei
667 3339 902 3395 Ecclesia
946 3341 1191 3396 omnibus
1233 3341 1388 3395 annis
1415 3342 1729 3403 memoriam
1760 3342 1964 3412 passio-

406 3435 493 3488 nis
513 3431 770 3500 ejusdem,
792 3448 896 3500 qua
919 3433 1147 3487 mundus
1161 3432 1228 3487 ab
1246 3442 1445 3488 aeterna
1467 3440 1639 3488 morte
1658 3434 1964 3503 redemptus

409 3529 515 3589 est,
552 3520 860 3576 solemniter
884 3536 1065 3591 agere,
1116 3536 1278 3591 seque
1304 3522 1459 3595 bonis
1504 3522 1776 3594 operibus,
1802 3532 1865 3577 ut
1896 3522 1964 3577 ad

409 3611 816 3666 resurrectionis
844 3608 959 3678 ejus
1012 3611 1340 3689 consortium
1368 3596 1641 3680 pertinere
1669 3620 1962 3689 mereatur,

405 3716 740 3772 pratparare;
765 3702 908 3771 quod
950 3702 1004 3757 in
1052 3703 1198 3760 omni
1238 3688 1456 3777 quidem
1486 3711 1738 3773 tempore.
1766 3688 1860 3759 sed
1907 3702 1964 3767 in

411 3794 513 3847 boc
542 3792 881 3847 devotissime
903 3792 1163 3862 agendum
1193 3800 1295 3848 est.
1329 3791 1495 3861 Igitur
1522 3792 1821 3857 audiamus,
1849 3792 1963 3847 fra-

414 3893 548 3950 tres,
596 3885 801 3939 intento
835 3885 994 3940 corde
1027 3893 1081 3939 et
1108 3893 1286 3939 mente
1318 3884 1527 3949 devota,
1557 3885 1823 3956 quomodo
1852 3884 1964 3954 ipse

407 3972 665 4029 Dominus
695 3983 878 4028 noster
923 3974 989 4028 ad
1034 3973 1177 4028 hanc
1226 3988 1323 4043 pro
1350 3981 1533 4028 nostra
1572 3972 1744 4028 salute
1788 3973 1960 4028 susci-

406 4061 657 4133 piendam
702 4062 1007 4130 passionem
1035 4063 1220 4117 venire
1267 4062 1518 4130 dignatus
1561 4069 1673 4124 est;
1711 4070 1767 4117 et
1804 4076 1963 4131 quam

414 4154 682 4226 patienter
706 4155 808 4209 sibi
834 4154 1033 4208 illatam
1074 4154 1344 4218 toleraret,
1380 4155 1638 4224 qualeque
1663 4153 1963 4224 exemplum

408 4248 680 4318 patientia:
714 4246 826 4300 suis
854 4245 1095 4300 ﬁdelibus
1138 4245 1373 4314 praebere
1403 4245 1483 4317 (ut
1508 4262 1631 4300 eum
1676 4261 1962 4316 sequeren-

412 4336 519 4407 tur)
550 4337 794 4406 dignatus
839 4344 950 4401 est;
978 4344 1035 4389 ut
1060 4335 1144 4390 bis
1187 4336 1380 4390 auditis
1404 4343 1461 4390 et
1512 4320 1784 4391 memoria:
1814 4351 1965 4390 com-

413 4415 676 4481 mendatis
701 4424 966 4494 possimus
1006 4424 1115 4479 Deo
1155 4424 1449 4480 auxiliante
1474 4425 1543 4478 ad
1569 4425 1819 4494 gaudium
1846 4424 1963 4496 ejus

413 4514 823 4571 resurrectionis
848 4516 1042 4584 parati,
1072 4525 1128 4570 et
1154 4516 1306 4571 bonis
1331 4515 1580 4584 operibus
1614 4515 1834 4586 impleti,
1863 4532 1960 4571 au-

410 4607 659 4662 diendum
686 4606 984 4676 pervenire.
1031 4605 1092 4662 Si
1115 4607 1271 4673 enim,
1313 4606 1389 4661 ait
1425 4604 1731 4677 Apostolus,
1758 4610 1963 4678 compa-

412 4705 586 4765 timur,
617 4712 666 4756 et
688 4700 1207 4772 congloriﬁcabimur.
1236 4701 1323 4767 Et,
1365 4700 1409 4756 si
1437 4700 1711 4771 sequimur
1737 4703 1961 4774 vestigia

412 4795 604 4850 mortis
646 4793 779 4864 ejus,
808 4792 964 4846 simul
998 4799 1052 4847 et
1096 4792 1504 4847 resurrectionis
1534 4792 1821 4864 participes
1860 4795 1962 4849 eri-

410 4901 572 4948 mus;
610 4884 732 4953 quia
774 4882 821 4937 si
848 4883 967 4938 talis
1012 4884 1304 4939 necessitas
1346 4883 1602 4947 evenerit,
1628 4885 1812 4959 parati
1840 4864 1959 4959 esse

413 4977 668 5031 debemus
694 4974 828 5030 mori
854 4990 952 5044 pro
984 4974 1211 5039 Christo,
1239 4975 1377 5030 sicut
1400 4973 1489 5028 ille
1517 4988 1612 5043 pro
1636 4958 1787 5029 nabis
1816 4958 1958 5029 mor;

411 5077 535 5123 tuus
563 5074 664 5122 est.
696 5065 965 5130 Attamen,
1008 5065 1055 5118 si
1100 5081 1264 5133 usque
1315 5065 1382 5119 ad
1426 5072 1651 5120 mortem
1681 5081 1776 5121 nos
1801 5082 1959 5124 nemo

408 5159 767 5230 persequitur,
793 5165 972 5211 mente
1014 5167 1191 5213 tamen
1222 5157 1472 5211 debemus
1517 5158 1688 5226 parati
1717 5173 1857 5224 esse,
1897 5166 1958 5213 ut

409 5249 460 5303 ei
485 5249 922 5313 commoriamur,
954 5258 1012 5301 ut
1044 5254 1100 5301 et
1149 5246 1431 5302 convivere
1470 5263 1788 5327 mereamur.
1816 5248 1955 5319 Aga-

411 5352 530 5392 mus
554 5352 762 5408 semper
793 5338 991 5407 gratias
1034 5337 1225 5393 divina:
1251 5338 1454 5408 pietati,
1483 5352 1600 5406 qum
1629 5330 1830 5391 tantum
1860 5328 1957 5393 nos

408 5427 628 5499 diligere
647 5430 860 5499 dignata
881 5440 989 5500 est,
1027 5438 1083 5484 et
1110 5444 1217 5483 non
1246 5430 1418 5484 solum
1446 5429 1643 5495 verbis,
1672 5431 1764 5484 sed
1791 5430 1953 5484 etiam

408 5520 689 5583 mandatis,
714 5537 830 5591 qua:
859 5522 970 5591 ipse
996 5521 1264 5593 praecepit,
1295 5520 1577 5591 probemus
1606 5537 1704 5576 nos
1732 5536 1853 5575 eum
1878 5507 1961 5575 di:

410 5610 576 5681 ligere
621 5613 710 5681 qui
738 5614 887 5683 prius
910 5615 1104 5670 dilexit
1124 5630 1241 5681 nos,
1266 5623 1320 5668 et
1343 5613 1561 5669 tradidit
1607 5615 1951 5685 semetipsum

408 5719 506 5777 pro
534 5704 688 5763 nobis
733 5705 799 5761 ad
842 5717 1090 5765 mortem.
1129 5708 1269 5779 Ergo
1314 5716 1542 5777 quatuor
1585 5708 1948 5779 evangelistae,

2057 1889 2239 1965 xxvi);
2270 1884 2660 1957 consummata,
2698 1888 3036 1958 ut‘diximus,
3058 1890 3300 1948 doctrina
3328 1892 3619 1965 Evangelii,

2059 1997 2163 2051 qua
2214 1975 2378 2037 totam
2426 1982 2635 2051 plebem
2668 1983 2861 2037 docere
2891 1982 3175 2053 disposuit,
3198 1965 3623 2059 'pr'azdixit‘tuec

2059 2064 2355 2141 discipulis,
2380 2072 2521 2142 quod
2544 2087 2705 2142 prope
2731 2071 2920 2128 fuisset
2944 2064 3170 2139 Pascha,
3201 2072 3253 2128 id
3279 2065 3519 2144 eStzpost
3547 2072 3623 2127 bi-

2059 2155 2241 2228 duum,
2270 2160 2412 2233 quod
2448 2163 2604 2218 nobis
2640 2156 3040 2233 intelligendum
3088 2156 3326 2234 reliquit,
3370 2162 3623 2218 videlicet

2058 2260 2183 2329 post.
2203 2253 2339 2329 deos
2359 2252 2475 2331 dies
2509 2253 2643 2331 legis.
2670 2254 2952 2333 naturalis.
2984 2261 3043 2331 et.
3062 2253 3205 2332 legis
3222 2254 3433 2333 litteram
3461 2253 3627 2332 lenit.

2060 2343 2168 2408 ille,
2213 2351 2274 2397 ut
2312 2344 2468 2399 nobis
2512 2344 2642 2414 quid
2687 2343 2892 2400 Pascha
2928 2344 3118 2400 fuisset
3158 2344 3401 2415 exemplo
3441 2353 3624 2400 osten-

2060 2432 2240 2499 deret;
2285 2432 2489 2497 sciebat
2533 2434 2699 2501 enim,
2728 2434 2903 2506 inquit
2943 2434 3288 2507 evangelista,
3318 2436 3440 2507 quia
3488 2435 3625 2490 venit

2060 2524 2171 2593 ejus
2224 2524 2387 2590 hora,
2435 2535 2491 2579 ut
2540 2534 2772 2579 transeat
2823 2542 2886 2580 ea:
2932 2525 3029 2580 hoc
3078 2525 3273 2580 mundo
3315 2525 3382 2579 ad
3410 2523 3624 2578 Patrem

2062 2613 2243 2703 (ﬁcari.
2291 2614 2432 2687 xm).
2463 2615 2574 2701 ilop
2619 2616 2751 2687 ipsis
2796 2617 3071 2689 discipulis
3117 2616 3285 2673 voluit
3321 2616 3406 2671 his
3442 2616 3627 2671 verbis

2060 2684 2361 2801 oéienklctie,
2379 2684 2582 2807 seilice't
2603 2684 2744 2853 quod
2763 2684 3182 2765 Filius—hominis
3197 2707 3483 2762 tradendus
3505 2716 3628 2762 erat

2061 2799 2116 2853 in
2146 2807 2336 2853 manus
2384 2799 2603 2853 occiden
2632 2800 2738 2853 ium
2764 2814 2884 2853 eum
2904 2841 2920 2853 .
2948 2809 3005 2853 ut
3033 2810 3154 2853 post
3178 2807 3406 2853 mortem
3442 2808 3626 2853 trans-

2061 2799 2116 2853 in
2146 2799 2336 2854 manus
2384 2799 2738 2855 occidentium
2764 2814 2884 2855 eum
2904 2841 2920 2867 ,
2948 2809 3005 2855 ut
3033 2810 3154 2870 post
3178 2807 3406 2855 mortem
3442 2808 3626 2854 trans-

2061 2889 2164 2969 iret
2190 2889 2256 2965 ad
2304 2887 2539 2969 Patrem.
2566 2888 2773 2944 Pascha
2825 2891 2966 2945 enim
2999 2888 3272 2943 Trausitus
3302 2889 3627 2958 interpreta-

2063 2974 2168 3034 tur.
2193 2980 2332 3051 Ergo
2360 2970 2475 3050 ipée
2492 2979 2674 3035 verbis
2703 2980 2806 3035 illis
2833 2980 3070 3036 ostendit
3084 2980 3210 3051 quid
3232 2989 3375 3035 esset
3396 2978 3623 3040 Pascha,

2063 3071 2117 3125 id
2156 3079 2256 3136 est,
2286 3078 2354 3124 ut
2378 3070 2547 3125 Filius
2587 3070 2821 3125 hominis
2850 3071 3170 3136 traderetur,
3197 3077 3253 3125 et
3278 3068 3626 3139 cruciﬁgere-

2064 3168 2177 3253 tur,
2210 3169 2265 3229 et
2284 3176 2311 3225 a
2341 3168 2514 3236 morte
2542 3161 2800 3253 transiret
2824 3162 2893 3244 ad.
2918 3159 3157 3228 Patrem,
3192 3175 3316 3217 cum
3345 3175 3452 3231 quo
3480 3175 3624 3215 sem-

2062 3244 2300 3323 per'l'uit.
2414 3250 2419 3253 ’
2621 3242 2631 3253 ’
2792 3242 2797 3247 ’

2136 3343 2279 3411 Tunc
2308 3346 2601 3415 congregati
2629 3354 2748 3399 sunt
2794 3346 3050 3416 principes
3088 3345 3437 3410 sacerdotum,
3470 3353 3518 3397 et
3547 3360 3629 3398 se—

2063 3436 2232 3491 niores
2252 3437 2449 3506 populi,
2480 3438 2534 3491 in
2562 3438 2755 3491 atrium
2781 3438 3026 3509 principis
3048 3437 3393 3501 sacerdotum,
3417 3436 3505 3506 qui
3538 3435 3626 3487 di-

2063 3527 2275 3587 cebatur
2301 3525 2546 3597 Caiphas,
2574 3536 2624 3581 et
2650 3526 2921 3582 consilium
2958 3527 3191 3599 fecerunt,
3215 3537 3271 3597 ut
3292 3524 3472 3599 Iesum
3506 3523 3629 3577 dolo

2062 3626 2290 3670 tenerent
2326 3625 2374 3670 et
2418 3616 2726 3672 occiderent.
2765 3617 3013 3689 Dicebant
3051 3610 3267 3672 autem:
3300 3608 3421 3669 Non
3459 3616 3514 3668 in
3541 3612 3630 3669 die

2064 3692 2215 3778 festo,
2241 3688 2302 3761 ne
2330 3707 2462 3777 forte
2490 3708 2742 3771 tumultus
2762 3709 2906 3777 ﬁeret
2930 3692 3217 3778 in‘populo.
3250 3706 3328 3761 Illi
3354 3706 3629 3778 principes

2063 3796 2420 3862 sacerdotum,
2449 3806 2504 3853 et
2549 3798 2789 3852 seniores
2831 3797 3011 3867 populi
3056 3797 3384 3868 Iudaeorum,
3420 3796 3513 3866 qui
3555 3797 3630 3850 ad

2063 3886 2165 3941 hoc
2193 3886 2466 3941 constituti
2503 3896 2629 3942 sunt
2680 3896 2741 3942 ut
2787 3888 2955 3958 legem
2995 3888 3089 3943 Dei
3134 3889 3540 3952 meditarentur,
3567 3896 3629 3942 et

2061 3978 2255 4048 populo
2289 3980 2659 4048 praedicarent,
2694 3988 3036 4035 mutaverunt
3079 3978 3309 4035 cilicium
3361 3995 3536 4043 suum,
3564 3988 3624 4034 et

2062 4085 2121 4125 se
2151 4070 2218 4124 ad
2246 4071 2346 4126 hoc
2368 4068 2788 4141 congregabant,
2825 4078 2884 4124 ut
2906 4070 3131 4125 salutem
3177 4084 3326 4126 suam
3373 4085 3403 4125 a
3450 4083 3509 4126 se
3529 4085 3627 4123 au-

2063 4159 2288 4227 ferrent,
2313 4168 2368 4216 et
2391 4170 2647 4231 quantum
2685 4161 2751 4216 ad
2779 4161 2900 4216 illos
2942 4162 3263 4231 pertinebat,
3296 4161 3621 4217 occiderent.

2063 4251 2321 4309 Dicebant
2350 4261 2527 4308 autem
2556 4252 2659 4308 hoc
2687 4267 2793 4307 non
2837 4254 3098 4323 agendum
3133 4253 3186 4307 in
3215 4253 3300 4307 die
3333 4252 3488 4318 festo,
3518 4254 3624 4309 hoc

2061 4330 2143 4396 est
2185 4338 2421 4409 Paschte,
2450 4358 2519 4398 ne
2548 4343 2806 4399 tumultus
2851 4343 3004 4399 ﬁeret
3033 4344 3085 4398 in
3115 4344 3328 4413 populo.
3362 4343 3529 4414 Magis
3558 4344 3623 4399 ti-

2064 4424 2562 4501 m’ebantpopultim
2588 4447 2749 4501 quam
2794 4432 2960 4487 Deum
2985 4447 2999 4486 :
3027 4432 3232 4487 solebat
3276 4432 3418 4486 enim
3447 4432 3513 4487 ad
3534 4448 3622 4487 so—

2066 4522 2393 4599 lemnitatem
2418 4521 2638 4601 Pascha:
2667 4522 2949 4579 multitudo
2992 4522 3172 4594 populi
3195 4524 3485 4579 convenire
3510 4543 3523 4577 :
3553 4524 3621 4578 ti-

2066 4612 2281 4671 mebant
2306 4598 2485 4671 autem
2525 4598 2596 4669 ne
2643 4631 2762 4671 cum
2792 4616 3017 4685 populus
3045 4615 3252 4671 tolleret
3279 4616 3346 4671 de
3373 4616 3620 4671 manibus

2063 4722 2267 4762 eorum.
2298 4706 2407 4762 Sed
2434 4706 2650 4772 vellent,
2683 4706 2905 4771 nollent,
2937 4716 3145 4778 tempus
3197 4706 3325 4762 illud
3368 4724 3397 4761 a
3428 4706 3536 4760 Deo
3562 4716 3624 4760 et

2060 4797 2402 4876 prtulinitum,
2451 4806 2506 4852 ct
2545 4797 2700 4867 longe
2748 4805 2867 4850 ante
2913 4797 3311 4869 prazliguratum
3358 4803 3506 4861 erat,
3557 4804 3620 4849 ut

2063 4887 2273 4963 quando
2304 4882 2469 4963 agnus
2497 4887 2765 4956 paschalis
2810 4884 3075 4942 immolari
3122 4887 3347 4953 solebat,
3376 4887 3488 4956 ipse
3524 4902 3629 4940 ve-

2064 4993 2156 5031 rus
2174 4975 2355 5047 Agnus
2391 4976 2679 5029 adveniens
2706 4991 2805 5045 pro
2834 4976 2997 5030 totius
3024 4977 3208 5030 mundi
3252 4976 3618 5030 immolaretur

2061 5066 2251 5121 salute.
2272 5066 2389 5141 Ipse
2407 5065 2548 5121 enim
2572 5063 2757 5135 Agnus
2782 5066 2899 5141 Dei,
2916 5068 3007 5135 qui
3028 5067 3148 5141 tulit
3170 5074 3386 5136 peccata
3407 5066 3613 5132 mundi,

2061 5157 2175 5228 ipso
2227 5139 2455 5212 traditus
2501 5165 2586 5211 est
2632 5139 2850 5225 propter
2898 5139 3107 5215 delicta;
3134 5142 3334 5212 nostra.
3367 5155 3618 5211 Traditur

2061 5260 2237 5306 autem
2266 5252 2381 5323 ejus
2409 5250 2508 5317 fuit
2530 5265 2667 5313 unus
2711 5265 2777 5305 ex
2806 5250 2910 5305 illis
2939 5251 3241 5319 duodecim,
3267 5264 3400 5319 quos
3432 5248 3610 5319 elegit,

2061 5330 2331 5410 discipulis
2362 5357 2375 5393 :
2401 5332 2522 5394 nam
2542 5328 2607 5393 ut
2630 5337 2863 5394 Joannes
2890 5340 3213 5410 evangelista
3241 5341 3354 5393 ait:

2668 5430 2893 5486 CAPUT
2929 5430 2992 5484 n.

2131 5522 2238 5577 Sea:
2276 5521 2453 5575 diebus
2500 5531 2618 5575 ante
2652 5519 2857 5575 Pascha
2903 5521 3035 5575 venit
3083 5518 3236 5574 Iesus
3282 5520 3612 5590 Bethaniam,

2061 5613 2147 5666 ubi
2173 5622 2281 5667 erat
2312 5610 2544 5665 Lazarus
2586 5622 2839 5675 mortuus,
2867 5624 3016 5681 quem
3043 5611 3306 5665 suscitavit
3342 5610 3514 5665 Iesus.
3539 5608 3613 5666 Et

2057 5704 2287 5774 fecerunt
2322 5701 2366 5756 ei
2395 5716 2588 5755 aeuum
2614 5700 2685 5755 ibi
2713 5701 2765 5755 in
2789 5698 2942 5755 doma
2972 5697 3196 5765 Simonis
3226 5698 3498 5766 cujusdam
3535 5696 3612 5751 le-
