4008 6206
224 379 281 433 6i
1219 368 1636 439 OPUSCULUM
1672 369 1761 431 DE
1797 366 2137 425 PASSIONE'
2163 365 2422 435 DOMI'NJ.

3362 373 3433 431 62

224 486 393 559 ρωδὶ,
413 495 460 541 α
484 482 681 539 Martha
729 497 885 537 soror
924 478 1119 555 [λωιγί
1165 479 1518 547 ministrabat,
1544 477 1785 547 Lazarus
1805 478 1861 541 Α
1882 478 1941 544 ἰη
1972 493 2176 545 omnem
2235 486 2425 539 terram
2450 475 2607 549 exivit
2640 492 2797 531 sonus
2825 493 3003 533 eorum
3051 478 3223 550 (Psal.
3252 486 3429 554 xvut).
3466 508 3471 512 δ

230 596 352 636 vero
371 580 471 648 ipse
488 591 608 629 unus
634 581 746 629 erat
772 589 839 627 ea:
864 570 1301 627 discumbentibus
1328 587 1445 625 cum
1481 587 1560 625 eo.
1596 569 1782 623 Acces-

231 673 297 729 sit
320 682 481 725 autem
521 665 691 722 Maria
714 682 871 719 soror
902 664 1019 739 ejus
1046 663 1229 719 altera.
1271 672 1320 716 et
1365 663 1562 743 accepit
1594 661 1782 717 libram

234 761 470 832 unguenti
490 759 640 813 nardi
663 757 841 828 pistici
868 755 1099 827 pretiosi,
1125 763 1173 809 et
1207 754 1355 808 unxit
1377 762 1530 822 caput
1558 760 1606 806 et
1630 751 1784 823 pedes

227 854 349 908 Iesu
379 850 736 915 recumbentis,
771 857 819 903 et
844 847 1056 920 extersit
1083 844 1282 916 capillis
1321 843 1431 899 suis
1469 843 1621 912 pedes
1643 841 1782 911 ejus,

227 957 271 1017 et
295 945 479 997 domus
523 939 732 1011 impleta
756 948 832 993 est
885 955 950 993 ea:
986 937 1142 991 odore
1169 930 1416 1015 unguenti
1459 932 1639 1005 (Joan.
1662 931 1781 1003 xu).

228 1035 439 1089 Fratres
458 1030 584 1097 mei,
611 1031 717 1085 ista
740 1045 897 1099 omna
923 1028 1071 1093 facta.
1093 1034 1197 1093 est,
1220 1025 1360 1081 sicut
1391 1023 1522 1089 dixi,
1548 1038 1639 1079 sex
1668 1022 1783 1078 die-

230 1130 318 1184 bus
363 1134 489 1182 ante
518 1124 725 1180 Pascha
756 1143 771 1177 :
802 1122 901 1179 sed
941 1121 1007 1193 ad
1035 1121 1139 1174 hoc
1164 1117 1316 1191 vobis
1362 1115 1523 1171 modo
1568 1114 1781 1181 dicitur,

232 1230 282 1273 ut
306 1218 494 1273 sciatis
518 1213 791 1285 quomodo
838 1211 929 1268 ille
960 1209 1220 1275 nefandus
1268 1206 1508 1281 proditor
1526 1204 1691 1275 ludas
1718 1203 1786 1258 ad

235 1309 323 1364 hac
372 1307 631 1381 venisset,
662 1312 724 1359 ut
764 1302 1050 1361 Dominum
1108 1299 1349 1355 traderet
1390 1297 1607 1361 Iudaeis,
1650 1297 1791 1351 sicut

1965 567 2204 623 Videntes
2232 578 2404 622 autem
2424 566 2663 638 discipuli
2690 568 2947 638 indignati
2972 580 3112 636 sunt,
3142 582 3189 626 et
3220 588 3352 629 unus
3370 590 3437 630 ex

1882 661 1988 715 illis
2012 661 2181 715 ludas
2224 661 2543 727 Schariotes,
2570 662 2659 733 qui
2684 672 2795 716 erat
2819 680 2937 717 eum
2979 638 3288 732 traditurus,
3316 638 3391 722 ait
3416 685 3435 723 :

1886 751 2079 825 thuid
2118 752 2337 822 perditio
2379 753 2533 808 Ita'c?
2564 770 2726 825 quare
2751 754 2846 808 hoc
2870 766 3191 826 unguentum
3231 774 3331 814 non
3356 776 3439 814 ve-

1884 846 1981 901 niit
2004 845 2242 909 trecentis
2273 844 2524 911 denariis,
2551 855 2597 898 et
2624 845 2804 899 datum
2849 855 2925 899 est
2944 848 3153 917 egenis?
3176 846 3319 911 Dixit
3344 868 3441 904 au-

1884 946 1985 992 tem
2010 937 2128 1002 hoc,
2172 953 2275 991 non
2320 935 2442 1007 quia
2470 935 2534 990 de
2562 938 2732 1006 egenis
2760 937 3045 1006 pertinebat
3088 937 3155 991 ad
3185 955 3322 1004 eum,
3350 941 3440 994 sed

1883 1029 2007 1100 quia
2053 1027 2143 1098 fur
2171 1036 2302 1092 erat,
2333 1036 2382 1089 et
2417 1025 2613 1081 [oculos
2644 1027 2860 1093 habens,
2901 1044 2963 1083 ea
3004 1044 3121 1097 qua:
3164 1030 3441 1085 mitteban—

1885 1133 1973 1177 tur
2012 1121 2313 1192 eaportabat
2368 1119 2548 1191 (Joan.
2608 1118 2731 1191 xu).
2783 1118 3015 1186 Videtis,
3054 1118 3268 1186 fratres,
3315 1120 3441 1190 quia

1886 1214 2049 1271 Iudas
2088 1213 2190 1269 iste
2215 1212 2383 1269 miser
2412 1226 2521 1266 non
2562 1219 2687 1267 tunc
2728 1210 2901 1281 primo
2942 1210 3207 1279 peccavit,
3229 1212 3443 1279 quando

1885 1320 1984 1376 per
2011 1303 2292 1359 avaritiam
2315 1301 2598 1358 Dominum
2625 1300 2862 1359 vendidit
2885 1301 3111 1370 pecunia
3148 1320 3161 1355 :
3189 1284 3285 1356 Sed
3320 1308 3448 1363 ante

229 1400 380 1455 modo
416 1400 470 1454 in
509 1397 860 1467 sequentibus
906 1393 1151 1448 audietis.
1181 1391 1341 1446 Venit
1385 1404 1512 1463 ergo
1533 1386 1787 1456 Dominus

1909 1413 1997 1452 am
2023 1395 2110 1452 fur
2134 1405 2271 1461 erat,
2301 1402 2357 1450 et
2397 1409 2460 1449 ea
2487 1409 2605 1464 quae
2651 1393 2758 1449 illis
2790 1392 3078 1458 dabantur,
3105 1402 3329 1463 portans
3354 1392 3440 1446 fu-

232 1495 280 1547 ίι
313 1489 654 1545 Maiiam-
678 1486 937 1563 Βεὼδηῖθ
964 1484 1241 1561 αἴδῑθυυῐη
1281 1488 1364 1538 εει
1406 1482 1461 1536 in
1487 1480 1691 1545 ίυάίὲθν
1732 1487 1790 1534 (δι
1888 1498 2039 1544 ratus
2060 1493 2160 1543 est.
2186 1485 2354 1557 Hujus
2377 1484 2527 1541 Judre
2551 1483 2951 1541 similitudinem
2981 1483 3180 1538 habent
3216 1482 3449 1538 ministri

236 1597 420 1637 nomen
440 1579 571 1635 illud
588 1580 978 1657 interpretatur
1002 1574 1187 1639 domus
1218 1570 1540 1626 obedientiw.
1574 1568 1788 1640 Signiﬁ—

1901 1578 2141 1635 Ecclcsise
2165 1577 2256 1648 qui
2297 1576 2364 1631 ad
2392 1574 2493 1631 hoc
2517 1575 2756 1657 serviunt
2785 1573 3045 1633 Ecclesia:
3078 1581 3138 1629 ut
3166 1571 3450 1642 pecuniam

238 1683 313 1730 cat
354 1681 532 1727 autem
556 1652 855 1743 Ecclesiam
897 1666 1055 1723 istam
1104 1663 1324 1729 Christi,
1351 1677 1468 1731 qua:
1493 1677 1598 1717 non
1635 1659 1791 1714 aliter

1901 1672 2014 1726 inde
2038 1669 2139 1725 sibi
2165 1667 2440 1738 colligant,
2479 1674 2543 1740 et.
2558 1650 2719 1733 turpe
2736 1664 2945 1719 lucrum
2980 1669 3269 1725 sectantes,
3292 1667 3453 1714 utun-

239 1763 343 1832 ejus
384 1761 622 1819 Ecclesia
668 1768 772 1825 est,
816 1758 921 1813 nisi
957 1756 1147 1811 domus
1194 1752 1512 1811 obedientia:
1551 1751 1639 1806 sit.
1684 1748 1787 1817 Qui

1901 1769 1981 1816 tur
2018 1758 2258 1815 Ecclesia
2304 1757 2443 1812 sicut
2480 1763 2608 1809 tunc
2635 1752 2799 1811 Iudas
2834 1752 3059 1811 Domino
3096 1752 3369 1814 utebatur,
3391 1754 3456 1801 ut

239 1856 369 1910 mim
392 1869 509 1909 eam
557 1851 739 1924 primo
787 1848 1029 1905 fundavit
1054 1845 1301 1902 Christus
1326 1842 1483 1900 Jcsus
1510 1842 1787 1907 Dominus,

1901 1854 1992 1908 sub
2011 1852 2129 1923 ejus
2148 1849 2367 1905 nomine
2390 1845 2644 1915 colligant
2661 1843 2763 1899 sibi
2790 1842 3045 1912 pecunias
3071 1848 3127 1906 et
3145 1839 3451 1893 thesauros.

240 1946 314 2000 ille
338 1943 596 2000 obediens
621 1940 733 1996 Deo
772 1938 921 1994 Patri
970 1937 1071 1993 fuit
1109 1950 1278 2007 usque
1302 1935 1370 2009 ad
1400 1942 1628 2007 mortem
1654 1948 1670 1987 :
1696 1931 1788 2003 qui
1882 1926 1955 1998 'E;
1972 1943 2209 2011 heu,pro
2220 1937 2371 1994 dolor
2388 1938 2401 1990 Ξ
2419 1936 2531 2006 jam
2556 1934 2611 1991 in
2631 1931 2831 2004 mundo
2850 1928 3143 1993 talesluda:
3154 1926 3456 1999 proditores

240 2051 353 2108 ergo
378 2036 498 2105 ejus
528 2031 781 2088 Ecclesiae
808 2028 1077 2100 particeps
1105 2042 1224 2083 esse
1259 2024 1511 2089 voluerit,
1547 2037 1646 2093 per
1670 2023 1793 2077 obe-

241 2127 479 2185 dientiam
509 2123 610 2179 hoc
641 2137 701 2177 se
734 2121 871 2177 sciat
897 2132 1055 2196 posse
1081 2116 1297 2173 mereri.
1329 2113 1434 2171 Sed
1469 2114 1526 2169 in
1558 2114 1658 2185 ista
1686 2111 1791 2185 Ec-

208 2201 386 2273 Vclesia
427 2203 634 2272 Christi
687 2214 794 2268 duo
847 2224 1045 2283 genera
1091 2209 1368 2265 hominum
1412 2221 1534 2277 esse
1581 2204 1788 2261 solent:

238 2325 385 2365 unum
407 2322 621 2368 eorum,
664 2304 757 2375 qui
801 2303 1096 2379 praedicant
1124 2300 1284 2358 ﬁdem
1320 2298 1539 2363 Christi,
1566 2297 1794 2353 alterum

238 2416 409 2479 eorum
436 2398 531 2471 qui
580 2396 707 2452 ﬁdei
750 2394 1051 2469 doctrinam
1092 2407 1124 2447 a
1167 2388 1606 2465 praedicatoribus
1647 2388 1794 2443 acci-

237 2499 467 2570 pientes,
513 2495 662 2564 ipsos
705 2491 1088 2562 praedicatores
1130 2487 1195 2557 de
1242 2485 1539 2543 substantia
1579 2492 1796 2547 terrena

240 2593 549 2659 sustentant,
574 2591 636 2639 ut
678 2596 814 2655 opus
854 2577 1253 2651 praedicationis
1297 2575 1518 2644 implere
1559 2573 1792 2628 valeant.

239 2678 334 2751 Ista
359 2686 541 2732 autem
570 2688 723 2746 coena
752 2671 896 2741 facta
932 2670 1129 2743 dicitur
1165 2669 1223 2735 in
1249 2666 1522 2731 Bethania,
1551 2664 1703 2735 quasi
1739 2665 1796 2719 in

240 2769 463 2828 Ecclesia
501 2774 559 2825 et
605 2767 659 2821 in
687 2766 846 2821 domo
882 2762 1116 2819 Simonis
1165 2760 1382 2831 leprosi,
1410 2759 1572 2829 quasi
1622 2758 1675 2815 in
1701 2772 1804 2827 p0-.

242 2862 354 2932 pulo
379 2861 642 2935 gentium,
667 2857 757 2926 qui
783 2864 911 2910 ante
935 2853 1169 2926 peccatis
1192 2851 1434 2921 leprosus
1460 2865 1493 2904 a
1514 2849 1622 2905 Deo
1645 2864 1799 2903 mun-

245 2954 427 3017 datus,
452 2952 648 3025 dignus
671 2949 849 3004 factus
871 2956 962 3025 est
993 2954 1051 3019 ut
1093 2945 1149 3009 in
1171 2942 1287 3012 ejus
1310 2943 1469 2998 domo
1507 2954 1663 2997 omna
1690 2939 1798 2994 Do-

246 3046 362 3109 mini
390 3016 562 3101 ﬁeret.
610 3042 735 3108 Ubi,
760 3050 820 3095 ut
847 3016 1099 3103 diximus,
1144 3037 1249 3101 duo
1277 3048 1472 3106 genera
1517 3031 1796 3111 hominum

1887 2031 2042 2088 multi
2070 2035 2210 2086 sunt.
2239 2027 2422 2097 Usque
2442 2023 2600 2087 hodie
2618 2020 2844 2093 populus
2866 2018 3174 2089 Iudaeorum
3211 2017 3315 2072 hoc
3345 2015 3457 2087 agit

1889 2122 2032 2195 quod
2079 2129 2206 2176 tunc
2240 2116 2405 2174 Judas
2426 2194 2429 2195 ν
2447 2114 2594 2179 fecit,
2632 2111 2914 2181 indignans
2936 2106 3158 2175 scilicet,
3189 2103 3457 2195 quodAEc-

1890 2190 2053 2271 clesia
2081 2210 2323 2283 gentium
2350 2194 2519 2272 Deum
2541 2216 2637 2258 sua
2661 2200 2767 2255 ﬁde
2806 2206 2862 2254 et
2887 2194 3204 2261 credulitate
3227 2190 3398 2271 ungit.

2135 2280 2430 2371 ago-Iesus
2453 2268 2646 2361 :ISine,
2668 2299 2724 2344 ut
2751 2290 2809 2359 in
2836 2287 2973 2359 diem
3009 2268 3291 2358 sepultura
3327 2297 3457 2359 mete

1890 2400 2049 2449 servet
2070 2387 2223 2451 illud.
2249 2386 2387 2456 Quid
2413 2383 2618 2439 molesti
2660 2380 2782 2451 estis
2814 2377 3067 2451 mulieri?
3098 2375 3304 2449 Bonum
3329 2388 3459 2442 apus

1892 2489 2106 2554 operata
2134 2486 2209 2535 est
2241 2479 2299 2541 in
2326 2492 2406 2531 me
2428 2488 2447 2527 :
2473 2488 2672 2543 semper
2713 2469 2849 2525 enim
2874 2466 3123 2539 pauperes
3155 2461 3354 2529 habetis
3372 2476 3461 2516 vo-

1894 2553 2110 2637 biscum,
2138 2576 2189 2623 et
2222 2583 2340 2621 cum
2362 2563 2628 2620 volueritis
2658 2559 2867 2632 potestis
2897 2556 3001 2628 illis
3027 2553 3361 2633 benefacere;
3379 2567 3460 2605 me

1893 2671 2070 2717 autem
2103 2674 2209 2713 non
2241 2670 2441 2726 semper
2464 2650 2716 2724 habebitis
2741 2648 3020 2723 vobiscum.
3050 2643 3192 2698 Nam
3209 2641 3347 2713 quod
3366 2641 3461 2694 ha-

1895 2753 2005 2808 buit
2026 2753 2135 2807 lure
2156 2746 2514 2819 fecit,mittens
2536 2749 2851 2814 unguentum
2866 2739 2961 2792 hoc
2979 2737 3035 2807 in
3055 2750 3239 2805 corpus
3261 2746 3454 2796 meum,

1895 2843 2137 2915 prmuenit
2188 2854 2379 2911 ungere
2427 2834 2559 2890 illud
2606 2832 2674 2887 ad
2719 2828 3065 2901 sepeliendum
3113 2840 3195 2879 me
3242 2822 3458 2892 faciens.

1898 2937 2061 3003 Amen
2096 2933 2211 2987 dico
2240 2930 2405 2995 vobis,
2434 2927 2723 2996 ubicunque
2769 2920 3107 2993 prwdicatum
3162 2915 3320 2985 fuerit
3366 2915 3463 2968 hoc

1898 3024 2237 3097 Evangelium
2269 3023 2326 3077 in
2353 3028 2459 3075 toto
2484 3016 2697 3081 mundo,
2728 3015 2931 3089 dicetur
2984 3018 3032 3064 et
3063 3006 3206 3095 quod
3249 3006 3359 3061 [nec
3389 3005 3464 3073 fe-

249 3134 472 3206 suntqui
515 3133 735 3190 Christo
766 3130 1009 3197 serviunt
1049 3100 1067 3181 :l
1108 3090 1486 3198 prmdigatores
1525 3130 1579 3191 et
1605 3100 1798 3192 quibus
1827 3184 1868 3206 ﬁ
1901 3119 1969 3189 cit
1991 3090 2376 3181 in’memoriam
2399 3111 2514 3182 ejus
2540 3107 2720 3181 (Joan.
2749 3120 2856 3168 xu;
2883 3090 3254 3163 Muttinis“;
3286 3095 3455 3173 Marc.

248 3184 571 3296 [tt-adibatur.
600 3221 741 3279 Num
764 3228 821 3276 et
856 3220 910 3274 in
939 3192 1040 3273 ista
1066 3184 1221 3271 cinna
1263 3184 1540 3269 Dominica
1569 3184 1688 3275 dua:
1712 3226 1798 3266 so-
1825 3184 1870 3247 C
1899 3186 2034 3279 xlv).
2070 3206 2175 3261 Alii
2199 3212 2380 3260 autem
2407 3199 2651 3271 discipuli
2684 3195 2897 3252 Domini
2938 3190 3198 3262 indignati
3226 3198 3351 3244 sunt
3368 3200 3466 3256 pro

251 3283 390 3373 iores
432 3316 671 3379 fuerunt,
703 3309 910 3375 Martha
947 3316 1002 3363 ει
1044 3303 1485 3375 Maria:Martha
1528 3301 1800 3363 ministra—
1897 3300 2130 3371 perdito,
2159 3308 2219 3353 ut
2271 3296 2353 3352 eis
2394 3293 2697 3367 videbatur,
2744 3294 3037 3361 unguento,
3088 3283 3230 3354 quod
3259 3289 3465 3335 tantum

249 3405 353 3469 bat,
379 3415 432 3460 et
469 3370 809 3459 Maria'cum
832 3403 1103 3477 unguento
1140 3392 1295 3448 unxit
1322 3389 1624 3465 Dominum.
1673 3389 1801 3458 Quae
1899 3370 2086 3456 valuit,
2144 3395 2415 3456 trecentos
2461 3382 2668 3439 scilicet
2716 3377 2985 3434 denarios.
3030 3373 3136 3429 Sed
3166 3373 3239 3428 illi
3285 3370 3468 3429 caeteri

252 3464 601 3560 ministrabat,
650 3464 934 3567 signiﬁth
985 3485 1231 3542 homines
1284 3482 1377 3559 qui
1426 3480 1803 3554 prtitdica’tores
1900 3498 2028 3543 vere
2050 3497 2148 3552 pro
2176 3481 2280 3535 hoc
2306 3478 2550 3533 fecerunt
2574 3482 2634 3528 ut
2655 3478 2938 3542 argentum
2978 3465 3108 3542 illud
3141 3464 3466 3537 pauperibus

251 3600 370 3640 suos
413 3584 477 3639 de
519 3598 617 3638 sua
640 3578 940 3655 substantia
989 3580 1303 3643 sustentant.
1341 3581 1398 3628 et
1433 3572 1686 3643 adjuvant
1735 3571 1803 3626 ad

251 3692 376 3747 opus
396 3673 827 3748 praedicationis;
856 3669 1020 3735 Maria
1047 3677 1227 3725 autem
1265 3667 1409 3737 ipsos
1431 3664 1806 3738 praedicatores

255 3769 485 3841 designat
531 3781 654 3837 quas
697 3764 853 3841 unxit
898 3761 1203 3833 Dominum,
1246 3760 1372 3841 quia
1417 3758 1509 3829 qui
1553 3757 1810 3829 praedicat

256 3835 514 3915 Christum
542 3835 732 3913 verum
771 3840 961 3921 Deum,
1012 3853 1127 3924 ipse
1154 3835 1318 3921 caput
1352 3847 1564 3904 Domini
1611 3847 1804 3919 ungit:

256 3959 311 4006 et
332 3952 417 4020 qui
434 3965 559 4005 carm
580 3948 852 4017 hominem
879 3945 1154 4017 praedicat,
1178 3943 1293 4014 ipse
1313 3943 1477 4013 pedes
1496 3940 1615 4011 ejus,
1637 3939 1805 4010 ungit,

254 4051 307 4097 et
333 4040 556 4113 extergit
580 4038 746 4111 pedes
770 4036 979 4093 Domini
1001 4034 1227 4107 capillis.
1254 4033 1390 4109 Nam
1415 4033 1483 4088 ad
1511 4033 1615 4091 hoc
1638 4031 1811 4102 parati

255 4133 445 4189 debent
482 4146 605 4187 esse
644 4129 1043 4202 praedicatores,
1093 4134 1153 4181 ut
1195 4125 1335 4181 sicut
1363 4125 1478 4195 ipse
1515 4138 1613 4192 pro
1656 4122 1810 4177 nobis

255 4225 390 4281 mori
413 4225 657 4295 dignatus
699 4229 804 4286 est,
846 4219 924 4274 ita
966 4227 1020 4273 et
1045 4218 1121 4277 illi
1166 4232 1266 4289 pro
1295 4214 1411 4286 ejus
1454 4214 1557 4270 ﬁde
1602 4228 1819 4282 semper.

256 4316 396 4373 mori
428 4315 593 4385 parati
626 4313 770 4387 sint:
798 4311 1033 4377 Christus
1063 4310 1199 4364 enim
1237 4323 1420 4383 passus
1446 4314 1522 4361 est
1538 4321 1633 4376 pro
1670 4304 1812 4368 nobis

1903 3577 2151 3641 daretur;
2176 3572 2342 3628 Iudas
2361 3578 2539 3624 autem
2561 3566 2729 3630 solus,
2752 3563 2842 3634 qui
2865 3561 2954 3619 fur
2977 3568 3095 3616 erat
3112 3599 3127 3626 ,
3154 3559 3323 3615 voluit
3338 3557 3468 3612 illud

1903 3665 2093 3722 furari.
2130 3662 2428 3734 Respondit
2467 3642 2697 3731 ergo’eis
2743 3653 2918 3727 Iesus,
2958 3653 3014 3707 id
3037 3660 3122 3707 est
3164 3651 3284 3705 aliis
3313 3649 3469 3705 disci-

1902 3756 2064 3828 pulis,
2088 3770 2195 3810 non
2224 3751 2394 3818 ludas,
2425 3758 2482 3806 et
2508 3747 2743 3804 ostendit
2779 3746 2861 3801 eis
2889 3743 3029 3814 quod
3074 3744 3210 3798 bene
3251 3740 3468 3796 fecisset

1905 3849 1994 3905 illa
2016 3848 2228 3904 mulier.
2253 3846 2348 3901 illo
2372 3845 2515 3900 enim
2536 3848 2807 3912 unguento
2835 3836 2991 3892 unxit
3015 3848 3210 3905 corpus
3230 3830 3463 3897 Domini,

1905 3943 2030 4011 quia
2060 3949 2182 4010 post
2221 3945 2448 3994 mortem
2496 3933 2630 4002 ejus,
2666 3944 2790 3985 cum
2816 3929 3010 3991 iterum
3041 3925 3144 3980 hoc
3187 3923 3238 3978 ei
3285 3920 3465 3976 facere

1906 4031 2086 4095 vellet,
2120 4037 2246 4083 ante
2284 4032 2595 4093 resurgente
2630 4019 2877 4083 Domino,
2905 4032 3012 4083 non
3036 4013 3237 4068 Invenit
3276 4011 3389 4081 jam
3414 4012 3470 4067 in

1910 4119 2153 4195 sepulcro
2199 4128 2392 4185 corpus
2419 4112 2552 4181 ejus.
2587 4110 2699 4165 Hoc
2743 4117 2827 4162 est
2874 4106 3018 4163 enim
3044 4104 3187 4176 quod
3213 4103 3481 4169 Dominus.

1911 4212 1989 4275 ait
2023 4228 2035 4266 :
2066 4194 2308 4280 praeerat
2329 4220 2521 4274 ungere
2559 4216 2745 4271 corpus
2786 4213 2976 4265 meum.
3015 4196 3158 4265 ideo,
3188 4194 3359 4261 sinite,
3390 4194 3473 4249 in-

1911 4302 2050 4373 quit,
2075 4284 2242 4363 illam,
2270 4293 2327 4363 ut
2352 4297 2405 4349 in
2430 4294 2567 4349 diem
2594 4289 2874 4363 sepultura:
2900 4304 3029 4343 mea:
3052 4296 3214 4353 servet
3234 4284 3389 4353 illud,
3417 4286 3477 4342 id

258 4381 548 4474 relinquens
568 4384 711 4473 nobis
722 4381 1045 4477 exemplum,
1066 4409 1121 4453 ut
1144 4381 1421 4473 sequamur
1442 4395 1653 4465 vestigia
1675 4394 1809 4463 ejus.
1911 4404 2010 4460 est,
2039 4393 2141 4455 hoc
2166 4390 2363 4449 mundo
2395 4387 2559 4443 faciat
2589 4384 2754 4456 quod,
2776 4383 2822 4439 si
2844 4396 2969 4437 eum
3000 4381 3311 4445 invenisset,
3343 4387 3473 4435 tunc

260 4498 317 4555 Si
342 4513 474 4570 ergo
498 4506 696 4569 tempus
723 4494 829 4567 tale
871 4493 943 4548 sit
965 4499 1024 4547 ut
1047 4507 1146 4564 pro
1165 4491 1280 4563 ipso
1325 4499 1554 4565 mortem
1581 4485 1691 4557 pati
1717 4500 1812 4542 ne-
1836 4541 1889 4570 η
1912 4491 2123 4548 factura
2168 4493 2304 4544 erat.
2354 4485 2535 4550 Amen,
2575 4480 2767 4551 inquit,
2799 4478 2915 4537 dico
2966 4477 3124 4540 vobis,
3183 4475 3475 4545 ubicunque
3529 4524 3543 4539 ,

260 4566 729 4661 ωωεέἱιφέιιλῄ
755 4589 953 4661 simus;
984 4587 1067 4642 sin
1090 4592 1269 4640 autem
1290 4582 1376 4651 vel
1399 4579 1619 4651 capillis.
1642 4587 1813 4649 terga-
1834 4566 1889 4603 ν
1916 4582 2258 4654 praedicatum
2312 4576 2467 4649 fuerit
2523 4575 2644 4630 hac.
2678 4569 3040 4641 Evangelium.
3095 4566 3481 4623 Recordamini

270 4702 386 4741 mus
762 4655 853 4749 est
897 4678 1076 4749 surculi
1115 4678 1350 4749 divitias,
1381 4677 1616 4739 honores
1647 4674 1814 4738 relin-
1918 4674 2100 4740 modo,
2123 4670 2339 4733 fratres,
2363 4666 2504 4737 quod
2532 4676 2695 4733 supra
2733 4661 2845 4718 dixi
2886 4660 3059 4723 vobis,
3087 4657 3289 4713 scilicet
3332 4655 3474 4725 quod

265 4745 484 4843 quantus
500 4788 600 4844 pro
619 4745 737 4841 ejus
753 4745 998 4837 nomine;
1022 4745 1127 4833 hoc
1144 4769 1287 4833 enim
1314 4745 1615 4837 signiﬁcant
1637 4762 1816 4834 capilli
1918 4767 2023 4821 hoc
2056 4765 2388 4832 unguentum
2435 4752 2703 4826 signiﬁcat
2745 4749 3109 4819 Evangelium.
3137 4746 3205 4803 Et
3236 4746 3377 4816 quod
3400 4745 3476 4799 ibi

266 4837 450 4934 (ίυίδυδ
688 4837 899 4929 Domini
944 4859 1031 4939 illa
1064 4859 1270 4939 mulier
1295 4858 1558 4928 tergebat.
1590 4855 1816 4927 Impleta
1919 4858 2055 4915 dixit
2079 4875 2095 4911 :
2117 4855 2302 4909 domus
2334 4849 2544 4920 impleta
2574 4854 2648 4902 est
2676 4861 2739 4900 ex
2781 4844 2939 4901 odore
2962 4840 3228 4913 unguenti,
3259 4839 3361 4893 hoc
3388 4837 3476 4893 hic

1921 4949 2055 5006 dixit
2079 4964 2095 5003 :
2125 4942 2506 5003 Praedicabitur
2527 4935 2873 5006 Evangelium
2895 4935 2997 4993 hoc
3022 4933 3077 4988 in
3113 4938 3225 4997 toto
3252 4927 3470 4983 mundo.

1922 5046 2002 5101 Ex
2024 5044 2128 5098 ista
2151 5054 2279 5111 ergo
2303 5050 2466 5092 causa
2491 5031 2686 5102 perditi
2710 5037 2770 5083 ut
2796 5028 2848 5082 ei
2896 5026 3172 5081 videbatur
3194 5017 3475 5090 unguenti,

1923 5135 2064 5206 quod
2096 5133 2153 5188 in
2188 5140 2342 5198 turpe
2381 5126 2588 5180 lucrum
2629 5129 2843 5178 mutare
2865 5118 3052 5183 voluit,
3101 5120 3223 5187 post
3247 5119 3477 5182 quatuor

1924 5228 2039 5282 dies
2056 5225 2219 5289 biduo
2247 5227 2373 5274 ante
2390 5215 2595 5271 Pascha
2615 5214 2749 5268 abiit
2770 5212 2859 5279 ille
2884 5212 3018 5280 ipse.

1991 5286 2163 5371 ludas
2186 5326 2320 5365 unus
2342 5324 2406 5363 ea:
2432 5304 2721 5368 duodecim,
2749 5303 2837 5373 qui
2858 5298 3127 5354 dicebatur
3150 5290 3321 5347 ludas
3345 5286 3475 5343 Sca-

1926 5407 2081 5470 rioth,
2104 5403 2229 5478 abiit
2255 5400 2322 5456 ad
2348 5398 2603 5469 principes
2630 5394 2975 5456 sacerdotum,
2998 5395 3044 5446 et
3068 5386 3143 5441 ait
3166 5381 3271 5438 illis
3292 5396 3311 5433 :
3335 5378 3470 5445 Quid

1926 5500 2078 5565 uultis
2102 5475 2230 5553 milii
2254 5495 2400 5559 dare,
2420 5499 2468 5546 et
2489 5506 2581 5560 ego
2607 5488 2746 5544 vobis
2773 5500 2889 5542 eum
2926 5480 3133 5539 tradam
3149 5478 3173 5532 ?
3189 5475 3473 5531 Illi'autem

1927 5589 2089 5662 gavisi
2127 5594 2270 5651 sunt,
2289 5593 2337 5639 et
2363 5581 2500 5653 pacti
2534 5588 2654 5634 sunt
2675 5576 2946 5647 pecuniam
2983 5569 3059 5625 illi
3105 5570 3230 5623 dare
3260 5565 3472 5636 triginta

1929 5655 2226 5751 argenteos;
2249 5683 2297 5728 et
2335 5668 2626 5743 spepondit,
2658 5675 2705 5719 et
2729 5660 2987 5734 qlutcrebat
3022 5655 3471 5730 Opportunitalcm,

1931 5742 2231 5830 ut'traderet
2252 5742 2401 5821 illum
2425 5764 2534 5819 sine
2556 5757 2718 5815 turbis
2738 5752 2948 5828 (Matth.
2976 5765 3128 5821 xxvi;
3158 5746 3285 5804 Luc.
3312 5742 3475 5814 xm).

264 4967 356 5020 est,
386 4956 574 5026 inquit,
600 4955 789 5015 domus
824 4968 889 5006 ea;
928 4936 1089 5015 odore
1114 4936 1382 5023 unguenti.
1407 4948 1648 5009 Diximus
1670 4958 1814 5012 ante,

265 5046 475 5101 «butum
524 5042 762 5113 Simonis
809 5041 1006 5112 leprosi
1048 5038 1359 5111 signiﬁcare
1407 5036 1659 5113 populum
1694 5051 1821 5107 gen-

266 5145 414 5203 tium,
441 5138 532 5210 qui
573 5146 702 5200 ante
732 5137 976 5206 leprosus
1012 5145 1133 5199 erat
1171 5134 1406 5204 peccatis
1442 5133 1624 5205 multis
1645 5139 1699 5187 et
1723 5145 1820 5186 va-

266 5232 384 5295 n’is,
405 5230 500 5285 sed
518 5246 551 5285 a
573 5228 803 5301 Domino
832 5227 1120 5307 mundatus
1154 5239 1249 5296 per
1290 5224 1601 5295 sanguinem
1622 5223 1825 5293 passio-

266 5325 353 5381 nis
380 5340 519 5387 sum;
573 5324 691 5394 ipse
741 5306 847 5379 est
877 5319 1020 5381 enim
1052 5318 1258 5389 Agnus,
1302 5317 1394 5386 qui
1442 5306 1564 5372 tulit
1602 5322 1833 5384 peccata

272 5417 472 5473 mundi.
496 5417 554 5473 in
581 5416 742 5485 huius
770 5429 899 5485 ergo
937 5411 1173 5469 Simonis
1214 5410 1369 5465 domo
1388 5417 1581 5463 unctus
1607 5414 1692 5465 est
1723 5404 1829 5461 Do-

272 5509 447 5564 minus
473 5514 768 5580 unguento,
796 5505 851 5560 id
874 5510 979 5568 est,
1020 5503 1074 5557 in
1103 5500 1193 5556 illo
1210 5498 1403 5569 populo
1426 5497 1664 5570 gentium
1692 5508 1828 5565 prte-

271 5597 503 5655 dicatnm
543 5606 629 5654 est
657 5594 1004 5665 Evangelium
1052 5588 1276 5653 Christi,
1315 5595 1370 5655 et
1412 5588 1599 5645 domus
1623 5599 1690 5639 ex
1734 5582 1829 5637 illo

271 5689 437 5746 odore
481 5688 703 5760 impleta
753 5696 837 5743 est
866 5684 1051 5754 :quia,
1081 5681 1218 5737 sicut
1256 5678 1508 5734 Dominus
1552 5673 1826 5746 praecepit,

272 5795 445 5839 euntes
464 5780 716 5837 docebant
738 5792 912 5833 ontnes
941 5784 1132 5846 gentes.
1155 5770 1222 5828 Et
1248 5769 1386 5826 sicut
1405 5767 1683 5825 Psalmista
1705 5765 1778 5829 ait
1807 5781 1825 5819 :
