4064 6190
481 342 591 398 63.
1562 327 1833 386 CANDIDI
1870 319 2254 381 FULDENSiS
2293 321 2596 380 MONACHI
3623 324 3689 381 65

478 458 572 515 ille
616 453 754 511 dixit
783 473 795 508 :
820 449 955 518 Quid
996 448 1145 503 vultis
1175 446 1302 501 mihi
1328 444 1474 500 dare.
1511 439 1686 513 ut'ego
1730 440 1869 496 vobis
1917 453 2032 493 eum
2060 436 2108 498 Α
2135 443 2189 490 et
2235 437 2523 494 multorum
2553 438 2932 510 mysteriorum
2961 439 3235 507 revelatio,
3262 456 3325 497 ac
3349 441 3482 496 Novi
3509 442 3692 499 Testa-

478 548 726 606 tradam.’
754 544 812 599 in
857 542 1067 596 illorum
1119 538 1478 594 mstimatioue
1514 534 1693 608 posuit
1746 530 2028 587 Dominum

479 655 657 697 suum.

550 727 731 782 Prima
757 733 927 778 autem
964 722 1049 776 die
1093 720 1426 792 Azgmorum,
1465 716 1672 789 quando
1704 712 1911 767 Pascha
1948 727 2035 765 ne-

479 835 615 877 cesse
635 825 748 870 erat
778 812 967 877 occidi,
994 819 1317 865 accesserunt
1346 805 1588 862 disciouli
1627 804 1694 859 ad
1735 803 1915 858 Jesum
1953 801 2045 854 di-

479 919 643 962 centes
678 921 696 958 :
722 903 823 960 Ubi
862 904 937 958 vis
989 918 1229 974 paremus
1272 900 1364 954 tibi
1406 896 1670 952 comedere
1695 891 1942 948 Pascha?
1969 891 2034 944 At

476 999 629 1054 Jesus
676 997 814 1051 misit
844 993 1057 1048 Petrum
1100 1002 1147 1045 et
1189 990 1446 1045 Joannem
1475 988 1648 1042 dicens
1676 999 1694 1037 :
1718 984 1913 1038 Euntes
1944 998 2039 1053 pa-

477 1097 588 1142 rate
617 1086 764 1142 nobis
784 1083 1009 1149 Pascha,
1037 1092 1085 1136 et
1105 1082 1173 1135 ite
1193 1081 1247 1134 in
1268 1079 1543 1142 civitatem,
1565 1086 1612 1130 et
1641 1082 1871 1129 occurret
1898 1070 2037 1126 vobis

479 1178 633 1232 homo
660 1153 966 1245 amphoram
995 1187 1143 1242 aqua:
1160 1181 1409 1241 portans;
1430 1164 1702 1236 sequimini
1725 1178 1843 1216 eum
1867 1162 1925 1215 in
1945 1160 2040 1215 do-

478 1285 620 1323 mum
649 1270 705 1321 in
739 1282 893 1338 quam
923 1265 1103 1328 intrat,
1135 1271 1182 1315 et
1224 1260 1378 1314 dicite
1412 1254 1782 1333 patrifamilias
1813 1253 1998 1306 domus
2019 1264 2039 1302 :

481 1358 737 1429 Magister
759 1357 884 1410 dicit
914 1369 933 1407 :
966 1353 1185 1423 Tempus
1210 1367 1381 1405 meum
1404 1364 1561 1419 prope
1580 1357 1652 1401 est
1677 1361 1695 1400 :
1718 1344 1856 1414 apud
1886 1353 1939 1396 te
1960 1341 2042 1412 fa-

479 1448 614 1500 ciam
648 1445 850 1499 Pascha
879 1459 996 1496 cum
1021 1438 1287 1510 discipulis
1314 1438 1459 1491 meis.
1482 1433 1580 1488 Ubi
1608 1443 1681 1488 est
1703 1431 2041 1486 diversorium

481 1539 568 1592 ubi
599 1536 804 1591 Pascha
831 1533 1136 1589 manducem
1156 1531 1181 1585 ἲ
1200 1530 1267 1584 Et
1292 1530 1400 1600 ipse
1437 1526 1577 1581 vobis
1618 1523 1845 1580 ostendet
1867 1537 2040 1576 cana-

481 1628 657 1683 culum
699 1641 945 1697 magnum
974 1632 1213 1687 stratum,
1249 1630 1295 1674 et
1318 1618 1389 1673 ibi
1422 1625 1620 1689 parate.
1652 1613 1848 1667 Euntes
1870 1620 2043 1665 autem

482 1723 787 1774 invenerunt
834 1717 967 1770 sicut
1019 1713 1151 1768 dixit
1199 1709 1336 1776 illis,
1384 1717 1432 1763 et
1480 1712 1789 1777 paraverunt
1836 1701 2042 1755 Pascha

2129 528 2294 582 menti
2320 527 2551 597 initium,
2584 530 2664 585 sic
2685 529 2762 584 illi
2787 530 2984 587 misero
3006 531 3262 601 proditori
3292 532 3503 586 initium
3524 533 3694 603 plena:

2128 619 2446 689 perditionis
2483 619 2600 674 fuit.
2630 621 2779 676 Tunc
2805 621 2947 676 enim
2977 622 3189 676 immisit
3230 622 3469 677 diabolus
3508 624 3562 678 in
3602 641 3694 678 cor

2130 710 2245 780 ejus
2282 721 2340 764 ut
2366 711 2592 765 traderet
2635 728 2750 766 eum
2777 710 2969 766 Iudas.
2996 712 3123 767 ilzec
3150 728 3380 782 namque
3405 728 3693 782 pravorum

2133 800 2366 855 maxime
2387 801 2524 855 solet
2549 815 2668 856 esse
2692 802 3008 871 perditionis
3046 818 3234 870 causa,
3275 804 3486 873 quando
3529 820 3694 874 pravo

2133 891 2295 947 corde
2323 900 2377 948 et
2402 892 2583 964 iniqua
2609 894 2932 965 cogitatione
2960 894 3117 965 pleno
3141 896 3398 951 accedere
3440 897 3601 952 audet
3628 898 3696 951 ad

2134 992 2468 1039 sacramenta
2508 984 2626 1051 Dei,
2652 994 2708 1040 et
2748 1000 2809 1042 se
2835 1001 3059 1057 corpore
3078 987 3276 1042 sanctis
3307 983 3535 1059 iungere
3577 988 3699 1043 uiti-

2143 1081 2248 1135 tur,
2279 1088 2308 1128 a
2337 1073 2532 1143 quibus
2559 1074 2763 1130 malitia
2815 1074 2971 1147 longe
2994 1084 3095 1131 est.
3137 1075 3445 1132 Cavendum
3489 1087 3572 1133 est
3596 1078 3699 1139 hoc

2136 1164 2312 1229 vobis,
2362 1164 2582 1232 fratres,
2634 1173 2690 1222 et
2734 1165 2886 1222 valde
2928 1168 3246 1234 cavendum,
3287 1183 3355 1223 ne
3401 1169 3469 1223 ad
3514 1180 3698 1225 sancta

2138 1254 2394 1325 mysteria
2421 1269 2544 1309 cum
2572 1255 2836 1312 fermento
2864 1256 3080 1312 malitia:
3122 1257 3381 1314 accedere
3410 1274 3701 1329 praesuma-

2138 1345 2228 1400 tis.
2260 1344 2361 1412 Qui
2406 1347 2548 1401 enim
2575 1347 2677 1402 sibi
2704 1348 2955 1404 conscius
2982 1357 3066 1404 est
3106 1349 3201 1405 ira:
3249 1356 3305 1405 et
3330 1350 3570 1417 malitiae,
3616 1353 3703 1406 vel

2139 1438 2586 1508 concupiscentiae
2606 1447 2946 1509 perpetratae,
2963 1440 3045 1494 vel
3068 1441 3294 1496 aliorum
3314 1441 3577 1497 maiorum
3596 1442 3703 1499 cri-

2139 1529 2364 1595 uiuum,
2402 1537 2461 1586 et
2497 1546 2603 1586 non
2630 1531 2747 1586 hzec
2774 1531 2841 1586 de
2879 1531 3041 1587 corde
3064 1532 3307 1602 expellit,
3333 1548 3537 1604 proque
3579 1550 3702 1615 per-

2138 1618 2369 1689 petratis
2395 1619 2767 1690 paenitentiam
2796 1635 2904 1675 non
2933 1620 3181 1693 gesserit,
3209 1622 3255 1677 si
3276 1623 3343 1677 ad
3369 1633 3713 1680 sacramenta

2141 1709 2321 1765 divina
2340 1710 2652 1776 accesserit,
2675 1709 2886 1767 diabolo
2916 1726 3192 1767 accessum
3211 1714 3434 1783 praebet,
3455 1730 3559 1784 quo
3576 1730 3714 1771 eum-

481 1811 630 1884 (Luc.
657 1825 800 1875 xm;
839 1807 1029 1861 Matth.
1057 1802 1225 1876 xxvi).
1266 1804 1410 1858 Duos
1437 1797 1724 1869 discipulos
1754 1794 1902 1881 misit
1928 1795 2037 1850 Do-
2064 1789 2113 1867 B
2139 1806 2310 1857 tentet
2354 1808 2408 1855 et
2435 1801 2499 1857 ad
2528 1801 2840 1857 baratth
2866 1803 3201 1872 perditionis,
3230 1805 3370 1860 unde
3389 1821 3494 1861 non
3522 1816 3703 1873 exeat,

480 1901 682 1965 minus,
705 1905 768 1952 ut
792 1895 895 1952 sibi
921 1894 1203 1950 transitum
1242 1899 1520 1960 pararent,
1544 1902 1651 1957 quo
1691 1884 1949 1940 transiret
1970 1897 2039 1937 ex

479 1996 585 2051 hoc
613 1991 813 2048 mundo
856 1990 921 2046 ad
960 1989 1197 2044 Patrem.
1228 1986 1326 2042 isti
1367 1986 1471 2041 duo
1494 1983 1689 2038 Petrus
1713 1991 1769 2037 et
1807 1978 2042 2035 Joannes

481 2085 727 2149 fuerunt;
766 2081 957 2136 Petrus
1007 2077 1276 2148 signiﬁcat
1321 2075 1502 2139 fidem,
1533 2072 1765 2143 Joannes
1810 2068 2042 2126 charita-

480 2186 587 2232 tem
610 2191 626 2230 :
649 2191 747 2247 per
770 2174 899 2229 istas
922 2186 1154 2240 namque
1175 2170 1369 2225 transit
1391 2169 1456 2222 ad
1483 2164 1898 2247 iucorruptiqnis
1921 2163 2038 2235 gioo

481 2228 724 2330 iudici
752 2228 820 2317 ad
859 2261 1023 2316 vitam
1068 2228 1307 2314 beatam.
1346 2257 1498 2324 Fide,
1541 2272 1646 2326 qua
1687 2228 1955 2312 credimus
1987 2254 2039 2311 in

480 2356 651 2411 Deum
676 2354 912 2419 Patrem,
939 2359 995 2405 et
1016 2351 1069 2406 in
1094 2351 1267 2422 ipsum
1287 2349 1479 2405 Filium
1501 2346 1616 2418 ejus
1634 2356 1689 2404 et
1706 2347 1760 2403 in
1786 2345 2043 2417 Spiritum

483 2454 749 2503 sanetum.
779 2442 1055 2499 Charitate
1082 2456 1233 2507 vero,
1263 2455 1367 2510 qua
1419 2455 1567 2502 eum,
1596 2439 1652 2494 in
1687 2452 1845 2509 quem
1872 2436 2047 2492 credi-

481 2547 625 2598 mus,
656 2529 961 2603 diligamus.
996 2529 1056 2585 in
1080 2529 1175 2585 tali
1218 2544 1347 2600 ergo
1394 2528 1624 2583 transitu
1670 2528 1921 2599 dignatur
1948 2526 2046 2580 Do-

485 2626 669 2682 minus
695 2623 1044 2688 accumbere;
1077 2636 1201 2676 nam
1246 2632 1301 2675 et
1326 2620 1637 2677 solemnitas
1681 2619 1771 2674 illa
1796 2617 1934 2688 apud
1960 2614 2048 2671 Ju-

489 2718 637 2773 dteos
656 2715 857 2786 Azyma
889 2715 1203 2779 vocabatur,
1233 2713 1375 2783 quod
1402 2721 1486 2768 est
1512 2713 1631 2768 sine
1671 2711 1952 2766 fermento.
1978 2708 2047 2763 Et

485 2807 763 2877 apostolus
810 2805 1026 2871 Paulus,
1064 2805 1189 2874 quid
1215 2806 1320 2860 hoc
1364 2812 1509 2860 esset
1537 2803 1773 2860 ostendit
1800 2801 1889 2856 ubi
1923 2801 1998 2856 ait
2027 2819 2041 2854 :

484 2898 772 2970 Epulemur
797 2915 900 2953 non
927 2898 982 2951 in
1008 2897 1259 2967 fermento
1288 2898 1467 2963 veteri,
1512 2913 1672 2967 neque
1698 2897 1756 2950 in
1796 2894 2045 2965 fermento

484 2989 702 3046 malitiw
729 3000 779 3045 et
808 2990 1069 3061 nequitiae,
1097 2988 1186 3044 sed
1230 2990 1287 3043 in
1315 2991 1511 3059 azymis
1537 2989 1846 3044 sinceritatis
1873 2997 1922 3042 et
1966 3004 2048 3042 ve-

2138 1899 2453 1962 przecrpitet.
2503 1892 2649 1959 ideo,
2675 1891 2888 1961 fratres,
2928 1902 2989 1949 ut
3020 1894 3308 1965 Apostolus
3345 1896 3457 1952 ait:
3484 1895 3705 1953 Munde-

2140 1998 2257 2037 mus
2282 1998 2377 2037 nos
2403 1984 2468 2037 ab
2493 1984 2635 2037 omni
2656 1983 3042 2054 inquinamento
3083 1989 3256 2042 carnis
3287 1998 3336 2042 et
3359 1990 3592 2059 spiritus.
3617 1990 3717 2055 Et,

2140 2072 2315 2143 probet
2343 2090 2397 2128 se
2430 2075 2799 2147 unusquisque,
2839 2086 2889 2131 et
2914 2076 2991 2131 sic
3033 2078 3097 2132 de
3122 2095 3255 2149 pane
3276 2078 3368 2134 illo
3402 2079 3544 2146 edat,
3571 2090 3617 2136 et
3641 2081 3706 2137 de

2150 2163 2311 2220 calice
2331 2165 2488 2220 bibat.
3200 2184 3203 2189 ‘

2214 2344 2391 2418 Surgit
2413 2356 2585 2402 autem
2604 2365 2637 2401 a
2659 2363 2803 2402 caena
2851 2347 3128 2416 Dominus,
3159 2359 3208 2405 et
3243 2351 3386 2421 ponit
3409 2351 3721 2407 vestimenta
3771 2404 3777 2409 .

2143 2453 2259 2502 sua,
2291 2446 2339 2491 et
2372 2453 2490 2491 cum
2530 2439 2807 2509 accepisset
2853 2437 3072 2494 linteum
3111 2441 3385 2512 prwcinatit
3411 2458 3484 2496 se.
3513 2441 3713 2499 Deinde

2142 2526 2284 2581 misit
2310 2542 2501 2598 aquam
2526 2528 2581 2580 in
2606 2527 2813 2598 pelvim,
2835 2538 2885 2584 et
2916 2529 3063 2600 erepit
3100 2529 3276 2585 lavare
3302 2531 3455 2603 pedes
3476 2533 3709 2604 discipu»

2144 2615 2316 2671 lorum
2346 2634 2561 2672 suorum
2584 2617 2767 2690 (Joan.
2802 2620 3070 2690 xm).iioc
3093 2620 3297 2676 humile
3329 2622 3708 2690 ministerium,

2144 2706 2285 2777 quod
2314 2708 2570 2779 Dominus
2609 2709 2847 2778 prmbere
2875 2711 3125 2783 dignatus
3151 2722 3237 2769 est
3278 2714 3554 2786 discipulis
3577 2717 3707 2781 suis,

2145 2808 2198 2856 et
2223 2798 2354 2876 foris
2384 2802 2704 2858 humilitatis
2752 2804 2909 2861 nobis
2935 2821 3141 2878 magna:
3166 2807 3260 2863 dat
3311 2810 3709 2877 documentum,

2149 2900 2205 2947 et
2236 2892 2381 2947 intus
2410 2900 2580 2948 totum
2622 2894 2838 2965 plenum
2865 2905 2949 2952 est
2995 2899 3264 2969 mysteriis
3301 2900 3489 2957 salutis
3531 2911 3587 2958 et
3627 2918 3714 2959 rc-

2147 2981 2468 3052 demptiouis
2496 2991 2712 3039 nostrae.
2746 2984 3076 3042 Humilitatis
3102 3004 3328 3060 magum,
3351 2998 3405 3046 et
3431 3007 3558 3047 vere
3585 2992 3716 3047 inte-

486 3081 677 3136 ritatis.
705 3080 914 3147 Videte,
939 3080 1156 3146 fratres,
1195 3081 1383 3151 quales
1409 3080 1515 3135 duo
1543 3078 1790 3149 discipuli
1826 3078 2049 3133 mittun-
2078 3136 2117 3151 Α
2149 3071 2454 3137 stimabilis,
2480 3073 2622 3142 quod
2648 3073 2903 3130 Dominus
2950 3083 3137 3131 noster
3177 3079 3468 3134 secundum
3519 3080 3714 3137 divini-

489 3182 580 3228 tur
607 3174 673 3228 ad
701 3174 998 3243 parandum
1033 3173 1259 3238 Pascha,
1289 3172 1571 3228 sinceritas
1598 3180 1654 3226 et
1678 3171 1910 3237 veritas;
1939 3170 2049 3225 siu-
2073 3136 2118 3199 Ο
2150 3169 2313 3217 Mem
2353 3162 2514 3230 Deus.
2547 3175 2760 3220 εΐθθῑοι·
2806 3167 3068 3233 omnium.
3100 3177 3156 3224 et
3199 3173 3492 3227 secundum
3529 3175 3717 3228 huma-

490 3263 690 3319 ceritas
735 3263 912 3318 cordis
960 3263 1028 3317 ad
1074 3262 1392 3317 charitatem
1435 3261 1692 3332 pertinet,
1741 3259 1938 3315 veritas
1982 3258 2049 3315 ad

494 3353 689 3417 fidem;
713 3368 835 3406 nam
858 3353 913 3407 in
941 3353 1108 3407 veteri
1132 3352 1249 3424 iege
1277 3348 1535 3424 scriptum
1559 3360 1643 3407 est
1667 3369 1680 3405 :
1702 3350 1898 3425 Diliges
1921 3350 2052 3404 ami—

490 3460 608 3498 cum
638 3453 807 3510 tuum,
832 3452 880 3498 et
904 3443 1023 3498 odio
1046 3433 1254 3498 habebis
1276 3444 1542 3498 inimicum
1583 3452 1748 3496 tuum.
1771 3439 2052 3496 Remansit

489 3532 564 3588 ibi
590 3533 912 3589 fermentum
940 3533 1050 3589 odii
1081 3543 1136 3589 et
1169 3534 1365 3588 maiitae
1407 3533 1461 3587 in
1493 3530 1656 3588 Corde
1678 3532 1793 3603 ejus
1814 3531 1905 3601 qui
1926 3529 2051 3587 odio

491 3626 727 3681 habebat
745 3626 1020 3681 inimicum
1044 3642 1220 3693 suum,
1243 3625 1494 3682 Christus
1514 3632 1693 3680 autem
1716 3623 1829 3679 vult
1846 3623 2051 3678 Pascha

494 3716 615 3771 sine
639 3716 935 3781 fermento;
959 3717 1036 3770 ait
1059 3717 1202 3771 enim
1227 3736 1240 3771 :
1266 3716 1462 3787 Diliges
1489 3716 1780 3787 proximum
1805 3725 1951 3769 tuum
1980 3714 2052 3767 si-

492 3816 579 3861 cut
602 3804 866 3877 'teipsum,
897 3816 951 3862 et
977 3824 1082 3863 non
1111 3808 1317 3862 dimisit
1355 3807 1587 3877 aliquem
1624 3823 1785 3878 quem
1814 3807 2046 3874 odisses;

492 3914 667 3952 omnes
691 3900 850 3965 enim,
880 3899 1073 3967 inquit,
1094 3898 1283 3962 fratres
1311 3898 1451 3953 estis.
1477 3898 1643 3953 Vetus
1665 3897 1749 3951 lex
1780 3896 2053 3951 vindicare

491 3987 745 4058 praecepit
765 3988 1081 4057 sanguinem
1108 3987 1357 4058 proximi,
1392 3986 1465 4041 ibi
1492 3984 1812 4041 fermentum
1849 3985 1942 4039 iraa
1966 3998 2052 4039 re-

492 4079 708 4131 mansit.
750 4077 994 4133 Christus
1043 4064 1221 4134 autem
1255 4096 1268 4132 :
1303 4076 1481 4143 Orate,
1517 4077 1710 4146 inquit,
1749 4092 1842 4147 pro
1880 4091 2053 4145 perse-

491 4171 762 4239 quentibus
804 4187 924 4235 vos;
954 4181 1009 4225 et
1038 4171 1273 4224 iterum:
1309 4169 1558 4223 Dimittite
1584 4176 1793 4239 peccata
1828 4166 2052 4237 fratrum

493 4270 797 4324 vestrorum,
828 4261 891 4314 de
939 4260 1180 4314 cordibus
1235 4261 1433 4314 vestris.
1463 4258 1589 4313 Vult
1616 4257 1780 4322 enim,
1811 4266 1872 4311 ut
1918 4256 2049 4321 dixi,

492 4349 585 4402 ubi
625 4349 713 4401 ille
755 4364 973 4403 manere
1014 4348 1284 4419 dignatur,
1329 4348 1660 4403 mansionem
1686 4347 1885 4401 habere
1936 4346 2053 4401 sine

492 4436 759 4495 fermento
784 4437 1020 4491 malitiae.
1047 4436 1155 4492 Cor
1173 4453 1321 4507 ergo,
1346 4437 1435 4491 ubi
1455 4429 1697 4492 Christus
1716 4435 1920 4491 Pascha
1940 4437 2054 4492 vult

495 4526 837 4592 manducare,
869 4526 973 4584 ﬁde
1014 4527 1087 4583 sit
1132 4537 1188 4583 et
1236 4528 1496 4582 charitate
1541 4535 1810 4597 paratum,
1838 4535 1893 4582 et
1921 4534 2049 4584 tunc

495 4614 714 4683 dignum
765 4625 933 4672 estut
974 4615 1220 4672 Christus
1248 4618 1300 4672 in
1339 4632 1404 4672 eo
1448 4623 1679 4672 maneat.
1709 4616 1811 4683 Ite,
1854 4616 2045 4687 inquit,

493 4705 563 4759 ad
590 4707 1042 4777 quemdamrNou
1080 4709 1377 4763 nominavit
1406 4707 1666 4776 aliquem,
1708 4716 1767 4763 ut
1817 4707 2047 4764 liberum

493 4798 781 4869 unicuique
807 4815 926 4856 esse
964 4801 1220 4873 signaret,
1247 4809 1428 4856 utrum
1454 4801 1724 4856 Christum
1754 4784 2050 4871 susciperet

494 4902 561 4942 an
584 4904 710 4944 non.
742 4889 932 4959 Prope,
954 4891 1051 4958 ait,
1089 4900 1162 4946 est
1190 4901 1386 4962 tempus
1425 4908 1613 4946 meum.
1645 4892 1877 4962 Tempus
1901 4892 2048 4947 vide-

492 4978 623 5035 licet
650 4993 756 5050 quo
804 4980 1096 5035 finiendum
1130 4989 1251 5037 erat
1276 4991 1430 5037 vetus
1476 4980 1817 5046 fermentum,
1848 4990 1908 5036 ut
1951 4981 2050 5035 im-

500 5071 796 5126 molaretur
809 5069 991 5142 Agnus
1009 5074 1123 5129 sine
1135 5075 1341 5128 macula
1362 5089 1459 5143 pro
1479 5073 1713 5144 peccatis
1738 5074 2012 5129 hominum
2035 5089 2050 5128 :

497 5159 601 5215 hoc
647 5168 732 5216 est
784 5162 947 5227 enim,
976 5171 1037 5217 ut
1076 5178 1237 5235 supra
1289 5164 1544 5230 diximus,
1574 5165 1800 5231 Pascha,
1825 5179 1931 5235 quo
1962 5165 2054 5219 ille

500 5251 747 5306 transivit
780 5252 846 5307 de
869 5263 1041 5311 morte
1065 5256 1132 5310 ad
1162 5255 1325 5308 vitam
1349 5264 1626 5309 aeternam.

579 5345 793 5417 Vespere
814 5361 986 5407 autem
1011 5370 1155 5408 cana
1183 5354 1343 5423 facta,
1375 5369 1488 5406 cum
1540 5353 1777 5408 diabolus
1806 5354 1924 5424 jam
1949 5353 2047 5408 mi-

501 5438 648 5491 sisset
691 5440 744 5494 in
782 5444 932 5499 corde
969 5455 1026 5499 ut
1072 5446 1297 5499 traderet
1343 5461 1459 5499 eum
1509 5444 1679 5499 ludas
1725 5444 2045 5511 Schariotes,

502 5526 666 5581 sciens
684 5529 807 5597 quia
839 5534 1007 5587 omnia
1038 5535 1179 5588 dedit
1201 5534 1249 5587 ei
1271 5532 1430 5586 Pater
1452 5532 1507 5585 in
1543 5549 1748 5600 manus,
1773 5543 1820 5587 et
1855 5532 1977 5603 quia
2012 5549 2047 5586 a

504 5614 615 5688 Deo
637 5616 811 5683 exivit,
842 5629 891 5672 et
908 5622 974 5675 ad
1002 5623 1166 5678 Deum
1202 5623 1340 5690 vadit
1367 5623 1545 5694 (Joan.
1571 5622 1710 5693 xm).
1760 5623 1865 5679 ista
1893 5637 2045 5679 cmna

506 5706 780 5764 Dominica
820 5708 960 5768 sicut
982 5713 1134 5771 bonis
1152 5723 1207 5771 et
1235 5716 1418 5772 eiectis
1464 5714 1733 5785 discipulis
1760 5714 1897 5770 bona
1922 5713 2041 5778 fuit,

2144 3250 2371 3306 nitatem
2394 3260 2554 3322 caput
2582 3261 2826 3310 nostrum
2865 3264 2922 3312 et
2968 3257 3133 3313 totius
3158 3258 3434 3327 Ecclesiae,
3465 3261 3716 3332 dignatus

2146 3356 2229 3404 est
2254 3347 2418 3417 pedes
2460 3348 2640 3403 lavare
2667 3351 3075 3421 discipulorum,
3106 3353 3517 3425 exemplumque
3554 3356 3712 3411 nobis

2146 3437 2385 3509 praebere
2429 3454 2535 3508 quo
2563 3439 2793 3496 invicem
2845 3442 2981 3497 etin
3006 3444 3200 3514 pedum
3249 3444 3533 3511 iavatioue,
3559 3455 3614 3502 et
3660 3446 3715 3502 in

2147 3529 2396 3585 omnibus
2420 3545 2754 3601 quaecunque
2776 3533 3053 3588 evenerint
3074 3534 3486 3591 necessitatibus
3511 3536 3718 3593 servire
3809 3566 3813 3571 τ

2147 3635 2398 3677 curemus
2428 3640 2441 3676 :
2465 3623 2630 3693 pedes
2669 3624 2865 3695 quippe
2890 3624 3074 3680 intima
3104 3627 3346 3697 corporis
3374 3628 3633 3694 membra,
3662 3635 3725 3682 et

2149 3721 2305 3767 terra:
2331 3715 2576 3784 proxima
2606 3725 2749 3771 sunt.
2785 3715 2898 3781 Sic,
2920 3716 3138 3784 fratres,
3169 3718 3247 3772 sic
3266 3717 3521 3774 debemus
3566 3719 3720 3774 iniice

2148 3803 2407 3859 mioribus
2435 3806 2693 3862 membris
2719 3804 2998 3879 Christiin
3029 3809 3443 3864 necessitatibus
3461 3810 3573 3864 suis
3596 3826 3720 3865 suc-

2149 3897 2388 3960 currere,
2416 3909 2616 3965 eosque
2655 3896 2722 3951 de
2770 3905 2953 3951 nostra
2999 3897 3300 3953 humilitate
3329 3908 3383 3953 et
3428 3899 3715 3962 charitate,

2149 3991 2408 4052 quantum
2435 3985 2694 4051 volemus,
2720 4001 2931 4041 curare.
2951 3986 3083 4041 illud
3100 3987 3257 4043 nobis
3282 3987 3335 4043 in
3359 3990 3464 4044 hoc
3488 3990 3719 4061 mystico

2149 4075 2364 4133 Domini
2393 4078 2693 4134 ministerio
2715 4077 2846 4135 foris
2870 4079 3133 4146 iunuitur,
3160 4081 3254 4136 sed
3276 4088 3331 4136 et
3357 4095 3610 4150 maguum
3642 4080 3718 4135 in-

2110 4196 2121 4209 »
2150 4174 2236 4221 tus
2284 4166 2388 4223 hoc
2416 4166 2559 4224 facto
2589 4169 2895 4225 continetur
2921 4171 3264 4240 mysterium;
3300 4170 3472 4241 surgit
3500 4172 3716 4241 quidem

2151 4274 2182 4311 a
2222 4273 2375 4314 etena
2418 4261 2714 4328 Dominus,
2766 4263 2977 4332 quando
3028 4277 3060 4316 a
3112 4262 3494 4333 praedicatione
3543 4265 3721 4319 sancti

2150 4350 2422 4421 Evangelii
2474 4352 2738 4408 exaltatus
2771 4361 2853 4409 est
2883 4369 2983 4423 pro
3026 4353 3179 4409 nobis
3211 4352 3265 4407 in
3319 4367 3499 4419 cruce,
3537 4354 3717 4423 ponit—

2153 4455 2255 4510 que
2300 4441 2643 4509 vestimenta,
2682 4443 3038 4509 cum.anima,
3084 4458 3247 4513 quam
3288 4457 3387 4513 pro
3430 4443 3586 4500 nobis
3621 4458 3713 4499 as-

2157 4529 2400 4599 sumpsit,
2433 4531 2497 4585 ad
2523 4533 2709 4586 horam
2736 4547 2931 4602 corpus
2962 4534 3244 4590 deserente
3282 4543 3509 4615 mortem
3536 4543 3717 4606 gusta-

2157 4621 2237 4675 vit
2277 4637 2374 4691 pro
2400 4623 2667 4690 omnibus,
2695 4625 2751 4679 in
2792 4625 3012 4695 ipsoque
3050 4626 3239 4681 mortis
3266 4636 3538 4684 momento
3564 4643 3718 4684 acce-

2155 4709 2235 4781 pit
2268 4709 2511 4776 iinteum,
2550 4719 2607 4766 et
2633 4728 2691 4767 se
2726 4713 3026 4782 prmcinxit,
3075 4714 3263 4769 duram
3290 4715 3496 4770 scilicet
3534 4716 3721 4772 carnis

2157 4799 2455 4869 passionem
2490 4801 2779 4868 sustinens,
2832 4816 2930 4873 per
2969 4818 3129 4873 quam
3172 4804 3420 4874 spiritum
3463 4803 3712 4858 reddidit.

2157 4889 2303 4946 Misit
2338 4909 2527 4963 aquam
2550 4893 2604 4947 in
2630 4892 2835 4963 pelvim,
2859 4895 2984 4964 quia
3009 4895 3075 4951 de
3095 4895 3261 4951 latere
3283 4895 3398 4965 ejus
3418 4886 3569 4949 fluxit
3588 4910 3716 4950 san-

2153 4981 2272 5052 guis
2315 4982 2695 5052 redemptionis
2747 4992 2971 5048 nostrte,
3025 4992 3080 5039 et
3127 5000 3265 5056 aqua
3313 4985 3559 5056 baptismi
3604 5000 3717 5053 quo

2156 5072 2445 5127 abluuntur
2486 5081 2709 5143 peccata
2743 5073 2999 5140 fidelium,
3037 5075 3296 5147 sanguine
3334 5074 3547 5144 quidem
3575 5088 3712 5143 quo-

2150 5163 2306 5228 tidie,
2329 5178 2469 5234 aqua
2494 5179 2621 5220 vero
2648 5164 2831 5232 semei,
2855 5173 2913 5220 et
2941 5166 3044 5222 hoc
3071 5168 3125 5221 in
3152 5166 3323 5237 peivi;
3354 5168 3408 5221 in
3428 5165 3540 5221 sola
3566 5165 3719 5221 enim

2150 5253 2389 5309 Ecclesia
2414 5254 2682 5323 baptismo
2710 5263 3055 5326 peccatorum
3076 5257 3322 5313 remissio
3337 5258 3531 5327 agitur.
3554 5255 3711 5324 Nam,

2148 5353 2210 5400 ut
2255 5345 2386 5411 dixi,
2433 5359 2570 5413 aqua
2601 5354 2656 5399 et
2683 5346 2901 5416 sanguis
2938 5345 3071 5402 exiit
3102 5345 3170 5408 de
3207 5345 3375 5402 latere
3403 5345 3627 5411 Christi,
3656 5354 3715 5401 et

2152 5450 2287 5505 aqua
2332 5434 2496 5491 semel
2527 5434 2767 5490 lavamur
2818 5436 2872 5490 in
2925 5436 3292 5492 remissionem
3344 5444 3709 5507 peccatorum,

2149 5524 2406 5594 sanguine
2444 5537 2594 5590 vero,
2640 5526 2877 5595 quotidie
2924 5533 2982 5579 ut
3018 5524 3279 5589 lavemur,
3322 5539 3543 5580 necesse
3583 5534 3707 5579 cst:

2148 5616 2251 5672 hoc
2279 5624 2362 5671 est
2385 5616 2527 5672 enim
2548 5617 2688 5686 quod
2711 5616 2787 5670 ait
2820 5635 2833 5670 :
2859 5614 3022 5685 Carpit
3047 5615 3219 5671 lavare
3244 5627 3292 5670 et
3322 5624 3582 5685 extergere
3610 5614 3711 5669 lin-
3758 5682 3763 5689 Α

2150 5717 2251 5775 teo,
2281 5724 2381 5778 quo
2411 5719 2519 5764 erat
2563 5709 2891 5779 pra'cinctus.
2916 5705 3050 5763 Nam
3076 5706 3322 5774 linteum,
3345 5716 3405 5762 ut
3432 5722 3591 5777 supra
3612 5722 3709 5761 au-
