4064 6190
322 230 388 283 67$
574 224 579 233 ’
1320 221 1736 280 OPUSCULUM
1776 222 1864 276 DE
1900 219 2231 277 PASSIONE
2267 218 2518 276 DOMINI.
2560 208 2563 215 ’

3479 223 3551 281 66

319 342 498 405 distis,
520 341 750 395 dolorem
774 340 919 393 dum!
942 337 1204 407 passionis
1236 334 1496 404 designat,
1524 351 1682 405 quam
1704 350 1883 390 susce-
1910 337 1961 398 Α
1985 341 2157 388 morte
2183 332 2382 388 Christi
2414 334 2700 390 mandandi
2735 345 2912 391 erant.
2943 334 3049 391 Sed
3093 335 3162 402 si,
3187 334 3399 407 inquit,
3453 351 3555 409 ego

318 434 399 504 pit
434 447 533 502 pro
551 431 715 492 nobis,
748 438 853 499 qua
885 427 1135 499 passione
1172 427 1286 497 ipse
1311 426 1559 482 Christus
1583 426 1636 481 in
1666 426 1887 482 dextera

318 521 418 576 Dei
446 520 615 573 Patris
644 517 948 587 interpellat
972 530 1069 586 pro
1092 516 1267 570 nobis.

402 610 547 664 Venit
573 623 692 677 ergo
718 607 789 659 ad
810 605 1075 661 Simonem
1098 602 1336 668 Petrum,
1357 614 1403 658 et
1428 603 1550 657 dicit
1582 605 1630 658 ei
1654 601 1843 657 Petrus
1868 622 1881 658 :

318 699 555 761 Domine,
583 708 638 750 tu
658 696 785 750 mihi
806 694 950 749 lavas
969 694 1159 765 pedes?
1176 693 1457 764 Respondit
1479 694 1656 759 Jesus,
1679 703 1727 747 et
1753 694 1886 748 dixit

314 794 360 846 ei
383 810 401 845 :
435 790 591 856 Quod
619 806 713 861 ego
747 789 882 858 facio
912 797 968 841 tu
996 786 1161 841 nescis
1188 788 1361 853 modo,
1394 787 1522 841 scies
1546 796 1719 841 autem
1746 797 1887 856 post-

212 915 219 921 ο
314 898 392 935 ea.
446 880 595 934 Dixit
658 881 706 934 ei
758 876 993 932 Petrus:
1037 877 1159 932 Non
1220 877 1415 932 lavabis
1469 878 1595 930 mihi
1642 877 1792 947 pedes
1832 879 1887 933 in

315 984 584 1028 a’ternum.
604 973 887 1044 Respondit
906 976 952 1028 ei
972 973 1158 1027 Jesus:
1187 973 1244 1028 Si
1262 990 1362 1026 non
1384 971 1553 1027 lavero
1576 984 1644 1037 te,
1664 988 1765 1026 non
1785 974 1884 1027 Ita-

315 1066 448 1120 bebis
470 1076 675 1135 portent
698 1083 916 1119 mecum.
934 1065 1070 1118 Dicit
1094 1065 1143 1118 ei
1173 1061 1361 1118 Petrus
1386 1077 1403 1114 .'
1436 1062 1555 1117 Non
1581 1073 1777 1116 tantum
1798 1080 1887 1133 pe-

314 1158 400 1211 des
420 1174 581 1222 meos,
596 1157 687 1211 sed
712 1167 759 1211 et
783 1174 969 1210 manus
990 1166 1037 1210 et
1059 1165 1212 1225 caput
1236 1154 1417 1227 (Joau.
1443 1156 1582 1226 xm).
1608 1155 1768 1210 Venit
1793 1153 1885 1210 Je-

315 1266 402 1306 Sus
426 1249 492 1302 ad
521 1249 800 1304 Simonem
827 1249 1079 1313 Petrum;
1110 1249 1179 1303 ab
1208 1248 1298 1301 illo
1319 1248 1462 1303 enim
1489 1248 1665 1317 primo
1688 1248 1879 1318 cmpit:

312 1350 364 1395 at
392 1342 603 1405 Petrus,
632 1351 694 1394 ιιι
716 1351 838 1411 pote
865 1342 1043 1405 homo,
1059 1341 1273 1411 expavit
1300 1342 1367 1395 ad
1388 1341 1765 1406 ministerium,
1793 1358 1885 1396 cu-

308 1431 391 1499 jus
424 1430 706 1487 nesciebat
734 1431 1070 1503 mysterium.
1125 1430 1325 1485 Timuit
1356 1432 1550 1501 quippe
1572 1472 1599 1496 ,η
1640 1434 1886 1501 quamvis

311 1521 499 1581 bonus,
531 1529 589 1574 et
612 1535 779 1589 super
799 1520 951 1590 cujus
986 1520 1143 1574 ﬁdem
1164 1520 1402 1576 Ecclesia
1431 1520 1699 1576 fundanda
1726 1529 1844 1576 erat
1865 1563 1881 1589 ,

313 1618 490 1664 tamen
516 1611 679 1664 homo
722 1610 921 1674 timuit,
952 1610 1195 1680 inquam,
1227 1618 1285 1663 ιιι
1331 1626 1362 1664 a
1393 1611 1501 1665 Deo
1529 1610 1629 1665 sibi
1657 1611 1885 1666 servire-

1942 436 1951 455 ‘
1987 426 2237 481 mundavi
2262 442 2373 492 vos,
2404 426 2495 496 qui
2520 427 2884 496 prmdestinati
2910 429 3041 483 estis
3081 427 3147 483 ad
3185 423 3365 483 vitam'
3390 435 3551 484 teter-

1987 532 2131 581 nam,
2154 532 2258 572 non
2279 526 2453 573 tamen
2472 517 2617 589 (licet
2637 518 2909 574 vobiscum
2935 511 3552 584 mundetﬂurincreduli,

1985 618 2039 665 et
2052 610 2354 679 proditores
2372 610 2516 677 ﬁdei,
2532 610 2765 665 haeretici
2778 610 2981 666 scilicet
2999 609 3430 683 etschismatici),
3448 627 3553 666 non

1989 710 2189 768 tamen,
2213 702 2451 773 inquam,
2496 703 2676 757 mundi
2705 706 3113 772 permanebunt,
3150 704 3275 774 quia
3313 713 3434 775 post
3472 705 3556 761 di-

1984 793 2146 849 missa
2176 803 2395 864 peccata
2431 795 2495 848 ad
2538 792 2718 863 priora
2751 793 2888 848 mala
2936 803 3302 860 revertuntur,
3328 796 3556 865 ideoque

1984 892 2039 939 et
2065 884 2371 955 polluuntur
2394 899 2424 938 a
2446 884 2657 954 seipsis,
2685 884 2774 954 qui
2803 900 2835 939 a
2880 901 2966 940 me
2991 886 3232 940 mundati
3269 894 3411 942 sunt.
3440 885 3557 941 Hoc

1986 984 2163 1030 autem
2194 976 2327 1030 dixit
2354 984 2478 1030 tunc
2527 976 2593 1030 de
2628 974 2766 1030 Juda
2811 977 3089 1041 traditore,
3120 977 3214 1047 qui
3274 977 3399 1032 licet
3429 993 3553 1033 cum

1986 1065 2240 1136 apostolis
2266 1074 2390 1120 tunc
2410 1064 2699 1131 lavaretur,
2722 1065 2906 1120 statim
2932 1074 3109 1121 tamen
3131 1074 3254 1134 post
3280 1066 3551 1122 lavacrum

1987 1156 2229 1212 introivit
2258 1157 2309 1211 in
2340 1156 2484 1209 illum
2508 1155 2755 1222 Satanas,
2785 1164 2840 1211 et
2868 1156 3016 1211 illum
3039 1156 3287 1227 perdidit.
3310 1157 3401 1211 Ille
3425 1171 3555 1228 ergo

1984 1246 2150 1303 Judas
2166 1247 2430 1319 signiﬁcat
2453 1264 2548 1304 eos
2568 1248 2661 1318 qui
2686 1248 2739 1302 in
2753 1242 2989 1303 Ecclesia
3004 1247 3217 1318 quidem
3232 1264 3353 1303 cum
3368 1248 3554 1303 electis

1984 1341 2309 1412 baptismum
2337 1341 2663 1411 suscipiunt,
2707 1356 2816 1395 non
2855 1348 3034 1395 tamen
3075 1356 3199 1395 cum
3244 1339 3426 1394 electis
3484 1339 3553 1393 ad

1985 1432 2152 1486 vitam
2201 1440 2457 1487 aeternam
2507 1433 2850 1502 pervenient;
2894 1432 3022 1500 quia
3074 1430 3293 1487 dimissa
3332 1438 3555 1500 peccata

1985 1530 2256 1593 repetunt,
2288 1532 2341 1577 et
2374 1522 2557 1592 inique
2592 1530 2810 1593 agentes
2837 1521 3089 1577 Ecclesiae
3118 1521 3210 1575 Dei
3238 1520 3319 1574 vel
3344 1518 3556 1590 publico

1986 1620 2306 1685 repugnant,
2330 1613 2434 1680 vel,
2457 1612 2598 1684 quod
2649 1614 2865 1684 gravius
2893 1623 2997 1678 est,
3032 1628 3149 1667 eam
3178 1611 3387 1667 occulte
3414 1610 3557 1666 deci-

314 1713 427 1765 tur;
458 1704 554 1757 sed
597 1703 874 1758 nesciebat
901 1703 1028 1772 quid
1062 1702 1165 1758 hoc
1202 1703 1646 1775 signiﬁcaretur:
1678 1704 1885 1759 scilicet
1910 1697 1957 1756 B
1982 1706 2150 1775 piunt.

312 1794 452 1864 quod
494 1792 757 1848 Dominus
779 1807 874 1846 sua
902 1795 1154 1862 passione
1197 1794 1453 1848 mundum
1480 1810 1509 1847 a
1544 1794 1782 1864 peccatis
1807 1794 1885 1848 la-

307 1894 479 1950 vat-et,
512 1893 570 1939 et
600 1900 933 1955 quascunque
957 1894 1078 1955 post
1113 1886 1441 1956 baptismum
1490 1897 1711 1958 peccata
1738 1904 1885 1943 com-

310 1978 577 2042 misimus,
602 1975 716 2044 ejus
738 1977 977 2046 quotidie
1014 1977 1404 2043 misericordia,
1436 1986 1493 2033 ut
1524 1978 1880 2045 mundentur,

308 2070 627 2139 indigemus.
669 2068 781 2123 Iloc
812 2078 989 2124 autem
1020 2071 1267 2127 nesciens
1296 2071 1471 2126 adhuc
1504 2072 1712 2135 Petrus,
1741 2072 1885 2144 quod

308 2158 567 2215 Dominus
591 2160 897 2230 signiﬁcare
928 2161 1103 2227 vellet,
1132 2162 1209 2217 ait
1236 2181 1248 2216 :
1286 2163 1411 2217 Non
1437 2163 1562 2217 mihi
1587 2164 1784 2219 lavabis
1804 2181 1888 2234 pe-

306 2259 395 2307 des
419 2254 476 2308 in
501 2262 776 2307 teternum.
807 2252 957 2320 Quod
984 2252 1171 2324 utique
1194 2269 1383 2309 omnes
1407 2255 1601 2310 dicturi
1638 2265 1811 2321 erant,
1838 2256 1885 2311 si

305 2339 420 2409 ejus
460 2357 571 2397 non
617 2348 950 2396 terrerentur
976 2342 1222 2412 exemplo
1245 2384 1259 2409 ,
1310 2353 1365 2398 et
1387 2359 1451 2400 eo
1478 2345 1616 2415 quod
1629 2345 1884 2400 Dominus

304 2432 379 2484 ait
403 2449 418 2483 :
455 2429 516 2485 Si
543 2447 647 2485 non
673 2429 843 2485 lavero
864 2441 933 2497 te,
958 2449 1061 2487 non
1086 2433 1293 2489 habebis
1310 2446 1508 2506 partem
1529 2452 1746 2489 mecum.
1774 2436 1887 2492 Hoc

298 2522 447 2576 enim
479 2522 749 2585 timentes,
780 2530 834 2576 ct
862 2523 1388 2594 quantulamcunquc
1436 2525 1567 2580 facti
1606 2525 1748 2581 illius
1791 2542 1882 2580 ra-

307 2614 509 2665 tionem
562 2612 920 2681 pereﬂricntes
960 2614 1520 2684 conscnscrunt,quod
1553 2614 1732 2669 nullus
1758 2629 1885 2669 con-

300 2715 569 2756 sensuros
610 2710 796 2766 esset,
840 2702 887 2756 si
927 2702 1039 2757 haec
1060 2702 1220 2759 Petro
1273 2704 1415 2758 dicta
1458 2720 1565 2759 non
1618 2706 1880 2761 audirent.

309 2791 823 2861 RcSponditJesus:
857 2790 915 2846 Si
958 2809 1061 2847 non
1086 2792 1258 2847 lavero
1287 2803 1358 2858 te,
1404 2809 1506 2847 non
1525 2793 1736 2849 habebis
1769 2811 1887 2865 par-

310 2896 411 2938 teut
438 2902 655 2937 "tecum.
688 2885 801 2947 Nisi
832 2885 973 2940 enim
1006 2885 1128 2955 quis
1148 2893 1368 2940 renatus
1392 2884 1551 2940 fuerit
1577 2900 1644 2940 ex
1669 2902 1804 2956 aqua
1829 2897 1885 2944 et

308 2977 517 3047 Spiritu
546 2985 769 3041 sancto,
809 2993 913 3030 non
936 2972 1121 3045 potest
1140 2976 1363 3031 introire
1390 2976 1443 3029 in
1495 2992 1717 3047 regnum
1764 2977 1878 3033 Dei.

312 3046 383 3120 Et
414 3065 512 3119 nisi
542 3063 614 3117 nn
644 3064 882 3133 quotidie
915 3066 1242 3119 clamamus:
1271 3064 1484 3120 Dimitte
1523 3067 1668 3146 nobis
1713 3068 1885 3122 debita
1911 3046 1957 3113 C

310 3166 510 3220 nostra,
537 3170 644 3209 non
671 3155 967 3225 poterimus
994 3157 1061 3211 ad
1082 3157 1198 3226 ejus
1226 3165 1457 3229 partem,
1481 3157 1533 3211 id
1558 3165 1641 3213 est
1665 3174 1887 3230 regnum

312 3246 601 3312 caelorum,
622 3247 926 3317 pervenire.
953 3246 1122 3302 Lavat
1140 3262 1269 3320 ergo
1300 3247 1386 3303 ille
1414 3250 1577 3304 semel
1605 3251 1657 3305 in
1683 3252 1887 3323 baptis-

314 3356 401 3394 mo
429 3340 611 3394 omnia
643 3350 769 3394 ante
802 3348 920 3394 acta
946 3347 1189 3410 peccata,
1235 3340 1379 3395 lavat
1404 3341 1643 3412 quotidie
1664 3360 1762 3415 per
1792 3362 1888 3401 no-

313 3441 479 3485 stram
506 3430 880 3501 paenitentiam
910 3446 1030 3500 qua:
1055 3431 1440 3487 committimus
1466 3443 1709 3503 peccata.

381 3525 522 3578 Dicit
544 3542 666 3596 ergo
703 3524 751 3578 ei
771 3524 927 3579 Jesus
949 3538 968 3577 :
1000 3524 1103 3590 Qui
1129 3525 1267 3581 lotus
1296 3537 1393 3591 est,
1419 3544 1523 3582 non
1553 3530 1765 3601 indiget,
1788 3533 1889 3588 nisi

314 3628 369 3670 ut
392 3617 547 3686 pedes
574 3617 730 3682 lavet,
756 3616 845 3670 sed
880 3628 955 3671 est
1007 3617 1233 3672 mundus
1261 3627 1419 3672 totus.
1472 3619 1540 3674 Et
1569 3636 1656 3675 vos
1707 3624 1890 3678 mundi

314 3714 456 3777 estis,
484 3712 575 3767 sed
608 3728 713 3766 non
733 3728 939 3776 omnes;
963 3713 1155 3767 sciebat
1182 3714 1319 3769 enim
1371 3714 1611 3786 quisnam
1646 3726 1775 3771 esset
1801 3717 1891 3789 qui

316 3806 539 3859 traderet
572 3820 713 3869 eum,
759 3813 1027 3875 propterea
1054 3804 1188 3858 dixit
1214 3820 1232 3859 :
1268 3803 1390 3859 Non
1418 3809 1540 3861 estis
1566 3809 1750 3863 mundi
1777 3826 1891 3863 om-

318 3912 407 3953 nes
436 3894 614 3966 (Joan.
659 3893 799 3979 xui).
834 3892 933 3958 Qui
963 3893 1100 3949 lotus
1139 3904 1246 3957 est,
1291 3896 1486 3967 inquit,
1511 3915 1616 3953 non
1665 3900 1890 3972 indiget,

320 3988 421 4041 nisi
445 3997 497 4039 ut
525 3987 680 4057 pedes
709 3985 860 4041 lavet.
885 3986 985 4052 Qui
1010 3985 1066 4040 in
1098 3988 1365 4058 baptismo
1389 3989 1529 4045 lotus
1558 4000 1664 4058 est,
1687 4008 1790 4047 non
1816 3993 1895 4048 in-

316 4079 482 4151 diget,
519 4081 629 4135 imo
662 4095 769 4134 non
813 4079 991 4145 debet,
1023 4079 1221 4134 iterum
1262 4080 1558 4151 baptizari;
1614 4083 1704 4154 qui
1750 4083 1894 4139 enim

282 4185 288 4189 '
314 4172 647 4241 baptizatur,
676 4172 732 4225 iu
763 4178 937 4225 morte
962 4169 1165 4227 Christi
1217 4172 1520 4242 baptizatur
1546 4214 1561 4240 ,
1604 4174 1809 4230 scilicet
1838 4183 1897 4230 ut

315 4263 573 4318 omnibus
590 4271 713 4318 ante
734 4263 870 4318 actis
891 4262 1127 4332 peccatis
1154 4262 1435 4318 moriatur.
1451 4263 1551 4332 Qui
1576 4280 1706 4336 ergo
1726 4267 1898 4338 bapti-

318 4364 482 4409 zatur
508 4355 560 4408 in
592 4363 763 4408 morte
793 4353 1014 4419 Christi,
1055 4369 1175 4425 qua:
1208 4354 1374 4410 semel
1405 4353 1525 4422 fuit,
1553 4356 1890 4428 baptizatur,

318 4455 375 4501 et
403 4446 498 4515 qui
545 4444 864 4514 rebaptizari
889 4444 1023 4509 vult,
1050 4445 1204 4517 quasi
1244 4445 1436 4502 iterum
1467 4447 1594 4504 velit
1620 4448 1895 4509 Christum

320 4536 481 4590 tueri.
535 4534 674 4600 Ideo,
702 4534 919 4601 fratres,
950 4535 1083 4589 dixit
1123 4535 1379 4592 Dominus
1407 4556 1421 4591 :
1462 4537 1565 4604 Qui
1592 4538 1729 4595 lotus
1780 4552 1891 4610 est,

326 4643 429 4679 non
453 4625 670 4697 indiget,
696 4625 796 4678 nisi
834 4634 888 4678 ut
938 4625 1091 4694 pedes
1121 4624 1274 4680 lavet.
1303 4626 1439 4681 Cum
1466 4628 1607 4683 enim
1635 4640 1756 4699 post
1799 4633 1895 4687 ba-

324 4718 577 4788 ptismum
603 4716 768 4771 multa
800 4725 1019 4786 peccata
1057 4718 1438 4775 committimus
1464 4762 1481 4787 ,
1543 4722 1630 4776 illa
1675 4739 1896 4799 necesse

325 4818 409 4863 est
449 4819 507 4863 ut
535 4809 774 4880 quotidie
805 4809 1076 4875 laventur;
1122 4823 1219 4880 per
1249 4810 1412 4880 pedes
1441 4813 1584 4867 enim
1627 4813 1895 4887 signiﬁca-

329 4910 420 4954 tur
446 4901 544 4953 ista
574 4899 859 4953 conversio
885 4907 1119 4965 terrena,
1143 4900 1267 4971 quia
1284 4890 1429 4955 sicut
1448 4903 1673 4974 pedibus
1701 4914 1900 4962 terram

330 4993 675 5063 tangentibus
696 4992 937 5046 adhaaret
963 4991 1158 5061 pulvis,
1187 4992 1265 5048 sic
1294 4993 1349 5047 in
1375 4993 1477 5050 hoc
1502 4997 1699 5051 mundo
1720 4997 1902 5054 viven-

326 5086 472 5139 tibus
496 5084 650 5139 nobis
673 5084 909 5139 adhaeret
929 5085 1089 5139 etiam
1117 5101 1258 5156 saepe
1301 5086 1607 5144 nolentibus
1640 5088 1707 5143 de
1747 5106 1902 5146 mun-

326 5176 470 5230 dana
494 5174 849 5245 occupatione
893 5185 1193 5245 peccatum,
1217 5179 1357 5248 quod
1381 5179 1690 5248 quotidiana
1728 5183 1902 5252 poeni-

327 5267 500 5320 tentia
530 5267 731 5337 indiget
752 5275 811 5321 ut
837 5266 1063 5322 lavetur.
1091 5267 1159 5323 Et
1194 5287 1301 5335 vos,
1326 5271 1516 5342 inquit,
1554 5274 1736 5328 mundi
1757 5277 1897 5342 estis,

324 5356 422 5409 sed
448 5372 754 5410 nonomnes.
772 5356 830 5411 id
841 5364 944 5421 est,
965 5360 1174 5427 pcrhoc
1197 5375 1296 5430 ego
1318 5365 1458 5431 quod
1483 5365 1585 5421 hoc
1604 5367 1901 5426 ministerio

329 5446 639 5516 significare
661 5447 803 5513 volo,
822 5449 1111 5504 mandandi
1138 5453 1288 5515 estis,
1316 5464 1372 5507 et
1391 5458 1544 5524 quasi
1551 5455 1663 5524 jam
1686 5463 1898 5530 mundi;

329 5535 462 5604 quia
492 5550 522 5587 a
555 5535 777 5592 Domino
800 5534 912 5605 jam
943 5538 1140 5592 factum
1167 5548 1287 5593 erat
1320 5544 1460 5613 quod
1490 5545 1793 5604 hominibus
1818 5548 1901 5605 fu-

336 5634 519 5678 turum
548 5634 665 5679 erat
692 5639 708 5679 :
736 5641 859 5681 nam
887 5638 941 5683 ct
978 5628 1074 5694 illi,
1107 5639 1160 5683 et
1192 5646 1351 5688 omne
1400 5649 1567 5705 genus
1610 5637 1899 5698 humanum
1940 5625 1949 5634 ’

1923 4408 1972 4469 D

2112 1852 2115 1855 .
2588 1796 2814 1853 CAPUT
2848 1797 2937 1853 1V.

2053 1887 2339 1959 Postquam
2396 1905 2516 1959 ergo
2553 1889 2680 1942 lavit
2728 1888 2880 1959 pedes
2916 1904 3094 1942 eorum
3122 1926 3137 1953 ,
3183 1889 3375 1958 accepit
3408 1888 3558 1943 vesti-

1983 1987 2155 2033 menta
2178 1996 2301 2044 sua,
2331 1988 2378 2033 et
2409 1995 2524 2032 cum
2567 1978 2881 2032 recubuisset
2915 1978 3123 2042 iterum,
3154 1975 3281 2039 dicit
3309 1976 3414 2029 eis:
3439 1973 3554 2031 Sci-

1972 2072 2049 2147 tis
2077 2071 2202 2141 quid
2244 2071 2453 2141 fecerim
2486 2070 2664 2124 vobis?
2714 2068 2816 2124 Vos
2854 2070 3046 2123 vocatis
3092 2085 3173 2122 me
3208 2067 3460 2138 Magister
3502 2076 3554 2122 et

1987 2150 2221 2227 Domine,
2250 2172 2298 2216 et
2328 2162 2662 2226 benedicitis;
2689 2177 2805 2216 sum
2833 2161 3039 2214 etenim.
3082 2158 3143 2214 Si
3180 2176 3300 2228 ergo
3330 2176 3421 2230 ego
3449 2159 3552 2213 lavi

1980 2254 2132 2325 pedes
2157 2261 2347 2306 vestros
2363 2251 2617 2305 Dominus
2641 2260 2688 2305 et
2719 2249 2989 2321 Magister,
3020 2259 3067 2303 et
3096 2265 3180 2304 vos
3204 2249 3395 2304 debetis
3421 2249 3556 2302 alter

1982 2342 2196 2397 alterius
2218 2340 2393 2395 lavare
2411 2340 2583 2411 pedes.
2620 2338 2926 2401 Exemplum
2950 2338 3089 2392 enim
3136 2337 3258 2391 dedi
3286 2337 3453 2401 vobis,
3500 2345 3557 2391 ut

1981 2431 2416 2504 quemadmodum
2438 2447 2528 2501 ego
2559 2429 2659 2499 feci
2682 2429 2848 2494 vobis,
2865 2429 2937 2482 ita
2958 2437 3004 2483 et
3029 2445 3115 2482 vos
3145 2428 3354 2498 faciatis
3373 2426 3555 2499 (Joan.

1982 2523 2124 2596 xm).
2149 2523 2440 2594 Postquam
2491 2521 2620 2576 lavit
2671 2522 2837 2590 pedes
2882 2508 3300 2589 discipulorum,
3353 2517 3561 2587 accepit

1981 2617 2301 2672 vestimenta
2336 2631 2451 2680 sua,
2480 2615 2533 2669 id
2556 2621 2658 2680 est,
2687 2622 2973 2684 postquam
2998 2612 3087 2667 ille
3114 2627 3211 2683 per
3238 2627 3393 2666 suum
3436 2626 3561 2665 san—

1983 2708 2196 2779 guinem
2230 2714 2413 2763 nostra
2442 2706 2571 2760 lavit
2616 2714 2859 2775 peccata,
2893 2713 2950 2759 et
2991 2711 3222 2759 mortem
3251 2718 3348 2773 pro
3400 2701 3556 2757 nobis

1983 2799 2217 2871 gustavit
2246 2798 2561 2863 indebitam,
2590 2796 2886 2851 resurrexit
2907 2796 3065 2849 tertia
3095 2794 3199 2859 die,
3224 2803 3279 2849 et
3306 2808 3554 2862 corpore,

1983 2907 2092 2962 quo
2118 2906 2308 2963 passus
2340 2898 2446 2955 est,
2475 2890 2629 2943 vivus
2673 2874 2922 2958 apparuit
2949 2886 3222 2955 discipulis
3249 2885 3381 2941 suis.
3416 2884 3563 2940 Dixit

1985 2998 2115 3054 ergo
2146 2982 2246 3047 eis,
2278 2997 2398 3037 cum
2426 2980 2759 3035 recubuisset
2791 2996 2804 3032 :
2846 2978 2955 3032 Vos
2988 2977 3140 3033 scitis
3168 2977 3294 3047 quid
3336 2976 3561 3031 fecerim

1986 3074 2171 3130 vobis?
2192 3089 2287 3129 vos
2307 3072 2511 3129 vocatis
2529 3087 2616 3128 me
2643 3069 2893 3140 Magister
2920 3077 2976 3124 et
2995 3068 3250 3134 Domine;
3273 3067 3423 3123 scitis
3440 3082 3559 3137 qua:

1986 3165 2239 3220 mandata
2267 3164 2420 3219 vobis
2471 3162 2628 3218 dedi?
2660 3160 2717 3216 Si
2753 3173 2839 3215 me
2877 3158 3192 3229 Magistrum
3222 3159 3449 3221 vocatis,
3479 3156 3559 3211 fa-

1987 3256 2092 3312 cite
2128 3269 2248 3325 quze
2276 3255 2475 3319 doceo;
2508 3264 2565 3308 et
2608 3252 2654 3308 si
2683 3251 2965 3307 Dominum
3011 3250 3239 3314 vocatis,
3278 3249 3473 3306 servite
3499 3240 3559 3303 ut

1985 3343 2232 3400 Domino.
2249 3342 2378 3399 Sum
2395 3343 2559 3410 enim,
2572 3342 2766 3413 inquit,
2782 3340 3033 3413 Magister
3045 3340 3138 3411 qui
3153 3341 3402 3395 mandata
3416 3339 3558 3404 dedi,

1987 3443 2042 3491 et
2066 3434 2345 3498 Dominus,
2376 3434 2467 3503 qui
2497 3442 2552 3489 et
2589 3434 2769 3489 creavi
2793 3448 2922 3499 vos,
2974 3445 3028 3487 et
3054 3432 3295 3503 perditos
3327 3431 3554 3487 redemi.

1989 3525 2051 3582 Si
2074 3543 2194 3597 ergo
2221 3525 2322 3581 lavi
2374 3536 2566 3601 vestros
2601 3526 2755 3598 pedes
2798 3525 3055 3580 Dominus
3084 3534 3133 3581 ct
3170 3523 3462 3596 Magister;
3487 3523 3557 3590 si,

1988 3618 2181 3688 inquit,
2205 3633 2302 3689 ego
2323 3618 2413 3688 qui
2434 3634 2528 3674 vos
2557 3619 2782 3684 redemi,
2814 3620 2906 3689 qui
2932 3635 3032 3675 vos
3055 3610 3210 3676 dbcui
3242 3628 3298 3675 et
3324 3618 3556 3685 erudivi,

1988 3709 2035 3764 si
2067 3724 2167 3780 ego
2213 3717 2389 3765 vestra
2413 3722 2627 3782 peccata
2656 3711 2854 3777 dimisi,
2881 3712 2968 3768 cui
3009 3726 3116 3767 non
3165 3711 3373 3767 habetis
3419 3711 3561 3780 quod

1990 3801 2313 3866 dimittatis;
2362 3810 2418 3857 et
2450 3816 2547 3857 vos
2574 3802 2782 3858 debetis
2830 3803 2968 3857 alter
3021 3802 3242 3858 alterius
3291 3801 3562 3857 dimittere

1990 3903 2232 3965 peccata,
2262 3910 2490 3966 quorum
2535 3895 2903 3965 unusquisque
2938 3877 3101 3950 habet
3126 3902 3273 3950 certe
3311 3893 3451 3968 quod
3481 3892 3561 3946 al-

1992 3985 2093 4041 teri
2122 3985 2375 4040 dimittat.
2436 3983 2744 4055 Ezrempbtm
2798 3986 2935 4040 enim
2962 3985 3083 4039 dedi
3120 3985 3259 4040 vobis
3299 3994 3354 4038 ut
3383 3999 3562 4056 quem-

1993 4076 2275 4131 admodum
2302 4093 2394 4147 ego
2423 4077 2523 4145 feci
2552 4077 2691 4131 vobis
2717 4116 2734 4143 ,
2786 4087 2836 4132 et
2865 4094 2950 4132 vos
2978 4077 3208 4148 faciatis.
3238 4077 3561 4148 Exemplum

1993 4166 2150 4223 nobis
2168 4166 2315 4222 dedit
2341 4166 2599 4222 Dominus
2623 4166 2897 4223 dimittens
2912 4175 3097 4222 nostra
3126 4176 3367 4239 peccata,
3388 4175 3443 4222 et
3461 4180 3560 4223 sua

1994 4274 2092 4314 nos
2115 4258 2366 4329 passione
2410 4258 2702 4323 redimens,
2725 4268 2797 4314 -ιιι
2819 4267 2877 4315 et
2900 4274 2999 4314 nos
3024 4275 3313 4331 sequamur
3335 4258 3561 4331 vestigia

1995 4348 2113 4420 ejus
2139 4348 2376 4419 quotidie
2404 4349 2544 4404 inter
2572 4365 2669 4405 nos
2691 4360 2911 4421 peccata
2934 4349 3286 4417 dimittentes,
3313 4358 3369 4405 et
3402 4350 3445 4405 si
3465 4364 3562 4405 ne-

1996 4442 2222 4497 cessitas
2248 4441 2508 4508 evenerit,
2529 4442 2692 4497 etiam
2719 4457 2817 4513 pro
2841 4441 3039 4498 Christi
3061 4443 3277 4498 nomine
3294 4434 3438 4499 'mori
3463 4457 3560 4514 pa-

1996 4530 2097 4586 rati
2122 4528 2309 4597 simus,
2337 4532 2476 4587 sicut
2504 4530 2593 4586 ille
2611 4545 2709 4602 pro
2735 4532 2887 4588 nobis
2911 4533 3045 4588 mori
3079 4533 3325 4604 dignatus
3350 4546 3453 4588 est.

2065 4622 2252 4690 Amen,
2274 4641 2425 4679 amen
2453 4624 2571 4680 dico
2598 4625 2771 4692 vobis,
2813 4642 2918 4681 non
2949 4635 3025 4681 est
3061 4643 3235 4682 servus
3256 4628 3429 4698 major
3469 4628 3560 4682 do-

1993 4715 2134 4770 mino
2161 4732 2279 4780 suo,
2309 4733 2470 4787 neque
2506 4718 2769 4789 apostolus
2810 4720 2983 4790 major
3006 4736 3065 4775 eo
3108 4721 3199 4792 qui
3224 4721 3362 4776 misit
3408 4721 3559 4775 illum

1996 4807 2175 4879 (Joan.
2205 4808 2348 4880 xm).
2385 4807 2625 4877 Vocatis,
2660 4809 2854 4883 inquit,
2885 4827 2972 4867 me
2996 4812 3279 4866 Dominum
3322 4821 3374 4868 et
3399 4811 3559 4882 Magi-

2000 4907 2203 4966 strum;
2246 4915 2373 4972 ergo
2393 4901 2440 4956 si
2462 4901 2605 4957 servi
2628 4903 2775 4968 estis,
2812 4904 2951 4959 sicut
2978 4919 3103 4960 vere
3125 4905 3280 4971 estis,
3303 4920 3407 4959 non
3428 4906 3559 4959 estis

1955 5068 1963 5078 .
2001 4989 2232 5059 majores
2255 5006 2342 5046 me
2371 4992 2595 5047 Domino
2615 5001 2797 5049 vestro
2822 5011 2838 5053 :
2866 5007 2922 5049 et
2951 4995 2997 5051 si
3025 4995 3247 5065 apostoli
3268 4995 3373 5049 mei
3401 4995 3554 5059 estis,

2000 5098 2109 5139 non
2133 5084 2265 5140 estis
2288 5085 2518 5157 majores
2551 5101 2637 5141 me
2666 5087 2758 5158 qui
2787 5088 2905 5143 misi
2937 5103 3051 5143 vos.
3092 5087 3379 5158 Apostolus
3410 5087 3554 5142 enim

2001 5175 2207 5244 Graece,
2231 5177 2418 5233 Latine
2444 5178 2638 5235 missus
2663 5179 2876 5236 dicitur.
2899 5181 2956 5236 Si
2995 5191 3173 5237 autem
3201 5179 3428 5249 majores
3448 5194 3557 5235 non

2004 5273 2156 5340 estis,
2192 5274 2473 5349 sequimini
2508 5290 2594 5330 me
2630 5276 2885 5346 majorem
2926 5277 3104 5342 vobis;
3157 5284 3211 5332 et
3243 5276 3287 5330 si
3320 5290 3420 5347 ego
3452 5275 3556 5331 feci

2003 5364 2154 5420 vobis
2181 5364 2473 5422 minoribus
2497 5374 2663 5433 tanta,
2679 5379 2878 5439 quanto
2899 5368 3068 5439 magis
3086 5368 3289 5423 debetis
3316 5383 3411 5424 vos
3443 5366 3554 5423 fra-

2005 5457 2177 5513 tribus
2206 5456 2259 5512 in
2286 5460 2695 5517 necessitatibus
2736 5474 3067 5527 succurrere,
3093 5467 3148 5516 et
3178 5460 3316 5517 sicut
3341 5474 3441 5533 ego
3466 5463 3557 5519 be—

2004 5547 2208 5604 neﬁcus
2239 5548 2389 5605 vobis
2427 5550 2522 5616 fui,
2554 5563 2731 5609 vestra
2757 5568 2864 5608 non
2892 5554 3131 5624 indigens
3171 5556 3554 5624 beneﬁcentia,

2005 5640 2084 5697 sic
2109 5648 2164 5698 et
2188 5655 2281 5697 vos
2309 5639 2561 5702 fratribus
2584 5645 2774 5703 vestris
2826 5644 3049 5707 beneﬁci
3076 5652 3226 5711 sitis:
3257 5655 3327 5725 si,
3352 5654 3553 5729 inquit,
