4064 6190
477 252 546 309 67
1574 239 1845 297 canona
1882 216 2274 297 FULDENSIS
2312 228 2616 292 MONACHI
2693 294 2703 304 ,
2904 295 2912 303 _
3633 222 3700 276 cs

479 361 581 416 hoc
607 340 776 423 scitis,
800 354 939 411 beati
968 351 1138 418 eritis,
1166 351 1212 407 si
1239 350 1473 407 feceritis
1518 366 1600 411 ea.
1630 367 1735 405 non
1762 349 1967 404 scilicet
1986 350 2040 403 in
2068 351 2120 412 Α
2212 346 2333 414 Cui,
2362 344 2554 414 inquit,
2584 343 2855 396 intinctum
2892 355 3071 412 panem
3116 353 3391 410 porrexero
3412 377 3425 399 ,
3470 336 3579 406 ipse
3602 345 3697 389 est.

478 448 582 503 hoc
602 447 717 501 solo
756 442 1055 517 iustificati,
1079 441 1125 496 si
1153 440 1324 505 scitis,
1354 440 1447 495 sed
1473 441 1518 495 si
1549 454 1667 510 quas
1688 439 1857 495 scitis.
1894 438 2040 494 fece-

481 538 621 594 ritis.

556 622 678 680 Non
703 625 766 678 de
791 622 1026 677 omnibus
1051 621 1195 680 vobis
1215 618 1350 686 dico,
1385 621 1594 692 egoscio
1611 636 1739 691 quos
1761 619 1997 687 elegerim
2022 634 2041 672 :

480 717 570 773 sed
594 718 655 770 ’ut
693 713 969 783 impleatur
1020 712 1292 783 Scriptura
1318 724 1336 761 :
1373 709 1474 776 Qui
1523 709 1800 763 manducat
1842 712 2042 761 mecum

479 822 684 878 panem,
715 803 900 857 levabit
926 808 1213 855 conti-ante
1239 799 1577 854 calcaneum:
1604 798 1791 852 amodo
1816 797 1932 850 dico
1960 811 2045 850 vo-

482 899 557 953 bis
585 896 888 968 priusquam
907 894 1023 963 ﬁat,
1045 890 1246 947 ut'cum
1274 891 1472 962 factum
1498 890 1657 961 fuerit
1677 888 1899 943 credatis
1921 888 2043 959 quia

476 1009 572 1062 ego
597 995 709 1043 sum
745 987 924 1061 (Ioan.
956 987 1096 1059 nu).
1131 987 1270 1052 Nan,
1314 984 1505 1055 inquit,
1538 984 1602 1039 de
1625 982 1872 1038 omnibus
1895 980 2046 1057 vobis

480 1083 600 1138 dico
625 1083 767 1152 quad
795 1080 939 1136 beati
963 1079 1099 1144 sitis,
1123 1088 1215 1133 aut
1238 1077 1427 1133 factori
1447 1077 1562 1132 sitis
1575 1091 1638 1130 ea
1656 1076 1776 1144 quae
1799 1072 2045 1129 mandavi

479 1172 650 1228 vobis.
686 1170 791 1226 sed
819 1187 910 1240 ego
945 1171 1051 1223 scio
1074 1172 1202 1241 quos
1239 1165 1496 1238 elegerim.
1528 1167 1727 1222 Omnes
1756 1164 1898 1220 enim
1927 1160 2047 1217 illos

480 1263 763 1319 duodecim
797 1260 1004 1333 elegit;
1037 1259 1227 1316 ludam
1259 1258 1452 1324 solum,
1491 1250 1550 1312 ut
1579 1273 1678 1327 per
1704 1272 1825 1312 eum
1862 1252 2049 1325 imple-

484 1362 633 1408 retur
662 1353 760 1406 ista
793 1350 1108 1421 Scriptura:
1144 1349 1246 1416 Qui
1267 1349 1546 1403 manducat
1572 1364 1771 1402 mecum
1818 1361 2044 1417 panem,

480 1440 667 1495 levabit
695 1432 875 1494 centra
904 1455 985 1493 me
1008 1437 1329 1493 calcaneum.
1359 1437 1484 1494 Illos
1511 1437 1644 1493 alios
1668 1436 1828 1508 elegit
1860 1436 1926 1490 ad
1960 1438 2048 1491 se-

479 1532 792 1589 minandum
844 1536 1026 1589 semen
1083 1534 1255 1588 sancti
1304 1532 1574 1604 Evangelii
1625 1546 1724 1601 per
1758 1529 2046 1586 'mundutu.

476 1624 594 1691 Sic,
617 1625 831 1690 fratres,
854 1625 1047 1679 videtis
1074 1622 1311 1693 quotidie
1337 1623 1392 1678 in
1418 1623 1656 1678 Ecclesia
1698 1621 1863 1677 falsos
1895 1618 2052 1677 Chri-

2141 434 2469 510 Respondcns
2513 430 2687 488 autem
2722 430 2893 485 Iudas
2944 431 3033 500 qui
3073 422 3289 482 tradidit
3331 443 3471 491 eum,
3517 425 3648 479 dixit
3685 442 3701 477 :

2143 528 2396 601 Nunquid
2422 544 2515 599 ego
2561 542 2675 580 sum
2695 566 2710 592 ,
2743 518 2950 577 'Rabbi?
2996 516 3081 575 Ait
3108 519 3230 576 illi:
3262 519 3340 573 Tu
3384 519 3584 573 dixisti.
3636 519 3707 573 Et

2141 620 2457 688 comantibus
2473 619 2547 673 eis
2568 615 2699 671 dixit
2725 615 2878 670 Iesus
2902 629 2919 666 :
2948 608 3217 668 Desiderio
3248 608 3535 665 desideravi
3562 608 3711 665 man-

2141 714 2337 767 ducare
2365 711 2623 767 vobiscum
2652 710 2748 762 hoc
2776 708 2993 779 pascha,
3021 712 3296 776 antequam
3326 699 3516 773 patiar,
3550 713 3596 757 et
3620 721 3703 758 ac-

2139 804 2334 873 cipiens
2353 818 2537 873 panem
2565 799 2821 855 benedixit
2853 815 2913 852 ac
2946 792 3128 868 fregit,
3153 795 3391 866 deditque
3415 791 3707 865 discipulis,

2142 902 2190 948 et
2219 893 2291 947 ait
2325 905 2344 944 :
2385 891 2612 961 Accipite
2642 900 2688 944 et
2740 880 2988 942 comedite
3012 928 3027 953 ,
3076 888 3171 940 hoc
3217 878 3289 939 est
3319 900 3504 956 corpus
3538 876 3709 939 meum

2142 986 2283 1057 quod
2309 1001 2403 1056 pro
2430 984 2568 1039 vobis
2596 983 2862 1047 tradetur,
2889 981 2985 1050 hoc
3029 979 3184 1051 facite
3218 981 3272 1032 in
3300 968 3467 1032 meam
3492 994 3714 1032 comme-

2144 1077 2514 1131 morationem:
2540 1086 2588 1129 et
2616 1074 2872 1144 accipiens
2900 1071 3114 1126 calicem
3138 1072 3333 1141 gratias
3354 1071 3478 1142 egit,
3501 1067 3549 1125 et
3571 1058 3713 1125 dedit

2144 1167 2251 1222 illis
2276 1168 2450 1221 dicens
2470 1185 2489 1221 :
2524 1165 2693 1219 Bibite
2723 1182 2787 1219 ea:
2816 1165 2911 1218 hoc
2953 1164 3160 1227 omnes;
3198 1162 3280 1216 hic
3309 1170 3385 1216 est
3405 1162 3543 1216 enim
3586 1180 3712 1217 san-

2134 1256 2262 1332 guis
2286 1276 2430 1314 meus
2460 1256 2595 1312 Novi
2624 1256 2958 1320 Testamenti,
2984 1255 3072 1327 qui
3099 1271 3193 1326 pro
3216 1252 3393 1308 multis
3418 1243 3720 1325 e/I'undetur

2145 1352 2202 1407 in
2244 1351 2595 1406 remissionem
2623 1359 2970 1420 peccatorum.
3008 1346 3140 1401 Dico
3177 1354 3353 1401 autem
3394 1346 3535 1401 vobis
3577 1336 3717 1418 quod

2128 1438 2252 1501 'non
2274 1446 2443 1501 bibam
2473 1445 2661 1499 amodo
2698 1445 2762 1498 de
2787 1445 2883 1498 hoc
2905 1443 3161 1513 genimine
3183 1442 3297 1497 vitis
3316 1458 3475 1513 usque
3492 1442 3548 1496 in
3581 1440 3718 1497 diem

2136 1530 2317 1601 'illum,
2341 1554 2458 1592 cum
2482 1529 2616 1591 illud
2640 1536 2810 1590 bibam
2841 1534 3101 1589 vobiscum
3124 1549 3310 1587 novum
3346 1534 3402 1587 in
3426 1549 3582 1604 regno
3610 1531 3721 1587 Pa-

2150 1632 2245 1686 tris
2272 1632 2389 1685 mei.
2428 1619 2793 1686 Verumtamen
2829 1646 2944 1683 ecce
2998 1645 3187 1682 manus
3232 1628 3483 1684 tradentis
3506 1645 3586 1683 me
3611 1646 3723 1683 me-

479 1717 710 1782 stianos,
746 1716 837 1785 qui
885 1716 1165 1771 nobiscum
1196 1716 1523 1770 manducaut
1566 1728 1790 1785 panem,
1842 1711 2054 1783 οἱπροιὶ

2163 1742 2271 1779 cum
2292 1735 2365 1780 est
2385 1725 2441 1779 in
2464 1741 2675 1790 mensa;
2703 1733 2749 1778 et
2775 1739 2894 1776 cum
2918 1722 3208 1776 intinxisset
3235 1736 3438 1791 panem,
3463 1719 3604 1775 dedit
3621 1719 3721 1775 Iu-

480 1805 731 1860 videlieet
766 1805 964 1860 Christi
1015 1813 1071 1861 et
1119 1804 1363 1876 sanguini
1399 1800 1513 1874 ejus
1558 1806 2047 1871 communicantes,

483 1895 606 1963 bos,
639 1896 876 1966 inquam,
901 1895 1099 1951 videtis
1126 1895 1368 1952 levantes
1399 1898 1587 1953 contra
1609 1886 1912 1952 'Ecclesiam
1942 1896 2051 1952 cal-

481 1999 740 2051 caueum;
772 1984 898 2056 quia
945 1985 1001 2040 in
1038 1985 1144 2040 ﬁne
1186 1987 1397 2056 parebit
1423 1986 1553 2056 quid
1596 1988 1754 2042 ‘ante'a
1802 1985 2050 2054 fuerunt,

481 2091 607 2131 cum
621 2076 895 2131 nobiscum
906 2074 1219 2147 viderentur
1229 2076 1370 2142 esse,
1384 2079 1478 2132 sed
1495 2085 1599 2133 non
1615 2085 1847 2132 erantex
1863 2077 2017 2132 nobis
2036 2094 2048 2130 :

485 2177 542 2223 et
568 2168 657 2223 isti
691 2167 847 2223 electi
877 2175 1031 2234 sunt,
1078 2168 1171 2223 sed
1196 2168 1264 2222 ad
1309 2168 1657 2223 tentationem
1701 2167 1970 2232 Beelesiae,
1999 2154 2058 2222 ut

486 2275 582 2330 per
612 2274 707 2315 eos
724 2260 985 2315 'scandala
1031 2259 1198 2325 ﬁant,
1240 2268 1295 2315 et
1331 2259 1572 2315 Ecclesia
1599 2276 1696 2330 per
1746 2260 2057 2330 patientiam
2138 2264 2143 2269 ’

485 2352 752 2426 proﬁciat.
782 2350 919 2407 Nam
947 2350 1160 2422 semper
1176 2366 1397 2407 necesse
1421 2350 1504 2407 est
1525 2351 1578 2406 in
1606 2352 1803 2406 mundo
1826 2350 2059 2407 utscan-

466 2441 607 2499 'dala
638 2442 787 2510 ﬁant,
818 2443 913 2499 sed
945 2446 1025 2498 va:
1049 2440 1125 2497 illi
1154 2442 1358 2498 homini
1382 2457 1480 2513 per
1509 2454 1668 2513 quem
1696 2442 1946 2498 scandala
1970 2456 2059 2496 ve-

466 2534 660 2588 niunt.
695 2530 762 2587 Ut
784 2532 1032 2599 credatis,
1062 2531 1161 2597 ait,
1183 2532 1308 2603 quia
1336 2548 1428 2602 ego
1454 2530 1581 2586 ‘su'm
1607 2573 1623 2598 ,
1674 2530 1729 2586 id
1754 2538 1839 2585 est
1862 2571 1878 2598 ,
1934 2530 2058 2600 quia

486 2639 588 2695 ego
608 2639 727 2678 sum
760 2624 825 2679 de
850 2630 957 2695 quo
991 2626 1049 2679 et
1096 2624 1201 2678 ista
1238 2621 1516 2693 Scriptura
1536 2631 1592 2678 et
1627 2618 1815 2677 omnes
1862 2622 2063 2677 sancta:

464 2710 783 2784 ‘Scripturae
809 2713 1174 2771 testimonium
1200 2714 1359 2780 dant;
1415 2713 1674 2785 quidquid
1712 2714 1855 2769 enim
1884 2713 1936 2768 in
1973 2728 2064 2768 ve-

467 2806 592 2862 ‘teri
614 2807 729 2879 lege
754 2796 1067 2877 przedictum
1096 2806 1232 2875 luit,
1262 2815 1433 2863 totum
1460 2807 1516 2862 in
1548 2806 1761 2863 Chrism
1788 2806 2064 2876 impletum

460 2898 612 2967 ‘fuit,
643 2909 700 2956 et
731 2900 872 2970 quod
909 2900 1172 2955 remansit
1194 2890 1593 2971 adimplendum
1621 2907 1705 2954 est
1749 2899 1803 2954 in
1830 2886 2065 2954 secundo

464 2989 606 3058 ‘ejus
630 2990 880 3054 adventu,
909 3004 1031 3044 cum
1060 2984 1149 3043 ille
1175 2988 1398 3044 veniens
1443 2987 1691 3043 omnibus
1714 2985 1982 3043 scandalls
2010 2984 2067 3041 fi-

2150 1813 2533 1880 da:_Scharioti,
2557 1825 2606 1869 et
2642 1798 3082 1886 past-buccellam,
3103 1821 3226 1865 tunc
3250 1810 3552 1887 introivitin
3570 1809 3720 1865 illum

2151 1898 2381 1960 Satanas
2436 1905 2646 1976 (Matth.
2676 1920 2834 1971 xxvr;
2879 1902 3006 1957 Luc.
3048 1902 3213 1973 'xxu).
3261 1900 3591 1973 Respondit,
3640 1899 3723 1956 in-

2151 1998 2285 2069 quit,
2308 1988 2478 2052 Indas
2506 2014 2519 2049 :
2552 1995 2805 2066 Nunquid
2844 2012 2935 2067 ego
2957 2012 3094 2061 sum,
3121 1992 3321 2049 Rabbi?
3342 1992 3462 2050 Iam
3508 2009 3612 2048 non
3638 1992 3722 2047 di-

2153 2096 2347 2160 gnatus
2375 2096 2456 2143 est
2490 2103 2613 2142 cum
2649 2087 2930 2141 Dominum
2962 2102 3155 2143 vocare
3182 2086 3322 2142 sicut
3354 2085 3537 2141 ceteri
3564 2085 3722 2140 disci-

2152 2181 2296 2251 puli;
2329 2182 2431 2236 hoc
2459 2180 2601 2235 enim
2631 2180 2765 2235 solet
2808 2195 2928 2235 esse
2968 2180 3321 2249 perditorum,
3353 2188 3430 2241 ut,
3461 2194 3585 2234 cum
3634 2179 3726 2233 de-

2155 2268 2405 2347 prehensi
2440 2271 2492 2325 in
2531 2271 2737 2326 scelere
2782 2266 3102 2342 arguuntur,
3131 2266 3312 2326 statim
3344 2270 3504 2326 irasci
3533 2279 3589 2325 et
3631 2285 3723 2325 su-

2156 2364 2342 2437 perbia
2373 2372 2574 2418 tumere
2605 2356 2882 2431 incipiant,
2908 2364 3059 2435 quasi
3085 2378 3182 2432 per
3210 2363 3313 2418 hoc
3333 2376 3397 2431 se,
3421 2362 3486 2417 de
3508 2368 3729 2431 peccato

2159 2440 2497 2512 excusantes.
2530 2452 2596 2508 Et
2623 2452 2805 2519 Iesus,
2833 2462 2909 2517 tu,
2940 2453 3144 2522 inquit,
3184 2454 3384 2508 dixisti.
3409 2451 3520 2508 Nec
3546 2460 3731 2522 aperte

2161 2546 2433 2611 revelavit,
2463 2560 2564 2600 nec
2589 2552 2768 2599 tamen
2792 2544 3036 2614 negavit;
3069 2544 3185 2610 sed,
3204 2555 3281 2609 tu,
3310 2543 3502 2613 inquit,
3524 2542 3729 2597 dixisti.

2162 2636 2362 2693 Eodem
2387 2635 2548 2690 modo
2573 2628 2926 2703 respondebat
2948 2633 3123 2689 Pilato
3160 2631 3394 2706 praesidi,
3425 2634 3517 2704 qui
3547 2633 3734 2703 utique

2164 2725 2306 2797 quod
2330 2722 2714 2794 interrogabat,
2737 2737 2841 2777 non
2872 2721 2970 2797 fuit
2994 2723 3184 2794 dignus
3212 2731 3270 2777 ut
3297 2723 3477 2778 sciret.

2778 2810 3005 2868 CAPUT
3050 2808 3116 2866 νς

2218 2898 2566 2961 Cc'enantibus
2594 2911 2767 2957 autem
2806 2901 2879 2957 eis
2902 2902 3095 2973 accepit
3131 2902 3286 2959 Iesus
3311 2889 3530 2975 'panem,
3562 2911 3618 2958 et
3650 2919 3735 2959 rc-

2167 2982 2334 3068 liqua.
2361 2996 2490 3052 llaec
2513 3003 2660 3061 sunt,
2685 2994 2899 3061 fratres,
2928 3005 3264 3050 sacramenta
3289 2995 3479 3052 salutis
3504 3004 3732 3060 nostrm;
3788 3042 3805 3047 -
3856 3028 3869 3043 -

494 3095 615 3135 nem
634 3079 892 3149 imponet,
913 3087 967 3145 et
990 3078 1308 3146 Eccle'siam,
1334 3078 1402 3135 ab
1424 3079 1572 3133 omni
1604 3079 1814 3133 macula
1841 3082 1896 3133 et
1933 3094 2064 3150 ruga

2168 3093 2258 3150 hic
2282 3098 2466 3147 uoster
2505 3088 2764 3161 Spiritalis
2789 3088 3001 3153 victus;
3050 3087 3166 3142 haec
3194 3087 3496 3142 animarum
3524 3095 3737 3141 nostra-

494 3177 796 3240 purgatam,
812 3169 1117 3224 i‘ntroducet
1132 3169 1190 3223 in
1217 3168 1442 3241 regnum
1469 3174 1649 3236 suum,
1673 3170 1857 3241 paleas
1884 3174 2065 3225 autem

464 3258 475 3269 “
494 3260 773 3317 comburet
786 3262 789 3277 ‘
802 3254 911 3332 igni
936 3254 1381 3332 inex'stinguibili.

566 3352 730 3407 Amen
757 3353 872 3406 dico
899 3350 1038 3406 vobis
1070 3336 1194 3422 quia
1235 3326 1333 3424 qui
1351 3352 1538 3423 accipit
1576 3369 1728 3424 quem
1757 3350 1968 3419 misero,
1988 3368 2069 3408 me

472 3436 719 3515 'accipit;
739 3444 829 3515 qui
850 3446 1023 3498 autem
1042 3460 1123 3497 me
1148 3444 1354 3515 accipit,
1377 3443 1561 3515 accipit
1580 3458 1696 3498 eum
1721 3445 1808 3516 qui
1826 3437 1907 3498 me
1930 3444 2071 3500 misit

470 3534 683 3609 '(Ioa'n.
714 3533 854 3607 xm).
896 3530 1021 3588 'Hdc
1054 3532 1206 3589 vobis
1241 3544 1426 3589 notum
1474 3534 1577 3601 'est,
1606 3533 1823 3600 fratres,
1848 3534 2073 3605 quodin

473 3624 944 3698 ‘przedicatoribus
965 3623 1078 3679 suis
1103 3622 1349 3679 ChriStus
1371 3623 1668 3694 accipitur;
1698 3620 1776 3679 sic
1801 3615 1947 3678 enim
1992 3623 2075 3678 di-

503 3726 689 3773 cturus
711 3724 793 3772 est
831 3715 886 3770 i‘n
912 3712 1038 3769 ‘line
1063 3712 1246 3768 mundi
1270 3731 1284 3768 :
1316 3712 1530 3779 Quoties
1559 3714 1752 3785 fecistis
1790 3712 1880 3768 uni
1902 3712 1966 3767 de
1993 3711 2073 3767 his

498 3806 730 3862 minimis
755 3806 902 3871 meis,
928 3805 1053 3858 mihi
1070 3804 1300 3874 fecistis.
1325 3803 1394 3858 Et
1416 3803 1508 3873 qui
1545 3804 1823 3859 Christum
1854 3803 2070 3873 aecipit,

503 3900 668 3955 totius
694 3907 894 3955 sanetae
924 3888 1201 3963 Trinitatis
1227 3896 1459 3952 adventu
1488 3897 1757 3967 gaudebit.

578 3997 709 4053 Cum
730 3998 839 4054 hwc
858 3997 1069 4053 dixisset
1097 3997 1252 4053 Iesus
1288 3999 1527 4054 turbatus
1551 4009 1626 4055 est
1648 3994 1855 4071 spiritu,
1883 3982 1929 4054 et
1950 3992 2073 4070 pro-

510 4097 725 4143 testatus
753 4096 826 4143 est
848 4130 862 4155 ,
904 4098 953 4142 et
999 4088 1128 4142 dixit
1155 4101 1174 4140 :
1197 4089 1396 4157 Amen,
1439 4092 1590 4143 auten
1626 4084 1917 4144 dico'vobis
1953 4090 2076 4160 quia

510 4198 646 4236 unus
669 4198 732 4236 ea:
754 4180 895 4265 vobis
918 4181 1086 4235 tradet
1135 4197 1235 4235 me.
1269 4180 1337 4234 Et
1361 4181 1654 4236 contristati
1678 4180 1825 4235 valde
1863 4176 2078 4250 aspicie-

467 4278 476 4283 '
512 4272 635 4325 bant
665 4271 735 4324 ad
760 4271 974 4323 invicem
999 4270 1258 4340 discipuli,
1296 4265 1592 4325 bctsitantes
1617 4271 1680 4325 de
1721 4287 1823 4341 quo
1866 4271 2074 4326 diceret.

519 4359 586 4412 Et
627 4368 884 4429 creperum
916 4358 1105 4428 singuli
1153 4358 1322 4413 dicere
1347 4373 1366 4412 .'
1400 4358 1651 4431 Nunquid
1678 4377 1770 4432 ego
1803 4378 1938 4428 sum,
1969 4361 2093 4427 Do-_

517 4451 693 4504 mine?
720 4449 850 4502 Erat
868 4454 990 4519 ergo
1013 4439 1306 4505 recumbens
1331 4469 1463 4506 unus
1494 4469 1559 4507 ea:
1592 4452 1859 4524 discipulis
1883 4456 1995 4524 ejus
2020 4456 2075 4509 in

510 4540 636 4594 sinu
653 4539 800 4604 Iesu,
823 4544 969 4611 quem
988 4540 1253 4611 diligebat
1281 4540 1455 4596 Iesus.
1482 4538 1661 4597 Innuit
1685 4560 1806 4614 ergo
1839 4543 1958 4600 huic
1987 4544 2075 4602 Si-

516 4634 643 4687 mon
664 4632 870 4699 Petrus,
902 4642 949 4688 et
972 4632 1103 4688 dixit
1141 4634 1191 4688 ei
1212 4648 1230 4686 :
1258 4633 1386 4701 Quis
1415 4630 1513 4702 est,
1532 4635 1597 4691 de
1639 4654 1739 4708 quo
1764 4638 1930 4692 dicit?
1952 4630 2078 4692 ‘Ita-

516 4744 619 4799 que
636 4733 751 4780 cum
773 4726 1083 4782 recubuisset
1118 4727 1205 4782 ille
1244 4726 1399 4799 super
1438 4739 1614 4799 pectus
1641 4730 1800 4797 Iesu,
1845 4730 2077 4784 dixitei:

524 4816 771 4882 Domine,
811 4817 1081 4888 quis‘est?
1109 4817 1560 4888 Respondit‘Iesu
1583 4810 1728 4874 :‘Ille
1765 4830 1839 4874 est
1865 4821 1950 4874 cui
1989 4835 2080 4890 ego

522 4911 797 4964 intinctam
819 4920 1002 4979 panem
1023 4910 1318 4981 porrexero.
1352 4909 1423 4964 Et
1460 4910 1600 4980 ﬁlius
1622 4904 1827 4982 quidem
1861 4910 2084 4966 hominis

528 4998 687 5064 vadit,
729 5001 861 5053 sicut
900 5002 1142 5069 scriptum
1185 5008 1290 5067 est;
1340 5002 1419 5056 va:
1455 5011 1625 5057 autem
1664 5000 1859 5056 homini
1894 5000 1972 5057 illi
1998 5019 2090 5074 per

529 5108 680 5161 quem
702 5089 875 5145 Filius
894 5091 1117 5147 hominis
1150 5094 1411 5156 tradetur,
1440 5094 1626 5148 bonum
1651 5103 1763 5148 erat
1790 5094 1899 5148 eisi
1936 5084 2089 5149 natus

534 5199 637 5237 non
667 5182 845 5253 fuisset
872 5183 1023 5236 homo
1045 5182 1133 5237 ille
1156 5182 1335 5254 (Ioan.
1374 5199 1503 5248 xm;
1541 5172 1922 5254 Μαιιιιῖχχγι).
1950 5178 2093 5238 Ριὲθα

533 5273 944 5329 dixitDominus
992 5275 1238 5330 audiente
1289 5274 1405 5344 ipso
1452 5275 1909 5344 proditore,un
1952 5264 2091 5329 unus

538 5376 605 5443 ex
631 5362 710 5420 eis
740 5378 861 5421 eum
908 5366 1203 5421 traditurus
1227 5376 1387 5432 esset,
1416 5366 1549 5419 dans
1595 5365 1771 5420 locum
1820 5364 2092 5434 poeniten-

540 5454 650 5517 tiaa,
672 5454 795 5510 utsi
823 5454 1096 5521 voluisset,
1124 5472 1155 5512 a
1184 5464 1294 5510 tam
1321 5455 1504 5526 grandi
1544 5454 1745 5509 scelere
1777 5455 1949 5509 adhuc
1970 5453 2090 5507 abs-

518 5538 719 5601 ‘tinere
743 5550 1017 5617 potuisset.
1052 5551 1290 5619 Cumque
1317 5562 1417 5602 nec
1441 5560 1536 5617 per
1575 5548 1690 5601 haec
1721 5545 1879 5599 verba
1904 5544 2091 5614 resipi-

518 5625 744 5710 “sce‘ret,
770 5639 968 5696 addidit
991 5641 1161 5697 adhuc
1187 5636 1517 5696 manifestius
1551 5652 1671 5692 cum
1698 5636 1979 5707 designans
2003 5653 2014 5689 :

2164 3199 2287 3240 rum
2318 3182 2493 3239 salus:
2536 3181 2639 3235 hoc
2672 3171 3070 3235 sacramentum
3099 3179 3340 3248 quotidie
3374 3179 3428 3234 in
3453 3186 3641 3234 sancto
3661 3179 3739 3233 al-

2168 3276 2269 3330 tari
2294 3274 2533 3345 agimus;
2560 3272 2663 3327 hoc
2698 3270 2858 3325 modo
2885 3285 2914 3325 a
2939 3269 3166 3324 Domino
3187 3277 3310 3341 post
3336 3252 3491 3326 vetus
3531 3269 3739 3325 Pascha

2166 3373 2441 3439 peractum
2469 3364 2607 3419 sicut
2629 3358 2874 3427 audistis,
2903 3362 3086 3432 coapit.
3118 3360 3319 3416 Panem
3339 3377 3465 3433 ergo
3492 3361 3737 3431 accepit:

2170 3457 2289 3512 ideo
2317 3460 2714 3511 sacramentum
2742 3451 2846 3506 hoc
2881 3450 2934 3504 in
2959 3465 3098 3521 pane
3137 3450 3306 3505 voluit
3326 3451 3445 3521 agi,
3486 3451 3613 3522 quia
3641 3452 3743 3507 Ec-
3833 3452 3837 3456 ’

2170 3544 2346 3601 clasis:
2375 3558 2485 3599 sua:
2512 3541 2914 3597 similitudinem
2943 3548 3064 3612 apte
3092 3540 3247 3611 panis
3271 3542 3553 3607 convenit;
3578 3541 3742 3612 panis

2171 3636 2315 3692 enim
2355 3650 2422 3691 ex
2447 3630 2631 3688 multis
2675 3631 2858 3702 granis
2896 3631 3142 3707 conuitis
3184 3638 3241 3686 et
3289 3629 3589 3699 conjunctis
3642 3646 3743 3701 per

2173 3728 2351 3800 ignem
2377 3726 2593 3791 transit,
2624 3733 2678 3780 et
2720 3731 2877 3794 aptus
2911 3723 3140 3779 ellicitur
3171 3722 3315 3779 unde
3347 3725 3456 3778 vita
3507 3723 3743 3779 hominis

2172 3827 2539 3876 sustentetur:
2567 3826 2622 3872 et
2657 3806 2895 3873 Ecclesia
2931 3830 3000 3872 ex
3033 3817 3215 3872 multis
3243 3817 3444 3872 sanctis
3479 3814 3667 3884 juncta
3689 3824 3746 3872 et

2172 3908 2356 3975 multis
2404 3902 2871 3973 tribulationibus,
2924 3907 3010 3962 vel
3063 3908 3288 3962 internis
3334 3906 3417 3962 vel
3471 3907 3740 3969 externis,

2173 3998 2333 4070 quasi
2366 3994 2608 4067 contrita
2645 4012 2742 4068 per
2789 4006 3016 4053 mortem
3053 3998 3247 4053 transit
3291 3998 3360 4053 ad
3388 3996 3552 4051 vitam
3580 3996 3745 4053 cccle-

2175 4101 2328 4147 stem.
2360 4090 2514 4146 llunc
2540 4098 2721 4157 autem
2780 4103 2976 4158 panem
3022 4089 3230 4158 accepit
3275 4087 3538 4143 Dominus
3562 4100 3743 4167 tcum

2175 4196 2369 4252 corpus
2392 4180 2688 4236 humanum
2727 4178 3126 4249 assumpsisset,
3158 4187 3213 4235 et
3246 4178 3561 4248 accipiendo
3587 4178 3747 4233 bene-

2158 4273 2339 4337 dixit;
2372 4288 2495 4327 nam
2531 4266 2706 4341 primo
2744 4270 2956 4340 parenti
2980 4266 3167 4325 nostro
3207 4268 3376 4323 Adam
3402 4277 3525 4338 post
3565 4276 3745 4323 trans-

2177 4367 2511 4439 gressionem
2534 4365 2736 4420 dictum
2758 4371 2841 4418 est
2865 4380 2877 4416 :
2907 4360 3186 4416 Maledicta
3213 4370 3352 4414 terra
3387 4361 3443 4415 in
3460 4377 3610 4431 opere
3632 4369 3742 4414 tuo.

2176 4460 2309 4516 Cum
2353 4454 2481 4527 ergo
2513 4455 2761 4512 Christus
2790 4455 2854 4509 de
2886 4453 2989 4508 hac
3026 4460 3170 4507 terra
3201 4466 3397 4522 corpus
3432 4451 3746 4522 assumpsis-

2177 4560 2278 4616 set,
2302 4542 2370 4604 de
2393 4563 2499 4619 qua
2523 4557 2578 4604 et
2606 4545 2779 4601 Adam
2804 4544 2977 4600 factus
3003 4552 3106 4609 est,
3142 4541 3417 4598 benedixit
3442 4542 3585 4596 illam
3633 4551 3747 4598 ter-

2175 4656 2291 4695 ram
2319 4655 2415 4696 sua
2459 4632 2824 4706 assumptione
2851 4651 2882 4689 a
2933 4634 3221 4690 maledicto
3255 4648 3377 4689 eam
3422 4633 3745 4700 absolvens,

2178 4728 2443 4803 fregitque
2479 4728 2648 4793 illam,
2674 4743 2795 4783 cum
2826 4729 2879 4781 in
2909 4741 3070 4783 cruce
3100 4727 3234 4782 mori
3265 4727 3627 4796 permisisset,
3654 4728 3749 4782 dc-

2181 4824 2363 4893 ditque
2390 4819 2664 4890 discipulis
2708 4819 2840 4884 suis,
2868 4812 2993 4872 cum
3038 4817 3118 4872 eis
3155 4817 3508 4872 ministerium
3552 4819 3751 4886 praedi-

2184 4913 2342 4970 candi
2375 4911 2430 4966 in
2475 4911 2722 4983 gentibus
2765 4909 2920 4973 dans,
2963 4908 3204 4963 diceret:
3245 4908 3347 4974 Ite,
3370 4910 3543 4962 docete
3572 4925 3751 4963 omnes

2184 5011 2376 5072 gentes.
2409 4999 2522 5054 Hoc
2555 5007 2638 5054 est
2678 4999 2821 5053 enim
2865 4998 3007 5067 quod
3037 4998 3122 5053 hic
3163 4999 3236 5053 ait
3265 5019 3277 5053 :
3311 5000 3536 5069 Accipite
3583 5010 3630 5055 et
3666 5017 3753 5054 co-

2162 5093 2393 5147 ‘medite.
2426 5090 2479 5145 Id
2518 5099 2619 5155 est,
2658 5098 2863 5160 gentes,
2894 5088 3054 5145 facite
3108 5105 3285 5144 meum
3322 5106 3515 5160 corpus
3537 5130 3553 5155 ,
3608 5094 3753 5161 quod

2187 5202 2283 5242 vos
2303 5184 2416 5253 jam
2441 5184 2591 5246 estis,
2631 5184 2773 5238 istud
2800 5192 2883 5238 est
2911 5199 3106 5255 corpus
3144 5184 3285 5253 quod
3319 5200 3418 5256 pro
3457 5186 3612 5241 nobis
3660 5188 3755 5241 da-

2190 5284 2294 5329 tur.
2325 5274 2475 5339 Quod
2504 5275 2646 5328 enim
2677 5290 2740 5327 ex
2780 5275 2867 5328 illa
2914 5290 3089 5330 massa
3138 5277 3351 5345 generis
3401 5279 3621 5332 humani
3668 5295 3753 5331 as-

2195 5365 2446 5433 sumpsit,
2499 5365 2746 5435 passione
2787 5363 2944 5437 fregit
2999 5376 3054 5419 ct
3108 5366 3335 5421 fractum
3380 5371 3751 5433 resuscitavit;

2193 5469 2414 5510 necesse
2438 5466 2520 5511 est
2551 5457 2694 5510 cnim
2721 5468 2778 5510 ut
2808 5457 2960 5527 panis
2982 5472 3077 5526 per
3114 5457 3287 5526 ignem
3317 5469 3578 5513 transeat.
3602 5459 3753 5529 Quod

2195 5545 2356 5616 igitur
2382 5562 2446 5601 ex
2486 5548 2638 5601 nobis
2684 5548 2841 5616 cmpit
2931 5548 3033 5602 hoc
3078 5561 3174 5615 pro
3224 5549 3379 5603 nobis
3414 5550 3654 5603 tradidit.
3690 5550 3755 5604 Et

2196 5652 2287 5693 vos
2319 5639 2578 5704 ccuneditc,
2616 5640 2713 5693 hoc
2743 5649 2846 5701 est,
2897 5653 3087 5707 corpus
3139 5637 3263 5692 illud
3309 5640 3560 5695 Ecclesia
3600 5642 3753 5710 perli-
