4064 6190
345 296 413 351 69

1349 252 1761 345 cruscucun
1788 254 1889 344 ius
1926 256 2256 343 Passioris
2291 256 2545 344 nam.

3494 283 3564 337 70

347 411 477 475 cite,
502 414 560 461 ut
598 413 711 459 tota
762 401 997 474 perlecta
1042 384 1180 457 unus
1217 401 1371 473 panis
1408 398 1667 455 elliciatur
1692 441 1707 454 .
1757 400 1908 471 quasi
1935 406 1986 466 Α
2008 400 2296 473 proditoris
2326 386 2683 475 pertinentes,
2701 397 2790 467 qui
2817 406 3034 450 manum
3058 376 3277 449 mittunt
3303 396 3469 465 super
3487 395 3565 450 al-

351 515 514 556 uuum
540 511 755 565 corpus,
789 495 944 567 cujus
968 502 1126 563 caput
1159 490 1406 547 Christus
1441 491 1529 545 sit.
1559 491 1627 544 Et
1654 506 1700 546 sr
1732 490 1909 547 adhuc

352 590 623 647 anneditis
668 566 865 657 panem
892 584 1116 646 doloris,
1148 600 1271 639 cum
1314 590 1490 655 tamen
1523 566 1663 657 Deus
1703 580 1911 655 dederit

353 682 544 738 dilectis
570 682 680 734 suis
705 693 825 747 post
846 660 1054 730 labores
1078 690 1335 735 somnum,
1366 681 1491 726 tunc
1514 680 1595 726 est
1622 666 1909 728 hairedita‘s

353 770 577 831 Domini,
612 769 667 822 in
698 782 803 837 qua
829 766 880 819 in
903 774 1160 819 aeternum
1187 761 1444 815 manebit.

417 840 685 928 Accipiens
718 834 908 910 vautem
951 864 999 908 et
1049 852 1259 906 calicem
1314 851 1509 920 gratias
1552 851 1652 921 egit
1682 834 1906 928 (Halm.

344 950 512 1012 tum).
538 926 756 1003 Gratias
778 941 887 1016 egit
915 945 1047 1021 Deo,
1072 942 1162 1012 qui
1189 942 1368 1019 omnia
1390 956 1509 995 cum
1531 940 1693 1021 Patre
1719 926 1827 994 dat.
1852 946 1912 993 ut

345 1041 498 1095 nobis
521 1012 836 1106 exemplum
862 1015 1015 1088 daret
1039 1041 1097 1085 ut
1119 1032 1296 1085 omnia
1320 1014 1448 1099 qua:
1469 1012 1727 1083 habemns
1748 1044 1780 1083 a
1799 1026 1910 1083 Deo

347 1147 441 1185 nos
467 1128 744 1196 accepisse
778 1125 1034 1178 sciamus.

412 1194 793 1283 Dedin—inquit
815 1253 830 1277 ,
871 1211 974 1265 illis
1030 1211 1245 1263 dicens:
1278 1207 1442 1261 Bibitc
1470 1224 1534 1261 ea:
1559 1208 1654 1260 hoc
1697 1194 1907 1283 omnes;

346 1310 425 1364 hic
456 1317 532 1362 est
559 1305 697 1359 enim
734 1304 946 1372 sanguis
970 1318 1112 1355 meus
1154 1299 1288 1353 Novi
1333 1298 1642 1352 Testamenti
1691 1278 1905 1367 (Matth.

312 1466 315 1471 _
347 1398 512 1465 x‘svn).
546 1394 930 1463 Unusquisque
967 1392 1129 1445 homo
1176 1405 1240 1443 ex
1289 1389 1494 1444 duabus
1534 1395 1748 1471 constat
1788 1387 1909 1441 sub-

345 1487 577 1547 stantiis,
607 1497 835 1552 corpore
881 1480 1084 1535 scilicet
1113 1487 1167 1532 et
1208 1479 1420 1542 anima;
1458 1486 1517 1531 ut
1550 1492 1677 1547 ergo
1702 1462 1909 1531 utrum-

320 1580 323 1587 ί
347 1596 448 1649 que
475 1580 803 1638 salvaretur,
825 1582 1112 1642 utrumque
1138 1586 1168 1624 a
1195 1569 1422 1626 Domino
1449 1578 1777 1639 assumptum
1803 1574 1905 1622 est.

338 1670 572 1740 'lquue
592 1670 647 1723 iu
669 1668 857 1722 noStro
878 1670 1216 1743 sacramento
1243 1670 1295 1716 et
1309 1661 1553 1730 corporis
1575 1659 1691 1728 ejus
1717 1668 1771 1714 et
1792 1675 1909 1713 san-

1991 498 2123 569 tare
2147 496 2415 556 meum,e't
2438 492 2614 545 tamen
2640 490 2708 544 ad
2726 489 2853 543 illud
2877 503 3095 559 regnum
3120 487 3295 569 Patris
3317 486 3421 543 mei
3458 502 3566 542 non

1990 582 2297 655 pertinent,
2320 583 2387 636 ad
2411 581 2552 650 quod
2581 579 2837 634 ducturus
2865 594 2982 633 sum
3011 576 3130 632 illas
3160 557 3405 643 lanimas,
3432 592 3567 647 quas

1989 672 2269 751 ibibiturus
2292 691 2409 729 sum
2432 675 2483 728 in
2513 689 2678 743 regno
2694 672 2875 727 Patris
2896 668 3019 734 mei,
3036 670 3088 725 id
3111 679 3225 726 est:
3248 685 3381 739 quas
3401 676 3566 725 unum

2009 764 2061 818 in
2087 778 2171 817 me
2200 762 2486 819 effecturos
2505 764 2639 816 sum.
2664 761 2852 815 Solent
2871 758 3011 814 enim
3037 759 3188 813 multi
3210 758 3366 814 modo
3392 758 3443 814 in
3466 759 3569 814 hac

1994 851 2245 907 'Eccle’sia
2292 867 2508 906 manum
2539 852 2750 905 mittere
2779 849 2845 903 ad
2872 836 3207 904 sacramenta
3233 846 3448 911 Christi,
3475 848 3568 918 qui

1990 949 2185 1021 tamen
2203 945 2269 999 ad
2294 954 2513 1015 regnum
2537 926 2924 997 cmleste‘ventu
2935 941 2976 992 ri
2998 940 3101 993 neu
3130 946 3282 1004 sunt;
3312 940 3438 1008 quia
3466 940 3570 995 etsi

2007 1035 2139 1090 foris
2174 1050 2301 1090 oves
2331 1043 2647 1104 appareant,
2678 1034 2820 1086 intus
2845 1037 3020 1084 tamen
3044 1028 3167 1084 sunt
3187 1029 3294 1098 lupi
3323 1043 3565 1098 rapaces.

2077 1124 2297 1202 Intinuit
2336 1140 2455 1193 ergo
2498 1115 2750 1175 Doi‘ninus
2789 1128 3069 1199 panem,‘et
3104 1117 3245 1171 dedit
3278 1117 3448 1172 'Judte
3485 1115 3572 1171 Si-

1985 1220 2151 1273 monis
2166 1196 2495 1275 Ischaiiotte,
2524 1224 2571 1268 et
2597 1222 2709 1284 post
2757 1194 3038 1266 buccellam
3081 1221 3205 1264 tunc
3241 1197 3470 1264 introivit
3512 1212 3570 1264 in

2004 1320 2123 1358 eum
2149 1302 2374 1357 Satanas
2398 1297 2578 1375 (Joan.
2600 1298 2747 1373 xm).
2781 1288 2892 1357 Hoc
2917 1300 3020 1365 est,
3052 1294 3244 1355 fratres
3274 1302 3378 1355 mei
3401 1342 3415 1366 ,
3466 1303 3571 1355 hoc

2006 1405 2088 1449 est
2112 1396 2254 1466 quod
2296 1395 2381 1463 agi
2413 1393 2547 1475 solet
2574 1392 2625 1447 i'n
2663 1380 2900 1447 Ecclesia
2951 1392 3073 1456 ista,
3105 1398 3226 1445 cum
3248 1391 3395 1461 enim,
3432 1405 3568 1459 prae-

2006 1482 2225 1542 sunmnt
2262 1474 2536 1541 immunda
2572 1492 2625 1539 et
2660 1499 2825 1554 prava
2867 1474 3195 1539 censcientia
3221 1482 3476 1537 accedere
3501 1482 3571 1535 ad

2006 1575 2339 1634 sacramenta
2392 1577 2630 1642 Christi,
2699 1584 2827 1630 tunc
2874 1575 3127 1629 nimirum
3160 1573 3422 1642 judicium
3455 1572 3570 1626 ,sibi

2006 1664 2322 1723 manducant
2352 1680 2399 1723 et
2428 1669 2639 1731 bibunt;
2695 1650 2902 1723 scilicet
2952 1664 3079 1720 illud
3121 1664 3382 1735 judicium
3408 1705 3424 1731 ,
3449 1669 3571 1734 quo

348 1760 519 1831 guinis
534 1758 663 1829 (hoc
689 1742 1001 1816 θεῐθηῖῐηων
1026 1766 1299 1822 ψηιωρνο
1321 1748 1726 1819 nobistradidit)
1756 1764 1904 1805 00m-
1930 1753 1978 1811 Β
2007 1762 2288 1815 traduntur
2318 1756 2528 1813 Satanae
2552 1799 2567 1824 ,
2617 1756 2918 1831 post'eni’m
2952 1742 3229 1825 acceptam
3278 1748 3568 1810 buccellam

349 1844 787 1908 memorationem
822 1836 979 1916 agere
1011 1845 1283 1915 jubcmur.
1320 1842 1418 1897 llic
1445 1855 1540 1907 est,
1571 1840 1762 1914 inquit,
1786 1860 1910 1898 san-

345 1942 457 2013 guis
485 1939 626 1993 Novi
678 1936 1010 1998 Testamenti,
1044 1935 1096 1988 in
1139 1932 1291 2004 cujus
1324 1932 1806 2004 prmligurationem
1852 1932 1907 1986 in

348 2031 525 2085 Veteri
552 2028 899 2082 Testamento
929 2025 1187 2092 sanguine
1227 2024 1349 2094 agni
1395 2022 1742 2092 signabantur
1779 2018 1938 2074 utri-'

347 2138 449 2192 que
490 2127 675 2191 postes
704 2117 984 2171 domorum
1024 2113 1254 2168 ﬁliorum
1299 2111 1481 2177 Israel,
1512 2126 1580 2165 ne
1625 2125 1910 2180 percussor

351 2210 566 2281 angelus
592 2206 860 2261 introiret.
878 2205 944 2257 Et
967 2212 1024 2258 ut
1047 2201 1330 2273 Apostolus
1354 2202 1468 2281 ait:
1502 2201 1718 2255 Omnem
1746 2202 1909 2270 popu-

349 2301 457 2353 lum‘
476 2298 680 2369 Moyses
692 2298 945 2368 sanguine
969 2295 1207 2364 aspersit,
1229 2280 1403 2346 dicens
1425 2305 1443 2342 :
1474 2284 1575 2345 Hic
1596 2297 1670 2344 est
1699 2288 1908 2359 sanguis

353 2392 685 2463 Testamenti,
706 2389 844 2460 quod
897 2387 1161 2442 mandavit
1206 2388 1273 2439 ad
1312 2401 1399 2438 vos
1429 2373 1589 2438 Deus.
1619 2382 1687 2437 Et
1730 2378 1906 2436 omnia

348 2501 479 2556 pene
500 2485 553 2538 in
578 2471 838 2550 sanguine
860 2481 1188 2534 mundantur
1208 2478 1500 2532 secundum
1532 2476 1721 2546 legem.
1750 2466 1909 2527 Panis

347 2591 471 2646 ergo
508 2589 707 2643 corpus
731 2582 814 2626 est
836 2570 1059 2634 Christi,
1087 2570 1227 2638 quod
1269 2566 1555 2636 assumpsit
1587 2578 1651 2620 ex
1672 2558 1912 2635 corpore

342 2650 583 2721 Ecclesia
608 2680 739 2729 sua;
772 2662 990 2732 sanguis
1020 2659 1161 2715 ‘vero
1203 2656 1437 2712 animam
1478 2654 1592 2723 ejus
1632 2652 1908 2726 designat,

349 2776 505 2832 quam
527 2760 581 2812 in
601 2756 863 2811 unitatem
891 2769 1001 2809 sua:
1028 2748 1270 2823 personas
1307 2749 1562 2818 suscepit,
1587 2756 1641 2802 et
1662 2747 1799 2802 sicut
1823 2746 1912 2800 hic

351 2853 572 2927 audistis
594 2848 909 2925 Apostqan
940 2845 1206 2902 dicentem
1234 2861 1247 2897 :
1279 2843 1469 2897 Omnia
1498 2856 1624 2911 pene
1661 2838 1911 2909 sanguine

354 2924 698 3006 mandantur,
772 2920 858 2994 'ita
907 2936 1084 2992 omnia
1113 2920 1333 3006 peccata
1378 2941 1561 2987 nostra
1590 2929 1760 2986 effuso
1789 2944 1913 2984 sau-

2008 1853 2229 1908 intravit
2252 1844 2477 1907 Satanas
2506 1850 2559 1904 in
2603 1848 2814 1905 ludam.
2846 1851 2951 1904 Vos
2986 1857 3163 1903 autem
3185 1846 3427 1917 probate
3451 1860 3567 1909 vos,

2008 1944 2220 2008 fratres,
2253 1951 2307 1997 et
2334 1942 2588 1995 inundate
2617 1936 2974 1995 conscientias
2996 1944 3204 1993 vestras
3230 1934 3298 1992 ab
3329 1936 3484 2002 odio,
3514 1944 3572 1991 et

2008 2036 2075 2090 ab
2101 2034 2246 2090 omni
2277 2024 2498 2097 malitia,
2529 2023 2777 2087 et'sic'de
2809 2045 2946 2100 pane
2969 2028 3061 2084 illo
3091 2028 3231 2083 edite
3257 2068 3273 2095 ,
3312 2037 3367 2083 et
3389 2027 3454 2082 de
3478 2041 3567 2081 ca-

2007 2126 2110 2180 lice
2130 2124 2327 2179 bibite.

2076 2214 2293 2269 Dixitei
2340 2214 2514 2277 Jesus,
2539 2213 2678 2284 quod
2719 2199 2995 2282 facis,~fac
3024 2206 3210 2276 citius;
3258 2211 3354 2265 hoc
3393 2204 3566 2264 autem

2008 2298 2156 2361 nemo
2188 2296 2332 2359 scibit
2364 2296 2795 2358 discumbentium
2843 2303 2911 2356 ad
2947 2302 3070 2373 quid
3106 2300 3296 2355 dixerit
3322 2299 3390 2354 ei.
3433 2298 3567 2365 Qui-

2007 2400 2129 2481 dam
2161 2382 2297 2481 enim
2325 2378 2745 2468 putabant,'guia
2769 2391 2965 2448 laculos
2985 2388 3200 2447 habebat
3229 2388 3414 2453 Iudas,
3432 2390 3570 2461 quod

1986 2478 2195 2544 diceret
2212 2478 2476 2556 vei'lesu's,
2506 2488 2632 2542 Eme
2654 2496 2714 2541 ea
2737 2481 3003 2557 gute'bpus
3024 2490 3143 2537 sunt
3173 2480 3317 2536 nobis
3344 2481 3412 2533 ad
3433 2481 3571 2533 diem

2009 2583 2217 2655 festum,
2243 2591 2335 2635 aut
2363 2582 2533 2653 egenis
2562 2587 2616 2633 ut
2640 2568 2837 2647 aliquid
2863 2576 3031 2629 daret.
3055 2573 3187 2627 Cum
3206 2574 3326 2642 ergo
3347 2571 3570 2640 accepis-

2008 2678 2083 2722 set
2116 2667 2202 2722 il'le
2237 2666 2519 2722 buccellam
2563 2664 2720 2720 exivit
2762 2661 3047 2723 continuo;
3100 2668 3209 2712 erat
3257 2666 3430 2710 autem
3469 2670 3573 2708 nox

1994 2748 2189 2831 ‘(Joan.
2218 2758 2359 2831 xm).
2391 2758 2540 2825 Quod
2581 2754 2731 2827 facis,
2759 2753 2950 2824 inquit,
2991 2752 3076 2823 [ac
3101 2751 3273 2814 citius,
3294 2762 3399 2802 non
3433 2746 3575 2817 quod

1996 2851 2267 2906 Dominus
2287 2848 2504 2919 juberet
2529 2838 2650 2902 eum
2684 2846 2889 2918 perire;
2929 2843 3023 2898 sed
3048 2840 3172 2910 quia
3210 2838 3323 2908 jam
3368 2837 3575 2908 judica-

1996 2928 2098 2997 tus
2140 2950 2240 3005 est,
2282 2938 2450 2994 voluit
2474 2930 2532 2993 ut
2552 2953 2647 3009 per
2672 2937 2822 2991 illum
2850 2932 2990 3004 quod
3031 2930 3267 2984 futurum
3310 2934 3427 2983 erat
3471 2926 3573 2980 im-

352 3030 509 3104 guine
530 3024 753 3095 Christi,
785 3029 837 3084 id
865 3035 949 3083 est
969 3026 1164 3107 emisso
1206 3023 1393 3092 spiritu
1421 3020 1557 3090 ejus,
1644 3016 1910 3111 mundan-

2009 3033 2263 3104 plcretur.
2295 3028 2425 3098 Fac,
2442 3030 2633 3099 inquit,
2650 3028 2829 3092 citius,
2847 3036 2902 3079 ut
2925 3022 3245 3094 impleantur
3262 3014 3575 3089 Scripturae,

358 3098 459 3178 ἶιπ·
486 3123 621 3177 Nam
642 3132 701 3176 θῐ
718 3122 825 3199 ιιοίξ
870 3104 1009 3174 idem
1036 3113 1320 3187 ᾹΡοεῑοῙυδ
1346 3104 1653 3199 έίιωιιιιείιε
1683 3098 1913 3199 Αοσξῗδέξ⁴
1937 3098 1982 3161 C
2013 3098 2138 3192 quas
2170 3123 2236 3177 de
2280 3136 2398 3176 mea
2432 3098 2717 3175 traditione
2744 3124 2798 3171 et
2830 3118 3003 3170 'morte
3045 3112 3427 3183 praedixerunt.
3461 3106 3576 3160 Hoc

354 3216 481 3278 mus,
510 3213 726 3283 inquit,
766 3192 883 3265 cum
935 3225 1054 3263 vero
1096 3207 1252 3262 corde
1296 3207 1351 3258 in
1391 3203 1543 3279 plena
1574 3198 1687 3270 ﬁde
1723 3192 1920 3270 aspersi

355 3296 537 3369 corda,
576 3282 895 3357 canscientia
932 3298 1086 3353 bona.
1112 3296 1212 3352 Hic
1238 3296 1382 3350 enim
1418 3292 1639 3359 videtis,
1689 3282 1918 3354 fratres,

355 3397 491 3467 quod
516 3395 736 3467 sanguis
764 3392 849 3447 ille
866 3392 1057 3445 anima:
1077 3380 1275 3446 Christi
1290 3384 1512 3458 ﬁguram
1530 3390 1694 3449 tenet,
1710 3399 1829 3467 cum
1847 3380 1922 3437 ait

358 3465 550 3556 aspersi
583 3465 783 3546 corda;
813 3472 1035 3553 spiritus
1066 3482 1206 3535 enim
1232 3466 1477 3549 spiritum
1516 3479 1658 3533 bono
1677 3465 1920 3547 exemplo

356 3591 638 3647 aspergere
663 3585 858 3645 potest,
888 3589 993 3628 non
1019 3581 1199 3648 autem
1230 3568 1449 3640 sanguis
1487 3583 1582 3623 cor
1614 3558 1914 3637 VaSpe'rgere

358 3669 511 3723 valet.
539 3664 703 3722 Panis
724 3682 849 3720 vero
876 3671 1219 3734 comparatur
1250 3661 1461 3732 corpori
1498 3659 1646 3730 ejus;
1677 3658 1792 3730 ejus
1827 3654 1947 3749 at.-.

361 3770 460 3814 tem
484 3759 663 3813 anima
682 3758 876 3827 corpus
890 3756 1170 3811 deserente
1186 3755 1310 3826 (hoc
1328 3754 1471 3809 enim
1484 3751 1583 3806 fuit
1597 3766 1741 3807 mors
1757 3749 1917 3823 ejus),

362 3850 466 3914 ills,
490 3849 730 3919 inquam,
765 3849 943 3902 anima
963 3847 1079 3916 ejus
1102 3860 1336 3915 aspersze
1374 3853 1429 3899 et
1451 3844 1797 3900 sanctiﬁcata:
1824 3857 1921 3898 no-

362 3950 483 3994 stra:
529 3937 728 3993 anima:
762 3936 1064 3990 efﬁciuntur
1103 3932 1313 3987 munda:
1350 3939 1407 3989 et
1440 3930 1837 4000 immaculatm:
1866 3937 1921 3984 et

364 4027 762 4103 bincDominus
785 4021 1081 4079 dixit"Hic
1125 4030 1231 4086 est,
1274 4019 1481 4089 inquit,
1526 4020 1739 4090 sanguis
1783 4017 1921 4072 Novi

367 4118 691 4174 Testamenti.
717 4115 851 4170 Nam
878 4115 1085 4185 Moyses
1114 4113 1180 4169 de
1218 4109 1309 4167 illo
1328 4108 1593 4181 sanguine
1616 4108 1788 4173 vituli,
1813 4122 1920 4177 quo

327 4259 339 4268 .
365 4196 611 4279 populum
634 4206 799 4263 Israel
850 4204 1110 4274 aspersit,
1141 4202 1315 4258 dixit:
1341 4196 1442 4255 Hic
1478 4209 1552 4253 est
1594 4200 1806 4268 sanguis
1832 4197 1922 4251 Te-

365 4301 629 4366 stameuti,
673 4300 813 4371 quod
860 4298 1122 4351 mandavit
1159 4295 1297 4349 vobis
1342 4291 1615 4346 Dominus.
1672 4288 1780 4343 Sed
1822 4289 1921 4343 iste

367 4390 560 4446 Christi
579 4391 793 4461 sanguis
823 4390 877 4443 in
903 4388 1269 4443 remissionem
1300 4378 1531 4439 emissus
1551 4388 1635 4437 est
1674 4389 1918 4450 peccato—

370 4498 519 4548 rum,
569 4498 692 4535 nam
738 4480 827 4535 ille
862 4476 1079 4550 sanguis
1104 4475 1318 4532 Veteris
1342 4471 1672 4529 Testamenti
1721 4469 1919 4524 nullius

366 4584 581 4644 peccata
619 4574 842 4636 dimisit,
884 4562 1106 4641 figuram
1140 4560 1548 4645 ipsius'tcnens,
1577 4579 1687 4619 non
1738 4570 1916 4617 autem

370 4664 733 4720 remissionem
764 4670 957 4732 potens
982 4654 1155 4715 facere
1176 4662 1538 4730 peccatorum.

447 4754 581 4819 'lico,
614 4753 807 4825 inquit,
830 4751 988 4816 vobis,
1014 4767 1114 4823 non
1134 4756 1137 4765 '
1157 4746 1327 4803 bibam
1370 4744 1443 4801 ea:
1459 4746 1552 4800 hoc
1574 4746 1828 4817 genimine
1848 4746 1922 4799 vi-

372 4845 453 4904 tis,
480 4836 640 4897 donec
661 4842 832 4897 bibam
852 4828 985 4895 illud
1010 4834 1481 4894 vobiscum'novum
1499 4835 1555 4890 in
1577 4852 1730 4906 regno
1744 4835 1919 4889 Patris

370 4935 470 4987 mei
491 4932 704 5004 (Matth.
734 4948 886 5000 xxvr;
926 4932 1092 5005 Marc.
1125 4932 1255 5007 διν),
1303 4928 1417 4983 Hoc
1450 4928 1521 4983 de
1543 4927 1729 4993 Calice,
1760 4942 1918 4996 quem

373 5032 498 5077 tunc
518 5022 792 5095 discipulis
815 5022 1099 5077 bibendum
1141 5019 1305 5083 dedit,
1343 5018 1543 5072 dixisse
1585 5016 1795 5071 videtur
1817 5016 1922 5070 Do-

371 5102 901 5183 smnusfquia‘prOpe
927 5108 1056 5167 tunc
1078 5111 1197 5177 fuit,
1214 5112 1355 5179 quod
1377 5094 1629 5165 mundum
1653 5096 1920 5163 redimens

369 5216 428 5260 et
478 5220 574 5279 sua
612 5213 786 5261 morte
815 5200 1093 5259 viviﬁcans
1114 5216 1336 5275 regnum
1370 5203 1573 5258 faceret
1590 5202 1684 5257 Dei
1721 5200 1916 5256 Patris.

455 5280 834 5361 Verumtamen,
857 5296 955 5361 ait,
982 5311 1166 5348 manus
1191 5294 1443 5349 tradentis
1486 5309 1566 5347 me
1601 5308 1799 5347 mecum
1846 5298 1920 5345 est

369 5386 427 5438 in
448 5402 620 5441 mensa
645 5386 793 5459 (Luc.
820 5394 975 5458 xm).
1007 5384 1065 5439 Si
1085 5400 1202 5454 ego,
1234 5374 1430 5455 inquit,
1488 5400 1594 5439 non
1620 5374 1800 5439 bibam
1854 5383 1922 5437 de

368 5476 759 5548 bocgenimine
790 5479 953 5544 vitis,
1006 5487 1182 5532 tamen
1207 5474 1261 5530 in
1286 5476 1385 5531 ista
1436 5492 1639 5541 mensa,
1683 5459 1921 5531 Ecclesia

370 5566 579 5625 scilicet
600 5581 882 5640 praesente,
909 5580 964 5627 et
1006 5583 1149 5624 nunc
1173 5582 1361 5623 manus
1389 5564 1649 5623 tradentis
1696 5583 1781 5624 me
1815 5582 1924 5621 me-

373 5675 498 5715 cum
525 5670 627 5728 est,
647 5672 701 5718 et
730 5664 807 5720 sic
835 5654 997 5718 futuri
1017 5668 1140 5718 sunt
1162 5658 1311 5715 multi
1328 5659 1402 5714 ad
1451 5668 1657 5729 partem
1682 5658 1920 5727 ejusdem

1992 3216 2189 3266 autem
2233 3226 2379 3281 nemo
2416 3209 2564 3281 scivit
2589 3204 3046 3267 discumbentium;
3083 3200 3262 3256 cteteri
3285 3198 3430 3252 enim
3468 3196 3577 3250 dis-

2019 3292 2180 3375 cipuli
2206 3301 2519 3372 simpliciter
2538 3288 2735 3361 omnia,
2764 3312 2884 3367 quae
2911 3294 3226 3350 dicebantur
3250 3331 3264 3354 ,
3310 3287 3574 3361 percipie-

2018 3386 2165 3460 bant,
2199 3394 2339 3450 sicut
2382 3400 2506 3448 ante
2534 3391 2599 3446 de
2628 3382 2899 3459 unguento
2948 3384 3145 3448 eﬁ‘uso,
3193 3381 3285 3436 alii
3331 3376 3576 3449 discipuli

2019 3482 2143 3553 vere
2180 3498 2344 3539 causa
2399 3474 2697 3552 pauperum
2757 3479 3049 3532 dixerunt:
3090 3473 3158 3528 Ut
3204 3473 3329 3544 quid
3358 3471 3578 3543 perditio

1994 3564 2164 3629 'ha'c?
2197 3570 2378 3628 Potuit
2399 3572 2534 3627 enim
2558 3570 2696 3627 istud
2739 3567 3022 3624 cenundari
3060 3564 3278 3620 multum
3306 3604 3322 3629 ,
3364 3573 3413 3618 et
3457 3562 3575 3617 dari

2017 3666 2344 3738 pauperibus.
2371 3665 2463 3720 Sic
2490 3674 2545 3720 et
2568 3666 2656 3719 hic
2675 3663 2888 3733 quidam
2914 3652 3188 3732 putabant,
3213 3657 3355 3729 quod
3379 3655 3579 3712 loculos

2020 3759 2249 3814 habebat
2266 3748 2451 3823 Iudas,
2481 3756 2623 3827 quod
2651 3755 2853 3810 diceret
2895 3754 2943 3809 ei
2971 3740 3163 3807 Iesus:
3195 3750 3324 3804 Eme
3357 3740 3429 3803 'ea
3462 3763 3579 3818 qua:

2018 3859 2289 3921 opus,sunt
2321 3849 2464 3903 nobis
2486 3846 2554 3901 ad
2575 3847 2710 3901 diem
2738 3848 2945 3917 festum,
2963 3854 3052 3897 aut
3086 3843 3254 3914 egenis
3277 3853 3334 3895 ut
3377 3836 3580 3911 aliquid

2018 3939 2183 3993 daret.
2201 3937 2417 4004 Solebat
2440 3936 2577 3992 forte
2592 3936 2733 3991 idem
2760 3932 2925 3990 Judas
2949 3942 3091 3995 ante,
3115 3948 3236 3987 cum
3256 3930 3580 4001 pauperibus

2018 4033 2194 4103 aliqua
2226 4033 2399 4087 danda
2420 4038 2593 4095 erant,
2614 4044 2678 4083 ea
2702 4024 3203 4088 furto'subtrahere,
3227 4032 3281 4078 et
3309 4030 3432 4078 ante
3461 4021 3578 4091 jam

2019 4119 2302 4173 Dominum
2341 4115 2548 4172 occulte
2598 4114 2856 4177 vendidit,
2884 4113 3026 4182 quod
3071 4112 3226 4166 modo
3254 4117 3437 4180 aperte
3456 4124 3578 4179 per-

2019 4211 2164 4266 fecit.
2189 4208 2317 4264 Cum
2339 4225 2457 4280 ergo
2479 4209 2755 4279 accepisset
2773 4197 2945 4261 Iudas
2976 4204 3276 4271 buccellam,
3306 4205 3430 4259 exiit
3454 4218 3576 4257 con-

2018 4302 2194 4365 tinuo;
2245 4314 2352 4354 non
2384 4299 2526 4354 enim
2554 4304 2800 4368 poterant
2836 4296 3069 4352 tenebrae
3096 4294 3293 4350 diutius
3316 4308 3437 4350 cum
3459 4293 3579 4349 luce

1942 4429 1994 4488 Β
2018 4406 2254 4446 manere.
2280 4368 2638 4455 Erat'autem,
2660 4386 2852 4465 inquit,
2901 4402 3022 4441 nox.
3047 4384 3186 4439 Vere
3215 4384 3301 4438 ille
3329 4384 3445 4438 erat
3468 4398 3575 4438 nos

2019 4490 2079 4565 et
2100 4482 2350 4545 tenebrat,
2375 4481 2499 4551 quia
2538 4479 2650 4550 jam
2689 4478 2832 4533 totus
2860 4492 2898 4561 _a
2932 4474 3141 4532 diabolo
3180 4474 3570 4546 possidebatur.

2613 4567 2837 4625 CAPUT
2860 4556 2959 4625 γι.

2090 4656 2220 4719 Cum
2250 4654 2369 4732 ergo
2391 4660 2579 4716 exisset
2599 4658 2707 4724 ille,
2737 4659 2871 4712 dixit
2915 4656 3117 4733 Iesus;
3136 4653 3291 4708 Nunc
3317 4653 3573 4723 clariﬁca—

2022 4762 2103 4807 tus
2124 4762 2197 4805 est
2225 4747 2669 4812 Filiushominis,
2690 4756 2740 4802 et
2767 4748 2903 4801 Deus
2931 4744 3247 4815 clariﬁcatus
3291 4753 3365 4799 est
3399 4744 3454 4797 in
3488 4760 3570 4797 eo.

2002 4850 2005 4855 ’
2024 4841 2085 4897 Si
2099 4840 2237 4894 Deus
2254 4824 2569 4907 clari/icatus
2583 4838 2655 4891 est
2677 4837 2731 4891 in
2751 4853 2830 4901 eo,
2845 4845 2893 4889 et
2913 4835 3052 4889 Deus
3072 4833 3373 4902 clarificavit
3387 4847 3502 4886 eum
3516 4831 3570 4885 in

2024 4932 2316 5005 semetipso,
2342 4938 2388 4982 et
2412 4929 2656 4980 continuo
2675 4923 2977 4993 clariﬁcabit
3015 4940 3151 4977 eum.
3182 4920 3381 4987 Filioli,
3403 4920 3571 4973 adhuc

2023 5012 2283 5074 modicum
2319 5016 2577 5071 vobiscum
2604 5018 2718 5069 sunt
2735 5032 2754 5081 ;
2781 5009 3018 5083 quwretis
3042 5029 3120 5067 me
3141 5052 3156 5076 ,
3206 5021 3253 5065 et
3295 5012 3426 5064 sicut
3461 5007 3572 5061 dixi

2023 5109 2223 5165 Iudaeis
2245 5124 2263 5161 :
2295 5105 2408 5171 Quo
2429 5121 2520 5175 ego
2541 5104 2695 5169 uado,
2719 5120 2805 5159 vos
2836 5119 2938 5157 non
2969 5101 3177 5173 potestis
3204 5100 3387 5161 venire,
3413 5106 3461 5151 et
3484 5113 3569 5150 vo-

2025 5200 2100 5253 bis
2147 5186 2262 5251 dico
2302 5196 2475 5249 modo.
2505 5192 2813 5247 Mandatum
2846 5207 3031 5247 novum
3082 5190 3148 5243 do
3188 5188 3348 5249 vobis,
3372 5195 3428 5240 ut
3483 5185 3568 5239 di-

2022 5289 2194 5360 ligatis
2250 5286 2462 5340 invicem
2526 5284 2657 5338 sicut
2711 5284 2870 5338 dilexi
2917 5299 3030 5348 vos,
3067 5282 3113 5336 et
3168 5277 3396 5347 dJigatis
3447 5276 3574 5330 invi-

2022 5395 2151 5435 cem.
2184 5376 2248 5432 In
2301 5377 2394 5429 hoc
2447 5372 2747 5445 cognoscent
2788 5389 2960 5429 omnes
2984 5412 2999 5436 ,
3053 5370 3177 5441 quia
3202 5369 3300 5422 mei
3327 5366 3571 5437 discipuli

2023 5471 2182 5533 estis,
2225 5468 2271 5521 si
2296 5464 2617 5519 dilectionem
2663 5464 2942 5518 habueritis
2991 5463 3058 5515 ad
3107 5459 3320 5513 invicem
3362 5456 3562 5530 (Joan.

2026 5563 2167 5631 xm).
2196 5558 2328 5613 Cum
2354 5556 2552 5611 exisset
2575 5555 2759 5620 ludas,
2790 5556 2899 5623 jam
2955 5569 3089 5618 nox,
3128 5562 3183 5607 et
3226 5551 3458 5606 tenebrae
3482 5547 3565 5603 fa-

2024 5663 2160 5720 ctus,
2190 5649 2321 5706 dixit
2344 5646 2497 5705 Jesus
2521 5669 2534 5704 :
2570 5649 2722 5704 Nunc
2751 5648 3065 5715 clarificatus
3096 5656 3170 5701 est
3200 5644 3369 5700 Filius
3396 5644 3565 5698 homi-
