4064 6190
512 242 574 297 Ἡ
1584 239 1853 295 CANDIDI
1891 238 2162 296 FULDEN
2171 238 2271 294 SIS
2305 238 2607 296 MONACHI
3658 247 3728 302 72

506 357 622 421 eis;
648 370 772 414 nam
824 355 914 410 ille
943 354 1107 409 Judas
1133 351 1369 405 omnium
1421 350 1747 420 perditorum
1791 350 2066 404 hominum
2092 355 2144 412 Α
2171 348 2264 402 Dei
2292 356 2346 403 et
2369 349 2598 418 proximi
2622 348 2906 405 dilectione
2937 349 3243 416 dissereret,
3272 351 3562 409 sublevatis
3604 369 3731 411 ocu-

508 447 730 514 lignram
762 445 933 499 tenuit
960 445 1181 511 ideoque
1208 457 1329 496 cum
1359 441 1445 496 ille
1471 442 1688 504 exisset,
1723 441 1859 494 dixit
1883 439 2063 494 Domi-

507 552 608 590 nus
638 553 650 588 :
687 533 841 589 Nunc
868 532 1187 600 clariﬁcatus
1213 542 1284 586 est
1304 530 1472 584 Filius
1496 530 1750 595 hominis;
1774 547 1892 585 cum
1919 531 2062 585 enim

503 643 610 682 nox
683 626 896 688 exivit,
957 623 1071 677 dies
1133 623 1276 677 solus
1339 621 1614 676 remansit.
1679 620 1768 675 Sic
1821 621 2061 685 fratres,

503 718 583 771 sic
637 715 873 768 futurum
918 722 1039 777 est,
1087 727 1206 766 cum
1263 727 1450 767 omnes
1502 710 1696 782 perditi
1758 710 1812 763 in
1887 711 2061 780 ignem

501 817 765 863 aeternum
795 805 964 870 ibunt,
1001 812 1126 858 tunc
1151 803 1321 868 Jbunt
1343 801 1471 872 justi
1501 802 1554 855 in
1584 801 1748 854 vitam
1769 809 2022 853 mternam
2042 839 2057 861 ,

501 912 628 955 tunc
657 899 824 954 Filius
855 899 947 952 Dei
992 899 1171 952 clarus
1207 896 1316 962 fiet,
1341 911 1462 950 cum
1505 895 1560 948 in
1590 908 1812 963 corpore
1841 891 1974 960 ejus,
2009 892 2062 946 id

499 1002 583 1047 cst
611 993 663 1047 in
685 991 923 1046 Ecclesia
956 990 1086 1044 nihil
1120 997 1359 1043 remanet
1380 989 1738 1050 tenebrosum,
1765 985 1857 1040 sed
1889 992 2062 1038 totum

500 1084 710 1138 clarum
739 1084 862 1137 erit.
918 1082 986 1136 Et
1022 1082 1176 1144 Deus,
1212 1082 1402 1151 inquit,
1435 1080 1752 1149 clariﬁcatus
1774 1088 1848 1133 est
1878 1078 1931 1130 in
1960 1095 2018 1131 eo
2040 1091 2059 1129 :

497 1190 623 1227 nam
639 1173 751 1242 ipse
771 1173 1064 1237 FiliusDei,
1094 1173 1383 1226 secundum
1405 1171 1545 1240 quod
1567 1171 1706 1224 Deus
1727 1179 1827 1235 est,
1851 1183 2062 1238 semper

498 1262 679 1316 clarus
703 1270 865 1316 estet
892 1273 1108 1316 manet:
1141 1262 1233 1316 sed
1287 1261 1341 1314 in
1381 1275 1605 1330 corpore
1643 1275 1758 1324 suo,
1792 1258 1934 1328 quod
1978 1267 2060 1312 est

498 1356 755 1421 Ecclesia,
799 1357 979 1412 multa:
1015 1357 1190 1412 adhuc
1217 1358 1450 1412 tenebrae
1501 1363 1906 1419 remanserunt,
1943 1370 2061 1423 quae

494 1463 682 1503 onmes
711 1465 831 1504 cum
859 1450 1109 1515 exierint,
1125 1450 1421 1504 remanebit
1455 1449 1695 1504 Ecclesia
1716 1449 1912 1504 Christi
1945 1449 2062 1503 sine

497 1541 726 1592 macula.
753 1539 808 1594 Si
834 1539 995 1606 Deus,
1013 1541 1201 1610 inquit,
1224 1541 1546 1596 clariﬁcatus
1563 1541 1720 1596 estin
1743 1557 1827 1603 eo,
1854 1541 2062 1596 etDeus

494 1625 810 1682 clariﬁcavit
835 1644 957 1683 eum
1007 1630 1060 1682 in
1097 1629 1412 1700 semetipso;
1453 1630 1620 1684 Filius
1646 1630 1788 1685 enim
1813 1631 1869 1684 in
1902 1630 2062 1686 Patre

2169 439 2234 494 lis
2256 439 2308 493 in
2336 440 2532 495 caalum
2557 440 2692 494 dixit
2717 457 2731 494 :

2237 527 2418 596 Pater,
2445 533 2580 585 venit
2611 533 2773 597 hora;
2795 531 3026 602 clariﬁca
3059 532 3256 588 Filium
3277 542 3445 599 tuum,
3471 543 3528 587 ut
3559 532 3732 589 Filius

2165 632 2286 676 tuus
2327 621 2576 692 clari/Scel
2625 634 2703 689 te;
2734 625 2866 678 sicut
2891 626 3076 679 dedisti
3127 628 3174 680 ei
3213 636 3518 697 potestatem
3564 628 3732 683 omnis

2164 713 2356 775 carnis,
2383 723 2439 766 ut
2466 729 2614 767 omne
2649 715 2788 784 quod
2830 715 3017 768 dedisti
3043 717 3122 782 ei,
3166 717 3250 770 det
3294 717 3366 771 eis
3400 718 3554 770 vitam
3575 727 3730 771 arter-

2163 820 2305 858 nam.
2337 801 2465 858 Ha'c
2484 815 2557 858 est
2581 814 2752 858 autem
2777 807 2878 860 vita
2908 817 3122 871 (eterna,
3154 817 3208 860 ut
3234 819 3543 878 cognoscant
3565 818 3614 863 te
3647 826 3733 862 so-

2167 891 2274 945 lum
2307 911 2482 947 verum
2518 895 2705 961 Deum,
2729 908 2775 949 et
2821 915 2970 967 quem
3013 899 3200 952 misisti
3236 899 3418 954 Jesum
3442 899 3729 956 Christum.

2166 982 2279 1053 Ego
2311 993 2360 1038 te
2405 984 2690 1053 clariﬁcavi
2739 1004 2892 1056 super
2933 999 3161 1055 terram,
3205 1006 3332 1062 Opus
3381 997 3734 1049 consummavi

2161 1073 2298 1142 quod
2318 1074 2508 1127 dedisti
2545 1077 2671 1130 mihi
2701 1087 2755 1130 ut
2786 1079 3013 1147 faciam;
3045 1090 3092 1132 et
3132 1096 3268 1134 nunc
3297 1081 3530 1150 clari/ica
3558 1094 3730 1148 me,tu

2163 1163 2346 1230 Pater,
2371 1167 2511 1236 apud
2525 1170 2865 1238 temetipsum,
2893 1171 3151 1236 claritate,
3177 1189 3334 1242 quam
3363 1170 3734 1245 habui,°prius-

2159 1267 2317 1321 quam
2347 1254 2572 1307 mundus
2591 1265 2738 1321 esset,
2765 1257 2905 1326 apud
2930 1266 2998 1310 te.
3026 1257 3359 1326 Manifestavi
3379 1276 3563 1314 nomen
3582 1270 3731 1316 tuum

2161 1341 2455 1397 hominibus
2481 1361 2609 1414 quos
2645 1346 2832 1400 dedisti
2875 1348 3000 1401 mihi
3033 1349 3096 1401 de
3129 1349 3356 1414 mundo;
3391 1351 3468 1404 tui
3494 1363 3661 1419 erant,
3682 1363 3732 1406 et

2161 1434 2286 1486 mihi
2295 1451 2396 1488 ~eos
2419 1436 2627 1502 dedisti,
2654 1447 2701 1490 et
2722 1455 3006 1493 sermonem
3031 1449 3174 1492 tuum
3203 1452 3552 1496 servaverunt.
3573 1442 3730 1497 Nune

2162 1540 2506 1596 cognoverunt
2529 1531 2650 1599 quia
2679 1532 2851 1585 omnia
2873 1548 2988 1602 qua:
3013 1532 3198 1585 dedisti
3226 1532 3352 1585 mihi
3379 1534 3471 1586 abs
3501 1543 3549 1588 te
3572 1544 3728 1600 sunt;

2161 1619 2282 1687 quia
2312 1619 2464 1673 verba
2494 1637 2610 1691 qua:
2641 1622 2833 1676 dedisti
2862 1622 3006 1687 mihi,
3035 1623 3154 1676 dedi
3185 1623 3282 1687 eis,
3311 1632 3359 1676 et
3402 1623 3501 1692 ipsi
3525 1641 3733 1694 accepe-

493 1723 598 1780 est,
629 1725 680 1770 et
704 1715 862 1772 Pater
890 1719 942 1772 in
965 1717 1130 1786 Filio,
1162 1719 1449 1774 secundum
1483 1721 1626 1775 illam
1661 1731 1926 1786 naturam,
1961 1737 2065 1790 qua
2095 1720 2142 1778 B
2171 1720 2312 1777 "ml,
2339 1721 2386 1765 εέ
2412 1723 2755 1782 cognoverunt
2797 1731 2910 1768 ιένθ
2943 1715 3065 1785 quia
3095 1732 3127 1768 α
3156 1725 3204 1768 ιε
3241 1715 3393 1781 exivi,
3419 1725 3466 1769 ετ
3489 1717 3729 1770 credide-

494 1803 583 1858 ille
620 1805 672 1858 in
699 1805 857 1858 Patre
894 1817 994 1874 est,
1029 1816 1084 1861 et
1119 1808 1278 1862 Pater
1300 1811 1357 1862 in
1403 1809 1491 1863 illo
1519 1823 1761 1878 semper,
1821 1817 1880 1862 ut
1906 1810 2054 1873 dixi,

497 1893 674 1948 clarus
697 1904 797 1959 est,
823 1904 876 1949 ct
901 1897 1123 1950 tenebras
1149 1897 1201 1951 in
1227 1914 1286 1950 eo
1317 1914 1418 1952 non
1447 1908 1567 1952 sunt
1596 1898 1738 1952 ulla.
1768 1897 1874 1953 Sed
1890 1899 2051 1965 Deus,

484 1983 683 2052 inquit,
710 1986 953 2039 continuo
993 1985 1301 2056 clariﬁcabit
1330 2004 1483 2053 eum;
1514 1987 1751 2042 futurum
1775 1996 1858 2042 est
1886 1988 2051 2054 enim,

492 2073 682 2144 inquit,
710 2084 769 2128 ut
801 2077 941 2130 Deus
968 2077 1130 2131 etiam
1163 2094 1356 2147 corpus
1405 2095 1605 2144 meum,
1636 2079 1688 2134 id
1718 2087 1835 2144 est,
1866 2079 2050 2134 Eccle-

489 2164 644 2228 siam,
674 2165 928 2226 clariﬁcet
955 2173 1144 2231 totum,
1176 2176 1234 2221 ut
1259 2174 1313 2221 et
1336 2167 1463 2222 illud
1492 2158 1696 2221 clarum
1729 2168 1818 2222 sit.
1841 2168 1909 2222 Et
1947 2169 2048 2223 hoc

487 2254 596 2308 cito
615 2263 732 2308 erat
749 2255 1014 2320 futurum,
1043 2255 1290 2310 videlicet
1315 2256 1456 2325 quod
1483 2272 1680 2326 corpus
1725 2257 1878 2323 illud,
1907 2257 2048 2326 quod

487 2361 585 2414 pro
632 2347 784 2401 nobis
813 2362 878 2401 ex
909 2347 1062 2402 nobis
1106 2349 1436 2418 assumpsit,
1483 2347 1885 2404 clariﬁcandum
1932 2355 2077 2403 erat.

479 2436 655 2505 gloria
686 2438 1114 2504 resurrectionis,
1141 2445 1198 2492 et
1243 2437 1693 2504 immortalitatis,
1737 2446 1791 2494 et
1828 2438 1893 2493 ad
1921 2438 2047 2494 dex-

479 2539 657 2587 teram
679 2532 775 2586 Dei
788 2532 972 2588 Patris
1001 2532 1389 2588 collocandum.

552 2709 840 2776 Modicum,
877 2709 1067 2780 inquit,
1107 2710 1368 2766 vobiscum
1395 2728 1534 2777 sum,
1554 2719 1602 2766 et
1632 2728 1733 2782 quo
1774 2729 1864 2783 ego
1887 2713 2043 2779 vado,

476 2816 567 2854 vos
596 2816 696 2854 non
725 2801 936 2870 potestis
983 2801 1152 2855 venire
1193 2799 1373 2873 (Ioan.
1405 2801 1546 2873 xm).
1600 2802 1863 2858 Modicum
1912 2803 2042 2870 fuit,

472 2895 622 2961 quod
662 2893 750 2948 ille
801 2903 926 2948 tunc
949 2909 1073 2949 cum
1101 2894 1373 2965 discipulis
1405 2895 1647 2950 mortalis
1674 2894 1804 2948 fuit:
1837 2903 1891 2951 et
1937 2912 2042 2966 quo

477 2987 567 3042 ille
589 2986 720 3051 ibat,
746 2988 799 3042 id
823 2997 907 3042 est
927 2987 992 3042 ad
1021 2988 1442 3043 immortalitatis
1465 2989 1710 3058 gloriam,
1740 3005 1844 3043 non
1890 2998 2043 3060 pote-

2160 1810 2278 1854 runt
2306 1804 2429 1872 quia
2457 1813 2514 1855 tu
2543 1820 2622 1858 me
2648 1804 2852 1858 misisti.
2885 1803 2998 1874 Ego
3037 1821 3130 1874 pro
3181 1805 3254 1858 eis
3304 1821 3449 1875 rogo,
3485 1822 3588 1859 non
3631 1823 3727 1876 pro

2155 1891 2350 1944 mundo
2382 1909 2526 1962 rogo,
2561 1895 2650 1948 sed
2677 1911 2772 1964 pro
2815 1896 2895 1949 his
2922 1912 3048 1966 quos
3096 1895 3285 1949 dedisti
3309 1896 3459 1960 mihi,
3482 1898 3607 1966 quia
3648 1897 3726 1950 tui

2155 1991 2311 2044 sunt;
2347 1991 2394 2034 et
2418 1999 2530 2036 mea
2557 1984 2730 2036 omnia
2763 1993 2855 2036 tua
2883 1994 3024 2045 sunt,
3045 1995 3092 2037 et
3125 1994 3216 2038 tua
3236 2001 3349 2038 mea
3371 1995 3514 2050 sunt,
3541 1995 3588 2038 et
3615 1985 3726 2038 cla-

2155 2074 2388 2142 ri/icatus
2409 2091 2524 2128 sum
2556 2076 2608 2129 in
2639 2077 2732 2130 eis.
2759 2075 2826 2130 Et
2860 2077 2974 2145 jam
3006 2094 3108 2130 non
3132 2095 3246 2131 sum
3291 2079 3343 2130 in
3369 2079 3563 2132 mundo
3595 2089 3641 2133 et
3669 2080 3724 2133 hi

2152 2162 2206 2221 in
2237 2164 2429 2216 mundo
2455 2174 2593 2227 sunt,
2626 2176 2672 2218 et
2691 2182 2782 2235 ego
2807 2166 2876 2218 ad
2906 2174 2952 2219 te
2977 2166 3139 2219 venio.
3171 2164 3333 2220 Pater
3352 2178 3548 2232 sancte,
3575 2184 3722 2222 serva

2151 2267 2237 2305 eos
2266 2252 2319 2304 in
2349 2255 2691 2318 nominetuo,
2725 2271 2851 2326 quos
2889 2256 3076 2308 dedisti
3121 2256 3268 2321 mihi,
3307 2267 3361 2310 ut
3407 2257 3508 2310 sint
3562 2275 3722 2312 unum

2149 2343 2280 2395 sicut
2303 2351 2351 2396 et
2378 2361 2491 2398 nos.
2523 2344 2653 2398 Cum
2677 2363 2838 2400 essem
2868 2364 2981 2400 cum
3011 2347 3104 2411 eis,
3128 2347 3392 2402 servabam
3433 2365 3517 2402 eos
3543 2351 3596 2402 in
3624 2366 3720 2403 no-

2147 2434 2286 2486 mine
2310 2443 2419 2486 tuo.
2475 2434 2616 2499 Quos
2663 2437 2851 2490 dedisti
2882 2439 3028 2500 mihi,
3061 2439 3333 2504 custodivi,
3365 2449 3410 2492 et
3460 2456 3605 2493 nemo
3656 2455 3723 2494 ea:

2147 2522 2228 2574 his
2259 2523 2428 2592 periit,
2461 2526 2560 2579 nisi
2586 2526 2730 2594 ﬁlius
2765 2527 3090 2597 perditionis,
3120 2541 3173 2582 ut
3205 2529 3479 2598 Scriptura
3506 2530 3722 2600 implea-

2147 2621 2249 2667 tur.
2280 2612 2435 2668 Nunc
2459 2626 2628 2670 autem
2651 2619 2718 2671 ad
2745 2628 2792 2672 te
2812 2620 2974 2685 venio,
3003 2631 3052 2673 et
3081 2621 3190 2674 [nec
3209 2620 3394 2690 loquor
3423 2621 3477 2674 in
3500 2622 3715 2686 mundo,

2145 2712 2202 2756 ut
2228 2703 2451 2759 habeant
2477 2709 2728 2777 gaudium
2774 2728 2945 2764 meum
2985 2713 3040 2765 in
3078 2713 3363 2782 semetipsis
3419 2713 3712 2782 impletum.

2099 2809 2102 2811 ‘
2144 2794 2256 2865 Ego
2281 2795 2402 2850 dedi
2431 2799 2505 2852 eis
2524 2817 2810 2854 sermonem
2833 2813 2998 2866 tuum,
3036 2813 3086 2858 et
3123 2804 3348 2857 mundus
3371 2805 3490 2858 odio
3512 2821 3597 2859 eos
3627 2806 3720 2860 lia-

2143 2885 2272 2951 buit,
2301 2889 2425 2957 quia
2457 2905 2556 2942 non
2583 2899 2704 2944 sunt
2733 2892 2797 2946 de
2837 2894 3051 2958 mundo,
3079 2894 3214 2946 sicut
3247 2904 3296 2948 et
3319 2911 3410 2964 ego
3443 2912 3547 2949 non
3597 2912 3714 2950 sum

2141 2975 2204 3028 de
2242 2977 2453 3031 mundo.
2486 2978 2609 3034 Non
2635 2997 2761 3052 rogo
2799 2991 2854 3035 ut
2874 2981 3027 3036 tollas
3055 3000 3140 3038 eos
3164 2984 3227 3038 de
3247 2983 3440 3037 mundo
3463 3024 3478 3048 ,
3527 2985 3618 3038 sed
3658 2995 3716 3040 ut

470 3091 599 3134 rant
626 3081 800 3135 adhuc
843 3089 976 3134 tunc
1017 3080 1239 3135 venire:
1273 3079 1370 3134 sed
1413 3087 1472 3133 ut
1509 3081 1742 3144 scirent,
1775 3082 2038 3150 quomodo

2144 3084 2307 3122 serves
2327 3086 2413 3123 eos
2441 3088 2473 3123 a
2513 3071 2672 3125 malo.
2723 3071 2801 3126 De
2822 3073 3014 3156 mundo
3044 3091 3148 3128 non
3190 3085 3331 3139 sunt,
3362 3076 3497 3129 sicut
3544 3085 3590 3129 et
3618 3092 3711 3146 ego

474 3169 603 3224 illuc
627 3170 860 3224 eundum
897 3178 1037 3234 erat,
1060 3169 1245 3234 vobis,
1287 3170 1496 3238 inquit,
1543 3170 1663 3226 dico
1690 3170 1869 3237 modo,
1893 3188 2042 3225 man-

468 3259 656 3312 datum
685 3275 871 3313 novum
900 3258 966 3312 do
1008 3258 1180 3324 vobis,
1228 3265 1288 3312 ut
1321 3258 1560 3329 diligatis
1599 3259 1858 3325 invicem,
1902 3259 2042 3314 sicut

472 3347 639 3403 dilexi
670 3363 784 3402 vos.
810 3347 946 3414 Ista,
988 3348 1179 3418 inquit,
1209 3357 1294 3404 est
1338 3349 1457 3413 via,
1498 3365 1603 3420 qua
1645 3348 1797 3404 vobis
1822 3349 2041 3404 venien-

468 3435 599 3491 dum
624 3443 706 3490 est
733 3436 798 3490 ad
849 3436 1264 3492 immortalitatis
1311 3438 1557 3508 gloriam,
1591 3438 1815 3504 scilicet,
1841 3449 1897 3492 ut
1921 3437 2041 3492 dili-

469 3529 608 3598 gatis
630 3527 865 3594 invicem,
894 3528 1027 3582 sicut
1064 3544 1156 3600 ego
1183 3529 1343 3584 dilexi
1387 3546 1494 3585 vos.
1525 3529 1696 3599 Supra
1729 3531 1872 3585 enim
1898 3530 2039 3586 idem

473 3619 734 3674 Dominus
771 3619 940 3674 dixit:
969 3618 1080 3690 Ego
1118 3637 1234 3674 sum
1262 3620 1345 3674 via
1387 3631 1434 3674 et
1464 3621 1671 3675 veritas.
1717 3620 1910 3677 Factus
1954 3629 2040 3677 est

467 3723 602 3778 ergo
628 3708 713 3763 ille
744 3708 1016 3779 discipulis
1045 3709 1130 3763 via
1178 3709 1245 3763 ad
1287 3709 1744 3765 immortalitatem
1772 3719 1828 3766 et
1872 3711 1938 3766 ad
1961 3713 2039 3767 vi—

471 3809 582 3853 tam
605 3807 884 3864 :eternam,
913 3799 1136 3854 dicens:
1170 3798 1260 3853 Sic
1280 3798 1483 3869 diligite
1511 3799 1758 3865 invicem,
1782 3800 1920 3855 sicut
1939 3815 2038 3872 ego

470 3889 635 3944 dilexi
667 3905 780 3944 vos.
807 3889 885 3945 Ac
907 3889 951 3945 si
973 3888 1178 3946 diceret
1201 3906 1215 3943 :
1238 3889 1336 3944 Sic
1366 3889 1491 3944 illuc
1531 3890 1624 3956 ite,
1657 3891 1796 3945 sicut
1830 3906 1937 3956 me,
1960 3892 2040 3946 vi-

468 3983 630 4039 distis
666 3993 902 4039 euntem.
955 3983 1023 4038 In
1073 3985 1192 4049 hoc,
1257 3983 1460 4053 inquit,
1513 3979 1816 4054 cognoscent
1863 4000 2038 4038 omnes

468 4075 594 4146 quia
622 4076 720 4129 mei
747 4073 990 4146 discipuli
1033 4075 1154 4129 estis
1177 4114 1194 4140 ,
1240 4075 1285 4128 si
1312 4073 1634 4128 dilectionem
1659 4073 1940 4128 habueritis
1969 4074 2038 4127 ad

471 4168 710 4232 invicem,
736 4175 791 4221 et
836 4167 1058 4236 reliqua,
1094 4182 1214 4238 qua:
1257 4166 1425 4221 multa
1472 4167 1575 4222 illis
1601 4167 1667 4222 de
1693 4167 1877 4222 eadem
1905 4167 2036 4222 dile-

467 4258 650 4312 ctione
678 4257 772 4310 Dei
799 4265 852 4311 et
888 4257 1122 4325 proximi
1160 4255 1388 4310 dixerat.
1412 4256 1544 4311 Cum
1569 4255 1714 4310 enim
1745 4257 1916 4311 exiret
1939 4253 2035 4310 Ju-

472 4348 570 4402 das
612 4347 700 4402 ille
730 4348 988 4418 proditor,
1019 4348 1416 4403 rcmanentibus
1451 4363 1634 4403 secum
1664 4348 1849 4404 electis
1877 4350 2036 4404 disci-

473 4441 636 4512 pulis,
659 4441 823 4494 multa
851 4439 1060 4509 aperuit
1084 4440 1336 4510 mysteria
1387 4454 1506 4510 qua:
1530 4446 1654 4492 ante
1676 4439 1754 4492 eis
1773 4453 1878 4492 non
1912 4453 2034 4508 ape-

475 4530 606 4596 ruit,
631 4546 754 4585 cum
776 4530 862 4585 ille
890 4545 1124 4600 przesens
1148 4529 1350 4592 fuisset,
1383 4528 1473 4598 qui
1501 4527 1777 4598 periturus
1806 4537 1942 4583 erat.
1966 4527 2034 4583 In

473 4622 593 4686 hoc,
618 4621 819 4691 inquit,
865 4629 1173 4691 cognoscent
1229 4635 1402 4673 omnes
1427 4659 1444 4684 ,
1493 4618 1618 4689 quia
1653 4619 1753 4672 mei
1794 4617 2036 4689 discipuli

471 4713 616 4775 estis,
643 4711 744 4766 hoc
767 4718 850 4767 est
887 4710 1098 4781 signum
1140 4710 1486 4780 discipulatus
1531 4709 1764 4766 Domini.
1815 4709 1872 4764 In
1899 4709 2034 4776 hoc,

477 4803 694 4869 fratres,
735 4817 943 4874 semper
975 4814 1370 4874 cognoscuntur
1398 4803 1644 4874 discipuli
1671 4801 1806 4868 Dei,
1850 4809 1905 4856 et
1933 4801 2038 4856 dis-

471 4896 637 4966 cipuli
661 4895 854 4950 diaboli
880 4913 892 4948 :
924 4895 966 4950 si
991 4895 1171 4950 videas
1192 4895 1461 4951 hominem
1485 4895 1792 4965 diligentem
1817 4893 2035 4948 fratrem

475 5002 666 5050 suum,
714 4985 852 5039 scias
896 4986 1020 5054 quia
1062 4986 1354 5056 discipulus
1395 4984 1597 5042 Christi
1623 4995 1738 5052 est;
1772 4985 1818 5040 si
1855 4996 2035 5040 autem

473 5093 599 5133 eum
625 5076 808 5132 videas
835 5078 1012 5132 odisse
1034 5078 1255 5132 fratrem
1279 5094 1459 5144 suum,
1495 5094 1656 5150 quem
1680 5079 1855 5144 videt,
1898 5079 2036 5134 scias

474 5183 600 5222 eum
635 5182 733 5222 nec
758 5167 922 5222 Deum
954 5167 1192 5240 diligere,
1218 5183 1377 5238 quem
1431 5185 1540 5224 non
1582 5169 1762 5233 videt;
1813 5169 2038 5239 ideoque

480 5271 696 5312 necesse
717 5265 876 5312 estut
897 5257 1089 5312 diaboli
1115 5259 1216 5322 sit,
1262 5259 1352 5328 qui
1383 5258 1476 5313 Dei
1508 5274 1612 5313 non
1647 5267 1748 5314 est.
1782 5257 2034 5328 Semper,

480 5346 675 5403 fratres
695 5351 819 5414 mei,
849 5351 950 5404 ista
972 5349 1130 5405 verba
1166 5350 1373 5405 Domini
1401 5351 1454 5404 in
1475 5360 1652 5406 mente
1673 5359 1866 5414 tenete,
1897 5366 2040 5406 sem-

479 5453 579 5508 per
609 5439 858 5507 operibus
885 5440 1178 5506 ostendite;
1221 5439 1346 5509 quia
1389 5441 1442 5493 in
1483 5441 1584 5495 hoc
1623 5441 2038 5512 cognoscemini,

481 5527 529 5583 si
557 5527 624 5582 ad
652 5530 819 5584 Deum
861 5532 1175 5602 pertineatis
1196 5571 1211 5598 ,
1260 5531 1306 5585 si
1337 5529 1531 5587 fratres
1561 5540 1769 5587 vestros
1798 5531 2036 5602 diligitis.

481 5615 619 5675 Cum
643 5634 790 5692 ergo,
807 5631 864 5678 ut
900 5623 1307 5698 dixi,.Dominus
1331 5624 1494 5681 multa
1523 5625 1798 5697 discipulis
1827 5627 1943 5684 suis
1971 5625 2038 5683 de
2069 5703 2092 5707 η

2140 3177 2244 3214 non
2263 3178 2377 3238 sum
2396 3162 2694 3240 demundo.
2731 3164 3016 3234 Sanctiﬁca
3041 3183 3128 3220 eos
3157 3167 3213 3221 in
3260 3169 3491 3222 veritate.
3526 3168 3713 3223 Sermo

2140 3261 2260 3306 tuus
2283 3254 2470 3307 veritas
2496 3264 2590 3308 est.
2615 3253 2761 3309 Sicut
2798 3273 2878 3310 me
2904 3257 3092 3311 misisti
3144 3259 3200 3311 in
3247 3259 3520 3324 mundum,
3551 3268 3599 3313 et
3618 3275 3712 3328 ego

2138 3347 2258 3402 misi
2282 3364 2368 3402 eos
2395 3348 2448 3401 in
2475 3349 2746 3403 mundum.
2777 3349 2845 3404 Et
2894 3367 2989 3421 pro
3031 3353 3104 3405 eis
3151 3369 3242 3423 ego
3286 3352 3555 3420 sancti/ica
3605 3370 3716 3407 me-

2137 3435 2331 3505 ipsum,
2353 3446 2408 3490 ut
2436 3437 2540 3491 sint
2567 3447 2614 3491 et
2640 3437 2738 3508 ipsi
2762 3439 3076 3507 sancti/icati
3099 3441 3152 3493 in
3184 3441 3416 3494 veritate.
3450 3441 3573 3494 Non
3613 3458 3711 3513 pro

2137 3526 2218 3580 his
2245 3537 2416 3582 autem
2459 3545 2582 3600 rogo
2624 3539 2858 3594 tantum;
2895 3530 2986 3584 sed
3013 3539 3061 3584 et
3100 3547 3194 3601 pro
3233 3531 3313 3584 his
3334 3532 3423 3600 qui
3460 3531 3713 3586 credituri

2136 3625 2257 3670 sunt
2281 3634 2374 3688 per
2393 3618 2601 3672 verbum
2640 3635 2819 3672 eorum
2845 3620 2901 3673 in
2929 3636 3031 3685 me,
3056 3629 3112 3674 ut
3134 3636 3310 3674 omnes
3356 3637 3515 3673 unum
3567 3621 3706 3686 sint,

2136 3709 2270 3762 sicut
2294 3718 2342 3764 et
2378 3718 2434 3763 tu
2465 3707 2628 3764 Pater
2645 3712 2699 3765 in
2726 3727 2828 3777 me,
2867 3722 2916 3766 et
2946 3729 3037 3782 ego
3063 3713 3116 3766 in
3146 3723 3195 3766 te
3216 3726 3236 3764 :
3263 3722 3310 3767 et
3339 3723 3392 3766 ut
3415 3713 3516 3782 ipsi
3534 3713 3589 3766 in
3615 3729 3711 3766 no-

2139 3798 2215 3852 bis
2237 3814 2396 3852 unum
2426 3799 2551 3864 sint,
2586 3810 2640 3854 ut
2676 3802 2901 3856 mundus
2926 3802 3102 3855 credat
3143 3804 3268 3872 quia
3291 3813 3346 3856 tu
3370 3819 3452 3857 me
3498 3803 3706 3856 misisti.

2137 3891 2206 3947 Et
2227 3909 2319 3964 ego
2344 3892 2634 3948 claritatem
2670 3911 2831 3966 quam
2874 3895 3061 3950 dedisti
3088 3897 3234 3959 mihi,
3263 3897 3382 3950 dedi
3406 3897 3500 3960 eis,
3524 3905 3580 3949 ut
3602 3897 3711 3951 sint

2112 3999 2322 4060 _unum,
2351 3973 2483 4037 sicut
2513 3993 2560 4038 et
2591 4001 2683 4038 nos
2706 4001 2866 4039 unum
2890 4002 3088 4040 sumus.
3121 3985 3232 4056 Ego
3259 3987 3314 4040 in
3340 3987 3433 4050 eis,
3457 3995 3502 4040 et
3547 3997 3603 4040 tu
3652 3987 3707 4041 in

2138 4089 2248 4139 me,
2283 4083 2337 4126 ut
2361 4075 2464 4128 sint
2492 4077 2836 4129 consummati
2861 4077 2916 4130 in
2959 4093 3140 4142 unum,
3172 4089 3220 4132 et
3248 4087 3522 4148 cognoscat
3551 4095 3707 4132 mun-

2137 4163 2234 4223 dus
2260 4164 2383 4234 quia
2405 4173 2466 4218 tu
2505 4181 2586 4219 me
2622 4166 2829 4230 misisti,
2859 4175 2906 4221 et
2933 4167 3092 4222 dilexi
3132 4186 3239 4235 eos,
3261 4171 3394 4223 sicut
3419 4179 3466 4224 et
3506 4187 3586 4223 me
3623 4169 3705 4224 di-

2137 4253 2330 4309 lexisti.
2362 4253 2544 4322 Pater,
2565 4275 2695 4328 quos
2715 4259 2907 4313 dedisti
2926 4239 3071 4326 mihi,
3099 4261 3212 4314 volo
3259 4273 3315 4315 ut
3345 4263 3433 4316 ubi
3457 4279 3549 4332 ego
3562 4279 3700 4328 sum,

2135 4357 2182 4401 et
2211 4348 2288 4403 illi
2315 4350 2417 4404 sint
2448 4366 2683 4417 mecum;
2712 4361 2770 4405 ut
2791 4352 2997 4406 videant
3025 4353 3311 4407 claritatem
3334 4371 3502 4406 meam
3544 4372 3702 4425 quam

2135 4445 2322 4498 dedisti
2357 4445 2513 4510 mihi,
2556 4449 2681 4517 quia
2717 4447 2945 4501 dilexisti
2995 4463 3075 4501 me
3119 4457 3238 4500 ante
3284 4448 3700 4502 constitutionem

2135 4535 2336 4588 mundi.
2376 4534 2540 4590 Pater
2550 4536 2715 4606 juste,
2743 4538 2968 4591 mundus
3009 4547 3056 4591 te
3079 4554 3180 4591 non
3207 4539 3459 4607 cognovit,
3491 4555 3581 4608 ego
3603 4555 3699 4591 au-

2134 4634 2235 4680 tem
2273 4627 2504 4696 cognovi,
2525 4637 2574 4682 et
2599 4628 2654 4681 hi
2704 4638 3050 4699 cognoverunt
3073 4629 3198 4698 quia
3227 4638 3282 4681 tu
3297 4645 3380 4680 me
3419 4629 3622 4691 misisti,
3650 4639 3700 4682 et

2137 4726 2314 4772 notum
2341 4716 2439 4787 feci
2465 4719 2539 4772 eis
2562 4735 2746 4773 nomen
2773 4728 2940 4784 tuum,
2977 4728 3024 4772 et
3051 4727 3227 4772 notum
3251 4718 3463 4786 faciam,
3490 4727 3544 4771 ut
3569 4719 3698 4772 dile-

2137 4810 2237 4863 ctio
2264 4827 2367 4881 qua
2389 4809 2618 4866 dilexisti
2657 4827 2778 4877 me,
2825 4811 2880 4865 in
2926 4811 3052 4880 ipsis
3098 4811 3198 4874 sit,
3229 4820 3275 4863 et
3330 4825 3421 4880 ego
3465 4810 3520 4863 in
3569 4810 3697 4880 ipsis

2135 4899 2318 4971 (Joan.
2348 4899 2503 4972 xvu).

2730 4991 2956 5048 CAPUT
2995 4991 3102 5046 VII.
3285 5068 3287 5070 η

2207 5082 2274 5136 Et
2295 5084 2484 5152 hymno
2505 5083 2642 5136 dicto
2665 5085 2902 5138 exierunt
2929 5085 2984 5137 in
3010 5094 3234 5139 montem
3259 5083 3443 5138 Oliveti
3477 5081 3691 5154 (Matth.

2136 5173 2307 5243 xxvr).
2349 5171 2635 5241 Postquam
2687 5174 2941 5244 hymnum
2990 5173 3163 5230 laudis
3201 5182 3256 5229 et
3301 5174 3560 5230 orationis
3595 5189 3694 5244 pro

2137 5263 2386 5318 omnibus
2412 5263 2749 5318 credentibus
2782 5265 2890 5319 Deo
2923 5264 3139 5320 ollerret
3169 5265 3330 5336 (sicut
3363 5267 3522 5320 modo
3547 5264 3698 5319 audi-

2137 5353 2255 5418 stis,
2293 5351 2526 5423 fratres),
2566 5363 2846 5423 surgentcs
2880 5364 3007 5410 tunc
3050 5356 3198 5409 ibant
3226 5356 3277 5409 in
3321 5365 3558 5411 montem
3586 5355 3695 5411 Oli-

2137 5444 2246 5498 veti
2290 5443 2384 5498 Illo
2405 5442 2610 5497 scilicet
2629 5443 2935 5515 signiﬁcans
2956 5447 3094 5514 quod
3118 5461 3214 5514 per
3234 5445 3374 5500 illam
3396 5447 3693 5501 orationem

2135 5551 2239 5606 qua
2291 5550 2391 5606 pro
2437 5533 2541 5589 illis
2587 5536 2759 5589 oravit
2787 5536 2840 5590 in
2888 5545 3121 5590 montem
3167 5537 3547 5592 misericordia:
3599 5537 3692 5592 Dei

2136 5625 2409 5682 ascensuri
2455 5634 2662 5692 essent;
2712 5625 2884 5681 oleum
2921 5625 3084 5692 enim,
3121 5626 3262 5696 quod
3293 5627 3346 5680 in
3381 5625 3471 5681 illo
3514 5639 3698 5684 monte
