4008 6206
255 174 317 230 73
1065 222 1069 227 .
1220 169 1641 228 OPUSCULUM
1682 171 1769 226 DE
1806 170 2142 227 PASSIONE
2182 170 2437 226 DOMINI.
3410 178 3480 240 τι

253 289 558 351 abundabat,
605 287 1035 342 misericordiam
1082 287 1136 341 in
1181 297 1366 343 sancta
1402 288 1681 358 Scriptura
1733 286 1805 341 si-
1832 294 1882 351 Λ
1908 296 2032 352 est;
2095 297 2150 343 ct
2203 303 2301 343 nos
2355 302 2454 358 pro
2503 295 2690 344 nostro
2742 294 3003 357 peccato,
3065 303 3171 345 non
3222 305 3321 360 pro
3380 307 3480 348 suo

249 383 488 452 gniﬁcare
514 380 664 435 solet.
698 379 753 432 In
784 386 1023 432 montem
1058 392 1186 449 ergo
1219 377 1513 441 Olivarum,
1558 378 1710 448 quasi
1742 377 1809 432 ad

253 474 563 528 altiuulinem
607 470 1000 525 misericordia:
1047 470 1160 533 Dei,
1221 469 1468 539 discipuli
1516 482 1611 539 per
1667 469 1807 523 viam

254 580 401 636 quam
439 572 555 617 tunc
582 563 664 616 eis
700 562 1039 625 ostendebat,
1066 570 1449 631 pervenerunt.
1492 561 1642 618 Tunc
1675 561 1810 617 dixit

255 660 329 713 eis
348 659 490 713 Jesus
524 676 536 709 :
1412 672 1417 678 '

318 748 492 804 Omnes
516 766 601 802 eos
627 748 939 803 scandalum
959 749 1228 820 patiemini
1252 750 1305 803 in
1328 766 1407 803 me
1427 751 1481 803 in
1508 751 1609 804 ista
1624 761 1805 812 nocte;

245 842 473 909 scriptum
510 850 584 894 est
618 840 755 893 enim
795 854 813 891 :
850 837 1151 895 Perculiam
1192 850 1473 907 pastorem,
1522 852 1569 895 et
1607 842 1808 912 disper-

242 940 412 997 gentur
442 946 561 984 ores
584 931 774 1001 gregis.
815 927 1106 997 Postquam
1141 941 1316 984 autem
1343 948 1639 1005 surreqero,
1673 950 1807 1002 pra:-

180 1014 187 1057 ί
240 1026 401 1077 cedam
440 1040 530 1078 eos
553 1025 608 1077 in
637 1023 919 1078 Galilwam
959 1024 1174 1094 (Matth.
1215 1023 1383 1095 xxvn).
1428 1023 1800 1079 PrtedixitDo-

241 1113 400 1169 minus
431 1114 713 1184 discipulis
752 1114 865 1168 suis
910 1114 1053 1183 quod
1099 1130 1221 1168 eum
1269 1115 1508 1170 relicturi
1557 1108 1815 1178 fuissent,

237 1207 407 1260 ethoc
437 1206 496 1259 in
538 1206 656 1274 ipsa
683 1212 863 1259 nocte.
910 1204 1065 1269 laico,
1099 1204 1295 1260 fratres
1336 1207 1460 1269 mei,
1505 1207 1586 1261 eis
1613 1207 1812 1276 pratdi-

234 1313 343 1352 cere
365 1297 604 1359 curavit,
634 1313 701 1351 ne
733 1312 858 1352 cum
897 1297 1241 1365 reliquissent
1277 1306 1332 1352 et
1359 1299 1411 1353 in
1440 1314 1505 1354 eo
1540 1300 1803 1355 scandali-

234 1397 465 1453 tasscnt,
500 1387 729 1442 salutem
752 1380 1099 1457 desperarent
1128 1407 1140 1440 :
1175 1389 1316 1443 sicut
1339 1391 1482 1449 enim
1515 1404 1606 1445 eos
1637 1400 1803 1445 terre-

235 1481 310 1533 bat
334 1495 459 1535 cum
490 1495 586 1534 eos
616 1487 911 1550 negaturos
950 1479 1321 1549 pricdixisset,
1362 1482 1442 1535 sic
1472 1482 1552 1537 eis
1591 1482 1802 1537 miscri—

232 1571 456 1625 cordiam
504 1569 754 1640 promisit
784 1584 907 1624 cum
947 1584 1008 1624 se
1050 1579 1478 1625 resurrecturum
1514 1580 1569 1626 et
1597 1573 1649 1626 in
1688 1571 1795 1627 Ga-

1912 393 2188 433 morimur.

1984 467 2127 522 Tunc
2160 469 2295 522 venit
2327 468 2482 522 Jesus
2511 484 2626 522 cum
2657 468 2923 541 discipulis
2944 470 3052 524 suis
3079 470 3136 525 in
3165 451 3337 526 villain
3362 488 3480 543 qua:

1910 559 2103 612 dicitur
2128 555 2474 619 Gethsemani,
2503 558 2591 612 ubi
2619 569 2730 612 erat
2755 559 2958 624 hortus,
2982 560 3035 614 in
3062 561 3479 631 quem‘introivit

1910 648 2017 717 ipse
2042 656 2088 700 et
2119 646 2359 717 discipuli
2387 646 2517 717 ejus.
2545 646 2750 701 Sciebat
2778 659 2949 704 autem
2968 659 3017 703 et
3037 649 3227 714 ludas,
3247 653 3342 722 qui
3362 663 3477 706 tra-

1908 737 2059 790 debat
2101 753 2236 807 eum,
2283 736 2476 800 locum,
2503 738 2626 806 quia
2661 736 2955 807 frequenter
2980 737 3136 794 Iesus
3167 750 3476 795 conuenerat

1908 824 2033 880 illuc
2062 844 2175 880 cum
2215 828 2485 898 discipulis
2520 829 2661 893 suis;
2684 839 2732 882 et
2770 829 2901 883 dixit
2931 830 3184 897 Dominus
3209 831 3477 901 discipulis

1906 918 2015 971 suis
2054 936 2074 968 ,ο
2128 918 2311 972 Sedete
2357 918 2470 982 hic,
2507 918 2668 971 donec
2708 917 2891 972 undam
2950 918 3075 971 illuc
3114 929 3161 972 et
3211 934 3371 973 orem.
3408 919 3478 974 Et

1906 1018 2169 1077 assumpto
2206 1008 2360 1063 Petro
2406 1017 2453 1062 ct
2483 1008 2683 1061 duobus
2728 1007 2853 1075 [iliis
2894 1006 3132 1065 Zcbeda’i
3170 1010 3319 1080 carpit
3354 1026 3478 1063 con-

1904 1099 2102 1151 tristari
2158 1107 2204 1152 et
2252 1109 2461 1152 miratus
2507 1114 2616 1152 esse
2655 1098 2869 1169 (Matth.
2924 1114 3084 1163 xxvx;
3115 1098 3257 1153 Joan
3296 1101 3469 1169 xvm).

1906 1192 2064 1245 Venit
2111 1190 2369 1246 Dominus
2409 1192 2462 1245 in
2511 1192 2686 1246 locum
2727 1191 2819 1260 qui
2860 1191 3060 1246 dicitur
3102 1189 3468 1245 Gethsemani.

1902 1283 2030 1338 Illuc
2056 1283 2223 1347 venit,
2260 1283 2348 1337 ubi
2376 1298 2498 1336 eum
2529 1283 2733 1338 sciebat
2757 1282 2984 1337 traditor
3012 1297 3144 1336 suus
3171 1281 3347 1337 solere
3377 1298 3471 1338 re-

1904 1378 2044 1440 nire,
2088 1386 2149 1431 ut
2195 1356 2267 1431 ibi
2324 1392 2475 1438 eum,
2507 1391 2627 1429 cum
2674 1376 2979 1445 qumsisset,
3010 1374 3322 1429 inveniret:
3366 1389 3472 1429 non

1902 1469 2045 1523 enim
2074 1468 2310 1539 fugiebat
2331 1468 2653 1537 passionem,
2679 1468 2746 1520 ad
2774 1482 2936 1536 quam
2967 1466 3019 1519 in
3045 1466 3301 1521 mundum
3328 1466 3477 1521 venit

1901 1573 1957 1620 et
1988 1580 2147 1635 quam
2188 1579 2248 1619 se
2273 1579 2372 1633 pro
2405 1564 2559 1619 nobis
2588 1572 2962 1632 suscepturum
2991 1562 3153 1616 toties
3186 1570 3309 1616 ante
3337 1576 3475 1631 przc~

234 1662 408 1717 lilazam
435 1631 832 1730 praecessumm
856 1677 950 1716 eos
996 1662 1364 1731 promitteret;
1414 1679 1478 1718 ac
1519 1664 1564 1718 si
1608 1664 1754 1720 dicat
1779 1684 1790 1719 :
1825 1631 1870 1689 Β
1898 1631 2126 1712 dixerat.
2142 1631 2427 1725 Assumpsit
2451 1671 2571 1725 ergo
2590 1631 2802 1708 Petrum
2824 1666 2871 1707 et
2896 1654 3028 1707 duos
3046 1653 3186 1724 ﬁlios
3199 1651 3437 1707 Zebeda'i
3453 1671 3472 1717 ,-

236 1752 326 1807 τος
347 1752 571 1821 quidem
610 1767 697 1806 me
720 1751 967 1821 negaturi
1003 1752 1173 1816 estis;
1208 1754 1301 1807 sed
1339 1770 1455 1807 mea
1487 1764 1666 1809 tamen
1695 1756 1796 1809 mi-

232 1846 513 1900 sericordia
546 1858 659 1917 vos,
679 1858 786 1897 non
813 1843 1044 1898 deseret.
1079 1843 1385 1898 Pra’cedam
1421 1855 1595 1898 autem
1623 1862 1711 1899 vos
1740 1846 1794 1900 in

232 1934 519 1998 {Jama-am,
557 1931 611 1987 id
644 1941 747 1997 est,
790 1947 891 2003 ego
930 1932 1053 1987 tiam
1097 1933 1433 1997 immortalis,
1465 1941 1521 1988 et
1547 1936 1613 1989 ad
1651 1935 1795 1990 illam

230 2026 439 2096 gloriam
470 2023 908 2093 transmigrando
936 2024 1254 2093 praecedam,
1290 2040 1493 2094 vosque
1521 2039 1586 2078 ne
1608 2026 1798 2080 timea-

232 2118 309 2181 tis,
357 2116 487 2184 quia
535 2122 593 2168 et
625 2113 753 2167 illuc
801 2127 888 2168 me
938 2114 1233 2182 sequemini
1272 2132 1285 2166 :
1334 2114 1551 2170 Galilcca
1600 2117 1796 2185 quippe

229 2205 619 2274 transmigratio
649 2203 851 2259 dicitur
877 2202 1248 2273 interpretata.
1279 2203 1436 2268 Cum,
1465 2205 1658 2274 inquit,
1696 2206 1797 2258 nti-

227 2311 446 2366 gravero
499 2295 567 2348 ab
620 2294 722 2349 bac
753 2293 1083 2348 mortalitate
1125 2295 1194 2348 ad
1238 2295 1660 2351 immortalitatis
1689 2296 1795 2367 glo-

228 2386 381 2449 riam,
422 2394 552 2440 tunc
577 2395 632 2440 et
662 2402 760 2442 vos
797 2402 885 2442 me
917 2389 1307 2456 praecedentem
1332 2388 1647 2458 sequcmini.

287 2474 625 2544 Respondeas
641 2486 816 2530 autem
836 2474 1026 2530 Petrus
1037 2478 1110 2530 ait
1124 2477 1203 2530 illi
1218 2494 1235 2531 :
1252 2477 1367 2532 Etsi
1382 2495 1554 2532 omnes
1572 2480 1795 2534 scanda-

223 2564 365 2618 διαιί
386 2566 588 2634 fuerint
603 2567 659 2620 in
685 2578 752 2627 te,
774 2583 869 2637 ego
886 2582 1152 2637 nunquam
1167 2567 1582 2623 scandalizabor.
1603 2570 1643 2621 Α
1653 2572 1690 2624 it
1714 2571 1795 2627 illi

219 2655 374 2710 Iesus
394 2673 413 2710 :
436 2657 600 2712 Amen
627 2658 743 2711 dico
770 2657 885 2723 tibi,
906 2659 1031 2728 quia
1063 2658 1162 2711 hac
1185 2667 1352 2721 nocte,
1380 2669 1655 2730 antequam
1675 2662 1793 2732 gal-

219 2748 299 2803 lus
324 2758 517 2814 cantet,
552 2759 631 2803 ter
660 2767 739 2804 me
772 2752 1006 2821 negabis.
1052 2752 1137 2805 Ait
1177 2751 1256 2804 illi
1298 2749 1486 2807 Petrus
1521 2768 1539 2805 .'
1570 2753 1793 2809 Etiamsi

221 2841 503 2907 oportuerit
524 2858 605 2894 me
629 2843 763 2894 mori
810 2852 1004 2907 tecum,
1029 2859 1129 2897 non
1152 2851 1201 2896 te
1226 2843 1439 2913 negabo.
1467 2844 1722 2899 Similiter
1743 2857 1791 2901 et

220 2944 391 2982 omnes
412 2930 656 2999 discipuli
681 2931 928 2985 dixerunt
963 2931 1175 3003 (Matth.
1209 2926 1378 3003 xxvn).
1408 2934 1522 2987 Non
1550 2943 1634 2989 est
1665 2936 1787 2999 hoc,

222 3024 440 3091 fratres,
483 3027 744 3082 mendacii
797 3036 890 3081 aut
929 3029 1273 3091 temeritatis,
1330 3031 1470 3099 quod
1518 3030 1707 3105 Petrus
1738 3042 1791 3087 el
1819 3024 1863 3060 λλ

134 3146 143 3159 ο
221 3119 397 3171 ceteri
422 3118 648 3193 apostoli
678 3120 1043 3187 promiserunt
1072 3133 1129 3174 se
1159 3129 1287 3174 tunc
1326 3121 1489 3174 etiam
1529 3137 1649 3175 cum
1687 3122 1790 3175 Do-

222 3211 365 3264 mino
390 3211 714 3276 morituros,
749 3221 802 3266 et
843 3224 1115 3282 nunquam
1155 3213 1301 3267 illum
1333 3224 1654 3284 negaturos;
1695 3216 1787 3271 sed

219 3302 343 3371 quia
370 3304 562 3359 ardens
584 3312 702 3358 erat
723 3319 911 3360 eorum
936 3307 1077 3379 circa
1112 3306 1396 3360 Dominum
1421 3307 1662 3375 allectus,
1694 3312 1788 3365 sed

220 3392 449 3447 carnalis
492 3411 506 3447 :
545 3396 782 3449 nondum
831 3397 977 3451 enim
1026 3408 1144 3453 erat
1175 3399 1411 3469 Spiritus
1447 3402 1624 3467 datus,
1663 3405 1787 3472 quia

218 3480 375 3537 Jesus
408 3485 646 3540 nondum
679 3485 854 3541 fuerat
884 3488 1234 3559 gloriﬁcatus.
1268 3490 1547 3548 Habebam
1574 3495 1787 3562 quidem

221 3573 478 3643 Spiritum
513 3592 547 3630 a
584 3577 810 3632 Domino
851 3579 1060 3644 datum,
1092 3578 1199 3636 sed
1228 3582 1437 3652 plenius
1461 3592 1618 3639 erant
1665 3600 1789 3639 cum

218 3672 339 3731 post
366 3665 578 3721 Domini
622 3669 1069 3731 resurrectionem
1110 3673 1403 3741 accepturi,
1448 3684 1507 3729 ut
1546 3691 1645 3745 pro
1687 3676 1790 3732 Do-

218 3754 365 3809 mino
409 3756 548 3811 mori
599 3772 705 3811 non
764 3759 1059 3827 timerent;
1101 3764 1242 3831 quod
1291 3780 1434 3821 nunc
1473 3768 1790 3835 promittere

216 3844 433 3911 quidem
467 3847 659 3915 spiritu
688 3849 922 3931 prompti
957 3866 1063 3905 non
1101 3852 1438 3919 dubitabant,
1477 3857 1569 3911 sed
1621 3872 1788 3914 carne

218 3933 417 3988 inﬁrmi
447 3936 710 4002 perﬁcere
736 3953 842 3991 non
869 3946 1136 4008 poterant.
1173 3942 1425 3997 Permisit
1448 3960 1575 4015 ergo
1602 3946 1785 4001 Domi-

214 4038 317 4077 nus
354 4023 574 4078 Petrum
606 4033 731 4080 tunc
758 4042 990 4097 negare,
1036 4039 1095 4084 ut
1137 4032 1374 4088 disceret
1411 4035 1559 4089 illum
1596 4052 1789 4092 carna-

212 4111 317 4167 lem
345 4112 622 4181 affectum,
664 4130 825 4184 quem
855 4133 984 4188 erga
1025 4133 1148 4175 eum
1190 4130 1318 4177 tunc
1354 4126 1588 4190 tenebat,
1639 4127 1789 4180 aufe-

212 4203 463 4268 rendum,
510 4214 564 4257 et
609 4204 702 4259 Dei
747 4222 931 4263 amore
961 4207 1233 4265 Christum
1262 4211 1610 4282 diligendum,
1646 4216 1787 4269 sicut

1896 1748 2043 1819 coepit
2078 1747 2378 1801 contristari
2412 1755 2460 1800 et
2497 1756 2703 1799 mlestus
2732 1750 2879 1799 esse.
2902 1745 3047 1815 Ipsos
3086 1745 3378 1815 discipulos
3405 1747 3472 1801 ad

1896 1838 2180 1894 videndam
2230 1837 2581 1892 humanitatis
2629 1851 2739 1891 suae
2795 1836 3078 1890 veritatem
3136 1837 3467 1909 assumpsit,

1895 1945 2030 1999 quos
2052 1936 2177 1982 ante
2209 1928 2279 1983 ad
2311 1926 2596 1983 videndam
2637 1927 2939 1982 claritatem
2978 1942 3129 1982 suam
3177 1928 3233 1981 in
3263 1938 3466 1992 monte,

1897 2022 1986 2075 ubi
2021 2035 2143 2074 cum
2183 2034 2249 2074 eo
2286 2018 2498 2089 Moyses
2532 2027 2586 2072 et
2619 2004 2763 2073 Elias
2798 2019 2850 2073 in
2884 2017 3166 2088 majestate
3195 2018 3296 2074 visi
3322 2030 3468 2080 sunt.

1896 2109 2216 2180 assumpsit;
2264 2117 2321 2163 ut
2356 2109 2447 2180 qui
2492 2110 2708 2163 fuerant
2734 2116 2900 2163 testes
2947 2109 3131 2180 gloriae
3186 2108 3377 2166 ﬁerent
3415 2119 3482 2187 et.

1895 2200 2274 2265 humanitatis;
2304 2208 2359 2271 et
2384 2201 2474 2269 qui
2497 2213 2618 2255 eum
2648 2199 2832 2255 multis
2855 2199 3067 2255 indiciis
3089 2201 3267 2257 edocti
3299 2202 3470 2258 Deum

1895 2308 2001 2347 non
2051 2293 2384 2359 dubitabant,
2421 2294 2625 2348 scirent
2669 2293 2834 2348 etiam
2860 2294 2964 2349 hoc
2992 2294 3194 2350 indicio
3236 2296 3472 2353 tristitia:

1895 2383 2162 2438 hominem
2207 2398 2344 2439 esse.
2388 2381 2824 2438 Contristabatnr
2861 2392 3044 2440 autem
3087 2400 3195 2440 non
3235 2401 3335 2457 pro
3371 2402 3470 2442 sua

1895 2483 2093 2540 morte,
2132 2474 2198 2529 ad
2237 2487 2400 2544 quam
2437 2472 2854 2542 suscipiendam,
2893 2486 2955 2529 ut
2988 2475 3370 2544 prtedisimus,
3415 2478 3471 2537 in

1895 2563 2154 2620 mundum
2199 2571 2444 2631 venerat,
2489 2565 2583 2619 sed
2610 2578 2710 2633 pro
2756 2564 2900 2619 illius
2930 2566 3177 2636 discipuli
3226 2567 3308 2623 sui
3338 2578 3468 2637 pro-

1894 2657 2082 2713 ditoris
2118 2657 2440 2727 perditione,
2477 2667 2531 2714 et
2559 2673 2661 2728 pro
2699 2658 2842 2714 illius
2872 2660 3054 2730 populi
3081 2661 3466 2726 obcaecatione,

1892 2749 1985 2818 qui
2032 2763 2154 2804 eum
2197 2749 2263 2803 ad
2291 2756 2522 2805 mortem
2555 2750 2873 2806 tradiderat.
2901 2750 3037 2806 Nam
3067 2767 3234 2820 quare
3275 2768 3372 2822 pro
3409 2769 3468 2807 se

1894 2841 2310 2895 contristarctur
2342 2840 2631 2905 morituro,
2668 2841 2761 2911 qui
2799 2850 2924 2896 ante
2955 2842 3205 2911 praedixit
3233 2842 3467 2914 discipu-

1894 2930 1961 2985 lis
1989 2949 2001 2983 :
2036 2930 2227 2994 Filius,
2258 2933 2507 3002 inquiens
2526 2972 2541 2995 ,
2565 2932 2788 2987 hominis
2811 2933 3050 2986 tradetur
3071 2934 3140 2986 ad
3161 2935 3469 3006 cruciﬁgen-

1894 3027 2060 3080 dum?
2092 3027 2157 3080 Et
2193 3028 2294 3082 hoc
2333 3026 2527 3095 saepius
2556 3022 2832 3097 discipulis
2867 3026 2979 3096 ipse
3019 3028 3313 3098 praedicens
3356 3046 3462 3085 non

1894 3135 1951 3174 se
1998 3120 2189 3174 timere
2232 3118 2502 3181 ostendit,
2535 3116 2676 3187 quod
2715 3116 2782 3171 ad
2825 3117 3211 3187 perliciendum
3243 3120 3296 3175 in
3322 3121 3467 3176 hunc

1893 3211 2150 3264 mundum
2194 3209 2378 3263 venire
2406 3209 2662 3279 dignatus
2690 3216 2791 3273 est,
2822 3210 2913 3264 sed
2940 3208 3080 3265 sicut
3105 3226 3269 3282 supra
3288 3211 3421 3266 dixit
3446 3231 3463 3266 :

1892 3301 2083 3364 Filius,
2118 3302 2313 3372 inquit,
2351 3301 2577 3355 hominis
2615 3300 2777 3365 vadit,
2813 3301 2947 3355 sicut
2985 3303 3232 3373 scriptum
3269 3313 3362 3367 est,
3398 3305 3467 3360 de

1890 3392 1994 3447 hoc
2023 3407 2127 3446 non
2164 3399 2246 3446 est
2271 3390 2621 3445 contristatus
2640 3432 2654 3454 ,
2682 3391 2776 3445 sed
2814 3390 2878 3445 de
2915 3406 2979 3447 eo
3009 3392 3151 3463 quod
3179 3394 3423 3463 sequitur
3447 3412 3461 3447 :

1902 3479 1991 3536 Va:
2018 3490 2191 3534 autem
2211 3481 2409 3534 homini
2453 3478 2535 3533 illi
2561 3497 2654 3551 per
2689 3497 2839 3551 quem
2867 3482 3135 3548 tradetur;
3156 3498 3253 3559 per
3269 3483 3461 3539 Judatu

1890 3574 2032 3630 enim
2057 3574 2285 3628 traditus
2303 3582 2387 3627 est
2402 3572 2623 3639 Iudicis,
2644 3583 2700 3629 et
2719 3592 2814 3644 per
2832 3574 3043 3632 Iudaeos
3069 3578 3335 3648 gentibus.
3356 3577 3464 3636 Pro

1890 3665 2101 3720 illorum
2133 3679 2261 3736 ergo
2287 3665 2586 3734 perditione
2612 3651 3065 3734 contristabatur,
3107 3685 3212 3724 non
3238 3686 3337 3740 pro
3365 3687 3460 3726 sua

1884 3757 2158 3825 passione,
2190 3756 2307 3810 sine
2331 3770 2437 3824 qua
2464 3756 2700 3810 mundus
2719 3757 2913 3812 salvari
2940 3773 3045 3812 non
3075 3767 3341 3828 potuerat.
3372 3758 3463 3814 Ait

1890 3862 2019 3917 ergo
2050 3847 2326 3917 discipulis
2363 3865 2374 3899 :

1962 3936 2145 3990 Tristis
2174 3948 2249 3991 est
2288 3940 2465 3992 anima
2501 3955 2619 3992 mea
2647 3955 2808 4008 usque
2836 3940 2904 3992 ad
2936 3950 3184 3998 mortem:
3211 3942 3460 3997 sustinete

1890 4027 1972 4081 hic
1998 4037 2046 4081 et
2074 4028 2280 4097 vigilate
2318 4045 2519 4082 mecum
2552 4028 2764 4099 (Matth.
2796 4046 2952 4095 xxvr;
2981 4031 3149 4091 Marc.
3181 4036 3312 4107 xw).
3348 4034 3459 4089 Au-

1889 4117 2067 4181 distis,
2096 4118 2322 4182 fratres,
2354 4119 2495 4188 quod
2529 4119 2787 4175 Dominus
2821 4122 2934 4174 ait:
2968 4118 3152 4178 Tristis
3185 4134 3259 4179 est
3279 4126 3459 4181 anima

1891 4225 2005 4261 mea
2028 4225 2186 4277 usque
2219 4210 2287 4261 ad
2310 4218 2549 4275 mortem,
2587 4226 2695 4265 non
2725 4225 2823 4280 pro
2853 4222 3046 4279 morte,
3075 4223 3280 4269 tantum
3311 4217 3456 4272 enim

209 4304 262 4348 et
284 4304 485 4363 postea
510 4295 661 4361 fecit;
686 4305 884 4353 etcum
905 4299 1007 4354 hoc
1030 4300 1259 4367 fecisset,
1290 4303 1433 4357 nulla
1458 4320 1579 4357 cum
1604 4306 1785 4362 mundi
1814 4343 1864 4402 Β
1892 4300 2171 4370 praevaluit
2208 4301 2256 4355 ei
2286 4300 2375 4354 illa
2404 4302 2585 4370 passio
2612 4311 2873 4371 quantum
2906 4303 2990 4359 ille
3023 4306 3297 4374 permisit;
3330 4322 3457 4362 nam

209 4394 461 4453 potestas
499 4386 564 4440 ad
591 4389 893 4459 negandum
925 4406 1115 4460 cogere
1140 4395 1335 4462 potuit.
1368 4395 1623 4451 Permisit
1660 4412 1783 4453 eum
1810 4398 1815 4401 ’

209 4487 339 4532 tunc
381 4493 612 4546 negare,
657 4491 717 4535 ut
756 4490 938 4549 postea
987 4484 1239 4542 Ecclesiae
1285 4488 1533 4559 princeps
1571 4489 1784 4548 futurus

207 4568 645 4639 delinquentibus
676 4572 790 4640 ipse
825 4572 1140 4641 dimitteret,
1184 4592 1304 4631 cum
1345 4578 1444 4632 sibi
1490 4594 1518 4632 a
1556 4580 1783 4636 Domino

204 4660 495 4715 dimissum
546 4671 822 4730 peccatum
892 4668 1192 4735 negationis
1249 4652 1475 4723 videret.
1539 4671 1605 4726 Et
1656 4690 1783 4729 vere

204 4751 430 4817 quidem
450 4752 641 4807 beatus
665 4754 938 4821 apostolus
959 4757 1149 4813 Petrus
1173 4761 1307 4815 dixit
1333 4781 1345 4814 :
1375 4763 1487 4818 Etsi
1509 4775 1779 4834 oporteret

201 4859 329 4897 eam
354 4846 513 4906 uteri,
539 4861 645 4899 non
669 4847 950 4901 Dominum
980 4864 1037 4904 se
1064 4861 1399 4922 negaturum,
1423 4857 1515 4909 sed
1544 4859 1777 4912 nondum

202 4935 383 4989 adhuc
429 4946 640 5004 tempus
678 4938 807 4991 illud
851 4938 1161 4996 advenerat.
1215 4943 1327 4998 Non
1365 4947 1624 5001 enimille
1655 4966 1775 5004 cum

202 5024 442 5079 Domino
464 5028 623 5092 mori,
649 5028 746 5082 sed
771 5038 893 5097 post
918 5031 1196 5088 Dominum
1226 5046 1280 5089 et
1306 5053 1403 5106 pro
1434 5039 1660 5095 Domino
1688 5043 1778 5097 de-

198 5112 337 5168 buit.
374 5114 536 5171 Prius
558 5133 790 5186 namque
815 5118 1059 5177 Christus
1080 5139 1178 5193 pro
1211 5124 1371 5181 Petro
1399 5138 1454 5183 et
1482 5146 1578 5199 pro
1605 5134 1777 5187 omni-

196 5204 299 5260 bus
344 5206 597 5261 ﬁdelibus
629 5218 875 5264 mortuus
905 5220 1015 5275 est,
1053 5224 1238 5283 postea
1268 5216 1476 5280 Petrus,
1520 5236 1624 5276 non
1655 5238 1775 5278 cum

192 5312 282 5359 eo,
332 5296 435 5351 sed
476 5313 574 5367 pro
618 5313 685 5353 eo
739 5311 984 5356 mortuus
1030 5312 1112 5358 est
1148 5308 1376 5362 :‘nullus
1420 5311 1559 5364 enim
1608 5315 1780 5382 potuit

189 5391 335 5444 mori
376 5406 504 5445 cum
538 5390 796 5457 Domino,
834 5394 959 5462 quia
999 5396 1144 5451 solus
1185 5400 1302 5454 sine
1342 5402 1499 5472 culpa
1536 5415 1778 5460 mortuus

188 5489 317 5545 est;
365 5482 678 5536 hominibus
727 5498 856 5536 vero
905 5487 1113 5542 caeteris
1159 5505 1302 5544 mors
1358 5492 1563 5558 peccati
1619 5509 1777 5564 paena

186 5580 293 5627 cst.
328 5570 433 5626 Ille
460 5587 558 5642 pro
578 5580 790 5659 {nostro
830 5584 1082 5641 peccato,
1132 5594 1237 5633 non
1268 5595 1365 5649 pro
1403 5597 1500 5637 suo
1533 5594 1777 5640 mortuus

604 5664 881 5727 ΡΑτιιοι.
918 5666 1085 5737 ,CVI.

1888 4400 1941 4445 et
1967 4391 2085 4445 ideo
2119 4390 2254 4445 dixit
2289 4409 2301 4443 :
2331 4389 2493 4463 Coepit
2534 4394 2855 4448 contristari.
2889 4393 3117 4448 Tantum
3157 4396 3299 4450 enim
3329 4413 3458 4452 con-

1889 4483 2208 4535 tristabatur
2263 4492 2522 4551 quantum
2562 4483 2652 4538 ille
2680 4483 2867 4548 voluit,
2903 4493 2959 4542 et
3006 4485 3107 4540 hoc
3136 4487 3278 4542 inter
3307 4487 3456 4543 illum

1886 4574 2119 4628 distabat
2155 4583 2208 4628 et
2245 4585 2468 4629 caeteros
2488 4575 2754 4639 homines,
2784 4578 2924 4644 quod
2953 4577 3096 4631 omni
3135 4577 3330 4634 allecto
3359 4581 3458 4635 hu-

1888 4677 2048 4716 mano
2073 4653 2282 4716 tantum
2309 4664 2581 4718 utebatur.
2946 4736 2953 4737 ί

2474 4761 2699 4819 CAPUT
2737 4758 2877 4819 Vill:

1956 4852 2021 4906 Et
2047 4869 2367 4921 progressus,
2395 4856 2588 4924 inquit,
2623 4859 2867 4925 pusillum
2894 4873 3145 4931 quantum
3168 4865 3347 4932 jactus
3376 4876 3453 4919 est

1880 4943 2102 5013 lapidis,
2160 4945 2381 5012 procidit
2428 4945 2481 4998 in
2516 4946 2702 5014 faciem
2744 4965 2895 5002 suam
2929 4966 3087 5005 orati:
3119 4961 3167 5004 et
3210 4953 3383 5006 dicens
3430 4934 3448 5002 ἐ

1882 5033 2044 5090 Pater
2069 5036 2171 5098 mi,
2202 5037 2246 5089 si
2287 5036 2527 5099 possibile
2566 5046 2662 5100 est,
2708 5048 2937 5094 transeat
2973 5060 3005 5095 (ι
3035 5059 3114 5097 me
3139 5044 3276 5097 calix
3308 5044 3448 5103 iste;

1880 5137 2259 5189 uerumtamen,
2311 5142 2413 5178 non
2466 5127 2599 5181 sicut
2646 5144 2739 5196 ego
2787 5128 2918 5195 uolo,
2965 5132 3055 5184 sed
3093 5132 3223 5185 sicut
3273 5140 3329 5184 tu
3374 5133 3448 5185 vis

1888 5217 2036 5285 (Luc.
2063 5233 2205 5279 ml;
2240 5213 2427 5269 Matth.
2448 5215 2617 5288 XXVI).
2644 5216 2753 5271 lloc
2784 5219 3012 5274 humana
3047 5229 3253 5281 natura,
3280 5235 3445 5289 quam

1885 5302 2170 5363 ex’Judznis
2197 5314 2580 5375 assumpserat,
2621 5309 2799 5378 preeai
2823 5318 2962 5371 atur,
2993 5325 3095 5364 non
3130 5317 3189 5363 ut
3219 5319 3444 5372 mortem

1883 5418 1987 5455 non
2020 5401 2332 5469 susciperet,
2360 5398 2451 5453 sed
2477 5406 2660 5453 utnon
2684 5400 2751 5453 ab
2771 5400 2850 5454 eis
2876 5415 3013 5463 eam,
3036 5401 3125 5471 qui
3153 5403 3444 5462 secundum

1883 5510 2099 5548 carnem
2143 5482 2423 5561 propinqui
2481 5502 2658 5557 erant,
2701 5495 3018 5564 susciperet.
3062 5492 3443 5567 Verumtamen,

1885 5584 2075 5659 inquit,
2120 5600 2220 5637 non
2246 5585 2377 5662 sicut
2405 5601 2495 5653 ego
2531 5585 2661 5649 volo,
2697 5584 2787 5637 sed
2826 5585 2959 5639 sicut
2986 5595 3041 5637 tu
3078 5587 3174 5640 vis.
3217 5586 3333 5649 Non
3361 5591 3445 5653 iu.

2972 5683 3011 5748 3
