4008 6206
579 350 661 411 75
1668 348 1939 409 CANlllm
1974 348 2353 404 FULDENSIS
2392 348 2700 405 MONACHI

3751 351 3834 406 76

574 474 720 545 quit,
758 468 1045 527 secundum
1084 469 1412 523 voluntatem
1459 466 1807 521 humanitatis
1836 480 1903 520 ex
1934 465 2139 521 Induis
2172 472 2212 528 Α
2243 465 2308 519 ad
2339 465 2784 535 promittendum,
2809 465 2905 519 sed
2930 460 3282 533 carneftagili
3309 473 3561 534 gravatus
3587 480 3692 519 non
3723 473 3832 536 po-

575 571 863 632 assnmpue
890 561 1011 623 liat;
1040 558 1132 614 sed
1163 558 1455 613 secundum
1481 566 1719 612 nostram
1747 570 1962 625 semper
1983 571 2143 610 unam

572 662 632 708 et
662 659 918 706 aeternam
958 647 1283 701 voluntatem
1320 646 1410 701 ﬁet
1456 646 1591 711 hoc,
1618 654 1673 699 et
1703 646 1918 709 omnia;
1966 647 2146 700 omnia

576 742 721 796 enim
759 752 1087 808 quascunque
1129 737 1293 792 voluit
1334 736 1593 791 Dominus
1637 752 1734 806 per
1769 736 1961 791 Filium
1991 752 2148 791 suum

577 832 726 894 fecit,
769 837 823 884 et
871 843 976 892 una
1015 843 1227 897 semper
1278 828 1455 883 Patris
1495 838 1549 883 et
1596 827 1718 883 Filii
1752 828 2002 884 voluntas
2040 841 2143 884 est.

575 924 657 977 Ad
694 924 793 977 hoc
820 923 936 976 hare
965 921 1152 974 orabat
1190 921 1469 984 Dominus,
1511 930 1570 973 ut
1607 934 1759 974 suam
1798 920 2016 988 quidem
2055 935 2148 973 vo-

576 1014 836 1067 luntatem
877 1026 998 1065 esse
1033 1011 1237 1065 scirent
1272 1010 1536 1073 homines,
1566 1019 1625 1064 ut
1668 1025 1773 1063 non
1801 1019 2013 1065 tantum
2042 1009 2151 1064 cri-

582 1120 701 1159 men
735 1104 786 1157 in
816 1081 934 1157 dum
985 1101 1385 1156 commisissent
1412 1101 1785 1154 utsDominum
1820 1098 2002 1167 gloria:
2028 1115 2150 1155 cru-

578 1194 870 1249 tzit‘txisscnt
905 1210 918 1244 :
951 1191 1041 1245 ille
1075 1205 1307 1260 namque
1348 1205 1537 1245 omnes
1571 1189 1749 1245 salvos
1779 1187 1893 1245 vult
1921 1188 2064 1255 fieri,
2092 1197 2148 1245 et

580 1284 845 1340 nemiuem
870 1281 983 1336 vult
1006 1281 1204 1354 perire.

649 1375 923 1445 Apparuit,
959 1372 1149 1442 inquit,
1180 1370 1260 1425 illi
1294 1371 1508 1441 angelus
1545 1370 1758 1427 Domini
1784 1371 1849 1426 de
1867 1371 1994 1427 cmlo
2029 1387 2149 1425 con-

578 1470 779 1539 {artatis
815 1482 954 1531 cum,
986 1459 1034 1518 et
1067 1463 1236 1532 [actus
1263 1465 1315 1517 in
1344 1464 1535 1535 agonia
1559 1464 1815 1534 prolixius
1844 1463 2044 1517 orabat.
2078 1462 2146 1516 Et

579 1558 749 1627 factus
770 1565 842 1610 est
862 1555 1026 1610 sudor
1049 1555 1163 1624 ejus
1191 1554 1322 1607 sicut
1348 1564 1505 1624 gutta:
1536 1555 1807 1625 sanguinis
1826 1554 2148 1608 decurrentis

577 1649 633 1701 in
664 1658 856 1702 terram
889 1645 1037 1716 (Luc.
1073 1646 1230 1715 χιιι).
1273 1646 1535 1716 Apparuit
1564 1646 1791 1701 Domino
1823 1661 1954 1700 suus
1978 1662 2146 1717 ange-

579 1741 663 1791 lus
701 1737 768 1792 de
801 1736 940 1791 cmlo
982 1734 1292 1789 confortans
1333 1751 1479 1799 enm,
1523 1736 1664 1789 sicut
1702 1744 1850 1800 ante,
1877 1752 2000 1790 cum
2027 1751 2149 1790 esu-

2247 567 2353 613 tcst
2386 557 2609 625 implere
2639 572 2759 627 qua:
2788 557 3053 627 promisit.

2319 648 2519 702 Iterum
2556 648 2780 702 secundo
2811 648 2938 701 abiit
2978 656 3025 701 et
3081 648 3243 701 oravit
3282 648 3456 700 dicens
3488 664 3506 700 :
3538 646 3697 702 Pater
3720 651 3829 713 mi,

2245 745 2292 798 si
2326 760 2430 797 non
2450 753 2613 813 potest
2645 742 2728 795 hic
2757 740 2895 795 calix
2918 741 3159 803 transire,
3196 741 3294 794 nisi
3319 740 3487 793 bibam
3515 739 3684 801 illum,
3718 741 3833 809 ﬁat

2246 834 2484 888 voluntas
2506 844 2617 887 ttta.
2637 832 2702 886 Et
2718 833 2851 886 venit
2867 832 3078 894 iterant,
3097 840 3144 883 et
3166 829 3354 883 invertit
3367 845 3453 882 eos
3467 830 3792 883 dormientes
3814 846 3837 891 ;

2244 933 2396 999 erant
2425 925 2564 977 enim
2605 922 2745 977 oculi
2776 937 2954 977 eorum
2993 920 3217 991 gravati,
3259 928 3307 973 et
3346 918 3656 989 ignorabant
3687 920 3833 990 quid

2252 1014 2613 1084 responderent
2660 1014 2727 1067 ei.
2776 1013 2843 1066 Et
2881 1014 2989 1083 ipse
3023 1012 3208 1066 relictis
3244 1010 3347 1065 illis
3394 1011 3517 1064 abiit
3565 1020 3612 1064 et
3651 1011 3835 1063 oravit

2252 1106 2426 1166 tertio,
2457 1104 2690 1157 eumdem
2715 1119 3001 1157 sermonem
3029 1103 3205 1155 dicens
3226 1100 3439 1171 (Matth.
3470 1117 3613 1165 XXVI,
3642 1100 3827 1154 Marc.

2249 1192 2387 1265 xxv).
2425 1193 2480 1247 ln
2514 1193 2747 1248 secunda
2774 1202 2828 1247 et
2861 1193 3017 1246 tertia
3039 1191 3385 1245 orationetait
3417 1201 3431 1243 :
3467 1187 3623 1254 Fiat,
3655 1187 3834 1241 Pater

2247 1285 2339 1348 mi,
2384 1282 2622 1339 voluntas
2656 1293 2784 1347 tua;
2821 1283 2975 1352 quasi
3004 1282 3207 1337 diceret
3241 1296 3254 1334 :
3287 1278 3343 1334 Si
3384 1280 3543 1334 istum
3587 1278 3827 1334 e..lieem

2246 1374 2515 1429 bibiturus
2540 1388 2658 1428 sum
2680 1414 2695 1439 ,
2726 1373 2816 1426 fiat
2843 1372 3088 1427 voluntas
3122 1380 3232 1436 tua,
3265 1370 3406 1425 sicut
3436 1371 3490 1425 in
3517 1369 3656 1426 caelo
3678 1379 3737 1424 et
3768 1370 3825 1423 in

2251 1475 2427 1528 terra;
2459 1474 2519 1518 ut
2556 1480 2653 1534 per
2681 1473 2896 1535 gustum
2922 1462 3107 1519 calicis
3133 1461 3293 1530 hujus
3324 1460 3417 1515 liat
3444 1460 3497 1515 in
3530 1468 3642 1515 tota
3672 1470 3831 1516 terra

2247 1571 2349 1627 pax
2373 1556 2681 1611 hominibus
2710 1557 2864 1610 honre
2892 1548 3203 1610 voluntatis.
3240 1553 3307 1607 Et
3330 1553 3374 1607 si
3405 1568 3435 1606 a
3458 1550 3658 1607 ludatis
3678 1554 3831 1607 oeci-

2249 1646 2456 1701 dendus
2478 1662 2617 1710 sum,
2647 1646 2701 1699 in
2725 1645 2975 1701 omnibus
3002 1644 3214 1699 eceteris
3241 1643 3489 1714 gentibus
3511 1644 3603 1696 fiat
3630 1643 3829 1697 volun-

2251 1745 2333 1790 tas
2365 1746 2474 1800 tua,
2501 1745 2561 1790 ut
2583 1735 2792 1789 illorum
2824 1735 3018 1789 delicto
3043 1734 3187 1790 salus
3212 1734 3283 1788 sit
3318 1734 3585 1804 gentibus.
3617 1734 3686 1787 Et
3716 1735 3827 1789 hoc

579 1828 731 1892 riret,
758 1836 1105 1882 accesserunt
1130 1826 1323 1897 angeli,
1347 1837 1403 1880 et
1427 1827 1807 1881 ministrabant
1825 1828 1894 1882 ei.
1923 1827 2147 1894 Quando
2174 1815 2221 1873 Β
2250 1828 2409 1883 tertio
2434 1829 2630 1892 oravit,
2661 1837 2721 1882 ut
2757 1827 2953 1883 iterum
2984 1825 3306 1897 plenitudine
3330 1825 3559 1895 gentium
3590 1825 3833 1879 intrante

577 1931 706 1988 ergo
732 1916 847 1985 ipse
883 1916 1070 1979 voluit,
1114 1914 1400 1971 adfuerunt
1429 1916 1479 1971 ei
1508 1916 1755 1972 caelestes
1799 1917 1874 1971 illi
1915 1917 2146 1988 angelici

578 2008 816 2077 spiritus.
855 2006 922 2061 Et
969 2007 1136 2074 factus
1169 2007 1224 2061 in
1253 2006 1462 2076 agonia,
1497 2006 1752 2077 prolixius
1799 2007 2000 2061 orabat.
2043 2006 2147 2061 Pro

577 2099 831 2154 omnibus
854 2098 1043 2153 orabat
1062 2113 1217 2161 unus.
1250 2099 1510 2154 Dominus
1535 2114 1632 2169 pro
1656 2100 1849 2162 servis,
1878 2109 1939 2153 ut
1962 2115 2147 2155 servos

578 2204 705 2245 suos
734 2188 937 2243 amicos
965 2186 1225 2248 efﬁceret.
1271 2204 1463 2258 magna
1494 2190 1637 2247 enim
1673 2188 1889 2244 fuerunt
1921 2198 2145 2259 peccata

577 2277 880 2341 hominum,
915 2277 1140 2347 ideoque
1183 2277 1431 2332 Christus
1469 2280 1615 2333 omni
1649 2294 1845 2348 genere
1883 2280 2145 2335 bonitatis

564 2383 768 2423 eorum
799 2367 1025 2422 salutem
1052 2377 1308 2440 operatus
1330 2376 1432 2423 est.
1458 2368 1549 2424 Ille
1574 2370 1653 2425 eis
1681 2370 1985 2440 exemplum
2007 2386 2147 2441 pra:-

578 2458 695 2513 huit
735 2457 1038 2537 baptizatus
1082 2459 1134 2513 in
1164 2457 1397 2513 Jordane
1431 2459 1546 2513 sine
1588 2458 1742 2529 culpa
1787 2474 2000 2529 semper
2034 2461 2148 2514 exi-

578 2556 729 2603 stens
761 2569 773 2600 :
806 2548 895 2603 ille
915 2548 1126 2603 vivendi
1152 2558 1420 2619 praecepta
1446 2548 1623 2615 dedit;
1648 2548 1737 2604 ille
1757 2565 2043 2620 corpon
2061 2565 2147 2604 sa-

579 2640 803 2694 nitatem
842 2640 989 2695 omni
1029 2639 1258 2695 ﬁdeliter
1290 2640 1496 2710 petenti
1540 2641 1856 2712 praebebat;
1904 2641 1992 2695 ille
2025 2656 2151 2696 ora-

538 2750 541 2753 ·
579 2730 711 2786 tioni
759 2728 1091 2801 frequentius
1140 2730 1399 2797 instabat,
1441 2739 1767 2802 pernoctans
1819 2730 2142 2802 aliquando;

580 2820 670 2876 ille
707 2819 1015 2891 jejnnabat;
1069 2822 1138 2877 ad
1182 2821 1456 2887 ultimum,
1511 2822 1651 2881 sicut
1697 2822 1856 2878 modo
1899 2822 2144 2889 audistis,

580 2920 731 2966 tanto
751 2926 848 2982 pro
871 2911 1024 2967 nobis
1048 2912 1576 2988 certamineorabat,
1602 2918 1662 2966 ut
1675 2911 1819 2982 ﬁeret
1841 2912 2006 2967 sudor
2031 2913 2145 2983 ejus

578 3004 712 3058 sicut
763 3010 922 3073 guttae
974 3001 1247 3072 sanguinis
1293 2999 1613 3056 decurrentis
1663 3001 1718 3055 in
1762 3009 1974 3055 terram.
2021 2999 2146 3056 Haec

579 3092 760 3146 omnia
806 3092 1049 3163 exempla
1093 3092 1378 3161 praebendo
1420 3092 1574 3147 nobis
1609 3090 1758 3158 fecit,
1804 3107 1911 3146 non
1950 3092 2142 3147 borum

580 3186 761 3257 aliquo
788 3152 1032 3255 indigens
1057 3182 1161 3247 ille,
1194 3183 1287 3241 sed
1317 3183 1492 3249 nobis,
1516 3198 1651 3254 quos
1670 3183 1878 3239 salvare
1902 3193 2143 3250 venerat,
2171 3152 2215 3215 (ἶ

578 3277 880 3350 exemplum
904 3275 1167 3347 prtebens.
1201 3273 1441 3329 Sudabat
1465 3283 1642 3329 autem
1669 3284 1731 3329 ut
1747 3275 1916 3330 Adam
1944 3276 2143 3329 sudan-

580 3377 687 3423 tem
718 3368 990 3422 liberaret.
1016 3364 1079 3418 Ei
1105 3364 1247 3419 enim
1272 3364 1474 3419 dictum
1503 3373 1588 3419 est
1615 3379 1631 3418 :
1659 3363 1728 3419 In
1763 3364 1954 3419 sudore
1978 3364 2147 3420 vultus

580 3460 657 3515 tui
679 3459 893 3514 vesceris
920 3474 1073 3528 pane.
1100 3455 1177 3512 Ac
1204 3457 1248 3511 si
1270 3457 1543 3513 diceretur
1571 3472 1586 3510 :
1616 3456 1731 3513 Non
1763 3466 1887 3513 ante
1910 3458 2146 3513 vesceris

578 3565 717 3623 pane
742 3549 946 3605 caelesti
972 3564 1132 3618 quam
1160 3563 1226 3603 ex
1255 3558 1341 3602 tua
1371 3563 1536 3603 carne
1570 3556 1729 3603 natus
1754 3563 1853 3618 pro
1893 3556 1944 3601 te
1969 3546 2142 3603 sudet.

582 3638 650 3694 Et
684 3650 814 3705 erat,
849 3639 1043 3710 inquit,
1072 3638 1234 3693 sudor
1258 3638 1372 3708 ejus
1400 3639 1532 3692 sicut
1566 3647 1726 3709 guttae
1760 3638 2027 3707 sanguinis
2054 3640 2146 3692 de—

580 3733 835 3807 currentis
866 3732 918 3784 in
954 3741 1166 3785 terram.
1212 3729 1327 3807 [Ioc
1351 3730 1494 3805 enim
1537 3730 1753 3793 sudore,
1798 3737 1854 3786 et
1879 3730 1982 3783 hoc
2021 3744 2147 3784 san-

580 3824 741 3894 guine
773 3830 935 3885 terra,
985 3822 1035 3875 id
1070 3828 1154 3876 est
1188 3821 1478 3875 humanum
1516 3835 1705 3891 genus,
1747 3818 1931 3875 lotum'
1954 3828 2038 3874 est
2080 3818 2146 3873 ab

581 3914 667 3969 illa
713 3913 1104 3978 maledictione,
1147 3927 1253 3982 qua
1297 3911 1471 3981 primo
1511 3910 1725 3966 sudanti
1772 3910 1973 3965 dictum
2010 3919 2096 3964 est
2116 3928 2139 3962 -:

580 4004 862 4061 Maledicta
908 4016 1045 4058 terra
1096 4006 1151 4058 in
1177 4021 1327 4074 apere
1361 4013 1483 4069 tuo;
1527 4012 1582 4057 et
1624 4004 1801 4073 primo
1829 4002 2143 4074 sanguinem

580 4096 821 4153 fundenti
858 4114 871 4150 :
907 4095 1236 4159 Maledictus,
1270 4096 1460 4164 inquit,
1488 4096 1590 4150 eris
1620 4112 1773 4166 super
1794 4105 2006 4158 terram,
2026 4111 2143 4166 qua:

580 4188 781 4258 aperuit
820 4203 876 4239 os
910 4203 1085 4249 suum,
1116 4195 1163 4239 et
1193 4186 1412 4255 suscepit
1443 4181 1747 4255 sanguinem
1768 4186 1949 4255 fratris
1971 4186 2047 4238 tui
2071 4185 2136 4239 de

579 4293 738 4331 manu
768 4286 879 4329 tua.

650 4366 718 4420 Et
740 4368 877 4418 venit
906 4365 973 4417 ad
1002 4364 1283 4434 discipulos
1312 4381 1451 4429 suos,
1485 4374 1531 4418 et
1554 4372 1745 4419 tnventt
1767 4382 1852 4419 eos
1874 4368 2141 4420 dormien-

580 4466 675 4509 tes.
708 4453 774 4507 Et
809 4454 939 4506 dixit
975 4452 1172 4507 Petro:
1209 4452 1297 4507 Sic
1328 4470 1429 4507 non
1467 4456 1706 4523 potuistis
1733 4472 1837 4509 una
1860 4457 1987 4510 hora
2014 4458 2141 4527 vigi-

581 4545 691 4597 lare
719 4544 963 4597 mecum?
1016 4541 1236 4612 Vigilate
1264 4554 1310 4597 et
1351 4553 1518 4608 orate,
1561 4562 1623 4598 ne
1656 4546 1856 4600 intretis
1892 4548 1946 4600 in
1975 4558 2141 4601 tenta-

580 4636 806 4698 tionem;
834 4635 1048 4704 spiritus
1076 4634 1280 4705 quidem
1302 4645 1569 4705 promptus
1593 4645 1686 4700 est,
1718 4653 1840 4689 caro
1868 4648 2042 4692 autem
2061 4640 2145 4693 itt-

579 4727 732 4796 ﬁrma
777 4724 988 4794 (Matth.
1021 4741 1177 4791 xxrv;
1226 4726 1393 4780 Marc.
1443 4735 1573 4797 xw).
1610 4728 1869 4799 Apostoli,
1904 4730 2138 4788 nondum

581 4817 785 4887 Spiritu
815 4826 1002 4872 sancto
1028 4816 1333 4884 confortati,
1360 4833 1552 4888 sopore
1576 4820 1815 4889 oppressi
1839 4832 1983 4889 sunt,
2017 4825 2138 4893 qui-

581 4908 679 4961 bus
708 4906 781 4960 ait
807 4925 818 4959 :
856 4905 1078 4976 Vigilate
1110 4918 1155 4962 et
1186 4917 1351 4972 orate,
1374 4918 1429 4962 ut
1461 4925 1562 4963 non
1583 4909 1783 4964 intretis
1807 4912 1862 4965 in
1895 4918 2139 4969 tentatio—

580 5014 715 5052 netu.
748 4997 859 5051 Hoc
885 4994 1122 5067 quotidie
1149 4997 1387 5053 Ecclesia
1410 4998 1539 5053 facit
1564 5001 1747 5055 dicens
1778 5020 1789 5054 :
1822 5001 1925 5068 Ne,
1948 5004 2138 5074 inqttit,

580 5107 673 5144 nos
710 5088 927 5143 ittducas
957 5092 1010 5142 in
1036 5090 1389 5145 tentationem.
1421 5090 1575 5145 Aliud
1606 5100 1688 5147 est
1712 5093 1854 5147 enim
1888 5110 1991 5150 non
2031 5105 2142 5151 ten-

580 5179 703 5247 tari,
749 5179 890 5251 quod
946 5180 1000 5233 in
1044 5179 1146 5233 hoc
1184 5180 1380 5235 seculo
1416 5179 1532 5235 ﬁeri
1588 5196 1691 5235 non
1734 5192 1940 5252 potest;
1997 5186 2141 5242 aliud

580 5286 686 5326 non
734 5270 911 5324 induci
957 5269 1009 5323 in
1052 5269 1424 5334 tentationem,
1476 5271 1616 5340 quod
1653 5280 1711 5325 ιιι
1758 5272 1875 5337 ﬁat,
1923 5290 2141 5331 oramus

578 5360 834 5431 quotidie,
879 5359 1082 5415 scilicet
1113 5376 1180 5414 ne
1217 5375 1313 5414 nos
1356 5358 1571 5415 inducat
1607 5360 1662 5416 in
1703 5364 2054 5418 tentationetn
2084 5375 2169 5419 ut’

580 5450 829 5506 cudamus
852 5450 1040 5505 tentati
1063 5491 1079 5514 ,
1107 5450 1200 5504 sed
1228 5460 1288 5504 ttt
1316 5452 1662 5506 tentationem
1685 5461 1890 5509 stantes
1916 5455 2143 5509 viriliter

578 5554 895 5611 pugnemus.
937 5541 1089 5597 Unde
1115 5549 1170 5594 et
1208 5540 1480 5609 apostolus
1510 5541 1705 5598 Paulus
1744 5562 1756 5598 :
1805 5542 2053 5614 Vigilate,
2094 5557 2140 5600 et

580 5642 742 5699 state,
780 5634 980 5701 inquit,
1016 5636 1070 5688 in
1099 5634 1222 5703 fide,
1248 5644 1295 5687 et
1327 5634 1545 5688 viriliter
1571 5637 1725 5707 agite.
1767 5637 2018 5708 Spiritus,
2058 5641 2140 5693 in-

582 5723 717 5791 qttit,
748 5733 910 5776 rester
931 5734 1194 5796 promptus
1223 5734 1316 5789 cst,
1345 5724 1433 5777 scd
1453 5742 1573 5779 caro
1602 5727 1829 5793 inﬁrma.
1855 5726 2138 5798 Promptus

2245 1918 2419 1972 salvus
2448 1918 2543 1986 ﬁat
2565 1918 2731 1971 omnis
2769 1915 2960 1970 Israel.
2989 1915 3170 1969 Primo
3197 1915 3331 1984 petit
3355 1922 3413 1968 ttt
3439 1928 3471 1967 a
3498 1914 3698 1969 Iudmis
3727 1928 3825 1968 ca-

2246 2007 2403 2062 licem
2436 2008 2625 2061 mortis
2663 2022 2770 2059 non
2806 2007 3089 2076 acciperet.
3123 2005 3403 2068 Secundo,
3430 2013 3491 2058 ut
3518 2004 3563 2060 si
3587 2005 3688 2059 hoc
3718 2020 3831 2058 suo

2245 2107 2300 2153 et
2344 2097 2522 2153 Patris
2566 2097 2791 2153 consilio
2839 2096 3160 2166 dispositum
3209 2096 3402 2150 mutari
3453 2111 3559 2150 non
3596 2105 3827 2165 posset,

2246 2189 2401 2244 fieret
2432 2204 2618 2244 eorum
2665 2188 2860 2243 delicto
2909 2187 3053 2243 salus
3095 2188 3353 2257 gentium.
3390 2187 3586 2243 lterum
3629 2190 3827 2248 tertio.

2245 2290 2307 2336 ut
2341 2290 2463 2349 post
2493 2281 2719 2337 salutem
2755 2281 2994 2352 gentium
3032 2281 3184 2334 fieret
3211 2280 3375 2335 etiam
3418 2280 3562 2335 salus
3595 2278 3826 2339 Judae-

2247 2387 2389 2426 rum.

2318 2460 2461 2515 Tunc
2485 2462 2618 2515 venit
2636 2462 2705 2515 ad
2723 2460 3004 2531 discipulos
3026 2477 3169 2526 suos,
3188 2470 3236 2513 et
3259 2460 3391 2514 dixit
3413 2459 3520 2516 illis
3540 2477 3559 2515 :
3581 2461 3836 2520 Dormit:

2235 2552 2353 2622 jam
2381 2560 2430 2604 et
2452 2550 2749 2621 requiescite
2774 2565 2793 2602 :
2817 2551 3022 2621 suﬁieit.
3045 2549 3180 2604 Ecce
3206 2552 3634 2622 appropinquavit
3660 2554 3824 2616 hora,

2244 2650 2293 2695 et
2340 2638 2511 2694 Filius
2554 2640 2776 2694 hominis
2826 2640 3064 2694 tradetur
3117 2641 3171 2695 in
3218 2658 3404 2694 manus
3458 2654 3820 2712 peccatorum.

2245 2729 2482 2801 Surgite,
2515 2746 2694 2785 eamus
2734 2744 2753 2782 :
2780 2747 2897 2785 ecce
2927 2730 3350 2802 appropinquant
3392 2733 3481 2804 qui
3523 2748 3604 2788 ate
3645 2736 3831 2789 tradet

2246 2820 2467 2892 (Matth.
2490 2828 2661 2892 xxvi).

2841 2912 3068 2969 CAPUT
3115 2913 3204 2967 lX.

2310 3005 2480 3060 ludas
2504 3022 2648 3076 ergo,
2675 3022 2789 3061 cum
2830 3007 3105 3076 accepisset
3135 3007 3393 3065 cohortem
3421 3018 3469 3062 et
3496 3027 3529 3063 a
3550 3013 3831 3082 pontiﬁci-

2246 3094 2339 3149 bus
2372 3105 2420 3150 et
2465 3094 2752 3151 Pltarisreis
2799 3096 3079 3160 ministros,
3136 3097 3268 3152 venit
3316 3098 3461 3162 illuc,
3497 3110 3547 3153 et
3592 3119 3710 3156 cum
3760 3122 3831 3159 eo

2247 3184 2398 3239 turba
2435 3185 2600 3240 multa
2631 3203 2749 3241 cum
2786 3187 2997 3257 gladiis,
3040 3198 3086 3243 et
3127 3189 3372 3259 fustibus,
3403 3203 3451 3245 et
3489 3193 3727 3255 latentis.
3774 3209 3831 3252 et

2247 3273 2471 3342 facibus,
2508 3275 2653 3329 missi
2688 3293 2720 3329 a
2755 3278 3070 3348 principibus
3095 3282 3422 3337 sacerdotum
3449 3294 3495 3338 et
3523 3287 3830 3343 senioribus

2244 3363 2419 3435 populi
2460 3366 2639 3436 (Joan.
2671 3367 2846 3439 mn).
2877 3368 2999 3424 Ideo
3031 3386 3153 3425 cum
3187 3373 3342 3428 turba
3375 3375 3563 3440 multa,
3607 3388 3664 3431 et
3691 3393 3827 3433 cum

2245 3450 2765 3535 armisJudasvenit
2787 3498 2800 3520 ,
2832 3474 2899 3513 ne
2926 3461 2970 3514 si
3003 3460 3140 3517 forte
3173 3477 3294 3518 cum
3335 3464 3487 3520 turba
3523 3467 3704 3537 populi
3739 3469 3832 3524 in-

2246 3541 2519 3596 veniretur
2544 3530 2822 3611 Dominus,
2851 3559 2945 3603 aut
2968 3552 3055 3608 ille
3082 3530 3632 3625 comprehenderetur
3659 3560 3831 3629 quasi

2247 3632 2476 3686 traditur
2498 3633 2708 3690 Domini
2732 3637 2839 3703 sui,
2862 3648 2965 3715 aut.
2982 3638 3140 3696 Jesus
3168 3658 3198 3695 a
3224 3644 3378 3698 turba
3417 3644 3828 3703 defenderetur.

2244 3721 2506 3779 Laternas
2542 3736 2720 3780 autem
2751 3737 2805 3783 et
2845 3728 2992 3785 faces
3031 3747 3211 3787 secum
3244 3735 3508 3801 tulerunt,
3548 3737 3673 3804 quia
3711 3753 3827 3794 nos

2245 3822 2380 3868 erat.
2412 3814 2479 3868 Et
2517 3824 2686 3887 apte,
2726 3818 2825 3888 ipsi
2858 3824 3013 3876 enim
3050 3823 3102 3877 in
3141 3824 3378 3880 tenebris
3403 3842 3565 3895 opera
3589 3838 3831 3899 egerunt

2246 3906 2608 3973 tenebrarum,
2645 3918 2701 3964 et
2724 3912 2865 3973 ideo.
2897 3916 3036 3971 sicut
3063 3913 3299 3974 Joannes
3327 3920 3655 3990 evangelista
3685 3922 3769 3975 ait
3804 3939 3823 3975 :

2248 3994 2491 4051 Tenebra:
2517 4015 2619 4053 non
2639 4004 3131 4070 comprehenderunt
3157 4008 3323 4063 lucent
3343 4050 3358 4074 ,
3392 4021 3448 4064 ιιι
3475 4012 3553 4065 eis
3586 4011 3824 4082 luceret,

2244 4089 2338 4144 sed
2380 4105 2498 4146 eam
2529 4101 2787 4163 quantum
2828 4095 2884 4152 in
2914 4098 3019 4153 illis
3056 4109 3199 4169 erat,
3246 4104 3556 4157 occiderunt
3602 4114 3658 4159 ut
3693 4107 3827 4165 aliis

2245 4194 2350 4235 non
2383 4182 2609 4237 luceret.

2314 4271 2466 4328 Jesus
2495 4286 2669 4332 autem
2704 4280 2872 4334 sciens
2907 4283 3080 4335 omnia
3101 4300 3216 4354 quat
3240 4295 3453 4339 ventura
3488 4297 3633 4341 erant
3654 4302 3825 4358 super

2243 4378 2381 4428 eum,
2404 4369 2649 4434 processit
2670 4379 2719 4422 et
2745 4370 2880 4424 dixit
2895 4373 2968 4425 eis
2986 4388 3004 4425 :
3022 4372 3183 4437 Quem
3209 4377 3484 4443 qureritis?
3508 4376 3827 4446 Responde-

2244 4466 2364 4509 runt
2417 4458 2464 4510 ei
2509 4473 2527 4509 :
2570 4459 2749 4514 .lesum
2789 4462 3149 4518 Nazarenam.
3178 4465 3315 4520 Dicit
3348 4470 3421 4521 eis
3449 4469 3648 4522 Iesus:
3696 4470 3823 4540 Ego

2244 4562 2380 4598 sum.
2413 4545 2595 4601 Stabat
2620 4560 2792 4604 autem
2826 4562 2873 4605 et
2900 4552 3093 4619 ludas,
3132 4556 3222 4625 qui
3251 4558 3483 4612 tradebat
3517 4575 3655 4618 eum,
3687 4576 3822 4614 cum

2243 4634 2403 4704 ipsis;
2435 4647 2489 4689 ut
2516 4654 2635 4709 ergo
2656 4639 2788 4694 dixit
2819 4644 2894 4695 eis
2920 4658 2937 4695 :
2964 4642 3075 4712 Ego
3098 4661 3234 4710 sum,
3266 4645 3503 4701 abierunt
3527 4656 3823 4703 retrorsum

2240 4739 2285 4780 et
2318 4729 2612 4784 ceciderunt
2650 4733 2705 4786 in
2741 4744 2952 4789 terram.
2988 4736 3208 4803 Videte,
3240 4739 3456 4804 fratres,
3492 4742 3667 4810 qualis
3709 4745 3825 4798 fuit

2239 4826 2478 4887 potestas
2509 4819 2597 4873 illa
2637 4824 2980 4879 tenebrarum
3010 4835 3199 4882 contra
3229 4830 3431 4885 lucem!
3478 4828 3591 4885 Uno
3616 4832 3820 4901 verbo,

2239 4921 2345 4974 quo
2372 4908 2451 4961 eis
2479 4907 2614 4964 dixit
2645 4925 2660 4963 :
2693 4910 2803 4982 Ego
2825 4929 2963 4979 sum,
2996 4915 3243 4972 abierunt
3267 4933 3455 4975 omnes
3483 4927 3819 4988 retrorsum,

2243 5006 2300 5053 et
2322 4999 2631 5055 ceciderunt
2655 5002 2706 5054 in
2734 5011 2955 5058 terram.
2995 5004 3138 5061 Talis
3162 5015 3500 5077 est'potestas
3525 5010 3821 5067 hominum

2244 5100 2430 5145 contra
2457 5092 2646 5158 Deum,
2676 5103 2730 5149 et
2757 5094 2830 5150 ita
2852 5096 2987 5152 solet
3015 5098 3150 5163 ﬁeri,
3178 5108 3236 5153 ut
3265 5100 3564 5170 ubicunque
3596 5100 3687 5155 lux
3711 5118 3821 5156 ve-

2243 5182 2403 5246 nerit,
2440 5183 2673 5238 tenebrae
2695 5186 2848 5255 quasi
2889 5195 3183 5244 retrorsum
3208 5200 3399 5245 euntes
3435 5191 3658 5259 fugiant.
3697 5191 3821 5248 Sed

2242 5280 2297 5327 et
2316 5273 2459 5328 aliud
2482 5275 2582 5330 hoc
2604 5277 2996 5346 agendoinnuit
3017 5281 3301 5346 Dominus;
3331 5298 3451 5337 cum
3466 5282 3610 5336 enim
3630 5284 3826 5352 primo

2242 5364 2440 5423 Judasis
2462 5369 2688 5424 dixisset
2708 5373 2849 5440 quod
2879 5373 2992 5443 ipse
3023 5382 3167 5428 esset
3187 5373 3364 5439 Iesus,
3388 5389 3492 5427 non
3526 5383 3653 5429 tunc
3679 5392 3821 5432 cre-

2243 5457 2490 5512 diderunt
2531 5457 2724 5529 Judari,
2772 5463 2865 5517 sed
2907 5464 3157 5518 abierunt
3201 5473 3496 5519 retrorsum
3541 5464 3824 5523 increduli

2243 5559 2640 5618 permanentes,
2680 5562 2735 5607 et
2765 5554 3073 5608 ceciderunt
3100 5554 3151 5608 in
3181 5562 3389 5609 terrena
3426 5569 3609 5622 opera.
3644 5552 3759 5610 Sed
3799 5574 3819 5611 :

2315 5638 2508 5693 Iterum
2532 5681 2545 5705 ,
2570 5641 2779 5711 inquit,
2812 5645 3137 5713 interrogavit
3167 5660 3251 5697 eos
3274 5686 3287 5706 ,
3326 5643 3491 5709 Quem
3523 5661 3627 5713 qua
3643 5645 3766 5700 ritis
3795 5650 3829 5703 Ρ

2245 5730 2332 5784 Ilii
2347 5743 2515 5786 autem
2539 5736 2777 5790 dixerunt
2800 5737 3011 5793 :Jcsunt
3040 5740 3391 5808 Nazarenam.
3412 5742 3591 5802 (.Ioau.
3622 5756 3763 5799 XVIII
3783 5745 3823 5802 .)
