4064 6190
1885 322 1896 351 ι

277 425 339 477 τι
420 408 429 417 ’
1212 415 1624 473 oruscuwn
1666 414 1752 468 DE
1790 414 2131 472 passmxe
2171 414 2424 470 DOMlNl.
3400 412 3470 473 τι

283 533 407 585 Tunc
452 544 547 582 non
599 526 943 592 ceciderunt,
985 526 1107 594 quia
1148 526 1239 595 qui
1289 527 1462 596 primo
1490 540 1597 579 non
1636 524 1810 579 credi-
1837 533 1884 589 Α
1912 522 2163 595 gentibus
2197 526 2601 594 praedicassent,
2649 527 2800 593 quasi
2848 527 3138 582 auriculam
3170 528 3469 595 dexteram,

286 625 462 683 derunt,
496 620 546 674 in
572 618 674 673 ﬁne
706 619 888 673 mundi
921 618 1175 672 credituri
1198 627 1342 673 sunt.
1908 616 1959 670 id
1987 625 2069 670 est
2117 616 2411 684 spiritalem
2458 615 2591 685 legis
2622 615 3050 687 intelligentiam,
3099 618 3471 687 abstulerunt,

344 710 583 782 Respondit
613 708 771 763 Iesus
799 722 818 760 .'
852 707 974 762 Dixi
1004 708 1142 761 vobis
1165 710 1287 778 quia
1315 725 1406 778 ego
1428 725 1577 773 sum;
1610 709 1655 762 si
1680 722 1802 777 ergo
1906 722 1974 762 ne
2004 708 2253 762 audirent
2295 707 2437 776 quod
2469 706 2741 777 apostolus
2771 706 2966 763 Paulus
3012 710 3089 763 ait
3117 728 3129 763 :
3161 708 3359 765 Littera
3390 726 3477 768 oc-

280 801 586 873 mequarritis,
613 800 870 854 sinitehos
898 798 1039 852 abire
1061 798 1461 868 :utimpleretur
1475 814 1803 866 scrmoquem
1906 801 2049 855 cidit.
2082 802 2146 855 Et
2180 802 2296 856 h;ec
2323 802 2504 855 omnia
2552 802 2604 856 in
2641 801 2810 871 ﬁgura
2856 804 3239 872 contingebant
3266 804 3389 868 illis,
3421 813 3476 868 et

276 894 551 964 dixit:quia
570 910 697 963 quos
722 891 1073 953 dedistimihi,
1098 908 1199 945 non
1222 889 1424 960 perdidi
1442 906 1505 943 ea:
1526 889 1601 943 eis
1628 905 1807 959 qucm-
1905 894 2176 947 nescirent
2203 894 2343 962 quod
2376 894 2596 963 spiritus
2629 893 2887 949 viviﬁcat.
2931 904 2987 948 et
3021 897 3221 966 scripta
3251 904 3374 952 sunt
3405 898 3473 952 ad

275 983 785 1057 quantlloan.xv1n).
814 982 1804 1049 Cumeositeruminterrogaretquem
1905 994 2144 1038 nostram
2187 984 2646 1054 jnsliﬁcationcm.
2697 985 2823 1038 Erat
2870 994 3050 1040 autem
3095 1002 3291 1043 nomen
3336 990 3480 1049 servi

274 1085 537 1147 qurererent
570 1095 583 1129 :
622 1074 776 1133 etilli
806 1074 1068 1128 dixissent
1097 1093 1111 1127 :
1138 1072 1319 1126 Jesum
1347 1070 1706 1125 Nazarenam.
1745 1069 1806 1124 Si
1906 1075 2059 1143 cujus
2099 1074 2336 1128 auricula
2384 1075 2621 1128 abscissa
2663 1085 2777 1138 est,
2826 1076 3098 1141 .‘llalchus;
3148 1079 3251 1132 hoc
3280 1094 3474 1146 nomen

223 1169 230 1185 τ
276 1185 361 1231 me,
383 1167 556 1236 inquit,
576 1165 830 1235 quwritis,
859 1164 1011 1218 sinite
1037 1164 1128 1222 hos
1152 1165 1311 1217 abire.
1336 1163 1515 1218 Potuit
1536 1161 1804 1231 apostolos
1905 1165 2094 1219 Latine
2120 1182 2213 1219 rex
2243 1166 2650 1234 interpretatur,
2678 1166 2802 1235 quia
2831 1166 3035 1221 scilicet
3062 1183 3302 1238 regnum,
3331 1171 3474 1238 quod

280 1260 553 1328 permittere
581 1259 680 1320 ire,
717 1258 953 1326 quandiu
990 1255 1155 1312 Judaei
1192 1257 1446 1311 cadentes
1474 1256 1528 1309 in
1553 1266 1695 1308 terra
1716 1254 1804 1324 ja-
1906 1256 2073 1311 Judmi
2119 1266 2243 1312 ante
2289 1257 2620 1320 habuerunt,
2656 1259 2868 1312 transiit
2919 1259 2984 1313 ab
3032 1260 3131 1323 eis,
3177 1261 3321 1327 sicut
3366 1260 3480 1330 ipse

274 1361 490 1413 enerunt;
526 1342 695 1418 potuit
720 1358 773 1402 et
805 1347 1003 1411 facere,
1031 1355 1091 1401 ut
1123 1350 1375 1401 cadentes
1409 1362 1513 1399 non
1557 1360 1807 1413 resurge-
1907 1346 2164 1401 Dominus
2202 1366 2213 1401 :
2249 1346 2530 1415 Auferetur
2559 1364 2590 1400 α
2621 1348 2782 1412 vobis,
2812 1348 3002 1416 inquit,
3038 1365 3249 1419 regnum
3276 1349 3394 1415 Dei,
3432 1360 3480 1404 et

274 1448 375 1495 runt
400 1455 412 1492 :
436 1440 521 1493 sed
549 1440 661 1493 haec
698 1437 858 1491 verba
892 1437 1010 1490 ideo
1037 1436 1191 1500 dixit,
1222 1452 1288 1489 ne
1315 1435 1358 1490 si
1391 1436 1511 1489 illos
1541 1450 1645 1489 non
1685 1450 1807 1504 per—
1907 1436 2144 1489 tradatur
2183 1436 2321 1506 genti
2334 1505 2343 1513 .
2364 1435 2577 1504 facienti
2607 1436 2809 1504 fructus
2847 1436 2980 1505 ejus.
3026 1435 3248 1501 Omnes,
3286 1438 3480 1509 inquit,

272 1532 477 1584 mitteret
518 1544 578 1582 se
622 1526 1099 1595 comprehendere,
1149 1541 1253 1579 non
1302 1524 1456 1579 ﬁeret
1511 1524 1806 1593 redemptio
1907 1528 1995 1597 qui
2027 1529 2258 1600 gladium
2288 1533 2614 1600 acceperint,
2647 1532 2824 1603 gladio
2852 1534 3121 1603 peribunt.
3158 1534 3357 1611 Omnes
3384 1536 3478 1607 qui

273 1619 464 1675 humani
490 1617 736 1688 generis,
777 1617 843 1670 ad
864 1631 1025 1685 quam
1057 1616 1440 1686 perficiendam
1468 1622 1720 1680 venerat,
1752 1624 1808 1669 et
1909 1620 2219 1690 acceperint
2261 1621 2496 1691 gladium
2531 1622 2698 1687 illum,
2747 1624 2814 1677 de
2861 1638 2967 1691 quo
2994 1623 3255 1679 Dominus
3301 1623 3477 1679 dixit:

272 1712 311 1765 si
332 1711 403 1765 eis
420 1725 513 1762 non
536 1709 740 1762 diceret
770 1722 784 1760 :
817 1705 1267 1772 Sinitehosnbire,
1293 1707 1809 1777 comprehenderent
1911 1708 2033 1763 Non
2066 1713 2180 1764 veni
2209 1727 2385 1779 pacem
2412 1713 2613 1765 mittere
2636 1714 2689 1767 in
2730 1722 2944 1777 terram,
2970 1713 3060 1767 sed
3100 1712 3352 1784 gladium,
3380 1716 3486 1770 sci?

271 1801 415 1857 simul
437 1811 486 1853 ct
506 1799 798 1869 discipulos
825 1799 1092 1867 mortique
1123 1800 1427 1863 traderent;
1460 1798 1583 1866 quia
1610 1799 1677 1852 ad
1705 1799 1808 1853 hoc
1909 1800 2037 1855 licet
2065 1802 2288 1854 verbum
2316 1802 2617 1856 dilectionis
2653 1801 2780 1867 Dei;
2812 1803 2913 1857 hoc
2939 1802 3030 1871 qui
3057 1803 3346 1873 acceperit,
3374 1803 3488 1875 gla-

271 1894 465 1948 tnerant
500 1891 886 1963 praedestinati,
920 1900 978 1945 ut
1004 1906 1100 1960 per
1140 1890 1259 1945 illos
1284 1898 1469 1960 gentes
1506 1891 1805 1945 crederent.
1839 1888 1884 1945 B
1913 1891 2003 1947 dio
2041 1893 2146 1946 isto
2171 1892 2365 1946 visibili
2399 1893 2616 1962 peribit.
2644 1893 2758 1949 Non
2789 1895 2931 1949 enim
2961 1894 3281 1964 praedicator
3311 1894 3485 1950 utitur

270 1985 366 2038 Sed
392 1994 441 2038 et
472 1982 611 2037 aliud
642 1990 820 2052 potest
853 1982 1071 2053 intelligi
1111 1981 1197 2035 his
1222 1982 1401 2036 verbis
1438 1981 1719 2036 Dominum
1744 1983 1812 2036 si-

267 2077 551 2149 gniﬁcasse,
584 2091 645 2130 ac
675 2076 722 2130 si
761 2086 943 2144 aperte
966 2075 1168 2129 diceret
1191 2074 1271 2129 eis
1297 2089 1311 2127 :
1343 2073 1515 2128 Sinite
1544 2073 1675 2128 istos
1703 2074 1815 2143 pri-

268 2186 403 2223 mum
423 2169 513 2233 ire,
544 2178 600 2223 et
630 2168 921 2237 pnedicare
946 2167 1216 2236 gentibus,
1246 2174 1307 2220 ut
1328 2174 1614 2236 postquam
1642 2166 1811 2220 intra«

266 2262 395 2316 verit
428 2259 697 2330 plenitudo
722 2258 990 2330 gentium,
1030 2267 1157 2312 tunc
1199 2266 1255 2312 et
1300 2272 1396 2311 vos
1426 2256 1815 2313 convertamini

264 2360 316 2405 et
342 2350 468 2405 saln'
496 2349 632 2412 sitis,
668 2358 725 2402 ut
747 2362 813 2402 ex
841 2347 1090 2405 omnibus
1116 2361 1253 2416 quos
1286 2346 1337 2402 ei
1366 2345 1508 2401 Deus
1535 2345 1696 2401 Pater
1721 2347 1813 2401 de.

263 2442 336 2497 dit
357 2451 412 2495 nt
430 2455 622 2511 corpus
655 2437 770 2507 ejus
796 2437 1002 2502 ﬁerent,
1034 2453 1140 2496 non
1174 2435 1425 2504 perderet
1461 2450 1808 2507 quemquam,

263 2534 351 2587 sed
377 2532 605 2586 salvaret
632 2538 886 2598 utrosque
904 2569 918 2593 ,
947 2527 1152 2582 scilicet
1175 2525 1387 2581 Judzeos
1415 2535 1469 2581 et
1498 2535 1706 2597 gentes.

331 2624 429 2691 Qui
451 2614 625 2677 autem
651 2620 866 2691 tradidit
890 2636 1008 2675 eum
1048 2618 1189 2672 dedit
1222 2617 1328 2673 illis
1351 2619 1558 2688 signum
1595 2616 1770 2671 dicens
1794 2629 1813 2667 :

262 2705 621 2782 Quemcunque
649 2710 913 2767 osculatus
935 2712 1105 2779 fuero,
1136 2710 1242 2780 ipse
1269 2717 1365 2773 est,
1391 2717 1554 2762 tenete
1576 2723 1717 2768 eum.
1749 2705 1815 2759 Et

257 2808 521 2877 confestim
561 2805 807 2860 accedens
853 2803 921 2858 ad
964 2803 1168 2867 Iesum,
1210 2811 1265 2855 ut
1311 2800 1636 2856 oscularetur
1673 2815 1813 2862 eum,

258 2901 388 2959 dixit
412 2913 429 2950 .'
451 2899 576 2962 Are,
614 2894 797 2960 Rabiri,
826 2904 873 2949 et
908 2893 1173 2948 osculatus
1198 2904 1271 2947 est
1297 2908 1445 2956 eum;
1475 2891 1705 2960 dixitque
1738 2888 1817 2942 illi

258 2989 411 3047 Iesus
447 3005 466 3041 :
505 2987 703 3048 Amice,
745 2985 814 3040 ad
848 2984 973 3056 quid
1012 2985 1233 3039 venisti?
1277 2983 1456 3038 osculo
1492 2980 1692 3036 Filium
1724 2981 1819 3034 ho-

260 3079 411 3133 minis
434 3079 598 3133 tradis
613 3077 639 3130 ?
659 3075 871 3150 (Matth.
896 3092 1020 3132 xxvi
1037 3092 1052 3140 ;
1071 3075 1196 3128 Luc.
1215 3074 1372 3147 χχιι).
1392 3074 1524 3141 Quia
1548 3089 1654 3128 nos
1676 3081 1816 3137 erat,

258 3179 324 3224 ut
351 3170 548 3224 s:.irent
571 3183 731 3237 quem
758 3166 1297 3237 comprehenderent,
1324 3166 1469 3221 dedit
1495 3165 1579 3223 .eis
1609 3164 1700 3223 ille
1727 3163 1818 3233 qui

1916 1980 2091 2049 gladio
2132 1997 2190 2036 se
2219 1982 2271 2035 in
2319 1984 2690 2038 adversarium
2720 1984 2997 2055 sanguinis
3023 1983 3282 2041 etInsione
3311 1987 3486 2041 vindi—

1916 2088 2068 2137 cans,
2113 2072 2208 2128 sed
2241 2072 2437 2142 gladio,
2470 2075 2522 2129 id
2555 2083 2657 2141 est,
2706 2076 2872 2133 verbo
2901 2076 3026 2142 Dei,
3077 2077 3179 2148 ipsi
3222 2080 3482 2133 utendum

1914 2170 1997 2216 est
2023 2170 2080 2215 ut
2124 2162 2370 2217 videlicet
2394 2180 2459 2220 eo
2482 2166 2732 2221 defendat
2772 2167 2957 2222 ﬁdeles
2984 2175 3038 2222 et
3066 2178 3280 2240 separet
3305 2171 3374 2225 ah
3400 2172 3481 2241 eis

1915 2253 2179 2309 inﬁdeles.
2232 2252 2367 2310 Nam
2405 2272 2527 2312 cum
2558 2258 2872 2333 praedicanti
2918 2258 3083 2319 Paulo
3119 2261 3341 2316 verbum
3389 2262 3485 2322 Dei

1919 2344 2216 2405 obstitisset
2251 2345 2454 2402 Elimas
2484 2363 2672 2418 magus
2699 2348 2937 2417 quidam,
2971 2350 3107 2404 dixit
3150 2350 3200 2406 ei
3244 2350 3485 2414 Paulus;

1918 2434 2156 2501 Inimico,
2185 2435 2266 2505 [ili
2300 2436 2521 2503 diaboli,
2558 2454 2661 2493 non
2695 2426 2888 2499 desinis
2918 2440 3211 2511 subvertere
3241 2442 3352 2497 vias
3385 2442 3489 2497 Dos-

1918 2527 2047 2581 mini
2077 2528 2279 2582 rectas?
2301 2537 2349 2582 et
2383 2546 2520 2584 nunc
2559 2546 2674 2584 ecce
2698 2546 2883 2585 manus
2925 2530 3136 2603 Domini
3162 2512 3318 2603 super
3343 2543 3413 2599 te,
3439 2544 3513 2607 et.

1916 2616 2019 2671 eris
2047 2634 2234 2672 cacus.
2264 2618 2332 2672 Et
2376 2618 2493 2688 ipse
2531 2619 2725 2675 Petrus
2752 2620 2858 2675 alio
2886 2620 3063 2692 gladio
3092 2637 3222 2676 usus
3246 2630 3332 2676 est
3358 2637 3488 2678 cono

1917 2714 1999 2760 tra
2045 2706 2319 2762 Simonem
2366 2707 2598 2780 Magum.
2648 2700 2766 2764 Non
2801 2709 2974 2774 enim,
3023 2710 3227 2779 inquit,
3258 2718 3345 2766 est
3391 2710 3488 2765 tibi
3516 2758 3533 2774 ,

1917 2810 2063 2864 pars,
2091 2810 2276 2875 {neque
2309 2811 2430 2853 sors
2461 2798 2513 2851 in
2543 2811 2789 2853 sermone
2826 2798 2952 2863 hoc,
2982 2812 3242 2868 separatis
3269 2813 3391 2853 eum
3422 2798 3491 2855 ab

1918 2887 1998 2942 eis
2040 2902 2268 2958 quorum
2317 2902 2444 2957 pars
2479 2895 2599 2943 erat
2640 2887 2695 2942 in
2740 2901 2988 2944 sermone
3035 2886 3349 2959 Evangelii.‘
3376 2885 3490 2942 Tali

1917 2991 2047 3047 ergo
2082 2976 2258 3047 gladio
2286 2977 2544 3032 utendum
2573 2984 2655 3033 est
2676 2976 3013 3048 prmdicatori
3045 2975 3200 3041 ﬁdei;
3235 2991 3360 3030 nam
3404 2975 3496 3033 illo

1920 3068 2096 3136 gladio
2140 3068 2336 3124 visibili
2380 3069 2559 3139 periit,
2594 3083 2715 3125 cum
2746 3083 2882 3139 opus
2922 3067 3325 3139 prtedicationis
3354 3068 3496 3123 acci-

1922 3164 2106 3225 peret,
2152 3156 2292 3212 sicut
2334 3165 2389 3213 et
2428 3156 2679 3213 omnibus
2730 3156 2915 3211 mundi
2956 3155 3184 3228 negotiis
3236 3155 3491 3223 moritur,

256 3280 382 3319 cum
417 3235 764 3333 cognoverat,
798 3235 1008 3330 signum
1032 3259 1223 3316 osculi.
1255 3257 1476 3329 Signum
1516 3258 1663 3329 pacis
1696 3256 1823 3311 fecit
1849 3235 1894 3297 (ἶ
1924 3250 2137 3317 quando
2163 3249 2364 3305 Christi
2407 3250 2576 3306 solius
2617 3251 2840 3306 servitio
2881 3265 2940 3307 se
2971 3250 3198 3306 dederit.
3227 3251 3309 3306 An
3342 3261 3497 3321 putas

256 3355 471 3425 signum
500 3352 647 3408 belli.
680 3352 851 3419 Quam
877 3350 1026 3411 multi
1058 3350 1245 3415 hodie,
1278 3349 1488 3411 fratres,
1518 3350 1676 3405 labiis
1706 3358 1823 3403 tan-

255 3456 426 3517 gnat,
453 3455 507 3500 et
533 3453 712 3499 mente
738 3444 893 3514 longe
925 3452 1086 3507 sunt;
1118 3457 1212 3497 ore
1239 3457 1422 3513 pacem
1457 3443 1605 3508 dant,
1646 3450 1702 3495 et
1730 3456 1826 3496 eor

253 3555 446 3595 eorum
483 3538 821 3593 machinatur
859 3537 1068 3607 iniqua!
1114 3535 1213 3591 Hic
1255 3536 1529 3607 impletum
1563 3544 1646 3590 est
1684 3535 1825 3606 quod

256 3629 519 3683 Dominus
544 3644 643 3698 per
667 3626 982 3699 prophetam
1006 3627 1142 3681 dixit
1169 3646 1182 3681 :
1208 3625 1440 3697 Populus
1461 3627 1545 3679 hic
1572 3624 1725 3679 labiis
1747 3642 1828 3680 me

255 3722 502 3785 honorat,
534 3737 626 3775 cor
640 3731 811 3774 autem
837 3736 1014 3773 eorum
1042 3718 1192 3788 longe
1212 3728 1286 3772 est
1310 3736 1343 3771 a
1372 3735 1469 3771 me.
1494 3717 1637 3771 Dixit
1662 3718 1710 3771 ei
1732 3718 1827 3774 Je-

257 3828 355 3867 sus
378 3831 392 3864 :
424 3812 620 3875 Antice,
649 3810 716 3863 ad
741 3812 865 3881 quid
887 3810 1102 3864 venisti?
1124 3808 1234 3864 Hoc
1256 3808 1401 3863 illum
1426 3810 1667 3865 nominat
1687 3811 1831 3879 quod

258 3918 401 3969 esse,
433 3904 478 3957 si
510 3903 690 3966 vellet,
729 3909 1004 3972 potuerat;
1042 3917 1163 3955 nam
1194 3911 1249 3955 et
1281 3901 1348 3955 ad
1376 3902 1511 3958 alios
1540 3903 1830 3975 discipulos

255 3995 398 4049 dixit
432 4012 447 4048 :
481 3993 601 4047 Jam
636 4009 738 4046 non
755 3992 924 4045 dicam
946 4009 1031 4046 vos
1056 4008 1247 4056 servos,
1272 3992 1361 4045 sed
1381 3993 1593 4050 amicos.

336 4083 485 4137 Tunc
523 4091 847 4136 accesserunt
902 4090 948 4134 et
993 4098 1179 4136 manus
1206 4082 1491 4152 injecerunt
1527 4084 1583 4137 in
1625 4084 1831 4145 Iesum,

255 4185 307 4228 et
347 4183 635 4227 tenuerunt
665 4188 800 4225 eum.
842 4169 1085 4226 Videntes
1123 4173 1176 4226 hi
1203 4174 1291 4244 qui
1325 4175 1463 4228 circa
1491 4176 1658 4244 ipsum
1685 4188 1833 4230 erant

252 4266 401 4331 quod
437 4267 676 4334 futurum
703 4275 844 4329 erat,
883 4265 1123 4320 dixerunt
1168 4268 1260 4321 ei:
1301 4267 1536 4331 Domine,
1575 4270 1621 4322 si
1646 4287 1833 4339 percu-

253 4357 426 4410 timus
458 4356 521 4408 in
543 4354 752 4424 gladio?
786 4354 854 4409 Et
892 4372 1006 4409 ecce
1048 4354 1228 4411 Simon
1273 4353 1463 4411 Petrus
1507 4360 1700 4413 habens
1724 4360 1836 4429 gla-

252 4448 412 4499 dium
453 4445 636 4498 eduxit
666 4462 813 4510 eum,
851 4455 898 4500 et
929 4447 1178 4515 percussit
1217 4464 1422 4502 servum
1459 4450 1706 4520 principis
1745 4470 1834 4504 sa-

248 4537 573 4598 cerdotum,
622 4544 667 4588 et
714 4537 998 4606 amputavit
1045 4537 1336 4589 auriculam
1386 4539 1499 4608 ejus
1550 4540 1833 4594 dexteram.

254 4624 307 4679 Ε
312 4637 397 4679 rat
427 4638 603 4679 autem
634 4643 818 4681 nomen
843 4628 975 4681 serui
1010 4627 1268 4681 Male/tus.
1302 4627 1633 4699 Respondeas
1665 4642 1836 4685 autem

249 4716 426 4769 Iesus
474 4719 588 4769 aito:
621 4715 784 4770 Sinite
813 4735 970 4788 usque
1000 4724 1121 4781 huc,
1160 4730 1392 4772 converte
1425 4721 1658 4790 gladium
1692 4733 1837 4776 tuum

247 4807 311 4857 in
346 4804 528 4858 locum
553 4822 738 4869 suum;
767 4824 940 4859 omnes
972 4806 1108 4863 enim
1156 4809 1245 4878 qui
1272 4811 1557 4879 acceperint
1583 4811 1840 4881 gladium,

1864 4587 1954 4644 D:

1922 3341 2045 3410 quia
2081 3356 2184 3393 non
2217 3356 2426 3409 possum
2467 3357 2652 3413 rogare
2679 3339 2894 3396 Patrem
2935 3356 3132 3405 meum,
3162 3350 3211 3395 et
3243 3338 3502 3395 exhibebit

1924 3430 2051 3483 mihi
2085 3430 2239 3486 modo
2269 3430 2385 3501 plus
2407 3448 2564 3502 quam
2597 3431 2869 3486 duodecim
2904 3430 3130 3502 legiones
3160 3431 3504 3504 angelorum?

1926 3520 2042 3577 Non
2091 3521 2302 3592 indigeo
2355 3521 2558 3577 auxilio
2596 3522 2879 3578 duodecim
2928 3522 3326 3593 apostolorum;
3374 3538 3495 3577 mea

1927 3621 2009 3669 est
2035 3613 2181 3668 enim
2207 3613 2383 3668 omnis
2436 3620 2581 3668 terra
2621 3621 2676 3668 et
2721 3613 2997 3684 plenitudo
3034 3612 3177 3681 ejus;
3210 3629 3335 3668 nam
3363 3613 3502 3685 legio

1928 3706 2202 3762 hominum
2233 3705 2453 3776 antiqua
2501 3706 2888 3761 consuetudine
2916 3722 3011 3761 sex
3059 3707 3226 3761 millia
3257 3704 3498 3770 fuerunt,

1929 3798 2207 3855 duodecim
2238 3812 2365 3869 ergo
2394 3797 2630 3869 legiones
2656 3798 2989 3867 septuaginta
3024 3797 3129 3851 duo
3155 3794 3321 3848 millia
3346 3803 3494 3856 sunt.

1928 3901 1984 3946 et
2014 3899 2090 3946 tot
2114 3891 2351 3961 gentium
2375 3891 2570 3962 linguae
2598 3898 2741 3945 sunt.
2770 3880 2989 3958 thuid,
3016 3889 3209 3960 inquit,
3236 3888 3370 3942 mihi
3393 3887 3501 3942 tale

1932 3989 2168 4035 vestrum
2195 3979 2474 4042 auxilium,
2504 3988 2564 4033 ut
2590 3994 2687 4049 pro
2712 3994 2797 4033 me
2820 3978 3089 4049 pugnetis,
3116 3978 3206 4048 qui
3234 3977 3279 4031 si
3305 3976 3499 4032 vellem

1932 4073 2170 4129 adunare
2209 4087 2397 4126 omnes
2434 4071 2641 4139 linguas
2685 4071 2921 4140 gentium
2967 4085 3091 4123 cum
3133 4069 3359 4137 angelis,
3403 4069 3496 4139 qui

1935 4161 2157 4231 singulis
2183 4160 2433 4232 gentibus
2469 4169 2730 4229 praesunt,
2768 4159 3097 4228 potuissem?
3125 4160 3278 4227 Quod
3305 4166 3362 4215 et
3391 4159 3505 4228 ipse

1935 4253 2192 4306 Dominus
2220 4250 2459 4305 facturus
2485 4260 2567 4305 est
2598 4251 2651 4304 in
2681 4250 2767 4304 die
2794 4249 3021 4318 judicii,‘
3043 4249 3260 4319 quando
3284 4263 3507 4320 congre-

1937 4345 2203 4415 gabantur
2231 4343 2297 4396 ad
2326 4357 2447 4395 cum
2484 4357 2672 4396 omnes
2704 4352 2893 4411 gentes
2921 4348 2974 4397 et
3002 4343 3175 4396 tribus
3208 4350 3265 4396 et
3293 4339 3507 4410 linguae.

1938 4437 2016 4491 Ac
2044 4436 2088 4489 si
2135 4435 2337 4489 diceret
2374 4455 2386 4486 :
2424 4432 2541 4488 Jam
2588 4434 2746 4489 modo
2776 4435 3067 4504 potuissem
3098 4449 3285 4488 omnes
3313 4435 3383 4489 ad
3426 4448 3512 4487 me

1941 4540 2271 4597 congregare
2300 4536 2506 4595 gentes,
2532 4525 2676 4594 quod
2708 4535 2883 4579 tamen
2912 4541 3021 4593 non
3052 4524 3210 4579 modo
3233 4523 3393 4590 facio,
3418 4524 3512 4580 sed

1935 4617 2217 4687 judicabor
2241 4630 2340 4685 ego
2370 4615 2518 4683 prius
2545 4615 2613 4670 ab
2648 4615 2953 4669 hominibus
2986 4614 3201 4681 injuste,
3229 4626 3291 4669 ut
3318 4615 3512 4669 iterum

1941 4686 2152 4759 veniam
2181 4712 2240 4757 ut
2260 4705 2496 4773 judieem
2521 4703 2665 4772 jnste
2690 4718 2789 4774 ego
2812 4705 2964 4758 vivos
2992 4712 3047 4757 et
3076 4712 3334 4759 mortuos.
3368 4686 3511 4770 Quo-

1940 4794 2095 4849 modo
2121 4811 2241 4863 ergo
2287 4795 2638 4866 implebantur
2682 4791 2988 4862 Scriptura',
3019 4795 3145 4863 quia
3176 4795 3254 4848 sic
3299 4804 3514 4864 oportet

1943 4885 2096 4939 ﬁeri?
2124 4884 2414 4953 Scriptura;
2441 4883 2600 4939 aliter
2635 4883 2840 4954 impleri
2887 4898 2991 4943 non
3032 4893 3303 4953 poterant,
3328 4885 3428 4938 nisi
3456 4900 3516 4938 se

243 4895 448 4967 gladio
489 4896 746 4966 peribunt.
787 4898 867 4949 An
895 4892 1059 4968 'putas
1093 4899 1214 4968 quia
1258 4916 1360 4952 non
1403 4918 1613 4969 possum
1660 4919 1844 4972 rogare

244 4985 492 5040 Patrem
542 5003 746 5047 meum,
797 4986 1133 5040 et'exhibcbi:
1185 4988 1309 5040 mihi
1348 4989 1501 5041 modo
1543 4989 1659 5059 plus
1688 5009 1843 5061 quam

232 5074 550 5131 duodecim
595 5075 819 5145 legiones
857 5075 1195 5145 angelorum?
1231 5075 1456 5130 Calicem
1503 5094 1655 5148 quem
1704 5079 1844 5135 dedit

234 5166 391 5220 mihi
430 5163 624 5231 Pater,
663 5183 765 5220 non
804 5167 973 5220 bibam
1003 5167 1147 5221 illum
1169 5169 1193 5221 ἴ)
1219 5171 1475 5239 quomodo
1510 5187 1631 5241 ergo
1667 5170 1847 5239 imple-

230 5256 467 5308 bantur
501 5253 821 5325 Scriptura}?
851 5259 972 5327 quia
998 5258 1072 5311 sic
1111 5268 1307 5328 oportet
1337 5259 1472 5326 ﬁeri.
1507 5261 1574 5313 Et
1613 5279 1730 5316 cum
1773 5275 1846 5316 te-

230 5347 468 5415 tigisset
542 5348 833 5401 auriculam
887 5349 1145 5414 hominis,
1193 5351 1393 5403 sanavit
1447 5369 1560 5404 eam
1618 5352 1844 5424 (Matth.

231 5453 421 5511 xxvi;
452 5435 593 5491 Luc.
630 5454 774 5504 xxu;
805 5437 964 5499 Joan.
993 5438 1168 5510 xuii).
1211 5427 1402 5495 Peit‘us
1428 5452 1482 5496 et
1516 5445 1741 5514 apostoli
1783 5463 1847 5501 e0

226 5529 483 5583 carnali
549 5542 732 5585 amore
785 5547 897 5600 quo
946 5533 1120 5587 adhuc
1174 5533 1458 5588 Dominum
1520 5538 1848 5608 diligebant,

226 5619 368 5676 haec
418 5618 729 5674 faciebant.
764 5619 866 5675 Sed
898 5630 953 5678 et
996 5624 1100 5678 hoc
1130 5623 1332 5692 aliquid
1366 5624 1521 5681 nobis
1554 5629 1620 5681 ad
1657 5628 1852 5684 intelli-

227 5710 517 5777 gendum
562 5713 867 5782 signiﬁcare
904 5725 1078 5784 potest
1115 5734 1127 5770 :
1161 5717 1367 5772 scilicet
1410 5724 1532 5789 quia
1568 5718 1758 5776 Petrus
1797 5731 1852 5776 et

224 5804 579 5872 conpostoli
636 5804 770 5875 ejus,
817 5820 972 5870 cum,
1015 5806 1217 5890 intimis
1255 5807 1557 5870 nolentibus
1611 5807 1848 5881 credere,

1942 4975 2281 5045 permitteret
2329 4974 2742 5043 comprehendi,
2787 4981 2840 5027 et
2881 4973 3165 5045 ﬂagellari,
3205 4984 3261 5028 et
3306 4974 3511 5036 occidi,

1949 5066 2055 5120 imo
2085 5066 2249 5120 totius
2279 5066 2489 5135 generis
2518 5066 2735 5119 humani
2764 5066 2909 5121 salus
2941 5082 3039 5137 per
3064 5066 3181 5135 ejus
3207 5067 3512 5137 passionem

1944 5154 2269 5225 perﬁcienda
2308 5164 2443 5209 erat.
2474 5155 2869 5225 Apprehendens
2907 5167 3081 5210 autem
3108 5156 3263 5210 Jesus
3300 5156 3507 5208 auricu-

1947 5245 2073 5311 lam,
2114 5247 2315 5300 sanavit
2350 5258 2483 5298 eam.
2525 5245 2657 5300 Cum
2700 5247 2922 5316 apostoli
2969 5248 3036 5301 ad
3080 5245 3514 5317 praedicationem

1945 5340 2086 5395 irent
2113 5340 2372 5410 gentium,
2403 5346 2528 5390 tunc
2575 5336 2749 5391 ablata
2781 5349 2864 5393 est
2892 5321 3089 5392 Judieis
3117 5334 3354 5389 auricula
3388 5336 3515 5390 dex-

1950 5437 2055 5492 tra,
2087 5429 2139 5482 id
2168 5439 2250 5482 est
2277 5427 2353 5481 illi
2384 5426 2630 5481 homines
2655 5427 2742 5496 qui
2761 5427 3006 5483 dextrum
3037 5424 3362 5479 intellectum
3392 5440 3517 5481 san,-

1952 5530 2160 5574 ctarum
2208 5508 2605 5588 scripturarum
2646 5518 2979 5582 habuerunt;
3027 5531 3149 5570 cum
3190 5531 3315 5574 vero
3349 5517 3516 5573 intra-

1950 5609 2089 5663 verit
2113 5608 2386 5678 pleuitudo
2412 5608 2672 5678 gentium,
2699 5620 2823 5664 tunc
2844 5618 2898 5663 et
2926 5608 3040 5676 ipsa
3067 5608 3305 5665 auricula
3329 5610 3513 5676 dextra

1953 5700 2031 5753 eis
2056 5715 2085 5751 a
2113 5698 2338 5753 Domino
2367 5701 2692 5753 restituetur.
