4064 6190
587 346 655 402 79
1600 421 1607 425 “
1687 347 1955 402 CA‘NDIDI
1995 346 2378 402 FULDENSIS
2418 345 2721 401 MONAC"!
3751 355 3818 407 8..

1196 455 1421 512 CAPUT
1464 456 1527 510 Χ.

660 548 720 601 In
761 545 852 600 illi
888 546 1017 598 hora
1060 547 1195 600 dixit
1240 546 1395 600 Iesus
1423 547 1585 600 turbis
1618 559 1634 597 :
1668 545 1937 615 Tanquam
1966 545 2033 598 ad
2074 543 2152 596 la-

526 650 533 657 ‘
576 648 783 691 tronem
810 635 990 689 existis
1020 652 1138 690 cum
1173 636 1363 707 gladiis
1391 646 1439 691 et
1468 628 1696 706 fustibus
1729 634 2155 705 comprehendere

583 742 701 792 me;
729 726 956 797 quotidie
992 726 1132 797 apud
1163 744 1248 781 vos
1282 726 1521 781 sedebam
1547 725 1736 779 docens
1768 725 1822 779 in
1861 725 2076 793 templo,
2104 733 2152 777 et

584 839 688 876 non
716 839 795 876 me
819 822 1074 877 tenuistis.
1101 822 1207 878 Sed
1234 824 1345 878 hwc
1368 833 1443 878 est
1472 824 1601 877 hora
1634 832 1824 886 vestra,
1848 831 1895 875 et
1927 831 2152 891 potestas

580 914 931 968 tenebrarum.
961 914 1076 968 Hoc
1099 933 1237 969 enim
1272 926 1433 970 totum
1458 916 1657 987 factum
1685 924 1781 979 est,
1817 924 1872 968 ut
1909 913 2156 984 adimple-

584 1012 765 1056 rentur
797 1002 1081 1073 Scriptum:
1105 1005 1492 1075 prophetarum.
1514 1004 1657 1060 Tunc
1682 1003 1923 1074 discipuli
1951 1021 2149 1069 omnes,

584 1095 764 1149 relicto
792 1111 875 1161 eo,
899 1095 1143 1165 fugerunt
1180 1095 1393 1168 (Matth.
1423 1112 1580 1160 xxvi;
1612 1093 1737 1149 Luc.
1766 1094 1934 1168 xx“).
1983 1093 2149 1149 Iudtei

585 1186 778 1240 armati
807 1196 863 1240 et
886 1202 1009 1241 cum
1037 1187 1189 1241 turba
1216 1187 1457 1241 exierant
1477 1186 1542 1241 ad
1570 1185 1774 1252 Iesum,
1800 1195 2053 1255 tanquam
2083 1188 2150 1239 ad

584 1276 875 1339 latronem,
921 1291 1042 1330 cum
1090 1276 1247 1331 toties
1291 1285 1447 1330 antea
1508 1277 1650 1331 inter
1697 1290 1889 1333 manus
1935 1274 2149 1329 illorum

583 1367 801 1433 fuisset,
845 1375 900 1421 et
943 1382 1049 1422 non
1094 1367 1617 1437 comprehenderunt
1662 1381 1814 1428 cum,
1864 1365 2003 1420 sicut
2051 1379 2152 1419 nec

526 1473 531 1477 '
584 1461 743 1515 modo
770 1460 1042 1523 fecissent,
1069 1460 1115 1514 si
1144 1459 1406 1514 noluisset
1440 1459 1554 1527 ipse
1577 1476 1590 1511 ε
1616 1474 1763 1523 nam,
1793 1466 2029 1527 utsupra
2050 1471 2150 1509 au-

583 1550 755 1612 distis,
785 1566 893 1604 uno
922 1550 1053 1604 istos
1080 1563 1268 1603 omnes
1295 1563 1393 1603 suo
1420 1548 1585 1603 verbo
1629 1548 1945 1610 sternebat;
1971 1554 2027 1600 et
2054 1560 2149 1599 su-

583 1655 680 1711 pra
718 1639 911 1709 smpius
950 1638 1201 1693 volebant
1232 1653 1355 1693 eum
1401 1637 1873 1707 comprehendere,
1906 1636 1998 1691 sed
2042 1650 2146 1690 non

2180 462 2225 517 Α
2255 458 2381 525 quia
2413 456 2652 510 Ecclesia
2687 457 2843 510 ﬁdem
2880 464 2934 511 et
2961 458 3276 515 charitatem
3320 459 3519 517 Christi
3570 464 3813 547 imitaba-

2257 555 2359 601 tur.
2392 546 2497 601 Sed
2535 546 2601 600 de
2636 544 2803 617 longe,
2848 550 2969 617 quia
3011 549 3255 607 Christus
3298 553 3416 607 sine
3465 570 3562 609 suo
3601 544 3815 625 peccato

2252 651 2351 706 pro
2377 637 2613 692 Ecclesia
2642 648 2886 694 mortuus
2905 650 3007 706 est,
3033 642 3268 698 Ecclesia
3290 654 3467 700 autem
3490 661 3588 716 pro
3610 649 3810 718 seipsa;

2252 736 2308 782 et
2335 727 2489 799 longe
2516 729 2738 783 interest
2763 738 2942 784 utrum
2969 732 3088 800 quis
3116 749 3215 802 pro
3239 749 3296 789 se
3320 737 3604 802 moriatur,
3631 754 3697 793 an
3722 756 3814 809 pro

2253 816 2377 872 alio.
2410 816 2610 871 Timuit
2634 817 2809 873 adhuc
2841 820 3032 874 Petrus
3057 821 3320 887 homines,
3349 824 3508 879 simul
3539 834 3593 880 et
3618 827 3816 881 amavit

2253 904 2564 968 Dominum;
2606 908 2696 963 sed
2738 924 2860 965 cum
2914 911 3058 963 venit
3093 912 3139 964 ei
3172 910 3407 979 perfecta
3451 914 3707 978 charitas,
3740 914 3814 970 fo-

2253 1011 2343 1050 ras
2376 996 2523 1051 misit
2562 998 2807 1055 timorem
2846 1000 3118 1055 hominum
3139 1041 3153 1064 ,
3185 1010 3245 1054 ut
3278 1004 3645 1058 tantummodo
3675 1021 3816 1059 ama-

2252 1096 2337 1141 ret
2364 1088 2679 1151 Dominum,
2713 1104 2817 1143 non
2852 1099 3031 1146 autem
3071 1093 3287 1148 timeret
3324 1097 3379 1148 et
3415 1096 3590 1151 minas
3618 1106 3813 1152 et'ter-

2253 1190 2425 1230 rores.
2744 1199 2755 1205 ’
3524 1185 3536 1199 ‘

2322 1264 2567 1339 Pontifex
2592 1286 2711 1340 ergo
2744 1270 3075 1340 interrogavit
3119 1271 3298 1327 Iesum
3324 1274 3388 1328 de
3415 1276 3683 1348 discipulis
3709 1281 3816 1333 suis

2249 1370 2297 1413 et
2322 1359 2559 1414 doctrina
2593 1362 2726 1430 ejus.
2765 1361 3044 1434 Respondit
3072 1366 3120 1417 ei
3150 1364 3303 1419 Iesus
3336 1382 3354 1421 :
3386 1366 3497 1437 Ego
3539 1368 3714 1438 palam
3743 1370 3818 1423 lo-

2250 1458 2398 1501 cutus
2421 1465 2555 1511 sum,
2580 1460 2628 1502 et
2658 1466 2749 1521 ego
2777 1468 2977 1521 semper
3001 1453 3156 1505 docui
3180 1454 3231 1508 in
3258 1471 3521 1526 synagoga
3547 1467 3595 1510 et
3619 1459 3675 1512 in
3699 1468 3818 1513 tent-

2247 1536 2351 1609 plo,
2383 1554 2483 1609 quo
2522 1555 2697 1593 omnes
2739 1540 2914 1595 Iuda'i
2948 1554 3310 1598 convenerant.
3354 1545 3492 1610 Quid
3538 1564 3618 1602 me
3654 1550 3816 1605 inter-

2251 1627 2438 1695 rogas?
2465 1628 2728 1698 inter-roga
2756 1646 2840 1683 eos
2876 1632 2965 1700 qui
2998 1632 3276 1689 audierunt
3310 1635 3436 1704 quid
3464 1634 3666 1691 locutus
3703 1656 3816 1693 sum

526 1732 533 1735 “
581 1738 900 1797 potuerunt,
942 1728 1069 1798 quia
1109 1728 1345 1784 nondum
1392 1738 1614 1783 venerat
1656 1729 1785 1783 hora
1816 1727 1950 1798 ejus.
1996 1718 2147 1782 Nune

2246 1715 2394 1785 ipsis,
2432 1733 2545 1770 ecce
2581 1717 2635 1770 hi
2678 1720 2849 1774 sciunt
2883 1712 2998 1789 qua:
3029 1722 3250 1778 dixerim
3285 1741 3377 1794 ego
3425 1726 3606 1793 (Ioan.
3639 1732 3812 1800 xvm).

582 1827 783 1885 autem,
816 1819 987 1888 inquit
1025 1819 1303 1883 Dominus,
1339 1816 1566 1874 [κτίσαι
1593 1818 1722 1872 hora
1762 1834 1948 1882 υεδινα,
1986 1827 2033 1871 οι
2059 1834 2150 1887 ρο-
2180 1820 2224 1878 Β
2252 1802 2365 1859 Νοιι
2410 1805 2475 1861 ad
2506 1806 2607 1860 hoc
2650 1821 2771 1861 eum
2819 1808 3185 1880 interrogabat
3225 1821 3282 1866 ut
3333 1815 3610 1870 veritatem
3641 1818 3814 1873 disce-

580 1917 737 1961 testas
775 1906 1135 1970 tenebrarum;
1165 1906 1400 1961 tenebrat
1424 1905 1567 1961 enim
1613 1905 1666 1961 in
1715 1905 1951 1961 tenebris
1974 1903 2041 1960 ad
2069 1905 2149 1958 lu-

582 2011 700 2051 cem
739 1996 1292 2066 comprehendendam
1326 2003 1606 2051 venerant.
1652 1993 1910 2065 Discipuli
1949 2011 2147 2059 omnes,

582 2087 760 2143 relicto
787 2103 870 2151 eo,
902 2087 1165 2158 fugerunt.
1193 2085 1306 2143 Hoc
1332 2087 1413 2142 eis
1448 2102 1610 2158 supra
1644 2087 1855 2142 dixerat
1884 2103 1898 2140 :
1934 2086 2147 2151 Omnes,

582 2179 776 2250 inquit,
800 2176 1111 2233 scandalum
1139 2177 1408 2247 patiemini
1436 2178 1491 2230 in
1517 2192 1598 2230 me
1622 2177 1675 2229 in
1704 2177 1805 2230 ista
1834 2188 2001 2230 nocte.
2033 2175 2148 2230 Non

581 2271 725 2326 enim
753 2270 928 2324 adhuc
954 2265 1167 2322 fuerant
1194 2266 1395 2339 Spiritu
1424 2266 1733 2331 eonfortati,
1761 2277 1816 2321 et
1841 2276 2028 2321 contra
2056 2282 2149 2322 eos

581 2361 757 2416 adhuc
793 2358 1156 2430 prazvalebant
1189 2359 1451 2425 tenebrae;
1499 2359 1731 2413 tenebra:
1763 2359 1905 2413 enim
1932 2373 2024 2414 eos
2072 2367 2150 2415 te-
2204 2346 2209 2349 Α

581 2459 842 2515 nuerunt,
871 2456 931 2504 ut
971 2447 1218 2518 fugerent
1250 2466 1265 2501 :
1295 2456 1482 2518 postea
1522 2461 1670 2512 vero,
1717 2446 1916 2518 Spiritu
1964 2461 2149 2503 sancto

581 2551 833 2617 accepto,
887 2543 1062 2598 minas
1135 2542 1436 2612 principum
1493 2551 1549 2598 et
1610 2543 1948 2599 sacerdotum
2015 2560 2145 2599 con-

580 2642 901 2701 temnentes,
943 2648 1042 2689 nee
1084 2632 1311 2705 ﬂagellis
1354 2648 1538 2689 eorum
1583 2649 1682 2691 nec
1729 2634 1920 2705 gladiis
1965 2651 2145 2691 cesse-

484 2745 497 2757 '
573 2736 743 2785 runt.

650 2815 846 2873 Cohors
892 2832 1032 2888 ergo,
1073 2827 1121 2871 et
1171 2816 1429 2883 tribunus,
1466 2826 1513 2871 et
1559 2817 1785 2872 ntinistri
1836 2817 2148 2874 Iuda'orum

578 2904 1071 2977 comprehenderunt
1101 2905 1303 2971 Iesum,
1344 2918 1392 2961 et
1434 2896 1717 2977 ligaverunt
1763 2924 1912 2973 eum,
1957 2917 2006 2962 et
2047 2909 2147 2965 ad-

578 2995 839 3048 duxerunt
866 3011 982 3049 eunt
1005 2995 1085 3048 ad
1120 2996 1327 3050 Annam
1355 2997 1580 3065 primum
1597 3014 1615 3062 ;
1645 3007 1756 3050 erat
1790 3008 1963 3052 autent
2002 3016 2149 3055 socer

580 3082 811 3153 Caipha',
835 3084 923 3154 qui
943 3093 1054 3139 erat
1084 3083 1315 3154 pontifex
1337 3085 1461 3138 anni
1487 3083 1651 3139 illius.
1677 3084 1807 3139 Erat
1831 3096 2004 3141 autem
2030 3086 2145 3142 Cai-

2248 1907 2360 1962 ret,
2392 1899 2528 1955 hanc
2575 1901 2716 1957 enim
2763 1910 2920 1956 antea
2969 1904 3182 1975 smpius,
3225 1907 3269 1961 si
3321 1908 3576 1963 voluisset
3608 1910 3810 1975 audire,

2246 1988 2539 2061 potuisset,
2577 1990 2670 2045 sed
2706 1999 2765 2047 ut
2804 1992 3149 2048 insidiaretur
3187 1996 3268 2060 ei,
3314 1997 3358 2051 si
3392 1996 3527 2053 forte
3553 2000 3814 2069 potuisset

2246 2092 2369 2133 eum
2398 2079 2583 2133 audire
2609 2082 2831 2136 verbum
2873 2082 3087 2152 aliquod
3125 2086 3387 2145 dicentem
3418 2098 3600 2141 contra
3648 2088 3811 2143 Deum

2247 2177 2339 2221 aut
2385 2178 2571 2222 contra
2615 2169 2917 2236 Cmsarcm,
2966 2182 3025 2225 ut
3067 2188 3189 2228 cum
3237 2189 3385 2230 reum
3436 2179 3627 2234 mortis
3668 2179 3811 2247 judi-

2247 2265 2415 2312 caret.

2317 2351 2445 2406 Hcce
2471 2368 2585 2405 cum
2620 2352 2856 2416 dixisset,
2882 2369 3016 2408 unus
3051 2356 3297 2410 assistens
3337 2358 3695 2417 ministrorum
3729 2362 3815 2416 tle-

2246 2444 2322 2498 dit
2350 2442 2557 2514 alapam
2584 2442 2731 2509 Iesu,
2762 2445 2935 2498 dicens
2958 2461 2975 2501 :
3002 2445 3090 2500 Sic
3119 2449 3390 2517 respondes
3417 2452 3653 2520 pontiﬁci
3668 2454 3692 2507 2
3719 2453 3813 2508 Re-

2246 2537 2447 2607 spondit
2486 2536 2535 2589 ci
2560 2534 2713 2591 Iesus
2744 2548 2763 2586 :
2799 2534 2857 2589 Si
2890 2535 3025 2589 male
3050 2536 3252 2593 locutus
3286 2555 3433 2604 sum,
3467 2544 3814 2599 testimonium

2245 2626 2451 2698 perhibe
2496 2624 2561 2678 de
2603 2625 2782 2687 malo;
2824 2626 2869 2680 si
2924 2637 3095 2679 autem
3146 2627 3302 2693 bene,
3349 2630 3475 2699 quid
3523 2650 3603 2687 me
3658 2637 3815 2689 credis

2249 2718 2426 2788 (Joan.
2453 2716 2643 2786 XVIII)?
2665 2716 2920 2772 Dominus
2960 2717 3200 2789 pontiﬁci
3238 2720 3411 2776 dixit:
3451 2721 3590 2789 Quid
3621 2741 3701 2781 me
3734 2727 3816 2779 in-

2247 2806 2799 2876 terrogas1’interroga
2825 2794 2910 2860 eos
2938 2808 3027 2878 qui
3062 2808 3364 2875 audierunt,
3403 2812 3528 2884 quia
3560 2830 3664 2871 non
3700 2824 3818 2869 erat

2247 2905 2448 2967 aptum,
2473 2904 2531 2949 ut
2555 2896 2620 2951 ab
2641 2911 2705 2951 eo
2732 2896 3097 2966 magisterium
3125 2898 3372 2953 veritatis
3399 2901 3628 2967 audiret,
3654 2920 3815 2973 quem

2247 2989 2482 3043 vinetum
2530 2989 2776 3053 tenebat;
2806 2997 2860 3041 et
2891 3004 2988 3058 pro
3021 2989 3124 3044 hoc
3161 2992 3330 3047 verbo
3358 2992 3506 3049 dedit
3544 3011 3682 3051 unus
3717 2997 3818 3051 mi-

2247 3080 2538 3134 nistrorum
2583 3080 2787 3149 alapam
2826 3079 2973 3151 Iesu.
3006 3079 3050 3136 0
3080 3080 3307 3136 nefanda
3338 3099 3547 3151 manus,
3580 3096 3635 3141 et
3665 3103 3819 3143 mens

578 3172 708 3237 phus
752 3173 842 3244 qui
897 3171 1171 3226 consilium
1229 3173 1445 3227 dederat
1490 3173 1724 3240 Iudaeis,
1768 3176 1893 3246 quia
1941 3175 2146 3248 expedit
2175 3159 2219 3222 Ο
2252 3169 2577 3239 iniquorum,
2607 3180 2752 3225 recte
2778 3171 3186 3240 respondentem
3219 3172 3374 3229 ferit!
3405 3177 3563 3242 Ecce,
3596 3177 3816 3245 fratres,

579 3276 740 3316 unum
765 3260 1020 3315 hominem
1048 3262 1179 3316 mori
1203 3278 1296 3334 pro
1323 3261 1512 3332 populo
1537 3262 1715 3335 (Ioan.
1742 3264 1916 3336 nun).
1944 3264 2153 3322 Cohors

578 3361 634 3407 et
654 3352 900 3407 tribunus
921 3351 1282 3411 Romanorum
1304 3352 1501 3409 milites
1524 3361 1707 3419 erant,
1730 3370 1865 3424 quos
1891 3371 2011 3411 cum
2038 3359 2151 3412 suis

581 3443 887 3499 hominibus
933 3444 1195 3499 miserunt
1240 3442 1411 3499 Iudtei
1464 3445 1532 3499 ad
1589 3446 2149 3515 comprehendendum

510 3552 525 3561 ί
579 3532 795 3600 Iesum;
839 3546 945 3588 non
973 3534 1117 3588 enim
1147 3533 1447 3589 habuerunt
1477 3541 1797 3605 potestatem
1823 3545 1881 3590 ut
1906 3537 2022 3592 sine
2047 3537 2151 3594 Ro-

581 3623 758 3679 manis
793 3622 1048 3679 militibus
1089 3639 1209 3678 cum
1241 3624 1696 3697 comprehendere
1736 3640 2143 3698 praesumerent.

529 3740 534 3745 ο
579 3715 904 3788 Ligaverunt
946 3730 1075 3788 ergo
1123 3712 1540 3774 Dominuméad
1584 3720 1686 3777 hoc
1733 3737 1962 3793 namque
2002 3728 2149 3781 venit

580 3805 693 3872 ille,
720 3815 779 3860 ut
807 3806 921 3861 suis
951 3806 1177 3862 vinculis
1212 3823 1319 3870 nos
1360 3824 1391 3863 a
1419 3809 1646 3865 vinculis
1672 3823 2017 3883 peccatorum
2052 3832 2148 3870 no-

580 3906 813 3952 strorum
839 3897 1090 3953 solveret.
1119 3899 1298 3974 Longe
1324 3909 1449 3960 ante
1474 3900 1716 3958 fecerunt
1737 3902 1905 3959 Iudzei
1956 3907 2146 3978 spiritu

580 3989 721 4059 quod
749 3998 872 4045 tunc
897 4003 1122 4061 c0rpore
1153 3990 1422 4058 fecerunt;
1455 3993 1681 4064 ligantes
1713 3996 1917 4051 scilicet
1940 3995 2144 4063 Iesum,

579 4081 632 4134 id
662 4091 772 4144 est,
810 4089 1051 4136 tenentes
1086 4081 1288 4138 clavem
1319 4084 1576 4150 scientize,
1614 4084 1745 4157 legis
1769 4095 1822 4141 et
1854 4088 2143 4158 propheta-

580 4185 729 4235 rum,
756 4178 810 4223 et
849 4184 950 4224 nec
983 4171 1083 4239 ipsi
1114 4172 1348 4237 intrant,
1390 4189 1493 4229 nee
1534 4175 1669 4230 alios
1705 4176 1906 4231 intrare
1942 4179 2143 4248 permi—

582 4274 642 4313 SO
649 4274 707 4312 ru
714 4275 744 4311 ιι
753 4268 790 4312 ι.

654 4346 841 4402 Petrus
880 4358 1050 4402 autent
1084 4351 1392 4420 sequebatur
1418 4369 1533 4407 eunt
1563 4372 1593 4407 a
1625 4355 1794 4427 longe,
1823 4369 1871 4412 et
1901 4359 2036 4415 alius
2064 4362 2146 4415 di-

581 4436 842 4508 scipulus;
869 4438 1155 4508 discipulus
1180 4452 1353 4495 autem
1385 4442 1471 4497 ille
1498 4456 1607 4498 erat
1640 4458 1789 4502 notus
1816 4451 2067 4520 pontiﬁci,
2095 4462 2143 4506 et

2252 3269 2475 3334 apparet
2499 3276 2666 3331 quare
2696 3261 2940 3317 Christus
2961 3280 3124 3334 agnus
3154 3265 3367 3331 dicitur,
3396 3268 3503 3338 qui,
3523 3268 3655 3323 tollit
3693 3287 3815 3339 pec-

2250 3364 2367 3408 cata
2394 3354 2594 3410 mundi.
2623 3354 2845 3409 Creator
2870 3371 2900 3411 a
2935 3364 3180 3414 creatura
3211 3361 3527 3429 percutitur,
3571 3370 3626 3417 et
3658 3365 3822 3418 susti-

2249 3450 2370 3507 net,
2402 3443 2640 3513 nihilque
2685 3444 2830 3499 aliud
2859 3446 2961 3500 nisi
2986 3444 3211 3513 justitize
3251 3457 3307 3502 et
3333 3450 3608 3504 modestia:
3650 3453 3818 3506 verba

2250 3533 2544 3602 respondit.
2574 3531 2651 3599 Si,
2683 3535 2873 3607 inquit,
2902 3535 3035 3591 male
3056 3535 3257 3591 loeutus
3278 3555 3413 3603 sum,
3441 3539 3649 3608 perhibe
3673 3542 3820 3595 testi-

2247 3624 2509 3689 monium;
2530 3624 2576 3678 si
2604 3635 2775 3679 autem
2806 3625 2949 3690 bene,
2975 3624 3204 3696 quid’me
3224 3627 3379 3683 aedis
3396 3630 3421 3682 .9
3442 3628 3499 3684 In
3527 3629 3643 3699 lege
3669 3631 3817 3685 enim

2247 3728 2431 3767 eorum
2475 3715 2733 3787 scriptum
2765 3723 2887 3769 est:
2918 3715 3260 3772 Innocentem
3292 3726 3346 3775 et
3380 3717 3582 3786 justum
3619 3736 3686 3774 ne
3729 3709 3817 3774 af-

2246 3800 2466 3867 ﬂixeris.
2496 3802 2633 3857 Ante
2659 3818 2787 3873 ergo
2832 3803 3015 3857 debuit
3043 3806 3328 3875 perhibere
3358 3809 3720 3863 testimonium
3748 3811 3818 3865 de

2247 3890 2495 3955 crimine,
2523 3901 2577 3946 et
2609 3900 2735 3947 tunc
2770 3892 2964 3952 ferire:
2993 3896 3084 3948 sed
3113 3895 3201 3950 ille
3229 3912 3333 3953 non
3367 3897 3539 3953 solum
3570 3914 3674 3953 non
3707 3901 3820 3953 eri-

2246 3996 2370 4036 men
2398 3982 2667 4052 probavit,
2691 3983 2832 4052 quod
2866 3983 2921 4037 in
2946 3985 3174 4040 Domino
3203 3987 3445 4045 invenire
3476 4004 3583 4043 non
3612 3992 3814 4060 potuit,

2246 4070 2340 4126 sed
2359 4073 2521 4125 etiam
2545 4087 2644 4142 pro
2667 4074 2907 4128 veritatis
2932 4075 3108 4130 verbis
3134 4078 3483 4145 percutiebat.
3516 4078 3560 4134 Ο
3584 4080 3715 4133 mira
3757 4089 3819 4134 et

2246 4161 2526 4219 inell‘abilis
2562 4165 2847 4235 patientia!
2889 4166 2980 4221 llic
3021 4152 3189 4237 cujus.
3212 4184 3402 4225 manus
3442 4169 3678 4227 fecerunt
3714 4188 3819 4227 nos

2204 4272 2211 4276 '
2244 4266 2300 4313 et
2326 4259 2746 4329 plasmaverunt,
2774 4262 2863 4332 qui
2895 4271 3092 4317 terram
3119 4263 3316 4333 pugillo
3338 4266 3599 4329 continet,
3624 4275 3681 4320 et
3706 4282 3820 4321 eue-

2247 4346 2353 4401 lum
2382 4349 2555 4417 palma
2591 4353 2872 4419 ponderat,
2903 4352 3155 4405 sustinuit
3182 4365 3239 4405 se
3262 4354 3392 4407 caedi
3429 4370 3458 4408 a
3487 4370 3642 4410 servo
3674 4372 3813 4426 pon-

2250 4439 2406 4494 tiﬁcis
2433 4437 2767 4496 Iudaeorum!
2795 4442 3035 4510 Implevit
3058 4443 3197 4512 quod
3224 4452 3351 4500 ante
3373 4446 3647 4518 discipulis
3675 4462 3817 4517 prce-

528 4548 533 4553 ·
579 4527 809 4583 introivit
837 4544 955 4582 cum
989 4527 1118 4583 Iesu
1159 4531 1214 4584 in
1260 4534 1451 4587 atrium
1487 4534 1735 4606 principis
1773 4508 2141 4595 sacerdotum:
2171 4508 2219 4567 Β
2245 4530 2385 4599 cep"
2410 4547 2423 4582 ε
2450 4529 2511 4585 δέ
2538 4519 2673 4602 quis;
2701 4532 2895 4601 inquit,
2925 4541 2972 4586 τε
2998 4538 3306 4603 remane?“
3332 4536 3387 4590 in
3412 4537 3675 4591 dexteram
3697 4555 3822 4591 ma-

582 4617 772 4674 Petrus
815 4628 999 4674 autem
1031 4621 1199 4676 stabat
1248 4623 1316 4677 ad
1369 4627 1557 4681 ostium
1599 4626 1748 4698 foris.
1801 4629 1975 4685 Exivit
2024 4650 2143 4704 ergo

581 4708 716 4764 alius
743 4709 1047 4781 discipulus,
1075 4712 1165 4783 qui
1198 4723 1307 4767 erat
1355 4723 1508 4769 notus
1544 4717 1798 4787 pontiﬁci,
1825 4729 1872 4773 et
1902 4721 2033 4775 dixit
2062 4739 2146 4776 os-

580 4796 773 4867 tiarite,
799 4811 847 4856 et
878 4801 1168 4858 introduxit
1200 4801 1433 4862 Petrum.
1480 4805 1754 4879 Ingressus
1793 4821 1965 4866 autem
2007 4814 2143 4867 intro

580 4892 784 4947 sedebat
823 4908 939 4947 cum
971 4894 1222 4950 ministris
1261 4906 1317 4951 ut
1346 4897 1536 4952 rideret
1581 4898 1738 4969 ﬁnem
1769 4899 1949 4973 (Ioan.
1976 4918 2140 4969 svnt;

581 4984 773 5040 Matth.
798 4984 969 5059 sxw).
995 4986 1187 5043 Petrus
1233 4990 1558 5059 sequebatur
1599 4990 1883 5048 Dominum
1910 5009 1940 5049 a
1988 4994 2143 5067 longe

579 5091 702 5132 cum
729 5075 835 5131 alio
863 5075 1145 5147 discipulo,
1174 5077 1379 5134 scilicet
1402 5079 1492 5148 qui
1520 5091 1806 5152 negaturus
1829 5093 1948 5136 erat
1972 5082 2145 5138 Domi-

581 5180 737 5230 num;
776 5177 901 5218 nam
925 5174 979 5219 et
1009 5164 1095 5220 ille
1122 5166 1260 5223 alius
1295 5167 1587 5239 discipulus
1634 5178 1814 5240 postea
1860 5171 2051 5225 relicto
2079 5188 2143 5226 eo

579 5258 809 5329 fugerat.
841 5258 949 5315 Sed
989 5269 1044 5315 et
1084 5259 1228 5315 aliud
1273 5261 1326 5315 in
1357 5260 1458 5316 hoc
1490 5270 1667 5330 potest
1713 5263 1958 5334 intelligi,
2001 5268 2142 5336 quod

581 5350 672 5403 alii
719 5350 964 5421 discipuli
1016 5366 1125 5421 pra:
1170 5353 1378 5407 caeteris
1425 5353 1787 5423 sequebantur
1827 5353 2139 5420 Dominum,

576 5437 794 5506 Petrus,
825 5452 897 5507 et,
927 5452 987 5497 ut
1012 5444 1334 5509 aestimatur,
1363 5443 1616 5509 Ioannes,
1648 5445 1772 5516 quia
1822 5446 1908 5500 isti
1940 5447 1993 5499 in
2024 5463 2146 5502 san-

582 5536 672 5584 cto
724 5530 1009 5604 Evangelio
1056 5536 1228 5592 solent
1275 5544 1441 5591 totam
1485 5536 1781 5593 Ecclesiam
1828 5538 2143 5608 designare;

584 5618 776 5677 Petrus
802 5637 1030 5694 namque
1059 5626 1216 5682 ﬁdem
1244 5626 1520 5692 Ecclesiae,
1544 5626 1782 5683 Ioannes
1809 5643 1938 5683 vero
1971 5631 2148 5683 chari-

583 5717 751 5764 tatem
799 5710 1082 5782 designat:
1125 5717 1211 5771 isti
1258 5732 1385 5788 ergo
1419 5719 1779 5786 sequebantur
1831 5722 2142 5785 Dominum,

2243 4620 2445 4684 :rt'llam,
2469 4622 2638 4691 praebe
2665 4622 2712 4674 ei
2731 4632 2778 4677 et
2801 4618 3037 4676 alteram.
3060 4622 3295 4681 Prazbuit
3315 4627 3458 4684 enim
3485 4643 3605 4682 cum
3624 4628 3773 4683 dixit
3797 4647 3814 4683 :

2245 4711 2303 4764 Si
2332 4712 2471 4766 male
2503 4711 2709 4766 locutus
2741 4728 2879 4777 sum,
2910 4714 3133 4783 perhibe
3163 4717 3559 4783 testimonium,
3591 4727 3645 4772 et
3687 4732 3820 4789 per-

2243 4813 2385 4870 cute,
2408 4805 2453 4859 si
2484 4805 2685 4861 crimen
2714 4806 2975 4861 invenias.
3696 4792 3703 4800 ’

2846 4911 3071 4970 CAPUT
3111 4913 3199 4969 XI.

2316 4998 2385 5053 Et
2428 4999 2566 5056 misit
2608 5016 2723 5055 eum
2749 5001 2928 5056 Annas
2957 5002 3173 5072 ligatum
3210 5005 3280 5059 ad
3309 5003 3558 5073 Caipham
3597 5007 3823 5076 pontifi-

2247 5111 2388 5159 cem,
2429 5094 2516 5148 ubi
2561 5102 2707 5148 erant
2737 5092 2941 5161 scribta,
2979 5105 3027 5147 et
3057 5095 3143 5148 ubi
3179 5095 3405 5147 seniores
3444 5107 3815 5149 convenerant.

2249 5180 2516 5253 Principes
2545 5193 2717 5236 autem
2745 5182 3071 5253 sacerdotum
3109 5191 3155 5235 et
3182 5198 3331 5236 omne
3370 5182 3642 5237 consilium
3663 5200 3816 5253 quie-

2250 5275 2427 5329 rebant
2474 5273 2666 5344 falsum
2712 5252 3061 5328 testimonium
3108 5283 3286 5327 contra
3329 5273 3541 5339 Iesum,
3587 5284 3641 5326 ut
3687 5290 3817 5327 eum

2248 5366 2402 5419 morti
2436 5365 2730 5429 traderent;
2769 5365 2919 5418 multi
2948 5366 3082 5418 enim
3123 5363 3315 5434 falsum
3348 5366 3694 5420 testimonium
3725 5364 3821 5417 di-

2247 5456 2424 5509 cebant
2470 5455 2713 5509 adversus
2755 5472 2894 5516 eum,
2921 5465 2967 5507 et
2996 5455 3347 5511 convenientia
3375 5455 3664 5509 testimonia
3702 5472 3821 5525 non

2246 5555 2392 5599 erant
2431 5545 2609 5615 (Ioau.
2638 5561 2802 5608 xvm;
2853 5543 3019 5597 Marc.
3067 5544 3199 5616 xw).
3248 5544 3465 5600 Falsum
3495 5544 3822 5614 quatrebant

2248 5634 2630 5697 testimonium,
2658 5648 2763 5703 quo
2793 5648 2917 5687 reus
2941 5633 3126 5687 mortis
3149 5635 3498 5700 inveniretur,
3514 5650 3631 5717 lnon
3661 5633 3822 5690 enim

2249 5740 2431 5779 verum
2479 5733 2762 5795 potuerant
2804 5724 3041 5779 invenire
3087 5742 3098 5777 :
3135 5740 3261 5779 nam
3296 5725 3565 5795 quomodo
3601 5724 3817 5781 inveni-
