4064 6190
320 287 390 342 81
1323 265 1737 330 OPUSCULUM
1778 269 1863 323 DE
1897 263 2229 323 PXSSIONE
2274 261 2521 320 DUlllNl.
3503 266 3580 321 ες

325 408 455 454 rent
479 406 663 451 verum
693 394 744 446 in
782 402 847 447 eo
880 391 1108 451 crimen,
1138 388 1227 458 qui
1256 387 1399 440 venit
1429 387 1543 440 sine
1568 392 1809 454 peccato,
1841 389 1900 432 ut
1929 358 2083 439 A’set
2105 424 2118 436 .
2151 379 2254 433 Sed
2284 395 2387 431 non
2418 379 2518 431 hoc
2548 387 2733 437 contra
2776 379 2939 432 Deum
2971 375 3094 442 fuit,
3121 391 3249 431 vere
3285 378 3435 431 enim
3462 380 3581 448 ipso
3646 419 3657 429 .

326 490 521 545 mundi
551 485 762 540 tolleret
808 482 1063 551 peccata?
1107 479 1183 533 [lli
1217 484 1531 547 quaerebant
1580 474 1709 527 falsa
1758 471 1907 526 testi-

300 606 303 607 ν
332 579 521 647 monia
551 577 616 630 ad
646 590 769 629 eum
801 572 1158 641 puniendum;
1189 568 1305 632 sed,
1338 566 1474 621 sicut
1500 564 1752 618 Sa'lomon
1789 563 1901 615 ait:

332 669 529 723 Falsus
572 666 715 721 testis
753 680 856 718 non
890 663 984 716 erit
1015 661 1320 730 impunitus.
1357 657 1422 711 Et
1461 673 1563 710 non
1602 664 1780 719 erant,
1829 655 1908 707 in-

330 760 470 828 quit,
498 753 851 810 convenientia
879 748 1170 804 testimonia
1201 762 1401 811 eorum,
1440 745 1562 814 quia
1600 742 1813 798 falsitas
1853 743 1908 797 in

329 852 510 919 seipsa
537 846 675 901 solet
699 856 819 899 esse
848 828 1039 898 divisa.

408 941 473 993 Et
517 955 636 992 sum
670 934 819 989 multi
865 934 987 1003 falsi
1031 941 1182 987 testes
1221 930 1585 993 accessissent,
1636 930 1911 983 novissime

326 1039 583 1089 venerunt
610 1030 714 1081 duo
748 1026 871 1096 falsi
897 1034 1072 1090 testes,
1094 1033 1140 1077 et
1166 1023 1445 1077 dixerunt:
1473 1021 1584 1075 Nos
1614 1021 1910 1075 audivimus

332 1141 451 1179 eum
494 1123 750 1175 dicentem
788 1130 806 1170 .'
842 1118 952 1187 Ego
996 1116 1273 1171 dissolvam
1323 1113 1567 1184 templum
1616 1113 1712 1166 hoc
1752 1128 1910 1165 manu

335 1217 556 1285 factum,
580 1223 626 1267 et
650 1220 766 1283 post
785 1210 1017 1263 triduum
1042 1208 1187 1262 aliud
1216 1224 1318 1261 non
1342 1223 1497 1259 manu
1521 1207 1719 1275 factum
1747 1204 1914 1272 a'diﬁ-

335 1305 484 1359 cubo.
513 1303 580 1356 Et
606 1319 711 1355 non
738 1310 850 1354 erat
877 1299 1180 1352 conveniens
1217 1296 1569 1351 testimonium
1599 1308 1800 1348 eorum.
1846 1292 1912 1346 Et

332 1412 618 1465 exsurgens
660 1395 895 1464 princeps
940 1389 1270 1444 sacerdotum
1314 1389 1369 1442 in
1399 1388 1656 1452 medium,
1694 1386 1913 1441 interro-

335 1490 493 1560 gabat
523 1495 643 1541 eam
689 1486 864 1539 dicens
892 1498 910 1535 :
946 1482 1094 1536 Nihil
1136 1481 1409 1552 respondes
1452 1481 1519 1534 ad
1561 1497 1621 1534 ea
1662 1496 1781 1549 quia
1822 1478 1939 1533 tibi‘

336 1584 662 1653 objiciuntur
702 1581 766 1633 ab
795 1581 874 1633 his
899 1578 1097 1632 ?Jesns
1132 1576 1350 1629 tacebat.
1378 1575 1446 1628 Et
1482 1575 1720 1644 princeps
1743 1588 1916 1627 sacer-

338 1676 523 1727 dotum
548 1688 728 1725 rursus
755 1668 1107 1739 interrogabat
1134 1684 1249 1720 eum
1274 1666 1452 1720 dicens
1475 1682 1492 1719 :
1518 1664 1719 1735 Adjuro
1751 1674 1800 1718 te
1822 1665 1916 1735 pe'r

2005 483 2163 522 ascen
2188 468 2247 519 Iit
2286 469 2337 520 in
2360 466 2573 526 coelum.
2605 475 2661 521 et
2688 467 2836 525 sedet
2874 466 2941 519 ad
2969 466 3243 520 dexteram
3278 467 3393 530 Dei,
3427 468 3578 522 iude-

2006 576 2111 630 que
2153 568 2411 613 venturus
2451 567 2537 612 est
2578 558 2644 612 ad
2681 558 3000 627 judicaudos
3042 560 3194 613 vivos
3231 568 3288 613 et
3314 569 3574 614 mortuos.

2007 651 2083 704 llli
2126 659 2302 704 autem
2342 649 2833 729 condemnaverunt
2867 664 2989 703 eum
3027 664 3181 703 reum
3210 664 3333 703 esse
3367 651 3575 703 mortis.

2008 741 2169 803 Ecce,
2216 739 2432 801 fratres,
2478 753 2576 809 pro
2604 752 2711 816 quo
2758 745 2980 806 peccato
3025 737 3274 792 Christus
3308 736 3583 806 judicatus

2008 840 2093 885 est
2146 845 2269 884 reus
2323 843 2443 883 esse
2501 828 2724 891 mortis,
2777 826 2985 882 scilicet
3043 827 3168 898 quia
3219 840 3279 881 se
3332 828 3584 897 pnedixit

2010 937 2283 977 sessurum
2325 936 2355 975 a
2402 920 2604 975 dextris
2650 919 2780 984 Dei,
2824 928 2880 974 et
2927 926 3212 974 venturum
3250 920 3305 975 in
3352 919 3585 975 nubibus

2012 1014 2153 1070 caeli.

2085 1104 2228 1158 Tum:
2263 1104 2359 1157 viri
2387 1104 2476 1169 qui
2521 1101 2757 1155 tenebant
2792 1117 2908 1154 eum
2955 1110 3267 1171 exspuerunt
3308 1102 3360 1153 in
3399 1100 3587 1169 faciem

2012 1199 2145 1266 ejus,
2178 1206 2225 1249 et
2257 1195 2486 1265 colaphis
2516 1210 2634 1249 eum
2681 1194 3007 1257 ceciderunt;
3046 1192 3139 1246 alii
3182 1201 3353 1246 autem
3383 1191 3589 1263 palmas

2014 1292 2067 1343 in
2099 1288 2287 1357 [aciem
2326 1289 2373 1341 ei
2412 1288 2698 1351 dederunt;
2734 1285 2825 1339 alii
2868 1284 3103 1339 uelabant
3148 1284 3334 1354 [aciem
3368 1285 3503 1354 ejus,
3536 1295 3585 1337 et

2014 1380 2267 1434 credentes
2315 1378 2549 1432 dicebant
2584 1395 2601 1431 :
2634 1375 2945 1446 Prophctiza
2995 1375 3161 1441 nobis,
3208 1376 3435 1440 Christe,
3476 1377 3592 1445 quis

2015 1482 2088 1525 est
2118 1472 2205 1542 qui
2249 1480 2296 1524 te
2333 1470 2623 1540 percussit?
2649 1479 2694 1522 et
2731 1469 2837 1521 alia
2876 1465 3040 1521 multa
3071 1465 3482 1536 blasphemantes
3512 1467 3595 1519 di-

2016 1560 2195 1613 cebant
2223 1560 2276 1612 in
2310 1575 2428 1612 cum
2471 1557 2682 1628 (Matth.
2712 1556 2879 1627 xxvi).
2929 1555 3054 1610 llaec
3077 1555 3259 1609 omnia
3298 1555 3589 1625 proborum

2018 1664 2212 1718 genera
2265 1662 2359 1717 pro
2414 1647 2567 1701 nobis
2617 1645 2875 1700 sustinuit
2926 1645 3235 1707 Dominus,
3266 1653 3325 1698 ut
3376 1660 3474 1698 nos
3525 1646 3594 1698 ab

342 1767 509 1819 Deum
540 1765 708 1817 vivum
746 1771 801 1815 ut
846 1762 992 1814 dicas
1028 1759 1172 1812 nobis
1199 1759 1245 1811 si
1278 1768 1333 1811 tu
1368 1774 1420 1812 es
1461 1755 1696 1810 Christus
1743 1755 1914 1809 Filius

2034 1748 2221 1792 cterno
2249 1738 2536 1807 opprobrio
2563 1737 2833 1791 liberaret.
2864 1734 3129 1790 Velabant
3158 1734 3352 1789 faciem
3381 1734 3519 1804 ejus,
3542 1743 3599 1789 et

345 1857 482 1910 Dci.’
513 1855 655 1908 Dixit
684 1853 761 1907 illi
789 1852 944 1907 Iesus
980 1868 998 1905 :
1040 1849 1118 1904 Tu
1153 1849 1366 1913 dixisti;
1408 1858 1761 1902 verumtamen
1799 1847 1917 1900 dico

342 1949 482 2003 vobis
508 1964 527 2001 :
560 1946 671 2016 Ego
708 1961 851 2006 sum,
893 1952 941 1997 et
981 1941 1214 1997 videbitis
1253 1940 1441 1994 amodo
1471 1938 1669 1992 Filium
1694 1937 1917 1991 hominis

341 2041 603 2095 sedentem
643 2056 673 2091 α
703 2038 899 2091 dextris
934 2036 1157 2099 virtutis,
1190 2045 1235 2088 et
1280 2034 1561 2087 venientem
1604 2032 1658 2084 in
1699 2029 1920 2084 nubibus

341 2133 479 2186 creti.
512 2130 657 2184 Tunc
688 2130 924 2200 princeps
952 2127 1279 2182 sacerdotum
1312 2126 1464 2180 scidit
1487 2126 1786 2178 vestimenta
1824 2139 1922 2176 sua

342 2224 523 2276 «licens
559 2235 576 2273 :
618 2219 1002 2288 Blasphemavit
1027 2232 1046 2269 .·
1070 2217 1196 2288 quid
1227 2216 1398 2293 adhuc
1437 2230 1642 2285 egemus
1673 2212 1924 2267 testibus?

349 2315 485 2368 Ecce
510 2332 646 2368 nunc
669 2314 893 2368 audistis
923 2312 1313 2383 blasphemiam.
1351 2308 1477 2380 quid
1505 2308 1643 2362 vobis
1680 2306 1925 2361 videtur!

350 2408 419 2461 Et
465 2424 642 2462 omnes
690 2408 1157 2461 condemnarerunt
1213 2420 1330 2457 eum
1380 2417 1524 2455 reum
1576 2418 1686 2454 esse
1742 2399 1922 2453 mortis

345 2497 567 2567 (ﬂatth.
593 2512 748 2561 xxvu;
791 2496 960 2550 Marc.
1008 2494 1140 2565 xlv).
1176 2493 1489 2555 Novissime,
1516 2491 1734 2560 inquit,
1779 2507 1926 2544 vene—

348 2599 471 2643 runt
501 2589 606 2641 duo
651 2588 772 2657 falsi
806 2598 976 2641 testes.
1025 2586 1164 2640 Falsi
1196 2593 1361 2639 testes
1406 2583 1652 2647 fuerunt,
1699 2582 1793 2652 qui
1823 2582 1926 2637 hoc

347 2679 623 2736 dixerunt.
657 2678 799 2748 quod
840 2678 1120 2731 Dominum
1167 2691 1271 2730 non
1308 2674 1594 2728 audierant
1623 2673 1924 2736 dicentem;

351 2769 492 2822 dixit
519 2768 663 2822 enim
695 2767 989 2821 Dominus:
1021 2765 1217 2821 Solvite
1253 2765 1497 2837 templum
1533 2765 1650 2818 hoc.
1680 2763 1759 2818 Illi
1793 2763 1929 2817 refe-

352 2859 545 2913 rebant
590 2874 713 2913 eum
757 2858 958 2913 dixisse
993 2876 1005 2912 :
1039 2856 1146 2927 Ego
1191 2856 1473 2911 dissoluant
1517 2855 1762 2925 templum
1809 2856 1926 2909 hoc.

352 2949 463 3005 Sed
494 2949 748 3003 Dominus
770 2949 913 3018 quod
943 2949 1180 3003 futurqu
1210 2959 1326 3003 erat
1354 2947 1620 3017 praedixit.
1646 2944 1722 3000 llli
1750 2956 1930 3001 autem

353 3055 547 3100 contra
593 3059 715 3100 eum
768 3043 956 3099 falsum
1003 3044 1187 3098 dicunt
1233 3041 1621 3097 testimonium.
1671 3039 1928 3093 Dominus

356 3137 495 3191 dixit
536 3134 770 3190 Iudicis:
808 3133 912 3189 Vos
951 3134 1130 3188 solvite
1165 3131 1411 3203 templum
1453 3132 1571 3195 hoc,
1602 3129 1728 3199 quia
1756 3127 1928 3183 Judzei

332 3229 587 3285 occisuri
619 3236 773 3282 erant
820 3222 1139 3290 Dominum,
1188 3236 1237 3280 et
1274 3235 1389 3295 post
1434 3223 1687 3286 triduum,
1732 3221 1930 3291 inquit,

355 3317 594 3373 excitabo
631 3317 792 3382 illud,
831 3332 957 3381 non,
985 3317 1123 3371 sicut
1169 3314 1285 3369 falsi
1329 3322 1493 3369 testes
1527 3312 1815 3368 dixerunt:
1847 3328 1931 3365 re-

355 3408 651 3477 rrdiﬁcabo.
677 3408 766 3463 ille
798 3417 978 3463 autem
1024 3408 1128 3462 hoc
1169 3406 1383 3461 dicebat
1428 3406 1495 3460 de
1536 3419 1763 3473 corpore
1811 3419 1932 3469 suo,

356 3500 534 3568 quod,
564 3499 702 3554 sicut
732 3500 866 3565 dixi,
893 3497 1061 3553 Judaei
1106 3498 1341 3553 occisuri
1387 3505 1562 3559 erant,
1604 3505 1658 3550 et
1702 3495 1805 3548 hoc
1847 3493 1936 3547 ille

360 3591 522 3645 tertia
546 3591 632 3645 die
658 3590 931 3645 excitavit.
960 3590 1027 3644 Et
1054 3589 1301 3659 princeps
1327 3588 1669 3643 sacerdotum
1707 3587 1782 3640 ait
1814 3584 1889 3639 illi
1917 3603 1929 3638 :

366 3680 516 3734 Nihil
530 3681 803 3750 respondes
816 3681 883 3734 ad
898 3698 958 3734 ea
970 3697 1085 3750 qua:
1107 3679 1192 3733 isti
1203 3679 1475 3733 adversum
1491 3689 1541 3732 te
1553 3677 1938 3747 testiﬁcantur?

362 3768 522 3825 Jesus
543 3781 723 3826 autem
752 3772 991 3836 tacebat;
1022 3770 1224 3825 sciebat
1251 3783 1483 3839 namque
1510 3768 1770 3822 Dominus
1793 3766 1938 3836 quod

367 3864 483 3917 haec
527 3861 828 3917 insidiando
874 3863 1238 3932 interrogabat
1276 3862 1527 3931 princeps
1569 3859 1935 3925 sacerdotum,

369 3960 428 4005 ut
454 3962 634 4021 posset
663 3952 813 4005 illum
837 3968 1121 4017 accusare;
1153 3954 1376 4021 ideoque
1404 3953 1453 4007 ei
1484 3968 1588 4007 non
1628 3952 1934 4021 respondit:

369 4043 439 4098 ad
472 4044 598 4113 quid
626 4044 769 4098 enim
799 4046 848 4099 ei
879 4045 1250 4115 responderet,
1279 4060 1438 4112 quem
1468 4060 1574 4098 non
1603 4028 1939 4099 crediturum

370 4134 610 4189 sciebat?
630 4136 720 4188 Ait
752 4146 930 4207 autem
956 4136 1211 4205 princeps
1239 4136 1580 4200 sacerdotum
1609 4152 1621 4188 :
1654 4135 1861 4205 Adjuro
1891 4145 1941 4191 te

369 4241 463 4294 per
503 4224 669 4283 Deum
714 4226 904 4279 vivum.
935 4226 1147 4290 Adhuc,
1196 4236 1254 4280 ut
1292 4241 1453 4295 supra
1494 4226 1633 4290 dixi,
1670 4235 1729 4279 ut
1774 4225 1840 4279 ab
1876 4240 1942 4279 eo

369 4317 615 4386 exigeret
651 4317 871 4371 verbum
903 4316 1137 4386 aliquod,
1163 4330 1419 4386 quocum
1449 4330 1705 4370 accusare
1734 4324 1938 4384 posset,

374 4415 430 4460 et
460 4407 621 4460 morti
658 4407 985 4477 adjudicare.
1017 4407 1123 4462 Sed
1154 4408 1269 4477 ipse.
1301 4405 1561 4460 Dominus
1604 4413 1733 4459 tunc
1759 4404 1810 4458 ei
1855 4420 1941 4458 re-

377 4497 614 4566 spondit,
634 4504 689 4551 ct
711 4496 884 4550 dixit:
908 4496 1107 4549 Amodo
1134 4494 1367 4550 videbitis
1395 4492 1594 4547 Filium
1618 4493 1840 4547 hominis
1867 4509 1947 4547 se-

378 4586 581 4639 dentem
621 4602 653 4639 a
694 4584 891 4639 dextris
927 4586 1154 4659 virtutis.
1191 4583 1446 4637 Praedixit
1488 4581 1746 4636 Dominus
1790 4595 1945 4635 suum

375 4679 636 4749 judicium
664 4677 923 4742 futurum,
953 4694 1059 4748 qua
1087 4678 1422 4748 judicaturus
1445 4685 1527 4730 est
1563 4689 1731 4744 genus
1761 4674 1950 4727 humu-

384 4787 540 4835 num;
573 4786 636 4825 ac
663 4771 710 4824 si
735 4770 975 4825 diceret:
1011 4768 1129 4822 Jam
1158 4769 1281 4837 quia
1314 4783 1397 4821 me
1420 4764 1680 4835 adjurasti
1705 4779 1800 4833 per
1822 4762 1950 4817 illud

384 4878 638 4933 magnum
681 4876 877 4917 nomen
921 4860 1101 4915 Patris
1135 4860 1261 4922 mei,
1296 4859 1415 4913 dico
1464 4858 1560 4912 tibi
1607 4855 1777 4925 quod,
1818 4853 1953 4909 velis

384 4953 545 5018 nolis,
591 4952 832 5008 futurum
875 4960 999 5018 est;
1036 4951 1250 5005 visurus
1297 4950 1441 5004 enim
1482 4963 1543 5003 es
1588 4961 1745 5011 eum,
1791 4960 1951 5013 quem

385 5050 547 5103 modo
592 5050 813 5120 ligatum
865 5047 1059 5117 injuste
1088 5046 1317 5114 judicas,
1354 5045 1639 5099 sedentem
1673 5056 1703 5094 a
1726 5034 1954 5095 ’dextris

386 5139 594 5201 Patris,
626 5149 682 5194 et
708 5141 1010 5193 venientem
1034 5138 1100 5190 ad
1126 5136 1474 5203 iudicandum
1499 5132 1646 5200 justo
1678 5131 1767 5200 qui
1798 5128 1956 5183 modo

389 5245 421 5282 ει
466 5235 518 5280 te
558 5226 761 5294 injuste
810 5226 1103 5296 judicatur.
1158 5224 1198 5277 Τ
1205 5238 1307 5276 unc
1342 5224 1578 5292 princeps
1626 5217 1955 5272 sacerdotum

388 5316 542 5371 scidit
594 5317 891 5371 vestimenta
931 5332 1049 5368 sua.
1092 5312 1252 5365 Moris
1284 5319 1367 5365 est
1406 5309 1710 5363 Iudaeorum
1742 5314 1799 5359 ut
1836 5320 1957 5359 cum

393 5405 608 5473 aliquod
650 5406 873 5459 verbum
919 5402 1186 5458 audierint
1235 5408 1422 5454 contra
1468 5398 1666 5460 Deum,
1713 5392 1961 5450 scindant

391 5495 717 5551 vestimenta
747 5509 864 5559 sua,
897 5510 1002 5548 non
1044 5493 1278 5546 ferentes
1307 5489 1712 5559 blasphemiam.
1747 5485 1961 5539 Putavit

393 5592 577 5639 autem
624 5595 750 5640 tunc
794 5584 1079 5640 Dominum
1109 5591 1295 5636 contra
1339 5579 1502 5633 Deum
1539 5578 1793 5640 locutum,
1839 5589 1960 5628 cum

394 5686 463 5730 se
500 5676 770 5730 sedentem
813 5690 845 5727 a
885 5672 1087 5728 dextris
1118 5670 1331 5724 virtutis
1361 5668 1452 5722 Dci
1487 5665 1769 5721 videndum
1796 5662 1963 5717 dixis-

2021 1827 2405 1895 percutientes,
2437 1826 2685 1880 dicebant
2716 1845 2727 1878 :
2760 1825 3105 1894 Pmphetiza,
3136 1824 3258 1892 quis
3289 1831 3341 1877 te
3373 1837 3597 1891 percus-

2021 1919 2129 1973 sit?
2162 1918 2374 1971 lacilius
2417 1925 2533 1971 erat
2576 1918 2679 1971 hoc
2707 1916 2887 1970 dicere
2928 1931 3091 1985 quam
3131 1914 3260 1985 quid
3298 1915 3602 1982 cogitarent

2023 2011 2076 2065 in
2106 2010 2387 2072 cordibus;
2418 2009 2506 2063 ille
2535 2017 2737 2071 tamen,
2763 2008 2854 2078 qui
2881 2007 3061 2061 omnia
3093 2014 3294 2075 potest,
3319 2015 3375 2061 et
3402 2006 3595 2060 horum

2021 2112 2310 2171 utrumque
2350 2103 2543 2171 potuit,
2582 2101 2678 2156 sed
2709 2115 2811 2154 non
2849 2100 2949 2153 fuit
2983 2107 3111 2154 tunc
3155 2106 3368 2168 tempus
3409 2107 3597 2153 osten-

2024 2194 2182 2248 dendi
2209 2194 2360 2265 signa
2392 2192 2717 2247 incredulis:
2748 2207 2874 2246 nam
2907 2205 3071 2260 supra
3108 2191 3161 2243 iu
3200 2189 3489 2261 Evangelia
3524 2187 3602 2242 le-

2024 2293 2199 2362 gimus
2248 2289 2424 2359 ipsum
2472 2283 2758 2363 Dominum
2787 2281 3143 2352 cogitationes
3186 2279 3365 2334 cordis
3410 2294 3601 2334 eorum

2025 2380 2393 2442 manifestare,
2424 2389 2547 2430 cum
2585 2372 2791 2428 diceret
2828 2389 2840 2423 :
2890 2370 3029 2437 Quid
3079 2369 3331 2439 cogitatis
3378 2369 3431 2423 iu
3478 2384 3604 2424 cor-

2027 2475 2182 2530 dibus
2226 2470 2423 2526 vestris
2453 2467 2625 2522 mala?
2654 2465 2747 2520 llle
2787 2465 2880 2535 qui
2923 2462 3119 2518 coelum
3146 2471 3203 2516 et
3249 2470 3449 2516 terram
3492 2462 3601 2515 im-

2026 2566 2156 2637 plet,
2191 2562 2347 2617 facile
2391 2560 2568 2631 potuit
2595 2558 2777 2614 dicere
2804 2556 2928 2627 quis
2955 2570 3014 2637 se
3044 2570 3109 2608 ex
3140 2554 3446 2608 astantibus
3480 2567 3605 2621 per-

2028 2632 2326 2717 cussisset;
2368 2653 2464 2706 sed
2515 2659 2641 2704 tunc
2686 2647 2787 2701 fuit
2833 2632 3043 2715 tempus
3084 2659 3193 2714 quo
3232 2641 3615 2711 judicaretur:

2029 2747 2208 2801 veniet
2249 2754 2427 2798 autem
2467 2752 2680 2810 tempus
2705 2737 3098 2809 quojudicabit
3145 2736 3257 2805 ipse
3302 2734 3626 2788 illuminans

2032 2836 2345 2892 abscondita
2380 2833 2746 2894 tenebrarum,
2774 2837 2830 2884 et
2857 2826 3211 2882 manifestans
3239 2824 3463 2880 consilia
3496 2838 3614 2877 cor-

2034 2928 2204 2990 dium,
2236 2934 2292 2980 et
2321 2923 2546 2993 recipiat
2581 2919 2950 2989 unusquisque
2979 2917 3273 2971 secundum
3301 2928 3464 2984 opera
3498 2927 3612 2964 ma-

2037 3033 2201 3073 nuum
2227 3030 2467 3078 suarum,
2498 2994 2612 3068 sive
2638 3012 2798 3074 bona,
2830 3009 2943 3065 sive
2972 3007 3130 3062 mala.

2639 3118 2866 3177 CAPUT
2903 3117 3016 3172 XII.

2109 3198 2298 3253 Petrus
2340 3212 2457 3251 vero
2497 3192 2705 3248 sedebat
2746 3191 2875 3260 {oris
2920 3190 2974 3242 in
3017 3188 3153 3241 atrio
3191 3183 3499 3253 calefaciens
3537 3199 3612 3245 se,

2033 3288 2156 3365 quia
2177 3293 2343 3363 frigus
2363 3299 2496 3353 erat,
2519 3298 2566 3343 et
2592 3286 2805 3340 accessit
2829 3282 2897 3336 ad
2919 3296 3038 3334 eum
3061 3294 3167 3330 una
3190 3274 3405 3337 ancilla,
3426 3284 3474 3326 et
3497 3289 3617 3326 cum

2035 3363 2242 3441 vidisset
2270 3398 2388 3437 eum
2414 3380 2673 3435 sedentem
2698 3375 2767 3428 ad
2796 3373 2990 3435 lumen,
3013 3378 3061 3424 et
3088 3367 3271 3438 fuisset
3299 3366 3508 3428 intuitu,
3534 3363 3619 3416 di-

2036 3479 2111 3531 a'it
2135 3490 2152 3528 :
2179 3475 2246 3528 Et
2278 3473 2361 3527 hic
2390 3488 2507 3525 cum
2538 3469 2665 3524 Jesu
2690 3463 2912 3520 Galiltro
2937 3470 3071 3516 erat.
3104 3458 3169 3511 At
3196 3456 3283 3511 ille
3307 3454 3507 3525 negavit
3530 3470 3619 3506 co—
3692 3462 3698 3467 ‘

2039 3588 2153 3626 rant
2184 3569 2440 3631 omnibus,
2472 3567 2647 3620 dicens
2673 3578 2691 3614 :
2713 3560 2903 3616 Nescio
2927 3557 3051 3630 quid
3075 3555 3228 3610 dicis.
3258 3550 3495 3612 Exemtte
3521 3566 3619 3603 au-

2040 3674 2141 3717 tent
2163 3661 2253 3715 illo
2272 3662 2519 3730 januum,
2548 3656 2671 3712 vidit
2706 3671 2823 3708 eum
2852 3651 2960 3706 alia
2991 3648 3206 3712 ancilla,
3234 3656 3283 3699 et
3316 3646 3390 3698 ait
3424 3644 3505 3696 his
3528 3641 3633 3711 qui:

2039 3764 2185 3808 erant
2214 3753 2285 3806 ibi
2310 3768 2327 3805 :
2356 3750 2421 3804 Et
2451 3750 2533 3803 hic
2558 3757 2669 3803 erat
2700 3762 2818 3800 cum
2846 3745 2971 3798 Jesu
3007 3741 3306 3795 Nazareno.
3338 3736 3403 3792 Et
3431 3735 3635 3788 iterum»

2041 3848 2241 3919 negavit
2270 3862 2385 3899 cum
2407 3845 2728 3914 juramento,
2759 3840 2934 3899 dicens
2963 3834 3141 3900 :Quia
3171 3848 3273 3884 non
3296 3828 3413 3882 novi
3445 3827 3621 3879 Immi-

2044 3915 2177 3992 nein.
2218 3936 2283 3988 Et
2310 3944 2422 4003 post
2448 3929 2695 4002 pusillum
2721 3933 3044 3981 accesserunt
3070 3922 3159 3992 qui
3187 3919 3415 3981 stabant,
3449 3924 3497 3968 et
3531 3915 3618 3968 di-

2042 4034 2227 4080 xerunt
2253 4040 2269 4077 :
2309 4022 2433 4074 Vere
2459 4031 2514 4073 tu
2539 4036 2604 4072 ea:
2628 4017 2733 4070 illis
2758 4032 2844 4078 es;
2873 4029 2993 4067 nam
3019 4020 3066 4064 et
3093 4006 3295 4079 loquela
3322 4016 3412 4059 tua
3442 4004 3619 4061 mani-

2044 4119 2230 4188 festum
2256 4126 2303 4167 te
2332 4114 2455 4182 facit
2482 4111 2605 4180 quia
2633 4106 2884 4162 Galilwus
2919 4121 2994 4158 es.
3037 4101 3179 4155 Tunc
3202 4099 3355 4169 coepit
3371 4098 3633 4151 detestari

2044 4219 2092 4264 et
2130 4208 2316 4278 jurare
2355 4203 2477 4274 quia
2521 4219 2625 4255 non
2672 4200 2889 4253 nov'sset
2935 4194 3215 4248 hominem.
3262 4189 3329 4243 Et
3373 4188 3639 4261 continuo.

2048 4275 2220 4354 adhuc
2247 4311 2306 4350 eo
2331 4293 2564 4362 loquente
2593 4287 2762 4359 gallus
2791 4284 3045 4347 cantavit;
3073 4290 3121 4335 et
3143 4293 3417 4333 conversus
3440 4275 3635 4329 Domi-.

2051 4406 2147 4443 nus
2178 4386 2397 4456 respexit
2428 4382 2663 4445 Petrum,
2724 4387 2772 4432 et
2810 4374 3110 4430 recordatus
3150 4381 3226 4427 est
3265 4368 3453 4424 Petrus
3480 4367 3620 4422 verbi

2048 4479 2258 4534 Domini
2281 4474 2434 4530 sicuti
2481 4472 2655 4526 dixit:
2679 4466 2997 4537 Priusquam
3023 4461 3194 4534 gallus
3221 4468 3411 4525 cantet,
3439 4468 3515 4513 ter
3540 4474 3621 4512 me

2048 4570 2277 4640 negabis.
2317 4566 2385 4631 Et
2413 4579 2648 4635 egressus
2676 4560 2819 4630 foras
2847 4557 2984 4627 ﬂevit
3023 4570 3201 4609 amare
3240 4551 3422 4625 (Joan.
3455 4566 3636 4614 xvm;

2052 4661 2179 4714 Luc.
2209 4673 2353 4722 xm;
2393 4653 2582 4708 Matth.
2615 4648 2781 4719 xxvi).
2826 4646 2978 4715 Quod
3003 4645 3194 4698 Petrus
3222 4642 3470 4711 princeps
3495 4654 3623 4708 apo-

2051 4753 2309 4811 stolorum
2343 4757 2399 4803 et
2428 4746 2632 4817 primus
2671 4740 2923 4797 Ecclesia:
2963 4744 3083 4806 post
3120 4733 3405 4788 Dominum
3438 4738 3630 4800 pastor,

2052 4843 2371 4900 constitutus
2417 4836 2710 4907 permissus
2753 4841 2837 4888 est
2874 4840 2936 4885 ut
2977 4837 3228 4899 negaret,
3275 4841 3382 4881 non
3426 4824 3625 4878 frustra

2052 4944 2234 4989 actum
2268 4938 2382 4993 est,
2418 4906 2513 4983 sed
2549 4936 2608 4980 ut
2640 4938 2828 4980 omnes
2868 4922 3247 4991 praadicatorcs
3286 4924 3484 4973 sancta:
3526 4915 3625 4968 Ec—
3668 4906 3675 4913 ’

2054 5025 2230 5082 etesia:
2250 5030 2305 5076 et
2333 5028 2568 5075 rectores
2589 5014 2832 5084 exemplo
2850 5011 2966 5080 ejus
2986 5012 3255 5066 discerent
3277 5004 3623 5077 peccantibus

2054 5126 2108 5172 et
2135 5111 2518 5185 pmuitentibus
2544 5113 2762 5177 peccata
2787 5117 2944 5173 posse
2969 5100 3195 5165 dimitti,
3223 5111 3343 5152 cum
3373 5093 3444 5147 illi
3477 5091 3625 5160 prin-

2057 5180 2159 5275 cipi
2183 5201 2432 5257 Ecclesia:
2458 5206 2662 5252 tantum
2686 5193 2982 5265 negationis
3005 5192 3204 5246 crimen
3229 5180 3628 5241 fuissetdimis:

2058 5311 2208 5359 sum;
2237 5300 2294 5347 et
2322 5299 2380 5346 ut
2404 5303 2592 5344 omnes
2616 5287 2883 5341 discerent
2906 5282 3147 5337 homines
3173 5292 3277 5332 non
3308 5275 3362 5328 in
3391 5270 3625 5342 propriis

2062 5389 2174 5443 suis
2208 5383 2578 5441 conﬁdendum
2604 5379 2827 5441 viribus,
2860 5375 2955 5430 sed
2978 5372 3157 5427 omnia
3182 5368 3383 5423 scirent
3405 5366 3459 5419 in
3483 5367 3639 5420 dono.

2064 5478 2159 5533 Dei
2187 5475 2484 5531 consistere
2506 5487 2624 5541 qua:
2646 5477 2875 5539 aguntur
2899 5482 2930 5519 a
2964 5461 3118 5517 nobis
3144 5460 3303 5514 bona.
3334 5458 3448 5528 Ipse
3474 5471 3626 5510 nam-

2064 5584 2171 5639 que
2208 5562 2548 5620 beatissimus
2580 5558 2852 5629 apostolus
2895 5554 3085 5608 Petrus
3127 5550 3361 5604 nondum
3396 5547 3639 5618 Spiritus,

2066 5636 2236 5714 sancti
2265 5654 2479 5724 plenum
2512 5650 2716 5721 accepit
2745 5648 2964 5710 donum,
2997 5643 3220 5712 ideoque
3250 5640 3430 5695 statim
3461 5636 3635 5694 sctisit
