4008 6192
447 217 521 283 83

1539 225 1810 289 CANDIDI
1846 224 2231 290 FULDENSIS
2270 228 2577 292 MONACIU

3613 253 3686 308 81

441 342 569 413 Quin
598 343 767 414 possit
805 344 1036 413 humana
1067 345 1327 415 fragilitas
1357 347 1403 400 si
1438 362 1545 399 non
1584 347 1678 399 Dei
1718 346 1858 408 dono
1887 346 2014 400 sub-
2042 370 2088 423 Α
2115 349 2350 418 gentibus
2380 350 2449 402 ad
2476 350 2847 419 deliniendam,
2885 364 2933 409 et
2961 357 3363 427 flagellandunt,
3395 372 3443 416 et
3479 368 3696 435 cruci/i-

439 434 667 491 levatur.
698 435 831 491 Nam
859 437 947 506 qui
980 447 1105 491 tunc
1133 437 1351 492 timidus
1377 447 1431 493 et
1461 438 1664 508 fragilis
1701 438 1862 493 verba
1892 438 2015 493 vilis

436 524 642 581 ancillae
678 526 910 597 expavit,
963 534 1152 596 postea
1191 527 1421 585 Neronis
1466 528 1807 599 imperatoris
1849 529 2012 584 totius

435 622 622 676 mundi
647 632 771 676 tunc
803 622 1089 691 imperium
1122 623 1352 677 tenentis
1380 624 1555 678 minus
1581 633 1639 678 et
1678 624 1840 678 verba
1881 639 2009 679 eon-

437 713 670 782 tcmpsit,
695 711 897 765 habens
918 711 1131 780 plenam
1160 712 1392 782 Spiritus
1418 713 1591 768 sancti
1618 714 1862 784 gratiam,
1889 729 2007 782 qua:

430 815 554 855 eum
584 800 728 855 intus
757 815 1044 857 accensum
1074 817 1180 856 non
1209 803 1422 857 sinebat
1450 802 1648 872 frigore
1678 803 2007 858 inﬁdelitatis

430 890 658 955 tentari,
700 890 840 945 sicut
877 891 1037 947 modo
1077 891 1132 946 in
1173 892 1464 962 Evangelio
1509 892 1823 959 audivistis,
1862 893 2004 963 quod

427 990 577 1034 stans
616 977 965 1034 calefaciebat
1004 996 1080 1045 se,
1119 981 1244 1051 quia
1291 980 1461 1052 frigus
1500 990 1635 1036 erat.
1686 980 1818 1037 Vere
1857 984 2001 1037 enim

428 1079 555 1125 tunc
587 1067 701 1138 jam
741 1070 796 1124 in
836 1084 902 1125 eo
941 1071 1221 1141 impletum
1249 1081 1332 1127 est
1362 1072 1503 1141 quod
1546 1072 1804 1127 Dominus
1844 1084 2001 1128 antea

421 1160 660 1216 futurum
690 1161 1043 1230 praedixerat,
1075 1162 1219 1233 quia,
1248 1162 1545 1217 abundante
1573 1164 1875 1235 iniquitate,
1914 1181 1997 1218 re-

420 1253 658 1323 frigescet
696 1253 945 1307 charitas.
978 1252 1083 1308 Sed
1112 1254 1202 1323 qui
1238 1254 1532 1324 permissus
1560 1263 1643 1309 est
1674 1263 1730 1307 ut
1757 1255 1995 1321 caderet,

419 1343 603 1396 statim
638 1340 748 1396 Deo
785 1341 1080 1399 miserante
1108 1352 1322 1398 erectus
1358 1351 1469 1409 est;
1511 1358 1635 1396 nam
1675 1359 1798 1397 eum
1838 1344 1996 1399 tertio

418 1440 670 1501 negasset
693 1429 907 1497 Petrus,
936 1432 1173 1502 respexit
1199 1446 1319 1486 eum
1364 1432 1640 1496 Dominus,
1666 1441 1718 1485 et
1745 1435 1996 1488 recorda-

416 1530 506 1577 tus
531 1531 613 1577 est
641 1523 788 1578 verbi
809 1523 924 1593 ejus
946 1538 1052 1593 quo
1077 1524 1123 1578 ci
1151 1524 1473 1594 prmdixerat
1499 1540 1703 1579 casum.
1734 1523 1800 1577 Et
1824 1540 1993 1594 egres-

414 1628 526 1678 sus,
559 1613 764 1682 inquit,
801 1614 968 1683 foras,
1005 1615 1147 1683 [lenit
1176 1630 1372 1668 amare.
1414 1613 1617 1669 Delevit
1649 1615 1824 1669 llendo
1850 1614 1992 1684 quod

2110 441 2353 510 gendum.
2397 440 2502 497 Sed
2541 452 2598 499 et
2636 445 2736 514 ipsi
2777 445 2973 511 Judaei,
3018 458 3071 505 et
3110 462 3300 521 gentes
3332 453 3474 508 malo
3505 459 3694 525 animo

2110 532 2213 587 ista
2242 532 2529 602 fecissent,
2566 537 2658 591 Dei
2706 546 2885 594 tamen
2927 540 3326 612 dispensatione
3360 553 3540 602 actum
3579 560 3693 615 est,

2109 624 2316 678 scilicet
2343 634 2402 679 ut
2433 626 2537 681 hoc
2561 627 2904 700 designarent
2935 634 3078 700 quod
3104 636 3263 702 primi
3300 639 3691 706 prtedieatorcs

2107 729 2175 767 ex
2199 712 2397 770 Judteis
2424 717 2672 772 tradituri
2696 730 2877 775 essent
2905 720 3062 777 [idem
3095 726 3295 781 Christi
3326 731 3589 799 gentibus,
3629 744 3692 787 et

2105 800 2180 854 ibi
2208 803 2491 859 cxaltanda
2521 815 2665 861 esset
2692 808 2859 878 gloria
2887 809 3002 877 ejus
3023 818 3187 883 super
3213 830 3426 872 omnem
3457 828 3683 876 terram.

2104 890 2217 962 Ipsi
2239 904 2408 949 autem
2430 937 2443 960 ,
2477 897 2679 967 inquit,
2711 917 2814 954 non
2841 902 3147 958 introierant
3175 907 3230 960 in
3254 911 3590 977 praztoriam,
3625 923 3686 965 ut

2104 1000 2207 1037 non
2235 988 2734 1043 contaminarentur.
2768 992 3059 1047 Videbatur
3080 996 3158 1050 eis
3186 1001 3595 1068 contaminatio,
3631 1004 3685 1058 si

2095 1075 2155 1128 in
2187 1091 2292 1129 una
2321 1077 2481 1132 domo
2516 1095 2637 1133 cum
2675 1082 2923 1151 gentibus
2949 1096 3164 1152 essent,
3199 1096 3254 1141 et
3287 1105 3392 1146 non
3427 1092 3685 1151 videbant

2103 1167 2360 1236 majorem
2390 1171 2446 1223 in
2476 1185 2534 1224 se
2562 1175 3072 1230 contaminationem
3092 1218 3107 1244 ,
3137 1179 3278 1247 quod
3316 1182 3495 1252 iniqua
3526 1188 3641 1257 cogi
3669 1215 3683 1226 ~

2101 1259 2302 1313 talione
2353 1260 2494 1330 pleni
2547 1264 2832 1319 consilium
2885 1267 3121 1324 inierunt
3168 1276 3436 1341 quomodo
3487 1275 3678 1332 Jesum

2098 1350 2259 1404 morti
2299 1352 2592 1420 traderent,
2629 1364 2682 1409 et
2717 1356 2819 1411 hoc
2863 1373 2961 1426 per
3004 1358 3258 1415 falsorum
3301 1365 3677 1421 testimonium

2098 1445 2335 1499 testium.
2367 1446 2499 1500 Nam
2531 1456 2583 1503 et
2614 1450 2716 1504 hoc
2752 1451 3011 1508 Dominus
3035 1454 3099 1507 de
3124 1454 3205 1509 eis
3230 1465 3352 1510 ante
3376 1459 3623 1525 praedixit
3653 1478 3670 1514 :

2097 1534 2322 1592 Calicem
2341 1578 2355 1604 ,
2385 1539 2587 1607 inquit,
2617 1551 2939 1610 exspuentes,
2968 1544 3219 1598 cautelam
3246 1558 3420 1601 autent
3446 1547 3676 1618 glutien-

2094 1638 2188 1681 tes.
2223 1628 2289 1683 Et
2317 1629 2420 1685 ltoe
2446 1630 2520 1684 illi
2548 1642 2773 1701 egerunt
2792 1674 2806 1697 ,
2858 1650 2978 1688 cum
3008 1639 3226 1705 parvam
3255 1638 3400 1692 illam
3440 1641 3523 1694 vel
3550 1641 3676 1694 nul-

414 1708 686 1762 commisit
721 1708 775 1762 in
812 1723 874 1763 se
897 1710 1288 1778 pnesumendo.
1321 1707 1545 1775 Statim,
1583 1709 1778 1777 inquit,
1820 1708 1988 1779 gallus
2016 1715 2063 1774 B
2092 1715 2198 1770 lam
2222 1720 2732 1778 contaminationem
2761 1725 3055 1791 vitassent,
3086 1734 3141 1782 et
3178 1729 3429 1799 magnum
3459 1732 3670 1787 crimen

412 1798 662 1852 cantavit.
694 1796 986 1868 Postquam
1017 1800 1161 1853 enim
1190 1798 1383 1869 aliquis
1411 1802 1737 1870 peccaverit,
1769 1816 1989 1857 necesse

410 1896 495 1942 est
522 1897 581 1942 ut
607 1888 790 1942 statim
816 1889 980 1943 verbo
1007 1890 1397 1958 praniicatoris,
1429 1892 1582 1960 quasi
1607 1891 1731 1962 galli
1767 1900 1986 1946 cantan-

411 1980 479 2033 tis
514 1994 666 2045 voce,
707 1980 774 2034 ad
814 1980 1185 2048 paenitentiam
1230 1991 1585 2051 provocetur;
1635 1982 1805 2052 gallus
1841 1982 1985 2036 enim

410 2081 633 2129 cantans
677 2073 906 2128 vicinam
947 2071 1123 2129 lucem
1166 2075 1526 2143 praenuntiat,
1573 2084 1627 2128 et
1666 2075 1987 2145 praedicator

406 2176 507 2231 per
531 2163 902 2233 posuitentiam
929 2163 997 2217 ad
1023 2162 1198 2218 lucem
1225 2165 1607 2219 misericordia:
1634 2165 1726 2219 Dei
1753 2167 1985 2221 reditum

405 2264 655 2324 paratum
688 2269 809 2309 esse
833 2254 1129 2323 praedicare
1158 2255 1333 2309 debet.
1366 2255 1656 2309 Sciendum
1683 2265 1863 2311 autem
1892 2272 1984 2311 vo-

404 2345 490 2400 bis
528 2355 629 2412 est,
672 2345 892 2411 fratres,
931 2354 1152 2414 propter
1179 2346 1282 2399 hoc
1318 2338 1458 2416 quod
1505 2345 1591 2400 ille
1634 2346 1723 2416 qui
1766 2346 1982 2400 Petrum

410 2436 671 2506 arguebat
706 2434 844 2491 dixit
885 2453 898 2487 :
948 2434 1092 2489 Nam
1131 2433 1332 2505 loquela
1373 2437 1706 2505 manifestum
1745 2447 1792 2490 te
1830 2437 1980 2505 facit,

405 2541 515 2580 non
536 2525 759 2580 alterius
781 2524 1047 2580 sermonis
1069 2538 1187 2580 esse
1206 2524 1427 2580 Petrum
1448 2526 1795 2593 credendum,
1817 2544 1979 2597 quam

402 2624 628 2671 caateros
666 2613 879 2671 iudices
905 2656 920 2681 ,
973 2616 1104 2682 sed,
1160 2623 1218 2670 ut
1263 2616 1364 2685 ipsi
1410 2617 1561 2672 scitis
1588 2658 1603 2683 ,
1652 2634 1981 2689 unaquaeque

400 2705 679 2774 provincia
706 2713 761 2759 et
799 2704 949 2776 regio
991 2704 1195 2775 aliquid
1224 2705 1499 2775 proprium
1528 2707 1692 2761 habet
1722 2709 1865 2776 quod
1898 2709 1977 2763 lo-
2013 2715 2018 2719 '

401 2795 606 2865 quitur,
635 2794 789 2864 quasi
816 2795 1056 2850 nativum
1086 2805 1253 2862 tenet,
1283 2804 1339 2850 et
1378 2795 1501 2851 inde
1526 2799 1718 2868 conjici
1750 2799 1887 2854 solet
1914 2801 1980 2856 de

402 2899 508 2954 qua
543 2885 819 2955 provincia
851 2885 934 2940 vel
968 2886 1188 2956 regione
1235 2887 1306 2942 sit
1333 2888 1424 2957 qui
1461 2887 1717 2958 loquitur.
1758 2889 1892 2958 Nam
1922 2900 2005 2946 et,

396 2975 581 3033 Iesum
609 2976 883 3034 Galilmum
911 2979 999 3034 vel
1026 2978 1361 3035 Nazarenam
1388 2982 1658 3049 dixerunt,
1695 2986 1819 3054 quia
1845 2986 1919 3041 ibi
1943 3003 1974 3041 a

398 3067 709 3139 parentibus
735 3069 969 3122 nutritus
997 3078 1120 3124 erat
1139 3086 1240 3143 prp
1274 3071 1464 3126 timore
1496 3074 1637 3142 regis
1668 3074 1895 3131 Herodis
1920 3085 1975 3131 et
2001 3069 2045 3132 C

396 3160 649 3215 Archelai
678 3160 773 3214 lilii
797 3157 946 3228 ejus;
976 3160 1245 3218 Nazareth
1273 3163 1418 3216 enim
1453 3163 1643 3219 civitas
1672 3165 1727 3219 in
1755 3166 1974 3225 Galilma

397 3262 509 3318 est;
552 3260 710 3306 natus
737 3261 916 3307 autem
953 3253 1008 3306 in
1045 3251 1359 3307 Bethlehem
1396 3255 1689 3309 secundum
1719 3258 1972 3313 vaticinia

396 3344 802 3415 prophetarum,
832 3344 959 3413 quia
985 3353 1041 3399 et
1065 3344 1167 3415 ipsi
1194 3355 1445 3413 parentes
1470 3347 1535 3400 de
1559 3346 1717 3402 domo
1738 3357 1793 3402 et
1821 3349 1976 3405 fami-

396 3435 470 3490 lia
493 3435 662 3490 David
687 3444 865 3501 erant,
890 3436 1042 3507 cujus
1068 3436 1352 3507 progenies
1374 3444 1429 3490 et
1454 3437 1705 3493 nativitas
1729 3439 1782 3493 in
1812 3440 1974 3495 Beth-

395 3528 572 3583 lehem
609 3526 730 3581 fuit.
767 3527 928 3599 Ergo,
964 3525 1178 3592 fratres,
1223 3526 1315 3596 qui
1357 3539 1637 3598 negantem
1676 3529 1973 3600 principem

396 3620 764 3693 apostolorum
788 3620 1008 3676 Petrum
1032 3620 1352 3684 audivimus,
1378 3620 1656 3676 audiamus
1677 3630 1730 3676 et
1750 3638 1973 3695 agamus

394 3711 539 3784 quod
568 3713 683 3782 ipse
707 3720 829 3781 post
858 3712 1196 3782 negationem
1220 3710 1367 3766 fecit.
1402 3710 1566 3767 Flevit
1593 3711 1739 3766 enim
1761 3730 1971 3779 amare;

394 3819 520 3858 nam
563 3803 610 3857 si
648 3802 838 3857 llcmus
874 3811 930 3855 et
964 3816 1069 3856 non
1104 3818 1303 3867 amare,
1343 3817 1451 3857 non
1488 3811 1565 3857 est
1606 3803 1780 3858 adhuc
1815 3804 1972 3873 plena

393 3894 745 3964 paenitentia;
777 3892 872 3948 sed
898 3901 1239 3946 amarescant
1267 3892 1423 3947 nobis
1448 3904 1671 3961 peccata
1696 3908 1815 3963 qua:
1842 3892 1972 3948 feci-

396 4004 548 4053 mus,
590 3998 646 4042 et
684 3985 953 4058 fugiamus
992 4001 1078 4051 ea,
1118 3986 1244 4055 quia
1285 4000 1469 4039 amara
1507 3995 1650 4040 sunt.
1692 3983 1760 4039 Et
1800 3986 1845 4039 si
1891 3986 1970 4039 sic

400 4078 632 4148 agimus,
661 4077 836 4131 aderit
876 4085 931 4131 et
979 4076 1134 4131 nobis
1158 4075 1433 4141 Dominus,
1462 4076 1601 4130 sicut
1626 4084 1680 4131 et
1703 4076 1750 4130 ei
1778 4076 1967 4140 adfuit,

393 4179 454 4224 et
477 4169 725 4225 restituet
752 4182 852 4223 nos
889 4169 941 4221 in
972 4168 1026 4223 id
1062 4168 1203 4236 quod
1232 4168 1463 4234 fuimus,
1502 4183 1624 4222 cum
1654 4169 1789 4223 bene
1817 4169 1972 4223 nobis

393 4261 601 4316 fuisset.

982 4349 1209 4406 CAPUT
1247 4351 1382 4405 Xlll.

468 4465 625 4520 Mane
654 4474 828 4518 autem
856 4464 996 4534 facta
1024 4464 1296 4517 consilium
1319 4465 1545 4519 inierunt
1577 4482 1750 4519 omnes
1776 4483 1969 4536 princ:-

393 4576 484 4629 pes
512 4557 838 4612 sacerdotum
873 4566 920 4610 et
955 4557 1182 4609 seniores
1208 4556 1385 4627 populi
1414 4556 1660 4610 adversus
1682 4556 1860 4610 .lesum
1877 4599 1892 4623 ,
1919 4570 1967 4613 et

395 4650 655 4703 duxerunt
684 4647 832 4702 illum
858 4648 912 4701 in
946 4646 1221 4701 concilium
1249 4664 1421 4712 suum,
1450 4648 1675 4702 dicentes
1703 4665 1715 4701 :
1746 4648 1803 4703 Si
1831 4660 1886 4703 tu
1914 4667 1967 4704 es

395 4741 665 4807 Christus,
696 4741 780 4793 dic
809 4740 974 4807 nobis,
1014 4748 1073 4792 ut
1107 4753 1229 4793 eum
1265 4740 1423 4794 morti
1460 4740 1754 4796 traderent.
1797 4741 1863 4795 Et
1894 4743 1967 4795 ait

392 4832 501 4888 illis
524 4831 682 4886 Iesus
708 4847 725 4886 :
755 4829 813 4886 Si
842 4830 982 4885 vobis
1010 4830 1211 4895 dixero,
1237 4848 1340 4885 non
1369 4831 1586 4885 credetis
1614 4832 1773 4896 mihi;
1801 4833 1846 4884 si
1872 4849 1970 4885 au-

393 4939 497 4985 tem
529 4928 935 4996 interrogauero,
965 4941 1069 4978 non
1108 4925 1478 4994 respondebitis
1513 4925 1661 4989 mihi,
1701 4941 1861 4995 neque
1890 4925 1972 4977 di-

394 5019 627 5075 mittetis.
671 5016 972 5086 Exsurgens
1024 5026 1197 5070 autem
1248 5016 1413 5071 omnis
1454 5014 1731 5069 multitudo
1767 5033 1967 5081 eorum,

352 5162 355 5171 ,
394 5111 618 5166 uinctum
646 5125 764 5164 eum
790 5107 1119 5162 adduxerunt
1141 5115 1188 5160 et
1219 5106 1548 5160 tradiderunt
1576 5106 1762 5159 Pontio
1793 5103 1968 5159 Pilato

396 5200 626 5264 prazsidi.
659 5198 770 5270 Ipsi
796 5208 967 5252 autent
994 5211 1095 5250 non
1123 5196 1430 5251 introierunt
1457 5196 1513 5248 in
1538 5195 1868 5265 prwtorium,
1906 5210 1975 5247 ne.

394 5289 989 5355 contaminarentur,sed
1001 5301 1052 5345 ut
1069 5286 1438 5340 manducarent
1485 5282 1692 5338 Pascha
1739 5283 1962 5353 (Matth.

395 5396 578 5446 xxvii;
607 5381 735 5435 Luc.
766 5397 913 5446 xsn;
952 5387 1113 5433 Joan.
1144 5378 1319 5448 xvut).
1373 5376 1654 5446 lmplctum
1698 5385 1782 5430 est
1823 5377 1967 5444 quod

394 5471 654 5528 Dominus
684 5473 1006 5542 pmdixerat
1034 5492 1047 5523 ι
1082 5468 1322 5540 Oportet,
1354 5469 1527 5539 inquit
1553 5467 1623 5541 [Γ
1626 5469 1772 5523 ilium
1798 5468 1967 5521 homi-

395 5563 523 5638 nis],
550 5564 626 5618 ire
652 5565 1086 5635 Hierosolymam,
1119 5571 1166 5617 et
1195 5559 1359 5614 multa
1383 5563 1491 5631 pati
1517 5580 1545 5616 ο
1575 5561 1886 5626 senioribus,
1914 5569 1964 5613 et

398 5657 599 5727 u'ibis,
630 5669 676 5714 et
713 5658 1029 5729 principibus
1058 5654 1417 5722 sacerdotum,
1442 5665 1487 5709 et
1515 5664 1691 5724 postea
1728 5653 1965 5709 tradetur

1996 4419 2045 4477 D

3012 1813 3024 1825 α

2086 1805 2363 1862 homicidii
2392 1809 2756 1867 incurrebant.

2160 1905 2302 1961 Tunc
2330 1907 2506 1961 videns
2531 1907 2567 1962 J
2573 1910 2724 1977 udas,
2754 1912 2844 1982 qui
2870 1929 2989 1966 eum
3015 1914 3254 1981 tradidit,
3279 1917 3418 1986 quod
3442 1917 3673 1972 damna-ﬁ

2085 2008 2170 2053 tus
2195 2007 2348 2065 esset,
2375 2001 2671 2069 poenitentia
2696 2002 2906 2070 ductus,
2938 2004 3111 2058 retulit
3146 2006 3361 2076 trigmta
3391 2017 3667 2076 argenteos

2081 2092 2402 2164 principibus
2432 2094 2759 2149 sacerdotum
2803 2106 2852 2149 et
2905 2097 3231 2163 senioribus,
3271 2098 3446 2153 dicens
3477 2113 3495 2150 :
3532 2097 3668 2153 Pec-

2083 2183 2194 2236 cavi
2213 2183 2424 2237 tradens
2449 2185 2753 2255 sanguinem
2772 2187 3001 2255 justum.
3022 2188 3089 2240 At
3109 2187 3188 2240 illi
3215 2188 3457 2242 dixerunt
3478 2205 3497 2242 :
3520 2187 3665 2255 Quid

2081 2271 2151 2324 ad
2189 2273 2324 2325 nos?
2367 2281 2424 2325 tu
2462 2274 2670 2328 uideris.
2712 2274 2782 2328 Et
2808 2276 3051 2346 projectis
3089 2279 3344 2349 argenteis
3378 2279 3433 2332 in
3469 2280 3663 2350 templo

2082 2363 2310 2429 recessit,
2333 2372 2381 2415 et
2410 2363 2586 2417 abiens
2613 2364 2795 2436 laqueo
2820 2383 2876 2420 se
2916 2369 3182 2438 suspendit
3222 2368 3436 2441 (Matth.
3464 2373 3656 2444 xxvii).

2079 2446 2414 2509 lnfructuosa
2449 2456 2666 2537 quidem
2708 2458 2823 2514 haec
2856 2457 3008 2515 ludat
3042 2463 3363 2530 paenitentia
3394 2464 3522 2529 fuit,
3561 2469 3663 2525 sed

2079 2547 2148 2599 ad
2174 2546 2276 2601 hoc
2296 2547 2419 2602 ideo
2440 2556 2620 2602 actum
2645 2557 2728 2604 est
2750 2561 2808 2605 ut
2835 2550 3230 2609 inexcusabiles
3248 2552 3416 2611 Judaei
3439 2558 3658 2627 tierent,

2078 2635 2274 2704 quibus
2301 2637 2369 2691 ab
2395 2638 2511 2707 ipso
2538 2637 2801 2694 traditore
2828 2639 2962 2695 Juda
2988 2642 3189 2697 dictum
3218 2652 3331 2710 est,
3367 2644 3659 2703 Dominum

2078 2726 2452 2795 innocentem,
2483 2738 2538 2784 et
2571 2732 2887 2801 sanguinem
2916 2732 3033 2803 ejus
3066 2732 3262 2803 injuste
3297 2735 3540 2792 effusum.
3581 2739 3655 2794 Et

2077 2816 2273 2885 abiens,
2304 2818 2500 2889 inquit,
2526 2819 2709 2891 laqueo
2740 2838 2795 2875 se
2819 2824 3103 2893 suspendit.
3141 2824 3256 2881 Non
3290 2828 3434 2882 enim
3461 2829 3659 2900 dignus

2076 2919 2274 2965 eratut
2299 2911 2386 2966 vel
2406 2912 2604 2967 emtum
2629 2922 2871 2985 tangeret
2898 2916 3155 2981 moriens,
3185 2917 3270 2971 vel
3297 2926 3525 2985 terram;
3557 2922 3655 2975 sed

2076 2999 2219 3055 inter
2256 3010 2483 3072 utraque
2528 3004 2716 3073 periit,
2757 3005 2849 3074 qui
2885 3014 3234 3076 utrorumque
3270 3009 3552 3065 Dominum
3582 3013 3655 3067 ad

2076 3092 2307 3150 mortem
2350 3096 2585 3152 tradidit.
2626 3096 2891 3168 Sperabat
2921 3110 3099 3154 tamen
3132 3100 3443 3170 ipsemiser
3470 3105 3655 3172 prodi-

2077 3193 2164 3239 tor
2186 3186 2328 3256 quod
2354 3185 2677 3257 ﬂagellatam
2705 3186 2992 3242 Dominum
3015 3189 3287 3244 dimissuri
3314 3201 3525 3258 essent;
3554 3194 3655 3247 sed

2075 3294 2198 3351 cum
2235 3295 2360 3335 eum
2392 3278 2505 3349 jam
2543 3280 2792 3351 gentibus
2828 3281 3082 3336 traditum
3110 3283 3343 3348 videret,
3386 3286 3656 3340 intellexit

2074 3386 2198 3426 eum
2223 3382 2397 3427 morte
2418 3372 2779 3428 damnandum
2805 3390 2820 3427 :
2845 3375 3014 3429 moris
3034 3375 3177 3429 enim
3204 3387 3323 3430 erat
3341 3374 3653 3433 Judteorum

2074 3472 2134 3517 ut
2178 3478 2549 3533 quemcunque
2598 3465 2788 3520 mortis
2834 3480 2984 3533 reum
3024 3466 3384 3534 invenissent,
3432 3469 3649 3537 praesidi

2073 3567 2196 3607 eum
2225 3554 2553 3622 puniendum
2582 3555 2876 3609 traderent.
3588 3618 3589 3621 η

2142 3640 2413 3713 Principes
2447 3652 2619 3696 autem
2649 3644 2999 3710 sacerdotum,
3020 3653 3239 3716 acceptis
3265 3650 3540 3718 argenteis,
3563 3650 3653 3703 die

2070 3743 2255 3787 xerunt
2294 3747 2312 3785 .'
2360 3733 2485 3787 Non
2513 3734 2629 3791 licet
2673 3736 2873 3789 mittere
2911 3752 2996 3789 eos
3040 3737 3095 3789 in
3137 3737 3402 3792 corbanan
3439 3738 3648 3811 [Vulg.,

2070 3825 2393 3898 carbonum],
2418 3827 2539 3898 quia
2563 3827 2784 3897 pretium
2810 3828 3079 3896 sanguinis
3107 3838 3201 3882 est.
3222 3827 3448 3883 Consilio
3469 3841 3646 3884 autem

2070 3916 2220 3980 inito,
2246 3927 2477 3970 emerunt
2500 3933 2563 3970 ex
2582 3917 2684 3970 illis
2707 3933 2889 3987 agrum
2911 3918 3059 3987 ﬁguli
3088 3919 3142 3973 in
3161 3919 3475 3988 sepulturam
3501 3938 3648 3990 pere-

2069 4008 2369 4076 grinorum;
2406 4018 2616 4078 propter
2641 4008 2738 4063 hoc
2776 4018 2986 4062 vocatus
3015 4018 3088 4063 est
3125 4026 3248 4079 ager
3281 4010 3368 4064 ille
3396 4012 3648 4065 Achelde-

2070 4098 2220 4150 mach
2265 4096 2469 4168 [Vulg.,
2510 4096 2888 4170 Haceldama],
2940 4100 3036 4152 hoc
3076 4111 3148 4153 est
3189 4116 3312 4170 ager
3348 4102 3644 4170 sanguinis,

2070 4206 2230 4261 usque
2272 4191 2327 4244 in
2369 4191 2678 4243 hodiernum
2717 4178 2873 4245 diem.
2914 4191 3057 4246 Tunc
3099 4188 3379 4265 impletum.
3402 4203 3476 4247 est
3504 4196 3642 4263 quod

2070 4284 2262 4336 dictum
2293 4292 2366 4335 est
2389 4298 2480 4352 per
2501 4280 2784 4336 Jeremiam
2806 4283 3127 4354 prophetam,
3153 4284 3402 4336 dicentem
3430 4299 3449 4335 :
3469 4284 3537 4337 Et
3554 4302 3644 4337 ac-

2070 4386 2311 4444 ceperunt
2340 4377 2553 4445 triginta
2601 4387 2866 4445 argenteos
2895 4379 3116 4446 pretium
3147 4378 3442 4444 appretiati,
3486 4393 3642 4445 quem

2071 4466 2484 4534 appretiaverunt
2539 4483 2571 4517 a
2625 4466 2753 4532 ﬁliis
2800 4465 3003 4529 Israel,
3055 4475 3101 4516 et
3147 4466 3400 4519 dederunt
3449 4484 3534 4520 eos
3586 4467 3642 4521 in

2071 4570 2253 4624 agrum
2282 4554 2463 4624 ﬁguli,
2494 4555 2625 4608 sicut
2661 4556 2924 4608 constituit
2955 4554 3081 4606 mihi
3122 4553 3391 4610 Dominus.
3423 4556 3637 4628 (Matth.

2071 4649 2262 4717 xxv“).
2302 4645 2583 4699 (.‘orbanan
2636 4644 2920 4709 llebraice,
2952 4645 3102 4712 quasi
3139 4645 3421 4699 donarium
3450 4647 3642 4700 Latine

2068 4748 2248 4809 potest
2280 4738 2418 4802 dici,
2463 4738 2551 4793 ubi
2589 4738 2727 4791 dona
2758 4753 2876 4806 qum
2916 4737 3025 4792 Deo
3053 4737 3435 4802 otfcrebantur,
3474 4755 3505 4791 a
3546 4754 3641 4808 po-

2070 4828 2197 4896 pulo
2220 4827 2585 4881 mittebantur.
2617 4825 2753 4878 Mala
2779 4828 2879 4879 hoc
2901 4826 3173 4880 voluntate
3197 4836 3421 4898 egerunt
3445 4826 3637 4892 Judaei,
3666 4900 3669 4905 η

2048 4919 2167 4998 “sed
2198 4919 2501 4971 nolentibus
2542 4916 2648 4970 illis
2687 4916 2843 4971 nobis
2883 4915 2985 4969 hoc
3027 4915 3225 4971 lactant
3263 4917 3642 4993 illorum_pro—

2069 5008 2249 5077 phetia
2274 5007 2402 5072 fuit;
2432 5022 2555 5060 nam
2581 5006 2753 5075 pretio
2779 5006 3053 5075 sanguinis
3075 5006 3272 5060 Christi
3301 5015 3641 5074 comparatus

2069 5105 2151 5151 est
2187 5096 2342 5151 nobis
2368 5111 2528 5169 ager,
2569 5096 2624 5149 id
2660 5102 2762 5160 est,
2804 5096 3066 5161 Ecclesia,
3107 5096 3162 5149 in
3202 5110 3308 5164 qua
3349 5097 3642 5150 morientes

2068 5191 2303 5260 peccatis
2341 5191 2394 5244 in
2432 5191 2698 5258 baptismo
2733 5189 3038 5258 sepeliatur,
3068 5197 3125 5242 ut
3153 5188 3393 5245 viventes
3415 5188 3641 5258 justitiae

2072 5283 2469 5351 requiescamus
2500 5282 2553 5335 in
2589 5295 2672 5334 ea.
2711 5282 2949 5334 Ecclesia
2978 5289 3157 5335 autem
3191 5295 3321 5351 ager
3347 5292 3432 5335 est
3458 5280 3638 5350 ligati,

2071 5377 2125 5430 id
2161 5383 2244 5430 est
2279 5374 2520 5440 Domini,
2550 5374 2641 5444 qui
2673 5373 2827 5427 tinxit
2853 5374 3084 5443 primum
3112 5372 3385 5428 hominem
3414 5373 3480 5429 de
3508 5372 3640 5428 limo

2073 5477 2245 5521 terrai.

2145 5556 2313 5612 Eaicit
2342 5558 2502 5627 igitur
2527 5555 2732 5610 Pilatus
2758 5555 2821 5609 de
2853 5554 3097 5624 prtrtorio
3124 5554 3193 5606 ad
3228 5552 3445 5609 Iudicas
3470 5554 3637 5624 foras,

2071 5662 2115 5706 et
2140 5652 2316 5706 dixit:
2350 5651 2517 5717 Quam
2553 5649 2933 5704 accusationem
2971 5644 3167 5714 a/j‘ertis
3195 5647 3438 5701 adversus
3472 5645 3640 5700 hemi-
