4064 6190
308 296 387 355 85
1308 286 1722 351 OPUSCULUM
1766 288 1853 343 DE
1888 286 2217 342 PASSIONE
2257 285 2508 353 DOMlNl.
3480 289 3553 345 86

305 428 433 467 nem
473 410 645 465 hunc?
682 406 1064 477 Responderunt
1097 404 1196 464 tllt,
1228 412 1273 456 et
1303 402 1543 455 dixerunt
1572 401 1618 455 ei
1647 414 1663 450 :
1696 399 1752 454 Si
1783 414 1885 452 non
1913 402 1959 459 Α
1989 391 2096 452 Deo
2120 399 2279 452 Patre
2306 397 2515 465 accepit
2542 405 2599 450 ut
2629 397 2761 470 Rex,
2792 405 2846 450 ct
2870 393 3038 475 Filius
3066 396 3176 479 Dei,
3212 396 3349 453 Deus
3375 401 3552 453 omni-

300 514 449 558 esset
478 504 559 556 hic
588 499 909 568 malefactor,
938 514 1040 551 non
1078 495 1168 549 tibi
1198 495 1593 560 tradidisscmus
1618 509 1770 557 eum;
1802 493 1883 545 in-

304 597 546 651 venimus
569 609 683 646 eum
706 591 1078 644 subvertentem
1115 598 1312 659 gentem
1350 595 1599 650 nostram,
1631 594 1679 639 et
1703 585 1873 655 prohi-

305 686 513 739 bentem
539 682 731 736 tributa
759 681 884 733 dare
910 678 1124 743 Ctesari,
1162 687 1208 732 et
1243 677 1492 731 dicentem
1528 693 1582 730 se
1618 674 1883 729 Christum

305 788 482 843 regem
510 788 638 825 esse.
681 768 748 823 Et
783 785 900 822 cum
928 776 1262 821 accusaretur
1296 783 1327 818 a
1363 764 1681 835 principibus
1711 776 1885 817 sacer-

299 860 510 924 datum,
553 857 682 911 nihil
713 856 993 927 respondit.
1029 854 1173 908 Tunc
1213 854 1334 906 dicit
1377 854 1422 907 ei
1461 851 1666 906 Pilatus
1701 865 1718 904 :
1762 852 1881 905 Non

300 951 460 1004 audis
496 959 694 1020 quanta
726 949 998 1003 adversum
1028 957 1075 1000 te
1110 947 1284 999 dicunt
1317 945 1648 999 testimonia?
1677 944 1742 998 Et
1779 961 1881 998 non

300 1041 569 1109 respondit
593 1040 640 1094 ei
664 1039 733 1092 ad
756 1037 920 1091 ullum
946 1037 1174 1102 verbum,
1208 1036 1281 1088 ita
1315 1046 1368 1088 ut
1394 1037 1672 1088 miraretur
1692 1051 1881 1103 pra‘ses

298 1129 645 1182 vehementer.
674 1128 814 1181 Dixit
836 1137 1008 1180 autem
1032 1124 1234 1178 Pilatus
1256 1124 1493 1190 ludatis:
1516 1125 1743 1194 Accipite
1763 1142 1881 1201 eum

298 1234 413 1281 eos,
442 1230 489 1271 et
516 1218 801 1272 secundum
835 1217 994 1287 legem
1023 1227 1240 1271 vestram
1269 1217 1504 1285 judicnte
1541 1233 1677 1270 eum.
1724 1217 1881 1271 Dixe-

299 1321 427 1365 runt
454 1310 636 1365 Iudici
670 1324 689 1362 :
728 1309 893 1364 Nobis
924 1328 1024 1381 non
1061 1309 1176 1362 licet
1212 1309 1497 1378 htterficere
1532 1326 1876 1381 quemquam;

299 1412 358 1454 ut
383 1419 556 1456 sermo
578 1402 705 1467 Jesu
729 1386 1046 1472 impleretur,
1077 1417 1227 1466 quem
1251 1400 1404 1464 dixit,
1432 1400 1750 1469 significans,
1774 1418 1878 1471 qua

294 1501 432 1546 esset
490 1500 654 1545 morte
702 1491 1004 1567 moriturus.
1062 1489 1258 1561 (Joan.
1309 1506 1470 1554 xvm;
1526 1490 1650 1544 Luc.
1709 1508 1872 1556 xxm;

300 1581 501 1637 Matth.
533 1580 726 1651 xxvu.)
761 1577 922 1634 ludaﬁ
951 1581 1235 1645 dixerunt:
1267 1577 1428 1633 Nobis
1457 1597 1558 1634 non
1584 1580 1698 1651 licet
1714 1572 1878 1635 inter-

294 1669 457 1738 {icere
474 1686 800 1740 quemquam.
825 1678 874 1724 el
902 1669 1101 1723 Pilatus
1125 1668 1287 1723 voluit
1309 1678 1366 1722 ut
1388 1650 1680 1724 secundum
1704 1671 1872 1741 legem

1984 498 2176 560 potens
2219 500 2382 545 esset.
2420 488 2535 543 Non
2576 489 2738 559 cmpit
2765 504 2892 556 ergo
2926 480 3303 569 ejus‘regnuin
3348 492 3415 545 ab
3461 491 3551 544 illa

1982 584 2313 640 mortalitate
2339 600 2501 655 quam
2532 599 2601 663 ex‘
2624 583 2823 663 mundo
2853 576 3123 654 sumpsit;
3144 585 3238 663 sed
3273 585 3387 656 ipse
3411 602 3550 641 sern-

1983 692 2078 747 per
2117 676 2231 732 sine
2277 664 2432 732 initio
2470 658 2678 732 Rex‘ct
2718 658 2883 742 Deus,
2924 676 3097 733 laetus
3139 660 3231 733 est.
3257 694 3356 750 pro
3394 680 3549 735 nobis

1985 768 2145 821 homo
2194 766 2467 832 mortalis,
2514 775 2573 821 ut
2626 767 2991 838 temporaliter
3038 777 3288 839 regnaret
3340 770 3393 823 in
3446 772 3550 825 hoc

1982 858 2201 922 mundo,
2246 857 2341 912 sed
2368 867 2425 912 ut
2452 856 2572 912 illos
2615 866 2833 928 prepter
2859 872 2995 929 quos
3026 858 3363 916 redimendos
3388 875 3549 915 vene-

1984 955 2104 1012 rat,
2167 963 2389 1018 regnum
2444 964 2598 1002 suum
2644 947 2847 1003 laceret
2893 946 3170 1003 aeternum.
3222 947 3281 1004 Si
3337 967 3401 1004 ex
3452 951 3548 1005 Itoc

1983 1037 2197 1102 mundo,
2238 1038 2439 1107 inquit,
2485 1055 2678 1103 essem,
2724 1039 2951 1093 ministri
2991 1041 3092 1093 mei
3132 1038 3450 1095 decertarent
3490 1049 3547 1094 ut

1983 1146 2085 1182 non
2111 1128 2345 1182 traderer
2368 1127 2591 1184 Judau's.
2621 1127 2677 1183 Si
2705 1113 2807 1197 hoc
2835 1128 3088 1199 voluisset
3116 1128 3223 1201 ille,
3258 1137 3316 1201 nt
3346 1137 3546 1198 tempo-

1982 1216 2079 1270 rali
2111 1231 2274 1287 regno
2300 1215 2607 1287 hominibus
2647 1224 2902 1292 praeesset
2941 1199 3198 1279 mortalis,
3236 1199 3549 1273 ministeriis

1981 1307 2162 1377 posset
2189 1307 2255 1362 ad
2287 1307 2387 1361 hoc
2418 1306 2673 1381 angelicis
2695 1308 2793 1371 uti,
2823 1307 2914 1377 qui
2949 1322 3070 1361 cum
3094 1304 3391 1378 jejunassct
3416 1322 3548 1376 qna—

1980 1391 2223 1468 draginta
2254 1392 2521 1453 diebus'et
2557 1399 2800 1470 noctibus
2825 1408 3171 1455 accesserunt
3198 1407 3250 1453 et
3277 1399 3549 1454 ministra-

1979 1489 2109 1541 bant
2145 1487 2224 1550 ei,
2270 1503 2543 1559 nunquam
2571 1487 2925 1565 scilicet_eum
2952 1489 3292 1551 deserentes,
3318 1472 3455 1558 quia
3495 1491 3550 1543 ei

1979 1594 2192 1646 semper
2215 1586 2506 1647 praesentes
2536 1580 2922 1644 ministrarent,
2954 1587 3013 1633 ut
3039 1576 3181 1648 pete,
3210 1580 3300 1648 qui
3330 1594 3452 1634 cum
3481 1596 3553 1635 eo

1958 1683 2043 1721 .ex
2072 1668 2287 1739 Virgine
2315 1678 2441 1723 nato
2479 1670 2544 1724 de
2584 1669 2735 1725 caelis
2769 1670 3079 1736 adveniunt,
3124 1679 3178 1739 et
3199 1687 3322 1725 cum
3352 1672 3553 1741 quibus

296 1776 458 1814 suam
501 1758 805 1828 indicarent
840 1776 983 1815 eum.
1028 1762 1203 1837 Quare
1244 1776 1349 1813 non
1393 1760 1577 1814 liceret
1614 1759 1718 1814 illis
1753 1775 1878 1815 eum
1906 1748 1953 1806 B
1981 1757 2094 1836 ipse
2136 1765 2390 1812 venturus
2416 1766 2499 1812 est
2540 1759 2606 1813 ad
2642 1759 2919 1837 judicium
2949 1761 3001 1814 in
3039 1760 3207 1830 gloria
3236 1759 3413 1815 Patris
3438 1764 3540 1816 sui.

296 1845 630 1909 interﬁcere,
660 1847 705 1901 si
734 1846 1049 1918 malefactor
1073 1836 1288 1912 fuisSet,
1314 1863 1435 1902 eum
1463 1848 1521 1919 in
1544 1847 1659 1918 lege
1688 1864 1876 1903 eorum

296 1936 566 2003 scriptum
592 1936 663 1989 sit
700 1955 712 1989 :
758 1934 1024 2005 Maleﬁcos
1053 1952 1115 1989 ne
1150 1936 1369 2006 patiaris
1398 1936 1600 1990 vivere?
1636 1934 1742 1991 Sed
1774 1935 1876 1990 Do-

296 2026 507 2088 minus,
545 2026 637 2095 qui
677 2041 784 2080 non
826 2024 1156 2091 malefactor,
1183 2026 1276 2081 sed
1306 2027 1554 2081 omnium
1577 2038 1763 2081 auctor
1795 2036 1879 2082 est

295 2117 594 2180 bonorum,
633 2116 880 2185 prmdixit
923 2125 1048 2171 ante
1088 2131 1145 2170 se
1176 2116 1494 2194 tradendum
1534 2118 1780 2187 gentibus
1806 2118 1872 2171 ad

295 2207 679 2277 ﬂagellandum
712 2207 1241 2285 et‘cruciﬁgendum;
1276 2208 1379 2263 hoc
1414 2217 1499 2263 est
1548 2208 1690 2285 enim
1731 2208 1874 2278 quod

293 2294 630 2367 evangelista
672 2297 777 2362 ait,
818 2295 1129 2371 Signiﬁcans
1157 2316 1259 2369 qua
1291 2308 1418 2352 esset
1451 2308 1612 2352 morte
1651 2299 1871 2353 moritu-

295 2406 413 2442 rus.
461 2387 690 2460 Necesse
726 2398 844 2442 erat
887 2389 1093 2459 impleri
1132 2390 1274 2460 quod
1311 2380 1424 2460 ipsa
1469 2391 1535 2445 de
1572 2406 1631 2445 se
1662 2390 1874 2445 Veritas

295 2482 631 2552 implendum
658 2482 935 2552 praedixit;
970 2470 1111 2551 quod
1139 2481 1389 2557 videlicet
1429 2480 1721 2535 tradendus
1756 2488 1877 2534 erat

292 2571 574 2642 gentibus,
601 2581 655 2624 ct
685 2560 825 2625 sicut
852 2587 1009 2641 supra
1041 2570 1293 2625 diximus.
1327 2567 1437 2624 Nec
1464 2569 1593 2623 illud
1618 2569 1873 2639 mysterio

293 2674 461 2719 vacat
492 2664 635 2733 quod
673 2662 871 2726 Juda-i,
916 2663 1040 2718 licet
1065 2662 1203 2716 mala
1231 2646 1330 2732 ipsi
1368 2663 1470 2716 hoc
1492 2661 1765 2715 Voluntate
1799 2660 1873 2716 fe—

293 2758 526 2820 cissent,
549 2754 830 2810 tradebant
859 2755 1138 2833 Dominum
1167 2752 1432 2825 gentibus.
1461 2751 1700 2821 Apostoli
1727 2751 1870 2805 enim

293 2861 365 2899 ex
396 2843 597 2898 ludatis
634 2844 997 2913 prtetlicabaut
1035 2841 1310 2896 Christum
1340 2841 1605 2912 gentibus,
1636 2839 1722 2893 ubi
1753 2854 1874 2894 cor-

292 2950 401 3008 pus
447 2937 585 3006 ejus,
634 2937 688 2990 id
739 2946 821 2990 est
870 2934 1129 2999 Ecclesia,
1171 2933 1353 2989 multis
1392 2949 1459 2989 ex
1508 2932 1598 2987 illo
1637 2942 1874 3004 tempore

293 3042 475 3098 usque
497 3027 549 3080 in
579 3025 891 3081 hodiernum
921 3025 1065 3079 diem
1083 3024 1313 3100 allicitur
1338 3024 1597 3099 adversis.
1618 3022 1719 3077 Per
1738 3023 1875 3077 ntul-

1980 1847 2264 1916 Nunquam
2303 1863 2431 1917 ergo
2470 1847 2643 1901 eidem
2684 1848 2907 1903 deerant
2947 1850 3109 1903 etiam
3155 1850 3359 1905 homini
3406 1851 3549 1907 facto
3573 1879 3586 1888 -

1978 1938 2217 2009 angelica
2253 1937 2568 2002 ministeria,
2601 1938 2794 2007 quibus
2839 1939 3097 2009 quidquid
3124 1938 3303 2005 vellet,
3339 1942 3544 1998 scilicet

1975 2028 2332 2097 omnipotens,
2365 2024 2624 2097 perlicere
2650 2039 2850 2099 posset.
2900 2029 3013 2085 Non
3059 2031 3218 2101 igitur
3244 2016 3547 2088 traderetur

1973 2117 2191 2183 Judreis,
2224 2120 2269 2174 si
2315 2120 2494 2184 nollet,
2534 2121 2621 2174 cui
2654 2120 2818 2175 millia
2858 2121 3083 2177 millium
3124 2130 3305 2179 astant
3332 2120 3545 2195 angelo-

1974 2226 2113 2265 rum.
2145 2210 2276 2266 Cum
2306 2211 2449 2265 enim
2475 2208 2673 2266 ludatis
2703 2212 2837 2267 tradi
2865 2213 3043 2289 vellet,
3072 2198 3339 2293 apparuit,
3373 2234 3545 2287 quan-

1974 2306 2085 2353 tum
2110 2299 2201 2354 ille
2230 2308 2355 2354 tunc
2379 2300 2612 2366 valebat,
2642 2310 2884 2371 potestas
2912 2300 3047 2370 ejus,
3078 2318 3201 2357 cum
3231 2305 3413 2360 audito
3437 2323 3549 2360 uno

1972 2390 2088 2460 ejus
2116 2378 2559 2446 verbo'abierunt
2588 2400 2911 2458 retrorsum,
2937 2402 2992 2448 et
3016 2395 3328 2450 ceciderunt
3357 2397 3409 2451 in
3439 2406 3548 2453 ter-

1972 2494 2109 2545 ram,
2140 2498 2261 2552 qua:
2286 2497 2401 2547 eos,
2435 2483 2481 2537 si
2508 2483 2622 2553 ipse
2649 2483 2824 2549 vellet,
2856 2484 3038 2539 statim
3064 2486 3215 2541 vivos
3237 2487 3545 2542 absorbuis-

1970 2578 2072 2625 set.
2104 2569 2209 2625 Sed
2236 2581 2289 2626 et
2315 2572 2418 2625 hoc
2444 2572 2509 2627 de
2532 2570 2734 2628 Judaais
2763 2564 2985 2644 intelligi
3022 2581 3230 2645 potest,
3262 2576 3405 2646 quod
3441 2575 3545 2632 Do-

1971 2660 2151 2715 minus
2178 2659 2255 2715 ait
2287 2679 2301 2715 :
2335 2660 2565 2732 Regnum
2604 2679 2775 2716 meum
2818 2681 2920 2718 non
2964 2674 3037 2719 est
3083 2665 3148 2721 de
3189 2667 3287 2721 hoc
3325 2669 3542 2723 mundo.

1971 2749 2107 2805 Nam
2132 2767 2253 2805 cum
2282 2751 2487 2807 Pilatus
2514 2753 2769 2818 dixisset,
2807 2752 2943 2809 Gens
2977 2765 3068 2809 tua
3094 2766 3143 2811 et
3176 2758 3441 2828 pontiﬁces
3469 2761 3545 2814 tui

1971 2840 2299 2895 tradiderunt
2333 2853 2381 2895 te
2408 2841 2571 2906 mihi;
2613 2841 2867 2913 Regnum,
2896 2844 3089 2913 inquit,
3139 2863 3309 2900 meum
3336 2863 3439 2900 non
3468 2856 3548 2902 est

1971 2930 2036 2985 de
2060 2931 2156 2984 ltoc
2180 2932 2395 2996 munde,
2428 2933 2481 2987 id
2507 2942 2620 2999 est,
2651 2933 2763 3002 jam
2801 2937 3038 3004 peccatis
3066 2952 3252 2992 eorum
3279 2940 3545 3010 exigenti-

1973 3022 2076 3076 bus
2106 3023 2172 3076 de
2208 3021 2310 3076 hoc
2350 3023 2551 3077 mundo
2584 3018 2889 3078 Iudaeorum
2934 3033 2987 3079 et
3014 3027 3323 3094 pontiﬁcium
3358 3046 3544 3084 eorum
3624 3084 3628 3089 ,

293 3131 402 3179 με,
444 3118 642 3187 inquit,
680 3118 998 3186 Apostolus,
1036 3115 1392 3191 tribulationes
1429 3125 1625 3184 oportet
1665 3132 1756 3169 nos
1794 3115 1873 3169 in-
1899 3105 1947 3169 C
1974 3128 2081 3167 non
2113 3119 2198 3167 est
2232 3127 2455 3181 regnum
2485 3129 2684 3167 nicum.
2726 3114 2978 3169 Ablatum
3006 3116 3150 3171 enim
3179 3128 3295 3195 erat
3324 3127 3451 3175 tunc
3477 3119 3551 3173 ah

288 3224 442 3265 παῖε
486 3213 538 3264 in
587 3228 798 3280 regnum
841 3208 954 3263 Dei.
999 3209 1111 3279 lpsa
1154 3210 1297 3263 enim
1338 3206 1595 3270 Ecclesia,
1636 3221 1754 3276 quas
1792 3216 1876 3261 est

294 3318 497 3369 corpus
532 3301 766 3364 Christi,
808 3316 1021 3369 semper
1058 3292 1227 3369 usque
1254 3299 1322 3354 ad
1352 3298 1510 3352 linem
1546 3286 1729 3351 mundi
1767 3312 1874 3352 non

295 3392 502 3446 desiuit
526 3392 990 3462 persecutionibus
1026 3391 1298 3454 laborare,
1336 3405 1455 3459 quae
1483 3378 1660 3443 tamen
1684 3403 1875 3444 omnes

296 3482 596 3536 novissimo
643 3472 1056 3536 resurrectionis
1093 3480 1332 3535 omnium
1376 3480 1464 3534 die
1507 3478 1777 3544 ﬁnientur,
1816 3488 1875 3535 et

298 3583 491 3644 postea
521 3588 793 3647 nunquam
821 3573 1013 3651 futurae
1039 3571 1380 3651 ittteternum
1408 3571 1713 3625 cessabunt.

878 3685 1114 3751 χ(ΞΑΡΗΤ
1152 3683 1289 3739 XIV.

378 3757 590 3811 Introiit
616 3758 800 3810 iterum
824 3774 882 3810 in
910 3756 1211 3826 pravtorium
1242 3753 1466 3819 Pilatus,
1494 3762 1541 3807 et
1570 3754 1764 3808 vocavit
1788 3752 1875 3807 Je-

303 3865 440 3910 sum,
468 3849 555 3919 qui
584 3846 720 3902 stetit
749 3846 868 3901 ante
895 3863 1048 3909 eum;
1085 3856 1130 3899 et
1162 3831 1496 3915 interrogavit
1538 3860 1654 3898 eum
1684 3861 1873 3914 prccscs

302 3943 479 3994 dicens
502 3955 521 3993 :
550 3938 627 3992 Tu
652 3956 706 3993 es
737 3955 827 3992 rea:
854 3937 1204 3992 Iudworum?
1235 3936 1375 3990 Dixit
1401 3929 1479 3989 illi
1504 3935 1659 3990 .lesus
1684 3954 1702 3989 :
1729 3935 1768 3986 Λ
1801 3945 1875 3988 te-

302 4032 521 4100 metipso
558 4031 653 4082 hoc
690 4029 844 4092 dicis;
882 4044 950 4080 an
988 4026 1081 4079 alii
1119 4026 1211 4079 tibi
1246 4027 1491 4079 dixerunt
1528 4025 1591 4078 de
1624 4026 1745 4078 me?
1776 4023 1878 4078 lie-

300 4122 509 4188 spondit
538 4120 739 4173 Pilatus
763 4134 781 4170 .'
803 4100 1060 4188 Nunquid
1087 4134 1179 4186 ego
1205 4116 1424 4170 Judteus
1452 4133 1567 4170 sunt
1584 4118 1609 4168 .’
1628 4114 1762 4169 Gens
1785 4126 1876 4169 tua

299 4220 349 4261 et
381 4209 652 4277 pontiﬁces
677 4208 1001 4261 tradiderunt
1035 4217 1083 4260 te
1110 4194 1422 4271 militauit!
1451 4205 1659 4272 fecisti?
1692 4204 1871 4276 (Joan.

288 4297 649 4352 umLStetit
686 4298 841 4353 Jesus
889 4307 1012 4375 ante
1054 4296 1365 4367 praesidem,
1411 4295 1575 4364 judcx
1615 4295 1875 4350 caelorum

295 4389 481 4457 justus
524 4395 647 4441 ante
679 4387 912 4457 judicem
954 4396 1111 4440 terra:
1156 4385 1418 4453 iniquum.
1460 4384 1629 4438 Adam
1670 4385 1875 4454 primus

1973 3202 2054 3259 eis
2081 3217 2307 3272 regnum
2340 3202 2467 3269 Dei,
2502 3211 2562 3258 et
2584 3204 2767 3261 datum
2796 3213 2881 3260 est
2907 3206 3055 3276 genti
3091 3205 3308 3264 facienti
3339 3206 3547 3265 fructus

1973 3294 2110 3365 ejus.
2201 3298 2204 3307 ‘

2043 3386 2189 3440 Dirit
2214 3387 2260 3440 ei
2288 3385 2497 3442 Pilatus
2520 3401 2539 3439 :
2563 3386 2705 3459 Ergo
2731 3405 2822 3443 rex
2847 3406 2901 3443 es
2926 3398 2983 3444 tu
2998 3391 3027 3444 ἵ
3053 3389 3331 3462 Respondit
3352 3392 3505 3447 Iesus
3527 3406 3546 3444 :

1976 3476 2053 3531 Tu
2082 3478 2232 3543 dicis,
2261 3478 2383 3549 quia
2408 3495 2499 3533 rea:
2521 3495 2636 3532 sum
2666 3496 2778 3550 ego.
2809 3479 2921 3550 Ego
2949 3478 3002 3533 in
3028 3481 3125 3535 hoc
3158 3492 3310 3536 natus
3334 3498 3469 3548 sum,
3497 3491 3546 3537 et

1971 3569 2043 3622 ad
2077 3570 2175 3623 hoc
2207 3570 2321 3623 veni
2363 3570 2417 3623 in
2454 3569 2726 3635 mundum,
2768 3580 2825 3623 ut
2867 3572 3215 3625 testimonium
3253 3572 3547 3638 perhibeom

1973 3661 2207 3725 veritati;
2237 3662 2403 3714 omnis
2432 3662 2588 3724 enim,
2618 3662 2707 3732 qui
2733 3671 2805 3715 est
2833 3678 2896 3715 ea:
2925 3664 3159 3726 veritate,
3196 3663 3344 3716 audit
3379 3679 3547 3717 meam

1972 3767 2163 3804 vocem.
2196 3750 2331 3805 Dicit
2355 3752 2404 3805 ei
2432 3749 2641 3805 Pilatus
2668 3766 2687 3803 :
2715 3752 2855 3818 Quid
2880 3763 2952 3807 est
2980 3755 3206 3808 veritas?
3225 3752 3290 3807 Et
3313 3748 3548 3807 cumlltoc

1973 3839 2205 3904 dixisset,
2238 3841 2424 3893 iterum
2452 3842 2608 3895 exivit
2642 3842 2710 3895 ad
2739 3842 2954 3896 Juda'os
2985 3842 3163 3913 (Joan.
3195 3842 3369 3913 xvtu).
3410 3841 3549 3912 Ego,

1974 3930 2148 4000 inquit
2173 3930 2447 3993 Dominus,
2482 3933 2535 3986 in
2566 3933 2662 3985 hoc
2692 3943 2844 3986 natus
2874 3949 2990 3986 sum
3011 3973 3025 3997 ,
3055 3942 3103 3986 et
3130 3933 3199 3986 ad
3223 3935 3320 3987 hoc
3348 3935 3459 3987 veni
3492 3935 3548 3987 in

1976 4023 2246 4089 mundum,
2275 4034 2331 4076 ut
2362 4024 2712 4078 testimonium
2745 4023 3037 4094 perhibeam
3070 4025 3290 4079 veritati.
3330 4025 3411 4080 At]
3447 4026 3549 4080 hoc

1977 4108 2136 4167 natus
2170 4122 2255 4167 est
2286 4114 2577 4178 Dominus,
2616 4123 2672 4169 et
2699 4116 2767 4170 ad
2801 4114 2902 4169 hoc
2933 4116 3082 4170 venit
3115 4116 3168 4169 in
3202 4118 3457 4171 mundum
3488 4128 3549 4172 ut

1978 4205 2280 4270 veritatem,
2304 4220 2423 4274 qua:
2446 4206 2559 4274 ipse
2580 4205 2838 4260 Dominus
2859 4213 2963 4270 est,
2988 4206 3185 4260 mundo
3204 4205 3544 4271 ostenderet;
3576 4244 3577 4251 η

1977 4295 2180 4349 veritas
2210 4302 2292 4349 est
2315 4296 2461 4349 enim
2490 4295 2638 4367 ipse,
2670 4305 2726 4350 et
2761 4294 2972 4349 veritati
3008 4296 3280 4365 perhibuit
3308 4297 3551 4351 testium-

1979 4385 2157 4449 nium,
2188 4384 2405 4454 quando
2435 4399 2557 4440 eam
2595 4385 2649 4439 in
2688 4385 2890 4440 mundo
2916 4386 3241 4456 praedicavit.
3272 4384 3438 4441 Vetus
3463 4387 3549 4442 lex

304 4455 470 4530 homo
504 4477 655 4529 stetit
682 4455 818 4531 ante
849 4477 1014 4530 Deum
1045 4475 1331 4544 superbus,
1374 4482 1430 4529 et
1467 4490 1733 4529 excusans
1758 4490 1815 4529 se
1842 4492 1873 4530 a
1906 4455 1954 4515 D
1979 4475 2134 4544 (ptasi
2157 4475 2399 4543 quaedam
2431 4476 2671 4529 membra
2700 4474 2864 4529 futuri
2889 4477 3152 4531 adventus
3174 4476 3373 4533 Christi
3393 4488 3547 4543 erat;

301 4575 528 4636 peccato
553 4566 694 4634 quod
712 4565 1087 4628 commiserat;
1125 4564 1396 4627 Dominus,
1429 4563 1753 4632 Redemptor
1777 4565 1876 4618 hu-

303 4656 452 4710 mani
488 4656 721 4725 generis,
753 4671 858 4709 non
889 4671 947 4710 se
972 4655 1274 4718 excusavit,
1303 4654 1394 4722 qui
1422 4654 1524 4707 sibi
1554 4654 1749 4707 nullius
1779 4671 1877 4706 un-

300 4761 468 4816 quam
511 4745 715 4815 pcceati
758 4744 1007 4800 conscius
1046 4754 1181 4808 erat,
1227 4745 1369 4821 quod
1414 4743 1613 4797 nullum
1642 4761 1876 4814 unquam

297 4838 672 4891 commiserat.
720 4836 791 4892 Ut
834 4844 1010 4891 autem
1055 4854 1150 4891 nos
1175 4826 1474 4893 humilitate
1504 4850 1599 4889 sua
1628 4850 1657 4887 a
1696 4845 1877 4887 misrru

295 4930 560 4997 superbia
590 4929 873 4994 liberaret,
917 4929 1165 4998 dignatus
1204 4938 1288 4982 est
1322 4926 1581 4995 judicium
1612 4925 1879 4979 sustinere

298 5021 650 5088 iniquorum,
691 5020 783 5089 qui
814 5011 1070 5073 venturus
1107 5027 1191 5073 est
1221 5015 1474 5087 judicare
1499 5030 1686 5070 omnes
1706 5014 1881 5084 justus

298 5121 361 5166 et
388 5112 623 5180 iniquos.

384 5202 671 5272 Respondit
699 5212 872 5256 autem
899 5202 1053 5256 Iesus
1082 5199 1259 5255 Pilato
1284 5214 1303 5251 :
1333 5196 1562 5269 Regnum
1584 5215 1755 5253 meum
1779 5216 1882 5253 non

298 5302 385 5345 est
426 5291 494 5344 de
531 5292 626 5346 hoc
665 5293 896 5358 mundo;
940 5294 985 5346 si
1030 5307 1094 5344 ea:
1126 5292 1222 5344 ltoc
1263 5290 1456 5344 mundo
1497 5301 1627 5344 esset
1668 5306 1881 5361 regnum

300 5400 508 5449 meum,
546 5386 773 5439 ministri
806 5386 905 5439 mei
945 5389 1120 5455 utique
1158 5385 1497 5451 decertarent,
1538 5395 1592 5437 ut
1633 5401 1736 5438 non
1773 5394 1883 5438 tra-

301 5476 468 5529 derer
505 5473 709 5530 Iudaeis
746 5490 766 5527 :
809 5493 945 5530 nunc
984 5486 1156 5530 autem
1197 5492 1409 5544 regnum
1450 5491 1618 5528 meum
1667 5491 1769 5528 non
1807 5482 1881 5528 est

304 5568 436 5622 hinc
463 5565 643 5637 (Joan.
676 5568 852 5641 xvun).
889 5566 1007 5621 Non
1038 5578 1131 5630 est,
1168 5567 1358 5636 inquit,
1385 5582 1594 5636 regnum
1622 5583 1789 5619 meum
1821 5565 1883 5618 de

307 5660 412 5713 hoc
446 5658 667 5725 mundo;
703 5661 826 5732 quia
856 5676 960 5716 non
998 5677 1060 5714 cx
1093 5659 1274 5719 nutn'fi
1305 5658 1657 5724 mortalitate,
1694 5658 1786 5713 sed
1816 5674 1880 5713 cx

1981 4564 2226 4618 Christus
2258 4572 2435 4618 autem
2468 4565 2578 4634 ipsa
2608 4566 2807 4619 veritas
2831 4575 2933 4620 est.
2968 4565 3181 4632 Omnis,
3221 4569 3423 4636 inquit,
3457 4572 3550 4639 qui

1979 4667 2052 4710 est
2073 4673 2138 4710 ea;
2162 4657 2391 4721 veritate,
2419 4656 2567 4710 audit
2590 4673 2759 4711 meam
2781 4674 2985 4721 vocem;
3013 4658 3105 4727 qui
3128 4659 3271 4712 enim
3300 4676 3367 4713 ex
3395 4662 3552 4716 Chri—

1982 4756 2067 4801 sto
2096 4748 2224 4801 etin
2251 4746 2469 4801 Christo
2498 4755 2601 4813 est,
2630 4747 2780 4801 audit
2810 4762 2993 4802 νουειη
3019 4749 3238 4804 Christi.
3275 4751 3381 4807 Nos
3404 4767 3552 4807 nam-

1982 4853 2086 4906 que
2112 4842 2295 4893 Sumus
2323 4838 2561 4895 membra
2588 4838 2734 4912 ejus,
2764 4837 2989 4908 ideoque
3015 4848 3069 4893 et
3094 4856 3281 4895 vocem
3311 4843 3428 4912 ejus
3455 4858 3550 4896 au-

1984 4928 2179 4991 dimus,
2210 4928 2263 4981 id
2291 4938 2397 4992 est,
2428 4909 2642 5003 veritati
2670 4944 2768 4981 nos
2788 4928 3001 4983 docenti
3027 4930 3316 4987 credimus.

2049 5016 2249 5070 Iterum
2274 5034 2395 5087 ergo
2422 5017 2573 5071 exivit
2603 5016 2811 5072 Pilatus
2838 5018 2906 5071 ad
2929 5018 3169 5084 Juda'os,
3199 5031 3247 5074 et
3271 5021 3404 5074 dixit
3431 5020 3505 5073 eis
3537 5034 3543 5040 '

1984 5108 2096 5179 Ego
2134 5107 2332 5162 nullam
2372 5110 2427 5162 in
2459 5125 2518 5162 eo
2546 5109 2758 5162 invenio
2784 5125 3017 5164 causam.
3059 5112 3123 5164 At
3163 5111 3241 5164 illi
3276 5110 3551 5165 invalesce—

1985 5200 2105 5252 bant
2135 5199 2361 5252 dicentes
2387 5213 2406 5250 :
2432 5198 2716 5253 Commovit
2741 5199 2987 5270 populum
3019 5219 3111 5272 per
3134 5203 3424 5256 universam
3451 5201 3552 5255 Ju-

1985 5292 2155 5345 dteam
2177 5291 2383 5354 docens,
2397 5302 2444 5344 et
2469 5291 2716 5361 incipiens
2738 5310 2769 5345 a
2786 5290 3006 5347 Calilwa
3030 5310 3188 5365 usque
3209 5295 3328 5347 huc.
3346 5290 3552 5348 Pilatus

1985 5394 2158 5436 autem
2179 5383 2396 5437 audiens
2416 5380 2691 5437 Galila’am
2713 5384 3042 5454 interrogavit
3062 5387 3106 5438 si
3126 5385 3278 5438 homo
3298 5384 3553 5439 Caliltrns

1985 5476 2156 5528 esset?
2184 5474 2252 5527 Et
2282 5484 2337 5527 ut
2366 5475 2600 5544 cognovit
2624 5474 2762 5545 quod
2787 5474 2852 5528 de
2877 5473 3102 5528 Herodis
3126 5484 3376 5544 potestate
3398 5488 3566 5538 esset,.

1985 5567 2181 5621 rentisit
2219 5583 2336 5620 eum
2376 5566 2445 5620 ad
2485 5563 2775 5631 Herodem,
2815 5565 2904 5634 qui
2941 5574 2988 5617 et
3032 5566 3138 5634 ipse
3182 5564 3571 5636 Hierosolymis.
3604 5600 3609 5609 ο

1986 5668 2095 5713 erat
2120 5655 2232 5733 illis
2260 5657 2457 5711 diebus.
2488 5654 2719 5711 Herodes
2750 5666 2917 5709 autem
2957 5671 3062 5710 vrso
3102 5655 3223 5710 .lesu
3250 5658 3460 5727 gavisus
3479 5664 3559 5711 est
