4008 6192
536 352 597 417 31
1222 365 1229 370 -
1626 346 1897 409 CANDlm
1930 344 2312 404 remensus
2345 294 2648 403 itouscm‘
2774 304 2782 313 ’
3688 352 3761 407 εκ

530 469 712 535 valde;
733 477 844 523 erat
864 467 1001 521 enim
1020 465 1228 535 cupiens
1248 480 1311 517 ea:
1336 462 1498 517 multo
1522 473 1746 534 tempore
1767 463 1934 518 videre
1953 479 2090 526 eunt,
2122 471 2169 528 Α
2196 458 2422 513 lectione
2446 458 2637 528 privati
2671 457 2899 531 [erant],
2924 460 3123 515 nullum
3173 462 3226 515 in
3274 477 3331 517 se
3371 462 3756 517 benevolentiae

528 579 588 620 eo
613 560 752 633 quod
780 558 985 613 audiret
1009 556 1173 611 multa
1202 556 1264 609 de
1290 548 1401 620 illo,
1430 565 1476 610 et
1502 556 1739 626 sperabat
1766 558 1968 627 signant
1996 557 2094 609 ali-

528 653 665 726 quod
686 651 804 720 ﬁeri
823 651 887 703 ab
910 664 989 703 eo.
1026 646 1385 717 Interrogabat
1416 657 1587 700 autem
1609 646 1753 700 illum
1783 647 1960 700 multis
1985 664 2091 699 ser-

527 740 762 796 monibus
778 756 798 803 ;
813 746 866 792 at
883 736 971 791 ille
984 728 1112 789 nihil
1134 735 1487 806 respondebat.
1519 733 1736 789 Stabant
1757 746 1930 789 autem
1951 737 2092 807 prin-

527 835 662 901 cipes
683 812 1008 885 sacerdotum
1030 837 1076 880 et
1099 827 1282 880 scribta
1302 835 1598 881 constanter
1614 838 1916 882 accusantes
1944 845 2086 881 cum.

527 921 728 991 Sprevit
767 929 939 973 autem
980 916 1127 972 illum
1176 914 1407 970 Herodes
1453 932 1567 969 cum
1610 917 1835 969 exercitu
1876 932 1999 980 suo,
2044 927 2091 970 et

522 1010 685 1063 illusit
713 1009 948 1062 indutum
976 1016 1110 1060 veste
1148 1004 1287 1071 alba,
1320 1014 1366 1059 et
1411 1006 1602 1058 remisit
1641 1004 1708 1058 ad
1736 1004 1966 1060 Pilatum
1986 1047 2000 1071 ,
2042 1016 2088 1060 et

523 1101 649 1171 facti
674 1110 793 1154 sunt
828 1100 983 1153 amici
1012 1097 1242 1152 Herodes
1274 1106 1319 1151 et
1356 1087 1563 1150 Pilatus
1598 1099 1652 1150 iu
1681 1097 1791 1167 ipsa
1822 1098 1936 1161 die;
1969 1115 2089 1151 nam

521 1202 674 1247 antea
719 1192 916 1246 inimici
962 1200 1108 1244 erant
1152 1190 1218 1243 ad
1259 1190 1493 1259 invicem.
1539 1188 1718 1261 (Joan.
1757 1205 1918 1254 xvm;
1958 1188 2083 1242 Luc.

520 1284 705 1356 χχιιι).
737 1284 888 1349 Quod
925 1299 955 1337 a
988 1282 1215 1353 prteside
1240 1280 1544 1336 Judteorum
1571 1282 1802 1336 mittitur
1832 1282 2087 1336 Dominus

522 1376 589 1430 ad
615 1391 795 1446 regem
819 1376 1057 1445 gentium
1078 1416 1092 1439 ,
1136 1375 1263 1428 licet
1293 1374 1425 1443 ipsis
1454 1375 1838 1438 nescientibus,
1875 1373 2085 1442 signum

519 1466 621 1521 fuit
642 1465 782 1536 quod
809 1466 1055 1537 agebant,
1090 1466 1324 1533 scilicet,
1353 1465 1476 1534 quia
1506 1480 1536 1518 a
1569 1463 1767 1518 Judazis
1791 1463 2085 1533 pradican-

519 1557 619 1613 dus
639 1564 756 1612 erat
786 1557 1054 1621 Christus,
1083 1565 1137 1611 et
1167 1556 1320 1626 quasi
1353 1557 1600 1627 gentibus
1620 1556 1941 1623 mittendus;
1979 1556 2083 1609 ite-

517 1664 748 1718 rumque
781 1663 812 1702 a
850 1664 978 1719 rege
1003 1649 1239 1719 gentium
1268 1648 1335 1701 ad
1361 1647 1643 1717 praasidem
1674 1648 1966 1722 remittitur
1986 1647 2082 1703 Ju-

520 1740 787 1805 dzeorum,
830 1742 955 1810 quia
1003 1742 1057 1794 in
1098 1739 1203 1794 ﬁne
1246 1740 1450 1802 mundi,
1481 1740 1715 1794 intrante
1754 1740 2083 1808 plenitudine

2194 550 2369 604 locum
2399 550 2685 614 habebant,
2718 551 2801 604 vel
2852 553 3138 621 aequitatis,
3164 566 3274 623 qua
3310 556 3508 609 scirent
3541 556 3761 610 benefa-

2193 651 2393 695 ctorem
2424 657 2529 696 non
2553 657 2671 697 esse
2706 642 3089 697 damnandum.
3116 643 3247 697 Nam
3278 654 3332 698 et
3380 645 3495 714 ipse
3534 646 3758 715 gentilis

2190 747 2391 800 przeses
2412 730 2615 786 Pilatus
2635 732 2755 801 plus
2779 735 3019 803 aequitati
3065 735 3279 789 studere
3320 736 3621 801 videbatur,
3647 752 3758 805 qua

2190 819 2351 873 toties
2395 834 2519 873 eum
2571 820 2906 875 innocentem
2957 838 3199 877 asserere
3220 822 3532 878 conabatur.
3575 824 3755 889 Uade,

2191 912 2408 977 fratres,
2440 929 2812 986 quemcunque
2844 917 3111 973 dilectioni
3144 918 3237 973 Dei
3264 927 3317 974 et
3348 916 3599 976 fraterna:
3639 931 3753 976 stu-

2190 1002 2317 1057 dere
2348 1004 2591 1069 videatis,
2634 1021 2740 1059 non
2790 1007 3044 1063 dubitetis
3081 1006 3173 1063 Dei
3222 1023 3341 1065 esse
3390 1004 3643 1080 templum
3697 1020 3759 1067 et

2189 1092 2329 1159 quod
2355 1092 2587 1161 Spiritus
2615 1094 2711 1150 Dei
2734 1096 2943 1152 habitat
2969 1098 3022 1151 in
3048 1114 3142 1164 eo;
3172 1098 3262 1168 qui
3287 1108 3461 1154 autem
3489 1098 3757 1157 charitate

2187 1200 2389 1239 vacuus
2418 1193 2518 1248 est,
2553 1186 2753 1241 nullam
2782 1204 3020 1259 unquam
3046 1204 3229 1244 veram
3261 1184 3513 1244 virtutem
3548 1191 3757 1246 habere

2187 1274 2404 1345 poterit.
2459 1276 2630 1331 Corda
2684 1292 2813 1347 ergo
2864 1276 3199 1344 Judzcorum,
3244 1280 3507 1335 charitate
3556 1292 3753 1345 vacua,

2192 1366 2466 1421 Christum
2496 1384 2836 1439 nequaquam
2868 1386 3053 1425 amare
3081 1380 3360 1439 poterant;
3406 1371 3630 1441 ideoque
3671 1387 3759 1425 se—

2186 1457 2437 1513 ditiosum
2469 1458 2730 1515 latronem
2763 1461 2864 1515 sibi
2893 1460 3090 1516 dimitti
3117 1461 3445 1527 maluerunt,
3468 1478 3627 1533 quam
3655 1478 3759 1532 pa-

2185 1564 2321 1613 cem,
2347 1564 2465 1617 quia
2495 1549 2742 1608 Christus
2769 1560 2869 1617 est,
2905 1561 3108 1617 tenere,
3132 1553 3481 1622 reprobantes
3503 1568 3624 1608 eum
3654 1555 3756 1623 qui

2186 1639 2443 1694 sanitates
2460 1639 2689 1695 faciebat
2708 1641 2762 1696 in
2783 1643 2998 1712 populo,
3013 1643 3271 1714 eligentes
3284 1652 3460 1699 autem
3487 1644 3631 1700 illum
3656 1647 3756 1715 qui

2187 1729 2240 1781 in
2265 1730 2529 1786 seditione
2558 1733 2905 1789 homicidium
2931 1732 3151 1790 fecerat.
3180 1735 3451 1791 Barabbas
3482 1738 3758 1808 interpre-

514 1831 773 1900 gentium,
813 1808 991 1884 omnis
1016 1830 1179 1884 Israel
1210 1830 1388 1885 salvus
1415 1828 1524 1883 ﬁet.
1566 1829 1634 1883 Et
1668 1830 1795 1906 chti
1826 1842 1963 1895 sunt,
1996 1832 2081 1885 in-
2110 1808 2156 1867 Β
2187 1830 2329 1875 tam?
2346 1823 2489 1890 βίὶαδ
2505 1825 2734 1894 magistri
2755 1842 2967 1892 eorum;
2997 1827 3164 1882 ﬁlium
3189 1829 3429 1899 magistri
3462 1830 3543 1883 Slli
3569 1829 3755 1900 Elege-

514 1919 650 1986 quit,
681 1918 841 1972 amici
870 1918 1110 1973 Herodes
1144 1927 1199 1972 et
1233 1918 1455 1974 Pilatus.
1482 1918 1680 1987 lnjusta
1708 1919 1905 1974 Christi
1932 1922 2083 1976 dam-

513 2007 664 2062 natio
690 2007 977 2076 impiorum
1025 2022 1212 2078 regum
1240 2008 1403 2078 impia
1426 2008 1528 2063 fuit
1550 2017 1605 2063 et
1627 2009 1827 2078 perﬁda
1853 2026 2080 2066 concor-

513 2097 635 2162 dia;
682 2097 794 2161 sed,
822 2106 880 2151 ιιι
908 2097 1192 2153 Psalmista
1233 2099 1328 2165 ait,
1347 2098 1667 2154 Destruendi
1705 2109 1852 2166 sunt,
1891 2111 1947 2156 et
1975 2119 2080 2158 non

511 2188 834 2256 :edilicandi,
870 2191 1073 2244 inimici
1111 2191 1373 2245 veritatis.
1407 2190 1515 2246 Pax
1555 2193 1700 2247 enim
1729 2202 1811 2248 est
1838 2192 2083 2250 Christus

513 2280 826 2351 angelorum
854 2290 909 2333 et
943 2280 1249 2345 hominum,
1290 2282 1381 2351 qui
1420 2290 1599 2336 autem
1627 2284 1748 2352 paci
1776 2286 2082 2341 contrarius

512 2380 613 2438 est,
642 2374 848 2429 amicus
876 2390 975 2431 nec
1000 2390 1128 2429 suus
1148 2383 1326 2445 potest
1348 2390 1488 2442 esse,
1514 2370 1614 2433 nec
1640 2377 1884 2447 alicujus.

584 2462 792 2519 Pilatus
805 2474 975 2519 autem
985 2506 1000 2530 ,
1014 2467 1307 2520 convocatis
1328 2468 1645 2537 principibus
1657 2470 2009 2536 sacerdotum,
2033 2494 2045 2521 t
2061 2482 2079 2525 t

510 2556 921 2626 magistratibus,
944 2566 991 2610 et
1017 2555 1179 2627 plebe,
1205 2556 1336 2611 dixit
1364 2557 1433 2611 ad
1457 2558 1575 2613 illos
1606 2572 1624 2610 :
1653 2557 1925 2615 Obtulistis
1953 2563 2081 2616 mihi

510 2648 647 2701 hunc
669 2648 927 2701 hominem
953 2649 1106 2718 quasi
1131 2657 1442 2703 avertentem
1478 2649 1746 2719 papulum,
1773 2659 1821 2705 et
1846 2668 1960 2705 ecce
1986 2669 2079 2723 ego

508 2755 686 2794 coram
712 2740 853 2793 vobis
881 2741 1231 2811 interrogans,
1252 2741 1450 2796 nullam
1472 2759 1684 2796 causam
1709 2745 1878 2798 inveni
1906 2746 1961 2799 in
1980 2747 2078 2799 ho-

506 2831 647 2885 mine
670 2831 771 2884 isto
798 2831 961 2885 exhis
986 2832 1041 2885 in
1082 2833 1268 2905 quibus
1308 2849 1445 2887 nunc
1478 2835 1755 2901 accusatis,
1782 2836 1872 2891 sed
1918 2854 2080 2907 neque

508 2921 743 2977 Herodes
772 2936 791 2975 :
831 2939 950 2978 nam
977 2924 1151 2978 remisi
1171 2940 1257 2978 vos
1296 2924 1365 2978 ad
1390 2925 1560 2991 illum,
1587 2934 1635 2980 et
1665 2943 1782 2981 ecce
1824 2927 1954 2980 nihil
1998 2928 2078 2981 di-

505 3028 665 3081 gnum
688 3021 853 3066 morte
872 3021 1045 3066 actum
1074 3022 1150 3067 est
1176 3014 1223 3067 ei
1238 3029 1259 3078 ;
1291 3014 1621 3069 emendatum
1646 3031 1767 3086 ergo
1805 3015 1955 3070 illum
1996 3016 2077 3071 di-

506 3103 732 3156 mittam.
769 3100 877 3157 Per
902 3103 1039 3156 diem
1075 3113 1248 3157 autem
1281 3104 1559 3159 solemnem
1585 3117 1918 3161 consueverat
1945 3124 2077 3176 prav-

505 3209 586 3247 ses
605 3191 863 3247 dimittere
894 3193 1085 3263 populo
1127 3210 1287 3248 unum
1326 3197 1548 3249 vinctum
1597 3213 1746 3267 quem
1771 3196 2072 3253 voluissent.

509 3281 783 3337 Habebunt
809 3293 981 3337 autem
1010 3294 1133 3339 tunc
1154 3285 1378 3339 vinctum
1397 3287 1669 3358 insignem,
1697 3288 1785 3359 qui
1807 3288 2076 3345 dicebatur

505 3373 798 3439 Barabbas,
817 3375 907 3444 qui
932 3390 1047 3428 cum
1077 3374 1334 3430 seditiosis
1361 3382 1473 3430 e'rat
1500 3378 1721 3443 vinctus,
1737 3379 1826 3448 qui
1853 3379 1907 3432 in
1933 3380 2073 3434 sedi-

507 3466 647 3519 tione
673 3465 866 3536 fecerat
894 3465 1253 3521 homicidium.
1287 3466 1356 3520 Et
1393 3483 1510 3520 cum
1555 3467 1866 3522 ascendisset
1899 3470 2075 3534 turba,

506 3558 654 3627 capit
677 3573 878 3627 rogare,
899 3558 1031 3612 sicut
1055 3574 1255 3629 semper
1275 3558 1496 3628 faciebat
1518 3558 1644 3613 illis.
1670 3558 1876 3615 Pilatus
1900 3574 2075 3616 autem

506 3649 829 3719 congregatis
856 3648 961 3702 illis
981 3647 1114 3703 dixit
1141 3665 1158 3702 :
1190 3648 1284 3702 Est
1311 3650 1653 3714 consuetudo,
1671 3661 1724 3704 ut
1748 3668 1909 3705 unum
1936 3652 2075 3706 vobis

504 3739 764 3793 dimittam
814 3740 869 3794 in
921 3739 1165 3805 Pascha;
1204 3757 1354 3812 quem
1399 3740 1553 3795 vultis
1607 3741 1867 3795 dimittam
1912 3742 2073 3809 vobis,

503 3829 833 3897 Barabbam,
863 3848 933 3886 an
971 3830 1153 3886 Iesum
1192 3832 1280 3902 qui
1327 3831 1522 3886 dicitur
1562 3829 1836 3888 Christus?
1870 3833 2075 3889 Sciebat

505 3924 643 3978 enim
671 3923 810 3995 quod
836 3940 929 3994 ρει·
968 3923 1218 3977 invidiam
1256 3923 1593 3977 tradidissent
1625 3940 1759 3977 eum.
1793 3921 2076 3994 Pontifices

504 4024 681 4069 autem
722 4014 1110 4069 concitaverunt
1149 4014 1354 4068 turbam
1386 4023 1439 4067 ut
1486 4025 1709 4085 peterent
1758 4012 2073 4081 Barubbam,

502 4105 685 4161 Iesum
713 4117 885 4161 autem
905 4107 1193 4177 perderent.
1222 4106 1549 4162 Exclamavit
1575 4118 1748 4162 autem
1769 4108 1925 4161 simul
1966 4110 2080 4162 uni-

502 4213 650 4251 versa
673 4197 825 4250 turba
860 4197 1037 4251 dicens
1061 4211 1079 4248 :
1111 4195 1254 4252 Tolle
1277 4198 1414 4251 hunc
1432 4237 1446 4261 ,
1474 4208 1520 4251 et
1549 4198 1751 4253 dimitte
1775 4200 1921 4253 nobis
1942 4198 2078 4252 Bar-

504 4287 723 4352 abbam;
768 4287 900 4342 dixit
944 4288 1049 4341 illis
1092 4285 1297 4341 Pilatus
1328 4302 1346 4339 :
1386 4289 1525 4353 Quid
1570 4290 1735 4358 igitur
1776 4292 1969 4359 faciam
2013 4292 2079 4346 de

503 4376 656 4441 Iesu,
693 4378 783 4447 qui
826 4377 1021 4430 dicitur
1049 4376 1328 4429 Christus?
1367 4376 1560 4430 Dicunt
1594 4395 1769 4431 omnes
1800 4394 1817 4432 :
1848 4378 2076 4448 Cruciﬁ-

2183 1920 2311 1967 runt
2337 1914 2525 1980 Judzei,
2562 1917 2613 1972 id
2641 1926 2724 1974 est
2760 1919 2987 1985 diaboli;
3030 1920 3144 1990 ipse
3181 1921 3341 1983 enim,
3387 1929 3446 1974 ut
3491 1920 3760 1976 Dominus

2182 2006 2278 2071 ait,
2300 2006 2561 2061 homicida
2589 2019 2700 2063 erat
2725 2009 2788 2063 ab
2802 2011 2953 2065 initio
2977 2021 3025 2064 et
3055 2012 3108 2064 in
3131 2011 3343 2064 veritate
3381 2027 3484 2065 non
3517 2011 3673 2065 stetit.

2765 2122 2995 2178 CAPUT
3018 2108 3147 2177 ‘xv.

2246 2188 2398 2243 Tunc
2422 2207 2541 2260 ergo
2562 2192 2896 2262 apprehendit
2923 2192 3131 2248 Pilatus
3154 2191 3357 2258 Iesum,
3372 2203 3420 2247 et
3443 2194 3756 2265 ﬂagellavit,

2180 2288 2227 2332 et
2254 2279 2442 2334 milites
2471 2280 2745 2351 plectentes
2782 2301 3028 2339 coronam
3077 2284 3140 2339 de
3177 2286 3338 2356 spinis
3387 2286 3756 2356 imposuerunt

2180 2370 2337 2438 capiti
2372 2370 2486 2438 ejus
2508 2411 2522 2436 ,
2552 2380 2599 2425 et
2640 2383 2776 2427 veste
2809 2390 3072 2444 purpurea
3108 2374 3555 2428 circumdederunt
3592 2390 3715 2429 eum
3737 2415 3757 2439 ,

2179 2471 2225 2512 et
2253 2450 2517 2516 veniebant
2541 2465 2610 2516 ad
2635 2479 2775 2529 eum,
2793 2474 2842 2518 et
2863 2465 3099 2519 dicebant
3133 2481 3153 2520 :
3182 2466 3414 2532 Ave,rea:
3432 2465 3757 2519 Judworum

2181 2553 2361 2624 (Joan.
2403 2555 2537 2629 χιιι).
2580 2557 2726 2612 More
2766 2557 3131 2613 Romanorum
3177 2557 3307 2613 fecit
3353 2560 3456 2613 hoc
3495 2558 3702 2612 Pilatus
3732 2598 3751 2623 ,

2180 2662 2303 2702 cum
2335 2647 2517 2703 Iesum
2546 2664 2695 2717 reum
2729 2650 3043 2718 aestimaret,
3083 2651 3247 2707 voluit
3286 2650 3507 2724 ﬂagellis
3528 2652 3757 2707 modum

2180 2739 2349 2811 culpae
2373 2755 2471 2809 pro
2496 2756 2602 2809 qua
2633 2742 2735 2796 sibi
2758 2742 3075 2805 traderetur,
3102 2742 3404 2812 inquirere;
3447 2744 3539 2799 sed
3565 2743 3757 2797 divina

2179 2842 2276 2881 sua
2323 2829 2666 2898 dispensante
2709 2829 2929 2898 pietate,
2962 2829 3063 2884 hoc
3105 2846 3202 2899 pro
3244 2832 3398 2887 nobis
3429 2845 3595 2902 genus
3620 2846 3761 2901 sup—

2177 2908 2322 2986 plicii
2361 2919 2629 2973 sustinere
2652 2919 2902 2990 dignatus
2922 2928 3005 2974 est
3030 2918 3297 2987 Christus,
3322 2930 3381 2976 ut
3416 2922 3600 2992 plagas
3620 2936 3761 2990 peen

2177 3015 2441 3073 calorum,
2472 3022 2591 3077 qua}
2620 3009 2995 3064 contraximus
3019 3049 3032 3075 ,
3070 3010 3182 3064 suis
3228 3012 3600 3065 innocentibus
3651 3025 3761 3064 cu-

2179 3103 2323 3151 raret
2350 3096 2680 3153 vulneribus.
2719 3096 2825 3153 Sed
2859 3106 2913 3153 et
2942 3099 3165 3171 mystice
3208 3100 3309 3167 hoc
3336 3098 3477 3154 facto
3506 3099 3662 3153 Pilati
3695 3109 3762 3156 et

2178 3190 2408 3245 militum
2435 3191 2802 3245 Romanorum
2845 3192 3229 3263 designabatur
3273 3192 3509 3247 futurum
3549 3206 3762 3261 corpus

2177 3285 2401 3351 Christi,
2436 3285 2489 3339 id
2538 3293 2621 3340 est
2666 3284 2960 3339 Ecclesiam
2990 3325 3003 3350 ,
3049 3284 3421 3355 frequentibus
3465 3284 3756 3355 gentilium

2177 3377 2640 3447 persecutionibus
2679 3378 2832 3446 quasi
2878 3375 3103 3447 ﬂagellis
3139 3392 3259 3433 esse
3302 3377 3639 3442 laniandam;
3692 3386 3755 3432 et

2178 3476 2383 3532 tamen,
2404 3468 2618 3523 eosdem
2650 3468 2741 3537 qui
2789 3468 3277 3537 persequebantur,
3306 3476 3489 3538 postea
3522 3467 3575 3521 in
3619 3482 3755 3521 eum

2178 3557 2509 3623 credituros,
2541 3572 2829 3627 regemque
2868 3557 3052 3628 gloriae
3095 3561 3433 3613 adoraturos.
3466 3556 3646 3612 Potest
3693 3566 3758 3639 et

2176 3668 2274 3722 per
2286 3654 2526 3722 spineam
2548 3666 2801 3707 coronam
2824 3652 2985 3721 capiti
3013 3651 3212 3706 Christi
3243 3649 3545 3722 impositam
3568 3648 3765 3705 scelus

2178 3743 2492 3798 idololatriae
2516 3743 2814 3814 designari,
2846 3758 2949 3812 qua
2974 3753 3162 3814 gentes
3184 3759 3367 3799 veram
3415 3740 3529 3810 ejus
3573 3741 3757 3797 deita-

2178 3844 2285 3889 tem
2318 3834 2627 3902 ignorantes
2679 3834 2847 3889 variis
2901 3834 3163 3890 idolorum
3205 3834 3471 3905 ﬁgmentis
3506 3833 3756 3888 divinum

2176 3938 2371 3977 nomen
2412 3922 2799 3993 imposuerunt.
2830 3924 2989 3979 Veste
3030 3933 3209 3979 autem
3253 3937 3521 3994 purpurea
3551 3937 3759 3992 corpus
3814 3926 3819 3929 ’

2176 4014 2373 4071 Christi
2429 4015 2825 4071 circumdantes
2871 4013 3157 4071 ell‘usiones
3194 4014 3470 4085 sangumis
3493 4012 3756 4079 crebras,

2178 4107 2286 4161 imo
2321 4106 2605 4161 continuas
2635 4120 2665 4158 a
2696 4105 2955 4175 sanguine
2982 4106 3115 4162 Abel
3145 4105 3276 4177 justi
3325 4120 3495 4175 usque
3530 4103 3594 4158 ad
3623 4119 3758 4158 san-

2176 4198 2390 4269 guinem
2422 4197 2586 4266 ipsius
2601 4196 2835 4261 Domini,
2850 4204 2903 4251 et
2921 4194 3036 4264 ejus
3056 4196 3295 4266 corporis
3311 4195 3756 4266 prieligurabant,

2177 4288 2373 4357 quibus
2412 4287 2687 4340 innoxium
2732 4295 3045 4341 sanctorum
3071 4285 3385 4354 sanguinem
3416 4283 3760 4340 eiiundentes

2178 4393 2373 4447 corpus
2418 4377 2642 4440 Christi,
2676 4376 2729 4430 id
2773 4385 2856 4431 est
2907 4376 3224 4441 Ecclesiam,
3253 4376 3755 4431 circumdederunt.

504 4480 680 4538 gatur.
709 4466 794 4519 Ait
824 4464 931 4519 illis
955 4469 1145 4535 prceses
1169 4480 1187 4517 :
1227 4465 1367 4531 Quid
1391 4469 1526 4519 enim
1556 4467 1685 4520 mali
1716 4468 1876 4541 fecit?
1902 4469 1967 4523 At
1994 4470 2073 4523 illi
2099 4502 2151 4560 Ι)
2249 4470 2392 4524 Exiit
2430 4486 2549 4539 ergo
2590 4471 2795 4559 iterum
2816 4465 3025 4523 Pilatus
3062 4468 3226 4538 foras,
3249 4478 3295 4522 et
3324 4469 3457 4524 dixit
3493 4466 3701 4522 Judtcis
3733 4480 3755 4519 :

505 4557 673 4628 magis
697 4556 993 4612 clamabant
1017 4557 1242 4610 dicentes
1270 4571 1288 4609 .'
1320 4556 1690 4627 Cruci/igalur.
1722 4558 1874 4630 (Luc.
1899 4577 2032 4615 χχιιι
2056 4578 2070 4626 ;

505 4647 695 4702 Matth.
727 4663 902 4713 xxvn;
945 4646 1113 4701 Marc.
1147 4648 1256 4717 xv).
1289 4648 1440 4714 Quod
1478 4656 1625 4702 tanto
1669 4650 1793 4704 odio
1818 4650 2077 4705 ardebant

502 4739 731 4811 populus
755 4749 811 4795 et
829 4740 1097 4810 principes
1119 4740 1423 4796 Iudaeorum
1445 4750 1629 4796 contra
1656 4740 1860 4809 Jcsum,
1875 4753 1934 4799 ut
1950 4761 2073 4800 eum

504 4832 667 4888 morti
695 4831 987 4897 traderent,
1012 4832 1145 4885 nihil
1169 4832 1309 4886 aliud
1332 4820 1509 4888 causa:
1538 4833 1658 4898 fuit,
1693 4836 1793 4890 nisi
1825 4837 1950 4905 quia
1974 4837 2074 4905 ipsi

502 4922 748 4978 veritatis
776 4922 978 4978 inimici
1018 4923 1298 4977 veritatem
1328 4933 1646 4993 praesentem
1677 4928 1943 4981 sustinere
1967 4945 2073 4982 non

504 5023 824 5086 potuerunt;
866 5014 960 5069 sed
986 5024 1042 5068 et
1067 4998 1192 5069 ante
1218 5016 1358 5070 actis
1383 5030 1570 5070 eorum
1614 5018 1851 5085 peccatis
1897 5025 2074 5069 actum

503 5118 589 5164 est
613 5117 672 5163 ιιι
698 5124 731 5163 a
759 5108 1011 5163 cordibus
1040 5123 1226 5163 eorum
1273 5109 1449 5162 omnis
1493 5108 1586 5162 Dei
1636 5116 1690 5161 et
1724 5108 1952 5179 proximi
1999 5108 2081 5162 di-

498 5199 668 5254 lectio
693 5198 988 5255 recederet.
1018 5197 1076 5253 Si
1104 5199 1247 5253 enim
1276 5198 1445 5252 Deum
1476 5198 1779 5269 diligerent,
1808 5213 1931 5251 eum
1985 5197 2077 5265 qui

505 5291 586 5346 eis
631 5292 725 5346 Dei
761 5290 1016 5345 mandata
1045 5290 1285 5359 quotidie
1330 5292 1529 5344 docens
1563 5290 1615 5343 in
1656 5289 1852 5358 templo
1887 5287 2075 5358 pra:di-

507 5381 685 5445 cabat,
707 5395 1045 5450 nequaquam
1076 5388 1556 5449 persequerentur;
1586 5386 1679 5432 aut
1704 5378 1749 5433 si
1775 5377 2077 5446 proximum

507 5470 811 5541 diligerent,
841 5471 1226 5527 beneﬁciorum
1254 5468 1371 5537 ejus
1398 5483 1679 5529 memores,
1705 5469 1900 5538 quibus
1922 5467 2079 5522 caseis

508 5566 705 5628 visum,
732 5573 786 5617 et
817 5565 1025 5620 claudis
1054 5576 1320 5634 gressum,
1363 5570 1418 5615 et
1457 5561 1587 5630 ipsis
1636 5559 1866 5614 mortuis
1914 5557 2077 5611 vitam

509 5654 767 5710 reddebat
784 5656 1058 5716 amissam,
1078 5655 1145 5708 ab
1164 5653 1281 5723 ejus
1310 5651 1681 5721 persecutione
1705 5649 1965 5704 desistere
1987 5661 2080 5716 po-

511 5746 757 5803 tuissent.
802 5747 908 5803 Sed
958 5748 1105 5817 quia,
1147 5754 1207 5800 ut
1239 5745 1493 5810 diximus,
1534 5741 1710 5797 Dei-et
1738 5738 1971 5810 proximi
1999 5739 2079 5794 di-

2184 4560 2319 4615 Ecce
2343 4559 2546 4614 adduco
2581 4549 2868 4613 vobiscum
2894 4559 3039 4628 foras
3060 4599 3075 4624 ,
3099 4567 3155 4612 ut
3192 4556 3512 4629 cognoscatis
3541 4559 3661 4630 quia
3696 4559 3762 4613 in

2181 4668 2239 4704 co
2270 4649 2470 4704 nullam
2511 4665 2722 4703 causam
2767 4647 2990 4702 invenio.
3029 4646 3174 4715 Exiit
3201 4663 3323 4717 ergo
3352 4647 3508 4701 Jesus
3535 4657 3759 4718 portans

2179 4740 2412 4809 spineam
2427 4755 2691 4800 coronam,
2715 4748 2762 4791 et
2786 4752 3102 4808 purpureum
3123 4738 3496 4791 vestimentum.
3518 4736 3587 4789 Et
3615 4736 3760 4790 dixit

2180 4833 2293 4885 eis:
2322 4831 2459 4885 Ecce
2483 4833 2657 4885 homo.
2698 4830 2851 4885 .Cum
2885 4847 3005 4901 ergo
3047 4831 3289 4885 vidissent
3327 4847 3441 4884 eum
3483 4829 3762 4899 pontiﬁces

2178 4934 2226 4977 et
2280 4924 2506 4976 ministri
2528 4964 2542 4987 ,
2565 4920 2863 4976 clamabant
2901 4923 3125 4976 dicentes
3156 4936 3173 4973 :
3204 4921 3479 4991 Cruciﬁge,
3505 4920 3763 4990 cruciﬁge

2177 5028 2316 5065 eum.
2339 5011 2488 5065 Dixit
2508 5012 2581 5064 eis
2603 5008 2810 5065 Pilatus
2832 5024 2850 5061 :
2875 5012 3101 5081 Accipite
3120 5027 3237 5067 eum
3258 5027 3343 5065 vos
3362 5021 3409 5064 et
3430 5011 3761 5079 cruciﬁgite;

2152 5118 2269 5169 ego
2306 5101 2444 5154 enim
2479 5116 2580 5153 non
2631 5100 2834 5153 invenio
2878 5101 2932 5153 in
2976 5117 3035 5154 eo
3078 5117 3313 5154 causam.
3358 5099 3764 5169 Responderunt

2179 5193 2224 5245 ei
2253 5191 2432 5244 Juda’i
2454 5204 2473 5241 :
2504 5187 2616 5244 Nos
2644 5189 2890 5245 habemus
2931 5190 3124 5262 legem,
3169 5200 3217 5244 et
3269 5190 3551 5244 secundum
3589 5187 3766 5258 legem

2180 5285 2324 5336 debet
2348 5282 2639 5353 mori,quia
2667 5280 2867 5336 Filium
2890 5282 2987 5337 Dei
3010 5284 3131 5353 fecit
3152 5298 3206 5335 se
3245 5280 3426 5351 (Joan.
3450 5282 3583 5350 xix).
3608 5278 3768 5336 More

2185 5389 2284 5428 suo
2329 5373 2558 5443 populus
2604 5372 2908 5427 Judzeorum
2961 5373 3130 5443 legem
3179 5371 3358 5426 verbis
3404 5370 3598 5434 tenuit,
3647 5385 3766 5425 non

2183 5463 2379 5526 factis;
2410 5463 2504 5516 sed
2530 5463 2617 5517 hic
2644 5461 2778 5517 falso
2804 5464 2976 5534 legem
3005 5478 3166 5531 quam
3197 5469 3566 5531 susceperant,
3591 5474 3768 5529 expo-

2183 5562 2413 5609 suerunt
2453 5553 2712 5616 dicentes,
2744 5553 3017 5609 Cbristum
3050 5553 3170 5607 ideo
3213 5552 3348 5606 mori
3390 5552 3604 5613 debere,
3628 5553 3768 5619 quia

2183 5646 2381 5700 Filium
2410 5645 2502 5698 Dci
2524 5661 2582 5700 se
2606 5643 2840 5701 fecisset.
2884 5644 3017 5698 Nam
3061 5643 3480 5721 ipseﬁominns
3509 5643 3561 5695 in
3592 5642 3713 5711 lege
3752 5661 3768 5698 :

2186 5736 2375 5804 Filios,
2400 5736 2592 5806 inquit,
2624 5738 2794 5806 genui,
2822 5746 2868 5791 et
2912 5734 3156 5790 exaltari.
3200 5736 3298 5800 Et,
3344 5732 3454 5804 Ege
3493 5734 3635 5787 dixi:
3666 5733 3770 5788 Dii
