4064 6190
334 352 410 410 89
1211 354 1221 362 '
1319 342 1729 403 OPUSCULUM
1768 343 1851 397 DE
1887 342 1908 396 ῐ

2005 337 2214 394 iSlONE
2250 331 2503 392 DOMINI.
3480 333 3550 388 90

339 459 470 520 estis
504 473 551 518 et
581 456 677 532 ﬁlii
713 458 943 516 Excelsi.
984 454 1076 523 Et,
1125 458 1294 513 Filius
1345 475 1486 512 meus
1526 453 1892 527 primogenitus
1921 455 1967 513 Α
1998 448 2245 503 tribunali
2269 447 2410 500 misit
2434 445 2499 498 ad
2531 458 2651 498 cum
2675 457 2804 496 uxor
2828 441 2942 532 cjtts
2988 437 3244 532 diceusut
3272 438 3402 497 nihil
3426 444 3547 513 mali

342 553 538 610 Israel.
574 552 679 606 Et:
709 551 795 605 EI
822 551 1051 620 zEggpto
1092 550 1261 604 vocavi
1292 549 1459 617 ﬁlium
1499 558 1689 627 meum.
1726 541 1793 595 Et
1833 540 1899 593 ad

343 640 522 717 ipsum
569 643 851 698 Dominum
898 651 1138 696 nostrum
1187 640 1369 694 desum
1403 636 1672 718 Christum
1721 632 1895 687 dixit:

341 736 520 790 Filius
547 748 689 789 meus
720 752 771 789 es
801 745 878 799 tu,
905 750 996 803 ego
1024 734 1176 787 hodie
1204 734 1355 803 genui
1384 742 1453 785 te.
1477 728 1753 796 Quomodo
1775 734 1900 794 ergo

338 825 639 880 secundum
660 824 829 894 legem
852 823 1279 891 moreretur,qui
1301 813 1493 876 Filium
1520 816 1614 872 Dei
1649 832 1706 871 se
1739 815 1899 869 fecis-

337 926 447 981 set,
472 931 596 970 cum
620 915 732 982 ipse
763 915 902 968 Deus
924 911 1085 967 Pater
1114 914 1270 967 toties
1293 928 1412 967 eum
1440 910 1631 964 Filium
1658 908 1901 968 dixisset,

338 1015 397 1059 et
429 1016 537 1059 nan
573 1005 745 1058 solum
774 1005 943 1069 illum,
972 1006 1065 1058 sed
1090 1012 1142 1058 et
1172 1002 1500 1057 totamillam
1529 999 1733 1069 plebem
1763 1009 1903 1065 saepe

338 1095 578 1149 ﬁliorum
618 1096 833 1149 numine
862 1092 1124 1164 appellat?
1151 1094 1265 1148 Non
1294 1093 1455 1163 igitur
1479 1107 1575 1161 pro
1602 1091 1703 1144 hoc
1723 1088 1906 1144 debuit

340 1186 502 1246 mori,
534 1185 659 1254 quia
686 1182 880 1238 Filium
918 1182 1009 1238 Dei
1037 1200 1093 1239 se
1118 1181 1261 1247 fecit,
1295 1184 1435 1252 quod
1467 1194 1590 1236 vere
1615 1185 1749 1234 erat.

412 1272 544 1330 Cum
576 1290 697 1344 ergo
723 1264 951 1327 audisset
978 1270 1182 1327 Pilatus
1221 1273 1357 1326 hunc
1397 1280 1700 1330 serntonem,
1739 1267 1903 1337 magis

337 1362 551 1429 timuit;
597 1374 644 1417 et
672 1364 929 1433 ingressus
952 1373 1023 1417 est
1052 1364 1349 1433 primarium
1382 1359 1585 1420 iterum,
1603 1369 1649 1413 et
1677 1356 1808 1412 dixit
1834 1353 1904 1410 ad

337 1449 545 1508 Iesum.
580 1451 727 1507 Unde
749 1471 802 1509 es
827 1455 926 1507 tu?
970 1454 1124 1508 Iesus
1150 1462 1322 1506 autem
1356 1462 1654 1521 responsum
1690 1463 1791 1501 non
1817 1447 1906 1501 de-

337 1544 416 1597 dit
446 1546 495 1598 ei
527 1544 707 1616 (Joan.
737 1543 873 1615 ιιι).
900 1544 980 1599 Ad
1007 1552 1198 1599 caatera
1242 1543 1402 1596 verba
1439 1535 1595 1595 Pilati
1650 1537 1905 1593 Dominus

339 1636 628 1703 aliquoties
652 1635 955 1705 respondit;
994 1635 1088 1690 sed
1118 1646 1238 1689 eam
1271 1631 1339 1687 ab
1374 1645 1438 1686 eo
1483 1631 1906 1699 interrogaretur

340 1727 488 1781 unde
516 1735 677 1787 esset,
705 1742 810 1780 non
838 1725 887 1780 ei
911 1718 1214 1793 respondit;
1255 1723 1379 1792 quia
1402 1733 1506 1775 non
1535 1735 1656 1774 eum
1685 1719 1902 1787 dignum

1999 536 2374 604 fecissetjusto
2408 534 2503 588 illi.
2539 534 2761 587 Putatur
2787 546 2816 584 a
2842 531 3021 585 multis
3054 531 3444 601 dialmlgmjam
3474 534 3553 587 in-

2001 622 2235 698 telligere
2282 624 2508 694 coepisse
2546 621 2845 691 profectum
2896 620 3162 690 passionis
3211 622 3448 687 Domini,
3499 634 3554 678 et

1999 719 2125 789 quid
2160 719 2390 770 humano
2418 713 2600 784 generi
2648 706 2772 766 boni
2818 710 3053 764 futurum
3084 728 3150 766 ex
3207 727 3268 765 ea
3312 723 3476 777 esset,
3507 723 3561 768 et

2001 809 2233 863 suasisse
2293 802 2505 860 feminae
2559 810 2618 856 ut
2672 801 2964 871 impediret.
3016 802 3301 856 utilitatem
3367 806 3559 858 mortis

2000 898 2217 954 Christi.

2074 989 2216 1042 Dixit
2251 989 2324 1042 eis
2351 981 2555 1040 Pilatus
2579 1002 2598 1038 :
2615 984 2799 1053 Regem
2822 994 3040 1038 oestrum
3065 987 3365 1056 crueiﬁgam
3384 988 3409 1040 ἒ)
3453 987 3557 1041 Re-

2001 1079 2314 1150 sponderunt
2340 1076 2603 1147 pontiﬁces
2638 1089 2656 1126 .'
2699 1075 2820 1128 Non
2846 1075 3092 1128 habemus
3129 1092 3293 1145 regem
3321 1078 3418 1129 nisi
3444 1076 3561 1131 Cat—

2001 1184 2189 1223 sarem.
2220 1166 2332 1221 Hoc
2356 1175 2438 1220 est
2465 1166 2605 1235 quod
2651 1165 2908 1218 Dominus
2958 1179 3117 1233 supra
3167 1166 3377 1219 dixerat
3410 1187 3423 1220 :
3457 1167 3556 1220 Rc—

2001 1260 2397 1330 gnum,inquit,
2428 1273 2595 1311 meum
2632 1273 2733 1309 non
2778 1267 2851 1309 est
2891 1256 2955 1309 de
2997 1257 3094 1309 hoc
3147 1257 3373 1327 mundo;
3436 1275 3559 1311 nam

2002 1352 2249 1414 mundus,
2281 1350 2367 1404 ille
2407 1349 2632 1420 populus
2650 1345 2897 1401 videlicet
2926 1347 3171 1411 infidelis,
3198 1360 3375 1415 regem
3401 1349 3562 1403 Chri-

2002 1450 2142 1495 stum
2187 1448 2463 1510 negantes,
2509 1437 2856 1492 subdiderunt
2905 1453 2963 1492 se
3009 1453 3173 1508 regno
3215 1437 3463 1502 Caesaris,
3491 1455 3560 1493 ne

2003 1530 2433 1599 fierentrcgnum
2464 1528 2576 1583 Dei.
2616 1527 2722 1581 Nos
2761 1536 2938 1581 autem
2969 1543 2999 1581 e
3025 1529 3325 1592 contrario,
3359 1528 3555 1583 fratres

2001 1620 2129 1684 mel,
2159 1619 2397 1689 quotidie
2427 1618 2480 1671 in
2524 1618 2765 1671 oratione
2793 1632 3076 1687 precamur
3102 1627 3157 1671 nl
3188 1620 3438 1673 adveniat
3478 1635 3561 1679 re-

2002 1726 2163 1781 gnum
2200 1704 2333 1778 ejus,
2378 1716 2434 1763 et
2479 1718 2666 1778 regnet
2718 1709 2770 1761 in
2812 1709 2967 1762 nobis
3020 1709 3154 1777 ipse,
3187 1710 3275 1777 qui
3301 1726 3399 1764 nos
3435 1710 3559 1765 fecit

340 1817 551 1869 Sciebat
571 1815 709 1884 quod
735 1818 939 1868 tantum
964 1788 1014 1868 ei
1036 1788 1348 1883 mysterium
1371 1803 1621 1880 aperiret.
1649 1806 1738 1861 lltc
1758 1806 1899 1860 enim
1930 1788 1975 1846 Β
2002 1816 2160 1868 genus
2198 1798 2433 1861 electum,
2466 1796 2633 1867 regale
2658 1797 3022 1850 sacerdotium.
3055 1798 3204 1853 Unde
3237 1800 3349 1867 ipse
3371 1801 3553 1854 Domi-

340 1920 371 1957 a
402 1903 564 1958 Patre
601 1912 686 1959 est
724 1905 840 1973 ipso
876 1904 1124 1959 dicente:
1152 1901 1304 1956 Exivi
1347 1918 1378 1954 a
1419 1898 1578 1952 Patre
1611 1908 1657 1952 et
1697 1898 1807 1951 veni
1846 1897 1902 1948 in

338 1995 627 2058 mundum;
656 2004 710 2048 et
742 2012 757 2050 :
789 1995 898 2066 Ego
922 2010 988 2049 ea:
1015 1993 1121 2047 Deo
1146 1992 1388 2063 processi.
1423 1992 1534 2045 lloc
1576 2004 1701 2058 ergo
1730 1984 1902 2042 Pilato

340 2085 617 2141 incredulo
660 2086 941 2141 dicendum
977 2100 1080 2139 non
1110 2093 1257 2148 erat,
1291 2083 1429 2137 unde
1456 2092 1599 2136 esset
1624 2079 1899 2132 Dominus.

407 2177 559 2231 Dixit
594 2179 643 2232 ei
668 2175 877 2231 Pilatus
911 2186 930 2229 :
966 2171 1097 2231 Mihi
1121 2190 1225 2229 non
1260 2172 1532 2244 loqueris?
1579 2172 1746 2225 nescis
1778 2170 1908 2236 quid

336 2276 644 2336 potestatem
678 2266 839 2320 habeo
874 2265 1176 2336 cruciﬁgere
1201 2275 1269 2330 te,
1304 2274 1351 2317 et
1399 2272 1698 2334 potestatem
1740 2267 1901 2319 habeo

336 2355 601 2409 dimittere
634 2356 723 2408 te?
769 2349 1046 2425 Respondit
1079 2371 1097 2409 :
1140 2354 1261 2413 Non
1288 2355 1498 2413 haberes
1523 2360 1795 2412 adversum
1823 2370 1904 2412 me

337 2453 642 2516 potestatem
671 2442 850 2512 ullum,
877 2448 977 2501 nisi
1022 2449 1114 2502 tibi
1157 2450 1282 2502 data
1320 2459 1445 2502 esset
1484 2449 1720 2518 desuper.
1764 2447 1902 2501 Pro-

335 2549 513 2606 pterea
552 2538 641 2607 qui
689 2538 904 2591 tradidit
938 2552 1020 2591 me
1065 2540 1176 2603 tibi,
1228 2539 1400 2608 majus
1442 2548 1705 2608 peccatum
1751 2538 1903 2591 habet

338 2624 523 2694 (Joan.
550 2628 683 2696 XIX).
709 2625 822 2679 Non
846 2626 1065 2681 haberet
1084 2626 1288 2681 Pilatus
1313 2635 1626 2697 petestatem
1648 2627 1905 2682 adversus

336 2715 648 2778 Dominum,
687 2715 787 2769 nisi
827 2718 1064 2772 traderet
1092 2718 1193 2786 ipsi
1218 2718 1506 2783 Dominus;
1540 2726 1594 2771 et
1621 2718 1712 2788 qui
1741 2719 1904 2772 tradi-

336 2805 421 2857 dit
443 2820 564 2857 eum
592 2805 783 2868 Pilato,
809 2821 909 2860 nec
931 2807 1043 2875 ipse
1064 2816 1380 2876 potestatem
1408 2806 1648 2862 tradendi
1672 2823 1791 2861 eum
1816 2809 1906 2862 ha-

339 2895 601 2957 hnit,nisi
621 2904 877 2966 quantum
899 2898 1222 2966 permiserat
1250 2899 1522 2954 Dominus.
1552 2899 1801 2954 Traditus
1821 2907 1905 2954 est

336 3003 471 3059 ergo
499 2990 624 3057 quia
644 2990 831 3056 voluit,
859 2993 999 3046 sicut
1020 3001 1074 3047 et
1099 2994 1258 3047 homo
1280 2992 1454 3046 factus
1473 3000 1555 3046 est
1570 2992 1693 3060 Quia
1716 2991 1900 3045 voluit.

339 3077 512 3133 Judzei
540 3088 717 3134 autem
758 3082 1094 3137 tnadiderunt
1118 3082 1310 3149 Pilato,
1343 3092 1398 3137 et
1428 3082 1600 3152 majus
1625 3090 1901 3151 peccatum

2000 1907 2100 1944 nus
2133 1905 2146 1942 :
2181 1889 2315 1959 Ego,
2359 1888 2573 1956 intptit,‘
2601 1888 2907 1940 constitutus
2965 1904 3078 1941 sum
3127 1904 3217 1941 rex
3241 1889 3304 1942 ab
3330 1906 3412 1953 eo,
3453 1906 3559 1943 non

2001 1994 2162 2048 Super
2200 1992 2293 2033 eos
2343 1978 2432 2047 qui
2472 1976 2761 2032 dicebant:
2797 1975 2920 2030 Non
2948 1977 3193 2032 habemus
3244 1995 3411 2049 regem
3461 1978 3564 2033 nisi

2000 2066 2279 2132 Ctesarem,
2331 2069 2421 2121 sed
2468 2084 2621 2137 super
2680 2066 2810 2121 Sion
2861 2077 3083 2121 montem
3132 2078 3370 2122 sanctum
3422 2070 3559 2139 ejus,

2002 2171 2057 2216 ut
2082 2163 2399 2232 pnedicaret
2422 2170 2743 2232 prmceptum
2776 2162 3009 2227 Domini,
3033 2163 3326 2216 Eeclesiam
3356 2164 3563 2219 scilicet

2001 2246 2259 2326 gentium,
2295 2254 2401 2310 imo
2433 2268 2592 2309 unam
2623 2268 2688 2310 ex
2711 2263 2937 2327 utroque
2960 2252 3153 2327 populo
3182 2252 3484 2312 Judmorum
3505 2264 3564 2311 et

2001 2360 2258 2422 gentium.

2080 2436 2269 2497 Videas
2312 2452 2483 2496 autem
2532 2440 2739 2494 Pilatus
2767 2440 2904 2511 quod
2950 2439 3082 2493 nihil
3137 2439 3427 2509 proﬁceret,
3471 2440 3561 2493 sed

2002 2535 2165 2603 magis
2187 2532 2438 2586 tumultus
2458 2531 2623 2600 ﬁeret,
2649 2541 2857 2601 accepta
2882 2547 3017 2600 aqua
3040 2530 3161 2584 lauit
3184 2542 3368 2583 manus
3389 2546 3566 2583 coram

2000 2624 2189 2695 populo
2228 2625 2402 2683 dicens
2439 2638 2456 2675 :
2498 2623 2754 2677 Innocens
2794 2639 2885 2691 ego
2925 2636 3039 2675 sum
3087 2638 3118 2674 a
3158 2622 3409 2690 sanguine
3432 2621 3566 2690 justi

2002 2714 2190 2784 hujus;
2232 2731 2316 2769 vos
2360 2713 2613 2767 videritis.
2667 2712 2733 2765 Et
2778 2712 3086 2781 respondens
3132 2713 3297 2764 omnis
3344 2712 3565 2780 papulas

2002 2805 2174 2859 dixit:
2204 2805 2429 2875 Sanguis
2455 2804 2568 2873 ejus
2614 2818 2769 2872 super
2798 2818 2888 2856 nos
2918 2811 2966 2875 et
3010 2817 3165 2871 super
3193 2801 3330 2869 [ilios
3364 2811 3566 2853 nostros

2004 2894 2217 2965 (Matth.
2250 2872 2441 2963 xxvii).
2468 2872 2675 2947 Pilatus
2700 2907 2890 2945 manus
2909 2872 3093 2944 lavans
3114 2890 3378 2958 signiﬁcat
3398 2904 3567 2960 popli-

2002 2985 2053 3037 lu
2064 3000 2111 3037 m
2134 2998 2191 3037 sc
2217 2983 2534 3051 baptismate
2559 2990 2874 3051 purgantem
2898 2978 2965 3032 ab
2992 2979 3328 3033 immunditia
3350 2980 3561 3049 sangui-

2004 3074 2090 3128 nis
2124 3052 2445 3127 innocentis.
2476 3070 2590 3126 lloc
2609 3071 2748 3140 apud
2775 3080 2984 3124 veteres
3010 3069 3177 3122 moris
3204 3083 3323 3123 csse
3349 3069 3566 3134 dicitur,

342 3171 618 3224 habebant
648 3172 770 3241 ipsi,
792 3173 881 3242 qui
921 3173 1208 3247 tradebant
1239 3133 1359 3227 enim
1388 3172 1455 3227 ad
1486 3133 1711 3227 πῖλοι·ῑὲιη
1740 3186 1899 3239 quam
1930 3133 1973 3196 ϐ
2002 3180 2124 3222 cum
2172 3179 2231 3219 se
2277 3163 2396 3231 quis
2457 3163 2791 3216 innocentem
2836 3162 3121 3214 ostendere
3181 3158 3456 3222 voluisset,
3511 3167 3569 3212 ut

340 3264 422 3319 illi
448 3264 538 3332 qui
568 3279 690 3318 eum
715 3266 1116 3320 crncilixerunt.
1155 3266 1307 3321 Unde
1335 3274 1389 3320 et
1415 3265 1740 3335 evangelista
1771 3264 1904 3318 Mar-

335 3370 441 3409 cus
476 3365 604 3408 tunc
651 3370 775 3409 eum
819 3353 1131 3411 crucifixum
1186 3355 1372 3420 refert,
1404 3356 1455 3409 id
1483 3363 1586 3420 est,
1619 3355 1749 3409 hora
1794 3353 1901 3408 diei

342 3444 662 3507 tertia,cum
693 3460 721 3497 a
744 3445 938 3514 populo
965 3445 1031 3498 ad
1060 3443 1476 3514 crueillgendum
1499 3452 1772 3514 peteretur
1799 3461 1811 3496 :
1845 3452 1901 3497 ut
1984 3513 1990 3520 ι

337 3546 442 3602 per
462 3532 563 3587 hoc
590 3542 774 3601 aperte
802 3533 1112 3587 ostenderet
1136 3533 1203 3587 ab
1223 3533 1302 3587 eis
1322 3547 1444 3586 eum
1465 3531 1797 3597 cruciﬁxum,
1812 3531 1904 3601 qui

338 3637 440 3677 sua
470 3636 592 3676 cum
626 3621 761 3676 mala
790 3622 1061 3676 voluntate
1086 3623 1151 3677 ad
1179 3630 1405 3676 mortem
1434 3622 1737 3676 tradebant.

418 3710 626 3764 Exinde
668 3709 1184 3781 qurerebat-Pilatus
1240 3710 1494 3764 dimittere
1530 3727 1646 3764 eum
1670 3750 1685 3775 ,
1730 3709 1907 3764 Juda'i

341 3808 519 3854 autem
560 3798 857 3852 clamabant
899 3800 1126 3863 dicentes
1156 3818 1174 3853 :
1202 3799 1263 3854 Si
1303 3800 1438 3853 hunc
1462 3799 1697 3865 dimittis,
1724 3814 1826 3852 non
1850 3814 1905 3852 es

342 3891 549 3944 amicus
576 3889 835 3954 Ctrsaris;
863 3890 1027 3943 omnis
1056 3891 1191 3943 enim
1224 3891 1312 3958 qui
1339 3907 1392 3943 se
1421 3905 1585 3959 regem
1606 3890 1753 3959 facit,
1781 3904 1906 3941 con-

342 3980 557 4033 tradicit
594 3976 793 4033 Ccesari
846 3978 1180 4051 (Joan.xtx).
1232 3978 1276 4033 0
1316 3979 1537 4047 perﬁdia
1580 3976 1833 4040 crudelis,
1856 3982 1911 4029 et

339 4089 484 4129 sana
523 4074 722 4126 nnahtia
747 4074 760 4147 ξ
786 4074 959 4141 Supra
981 4072 1365 4127 dicebautideo
1384 4071 1580 4124 debere
1621 4069 1755 4122 mori
1783 4067 1906 4149 quia

234 4212 245 4220 .
342 4168 540 4223 Filium
566 4167 655 4221 Dei
682 4182 739 4221 se
761 4164 998 4230 fecisset,
1016 4167 1107 4220 sed
1132 4166 1184 4218 in
1206 4165 1308 4219 hoc
1322 4180 1382 4218 se
1403 4162 1534 4217 nihil
1551 4160 1814 4230 prolicere
1833 4157 1911 4211 vi-

336 4263 557 4324 dentes,
594 4261 875 4313 vertet-ant
910 4275 969 4313 se
996 4258 1059 4310 ad
1083 4258 1224 4311 aliud
1247 4264 1641 4326 argumentum,
1674 4252 1911 4309 dicentes

346 4360 504 4400 reum
531 4358 650 4401 esse
680 4343 883 4407 mortis,
914 4342 1039 4413 quia
1069 4341 1381 4397 rebellasset
1405 4338 1633 4404 Czesari;
1680 4339 1774 4393 sed
1803 4340 1907 4396 hoc

2001 3272 2184 3312 coram
2226 3254 2452 3309 testibus
2495 3263 2686 3307 manus
2716 3266 2854 3321 aqua
2885 3252 3112 3305 lavaret.
3155 3249 3306 3304 Unde
3332 3257 3388 3304 et
3418 3248 3565 3303 Psal-

2002 3351 2161 3421 mista
2189 3367 2203 3402 :
2232 3346 2459 3411 Lavabo,
2488 3345 2681 3415 inquit.
2709 3344 2844 3398 inter
2864 3344 3160 3396 innocentes
3186 3357 3371 3395 manus
3394 3358 3563 3395 meas.

2584 3450 2811 3508 CAPUT
2850 3450 2986 3505 XVI.
3554 3498 3559 3503 ,

2077 3527 2219 3581 Tunc
2244 3542 2363 3596 ergo
2386 3524 2603 3579 tradidit
2628 3525 2702 3576 eis
2727 3520 2875 3575 illum
2906 3532 2959 3574 ut
2983 3519 3410 3591 cruciﬁgeretur;
3441 3529 3565 3573 tunc

1994 3616 2239 3681 pra’sidis
2264 3615 2449 3668 milites
2461 3613 2792 3682 suscipientes
2814 3610 2997 3665 Iesum
3021 3612 3076 3664 in
3104 3612 3404 3680 prtctorium
3435 3627 3562 3663 coa-

2004 3715 2340 3777 gregaverunt
2365 3704 2432 3757 ad
2460 3719 2577 3758 eum
2604 3702 2897 3756 universam
2941 3700 3227 3764 cohortem,
3254 3708 3302 3753 et
3327 3711 3568 3755 canentes

2004 3811 2143 3856 eum,
2193 3792 2514 3863 chlamydem
2570 3793 2860 3845 coccineum
2906 3788 3354 3843 circumdederunt
3413 3789 3480 3848 ei,
3519 3799 3567 3843 et

2004 3883 2277 3955 plectentes
2305 3898 2548 3936 coronam
2587 3883 2650 3934 de
2676 3881 2858 3951 spinis,
2888 3887 3173 3948 posuerunt
3216 3893 3371 3946 super
3408 3887 3567 3946 caput

2006 3973 2143 4043 ejus,
2177 3980 2225 4025 et
2259 3970 2566 4024 arundinem
2610 3969 2665 4022 in
2692 3968 2958 4021 dexteram
3008 3968 3144 4035 ejus,
3175 3972 3222 4018 et
3264 3981 3400 4035 genu
3424 3966 3565 4034 ﬂexo

2007 4074 2126 4119 ante
2170 4080 2309 4128 eum,
2351 4061 2635 4115 illudebant
2682 4059 2906 4112 dicentes
2929 4074 2948 4112 :
2971 4058 3094 4121 Ave,
3127 4072 3217 4110 rex
3234 4054 3565 4112 Iudaeorum.

2008 4155 2075 4209 Et
2103 4162 2404 4222 exspuentes
2435 4152 2490 4204 in
2516 4165 2632 4203 eum
2658 4157 2964 4218 acceperunt
3006 4148 3338 4213 arundinem,
3369 4158 3416 4203 et
3452 4165 3571 4219 pere

2009 4242 2266 4296 cutiebaut
2294 4248 2446 4311 caput
2473 4239 2586 4308 ejus
2612 4236 2792 4309 (Iona.
2834 4252 2960 4303 XIX;
2996 4235 3184 4290 Matth.
3212 4237 3405 4309 xxvn).
3432 4238 3566 4294 Uni-

2010 4351 2167 4391 versa
2210 4336 2326 4390 haec
2352 4334 2669 4404 probrorum
2718 4345 2913 4402 genera
2958 4346 3057 4401 pro
3105 4331 3260 4385 nobis
3315 4331 3570 4386 sustinuit

346 4434 486 4491 falso
508 4435 794 4499 dixerunt,
824 4449 1096 4504 nunquam
1146 4433 1289 4488 enim
1335 4431 1587 4486 viderunt
1634 4432 1907 4487 Christum
1931 4462 1984 4522 Β
2012 4427 2287 4522 Dominus,
2310 4433 2369 4478 ut
2397 4424 2466 4522 ab
2492 4421 2782 4522 opprobrio
2797 4420 3003 4522 diaboli
3031 4436 3128 4475 nos
3157 4420 3430 4522 liberaret.
3461 4420 3569 4477 Sed

348 4527 555 4581 terreni
590 4527 738 4597 regni
773 4525 1053 4582 affectasse
1089 4526 1399 4596 potentiam,
1429 4526 1580 4595 cujus
1606 4539 1691 4580 est
1712 4526 1905 4581 etelum

344 4625 401 4670 et
422 4626 586 4680 terra,
622 4626 678 4671 et
717 4618 891 4672 omnis
946 4616 1219 4686 plenitudo
1264 4631 1447 4670 eorum
1485 4629 1500 4668 :
1533 4616 1640 4670 imo
1683 4630 1907 4670 censum

348 4722 447 4775 pro
480 4722 539 4761 se
574 4717 631 4761 et
656 4706 932 4777 discipulis
975 4707 1087 4761 suis
1130 4706 1341 4760 solvere
1387 4722 1491 4761 non
1539 4708 1733 4771 renuit,
1759 4715 1814 4760 et
1852 4706 1907 4760 in

344 4796 520 4864 prima
548 4795 906 4865 descriptione
934 4810 1128 4850 census
1169 4796 1317 4849 nasci
1366 4796 1634 4866 dignatus,
1661 4806 1910 4865 parentes

346 4885 416 4938 ad
447 4878 834 4954 professionem
860 4901 1049 4940 census
1077 4886 1259 4940 venire
1284 4885 1468 4940 voluit.

426 4973 629 5029 Pilatus
667 4993 787 5047 ergo
838 4994 954 5030 cum
1002 4979 1230 5031 audisset
1264 4978 1356 5031 hos
1391 4995 1670 5041 sermones,
1691 4979 1909 5032 adduxit

347 5066 495 5134 [oras
524 5065 725 5133 Jesum,
752 5077 800 5122 et
824 5069 954 5122 sedit
982 5086 1075 5140 pro
1105 5069 1368 5131 tribunali,
1388 5070 1441 5122 in
1472 5070 1583 5124 loco
1602 5070 1690 5138 qui
1719 5070 1913 5122 dicitur

352 5156 715 5221 Lit/rostratas,
754 5158 1008 5214 Hebraice
1046 5169 1216 5214 autem
1247 5158 1536 5215 Gabbatha.
1578 5159 1708 5214 Erat
1741 5171 1911 5214 autem
1946 5200 1959 5215 .

352 5244 644 5302 Parasceve
660 5248 864 5303 Pascha
886 5251 1014 5303 hora
1033 5252 1183 5321 quasi
1204 5262 1379 5314 sexta;
1408 5252 1613 5305 sedente
1628 5262 1799 5304 autem
1822 5251 1913 5305 illo

349 5355 447 5412 pro
493 5340 742 5399 tribunali
780 5342 918 5396 misit
956 5343 1025 5396 ad
1048 5359 1167 5397 eum
1196 5360 1328 5396 uxor
1365 5344 1476 5413 ejus
1524 5344 1740 5397 dicens:
1766 5341 1913 5396 Nihil

351 5433 448 5486 tibi
483 5444 531 5487 et
557 5434 703 5504 justo
724 5434 832 5501 illi;
866 5437 1029 5490 multa
1056 5438 1191 5491 enim
1219 5454 1372 5507 passa
1398 5454 1513 5491 sum
1538 5436 1689 5490 hodie
1720 5453 1812 5506 per
1838 5438 1911 5490 vi-

350 5537 470 5575 sum
492 5535 699 5593 prapter
717 5543 854 5581 eum.
897 5527 1042 5581 Dixit
1088 5544 1209 5598 ergo
1251 5526 1456 5581 Pilatus
1499 5526 1701 5580 Iudicis
1729 5540 1747 5577 :
1778 5525 1911 5579 Ecce

353 5627 449 5665 rex
471 5623 648 5668 vester.
665 5614 756 5669 Illi
775 5627 947 5671 autem
962 5616 1255 5671 clamabant
1281 5629 1298 5667 :
1326 5615 1483 5678 Tolle,
1500 5614 1641 5676 tolle,
1667 5615 1911 5683 cruciﬁge

352 5701 511 5759 eum!
551 5704 730 5779 (Joan.
773 5703 892 5776 xtx';
935 5705 1127 5762 Matth.
1165 5711 1342 5783 xxvi.)
1362 5703 1591 5761 Sedente
1612 5704 1783 5759 Pilato
1813 5718 1911 5773 pro

2009 4527 2063 4573 et
2089 4514 2317 4587 singula,
2347 4513 2478 4584 ipsis
2506 4513 2597 4582 qui
2636 4513 2749 4567 hare
2792 4511 3037 4566 fecerunt
3070 4513 3452 4578 nescientibus,
3483 4529 3571 4567 sa.

2009 4611 2284 4659 cramenta
2310 4601 2509 4657 Christi
2539 4609 2593 4655 et
2619 4599 2874 4655 Ecelesim
2898 4599 3122 4669 intelligi
3151 4609 3373 4670 possun‘

2080 4694 2149 4746 Et
2194 4701 2460 4763 postquam
2487 4689 2755 4743 illuserunt
2787 4689 2856 4753 ei,
2903 4698 3154 4741 exuerunt
3192 4705 3309 4741 eum
3338 4688 3570 4758 chlamy-

2014 4786 2150 4848 dem,
2177 4793 2222 4837 et
2262 4782 2542 4835 induerunt
2583 4794 2698 4832 eum
2725 4778 3034 4832 vestimentis
3072 4778 3202 4847 ejus,
3230 4788 3277 4830 et
3304 4778 3565 4832 duxerunt

2015 4894 2131 4933 eum
2159 4886 2214 4930 ut
2252 4874 2605 4944 cruciﬁgerent
2639 4871 2849 4941 (Matth.
2878 4868 3070 4941 xxv”).
3098 4869 3277 4925 lllusio
3316 4870 3565 4936 militum,

2014 4978 2070 5024 ut
2091 4983 2249 5036 supra
2280 4966 2532 5029 diximus,
2565 4964 2669 5018 illis
2696 4963 3078 5027 nescientibus,
3101 4965 3255 5019 nobis
3281 4974 3456 5018 tamen
3483 4962 3564 5015 in-

2013 5057 2397 5128 telligentibus,
2444 5055 2548 5109 hoc
2600 5054 2812 5109 salubre
2858 5053 3151 5123 pr0phetia:
3188 5052 3565 5106 documentum

2012 5148 2115 5203 fuit
2143 5166 2156 5200 :
2185 5161 2309 5200 nam
2333 5145 2473 5214 quod
2497 5152 2757 5198 exuerunt
2786 5160 2905 5198 eum
2933 5143 3271 5198 vestimentis
3298 5140 3434 5207 ejus,
3463 5140 3566 5193 hoc

2015 5241 2207 5311 saepius
2257 5238 2419 5308 elegit
2459 5236 2746 5290 crudelitas
2791 5236 3090 5299 hominum,
3139 5232 3343 5287 scilicet
3369 5231 3565 5284 exstino

2014 5347 2176 5403 gnere
2224 5336 2478 5383 conantes
2522 5325 2887 5390 sanctosDei,
2926 5339 3043 5391 qua:
3089 5322 3402 5376 vestimenta
3453 5319 3570 5389 ejus

2015 5431 2158 5477 sunt.
2190 5419 2253 5472 Et
2282 5417 2728 5472 circumdederunt
2771 5431 2955 5484 corpus
2997 5413 3109 5481 ejus
3153 5410 3421 5481 chlamyde
3462 5429 3579 5465 coc.

2017 5514 2181 5568 cinea.
2215 5508 2431 5564 Crebris
2478 5506 2797 5577 sanguinum
2845 5502 3196 5559 etfusionibus
3238 5510 3293 5555 et
3338 5502 3572 5558 (aedibus

2018 5614 2324 5673 sanctorum
2356 5600 2649 5655 Ecclesium
2689 5598 2887 5653 Christi
2914 5595 3286 5652 cruentabant.
3325 5593 3568 5650 Plectru-

2018 5710 2189 5770 tesque
2264 5708 2531 5757 coronam,
2583 5693 2932 5762 imposuerunt
2996 5688 3151 5759 capiti
3218 5688 3349 5758 ejus.
3402 5689 3574 5761 Caput
