4008 6192
431 305 493 363 al
1524 294 1794 353 CANDlDl
1837 292 2216 383 FULDQNSIS
2255 293 2558 351 MONAClll
2791 353 2800 362 _
3230 380 3239 383 _
3428 271 3432 274 ‘
3598 298 3678 353 92

431 417 633 474 Christi
678 412 820 473 Deus
852 424 937 471 est
980 413 1173 476 Pater;
1231 410 1319 465 illa
1360 426 1488 480 ergo
1539 409 1849 464 adoratione
1900 424 2004 477 qua
2032 414 2082 471 Α
2109 409 2289 463 vinum
2327 409 2376 462 ei
2426 407 2548 462 felle
2596 410 2811 463 mistum
2860 411 3007 465 dant.
3060 380 3450 485 Crncihxm-uut
3489 424 3675 468 autem

432 510 542 564 Deo
590 507 927 565 serviendum
955 512 1058 564 est,
1092 502 1338 557 homines
1367 501 1448 555 rel
1476 500 1726 554 animalia
1772 514 1998 567 quaeque

431 586 771 671 adorabunt:
798 596 1164 665 Dederuntque
1204 592 1514 648 arundinem
1538 592 1592 644 in
1620 590 1833 643 dextera
1862 587 1995 657 ejus.

430 689 747 762 Temporale
767 688 972 742 scilicet
997 685 1181 739 mundi
1214 700 1434 755 regnum
1460 683 1803 752 puclet‘entes
1816 680 2001 734 dexte—

428 799 522 845 rae,
544 797 662 851 qua:
690 787 774 847 est
813 778 1036 833 cwleste
1086 792 1343 846 regnum;
1396 774 1611 829 sinistra
1645 786 1873 841 namque
1904 770 2001 825 Do-

430 875 559 928 mini
613 886 849 941 praesens
887 870 1141 925 sa2culuut
1174 867 1228 922 in
1257 866 1555 935 Seripturis
1593 864 1730 920 solet
1755 862 1997 933 intelligi,

428 966 648 1020 dextera
693 978 824 1017 vero
844 970 1102 1016 aeternum
1146 968 1455 1030 sanctorum
1492 972 1711 1033 regnum
1743 957 1793 1009 in
1824 955 1994 1010 oculis.

427 1056 594 1110 Datur
623 1069 753 1124 ergo
784 1054 990 1107 arundo
1019 1053 1071 1106 in
1098 1052 1317 1106 dextera
1341 1049 1564 1114 Christi,
1598 1049 1812 1117 qumtdo
1843 1046 1999 1115 hujus

426 1146 666 1202 sinistra:
720 1143 983 1214 fragilitas
1026 1143 1310 1213 praefertur
1372 1157 1401 1195 a
1454 1141 1630 1194 stultis
1690 1156 1854 1211 regno
1903 1139 2001 1193 Dei

425 1246 649 1293 aeterno.
684 1236 855 1304 Quem
895 1236 1088 1289 iterum
1136 1234 1234 1303 ipsi
1271 1232 1595 1302 acripientes
1646 1230 1997 1301 percutiebant

428 1338 580 1399 caput
609 1316 743 1396 ejus'.
775 1325 888 1380 lloc
915 1325 1053 1380 solet
1080 1340 1242 1395 agere
1272 1324 1475 1392 fragilis
1506 1307 1664 1390 hujus
1697 1320 1875 1374 mundi
1904 1335 2001 1390 po-

429 1430 614 1485 testas,
652 1436 757 1475 non
806 1420 976 1474 solum
1029 1418 1275 1472 videlicet
1318 1418 1425 1472 Deo
1454 1416 1609 1485 digna
1637 1414 1894 1468 servitute
1940 1427 1999 1467 se

429 1529 536 1568 non
559 1510 873 1581 subiiciens,
903 1510 994 1564 sed
1022 1510 1182 1563 etiam
1215 1506 1330 1576 ejus
1350 1506 1550 1560 nomini
1575 1504 1999 1575 persecutiones,

427 1610 688 1672 qttantum
718 1601 770 1655 iu
802 1616 860 1655 se
888 1609 991 1664 est,
1018 1599 1283 1653 excitans.
1330 1595 1601 1651 Eauebant
1656 1603 1828 1647 autent
1879 1610 1996 1646 eum

426 1693 777 1763 cltlantytle,et
808 1691 1090 1745 induerunt
1114 1705 1231 1742 eum
1255 1687 1568 1751 vestimentis
1588 1685 1722 1755 ejus.
1752 1683 1827 1737 llli
1851 1683 1995 1737 enim

2098 499 2279 554 Iesum
2312 500 2364 553 in
2390 500 2564 554 medio
2586 500 2811 554 duorum
2848 501 3131 555 latronum.
3159 502 3308 568 Quoi
3333 510 3497 575 genus
3528 521 3678 557 mor-

2100 592 2171 646 tis
2197 590 2315 646 ideo
2338 590 2506 644 voluit
2528 591 2656 660 pati,
2690 601 2747 645 ut
2774 608 2940 661 genus
2967 592 3256 646 humanum
3277 634 3290 655 ,
3322 594 3460 664 quod
3492 592 3677 647 fructu

2099 682 2253 738 vetiti
2286 683 2413 754 ligni
2451 682 2708 754 perierat,
2740 683 2791 735 in
2833 683 2977 751 ligno
3019 684 3196 738 cruris
3228 684 3477 739 salvaret.
3534 686 3675 740 Nam

2101 778 2421 845 pendentem
2469 774 2521 827 in
2559 773 2703 842 ligno
2747 774 2986 827 scientitc
3018 773 3138 826 boni
3170 782 3225 826 et
3278 774 3399 828 mali
3436 774 3677 828 fructum

2102 867 2444 925 interdictum
2470 869 2655 921 eti-red
2681 877 2699 920 t
2726 868 2851 926 Eva,
2877 875 2929 920 et
2955 876 3159 921 u'ortua
3188 876 3303 931 est;
3334 876 3387 920 et
3420 883 3513 936 per
3540 883 3681 936 pen-

2102 961 2316 1016 dentem
2348 959 2398 1012 iu
2430 957 2574 1035 ligno
2598 959 2775 1012 crucis
2807 955 3040 1012 fructum
3079 959 3201 1011 vita!
3245 967 3457 1011 τῐιῐυνηςυ
3503 974 3681 1029 genus

2101 1051 2391 1106 humanum
2424 1064 2452 1101 a
2482 1058 2651 1101 morte
2680 1048 3056 1101 resuscitatuut
3087 1056 3189 1101 cst.
3222 1047 3325 1112 Qui
3365 1047 3675 1111 mamlueat,

2101 1140 2300 1210 inquit,
2331 1156 2496 1192 meam
2521 1155 2751 1200 carnem,
2780 1126 2930 1191 lubet
2957 1138 3111 1190 vitam
3162 1149 3430 1190 a'ternam.
3487 1137 3590 1209 Sed
3618 1147 3683 1190 et

2092 1232 2219 1286 ideo
2250 1228 2505 1285 Dominus
2533 1234 2787 1284 extensus
2814 1237 2895 1283 est
2930 1228 2979 1282 in
3015 1243 3208 1291 crure,
3236 1236 3295 1281 ut
3343 1227 3683 1300 significaret

2103 1337 2258 1378 suum
2292 1321 2525 1376 futurum
2557 1335 2677 1385 esse
2724 1321 2888 1375 totius
2929 1320 3109 1373 mundi
3138 1336 3393 1390 regnum;
3454 1335 3549 1389 per
3578 1336 3681 1374 ex-

2105 1426 2285 1471 stcnsa
2318 1413 2780 1484 natuquehrachia
2796 1412 2911 1481 ejus
2934 1413 3096 1467 totius
3122 1412 3302 1466 mundi
3336 1411 3681 1466 latitudinem

2100 1507 2166 1561 azl
2198 1521 2255 1560 se
2285 1504 2599 1561 trahendam
2637 1505 2971 1558 monstravit.
3007 1503 3063 1557 Si
3114 1504 3281 1567 enim,
3316 1502 3510 1573 inquit,
3534 1501 3686 1555 exal-

2100 1608 2240 1652 tatus
2272 1598 2441 1666 fuero,
2469 1597 2643 1651 omnia
2671 1596 2875 1649 trultam
2904 1595 2973 1649 ad
2998 1597 3270 1666 nteipsum.
3300 1595 3353 1648 lu
3380 1597 3553 1650 medio
3579 1611 3683 1648 an—

2103 1698 2209 1742 tem
2238 1688 2502 1743 latronum
2539 1687 2829 1742 crucifixus
2856 1696 2966 1751 est,
2998 1703 3224 1757 quorum
3260 1703 3397 1742 unus
3443 1687 3685 1743 infidelis

426 1784 517 1853 qui
546 1784 694 1854 prius
726 1798 847 1836 cum
873 1779 1352 1850 persequebantur.
1380 1788 1561 1845 ροδιοιι
1590 1774 1685 1844 ipSi
1714 1773 1996 1827 Duminum
2030 1775 2074 1833 Β
2104 1778 2422 1848 permansit,
2455 1772 2589 1831 alter
2619 1778 2790 1832 ίίςιρῐῑς
2816 1777 2989 1832 lactus
3016 1777 3163 1847 regni
3189 1777 3449 1849 oculorum
3477 1768 3685 1831 meruit

428 1875 722 1930 induebant
743 1873 855 1927 suis
878 1871 1233 1934 vestimentis,
1261 1871 1367 1923 imo
1396 1867 1492 1937 ipsi
1514 1873 1885 1936 persecutores
1907 1879 1995 1918 ve-

425 1965 678 2020 stimenta
711 1962 923 2019 Domini
961 1960 1086 2014 lacti
1116 1968 1262 2024 sunt,
1294 1958 1587 2027 credentes
1604 1956 1656 2010 iu
1680 1969 1805 2009 eum
1838 1969 1999 2025 quem

424 2056 548 2111 odio
577 2055 877 2111 habuerunt
900 2053 1089 2123 gratis.

496 2147 843 2216 Susceperunt
882 2154 1058 2199 autent
1102 2142 1301 2207 Iesum,
1324 2150 1370 2194 et
1412 2139 1703 2194 eduxerunt
1723 2178 1737 2203 ,
1760 2146 1807 2191 et
1840 2136 1993 2207 baju-

424 2240 541 2299 laus
575 2239 671 2293 sibi
716 2253 919 2290 crucem
964 2236 1161 2299 exivit,
1185 2234 1447 2287 Exeuntes
1488 2236 1659 2287 autem
1697 2231 2000 2284 invenerunt

426 2330 685 2384 hominem
712 2328 1019 2397 Cyreuteum
1043 2325 1328 2378 venientem
1358 2324 1422 2376 de
1455 2322 1607 2384 villa,
1646 2331 1848 2392 patrem
1882 2319 2001 2373 Ale-

425 2420 617 2475 xandri
633 2429 681 2473 et
708 2418 850 2487 Ruﬁ.
877 2416 1030 2471 Hunc
1057 2415 1456 2486 angariaverunt
1482 2424 1536 2467 ut
1562 2412 1760 2467 tolleret
1796 2428 2001 2466 crucent

424 2515 563 2584 ejus,
594 2512 662 2566 Et
690 2520 933 2566 venerunt
963 2510 1016 2564 in
1040 2526 1156 2563 eum
1187 2508 1357 2562 locum
1388 2508 1477 2579 qui
1516 2506 1710 2560 dic'tur
1742 2504 2001 2560 Calvaria:

426 2604 590 2669 locus,
626 2601 880 2657 Hebraice
900 2611 1075 2655 autem
1103 2598 1381 2671 Golgotha,
1407 2608 1455 2653 et
1480 2598 1731 2668 dederunt
1755 2601 1801 2651 ei
1826 2598 2000 2651 vinum

426 2697 595 2753 bibere
644 2712 762 2750 cum
795 2693 914 2763 felle
954 2694 1200 2757 mistunt;
1249 2700 1296 2745 et
1357 2706 1475 2744 cum
1519 2697 1799 2760 gustasset,
1836 2688 2000 2741 noluit

418 2790 616 2844 bibere.
651 2786 719 2841 Et
764 2784 1137 2853 eruciﬁrerunt
1178 2799 1328 2846 eum,
1360 2791 1407 2836 et
1440 2798 1556 2859 cum
1602 2797 1662 2835 eo
1700 2780 1832 2834 alios
1864 2779 1998 2832 duos

420 2877 698 2953 bincinde,
717 2877 944 2930 medium
960 2885 1131 2929 autem
1144 2872 1325 2928 Iesum
1346 2871 1527 2944 (Joan.
1550 2888 1673 2936 xxx;
1709 2870 1765 2924 Μ
1769 2887 1875 2924 are.
1897 2885 1997 2934 xv;

427 2968 617 3024 Matth.
646 2968 836 3040 xxvii).
876 2967 1134 3025 Dominus
1161 2967 1347 3022 exiens
1375 2965 1442 3021 de
1470 2964 1721 3035 prtetorio
1749 2966 2001 3033 portabat

422 3073 579 3123 suam
622 3072 870 3121 crucem;
925 3057 1038 3126 ipse
1082 3055 1187 3112 sibi
1216 3055 1465 3125 portabat
1494 3068 1730 3119 crucem,
1763 3050 2000 3123 quisuis

2101 1870 2430 1937 ingressum;
2464 1868 2587 1937 quia
2620 1868 2868 1922 videlicet
2888 1868 3135 1924 Christus
3176 1870 3315 1923 inter
3344 1871 3476 1922 duos
3504 1886 3685 1939 pupu-

2099 1959 2180 2015 los
2199 1959 2378 2028 justus
2406 1958 2670 2028 estjudex
2703 1969 2979 2022 venturus,
3012 1978 3173 2014 unum
3212 1978 3309 2030 pro
3334 1962 3488 2015 malis
3515 1963 3687 2016 meri—

2100 2053 2170 2107 tis
2230 2052 2336 2123 igni
2366 2052 2628 2120 deputans
2664 2060 2888 2114 :cterno,
2912 2051 3139 2105 alterum
3188 2069 3282 2105 sua
3321 2051 3536 2109 salvaus
3578 2054 3690 2108 mi-

2099 2141 2392 2213 sericordia
2425 2142 2595 2197 Patris
2618 2143 2700 2198 sui
2725 2157 2887 2213 regno
2919 2143 3284 2198 remunerabit
3308 2154 3528 2199 aeterno.

2171 2234 2391 2305 Scripsit
2425 2246 2471 2289 et
2499 2234 2707 2288 titulum
2749 2252 2920 2290 causa:
2954 2237 3067 2306 ejus
3127 2235 3357 2301 Pilatus,
3407 2249 3454 2291 et
3500 2239 3688 2307 posuit

2099 2342 2258 2396 super
2292 2336 2447 2395 caput
2471 2326 2619 2395 ejus;
2646 2336 2758 2379 erat
2788 2337 2959 2379 autem
2987 2329 3235 2397 scriptum
3268 2342 3285 2379 :
3317 2326 3471 2382 Iesus
3501 2327 3693 2383 Naza-

2104 2432 2258 2477 renus
2287 2433 2376 2469 rea:
2390 2415 2722 2472 Iudaeorum.
2769 2415 2925 2471 Hunc
2968 2435 3088 2486 ergo
3121 2419 3328 2472 titulum
3359 2419 3508 2473 multi
3536 2418 3690 2490 lege-

2101 2517 2222 2561 runt
2249 2508 2579 2572 Judworum,
2621 2509 2745 2580 quia
2792 2526 2947 2580 prope
2990 2512 3246 2565 ciuitatem
3273 2522 3383 2565 erat
3410 2511 3555 2566 locus
3584 2513 3687 2566 ubi

2100 2598 2386 2667 cruciﬁxus
2413 2609 2486 2653 est
2510 2599 2667 2653 .Iesus
2685 2610 2763 2663 ;et
2788 2611 2899 2653 erat
2922 2602 3173 2671 scriptum
3207 2601 3478 2665 lIebraiee,
3497 2601 3693 2659 Gra’ce

2098 2700 2147 2744 et
2171 2689 2373 2745 Latine.
2401 2690 2650 2745 Dicebant
2670 2709 2791 2763 ergo
2822 2692 2998 2747 Pilato
3028 2695 3294 2764 pontiﬁces
3319 2695 3635 2751 Judarorum
3664 2709 3690 2751 :

2103 2779 2231 2835 Noli
2256 2783 2480 2837 scribere
2510 2800 2599 2837 rea:
2639 2784 2983 2849 Juda'orum;
3029 2786 3119 2839 sed
3164 2788 3288 2852 quia
3342 2789 3449 2856 ipse
3494 2788 3627 2842 dixit
3666 2802 3692 2842 :

2100 2870 2211 2927 Rea:
2229 2890 2345 2927 sum
2364 2873 2695 2929 Judworum.
2726 2872 3008 2946 Respondit
3033 2874 3240 2932 Pilatus
3258 2896 3277 2932 :
3298 2879 3450 2946 Quod
3468 2881 3691 2950 scripsi,

2099 2965 2285 3039 scripsi
2332 2964 2514 3033 (Joan.
2559 2965 2696 3039 xu).
2730 2967 2881 3034 Quod
2930 2968 3133 3024 Pilatus
3182 2971 3428 3027 scribens
3461 2973 3689 3030 titulum

2106 3055 2182 3111 ait
2208 3072 2223 3111 :
2259 3054 2358 3110 llic
2379 3067 2454 3112 est
2480 3074 2570 3112 rex
2590 3057 2926 3125 Juda'orum,
2955 3062 3187 3117 futuram
3214 3065 3450 3135 gentium
3473 3066 3693 3137 signiti-

426 3159 561 3207 onte.
584 3148 837 3218 praecepit
863 3166 875 3202 :
909 3144 966 3201 Si
989 3147 1131 3218 quis,
1160 3147 1428 3217 inquiens,
1446 3144 1553 3201 vult
1579 3156 1692 3216 post
1710 3162 1789 3199 me
1804 3146 1996 3211 venire,
2027 3118 2072 3181 ϐ
2103 3146 2263 3202 cabat
2290 3145 2484 3212 fidem;
2512 3150 2657 3218 quod
2677 3159 2855 3204 autem
2878 3118 3045 3206 Judaei
3073 3118 3693 3210 conttZIdieebant‘seri»

424 3240 578 3294 tollat
616 3255 820 3294 crucem
857 3254 1028 3303 suam,
1066 3248 1114 3295 et
1154 3247 1402 3308 sequatur
1436 3253 1537 3291 me.
1595 3236 1829 3291 Pratibat
1871 3250 2000 3307 ergo

428 3330 565 3399 ipse,
593 3342 700 3399 quo
747 3326 926 3383 caeteri
972 3334 1346 3396 sequerentur.
1390 3324 1645 3379 inventus
1691 3332 1777 3378 est
1820 3331 2001 3378 autem

428 3421 643 3485 Simon,
664 3428 720 3474 et
745 3427 965 3472 coaetus
986 3425 1071 3493 est
1090 3425 1307 3486 portare
1319 3432 1534 3471 crucem
1558 3416 1790 3471 Domini.
1811 3414 1999 3471 Simon

427 3513 669 3567 obediens
697 3511 1113 3580 interpretatur;
1150 3509 1241 3579 qui
1263 3524 1391 3580 ergo
1412 3508 1633 3565 obedire
1657 3508 1772 3563 vult
1797 3523 1999 3579 prtcce-

427 3603 609 3659 deatis
639 3602 848 3657 Domini
866 3599 1119 3669 iussioni,
1145 3599 1283 3656 tollit
1306 3613 1527 3654 crucem
1551 3604 1608 3654 et
1625 3598 1868 3668 sequitur
1891 3598 1998 3654 Do-

432 3700 661 3754 mitium.
696 3697 905 3761 Videte,
923 3694 1138 3761 fratres,
1160 3694 1286 3765 quia
1315 3694 1504 3750 Simon
1540 3691 1644 3749 iste
1672 3702 1889 3749 coactus
1917 3700 2002 3748 est

429 3799 648 3860 portare
673 3802 888 3844 crucem
909 3786 1153 3852 Domini;
1188 3785 1302 3855 ipse
1325 3794 1508 3840 autem
1528 3785 1787 3839 Dominus
1812 3792 2001 3854 sponte

430 3879 708 3950 portabat;
753 3877 879 3947 quia
928 3876 1182 3933 nimirum
1231 3876 1410 3944 passio
1450 3875 1661 3930 Domini
1706 3881 1999 3943 spontanea

431 3972 564 4038 fuit;
599 3981 910 4027 sanctorum
939 3971 1118 4026 autem
1149 3978 1470 4039 martyrum,
1498 3968 1626 4025 licet
1643 3968 1806 4032 bona,
1832 3982 1999 4037 quan-

435 4073 548 4117 tum
582 4063 634 4116 in
667 4077 725 4117 se
769 4070 909 4125 erat,
940 4060 1213 4116 voluntate
1241 4070 1510 4129 suscepta,
1539 4072 1637 4128 pro
1667 4074 1779 4113 suis
1819 4065 1999 4111 tamen

432 4152 802 4221 unusquisque
829 4150 1068 4221 peccatis
1108 4159 1352 4205 mortuus
1389 4157 1491 4203 est.
1530 4150 1648 4218 Ipse
1686 4156 1863 4201 autem
1893 4162 1997 4201 non

434 4243 557 4308 sibi,
590 4242 684 4297 sed
718 4243 873 4296 nobis
915 4242 1276 4296 necessariam
1327 4248 1555 4294 mortem
1598 4240 1871 4309 suscipere
1920 4237 2002 4292 di-

431 4342 627 4403 gnatus
654 4342 757 4388 est.
788 4332 855 4387 Et
881 4348 995 4407 nos,
1017 4332 1231 4397 fratres,
1261 4332 1388 4387 licet
1410 4348 1515 4385 non
1542 4332 1610 4386 ab
1630 4331 1809 4400 aliquo
1833 4346 2003 4398 usque

432 4425 502 4478 ad
522 4431 747 4477 mortem
768 4423 1191 4492 persecutionem
1214 4424 1503 4490 patiamur,
1517 4436 1800 4490 possumus
1824 4430 2002 4475 tamen

2101 3238 2267 3301 benti,
2292 3239 2396 3293 hoc
2419 3238 2650 3308 agebant
2676 3241 2817 3310 quod
2841 3258 3011 3313 usque
3039 3243 3196 3298 hodie
3243 3259 3376 3314 gens
3404 3219 3510 3299 ‘illa
3539 3246 3686 3317 agit,

2102 3329 2478 3397 contradicens
2521 3332 2771 3403 gentibus
2809 3336 3153 3390 credentibus
3205 3338 3346 3405 qnol
3392 3334 3561 3391 Jesus'
3592 3349 3690 3394 est

2099 3417 2349 3481 Christus
2372 3421 2540 3477 Filius
2568 3423 2682 3477 Dei.
2713 3422 2818 3478 Sed
2847 3425 3031 3489 velint,
3079 3425 3270 3492 nolint,
3294 3425 3448 3482 Jesus
3470 3437 3550 3483 est
3581 3443 3688 3484 rex

2099 3509 2426 3580 Iudaeorum,
2474 3514 2527 3568 id
2555 3522 2637 3570 est
2664 3512 3065 3583 confessorum;
3101 3518 3192 3587 qui
3229 3519 3364 3572 enim
3402 3519 3693 3588 conﬁtetur

2099 3622 2218 3660 eum
2238 3622 2416 3663 coram
2436 3607 2752 3674 hominibus,
2775 3619 2821 3662 et
2843 3609 2951 3679 ipse
2975 3610 3306 3679 conﬁtebitur
3326 3610 3477 3666 illum
3497 3628 3687 3669 coram

2100 3697 2298 3767 angelis
2319 3696 2436 3752 Dei.
2472 3697 2678 3754 Talium
2708 3715 2835 3770 ergo
2860 3699 3231 3757 confessorum
3266 3718 3358 3758 rex
3380 3713 3463 3759 est
3494 3704 3685 3759 Domi-

2100 3784 2240 3844 nus:
2268 3789 2403 3860 Ego,
2433 3791 2624 3861 inquit,
2647 3794 2960 3849 constitutus
2989 3811 3105 3848 sum
3152 3794 3216 3848 ab
3265 3814 3324 3850 eo
3360 3814 3517 3861 super
3543 3797 3686 3853 Sion

2101 3890 2325 3934 montem
2375 3891 2612 3935 sanctum
2680 3882 2817 3952 ejus.
2882 3883 2958 3938 De
3024 3886 3126 3941 hoc
3185 3886 3340 3941 titulo
3398 3886 3689 3955 cujusdam

2100 3972 2290 4041 psalmi
2347 3973 2696 4042 inscriptione
2746 3976 2944 4031 dicitur
2988 3991 3002 4031 :
3048 3976 3132 4032 Ne
3173 3995 3480 4050 corrumpas
3532 3980 3687 4035 tituli

2100 4063 2510 4133 inscriptionem.

2171 4151 2324 4206 Jesus
2345 4162 2519 4207 autem
2543 4153 2743 4207 dicebat
2771 4169 2793 4209 :.
2843 4151 3025 4221 Pater,
3052 4157 3258 4211 dimitte
3284 4157 3413 4221 illis,
3441 4159 3686 4214 nesciunt

2101 4244 2239 4297 enim
2259 4244 2385 4314 quid
2407 4242 2605 4313 faciunt
2622 4244 2770 4315 (Luc.
2789 4245 2971 4317 xxiii).
2991 4246 3238 4316 Implevit
3258 4250 3514 4304 Dominus
3531 4251 3686 4318 quod

2104 4341 2228 4389 ante
2258 4335 2533 4405 discipulis
2562 4338 2817 4407 prtecepit
2848 4354 2861 4389 :
2896 4337 3077 4403 Orate,
3129 4339 3321 4408 inquit,
3378 4357 3470 4408 pro
3502 4355 3686 4409 persc-

2103 4427 2375 4497 quentibus
2426 4438 2475 4482 et
2519 4428 2960 4484 calumniantibus
3010 4431 3170 4483 vobis.
3215 4431 3282 4484 Et
3332 4433 3516 4501 utique
3568 4450 3688 4485 non

432 4522 491 4569 et
517 4530 615 4568 nos
641 4528 855 4567 crucem
887 4513 1097 4567 Domini
1139 4521 1376 4582 portare.
1403 4512 1649 4566 videlicet
1677 4510 2004 4564 mortiﬁcan-
2027 4486 2082 4545 Ῑ)
2106 4518 2263 4572 irrita
2289 4519 2461 4588 potuit
2480 4534 2599 4575 esse
2624 4520 2740 4590 ejus
2760 4522 2963 4585 oratio;
2998 4522 3147 4576 multi
3171 4525 3315 4578 enim
3343 4522 3684 4590 Iudaeorum,

435 4614 519 4661 tes
547 4606 788 4661 membra
827 4613 1035 4669 nostra,
1063 4605 1114 4659 id
1142 4612 1226 4659 est
1271 4603 1573 4659 voluntates
1618 4602 1831 4656 illicitas
1883 4617 2002 4671 qua:

436 4706 564 4753 sunt
584 4713 745 4768 super
768 4706 988 4763 terram,
1013 4696 1337 4767 castigantes
1362 4710 1586 4766 corpora
1607 4703 1662 4749 et
1688 4694 1741 4748 in
1771 4694 2002 4750 servitu-

437 4800 549 4847 tem
573 4791 904 4862 redigentes,
929 4799 990 4844 ut
1012 4805 1208 4860 corpus
1241 4790 1380 4844 sicut
1408 4788 1600 4844 ancilla
1637 4787 1908 4843 subditum
1932 4788 2004 4843 sit

435 4883 631 4939 animae
654 4882 807 4953 quasi
835 4880 1085 4936 dominio.
1129 4880 1197 4934 Et
1224 4881 1439 4951 quando
1481 4880 1680 4934 fratres
1708 4881 1877 4935 nostri
1906 4881 2003 4935 aii-

433 4974 565 5047 quid
594 4973 648 5028 in
676 4987 775 5027 nos
797 4971 1186 5037 commiserint,
1217 4987 1433 5026 erucent
1468 4971 1677 5027 Domini
1704 4972 2001 5041 portamus,

434 5069 482 5125 si
511 5068 875 5125 dimiserimus
902 5066 1188 5122 commissa
1216 5066 1401 5136 eisque
1436 5066 1668 5137 benigno
1690 5066 1852 5121 corde
1878 5067 2002 5121 ι’εά-

434 5162 614 5218 dimus
644 5162 783 5217 bona
812 5175 911 5230 pro
941 5159 1116 5213 tualis.
1144 5158 1409 5214 Dederunt
1440 5170 1613 5214 autem
1636 5161 1683 5212 ei
1718 5160 1893 5213 vinum
1928 5160 2005 5212 bi-
2046 5194 2061 5213 .

437 5254 554 5307 bere
574 5270 693 5309 eum
720 5252 842 5324 felle
868 5253 1101 5306 mistum.
1125 5250 1316 5315 Judaei,
1336 5251 1426 5320 qui
1454 5252 1815 5322 cognitionem
1842 5250 2003 5305 unius

438 5344 534 5398 Dei
556 5345 835 5410 habentes,
856 5343 1027 5413 legem
1055 5352 1233 5398 tamen
1255 5341 1371 5410 ejus
1397 5359 1503 5397 non
1526 5343 1831 5405 servabant,
1849 5341 2004 5413 quasi

437 5445 622 5489 vinum
660 5452 783 5492 cum
834 5436 955 5493 felle
1007 5436 1225 5491 mistum
1270 5434 1495 5489 Domino
1533 5434 1753 5499 dabant,
1785 5449 1905 5489 cum
1932 5435 2006 5500 ei,

438 5535 598 5594 quem
624 5528 885 5594 sciebant,
908 5528 1091 5600 pravis
1118 5527 1327 5582 actibus
1352 5527 1739 5597 repugnabant,
1755 5534 1810 5581 et
1830 5526 2007 5581 scien-

441 5616 569 5674 tiam
598 5621 835 5688 peccatis
862 5636 1101 5676 amaram
1127 5620 1412 5676 faciebant.
1439 5619 1546 5702 Sed
1571 5629 1626 5676 et
1653 5634 1823 5689 usque
1852 5619 2010 5674 hodie

438 5707 532 5782 qui
552 5709 718 5767 Deum
732 5711 865 5769 bene
886 5712 1084 5781 sciunt,
1103 5714 1195 5770 sed
1220 5711 1470 5768 mandata
1494 5711 1610 5782 ejus
1632 5717 2007 5779 contemnunt,

2105 4622 2205 4677 pro
2225 4609 2419 4679 quibus
2444 4618 2570 4666 tunc
2594 4612 2789 4676 oravit,
2825 4614 3127 4667 nescientes
3176 4616 3319 4685 quod
3369 4616 3533 4670 Filius
3581 4615 3687 4671 Dei

2108 4710 2224 4755 erat
2250 4717 2409 4771 quem
2440 4711 2613 4757 morte
2641 4702 2987 4769 da.nnal:ant,
3013 4715 3196 4775 postea
3224 4686 3467 4762 conversi
3497 4708 3685 4762 credi-

2109 4789 2319 4853 derunt,
2347 4799 2401 4845 ct
2427 4791 2659 4845 fidelium
2682 4808 2907 4847 numero
2935 4795 3099 4849 additi
3126 4806 3268 4856 sunt,
3290 4798 3430 4850 sicut
3455 4814 3561 4849 uno
3593 4797 3690 4850 die

2112 4883 2219 4937 tria
2240 4885 2424 4949 millia,
2448 4895 2503 4940 et
2520 4894 2690 4941 attero
2711 4887 2949 4957 quinque
2975 4888 3143 4943 millia
3164 4905 3350 4945 eorum
3379 4894 3527 4944 credi
3551 4889 3686 4945 lisse

2107 4976 2436 5033 referuntur.

2670 5070 2899 5128 CAPUT
2955 5073 3108 5129 XVII.

2180 5160 2372 5215 Milites
2395 5179 2516 5232 ergo
2563 5179 2679 5217 cum
2708 5164 3087 5233 crucifixissent
3134 5165 3336 5227 Iesum,
3368 5177 3683 5232 acceperunt

2107 5252 2405 5306 uestimenta
2429 5252 2564 5319 eius,
2595 5263 2642 5307 et
2671 5253 2900 5323 fecerunt
2929 5265 3158 5327 quatuor
3176 5266 3371 5325 partes,
3399 5254 3686 5325 unicuique.

2107 5343 2260 5396 militi
2286 5352 2510 5414 partem,
2534 5354 2581 5397 et
2621 5346 2875 5399 tunicam.
2924 5345 3055 5399 Erat
3085 5356 3261 5399 autent
3283 5346 3460 5400 tunica
3493 5347 3685 5398 iucon-
3706 5390 3721 5399 .

2107 5432 2300 5497 sutilis,
2327 5432 2549 5503 desuper
2575 5443 2813 5489 contexta
2839 5452 2931 5506 per
2959 5446 3142 5489 totum.
3175 5434 3441 5511 Dixerunt
3456 5452 3576 5503 ergo
3608 5435 3686 5489 ad

2108 5525 2324 5579 invicem
2355 5541 2373 5578 :
2400 5524 2521 5578 Non
2545 5526 2846 5580 scindamus
2897 5541 3033 5589 eam,
3070 5524 3161 5579 sed
3188 5528 3471 5579 sortiantur
3495 5526 3553 5578 de
3583 5524 3684 5580 illa

2108 5616 2261 5685 cujus
2288 5616 2375 5680 sit,
2405 5625 2459 5669 at
2490 5614 2763 5687 Scriptura
2783 5615 3084 5686 impleretur
3109 5632 3127 5669 :
3158 5613 3351 5671 Partiti
3384 5625 3504 5671 sunt
3528 5616 3687 5669 vesti.

2112 5720 2282 5765 menta
2313 5725 2426 5765 mea
2471 5710 2589 5779 sibi,
2617 5720 2663 5765 et
2693 5710 2743 5764 in
2774 5718 2960 5765 vestem
2992 5725 3157 5766 meam
3209 5710 3460 5767 miserunt
3486 5718 3689 5765 sortem
