4064 6190
302 248 369 314 93

1276 268 1691 327 OPUSCULUM
1730 272 1815 326 DE
1856 272 2186 333 PASSIONE
2225 280 2477 343 DOMINI.

3454 300 3524 358 94

295 368 486 441 (Joan.
520 371 655 441 xxx).
687 370 881 428 Milites
901 375 990 444 qui
1013 374 1294 432 Dominum
1344 380 1745 446 cruciﬁxerunt,
1769 397 1857 436 ac-
1883 388 1932 444 Λ
1960 387 2045 442 bat
2065 390 2134 443 ad
2158 388 2338 445 Iesum
2367 406 2386 444 :
2414 394 2649 457 Domine,
2680 412 2928 456 memento
2954 405 3072 469 mei,
3095 419 3210 479 cum
3239 416 3439 467 veneris
3462 417 3516 471 in
3596 386 3609 395 Ἢ

295 470 561 527 Ceperunt
602 463 920 518 vestimenta
948 465 1082 534 ejus,
1113 477 1167 522 et
1193 469 1434 525 fecerunt
1482 480 1711 541 quatuor
1730 489 1858 543 par-

296 561 405 608 tes.
433 553 495 607 Hi
516 564 745 623 quatuor
773 557 973 612 milites
1019 570 1248 628 quatuor
1297 563 1459 617 totius
1503 564 1648 617 orbis
1674 564 1860 635 plagas

292 644 617 717 designant,
667 663 735 702 ex
795 650 990 721 quibus
1042 668 1232 707 omnes
1298 663 1484 724 gentes
1534 652 1857 711 vestimenta

288 729 491 789 Christi
532 738 908 806 suscipientes,
939 740 991 794 id
1029 752 1130 807 est,
1167 745 1435 813 apostolos
1460 754 1515 798 et
1542 747 1856 815 praedicato-

287 836 397 886 res,
430 823 550 877 ﬁdei
575 841 735 880 unam
767 828 1003 883 efﬁciunt
1034 832 1326 887 Ecclesium
1355 836 1703 899 catholicam;
1735 852 1854 905 qua:

288 921 468 968 tamen
496 918 813 972 vestimenta
838 920 893 972 in
913 930 1160 990 quatuor,
1193 933 1250 977 ut
1289 907 1537 987 disimus,
1565 928 1712 981 orbis
1739 927 1853 995 pla-

283 1019 378 1072 gas
406 1006 600 1069 divisa,
633 1026 738 1064 una
772 1020 947 1066 tamen
969 1024 1092 1068 sunt
1120 1014 1381 1093 charitate
1423 1021 1600 1072 tunica
1625 1020 1845 1075 Christi.

281 1092 376 1146 Est
406 1095 552 1150 enim
584 1097 825 1153 Ecclesia
855 1099 1074 1167 Christi,
1101 1113 1155 1159 et
1193 1092 1325 1160 locis
1351 1106 1541 1170 divisa,
1583 1117 1637 1161 et
1667 1109 1845 1163 chari-

280 1186 414 1240 tatis
434 1187 643 1243 unitate
663 1191 970 1260 conjuncta,
994 1194 1060 1247 de
1084 1211 1187 1264 qua
1210 1195 1407 1250 dicitur
1430 1216 1441 1250 :
1473 1198 1623 1262 Erat,
1651 1199 1840 1268 inquit,

274 1276 455 1330 tunica
486 1277 830 1346 inconsutilis,
855 1283 1330 1353 desupercontexta
1363 1304 1454 1356 per
1498 1298 1679 1342 totum.
1727 1289 1843 1343 Non

274 1367 419 1421 enim
438 1369 675 1424 hominis
697 1382 779 1426 est
794 1381 910 1427 arte
930 1375 1010 1428 vel
1028 1375 1237 1445 ingenio
1255 1372 1489 1432 cb’aritas
1512 1388 1837 1443 constructa,

270 1457 366 1511 sed
389 1456 486 1513 Dei
515 1469 600 1515 est
624 1461 823 1516 donum
850 1464 1027 1518 unitas
1052 1476 1104 1520 et
1131 1468 1368 1522 Charitas
1416 1470 1666 1526 Ecclesiae
1712 1487 1840 1525 con-

269 1555 420 1603 texta
473 1565 541 1605 ex
569 1553 860 1609 multarum
911 1557 1210 1612 animarum
1240 1560 1507 1615 insolubili
1555 1563 1832 1617 societate.

264 1639 386 1694 Non
414 1658 544 1714 ergo
590 1646 880 1701 scindenda
909 1647 1011 1702 fuit
1061 1650 1260 1714 tunica,
1306 1652 1431 1721 quia
1460 1668 1558 1707 nec
1597 1654 1834 1710 charitas

1960 496 2170 549 regnum
2204 492 2368 536 tuum.
2419 483 2488 537 Et
2535 486 2666 563 dixit
2712 488 2791 542 illi
2844 491 3033 549 Jesus:
3064 495 3227 553 Amen
3253 500 3368 556 dico
3399 505 3513 569 tibi,

1956 569 2109 623 hodie
2136 587 2331 625 mecum
2380 575 2481 628 eris
2537 576 2588 629 in
2627 580 2870 645 paradiso
2919 582 3067 654 (Luc.
3109 588 3284 661 χχιιι).
3328 590 3392 645 Et
3429 592 3516 647 hic

1948 652 2130 721 justus
2191 660 2332 714 inter
2405 663 2707 719 credentem
2776 675 2827 721 et
2886 652 3517 736 incredulnm'latrones

1953 746 2221 822 zequitatis
2247 753 2627 823 sutejudicium
2670 762 2919 816 ostendit.
2958 764 3101 820 Unus
3122 782 3187 821 ex
3212 769 3511 826 latronibus

1953 855 2071 893 enm
2111 832 2305 898 Judznis
2352 844 2754 916 blasphemabat
2800 866 2922 905 eum
2969 855 3151 909 dicens
3194 873 3207 910 :
3256 856 3313 913 Si
3362 870 3415 912 tu
3459 879 3511 915 c5

1950 927 2205 994 Christus,
2236 934 2433 1019 salvum
2460 936 2544 1004 fac
2565 941 2884 1008 temetipsum
2927 952 2973 996 et
3008 961 3119 997 nos.
3149 946 3253 1000 Iste
3282 964 3512 1018 namque

1949 1020 2214 1090 significat
2238 1039 2431 1094 corpus
2459 1026 2584 1081 illud
2603 1029 2796 1084 diaboli
2827 1034 2988 1101 quod,
3024 1035 3354 1093 incredulum
3391 1056 3507 1109 per-

1948 1132 2187 1177 manens,
2211 1134 2240 1171 a
2269 1120 2493 1175 veritate
2523 1121 2615 1175 Dei
2642 1122 2873 1178 alienum
2917 1136 3031 1188 est;
3087 1127 3237 1197 cujus
3262 1133 3506 1198 corporis

1946 1215 2103 1272 caput
2133 1209 2317 1264 eodem
2350 1211 2697 1268 dubitationis
2731 1216 2893 1271 verba
2937 1234 2949 1270 :
2999 1215 3057 1272 Si
3104 1230 3159 1271 tu
3202 1237 3276 1284 es,
3308 1221 3504 1292 inquit,

1944 1295 2112 1385 Filius
2148 1299 2264 1365 Dei,
2296 1301 2378 1354 dic
2403 1313 2457 1355 ut
2503 1302 2701 1374 lapides
2756 1307 2843 1359 isti
2878 1324 3035 1376 panes
3083 1309 3231 1376 ﬁant.
3262 1309 3352 1371 Ille
3377 1327 3505 1364 vero

1941 1391 2075 1447 alter
2110 1409 2166 1448 se
2200 1397 2414 1464 quidem
2440 1414 2559 1452 cum
2594 1401 2738 1454 socio
2765 1416 2860 1454 suo
2883 1401 3080 1470 justam
3117 1401 3389 1470 professus
3419 1412 3503 1457 est

1939 1485 2239 1553 suscepisse
2269 1486 2627 1547 damnationis
2680 1491 3018 1554 sententiam,
3063 1490 3342 1544 Dominum
3373 1508 3503 1546 vero

1936 1573 2070 1626 nihil
2098 1574 2219 1628 mali
2247 1586 2493 1645 agentem
2521 1592 2617 1647 pro
2667 1580 2778 1633 suis
2817 1588 2872 1633 et
2900 1581 3062 1633 totius
3102 1581 3279 1650 populi
3327 1581 3498 1637 ﬁdelis

1935 1667 2183 1735 cognovit
2208 1678 2424 1735 passum
2474 1684 2591 1723 esse
2637 1671 2889 1740 peccatis.
2946 1672 3074 1729 Nos.
3122 1674 3312 1741 inquit,
3350 1675 3495 1743 jttste

262 1732 440 1786 scindi
484 1743 665 1803 potest
713 1746 1045 1804 sanctorum,
1075 1755 1175 1794 nec
1212 1741 1389 1797 unitas
1417 1743 1598 1798 dividi.
1623 1742 1832 1798 'l‘imeat
1864 1725 1905 1782 Β
1931 1754 2263 1820 damnamur,
2297 1775 2415 1811 nam
2463 1760 2622 1828 digna
2670 1761 2822 1829 factis
2868 1762 3181 1831 recepimus;
3209 1764 3292 1815 Izic
3318 1774 3489 1816 autem

260 1821 431 1894 igitur
455 1824 638 1882 facere
664 1826 1002 1885 Christianus
1026 1831 1167 1899 quod
1211 1847 1315 1886 non
1346 1848 1509 1888 ausus
1529 1842 1611 1888 est
1652 1835 1831 1891 facere

256 1926 526 1985 paganus.
582 1916 845 1972 Dixerunt
891 1920 1033 1975 enim
1075 1922 1270 1977 milites
1310 1937 1325 1977 :
1367 1920 1489 1978 Non
1533 1926 1830 1980 scindantus

254 2020 402 2070 eam,
429 2005 521 2058 sed
549 2008 837 2061 sortiantur
881 2010 944 2063 de
984 2010 1075 2065 illa
1125 2012 1277 2081 cujus
1306 2014 1392 2067 sit.
1431 2012 1561 2068 Sors
1607 2024 1661 2069 et
1702 2032 1829 2085 pars

254 2106 446 2151 nostra
479 2095 738 2159 Dominus
765 2106 878 2164 est;
925 2101 1026 2156 hac
1052 2114 1198 2157 sorte
1235 2104 1626 2172 possidebimus
1646 2109 1824 2163 chari-

257 2196 452 2243 tatem.
478 2187 603 2245 Sine
625 2201 856 2260 quatuor
880 2191 1077 2247 milites
1100 2203 1332 2263 quatuor
1357 2196 1640 2269 designant
1664 2214 1825 2254 evan-

251 2278 502 2349 gelistas,
533 2281 622 2350 qui
641 2282 743 2336 sibi
770 2292 918 2353 gesta
950 2284 1157 2339 Domini
1188 2288 1456 2342 narranda
1503 2289 1820 2357 diviserunt,

248 2385 417 2424 unam
453 2380 631 2428 tamen
658 2389 844 2430 omnes
864 2385 1096 2446 quatuor
1137 2378 1393 2443 tunicam,
1431 2379 1482 2435 id
1511 2388 1615 2446 est,
1644 2381 1824 2437 chari-

251 2465 423 2513 tatcm
447 2459 647 2516 Christi
674 2463 1047 2532 prardicantes.
1106 2462 1287 2520 Omnis
1313 2469 1472 2533 enim,
1498 2477 1559 2523 ut
1581 2470 1656 2524 ait
1680 2472 1823 2541 Apo-

245 2549 445 2614 stolus,
471 2550 556 2606 lca:
580 2570 683 2607 uno
700 2554 990 2610 dilectionis
1007 2568 1242 2612 sertrtone
1264 2557 1594 2630 adimpletur.
1615 2560 1816 2618 Cuncta

242 2656 378 2713 ergo
402 2659 523 2714 quae
550 2660 580 2699 a
610 2658 841 2716 quatuor
878 2649 1219 2717 evangelistis
1266 2659 1416 2721 gesta
1456 2637 1665 2707 Domini
1693 2669 1820 2708 nar-

242 2742 462 2799 rantur,
493 2736 559 2790 ad
583 2753 746 2792 unum
776 2739 1058 2795 eharitatis
1106 2739 1267 2795 ﬁnem
1301 2742 1541 2808 tendunt,
1570 2759 1687 2814 quae
1717 2746 1816 2801 de-

238 2840 414 2896 super
442 2838 692 2884 contexta
723 2832 894 2886 scindi
923 2833 1006 2888 vel
1032 2831 1193 2888 dividi
1219 2834 1424 2904 nequit.

327 2918 705 2976 Prrctereuutes
734 2933 907 2976 autem
934 2924 1355 2994 blasphemabant
1393 2943 1527 2992 eum,
1556 2939 1812 2985 moventes

1929 1844 2058 1897 nihil
2090 1844 2214 1898 mali
2242 1846 2379 1915 fecit.
2399 1846 2441 1902 Ο
2471 1864 2659 1918 magna
2683 1849 2907 1904 latronis
2926 1851 3077 1915 ﬁdes,
3110 1853 3215 1907 imo
3240 1868 3488 1923 magnum

1927 1933 1980 1987 in
2008 1934 2213 1989 latrone
2242 1937 2477 2004 ejusdem
2510 1939 2719 1993 Domini
2758 1948 2812 1993 et
2855 1939 3053 2010 pietate
3080 1942 3292 2011 plenum
3322 1945 3485 2011 opus!

1927 2023 2208 2079 Hominem
2235 2026 2364 2081 vidit
2394 2029 2716 2097 pendentem
2745 2029 2797 2083 in
2843 2028 3015 2099 ligno;
3064 2047 3168 2085 non
3199 2048 3319 2086 eum
3357 2022 3488 2085 vidit

1924 2130 2096 2170 czecos
2122 2115 2537 2183 illuminantem,
2567 2119 2803 2189 leprosos
2824 2122 3188 2187 mundantcm,
3218 2121 3486 2176 dmmones

1922 2203 2245 2274 ejicientcm,
2283 2209 2457 2263 surdis
2512 2210 2750 2263 auditum
2804 2210 3199 2273 restituentem,
3245 2222 3485 2267 mortuos

1922 2297 2294 2362 suscitantem,
2320 2299 2385 2353 de
2414 2300 2650 2369 quinque
2685 2300 2914 2371 panibus
2936 2299 3169 2372 quinque
3193 2303 3357 2356 millia
3391 2319 3483 2372 po-

1917 2385 2027 2455 puli
2058 2386 2363 2449 satiantem,
2416 2389 2642 2457 pedibus
2688 2406 2848 2461 super
2897 2404 3045 2445 mare
3097 2391 3475 2452 ambulantem,

1918 2476 2012 2529 sed
2035 2489 2216 2531 secum
2248 2479 2527 2532 tormentis
2552 2479 2827 2545 amictum,
2860 2480 3140 2537 Dominum
3168 2490 3341 2535 tamen
3366 2498 3481 2535 ma-

1910 2564 2124 2635 jestatis
2155 2566 2404 2631 credidit,
2450 2583 2735 2639 regemque
2784 2572 3049 2641 cognovit.
3110 2570 3345 2637 Domine,
3399 2572 3479 2625 in-

1914 2655 2048 2724 quit,
2101 2668 2352 2710 memento
2398 2659 2513 2722 mei,
2556 2676 2673 2713 cum
2715 2662 2913 2715 veneris
2961 2662 3013 2715 in
3055 2676 3267 2731 regnum
3292 2663 3479 2715 tuum!

1914 2742 2241 2799 Cruciﬁxum
2274 2747 2425 2812 vidit,
2458 2754 2513 2801 et
2541 2748 2823 2802 Dominum
2884 2750 3196 2821 appellant;
3250 2749 3478 2805 moritu-

1913 2851 2033 2888 rum
2066 2850 2169 2890 non
2205 2836 2490 2903 dubitavit,
2520 2847 2643 2908 post
2685 2848 2911 2894 mortem
2956 2843 3072 2911 ejus
3117 2842 3343 2896 credidit
3392 2859 3475 2895 re-

1911 2941 2073 2996 gnum
2097 2941 2216 2981 esse.
2238 2925 2495 2982 futurum.
2521 2929 2656 2994 Hoc,
2679 2929 2895 2994 fratres,
2924 2947 3026 2984 non
3055 2931 3285 2986 hominis
3310 2932 3471 2996 illius,

235 3010 419 3079 capita
445 3027 543 3064 sua
580 3022 627 3065 et
652 3013 878 3067 dicentes
901 3027 920 3065 :
963 3013 1098 3079 Vah,
1152 3016 1242 3087 qui
1288 3016 1509 3071 destruis
1563 3018 1808 3088 templum
1837 3066 1878 3090 η
1911 3018 2003 3073 sed
2034 3016 2125 3072 Dei
2151 3027 2233 3072 est
2258 3017 2311 3071 in
2343 3020 2506 3073 corde
2549 3020 2781 3075 hominis
2806 3035 2939 3090 opus
2980 3021 3240 3076 mirabile.
3272 3021 3345 3076 De
3373 3024 3468 3077 do—

232 3099 362 3162 Dei,
391 3110 441 3153 et
465 3100 519 3154 in
545 3102 717 3155 triduo
744 3103 874 3157 illud
905 3099 1188 3173 recedi/iens
1210 3106 1231 3158 .'
1250 3105 1395 3160 salva
1442 3109 1762 3179 temetipsum
1788 3124 1807 3162 :

230 3193 285 3246 si
324 3190 493 3247 Filius
536 3191 631 3248 Dei
674 3211 748 3264 es,
781 3194 1030 3250 descende
1074 3196 1140 3251 de
1173 3212 1325 3252 cruce
1370 3195 1580 3271 (Matth.
1615 3201 1806 3274 xxvu).

232 3278 444 3338 Verum
494 3287 796 3343 nescientes
841 3288 1120 3354 dicebant;
1173 3290 1275 3343 hoc
1317 3292 1461 3345 enim
1488 3291 1632 3360 quod
1666 3308 1809 3349 nunc

234 3374 506 3433 Dominus
541 3379 669 3449 egit,
717 3379 784 3433 ad
836 3379 1155 3435 solutionem
1193 3381 1375 3451 templi
1410 3381 1525 3448 Dei,
1566 3384 1809 3453 Corporis

232 3468 493 3523 videlicet
512 3470 616 3535 sui,
647 3470 966 3538 pertinebat,
1001 3471 1142 3540 quod
1168 3479 1290 3541 post
1315 3471 1550 3528 triduum
1571 3474 1806 3530 resusci-

230 3566 361 3612 tans
387 3573 419 3611 a
449 3558 675 3613 mortuis
700 3558 1079 3614 reasdificabat.

306 3646 598 3704 llludcntes.
628 3658 801 3702 autem
824 3649 891 3713 ei,
907 3658 956 3703 et
980 3647 1167 3703 milites
1187 3650 1506 3716 accedentes,
1533 3661 1581 3705 et
1603 3662 1803 3707 acetum

227 3739 525 3807 oﬂ'erentes,
550 3738 630 3793 illi
659 3740 894 3793 dicebant
926 3755 944 3792 :
975 3738 1034 3796 Si
1057 3749 1111 3793 tu
1135 3757 1186 3793 es
1214 3758 1305 3794 rex
1333 3739 1658 3810 Judworum,
1690 3744 1801 3798 sal-

227 3847 351 3884 tum
378 3842 429 3884 te
454 3830 558 3900 fac.
592 3829 851 3885 Similiter
872 3842 921 3884 et
952 3832 1209 3902 principes
1232 3832 1557 3886 sacerdotum
1580 3833 1802 3889 illuden-

225 3933 307 3976 tes
325 3939 444 3975 cum
470 3924 652 3977 scribis
683 3933 730 3976 et
752 3924 1039 3978 senioribus
1060 3924 1296 3978 dicebant
1321 3939 1338 3976 :
1362 3925 1505 3978 Alios
1533 3926 1702 3980 salvos
1728 3927 1801 3996 [σε

227 4014 320 4075 cit,
352 4012 580 4083 seipsum
608 4027 710 4066 non
740 4022 905 4083 potest
943 4013 1145 4067 salvum
1192 4014 1381 4081 facere.
1431 4012 1490 4068 Si
1514 4031 1604 4069 rea:
1634 4015 1802 4071 Israel

222 4114 329 4163 est,
358 4103 640 4157 descendat
670 4120 804 4158 nunc
826 4103 891 4156 de
918 4120 1088 4168 cruce,
1116 4114 1162 4157 et
1189 4105 1446 4158 credimus
1483 4106 1561 4167 ei;
1589 4106 1802 4175 conﬁdit

224 4197 284 4249 in
313 4195 447 4259 Deo,
478 4193 653 4248 liberet
681 4211 816 4247 nunc
855 4211 997 4258 eum,
1051 4196 1096 4248 si
1146 4195 1284 4258 vult;
1329 4194 1461 4248 dixit
1489 4196 1646 4259 enim,
1677 4197 1800 4265 quia

227 4285 409 4339 Filius
438 4284 538 4338 Dei
562 4300 677 4341 sunt
723 4282 873 4356 (Luc.
916 4300 1081 4348 sxxu;
1110 4284 1299 4337 Matth.
1353 4284 1543 4356 xxvn).
1597 4284 1664 4337 Et
1700 4286 1802 4340 hoc

1835 3066 1880 3129 C

1913 3109 2085 3163 ctrina
2114 3108 2231 3178 eius
2257 3109 2387 3165 foris
2416 3112 2548 3168 nihil
2568 3114 2790 3180 audivit,
2820 3116 2912 3169 sed
2940 3116 3029 3185 qui
3083 3117 3306 3172 docebat
3329 3118 3473 3172 intus

1909 3200 2026 3255 fuit.
2053 3201 2118 3255 Et
2143 3202 2275 3257 dixit
2306 3200 2378 3257 illi
2404 3201 2558 3260 Jesus
2590 3222 2602 3258 :
2628 3205 2789 3260 Amen
2815 3206 2931 3260 dico
2959 3206 3072 3272 tibi,
3098 3208 3249 3262 hodie
3271 3225 3468 3263 mecum

1906 3291 2011 3345 eris
2034 3292 2087 3346 in
2117 3294 2453 3362 paradiso.in
2477 3295 2590 3365 ipso
2612 3297 2877 3366 passionis
2905 3298 3199 3354 Dominicze
3226 3308 3465 3369 tempore

1909 3398 2046 3436 unus
2067 3396 2133 3437 ex
2163 3383 2267 3437 illis
2297 3385 2386 3453 qui
2410 3401 2530 3439 cum
2551 3386 2778 3441 Domino
2800 3388 3042 3443 crucifixi
3075 3398 3220 3454 sunt,
3246 3389 3478 3444 latroni-~

1906 3472 2005 3526 bus
2035 3474 2315 3543 reprobus,
2350 3475 2486 3530 alter
2513 3477 2764 3533 inventus
2786 3488 2869 3534 est
2907 3479 3139 3545 electus;
3168 3489 3225 3534 ut
3262 3482 3468 3536 scilicet

1906 3577 2002 3616 nos
2029 3563 2441 3619 admoneremur
2465 3568 2569 3620 duo
2584 3583 2701 3623 esse
2729 3583 2923 3638 genera
2942 3570 3215 3624 hominum
3237 3589 3249 3624 :
3276 3586 3465 3636 unum,

1903 3651 2097 3721 quibus
2130 3654 2179 3706 in
2212 3654 2429 3709 sinistra
2476 3659 2736 3727 ponendis
2769 3659 3009 3715 dicturus
3034 3670 3116 3715 cst
3146 3660 3259 3732 ipse
3288 3661 3468 3715 Domi-—

1902 3758 2002 3797 nus
2028 3761 2040 3796 :
2075 3743 2329 3799 Discedite
2357 3763 2387 3798 a
2416 3763 2517 3810 me,
2542 3748 2828 3814 maledicti,
2861 3752 2917 3804 in
2960 3751 3127 3829 ignem
3183 3762 3464 3815 internum;

1902 3830 2144 3897 alterum,
2176 3835 2261 3888 cui
2304 3835 2357 3889 in
2404 3836 2623 3891 dextera
2674 3837 3038 3908 glorificandis
3092 3840 3359 3893 dicturum
3404 3855 3463 3894 se

1899 3924 2206 3992 promittit:
2256 3923 2449 3990 Venite,
2502 3926 2752 3980 benedicti
2804 3926 2980 3981 Patris
3032 3930 3153 3992 mei,
3208 3927 3464 3998 possidete

1900 4031 2113 4085 regnum
2150 4024 2392 4084 paratum
2420 4016 2560 4070 vobis
2586 4017 2649 4069 ab
2676 4018 2875 4087 origine
2914 4018 3116 4071 mundi.
3147 4017 3279 4073 Nam
3301 4027 3356 4072 et
3379 4019 3463 4075 hic

1898 4105 2100 4160 electus
2134 4091 2250 4158 'hoc
2278 4104 2450 4173 ipsum
2482 4117 2731 4173 precatus
2757 4115 2857 4171 est,
2912 4107 3150 4172 Domine,
3192 4107 3465 4176 inquiens,

1899 4204 2150 4249 memento
2185 4195 2309 4259 mei,
2338 4195 2463 4247 dum
2494 4195 2688 4248 veneris
2716 4197 2770 4249 in
2824 4213 3033 4265 regnum
3077 4206 3244 4250 tuum.
3290 4198 3462 4266 Regni
3538 4266 3539 4269 η
3578 4236 3583 4239 λ

1898 4286 2064 4357 ipsius
2090 4286 2292 4340 aditum
2318 4285 2627 4355 postulavit,
2655 4286 2795 4357 quod
2853 4287 3109 4343 Dominus
3136 4289 3189 4342 in
3221 4289 3324 4343 ﬁne
3350 4291 3464 4344 suis

221 4376 506 4445 principes
552 4369 885 4430 sacerdo'tum
931 4375 1160 4443 quodam
1218 4374 1375 4427 modo
1422 4374 1799 4444 propbaantes
1826 4418 1876 4477 Β
1901 4377 2133 4432 dandum
2164 4377 2348 4432 electis
2371 4378 2714 4446 promiserat.
2743 4378 2951 4443 Videte,
3008 4378 3222 4445 fratres,
3255 4389 3458 4434 tantum

221 4466 519 4522 dicebant:
550 4465 714 4531 Alios,
770 4466 960 4536 inquit,
1005 4465 1172 4519 salt-os
1221 4466 1359 4535 fecit,
1413 4483 1467 4520 se
1500 4467 1667 4537 ipsum
1696 4484 1798 4521 non

221 4567 397 4627 potest
422 4557 630 4612 salvum
656 4558 848 4627 facere.
869 4559 1070 4616 Gentes
1097 4561 1238 4620 enim
1262 4560 1438 4616 salvas
1462 4561 1604 4627 fecit,
1629 4559 1798 4617 Judzci

222 4659 438 4712 autem,
469 4650 765 4709 secundum
795 4665 1014 4709 carnem
1064 4653 1274 4722 cognati
1301 4662 1355 4705 et
1395 4654 1645 4722 proximi,
1678 4655 1797 4709 inﬁ-

220 4742 382 4795 deles
401 4750 834 4809 permanserunt.
860 4741 920 4796 Si
950 4758 1040 4796 rex
1062 4741 1231 4796 Israel
1247 4752 1342 4807 est,
1366 4743 1640 4798 descendat
1663 4761 1797 4798 nunc

216 4834 287 4886 de
317 4847 495 4895 cruce,
526 4842 573 4886 et
601 4832 858 4886 credimus
883 4834 949 4886 ei.
983 4832 1256 4898 Dominus,
1313 4834 1452 4904 quod
1497 4834 1799 4904 impossibi—

219 4925 330 4979 lius
371 4924 678 4988 videbatur,
727 4933 969 4979 mortuus
1019 4926 1255 4979 surrexit
1300 4925 1366 4980 de
1419 4926 1694 4996 sepulcro;
1724 4925 1799 4981 illi

220 5028 416 5073 tamen
447 5017 747 5086 resurgenti
775 5032 881 5071 non
908 5018 1268 5082 crediderant,
1318 5018 1410 5087 qui
1460 5032 1516 5073 se
1540 5017 1799 5087 promise-

218 5117 351 5164 rant
373 5108 689 5171 credituros,
725 5105 770 5160 si
792 5106 944 5160 vivus
974 5107 1323 5160 descenderet
1347 5106 1414 5160 de
1429 5119 1607 5160 cruce.

296 5197 453 5253 Unus
520 5207 693 5251 autem
733 5196 797 5250 de
842 5197 947 5262 Itis,
987 5196 1076 5267 qui
1123 5196 1429 5266 pendebant,
1484 5195 1794 5263 latronibus,

196 5289 618 5361 ‘blasphemabat
665 5306 782 5344 cum
822 5289 996 5343 dicens
1023 5304 1040 5343 :
1066 5287 1126 5343 Si
1155 5298 1208 5341 tu
1238 5305 1290 5342 es
1315 5286 1568 5351 Christus,
1594 5288 1792 5343 salvum

154 5428 163 5433 -
214 5385 311 5457 fac
338 5382 664 5452 temetipsum
690 5391 739 5435 et
769 5398 881 5435 nos.
907 5380 1236 5451 Respondeas
1264 5390 1434 5433 autem
1467 5379 1599 5434 alter
1629 5382 1795 5434 incre-

212 5471 384 5545 pabat
407 5468 558 5523 illum
583 5469 797 5523 dicens:
826 5468 1007 5541 Neque
1049 5478 1105 5521 tu
1132 5468 1277 5521 times
1325 5467 1509 5534 Deum,
1561 5470 1698 5534 quod
1742 5471 1796 5523 in

216 5563 411 5616 eadem
432 5558 766 5615 damnatione
786 5577 873 5625 es;
899 5570 947 5613 et
972 5575 1066 5614 nos
1085 5557 1290 5629 quidem
1309 5557 1477 5627 juste,
1501 5575 1617 5611 nam
1639 5558 1795 5628 digna

222 5653 386 5721 [actis
412 5651 718 5720 recepimus,
745 5650 829 5705 hic
867 5661 1038 5705 autem
1068 5646 1200 5704 nihil
1229 5646 1352 5701 mali
1381 5647 1518 5717 fecit.
1555 5648 1619 5701 Et
1657 5648 1795 5703 dice-

1904 4466 1996 4521 Dei
2028 4466 2243 4536 pietatis
2271 4466 2524 4521 indicium
2574 4482 2682 4522 uno
2708 4468 2890 4531 verbo,
2916 4476 2970 4522 et
3000 4468 3103 4522 boc
3133 4468 3471 4540 jainjamqne

1904 4559 2196 4613 moriturus
2216 4558 2395 4613 omnia
2418 4566 2542 4611 ante
2570 4568 2703 4613 actae
2729 4559 2851 4614 vitae
2871 4558 3065 4613 delevit
3089 4553 3327 4628 peccata.
3353 4561 3460 4613 Do—

1902 4650 2105 4703 minum
2165 4649 2443 4704 confessus
2489 4659 2603 4713 est;
2623 4659 2679 4704 et
2718 4650 2806 4703 illa
2852 4650 3186 4704 confessione
3225 4652 3459 4720 paradisi

1902 4739 2098 4791 meruit
2140 4739 2473 4808 ingressum;
2520 4749 2727 4809 martyr
2775 4755 3004 4808 namque
3043 4739 3213 4795 factus
3264 4751 3346 4794 est
3393 4758 3458 4797 ex

1901 4832 2129 4888 latrone.
2162 4834 2295 4888 Cum
2318 4849 2530 4890 crucem
2561 4836 2906 4899 ascendisset,
2952 4836 3087 4891 latro
3136 4846 3254 4892 erat
3292 4852 3308 4892 :
3339 4855 3458 4893 cum

1900 4923 1955 4976 in
1984 4939 2143 4979 cruce
2171 4927 2449 4994 penderet,
2481 4926 2760 4981 confessor
2786 4925 2959 4982 factus
3011 4935 3093 4983 est
3138 4937 3193 4982 et
3232 4938 3457 4999 martyr.

1898 5011 2016 5066 Non
2041 5014 2407 5084 desperemus,
2433 5015 2650 5080 fratres,
2666 5015 2732 5070 de
2760 5017 2998 5085 peccatis
3019 5018 3332 5086 prurteritis;
3355 5032 3459 5071 non

1899 5113 1980 5159 est
2005 5121 2155 5160 mora
2181 5107 2322 5175 apud
2350 5107 2708 5161 dimittentem
2734 5106 3036 5171 Dominum,
3071 5109 3115 5163 si
3136 5116 3354 5179 paratus
3376 5113 3462 5159 est

1900 5195 2110 5250 animus
2136 5204 2321 5250 noster
2343 5196 2409 5251 ad
2437 5196 2742 5251 confitenda
2767 5205 2818 5251 et
2865 5197 3209 5268 relinquenda
3240 5203 3457 5266 peccata
3536 5202 3543 5207 '

1900 5303 2019 5357 qua:
2049 5287 2295 5351 fecimus,
2332 5302 2545 5357 semper
2571 5288 2712 5342 enim
2740 5288 2858 5358 ejus
2903 5288 3283 5343 misericordiae
3308 5287 3463 5341 sinus

1900 5388 1982 5432 est
2001 5394 2065 5448 pa
2075 5386 2240 5433 ratus.
2259 5379 2325 5432 Et
2349 5379 2525 5433 videte
2544 5379 2686 5449 quod
2703 5380 2861 5433 ambo
2883 5386 3006 5433 ante
3025 5386 3178 5430 erant
3200 5376 3425 5431 latrones
3439 5412 3456 5442 ,

1900 5467 2023 5535 quia
2071 5467 2277 5522 scilicet
2320 5484 2477 5523 omne
2521 5484 2687 5539 genus
2741 5470 3029 5523 humanum
3078 5468 3309 5537 peccatis
3338 5477 3458 5524 erat

1900 5558 2341 5625 obnoxium;sed
2372 5575 2497 5629 pars
2518 5561 2812 5615 electorum
2855 5574 2883 5613 a
2931 5560 3164 5627 peccatis
3186 5559 3463 5624 desinens,

1903 5656 1956 5701 et
1984 5648 2051 5703 ad
2079 5648 2235 5704 fidem
2285 5664 2539 5705 conversa
2584 5649 2821 5720 ingressu
2875 5655 2959 5703 est
2987 5648 3142 5720 digna
3171 5650 3405 5721 paradisi
3437 5672 3451 5707 .-
