4008 6192
579 296 647 353 95
1664 292 1938 349 CANDIDI
1978 290 2359 351 FULDENSIS
2404 292 2709 352 MONACIII
3748 295 3815 353 96

580 427 704 481 pars
746 417 927 463 autem
968 401 1219 477 reproba,
1254 406 1411 475 quasi
1472 405 1609 460 latro
1663 406 1892 461 infidelis
1940 422 2151 476 perma-
2180 412 2226 470 Λ
2256 413 2479 464 traverit
2502 409 2777 479 plenitudo
2799 409 3058 479 gentium,
3084 423 3202 477 qua:
3232 424 3325 478 per
3370 404 3627 463 Joannem
3681 411 3817 465 desi-

577 520 731 568 nens,
763 503 883 573 igne
921 499 1189 570 punienda
1224 508 1306 553 est
1332 507 1552 553 :eterno.
1589 498 1780 564 Hodie,
1817 499 2010 568 inquit,
2039 516 2148 554 mc-

576 609 693 648 cum
718 595 821 646 eris
850 588 903 645 in
932 586 1199 660 paradiso.
1230 589 1478 644 Christus
1517 587 1711 644 Filius‘
1736 590 1829 645 Dei
1873 591 2149 646 divinitate

548 680 788 751 semper
816 680 979 735 estin
1014 680 1285 749 paradiso,
1329 680 1436 735 imo
1482 680 1595 750 ipse
1646 680 1881 736 ﬁdelium
1926 699 2147 737 suorum

534 775 541 783 ‘
577 774 884 843 paradisus,
920 772 969 825 id
992 779 1075 825 est
1098 771 1319 835 delicize,
1350 782 1404 825 et
1431 770 1657 826 felicitas
1678 781 1760 827 est
1780 778 1997 827 aeterna.
2014 773 2148 829 Cum

576 862 800 919 Domino
827 879 955 934 ergo
992 864 1043 917 in
1083 864 1332 932 paradiso
1386 864 1599 918 futurus
1642 873 1779 928 erat,
1817 865 1908 933 qui
1935 865 2000 918 ad
2031 862 2147 931 ejus

575 956 871 1010 divinitatis
894 956 1254 1025 cognitionem
1295 954 1666 1023 perducendus
1699 964 1838 1019 erat,
1866 954 2021 1023 cujus
2050 956 2148 1009 bu-

526 1114 531 1119 ,
575 1044 885 1099 mauitatem
912 1045 1189 1099 divinitate
1218 1054 1511 1114 potentem,
1539 1045 1705 1098 etiam
1750 1044 1802 1099 ln
1825 1057 1984 1100 cruce
2011 1061 2144 1116 pen-

576 1136 788 1190 dentem
815 1137 1032 1206 agnovit
1064 1152 1228 1190 :nam
1253 1137 1431 1190 anima
1488 1135 1686 1191 Christi
1737 1136 1825 1193 illo
1855 1137 1939 1192 die
1984 1136 2149 1193 infer-

574 1240 701 1281 num
720 1228 1027 1298 despolians
1042 1228 1332 1283 electorum
1351 1243 1569 1282 suorum
1595 1228 1802 1282 animas
1823 1228 1889 1283 ad
1911 1228 2147 1298 paradisi

575 1318 766 1387 gaudia
809 1320 1096 1389 produxit;
1148 1332 1342 1390 corpus
1366 1334 1494 1374 vero
1543 1320 1596 1373 in
1636 1320 1884 1389 sepulcro
1912 1321 2145 1391 positum

576 1410 737 1465 tertio
782 1411 982 1465 abhinc
1014 1412 1102 1469 die
1123 1428 1152 1464 a
1182 1420 1356 1466 morte
1383 1421 1465 1466 est
1494 1413 1869 1467 resuscitatum
1896 1420 2145 1481 suscepta
2182 1468 2183 1471 η

488 1540 493 1547 .
573 1512 675 1568 pro
702 1502 875 1556 nobis.
907 1500 1099 1557 Anima
1124 1517 1252 1575 ergo
1280 1503 1507 1559 latronis
1552 1520 1674 1559 cum
1722 1504 1889 1574 ipsius
1934 1503 2145 1557 Domini

575 1592 756 1645 anima
786 1591 852 1646 ad
879 1594 1113 1663 paradisi
1137 1594 1330 1664 gaudia
1360 1594 1473 1665 ipso
1500 1596 1585 1649 die
1629 1611 1734 1664 quo
1761 1596 1859 1649 hoc
1889 1595 2146 1649 Dominus

571 1684 837 1756 promisit,
866 1688 1122 1754 perducta
1147 1693 1247 1739 est.
1282 1685 1506 1749 Mecum,
1543 1686 1737 1755 inquit,
1779 1685 1879 1738 eris
1905 1686 1958 1738 in
1987 1701 2146 1752 para-

2249 508 2463 569 gnatur,
2495 508 2622 553 tunc
2652 500 2834 555 salvus
2880 502 2970 554 lict
3020 500 3196 554 omnis
3249 500 3434 564 Israel,
3461 503 3551 566 qui
3582 516 3677 571 per
3705 501 3812 555 Bla-

2250 592 2383 645 riam
2437 592 2659 661 intelligi
2707 601 2887 661 potest
2927 592 3255 663 designatus.
3457 592 3581 657 illa,
3624 593 3812 662 inquit,

2247 683 2377 736 hora
2405 675 2599 753 accepit
2622 696 2735 737 eam
2764 682 3053 753 discipulus
3085 682 3139 736 in
3188 699 3305 736 sua.
3345 682 3633 752 Postquam
3675 687 3813 740 enim

2246 772 2780 846 crediderltpopulus
2806 775 2894 830 ille
2931 770 3209 839 Judaieus‘,
3238 784 3363 829 tunc
3390 790 3455 829 ex
3484 774 3690 832 duobus
3728 777 3815 832 fiet

2246 879 2411 918 unum
2441 864 2581 918 ovile
2606 872 2662 918 et
2690 880 2828 919 unus
2854 873 3059 934 pastor.

2315 955 2357 1007 Α
2389 963 2534 1008 sexta
2562 965 2735 1008 autem
2764 955 2893 1009 hora
2920 954 3140 1009 tenebrtc
3168 954 3319 1023 facite
3347 964 3468 1009 sunt
3513 972 3669 1025 super
3701 958 3814 1011 uni-

2243 1061 2443 1099 versam
2463 1056 2655 1099 terram
2682 1063 2841 1115 usque
2871 1046 2942 1099 ad
2988 1046 3168 1099 horam
3197 1062 3423 1110 nonam;
3453 1060 3501 1100 et
3546 1049 3685 1101 circa
3722 1049 3814 1101 lto-

2245 1156 2358 1193 tam
2380 1156 2570 1195 nonam
2596 1141 2835 1197 clamavit
2862 1142 3016 1197 Jesus
3042 1159 3158 1197 voce
3181 1158 3370 1213 magna
3387 1144 3564 1199 dicens
3594 1163 3605 1198 :
3633 1145 3811 1208 Heloi,

2238 1228 2412 1287 Heloi,
2441 1233 2634 1282 lnntma
2670 1230 2981 1282 subactum!
3019 1230 3127 1281 Hoc
3148 1240 3219 1279 nt
3245 1244 3262 1280 :
3288 1233 3422 1280 {tum
3459 1243 3632 1287 metu;
3674 1242 3807 1279 Ueus

2234 1324 2589 1391 meus,utquitl
2609 1324 2928 1392 dereli'luisti
2946 1325 3283 1388 me?Quitlum
3303 1332 3475 1374 autent
3498 1322 3604 1373 illic
3616 1334 3727 1373 sitan
3739 1333 3809 1375 tes

2236 1422 2285 1468 et
2302 1416 2572 1468 audientes
2589 1416 2859 1469 dicebant:
2888 1413 3056 1469 Etiam
3084 1428 3226 1468 vocm
3253 1416 3350 1469 istc
3371 1413 3589 1484 (Matth.
3614 1416 3809 1475 ’χχι-ιη’

2240 1502 2456 1558 Αειιιιιθ
2494 1505 2623 1558 hora
2650 1506 2885 1559 tenebrae
2917 1506 3066 1559 facta:
3103 1514 3225 1557 sunt
3260 1521 3432 1572 usque
3486 1508 3550 1557 ad
3617 1506 3807 1558 horam

2244 1611 2464 1649 nonam.
2498 1594 2810 1648 Luminaria
2841 1610 2959 1664 quzc
3005 1596 3186 1665 posuit
3224 1593 3366 1649 Deus
3410 1604 3465 1649 ut
3492 1573 3731 1649 luderent
3761 1596 3810 1649 in

2245 1686 2586 1741 ﬁrmamento
2626 1685 2773 1751 cmli,
2821 1697 3119 1742 creatorem
3169 1702 3323 1742 suum
3373 1703 3480 1742 non
3526 1697 3815 1758 potuerunt

568 1778 707 1840 diso,
730 1776 901 1838 idest,
930 1776 1071 1830 sicut
1099 1790 1215 1830 mea
1236 1778 1415 1830 anima
1437 1777 1530 1831 Dei
1558 1788 1770 1845 semper
1788 1784 1871 1830 est
1898 1785 2139 1829 contem-
2171 1759 2216 1817 Β
2242 1778 2425 1833 videre
2472 1778 2793 1848 pendentem
2837 1791 2888 1833 ιιι
2941 1775 3105 1849 ligno,
3162 1787 3216 1834 et
3265 1779 3345 1834 eis
3389 1780 3688 1849 splendoris
3731 1781 3811 1835 sui

568 1868 801 1937 platione
826 1866 1003 1930 beata,
1021 1876 1076 1919 et
1100 1868 1167 1919 ab
1190 1868 1291 1921 hoc
1316 1868 1383 1921 ab
1398 1868 1544 1921 omni
1569 1866 1773 1936 peccati
1795 1868 2142 1936 corruptione

567 1968 624 2018 et
653 1959 1005 2014 mutabilitate
1038 1960 1308 2024 immunis,
1344 1961 1421 2015 ita
1467 1970 1520 2015 et
1549 1968 1635 2014 tua
1659 1960 1845 2015 eadem
1871 1969 1955 2015 est
1978 1960 2144 2015 fclici-

506 2062 515 2075 ‘
570 2059 703 2114 tate,
729 2051 1021 2104 miserante
1053 2051 1181 2116 Deo,
1214 2051 1369 2105 beata
1402 2050 1600 2105 futura.
1653 2048 1719 2105 Et
1765 2051 1900 2107 bene
1954 2049 2142 2113 hodie:

569 2142 637 2197 ad
670 2143 787 2197 illas
834 2144 978 2197 enim
1007 2144 1229 2198 delicias
1274 2153 1489 2204 aeterna:
1538 2144 1662 2198 vita:
1692 2143 1818 2199 felix
1844 2144 1931 2198 illa
1960 2144 2140 2198 anima

569 2233 912 2302 perducenda
943 2242 1080 2296 erat,
1111 2234 1162 2287 in
1206 2250 1310 2302 qua
1340 2250 1444 2288 non
1488 2251 1590 2289 nox
1625 2242 1681 2289 et
1706 2235 1842 2299 dies,
1872 2233 1964 2289 sed
1996 2230 2142 2288 solus

572 2338 713 2379 unus
736 2325 850 2380 dies
872 2333 956 2379 cst
985 2335 1238 2379 teternus.

1120 2415 1347 2473 CAPUT
1411 2414 1593 2472 XVIII.

639 2504 856 2559 Stabant
898 2516 1073 2560 autem
1120 2508 1277 2578 juxta
1332 2525 1534 2562 crucem
1554 2506 1690 2563 Iesu
1721 2521 1888 2566 mater
1916 2514 2049 2582 eius,
2093 2526 2143 2569 et

567 2614 718 2651 soror
746 2600 926 2653 matris
952 2599 1064 2669 ejus
1100 2599 1273 2654 Maria
1305 2599 1563 2670 Cleoplta',
1606 2612 1653 2654 et
1708 2600 1880 2657 Maria
1910 2598 2141 2676 Magda-

567 2688 699 2743 lene.
727 2686 858 2743 Cum
909 2692 1113 2745 vidisset
1156 2708 1275 2762 ergo
1304 2688 1462 2745 Iesus
1512 2702 1727 2746 matrem
1753 2704 1799 2748 et
1828 2692 2141 2766 discipulum

567 2788 792 2834 stantem
816 2798 964 2850 quem
993 2782 1262 2852 diligebat,
1290 2778 1415 2835 dicit
1436 2784 1588 2838 matri
1609 2802 1720 2839 sate
1743 2800 1761 2838 :
1794 2786 2004 2855 Mulier,
2028 2806 2142 2843 ecce

566 2870 709 2939 (ilius
770 2882 910 2926 tuus.
974 2864 1171 2927 Deinde
1213 2874 1339 2927 dicit
1395 2872 1652 2945 discipulo
1713 2892 1733 2930 :
1793 2875 1927 2931 Ecce
1976 2887 2143 2932 mater

566 2971 678 3016 tua.
720 2962 787 3016 Et
812 2980 877 3017 ea:
910 2963 1000 3017 illa
1033 2964 1162 3018 liora
1205 2966 1402 3035 accepit
1454 2982 1567 3020 eam
1619 2967 1673 3021 in
1716 2985 1813 3022 sua
1853 2968 2141 3039 discipulus

569 3053 749 3122 (Joan.
792 3054 927 3126 xu).
969 3052 1096 3109 Pius
1142 3056 1400 3111 Dominus
1449 3057 1667 3126 pietatis
1713 3073 1824 3113 sua:
1868 3058 2138 3116 excellens

569 3144 804 3198 ostendit
834 3146 1237 3223 documentum,
1284 3146 1527 3200 matrem
1557 3146 1763 3201 scilicet
1807 3150 1984 3204 carnis
2029 3165 2140 3205 sua:

490 3219 498 3227 ’
571 3247 678 3286 non
710 3219 1032 3302 despiciens,
1067 3235 1133 3288 ad
1184 3235 1483 3291 divinitatis
1526 3236 1740 3291 Patrem
1796 3240 2141 3309 transiturus,

571 3324 819 3378 sedeam
870 3324 1066 3379 dilecto
1107 3326 1492 3380 commendans
1538 3326 1823 3397 discipulo,
1868 3329 2145 3385 evidenter

574 3430 675 3469 nos
727 3415 1000 3469 instruens
1044 3417 1356 3487 parentibus
1410 3419 1612 3473 nostris
1654 3420 1771 3489 pios
1814 3420 2143 3476 exhibendas

573 3504 816 3559 allectus.
854 3507 921 3560 Et
967 3507 1163 3574 videte,
1209 3508 1426 3575 fratres,
1454 3512 1579 3580 quia
1628 3512 1889 3584 virginem
1917 3521 2142 3569 matrem

571 3598 769 3668 virgini
795 3599 1055 3668 discipulo
1083 3602 1460 3656 commendare
1487 3604 1735 3674 dignatus
1759 3614 1870 3671 est;
1920 3615 1979 3661 ut
2002 3606 2143 3662 scili-

572 3699 661 3745 cet
683 3698 942 3746 maternae
968 3691 1292 3763 virginitatis
1321 3704 1501 3749 custos
1543 3706 1710 3762 esset,
1738 3698 1830 3768 qui
1857 3714 1955 3769 pro
1976 3699 2145 3768 ipsius

576 3794 762 3835 amore
790 3796 943 3837 suum
987 3798 1017 3836 a
1063 3782 1268 3837 carnali
1298 3784 1702 3854 inquinamento
1724 3804 1920 3859 corpus
1948 3789 2145 3845 meruit

575 3887 900 3951 conservare
927 3873 1260 3929 inviolatum.
1297 3874 1403 3931 Sed
1431 3885 1485 3931 et
1507 3886 1619 3933 tres
1658 3877 1870 3934 femina:
1903 3878 2019 3935 ista:
2040 3881 2143 3935 tria

574 3961 827 4018 Ecclesia:
854 3962 1053 4020 Christi
1084 3980 1279 4037 genera
1301 3965 1609 4039 designant,
1649 3984 1767 4039 qua:
1791 3970 1846 4024 in
1875 3986 2006 4042 agro
2033 3972 2140 4026 Do-

577 4052 776 4108 minico
803 4054 1001 4109 trinum
1034 4056 1298 4112 ubertatis
1343 4056 1578 4113 fructum
1621 4058 1870 4125 aﬂ‘erunt,
1916 4062 2144 4117 centesi-

575 4160 743 4209 mum,
770 4147 1184 4218 sexagesimum,
1210 4156 1265 4202 et
1292 4149 1645 4221 trigesimum.
1677 4151 1846 4207 Mater
1864 4152 2007 4206 enim
2028 4153 2145 4223 ejus

573 4235 728 4305 virgo
746 4244 801 4291 et
826 4251 982 4292 soror
1013 4239 1201 4293 matris
1236 4239 1404 4295 Maria
1441 4252 1626 4311 nupta,
1650 4251 1706 4298 et
1732 4242 1899 4298 Maria
1930 4243 2143 4314 Magda-

574 4326 695 4381 lene
716 4327 829 4396 jam
861 4330 1163 4384 continens.
1194 4330 1327 4385 Tota
1365 4348 1494 4403 ergo
1544 4344 1851 4389 sanctorum
1901 4337 2141 4393 Ecclesia

576 4418 632 4473 lii
661 4425 771 4473 tres
798 4428 925 4473 sunt
948 4421 1145 4491 gradus
1171 4439 1184 4474 :
1213 4422 1465 4493 virgines,
1507 4428 1844 4482 continentes
1877 4438 1933 4483 et
1958 4429 2142 4504 conju-

575 4508 711 4577 gati,
744 4523 971 4578 quarum
996 4520 1171 4566 tamen
1194 4514 1433 4568 omnium
1461 4515 1621 4569 trium
1653 4532 1757 4571 non
1784 4517 1927 4575 aliud
1977 4536 2141 4590 quam

579 4601 745 4656 Maria
768 4616 963 4657 nomen
983 4611 1085 4657 est.
1120 4603 1195 4658 Es
1228 4607 1478 4661 omnibus
1511 4610 1653 4664 enim
1703 4609 1824 4664 istis
1850 4611 2139 4683 eliguntur,

572 4690 641 4746 de
668 4693 865 4762 quibus
902 4693 1017 4764 ipse
1072 4695 1146 4749 ait
1195 4713 1209 4749 :
1247 4695 1350 4763 Qui
1380 4698 1555 4767 fecerit
1606 4698 1916 4755 voluntatem
1967 4701 2143 4759 Patris

574 4785 694 4849 mei,
722 4786 830 4856 ipse
857 4803 1004 4841 meus
1029 4787 1214 4857 frater,
1244 4800 1291 4844 et
1320 4808 1485 4854 soror,
1514 4801 1560 4845 et
1610 4803 1779 4847 mater
1802 4803 1896 4860 est.
1929 4794 2140 4863 Frater,

578 4883 637 4928 ut
665 4876 815 4947 virgo
842 4874 1110 4945 Joannes;
1150 4897 1317 4944 soror,
1358 4882 1594 4953 virgines
1617 4897 1881 4952 generous
1931 4895 1989 4940 ut
2011 4902 2143 4941 con-

570 4962 776 5036 jugati;
807 4975 974 5020 mater
995 4968 1107 5037 jam
1153 4970 1459 5025 carnalibus
1503 4970 1703 5040 nuptiis
1732 4972 2007 5028 abstinens
2035 4975 2143 5044 spi-

580 5054 849 5110 ritualiter
874 5054 1147 5111 Christum
1187 5058 1240 5112 in
1276 5061 1437 5116 corde
1465 5076 1729 5131 generatis
1770 5063 2097 5117 continentia
2126 5081 2139 5117 :

574 5162 645 5213 eo
671 5147 833 5201 modo
854 5148 1092 5216 quotidie
1119 5149 1372 5206 Ecclesia:
1391 5149 1694 5206 efﬁciuntur
1715 5152 1832 5217 lilii,
1857 5169 1964 5224 quo
1984 5156 2142 5211 modo

571 5234 812 5292 Joannes
829 5236 1024 5309 legitur
1044 5237 1183 5293 filius
1210 5239 1327 5294 ﬁeri
1353 5240 1549 5293 Mariae.
1571 5240 1676 5295 Sed
1691 5251 1743 5295 et
1769 5242 1911 5296 aliud
1935 5254 2138 5312 mystc-

583 5347 717 5385 rtmn
764 5334 868 5388 hoc
915 5335 1033 5388 loco
1080 5333 1337 5388 Dominus
1361 5334 1643 5405 designare
1677 5335 1904 5400 videtur,
1936 5337 2141 5392 scilicet

578 5422 719 5487 quod
749 5424 889 5480 sicut
909 5424 1009 5478 hoc
1029 5438 1194 5493 prope
1221 5433 1449 5478 mortem
1471 5425 1582 5493 egit
1609 5435 1835 5479 matrem
1862 5441 2138 5481 commcn—

582 5510 717 5566 dans
742 5514 1021 5582 discipulo,
1070 5515 1147 5569 sic
1190 5523 1246 5568 et
1297 5530 1463 5585 prope
1517 5515 1676 5571 linem
1705 5517 1886 5571 mundi
1914 5518 2141 5588 pepulus

578 5595 908 5670 Judzeorum,
935 5622 999 5662 ex
1028 5622 1135 5676 quo
1155 5608 1447 5662 secundum
1477 5624 1695 5664 carnem
1733 5619 1889 5665 natus
1914 5621 2015 5674 est,
2046 5627 2140 5680 po-

582 5692 708 5765 pulo
731 5698 1185 5755 commendandus
1208 5708 1291 5756 est
1337 5700 1699 5767 credentium;
1724 5718 1846 5758 cum
1886 5702 2025 5758 enim
2056 5703 2136 5758 in-

2241 1870 2418 1925 lumcn
2445 1870 2721 1934 exhibere,
2746 1884 2973 1940 quormn
3019 1870 3180 1925 corda
3222 1870 3568 1924 obtenebrata
3614 1872 3812 1925 bonmn

2241 1959 2493 2015 dicebant
2524 1960 2748 2024 malum,
2778 1967 2835 2014 et
2860 1959 3061 2013 malmn
3084 1959 3333 2014 dicebant
3352 1959 3637 2019 bonum,et
3666 1969 3808 2014 lene-

2241 2053 2368 2105 bras
2404 2053 2599 2115 lucem,
2633 2060 2689 2105 et
2714 2051 2886 2105 lucem
2920 2050 3189 2115 tenebras,
3215 2049 3509 2104 Barabbam
3532 2050 3815 2120 eligentes,

2240 2139 2523 2207 etJesum,
2552 2150 2610 2194 ut
2632 2141 2965 2211 perderetur,
3014 2149 3276 2209 petentes.
3322 2140 3427 2195 Sed
3475 2149 3530 2194 et
3572 2140 3717 2194 aliud
3759 2142 3811 2194 in

2240 2229 2371 2284 hora
2390 2230 2730 2283 tenebrarum
2748 2238 2923 2299 potest
2951 2230 3172 2301 intelligi
3196 2231 3455 2286 secretius
3486 2232 3804 2303 mysterium

2242 2318 2571 2390 ﬁguratum,
2625 2319 2833 2374 scilicet
2882 2321 3023 2389 quod
3075 2327 3195 2391 post
3245 2330 3524 2391 peccatum
3568 2321 3695 2375 Adze
3745 2322 3813 2375 ad

2243 2426 2433 2465 auram
2455 2419 2575 2479 post
2612 2409 2892 2465 meridiem
2930 2410 3153 2476 factum,
3210 2412 3443 2466 tenebra:
3472 2421 3626 2466 erant
3649 2426 3818 2483 super

2244 2510 2412 2556 totam
2438 2510 2661 2569 terram,
2689 2503 3058 2574 ignorantibus
3081 2506 3386 2559 hominibus
3408 2505 3575 2560 Deum
3603 2518 3815 2561 creato-

2242 2608 2355 2648 rem
2387 2580 2564 2658 suum,
2593 2608 2761 2663 usque
2783 2594 2909 2648 dum
2936 2594 2987 2648 in
3016 2596 3325 2651 novissimis
3356 2598 3685 2666 temporibus
3710 2597 3816 2651 Do-

2243 2684 2420 2739 minus
2447 2686 2699 2741 misertus
2721 2686 2934 2757 generis
2963 2686 3182 2741 humani
3223 2701 3439 2742 carnem
3469 2699 3729 2751 sumeret,
3763 2699 3818 2744 et

2242 2777 2422 2831 crucis
2443 2760 2659 2846 pennam
2685 2778 2909 2833 subiret.
2948 2778 3013 2831 Et
3039 2793 3180 2833 nona
3209 2779 3340 2832 hora
3367 2778 3622 2835 amittens
3650 2781 3818 2851 spiri-

2244 2871 2356 2919 tum
2384 2881 2507 2920 mox
2553 2872 2843 2938 resurgens
2875 2869 3132 2923 mundum
3175 2884 3269 2922 sua
3296 2869 3543 2939 dignatus
3564 2878 3645 2945 est
3693 2871 3821 2925 illu-

2243 2956 2447 3011 minare
2492 2957 2737 3011 veritate.
2773 2958 2843 3012 Et
2882 2958 3025 3013 circa
3068 2959 3257 3013 horam
3307 2975 3504 3014 nonam
3556 2960 3822 3016 clamavit

2241 3046 2398 3103 Iesus
2436 3060 2566 3104 voce
2607 3063 2841 3119 magna:
2875 3049 3014 3104 Deus
3050 3065 3216 3116 meus,
3264 3052 3445 3123 utquid
3495 3068 3574 3105 me
3625 3046 3823 3108 dereli-

2243 3139 2438 3210 quisti?
2478 3139 2583 3195 Pro
2619 3154 2816 3212 genere
2857 3142 3091 3196 humano
3119 3143 3259 3197 unde
3300 3157 3495 3212 corpus
3520 3144 3823 3214 assumpsit

2243 3230 2488 3313 Christus
2509 3233 2714 3298 oravit;
2744 3233 2897 3303 quasi
2924 3234 3065 3289 enim
3087 3250 3143 3289 se
3167 3235 3480 3290 derelictum
3508 3236 3662 3301 dixit,
3691 3251 3820 3291 cum

2242 3335 2411 3391 genus
2437 3322 2730 3377 humanum
2776 3324 3069 3379 secundum
3114 3325 3501 3380 humanitatem
3554 3326 3656 3380 sibi
3694 3344 3824 3397 pro-

2241 3412 2500 3482 pinquum
2548 3414 2782 3468 tenebrae
2831 3414 3135 3469 obtinerent
3188 3415 3537 3487 ignoratiouis
3577 3416 3699 3471 Dei.
3728 3417 3824 3472 Ila.-

2243 3509 2369 3556 sunt
2389 3516 2519 3573 ergo
2548 3502 2784 3557 tenebrae
2807 3519 2927 3573 qua:
2958 3504 3113 3560 facta:
3147 3514 3272 3560 sunt
3297 3521 3327 3560 a
3354 3516 3504 3561 sexta
3535 3508 3666 3562 hora
3693 3523 3827 3574 pec-

2242 3595 2350 3651 cati
2371 3594 2499 3651 Adae
2514 3610 2684 3665 usque
2707 3596 2774 3651 ad
2791 3612 2989 3652 nonam
3013 3598 3202 3653 boram
3227 3599 3414 3655 mortis
3431 3599 3507 3655 Cb
3517 3600 3651 3661 risti,
3671 3600 3828 3669 quod

2243 3687 2487 3743 homines
2534 3688 2840 3758 ignorantes
2885 3705 3067 3745 veram
3122 3690 3318 3757 lucem,
3363 3676 3499 3761 qua;
3534 3692 3680 3747 Deus
3713 3703 3823 3757 est,

2245 3777 2481 3831 tenebris
2506 3787 2852 3851 peccatorum
2873 3781 3195 3835 tenebantur
3218 3781 3428 3848 inclusi.
3447 3781 3552 3837 Pro
3574 3784 3660 3838 bis
3689 3800 3827 3855 ergo

2244 3870 2418 3924 oravit
2437 3868 2720 3936 Dominus,
2746 3879 2881 3926 etut
2923 3888 3028 3926 non
3055 3873 3519 3944 derclinqueretur
3545 3876 3824 3940 obtinuit;

2246 3975 2371 4014 nam
2403 3946 2746 4016 illucescente
2771 3962 3047 4018 Dominico
3077 3980 3304 4035 surgens
3336 3981 3366 4020 a
3392 3969 3639 4032 mortuis,
3692 3972 3828 4024 data
3890 4005 3899 4015 .

2243 4058 2339 4113 est,
2386 4048 2578 4119 inquit,
2626 4052 2753 4105 mihi
2800 4053 2967 4107 omnis
2995 4065 3220 4124 potestas
3263 4057 3317 4111 in
3342 4055 3468 4111 caelo
3496 4072 3541 4111 et
3568 4060 3620 4112 in
3650 4072 3827 4127 terra,

2244 4149 2298 4196 et
2316 4150 2376 4196 ut
2394 4143 2631 4197 tenebrm
2657 4159 2687 4196 a
2714 4144 2913 4199 mundo
2925 4147 3256 4202 auferantur.
3281 4147 3382 4214 Ite,
3406 4149 3599 4219 inquit,
3620 4152 3679 4205 in
3706 4156 3832 4207 uni-

2244 4249 2444 4286 uersum
2469 4234 2739 4300 mundum,
2778 4232 3059 4305 pra'dicate
3100 4238 3443 4309 Evangelium
3484 4244 3625 4296 omni
3669 4262 3834 4299 crea-

2244 4331 2393 4376 turae.
2425 4320 2565 4402 petis
2589 4338 2751 4388 meus,
2766 4342 2927 4396 quare
2953 4343 3033 4381 me
3054 4327 3416 4397 dereliquisti?
3442 4330 3497 4385 Id
3519 4341 3619 4399 est,
3642 4349 3834 4402 quare

2740 4378 2791 4396 .,
2878 4378 2917 4380 η
3442 4378 3497 4385 --
3522 4378 3619 4399 νυγν
3645 4378 3833 4402 ιι---ην

2245 4378 2721 4483 genus'humanum
2750 4432 2780 4469 a
2812 4424 2864 4471 te
2889 4427 2997 4471 tam
3040 4417 3131 4472 diu
3173 4419 3489 4475 derelictum
3515 4432 3618 4487 est,
3646 4433 3717 4478 ut
3748 4427 3833 4481 tui

2245 4520 2349 4558 non
2396 4505 2625 4574 accipiat
2671 4509 3070 4577 cognitionem,
3123 4507 3318 4578 quibus
3370 4514 3606 4569 tenebris
3670 4518 3833 4572 nulla

2239 4594 2411 4661 major
2455 4610 2574 4650 esse
2617 4606 2792 4667 potest
2842 4599 3048 4669 caligo?
3075 4600 3305 4667 Quidam
3348 4620 3478 4659 vero
3510 4606 3779 4663 dicebant
3814 4629 3828 4663 :

2241 4683 2415 4738 [fliam
2437 4696 2583 4740 vocat
2608 4689 2722 4741 iste.
2742 4686 2971 4759 Propter
2995 4691 3383 4763 aliquantulam
3403 4698 3832 4758 similitudinem

2241 4771 2335 4825 Dei
2364 4774 2618 4839 nominis,
2637 4777 2778 4845 quod
2804 4786 2886 4831 est
2924 4777 3099 4844 Heloi,
3138 4791 3193 4835 et
3220 4786 3452 4840 nominis
3474 4786 3629 4851 Elim,
3657 4804 3836 4861 puta-

2242 4862 2370 4916 bant
2392 4862 2666 4920 Hebraica:
2687 4865 2877 4937 lingua:
2902 4869 3072 4939 ignari
3103 4871 3387 4930 Dominum
3439 4877 3540 4931 sibi
3570 4882 3622 4933 in
3658 4887 3836 4939 auxi-

2244 4951 2371 5006 lium
2395 4954 2564 5009 Eliam
2588 4972 2828 5013 vocasse.

2236 5124 2247 5135 ,
2314 5061 2503 5119 Postea
2528 5067 2690 5120 sciens
2740 5067 2894 5123 Iesus
2916 5068 3043 5140 quia
3069 5075 3188 5142 jam
3238 5080 3415 5133 omnia
3443 5096 3834 5142 consummata

2242 5167 2383 5221 sunt,
2417 5168 2470 5210 ut
2494 5173 2941 5215 consummaretur
2979 5162 3250 5236 Scriptura
3269 5169 3430 5234 ,dicit
3458 5187 3478 5226 :
3506 5171 3670 5227 Sitio.
3718 5175 3837 5233 Vas

2240 5262 2360 5316 ergo
2378 5248 2602 5317 positum
2628 5260 2739 5303 erat
2764 5262 2907 5306 aceto
2928 5252 3161 5325 plenum,
3208 5270 3257 5313 et
3303 5259 3547 5314 continuo
3588 5280 3870 5339 ρειγν-(τηε,

2240 5352 2374 5389 unus
2415 5354 2478 5390 ex
2528 5338 2600 5392 eis
2651 5354 2910 5413 acceptam
2959 5348 3228 5416 spongiam
3274 5350 3499 5421 implevit
3548 5366 3733 5422 aceto,
3780 5375 3838 5416 et

2240 5423 2457 5493 hyssopo
2498 5428 2900 5501 circumponens,
2945 5434 3126 5489 obtulit
3156 5438 3236 5492 ori
3282 5440 3417 5509 ejus.
3446 5442 3635 5497 (ἔτειοτὶ
3696 5466 3841 5505 vero

2238 5516 2474 5572 dicebant
2499 5536 2517 5572 :
2550 5520 2671 5575 Siue
2691 5523 2955 5578 videamus
2982 5544 3051 5580 an
3076 5531 3241 5583 veniat
3263 5532 3409 5588 Elius
3438 5534 3671 5591 liberans
3696 5558 3839 5598 eum

2241 5606 2455 5677 (Matth.
2503 5611 2691 5681 xxvn).
2745 5613 3032 5680 Dominus,
3083 5618 3243 5675 homo
3286 5622 3477 5688 factus,
3536 5628 3843 5690 humanus

2239 5702 2458 5761 allectus
2494 5707 2593 5762 sibi
2642 5724 2762 5764 cum
2804 5710 3073 5779 voluisset,
3103 5715 3338 5785 admisit,
3376 5722 3580 5790 eisque,
3633 5739 3834 5793 prout
