4064 6190
314 350 387 403 ειἸ
1344 340 1762 397 OPL'SCULUM
1806 339 1893 394 DE
1928 334 2260 392 PASSIONE
2296 331 2553 389 DOMINI.
3488 326 3559 382 98

326 461 521 523 voluit,
542 458 806 512 utebatur.
835 455 1000 511 Sitirc
1032 469 1089 511 se
1116 454 1272 518 dixit,
1307 454 1491 521 utique
1511 467 1694 505 verum
1718 449 1885 514 dixit;
1919 458 1963 516 Α
1992 447 2211 517 spiritus
2253 444 2361 500 Deo
2407 442 2554 498 Patri
2597 441 2808 504 obtulit,
2861 440 2975 496 sive
3017 438 3431 509 praecedentium
3477 440 3560 493 in-

332 552 511 606 sitivit
555 564 679 617 ergo
718 547 932 617 quando
974 545 1160 605 voluit,
1208 554 1263 597 et
1311 550 1572 612 quantum
1615 539 1799 593 voluit.
1829 539 1896 593 Ut

327 660 465 713 ergo
500 649 966 697 cunsumntaretur
1020 637 1315 706 Scriptura.
1369 636 1525 690 dicit:
1577 634 1732 687 Sitio.
1787 631 1898 689 lloc

326 734 521 795 sitivit,
551 740 795 785 utconsu
818 739 1092 783 rmaretur
1120 727 1396 795 Scriptura
1421 741 1538 794 qua:
1566 725 1638 777 ait
1678 739 1691 776 :
1718 724 1781 777 In
1810 724 1897 777 siti

325 839 442 875 mea
465 829 768 891 putauerunt
790 834 869 871 me
892 828 1055 870 aceto.
1089 816 1194 869 Sed
1238 815 1355 869 silis
1403 814 1513 868 lucc
1549 812 1760 867 Domini
1787 828 1903 865 ma-

328 929 497 983 gnum
529 911 683 964 nobis
712 910 883 962 innuit
907 923 1016 961 suae
1037 907 1294 960 bonitatis
1321 914 1717 961 sacramentum
1737 945 1751 967 ,
1778 919 1898 956 nam

327 1013 383 1055 ct
406 1018 568 1070 supra
594 1002 644 1054 in
666 999 955 1067 Evangelia
972 1014 1165 1068 aquam
1189 997 1518 1053 sedaturum
1546 995 1895 1066 dixit;quam,

330 1095 424 1162 qui
453 1094 681 1155 biberet,
715 1106 818 1144 non
866 1090 1043 1143 sitiret
1069 1089 1121 1141 in
1162 1095 1444 1148 mternum,
1474 1100 1666 1154 aquam
1698 1080 1901 1138 scilicet

330 1192 514 1244 vivam
538 1189 820 1242 salientem
854 1187 904 1240 in
937 1186 1098 1242 vitam
1123 1194 1398 1240 :ctcrnam.
1416 1182 1513 1249 Qui
1545 1195 1672 1248 ergo
1691 1175 1901 1230 czcteris

333 1279 478 1333 hanc
503 1278 632 1331 dare
662 1277 853 1346 potuit,
884 1275 1068 1343 utique
1099 1290 1258 1341 quam
1288 1273 1539 1335 habt-bat,
1584 1268 1748 1323 dedit.
1796 1267 1905 1319 Ali-

330 1368 465 1437 quid
515 1382 645 1435 crgo
688 1366 855 1419 sitivit
897 1373 952 1420 et
987 1363 1198 1427 esuriit,
1230 1362 1356 1416 illud
1386 1360 1590 1416 scilicet
1614 1358 1755 1429 quod
1783 1357 1858 1411 ait
1887 1374 1899 1409 :

336 1460 491 1514 Heus
518 1460 663 1511 cibus
689 1468 763 1510 cst
804 1466 858 1509 ut
886 1456 1080 1525 faciant
1123 1453 1441 1507 voluntatem
1483 1451 1596 1521 ejus
1632 1449 1723 1521 qui
1765 1448 1905 1505 misit

335 1570 441 1613 me,
467 1561 524 1603 ut
557 1549 823 1621 perﬁciam
855 1565 983 1617 opus
1008 1548 1143 1616 ejus.
1182 1545 1315 1599 Sitis
1339 1544 1546 1598 Domini
1593 1551 1650 1597 et
1702 1542 1906 1596 esuries

336 1642 523 1696 fuit-ut
548 1638 897 1708 perﬁceretur
915 1651 1051 1709 opus
1089 1635 1205 1698 Dei,
1238 1642 1298 1688 ut
1322 1633 1529 1688 salvum
1559 1635 1710 1687 fieret
1740 1646 1906 1703 genus

316 1731 669 1790 humanum;
702 1729 802 1781 hoc
850 1727 909 1780 in
951 1740 1111 1780 cruce
1163 1725 1400 1794 pendens
1447 1723 1669 1795 intelligi
1713 1723 1905 1787 voluit,

338 1837 466 1875 eum
487 1819 641 1872 sitire
669 1834 727 1873 se
757 1817 980 1877 diceret,
1005 1815 1275 1879 videlicet,
1315 1824 1377 1868 ut
1398 1814 1746 1883 perficeretur
1773 1828 1907 1881 opus
1936 1803 1982 1861 B

341 1911 465 1973 Dei,
490 1918 545 1963 et
571 1916 743 1962 morte
776 1907 954 1963 carnis
979 1922 1089 1961 sua:
1111 1913 1328 1975 peracta
1359 1904 1510 1959 fieret
1524 1919 1690 1973 genus
1716 1904 1909 1957 huma-

342 2016 474 2056 num
496 2014 527 2052 a
553 2006 725 2052 morte
759 2006 961 2051 :cterna
991 1995 1294 2052 liberatum.
1344 1994 1450 2050 Sed
1504 2009 1624 2049 cum
1669 1995 1770 2047 hoc
1798 1992 1910 2063 ipse

343 2090 526 2153 vellet,
567 2086 734 2143 Judaei
779 2086 1075 2141 offerebant
1121 2085 1171 2139 ei
1232 2093 1463 2148 acetum,
1507 2099 1627 2139 cum
1655 2084 1910 2139 contrarii

346 2182 442 2238 Dei
468 2182 572 2251 pia:
600 2178 857 2234 voluntati
878 2176 1190 2240 existerent,
1230 2184 1285 2230 et
1308 2190 1480 2245 usque
1512 2174 1670 2229 hodie
1718 2175 1910 2229 adver-

345 2274 480 2331 sarii
505 2280 872 2343 permaneant.
906 2269 1129 2325 Acetum
1154 2283 1368 2339 quoque
1394 2268 1628 2323 Domino
1657 2266 1906 2329 olleruut,

346 2367 628 2439 perfidiam
654 2364 860 2420 scilicet
880 2378 1032 2417 suam
1059 2372 1113 2417 et
1155 2363 1413 2417 malitiam
1439 2369 1627 2417 contra
1654 2360 1913 2430 praedica-

346 2458 552 2512 tionem
583 2454 903 2524 evangcliete
931 2453 1209 2517 doctrinae,
1261 2452 1412 2521 quasi
1438 2462 1648 2506 acetum
1689 2451 1914 2507 amaris-

346 2550 546 2604 simum
593 2547 676 2605 oti
724 2545 932 2601 Domini
971 2552 1330 2615 opponentes;
1387 2558 1512 2597 nam
1564 2557 1684 2596 cum
1729 2543 1911 2595 viuum

347 2643 569 2697 salubre
597 2641 666 2695 sit
685 2639 826 2709 quod
868 2637 1126 2693 Dominus
1155 2637 1301 2691 dedit
1329 2637 1513 2691 dicens
1543 2654 1556 2688 :
1585 2634 1777 2704 Diliges
1808 2632 1914 2687 Da-

347 2734 551 2785 minum
592 2730 758 2785 Deum
789 2741 934 2783 tuum
965 2746 1029 2782 ea:
1064 2738 1169 2784 toto
1198 2727 1373 2782 corde.
1415 2725 1483 2781 Et
1532 2724 1713 2795 diliges
1736 2739 1913 2793 pron-

348 2842 493 2879 mum
524 2835 669 2878 tuum
693 2824 825 2879 sicut
857 2832 905 2875 te
928 2823 1115 2892 ipsum,
1144 2818 1310 2875 ,111ᾱωί
1334 2820 1399 2874 de
1429 2820 1530 2873 hoc
1558 2818 1914 2872 saluberrimo

348 2926 481 2988 potu
511 2924 720 2969 acetum
768 2914 1048 2968 horrendae
1068 2911 1440 2966 amaritudinis
1460 2909 1770 2973 eﬂ‘ecerunt,
1792 2914 1941 2965 cum‘

348 3019 408 3065 et
436 3008 649 3062 Domini
676 3007 911 3062 salubria
942 3014 1205 3077 prmeepta
1233 3006 1447 3059 dantem
1470 3003 1655 3057 audire
1698 3001 1915 3055 mallent

348 3101 516 3167 quam
540 3097 748 3151 docenti
768 3096 1006 3157 obedire,
1035 3104 1087 3150 et
1112 3094 1381 3157 eumdem,
1412 3093 1575 3147 Deum
1599 3091 1709 3162 jam
1733 3090 1912 3161 proxi-

353 3206 502 3244 mum
525 3188 628 3242 sibi
652 3187 922 3242 hominem
956 3185 1156 3241 factum
1187 3201 1292 3239 non
1346 3185 1483 3239 sicut
1515 3198 1573 3237 sc
1623 3183 1767 3252 ipsos
1793 3181 1916 3236 dili-

351 3289 561 3351 gerent,
585 3280 677 3334 scd
707 3280 861 3348 quasi
888 3295 996 3333 sua:
1009 3278 1197 3333 salutis
1220 3278 1430 3333 hostem
1447 3274 1757 3344 turpissimo
1776 3289 1919 3331 mor-

352 3373 426 3425 tis
447 3385 639 3436 genere
667 3369 1108 3424 condemnarent.

426 3462 557 3516 Cum
580 3480 701 3533 ergo
726 3463 999 3531 accepisset
1034 3460 1189 3515 Jesus
1223 3468 1445 3521 acetum,
1473 3458 1604 3517 dixit
1627 3472 1645 3511 :
1675 3456 1921 3511 Consum-

350 3563 555 3607 matum
592 3561 688 3605 est.
739 3551 806 3603 Et
851 3550 1083 3603 clamans
1132 3566 1249 3603 uoce
1294 3565 1481 3618 magna
1513 3548 1630 3601 ait:
1663 3544 1842 3612 Pater,
1866 3547 1921 3601 in

351 3658 542 3695 manus
566 3652 681 3694 tuas
702 3640 998 3693 commendo
1027 3640 1264 3709 spiritum
1294 3654 1497 3702 meum;
1523 3647 1570 3691 et
1595 3638 1704 3691 lucc
1724 3636 1916 3700 dicens,

352 3734 604 3787 inclinato
653 3733 818 3803 capite
862 3732 1077 3784 tradidit
1121 3732 1359 3801 spiritum
1406 3731 1585 3801 (Joan.
1631 3747 1752 3795 xu;
1790 3729 1917 3783 Luc.

354 3822 537 3894 mu).
584 3822 1019 3878 Consummatum
1080 3821 1214 3875 dixit
1263 3822 1428 3876 Vetus
1485 3821 1920 3891 Testamentum,

354 3914 618 3984 quidquid
658 3922 784 3967 ante
824 3911 938 3981 ejus
981 3922 1207 3966 mortem
1248 3912 1727 3967 consummaudum
1772 3918 1918 3977 erat;

355 4005 473 4059 sive
516 4012 940 4057 consummatum
983 4002 1119 4057 dixit
1138 4018 1272 4072 opus
1317 4002 1503 4056 salutis
1548 4002 1812 4065 humanm,
1858 4002 1923 4056 de

355 4109 488 4162 quo,
512 4102 573 4145 ut
593 4106 752 4162 supra
778 4092 1030 4153 diximus,
1062 4092 1173 4161 ipse
1204 4092 1493 4145 Dominus:
1526 4089 1703 4154 Cibus,
1731 4090 1920 4158 inquit,

358 4200 506 4240 meus
544 4192 637 4247 est,
682 4191 735 4234 ut
778 4182 969 4252 faciam
998 4182 1306 4235 voluntatem
1338 4180 1513 4233 Patris
1534 4182 1661 4244 mei,
1692 4189 1747 4233 ut
1772 4181 1923 4247 perﬁ-

356 4276 498 4328 ciam
529 4290 654 4342 opus
690 4272 819 4342 ejus.
858 4272 923 4329 Et
968 4272 1091 4344 alibi
1123 4290 1135 4326 :
1167 4272 1299 4341 Ego,
1337 4272 1530 4340 inquit,
1562 4281 1608 4325 te
1642 4271 1924 4337 clariﬁcaui

355 4382 520 4435 super
539 4376 745 4429 terram,
770 4383 895 4436 opus
921 4366 1271 4421 consummavi
1288 4364 1423 4434 quod
1443 4362 1628 4418 dedisti
1649 4364 1793 4417 mihi.
1815 4363 1924 4418 Hoc

359 4476 491 4528 ergo
504 4474 637 4527 opus
656 4474 772 4512 cum
789 4467 1232 4521 consummasset,
1251 4456 1501 4513 inclinato
1521 4456 1695 4526 capite
1709 4456 1925 4515 tradidit

360 4549 646 4618 spiritum;
693 4548 845 4619 quasi
902 4549 1042 4602 enim
1088 4547 1339 4619 .qutedam
1408 4546 1680 4601 inclinatio
1733 4546 1923 4615 capitis

360 4638 560 4692 Christi
593 4638 707 4701 fuit,
740 4638 880 4710 quod
926 4637 1085 4701 Deus,
1128 4637 1217 4706 qui
1260 4637 1496 4693 omnium
1536 4636 1642 4690 vita
1675 4642 1777 4699 est,
1804 4651 1925 4688 σοι’-ν

361 4744 496 4797 pore
524 4728 660 4781 mori
688 4742 784 4797 pro
819 4727 973 4781 nobis
1012 4726 1346 4795 dignaretur;
1386 4724 1575 4793 factus,
1614 4732 1673 4777 ut
1701 4721 1926 4791 Aposto-

363 4817 448 4873 lus
483 4818 577 4880 ait,
613 4817 851 4870 obediens
895 4815 1045 4870 Patri
1086 4831 1243 4884 usque
1286 4814 1354 4870 ad
1389 4824 1623 4867 mortem.
1652 4812 1924 4867 Inclinatio

362 4921 495 4976 ergo
519 4906 712 4974 capitis
732 4904 947 4961 humilis
972 4903 1087 4972 ejus
1106 4903 1406 4958 obedieutta
1432 4910 1536 4964 est,
1561 4916 1689 4971 qua,
1709 4908 1767 4953 ut
1794 4913 1926 4968 opus

364 4997 509 5066 quod
546 4996 692 5059 dedit
736 4996 783 5049 ei
825 4994 984 5048 Pater
1028 5001 1507 5053 consummaretur,
1545 4998 1784 5045 mortuus
1822 4996 1923 5050 est,

366 5095 428 5141 ut
456 5102 553 5141 nos
576 5087 684 5167 Deo
705 5086 849 5141 Patri
872 5086 1166 5140 vivificatos
1182 5083 1419 5139 oﬂ'erret.
1447 5080 1704 5155 Tradidit,
1733 5077 1926 5146 inquit,

368 5177 627 5248 spiritum,
666 5178 818 5247 quasi
856 5185 1170 5247 potestatem
1207 5177 1411 5231 habens
1440 5171 1668 5243 ponendi
1694 5171 1927 5227 animam

370 5284 545 5332 suam,
594 5276 648 5323 et
688 5276 1008 5336 potestatem
1050 5267 1252 5322 habens
1289 5263 1592 5319 resumendi
1628 5276 1765 5316 eam.
1800 5259 1931 5314 Tra-

371 5359 512 5412 didit
548 5359 816 5429 spiritum,
863 5359 1078 5413 diceus:
1110 5355 1289 5417 Pater,
1325 5357 1379 5408 in
1424 5371 1609 5408 manus
1647 5362 1763 5407 tuas
1795 5366 1933 5405 com-

371 5448 562 5505 mendo
592 5450 829 5517 spiritum
856 5465 1043 5502 meum.
1084 5447 1269 5500 Nullus
1309 5446 1527 5514 spiritus
1558 5460 1588 5500 a
1616 5442 1795 5499 mundi
1830 5441 1931 5498 iui—

373 5542 455 5595 tiu
492 5542 717 5596 traditus
744 5540 844 5595 fuit
885 5541 937 5594 in
984 5553 1171 5593 manus
1211 5537 1634 5604 Dci,antequam
1682 5533 1936 5590 Dominus

374 5646 535 5688 suum
575 5631 625 5684 in
657 5630 786 5697 'cjus
824 5645 1012 5683 manus
1055 5627 1304 5681 traderet.
1345 5625 1475 5678 Cum
1515 5638 1641 5692 ergo
1681 5639 1832 5677 suum
1883 5624 1933 5675 in

376 5737 573 5775 manus
611 5720 781 5773 Patris
807 5719 1059 5782 traderet,
1106 5717 1341 5770 omnium
1385 5715 1675 5769 electorum
1718 5731 1933 5768 suorum

1996 537 2360 594 carnationem
2424 532 2593 602 ejus,-
2635 533 2746 589 sive
2807 530 3278 600 subsequentium;
3328 529 3432 584 hoc
3480 538 3566 585 est

1997 626 2141 681 enim
2189 624 2337 694 quod
2371 622 2658 696 Apostolus
2702 621 2779 674 ait
2822 621 2873 674 in
2925 621 3029 674 fine
3071 618 3255 675 mundi
3304 618 3563 673 futurum.

1999 713 2152 777 Cum,
2202 713 2395 781 inquit.
2435 709 2706 764 tradiderit
2753 725 2963 776 regnum
3008 707 3116 761 Deo
3162 704 3333 771 Patri,
3379 707 3429 763 id
3482 717 3566 761 est

1999 803 2200 857 electos
2229 818 2353 857 suos
2381 816 2569 856 omnes
2595 800 2765 854 solum
2791 798 3028 852 effecerit
3056 797 3148 854 Dei
3181 812 3424 867 regnum,
3454 796 3572 851 nul-

1999 896 2157 966 loque
2196 906 2450 969 regnante
2480 905 2701 965 peccato
2740 894 2813 947 illi
2852 893 2904 948 in
2947 894 3053 947 Deo
3082 895 3398 963 regnabunt.
3430 903 3483 949 et
3517 894 3571 948 in

2001 989 2104 1041 illis
2127 988 2282 1043 Deus.
2306 989 2515 1041 dicente
2537 986 2681 1056 ipso:
2712 983 2908 1048 Venite,
2930 985 3182 1054 possidete
3204 1000 3414 1054 regnum
3431 985 3569 1055 quod

2001 1077 2139 1130 vobis
2170 1089 2406 1145 paratum
2450 1088 2520 1128 est
2550 1075 2613 1129 ab
2644 1075 2839 1144 origine
2872 1074 3073 1129 mundi.
3103 1073 3271 1127 Suum
3301 1090 3427 1144 ergo
3469 1075 3571 1128 im-

2004 1166 2325 1220 maculatum
2357 1174 2412 1219 et
2450 1165 2564 1219 sine
2603 1171 2821 1237 peccato
2860 1163 3105 1232 spiritum
3156 1164 3209 1217 in
3242 1178 3430 1216 manus
3475 1163 3574 1217 Pa-

2004 1256 2104 1310 tris
2134 1256 2299 1319 dedit,
2326 1264 2378 1309 et
2420 1255 2521 1308 hoc
2565 1255 2618 1307 in
2664 1254 2816 1307 nobis
2848 1262 3118 1325 operatur.
3176 1261 3235 1306 ut
3282 1252 3575 1307 Ecclesium

2004 1362 2155 1402 suam
2185 1362 2288 1401 non
2318 1346 2601 1400 habentem
2632 1344 2893 1399 maculam
2923 1358 3096 1413 neque
3123 1358 3307 1415 rugam
3333 1343 3384 1397 in
3413 1343 3580 1414 ipsius

2005 1451 2196 1494 manus
2226 1437 2400 1493 tradat
2427 1436 2511 1493 cui
2541 1451 2694 1490 suum
2725 1434 3121 1490 commendavit
3145 1434 3413 1507 spiritum.

2584 1544 2809 1602 CAPUT
2839 1543 2980 1599 XIX.

2078 1638 2146 1692 Et
2180 1654 2293 1695 ecce
2322 1635 2485 1701 velum
2513 1635 2685 1706 templi
2723 1635 2942 1691 scissum
2970 1643 3044 1689 est
3084 1635 3140 1690 in
3167 1634 3301 1689 duas
3329 1644 3502 1706 partes
3545 1652 3579 1689 a

2009 1748 2212 1787 summa
2256 1746 2415 1800 usque
2446 1721 2733 1794 deorsum;
2761 1737 2808 1784 et
2844 1739 2983 1782 terra
3028 1737 3167 1781 mota
3196 1739 3292 1792 est,
3333 1736 3380 1781 et
3422 1739 3580 1797 petra?

2009 1822 2183 1875 scissa:
2204 1830 2341 1882 sunt,
2375 1828 2420 1873 et
2446 1829 2776 1872 monumenta
2814 1827 2990 1887 aperta
3021 1827 3172 1882 sunt;
3199 1827 3246 1871 et
3275 1818 3437 1872 multa
3464 1834 3577 1872 cor-

2007 1929 2138 1983 pora
2167 1920 2482 1972 sanctorum,
2509 1908 2596 1978 qui
2626 1907 2968 1971 dormierunt,
3016 1915 3373 1970 surrexerunt,
3402 1917 3449 1960 et
3482 1922 3575 1960 ea:-

2011 2010 2190 2055 euntes
2218 2005 2281 2052 de
2306 1997 2647 2069 monumentis
2689 2005 2801 2066 post
2843 1996 3269 2052 resurrectionem
3297 1996 3410 2068 ejus
3436 2013 3584 2051 vene~

1993 2103 2131 2146 .runt
2186 2091 2240 2144 in
2289 2099 2522 2145 sanctam
2569 2088 2844 2151 civitatem,
2895 2096 2943 2140 et
3001 2096 3354 2157 apparuerunt
3401 2087 3579 2141 multis

2013 2182 2346 2255 (Matth.wa
2379 2176 2420 2245 ).
2444 2172 2700 2235 Moriente
2729 2177 2941 2233 Christo
2982 2177 3156 2233 velum
3204 2186 3328 2232 ante
3379 2177 3583 2234 Sancta

2012 2284 2322 2331 sanctorum
2360 2287 2655 2341 expansum
2693 2269 2921 2327 scissum
2966 2277 3047 2323 est
3090 2269 3142 2322 in
3180 2268 3314 2323 duas
3347 2279 3525 2339 partes
3550 2285 3583 2326 a

2012 2380 2224 2421 summo
2271 2377 2439 2431 usque
2472 2362 2741 2416 deorsum.
2788 2358 3005 2412 Fratres
3042 2357 3168 2421 mei,
3197 2372 3342 2412 mors
3384 2356 3585 2416 Christi

2015 2460 2231 2532 aperuit
2280 2459 2435 2513 nobis
2487 2465 2695 2511 secreta
2748 2455 3048 2510 cmlestium
3090 2461 3582 2517 sacramentorum;

2014 2551 2189 2615 nobis,
2219 2550 2310 2622 qui
2351 2550 2641 2613 credimus,
2690 2556 2873 2618 aperta
2916 2556 3041 2621 sunt
3081 2561 3144 2601 ea
3191 2560 3309 2616 qua:
3340 2544 3587 2599 velantur

2013 2646 2081 2698 ab
2112 2643 2403 2697 incredulis
2445 2640 2699 2713 mysteria
2729 2640 2927 2695 divina.
2975 2638 3221 2706 Quandiu
3251 2637 3393 2693 enim
3417 2651 3587 2709 popa.

2013 2735 2099 2790 lus
2137 2732 2441 2788 Judzeorum
2486 2740 2543 2785 et
2582 2730 2840 2786 increduli
2880 2729 3078 2799 quique
3120 2744 3228 2783 non
3267 2727 3498 2784 credunt
3530 2728 3583 2782 iu

2014 2822 2310 2889 Christum,
2342 2824 2586 2878 velamen
2626 2822 2853 2891 positum
2884 2828 2967 2877 est
3001 2831 3125 2873 ante
3164 2819 3347 2874 oculos
3374 2832 3585 2882 eorum,

2015 2925 2074 2971 ut
2103 2916 2451 2970 non‘videaut
2476 2922 2623 2983 gesta
2656 2913 2744 2968 illa
2770 2913 2988 2981 antiqua
3013 2925 3206 2966 novam
3250 2909 3582 2981 srguificasse

2016 3005 2333 3076 evangelica?
2357 3004 2539 3074 gratiae
2570 3004 2764 3069 vitam;
2798 3019 2917 3058 cum
2954 3018 3078 3057 vero
3103 3002 3375 3058 Christum
3404 3000 3579 3059 credit

2020 3099 2383 3162 incarnatum,
2426 3108 2662 3167 passum,
2686 3105 2739 3152 et
2785 3111 2814 3150 a
2862 3096 3087 3151 mortuis
3130 3095 3467 3159 suscitatum,
3498 3110 3588 3149 se-

2022 3189 2342 3257 dentemque
2372 3202 2403 3241 a
2431 3186 2636 3242 dextris
2678 3186 2793 3250 Dei,
2833 3184 3010 3240 velum
3050 3186 3099 3240 ei
3138 3185 3432 3249 scindetur,
3464 3197 3591 3255 ape-

2021 3280 2351 3346 rienturque,
2396 3292 2515 3346 qua:
2562 3284 2685 3330 ante
2716 3275 2890 3330 velata
2939 3278 3114 3339 erant,
3144 3275 3339 3349 divina:
3379 3275 3590 3346 dispen-

1926 3397 1934 3405 ο
2020 3370 2245 3428 sationis
2273 3377 2482 3424 secreta
2527 3367 2799 3438 mysteria.
2829 3365 2910 3420 Ad
2945 3367 3047 3421 hoc
3090 3365 3284 3435 quippe
3323 3365 3591 3434 pendebat

2023 3461 2195 3515 velum
2233 3460 2287 3512 in
2334 3448 2528 3528 templo
2560 3456 2767 3512 Veteris
2805 3456 3154 3521 Testamenti,
3183 3472 3252 3512 ne
3279 3456 3507 3525 populus
3534 3464 3591 3512 et

2021 3552 2282 3607 intrantes
2315 3550 2513 3620 quique
2547 3547 2911 3603 indifferenter
2938 3548 3181 3602 viderent
3225 3547 3418 3604 Sancta
3467 3563 3591 3602 san-

2021 3650 2231 3695 ctorum
2263 3640 2315 3694 in
2363 3640 2557 3710 quibus
2596 3646 2714 3692 erat
2758 3652 2884 3693 arca
2935 3638 3169 3702 Domini,
3199 3649 3254 3693 et
3286 3652 3448 3707 super
3471 3652 3591 3692 eam

2022 3732 2126 3786 duo
2158 3731 2457 3795 cherubim,
2487 3738 2542 3785 et
2571 3738 2785 3795 czetera,
2820 3745 2939 3801 quae
2969 3745 3075 3785 non
3112 3737 3225 3784 toto
3249 3730 3464 3799 populo,
3495 3728 3591 3784 sed

2022 3822 2150 3877 solis
2177 3821 2546 3879 sacerdotibus
2574 3822 2798 3876 videnda
2827 3829 3001 3876 erant.
3029 3820 3161 3875 Cum
3190 3835 3319 3891 ergo
3345 3819 3592 3875 Christus

2021 3927 2118 3981 pro
2163 3911 2317 3965 nobis
2363 3911 2495 3966 mori
2543 3909 2874 3981 dignaretur,
2908 3918 3090 3980 aperta
3120 3917 3264 3974 Sunt,
3307 3925 3425 3979 qua:
3466 3918 3592 3963 ante

2020 4000 2195 4055 velata
2219 4007 2397 4064 erant,
2425 3998 2631 4054 Veteris
2659 4000 2983 4055 Testamenti
3010 3999 3284 4073 mysteria.
3316 3999 3450 4054 Nam
3476 4015 3593 4055 om-

2022 4092 2109 4145 nia
2159 4092 2246 4145 illa
2293 4091 2583 4147 hostiarum
2623 4100 2677 4145 et
2706 4092 3093 4148 sacrificiorum
3137 4074 3504 4162 genera,‘qua:
3535 4093 3588 4147 in

2020 4180 2188 4235 veteri
2229 4180 2343 4249 lege
2381 4178 2560 4233 ofl'erri
2608 4181 2855 4235 mandata
2890 4193 3037 4246 sunt,
3073 4196 3234 4236 unam
3273 4182 3419 4238 illam
3465 4198 3596 4237 san-

2022 4278 2165 4325 ctam
2222 4278 2276 4323 et
2325 4267 2647 4339 singularem
2703 4270 2933 4324 hostiam
2989 4270 3279 4326 Dominica:
3325 4272 3592 4340 passionis

2019 4360 2465 4433 praenuntiabant.
2493 4359 2626 4413 Cum
2654 4375 2782 4431 ergo
2807 4361 2921 4432 ipse
2944 4377 3040 4431 pro
3067 4362 3251 4417 mundi
3274 4362 3448 4417 salute
3478 4362 3586 4417 Deo

1951 4482 1999 4541 ι)
2023 4466 2183 4520 super
2223 4451 2390 4505 altare
2434 4452 2611 4506 crucis
2644 4452 2820 4506 hostia
2854 4452 3155 4515 suavissimi
3188 4452 3370 4509 odoris
3397 4452 3589 4506 immo-
3652 4452 3662 4460 ’

2025 4543 2242 4605 Iaretur,
2293 4552 2415 4595 tunc
2461 4551 2702 4611 apertum
2731 4552 2867 4607 erat,
2895 4544 3036 4611 quod
3071 4543 3157 4598 diu
3187 4553 3341 4598 antea
3376 4543 3589 4598 celaba-

2026 4640 2137 4696 tur,
2164 4632 2367 4687 scilicet
2391 4632 2517 4700 quid
2559 4632 2646 4686 illa
2676 4649 2795 4705 qua:
2824 4634 2896 4687 ibi
2939 4634 3285 4704 gerebantur,
3328 4635 3594 4706 signiﬁca-

2028 4732 2169 4778 rent.
2232 4722 2301 4777 Et
2348 4722 2742 4792 terra,.inquit,
2768 4733 2906 4777 mota
2942 4734 3035 4777 est.
3069 4723 3319 4778 Terrena:
3344 4724 3595 4780 videlicet

2026 4813 2408 4883 promissiones
2433 4852 2447 4877 ,
2492 4813 2631 4867 sicut
2667 4813 2793 4867 illud
2839 4814 2979 4882 quod
3031 4817 3109 4868 eis
3160 4814 3588 4883 promittebatur,

2033 4911 2172 4958 terra
2197 4903 2333 4957 lacte
2368 4912 2422 4957 et
2468 4903 2624 4958 melle
2653 4903 2842 4989 fluens,
2879 4916 2935 4959 et
2962 4905 3189 4960 filiorum
3220 4915 3579 4979 nopotumque

2032 4992 2332 5056 multitudo,
2379 5000 2435 5047 et
2472 5000 2683 5057 cartera,
2727 4993 2782 5051 in
2819 4994 3013 5063 quibus
3060 5003 3187 5051 tunc
3231 4996 3320 5049 ille
3366 4995 3592 5065 populus

2032 5080 2413 5145 delectabatur,
2450 5082 2743 5151 promissa.
2795 5081 2900 5137 Per
2939 5092 3167 5140 mortem
3218 5098 3347 5154 ergo
3392 5080 3592 5138 Christi

2032 5172 2133 5225 ista
2158 5171 2266 5238 jam
2296 5172 2551 5226 vilescere
2579 5185 2878 5242 coeperunt,
2910 5175 3131 5230 meliora
3168 5173 3507 5244 sperantibus
3539 5184 3594 5232 et

2035 5258 2269 5313 firmiora
2304 5268 2514 5314 mlcrna:
2541 5259 2808 5315 felicitatis
2836 5263 3115 5333 promissa.
3148 5242 3214 5316 Et
3236 5273 3394 5333 petrae
3418 5265 3593 5321 scissa!
3638 5242 3641 5245 Ι

2034 5358 2173 5401 sunt.
2208 5350 2346 5402 Dura
2389 5359 2442 5403 ct
2469 5351 2647 5418 gravia
2681 5353 2876 5407 veteris
2911 5353 3042 5422 legis
3064 5367 3227 5408 onera
3271 5353 3337 5407 ad
3380 5354 3593 5409 miseri~

2037 5438 2273 5492 cordiam
2301 5454 2448 5493 novae
2474 5442 2657 5510 gratiae
2690 5444 3099 5507 transferuntur,
3131 5451 3189 5496 ut
3212 5454 3451 5513 peccata,
3475 5462 3594 5516 qua:

2039 5536 2163 5581 tunc
2207 5528 2318 5581 sola
2365 5544 2575 5599 semper
2619 5542 2790 5587 inerte
2836 5532 3220 5602 plectebantur,
3264 5534 3591 5602 poenitentia)

2038 5635 2177 5674 nunc
2224 5622 2374 5673 suavi
2424 5621 2770 5677 medicamine
2815 5623 3111 5678 deleantur.
3151 5623 3218 5679 Et
3263 5636 3591 5680 monumenta

2038 5725 2213 5785 aperta
2254 5728 2391 5769 sinit.
2433 5717 2812 5786 Prophetarum
2860 5719 3113 5788 praesagia
3153 5720 3378 5775 veritate
3424 5735 3589 5790 appa-
