4064 6190
537 359 606 414 99
1622 357 1892 414 csxnun
1932 355 2308 413 rccosxsxs
2347 322 2649 413 nossent

3651 362 3752 415 100

542 470 692 528 rente
711 474 1044 542 panduntur.
1083 471 1189 529 Nec
1226 474 1343 528 sine
1385 487 1567 537 causa,
1597 473 1791 528 fratres
1823 489 1950 537 met,
1977 480 2093 526 erat
2120 479 2169 540 Α
2193 468 2317 539 quia
2357 485 2473 522 vera
2515 469 2659 533 dicit,
2705 478 2759 521 ut
2805 480 2851 523 et
2884 485 2967 523 vos
2995 469 3237 525 credatis.
3268 469 3434 526 Facta
3470 483 3590 527 sunt
3618 477 3754 529 enim

535 568 697 633 quod,
725 564 937 619 Christo
967 574 1298 636 resurgente,
1336 567 1621 621 multorum
1661 567 1823 622 etiam
1870 580 2092 635 corpora

532 654 753 709 exibant
786 655 852 707 de
882 656 1259 720 monumentis,
1294 668 1349 711 et
1380 667 1742 727 apparuerunt
1779 658 1977 723 multis,
2020 658 2096 711 vi-

462 744 465 749 ’
534 746 742 809 delicct,
775 754 834 799 ut
878 746 1016 801 sicut
1052 747 1303 816 primitia:
1349 748 1691 802 morientium
1720 748 1965 803 Christus
2011 763 2095 811 re-

533 840 767 892 surrexit
797 855 826 892 a
858 840 1100 902 mortuis,
1137 841 1207 893 ita
1238 849 1292 893 et
1323 854 1418 894 nos
1448 855 1551 893 non
1582 840 1883 898 dubitemus
1916 854 2095 895 resur-

532 936 776 982 recturus
817 944 976 982 carne
1026 929 1077 981 in
1125 928 1416 982 novissimo
1450 929 1554 984 die.
1605 928 1763 983 Solus
1802 930 1944 983 enim
1993 944 2093 1000 pro

498 1024 777 1079 .omnibus
819 1035 1058 1078 mortuus
1085 1031 1187 1085 est,
1233 1040 1336 1080 non
1378 1033 1553 1078 autem
1594 1023 1738 1079 solus
1777 1016 2119 1088 resurrexit,'

466 1174 478 1195 κ
528 1130 674 1169 mors
718 1131 947 1183 namque
988 1113 1103 1181 ejus
1130 1114 1418 1171 vivificatio
1459 1125 1539 1167 est
1581 1124 1933 1174 mortuorum,
1965 1114 2090 1183 quia

525 1222 686 1261 nemo
718 1206 853 1259 alter
880 1207 957 1259 sic
993 1206 1126 1259 mori
1171 1206 1360 1275 potuit.
1407 1214 1462 1259 ut
1509 1221 1606 1259 sua
1646 1214 1818 1260 morte
1850 1215 2090 1260 mortuos

524 1297 830 1352 suscitaret.
880 1294 1037 1350 Solus
1094 1296 1278 1366 igitur,
1332 1303 1391 1348 ut
1439 1295 1692 1359 diximus.
1732 1296 1806 1349 ita
1847 1304 2091 1349 mortuus

516 1396 624 1451 est,
658 1399 716 1442 ut
745 1405 889 1441 mors
921 1389 1030 1457 ipsa
1056 1386 1377 1441 resurrectio
1413 1386 1565 1439 ﬁeret
1592 1400 1711 1439 mor
1736 1400 1943 1441 uorum.

582 1477 836 1531 Centurio
874 1488 1067 1537 autem.
1098 1487 1144 1531 et
1177 1478 1264 1547 qui
1295 1493 1411 1529 cum
1441 1492 1499 1529 eo
1538 1485 1707 1540 erant,
1749 1476 2089 1529 custodientes

519 1567 721 1632 Iesum,
754 1570 856 1621 viso
897 1566 1190 1620 tert'auuotu
1217 1576 1265 1621 et
1293 1567 1373 1620 Itis
1399 1582 1515 1636 qua:
1554 1566 1764 1634 ﬁebant,
1807 1566 2088 1618 timuerunt

519 1659 687 1721 raldc,
718 1668 764 1710 ct
787 1656 1202 1727 gloriﬁcaverunt
1252 1656 1415 1711 Deum
1458 1657 1683 1709 dicentes
1709 1672 1727 1709 :
1767 1653 1891 1709 Vere
1918 1654 2088 1709 Filius

517 1749 617 1802 Dei
648 1749 903 1817 eratiste.
938 1749 1001 1802 Et
1029 1750 1195 1803 omnis
1233 1749 1384 1801 turba
1426 1764 1623 1811 eorum,
1670 1748 1757 1818 qui
1795 1745 1953 1800 simul
1987 1746 2087 1799 ad-

2195 560 2305 611 ha'c
2336 569 2388 611 ut
2418 557 2686 629 Scriptura
2723 558 2997 628 impleatur
3022 575 3041 612 :
3069 558 3142 614 Os
3167 576 3270 614 non
3312 563 3668 617 comminuetis
3690 580 3754 618 ea:

2193 665 2272 703 eo.
2305 648 2371 702 Et
2400 649 2587 702 iterum
2613 648 2721 703 alia
2751 649 3019 719 Scriptura
3046 651 3169 704 dicit
3194 668 3213 707 :
3246 650 3495 707 Videbunt
3523 655 3577 708 in
3604 671 3754 726 quem

2193 742 2567 810 trans/iurant
2602 742 2783 814 (Joan.
2829 744 2961 813 xu).
3003 744 3315 813 Parasceve,
3349 748 3568 814 fratres,
3613 751 3755 820 apud

2192 833 2442 901 antiquos
2471 834 2746 889 dicebatur
2770 833 2881 888 dies
2911 834 2999 889 ille
3026 849 3181 903 quem
3206 850 3303 892 nos
3328 848 3533 892 sextam
3563 838 3753 896 feriam

2191 925 2445 990 dicimus;
2486 926 2658 985 dictus
2695 938 2775 980 est
2817 935 2996 980 autem
3026 927 3338 992 Parasceve,
3365 929 3420 982 id
3444 938 3526 985 est
3549 947 3755 1002 prtepa-

2191 1017 2343 1080 ratio,
2372 1017 2495 1085 quia
2529 1017 2578 1070 in
2610 1031 2695 1080 eo,
2736 1017 2876 1070 unde
2920 1018 3143 1072 sabbato
3183 1020 3444 1088 viverent,
3486 1038 3753 1095 praapara-

2190 1103 2363 1158 bant:
2402 1107 2624 1161 sabbato
2664 1107 2805 1160 enim
2837 1106 2967 1161 nihil
3013 1107 3092 1161 eis
3129 1109 3306 1180 operis
3343 1125 3499 1181 agere
3536 1112 3748 1182 licebat,

2190 1195 2414 1265 ideoque
2456 1199 2756 1259 sabbatum,
2803 1199 2854 1254 id
2892 1210 2992 1264 cst,
3041 1202 3255 1269 requies
3284 1202 3398 1256 dies
3445 1203 3531 1257 ille
3575 1205 3751 1261 dictus

2187 1294 2288 1339 est.
2321 1285 2427 1341 Sed
2453 1287 2527 1340 illi
2555 1289 2667 1342 haec
2696 1289 2986 1343 secundum
3012 1291 3178 1344 solam
3208 1291 3438 1349 litteram
3466 1294 3753 1367 intelligen-

2190 1382 2290 1438 tes,
2330 1375 2456 1443 quid
2505 1376 2590 1433 bis
2638 1378 2800 1431 divini
2846 1381 3083 1449 mysterii
3126 1382 3489 1438 contineretur
3534 1402 3752 1455 prorsus

2187 1467 2533 1537 ignorabant;
2559 1469 2714 1523 nobis
2732 1479 2932 1533 autem,
2971 1479 3029 1524 ut
3069 1487 3230 1543 supra
3255 1474 3507 1538 diximus,
3537 1476 3748 1544 fratres,

2186 1560 2304 1613 velo
2338 1558 2515 1627 templi
2550 1560 2718 1614 scisso
2741 1601 2755 1625 ,
2803 1570 2985 1631 aperta
3030 1572 3153 1617 sunt
3205 1567 3458 1634 mysteria
3488 1582 3605 1635 qua:
3649 1568 3751 1625 illis

2186 1648 2359 1701 adhuc
2387 1663 2489 1703 non
2516 1649 2856 1705 credentibus
2881 1651 3054 1705 velata
3085 1661 3229 1709 sunt.
3261 1654 3424 1709 Sexta
3456 1656 3588 1711 feria
3616 1674 3754 1728 prmq

2187 1740 2354 1793 sentis
2401 1738 2557 1808 hujus
2595 1741 2792 1806 saeculi,
2842 1743 2983 1812 quod
3025 1759 3117 1798 sex
3166 1745 3352 1801 diebus
3400 1746 3596 1802 factum
3645 1760 3747 1817 est,

430 1880 433 1883 -
517 1850 661 1893 erant
696 1842 764 1893 ad
798 1838 1146 1908 spectaculum
1190 1839 1349 1902 istud,
1390 1850 1436 1892 et
1464 1838 1851 1911 ridebant-qua:
1875 1837 2084 1906 ﬁebant,
2115 1821 2161 1880 Β
2190 1819 2411 1898 ﬁguram
2459 1839 2622 1889 tenet.
2670 1831 2771 1886 hoc
2817 1840 2993 1885 autem
3022 1834 3287 1889 .sa'culum
3323 1836 3443 1891 vitm
3475 1846 3557 1891 est
3594 1838 3752 1911 nimi-

514 1932 854 2001 prrcutieutes
881 1942 1086 1999 pectora
1130 1948 1225 1983 sua
1258 1930 1639 1985 revertebantur
1669 1928 1880 2000 (Matth.
1906 1922 2083 1994 x'xvu;

502 2008 643 2073 ‘Luc.
677 2020 847 2091 χχιιι).
875 2019 1074 2075 Judaris
1121 2021 1174 2074 in
1221 2020 1594 2076 incredulitate
1626 2019 2082 2089 permanentibus,

515 2113 726 2180 gentilis
750 2113 994 2166 centurio
1020 2120 1077 2179 et
1100 2111 1295 2166 milites
1326 2110 1572 2174 Romani,
1601 2110 1730 2165 visis
1754 2110 2086 2166 mirabilibus

511 2217 633 2270 qum
680 2200 897 2264 ﬁebant,
947 2200 1210 2261 timentes,
1265 2200 1456 2253 Filium
1498 2198 1594 2265 Dci
1641 2197 1871 2252 confessi
1920 2206 2082 2252 sunt:

521 2291 671 2355 Vere,
716 2292 983 2360 inquiunt,
1014 2289 1183 2344 Filius
1220 2289 1316 2343 Dei
1361 2299 1471 2344 erat
1509 2290 1623 2344 iste.
1669 2290 1935 2343 Mor‘tuum
1971 2290 2082 2360 jam

510 2380 782 2442 videbant,
800 2379 989 2435 Filium
1006 2388 1180 2434 tamen
1198 2379 1290 2434 Dei
1305 2378 1639 2444 fatebantur;
1664 2380 1832 2433 ethoc
1848 2378 2082 2433 futuram

512 2469 669 2522 fidem
701 2470 934 2538 gentium
960 2469 1335 2549 prasiguabat.
1369 2466 1566 2533 Videte,
1592 2469 1764 2539 inquit
1801 2468 2079 2532 Dominus.

511 2557 763 2622 regiones,
788 2558 911 2628 quia
932 2557 1063 2611 alba:
1080 2570 1201 2611 sunt
1213 2558 1329 2628 jam
1357 2559 1426 2611 ad
1453 2574 1685 2612 messem.
1713 2556 1905 2612 Parata
1938 2559 2081 2613 enim

500 2646 615 2718 jam
647 2656 772 2701 tunc
798 2655 952 2701 erant
974 2646 1148 2702 ‘corda
1191 2648 1430 2717 gentium
1461 2648 1526 2705 ad
1559 2648 1908 2702 credendum.
1946 2647 2078 2704 Nam

506 2738 597 2793 isti
627 2744 910 2807 antequam
940 2737 1307 2808 prmdicatoris
1333 2736 1557 2805 alicujus
1589 2752 1778 2792 vocem
1808 2736 2076 2803 audirent,

504 2827 637 2885 solis
674 2828 840 2898 signis
868 2828 1132 2898 passionis
1174 2826 1383 2885 Domini
1416 2828 1771 2883 movebantur
1802 2828 1869 2881 ad
1897 2828 2075 2882 iidem.

507 2917 880 2984 Percutientes,
905 2919 1095 2988 inquit,
1125 2928 1334 2988 pectora
1358 2935 1475 2973 sua.
1512 2918 1765 2975 Dolentes
1789 2918 1992 2975 scilicet
2016 2934 2078 2977 se

504 3007 765 3064 interesse
799 3008 881 3062 his
909 3023 1028 3078 quae
1050 3024 1082 3062 a
1108 3007 1303 3063 Judaeis
1331 3009 1387 3063 in
1416 3009 1699 3065 Dominum
1730 3010 2073 3081 gerebantur.

576 3099 742 3153 Erant
767 3106 939 3153 autem
967 3100 1040 3153 ibi
1084 3099 1325 3157 mulieres
1355 3100 1531 3159 multa:
1578 3119 1610 3155 a
1653 3101 1802 3173 longe
1841 3119 1958 3173 quae
1997 3120 2076 3158 se-

2190 1932 2305 1972 rum
2338 1920 2656 1988 prreparatio
2702 1920 2893 1976 futura:
2925 1922 3058 1977 :‘hic
3087 1940 3316 1995 namque
3346 1906 3748 1998 praeparandum

2185 2017 2267 2063 est
2288 2009 2443 2065 nobis
2466 2010 2741 2076 meritum,
2767 2028 2873 2081 quo
2900 2013 3136 2081 requiem
3161 2015 3449 2072 habeamus
3468 2026 3726 2073 tuter-nam

2178 2096 2480 2155 Parasceve
2525 2117 2652 2172 ergo
2694 2113 2896 2167 nostra,
2949 2104 3000 2159 id
3046 2115 3128 2159 cst
3170 2110 3573 2177 prmparationis
3609 2109 3747 2177 dies,

2182 2204 2419 2259 prtesens
2444 2200 2527 2250 est
2564 2192 2816 2253 steculum
2864 2194 3045 2249 multis
3090 2209 3461 2266 pressurarum
3488 2201 3751 2270 angustiis

2182 2279 2500 2345 obnoxium;
2533 2295 2692 2350 quem
2735 2283 2876 2337 diem
2918 2286 3161 2353 sequitur
3196 2287 3497 2354 sabbatum,
3551 2290 3600 2343 id
3644 2300 3746 2355 est,

2183 2368 2395 2436 requies
2439 2370 2771 2436 animarum;
2805 2382 2925 2441 post
2964 2388 3091 2427 vero
3120 2374 3399 2431 sabbatum
3437 2377 3749 2436 Dominicus

2182 2459 2285 2512 erit
2311 2458 2443 2523 dies,
2471 2462 2686 2530 quando
2725 2463 2889 2517 etiam
2918 2465 3232 2533 corporibus
3271 2467 3533 2537 susceptis
3577 2478 3750 2523 totum

2181 2549 2449 2605 hominem
2478 2551 2643 2622 gloria
2672 2553 2929 2623 suscipiet
2952 2550 3308 2624 sempiterna,
3336 2568 3391 2613 et
3428 2559 3567 2614 sicut
3597 2559 3751 2615 Chri.

2180 2646 2293 2694 stus
2318 2649 2467 2699 sexta
2496 2641 2629 2697 feria
2660 2658 2851 2713 passus
2880 2645 3103 2701 sabbato
3140 2647 3193 2700 in
3233 2647 3476 2717 sepulcro
3504 2650 3746 2719 requies-

2178 2746 2337 2796 cens,
2386 2732 2527 2788 diem
2557 2735 2919 2791 Dominicum
2958 2752 3069 2792 sua:
3113 2737 3298 2808 gloriae
3340 2739 3749 2797 resurrectionis

2178 2822 2551 2891 sanctificavit,
2577 2835 2625 2881 et
2656 2843 2871 2898 surgens
2897 2846 2928 2882 a
2962 2831 3180 2887 mortuis
3208 2831 3325 2900 jam
3368 2847 3471 2885 non
3505 2833 3744 2899 moriar,

2175 2929 2318 2967 mors
2362 2913 2442 2968 illi
2470 2916 2606 2970 ultra
2635 2931 2738 2971 non
2766 2917 3135 2983 dominabitur,
3165 2921 3244 2975 sic
3268 2929 3322 2974 et
3345 2920 3580 2982 Ecclesia
3608 2920 3742 2990 ejus.

2178 3004 2344 3061 ﬁnitis
2371 3008 2654 3076 prmsentis
2693 3008 2871 3063 saeculi
2905 3009 3241 3085 passionibus
3268 3019 3322 3065 et
3358 3013 3634 3077 aerumnis,
3661 3029 3746 3067 rc-

2180 3096 2304 3166 quie
2340 3108 2585 3169 suscepta
2621 3098 2782 3165 felici,
2814 3101 2867 3154 in
2900 3101 2986 3155 illa
3024 3104 3431 3160 resurrectionis
3457 3120 3746 3176 corporum

499 3197 636 3245 cuta:
680 3197 828 3242 erant
872 3188 1053 3243 Iesum
1093 3206 1127 3243 a
1170 3188 1393 3244 Galil‘wa
1439 3190 1788 3245 ministrantes
1818 3193 1900 3257 ei,
1941 3192 2075 3251 inter
2099 3177 2144 3239 C
2175 3189 2515 3259 prazstolatur
2564 3191 2873 3257 adventum,
2918 3201 3057 3248 utet
3098 3193 3211 3264 ipsa
3239 3211 3463 3264 surgens
3495 3197 3608 3268 jam
3639 3216 3745 3258 non

503 3296 630 3349 quas
658 3291 766 3334 erat
802 3279 971 3335 Maria
998 3279 1328 3351 Magdalene,
1370 3293 1416 3337 et
1445 3281 1619 3341 Maria
1643 3282 1852 3350 Jacobi,
1882 3295 1931 3339 et
1970 3286 2071 3341 Ja-

496 3372 623 3440 seplt
648 3380 835 3436 mater,
871 3381 918 3425 et
945 3370 1119 3425 Maria
1148 3381 1312 3427 mater
1340 3373 1568 3443 ﬁliorum
1598 3375 1851 3440 Zebedtei,
1875 3387 1922 3431 et
1951 3378 2071 3433 alia!

502 3461 700 3523 multm.
733 3463 1031 3533 quaa'simul
1052 3479 1168 3518 cum
1197 3481 1256 3518 eo
1285 3468 1622 3521 ascenderant
1656 3467 2069 3538 Hierosolymam

497 3551 715 3623 (Matth.
755 3569 935 3618 xxvu;
982 3553 1149 3608 Marc.
1199 3556 1308 3624 xv).
1356 3555 1606 3612 Mulieres
1646 3558 1763 3612 ista:
1808 3559 2072 3628 opulenta:

496 3643 718 3697 Christo
755 3644 819 3698 de
843 3644 955 3699 suis
981 3646 1743 3715 substantiis'ministrabant,.
1767 3660 1826 3705 ut
1860 3660 1985 3727 pote
2019 3652 2069 3707 ei

497 3735 591 3804 qui
643 3752 794 3790 suum
837 3738 1107 3809 proprium
1147 3739 1198 3793 in
1242 3740 1344 3795 hoc
1382 3743 1579 3798 mundo
1621 3743 1753 3799 nihil
1793 3745 2069 3815 possidere

500 3824 689 3889 voluit,
716 3825 867 3893 cujus
891 3836 1069 3884 tamen
1098 3834 1372 3902 proprium
1416 3844 1527 3891 tota
1561 3846 1643 3892 est
1687 3844 1828 3895 terra
1863 3849 1917 3895 et
1958 3840 2071 3912 ple-

500 3916 687 3972 nitudo
714 3918 856 3980 eius;
889 3922 981 3975 sed
1022 3935 1227 3993 pauper
1255 3941 1352 3995 pro
1390 3929 1547 3982 nobis
1580 3927 1749 3984 factus
1788 3940 1890 3994 est,
1930 3939 1985 3985 ut
2014 3932 2069 3986 in

500 4006 591 4059 illo
621 4009 811 4064 divites
840 4026 1099 4067 essemus.
1135 4014 1333 4070 Eadem
1378 4033 1504 4088 ergo
1544 4018 1821 4075 devotione
1859 4032 2069 4078 mortuo

500 4098 809 4154 ministrare
850 4103 1152 4172 cupiebant,
1186 4122 1289 4175 qua
1333 4116 1457 4162 ante
1499 4109 1692 4164 viventi
1731 4110 2065 4176 serviebant;

494 4189 593 4242 ‘sed
625 4197 678 4242 et
718 4189 809 4252 ubi
855 4194 1091 4247 virorum
1133 4196 1308 4252 nullus
1349 4201 1776 4270 appropinquare
1814 4204 2066 4270 audebat,

498 4279 727 4335 feminas
765 4291 942 4338 tamen
982 4287 1158 4341 nullus
1201 4289 1328 4357 quin
1365 4291 1413 4344 ei
1454 4301 1692 4346 astarcnt
1728 4284 2063 4364 prohibebat.

496 4370 793 4439 Cupiebant
834 4376 1048 4442 quidem
1108 4381 1320 4445 corpori
1367 4390 1421 4435 et
1470 4384 1755 4452 exsequias
1791 4384 2063 4452 adhibere,

498 4463 591 4515 sed
611 4473 865 4531 prtevemt
886 4479 978 4519 eas
1000 4468 1251 4535 gaudium
1271 4472 1698 4539 resurrectionis,
1721 4475 1860 4543 quod
1881 4478 2075 4547 prima;

499 4552 681 4607 videre
711 4564 1042 4620 meruerunt,
1074 4564 1132 4610 ut
1174 4573 1332 4613 sexus
1360 4563 1449 4629 qui
1485 4562 1870 4620 maledictiouis
1904 4577 1959 4620 et
1988 4568 2068 4621 in-

498 4647 814 4704 obedientia:
859 4654 1055 4708 mundo
1082 4654 1259 4711 intulit
1309 4672 1546 4721 causam,
1600 4661 1713 4729 ipse
1751 4663 2066 4723 obedientim

496 4742 775 4811 pratmium
830 4752 885 4798 et
931 4749 1345 4805 resurrectionis
1396 4751 1616 4820 gloriam
1665 4754 1813 4822 prior
1867 4757 2065 4811 mundo

497 4833 789 4888 nuntiaret.

568 4920 746 4976 Judtri
775 4942 914 4995 ergo,
944 4929 1189 4997 quoniam
1222 4930 1503 4988 Parasceve
1527 4945 1658 5000 erat,
1688 4946 1740 4988 ut
1767 4954 1869 4995 non
1898 4956 2065 5015 rema-

497 5028 676 5071 ncncnt
706 5020 761 5071 in
800 5036 949 5073 cruce
991 5038 1207 5091 corpora
1248 5024 1460 5078 sabbato
1498 5025 1631 5097 (erat
1671 5030 1806 5082 enim
1853 5048 2068 5101 magnus

495 5110 605 5162 dies
641 5108 728 5163 ille
760 5110 983 5183 sabbati)
1014 5125 1318 5183 rogaverunt
1343 5113 1574 5170 Pilatum
1613 5127 1667 5170 ut
1708 5117 2072 5190 frangerentur

487 5218 672 5257 eorum
721 5192 901 5268 crura,
945 5213 993 5257 et
1030 5203 1354 5259 tollerentur.
1404 5203 1656 5260 Venerunt
1697 5226 1816 5277 ergo
1859 5210 2069 5274 milites,

496 5302 546 5344 et
571 5293 722 5360 primi
745 5295 950 5365 quidem
978 5295 1241 5366 fregerunt
1269 5314 1426 5350 crura
1452 5308 1497 5351 et
1538 5298 1752 5353 alterius
1778 5302 1866 5371 qui
1905 5304 2071 5356 cruci-

496 5381 635 5451 ﬁxus
661 5393 732 5436 est
760 5401 874 5442 cum
905 5401 964 5438 eo
980 5403 999 5450 ;
1038 5386 1105 5439 ad
1130 5386 1311 5440 Iesum
1353 5397 1524 5440 autem
1575 5404 1690 5441 cum
1718 5391 1990 5456 uenissent,
2016 5410 2070 5453 ut

500 5472 735 5528 ridcrunt
761 5494 876 5530 cum
897 5479 1010 5547 jam
1032 5490 1315 5542 mortuum,
1346 5497 1448 5533 non
1471 5479 1733 5551 fregerunt
1758 5483 1871 5552 ejus
1892 5500 2067 5546 crura,

497 5562 589 5618 sed
619 5578 751 5614 unus
785 5564 1004 5619 militum
1036 5567 1217 5621 lancea
1262 5567 1399 5621 latus
1437 5568 1549 5637 ejus
1581 5572 1802 5639 aperuit,
1830 5582 1878 5625 et
1907 5577 2070 5626 conti—

496 5668 607 5710 nuo
635 5653 787 5706 cririt
817 5658 1028 5725 sanguis
1055 5669 1102 5711 et
1128 5675 1281 5727 aqua.
1315 5656 1382 5710 Et
1406 5659 1495 5727 qui
1536 5658 1679 5721 ridit,
1717 5663 2064 5716 testimonium

501 5742 781 5810 perhibuit,
808 5753 853 5797 et
882 5760 1055 5798 rerum
1095 5758 1165 5799 est
1197 5748 1540 5801 testimonium
1582 5747 1713 5816 ejus,
1755 5758 1800 5801 et
1848 5748 1933 5809 ille
1969 5760 2065 5805 seu

2177 3281 2456 3348 moriatur,
2504 3299 2603 3338 nec
2634 3284 2683 3339 ei
2724 3299 2868 3339 mors
2902 3285 3041 3340 ultra
3085 3288 3404 3352 dominetur,
3441 3290 3533 3344 sed
3580 3306 3742 3347 unum

2178 3370 2383 3426 habens
2432 3381 2691 3426 aeternum
2735 3381 2787 3428 et
2826 3373 3092 3428 infinitum
3122 3374 3475 3442 Dominicum,
3524 3392 3643 3447 qua:
3689 3387 3746 3440 et

2175 3474 2453 3535 vesperam
2491 3476 2595 3515 nou
2629 3460 2808 3526 habet,
2856 3461 2971 3519 luce
3014 3462 3317 3533 perfruatur
3352 3475 3573 3520 auena.
3617 3466 3744 3527 ibeo

2175 3559 2280 3616 est,
2322 3551 2538 3618 fratres,
2581 3562 2745 3608 sexta:
2783 3552 2949 3617 ferire,
2976 3570 3080 3624 qua
3123 3571 3315 3627 passus
3354 3567 3434 3612 est
3464 3559 3738 3623 Dominus.

2174 3651 2230 3697 et
2258 3642 2487 3707 sabbati,
2526 3659 2634 3715 quo
2661 3646 2919 3714 requievit
2950 3646 3000 3699 in
3041 3647 3305 3717 sepulcro,
3334 3659 3387 3703 et
3422 3650 3525 3705 diei
3557 3649 3740 3706 Domi-

2166 3729 2307 3785 nica
2334 3731 2523 3800 ﬁgura,
2552 3748 2656 3801 qua
2685 3734 2980 3789 resurrexit
3004 3750 3033 3789 a
3070 3738 3313 3798 mortuis.
3343 3753 3579 3810 prmscus
3605 3741 3743 3796 scili-

2175 3827 2259 3872 cet
2288 3820 2537 3874 sazculum
2577 3831 2631 3874 et
2659 3823 2869 3891 requies
2899 3825 3199 3883 animarum
3234 3822 3433 3893 futura,
3474 3840 3526 3885 et
3555 3847 3738 3885 resur—

2174 3911 2339 3966 rectio
2367 3912 2603 3966 omnium
2639 3915 2947 3979 novissima,
2980 3916 3032 3970 in
3062 3933 3165 3986 qua
3196 3920 3519 3989 recipientur
3549 3923 3737 3978 merita

2174 4002 2289 4057 sine
2317 4002 2420 4057 fine
2450 4004 2623 4058 beata.
2664 4003 2828 4060 Judtci
2878 4006 3059 4077 igitur,
3095 4010 3245 4078 quasi
3282 4026 3349 4065 ne
3379 4012 3493 4067 dies
3521 4022 3740 4072 sanctus

2172 4093 2262 4148 ille
2319 4096 2527 4150 sabbati
2576 4096 2938 4152 :rucifixorum
2985 4100 3142 4168 poena
3201 4101 3495 4175 fcedaretpr
3539 4106 3733 4175 praevi-
3796 4122 3804 4135 ο

2173 4186 2300 4241 dere
2333 4188 2590 4255 volentes,
2629 4200 2950 4260 rogaverunt
2980 4191 3210 4247 Pilatum
3257 4203 3315 4249 ut
3357 4193 3735 4267 frangerentur

2172 4292 2330 4332 crura
2381 4288 2435 4334 et
2476 4281 2818 4346 tollerentur;
2875 4284 2966 4337 sed
3011 4300 3195 4338 eorum
3249 4286 3580 4354 providentia
3628 4304 3734 4342 non

2172 4370 2319 4437 eguit
2342 4370 2594 4425 Dominus
2640 4373 2751 4441 ipse
2781 4374 2870 4442 qui
2898 4375 3184 4429 crucifixus
3218 4385 3320 4441 est,
3357 4377 3470 4447 ipse
3497 4382 3733 4435 omnium

2171 4459 2527 4527 dispensntor,
2574 4470 2629 4513 et
2672 4462 2997 4531 gubernator
3038 4472 3331 4533 temporum
3374 4486 3386 4521 :
3428 4484 3547 4523 cum
3590 4472 3732 4525 enim

2172 4548 2284 4617 ipse
2317 4548 2492 4613 vellet,
2519 4565 2704 4618 passus
2734 4561 2815 4607 est
2841 4562 2895 4607 et
2922 4562 3183 4619 mortuus,
3225 4557 3362 4617 sicut
3394 4569 3591 4617 etcum
3620 4564 3732 4619 vel-

2172 4639 2263 4699 let,
2297 4648 2522 4693 mortem
2554 4640 2772 4697 vincens
2816 4659 2845 4696 a
2892 4646 3116 4700 mortuis
3146 4650 3461 4705 resurrexit.
3492 4653 3607 4721 ipse
3638 4655 3730 4723 qui

2170 4737 2322 4783 sexto
2346 4730 2431 4783 die
2458 4730 2728 4785 hominem
2763 4732 3062 4803 plasmavit,
3103 4747 3252 4792 sexta
3295 4756 3416 4795 eum
3462 4742 3591 4798 feria
3635 4762 3731 4803 sua

2168 4829 2340 4873 morte
2368 4820 2607 4873 redemit.
2638 4820 2774 4889 ipse,
2806 4822 2894 4891 qui
2938 4830 3324 4884 consummatis
3358 4833 3607 4901 operibus
3644 4835 3731 4888 die

2168 4912 2392 4980 septimo
2422 4912 2685 4981 requievit
2716 4913 2785 4967 ab
2809 4913 2907 4978 eis,
2946 4918 3175 4987 septimo
3204 4931 3388 4985 etiam,
3419 4922 3468 4976 id
3501 4932 3582 4977 est
3607 4924 3733 4977 sab~

2165 5001 2273 5057 bati
2304 5001 2404 5062 die,
2438 5003 2698 5073 requievit
2726 5005 2777 5057 in
2805 5007 3069 5075 sepulcro.
3114 5023 3494 5069 consummatis
3524 5024 3731 5072 scmcct

2166 5092 2354 5147 salutis
2389 5092 2647 5157 humanm,
2687 5095 2751 5149 ad
2777 5111 2894 5165 qure
2922 5099 3244 5171 perficienda
3275 5113 3514 5170 venerat,
3549 5109 3729 5176 operi-

2166 5182 2283 5237 bus.
2314 5182 2447 5243 Nam
2475 5193 2529 5239 et
2560 5185 2612 5238 in
2652 5201 2832 5250 cruce,
2859 5191 3305 5260 cumaccepisset
3327 5202 3558 5261 acetum,
3594 5196 3728 5255 dixit

2167 5285 2223 5330 et
2252 5276 2363 5345 ipse
2395 5277 2647 5333 Dominus
2676 5298 2687 5332 :
2718 5279 3142 5338 Consummatum
3166 5286 3260 5351 est,
3290 5297 3337 5340 et
3368 5287 3614 5345 inclinato
3640 5309 3726 5346 ca-

2170 5368 2273 5436 pite
2298 5367 2512 5421 tradidit
2540 5369 2799 5440 spintum.
2830 5372 2943 5428 lloc
2977 5389 3103 5445 ergo
3135 5392 3298 5447 opere
3334 5391 3724 5443 consummato.

2171 5458 2431 5526 requievit
2482 5459 2736 5517 Dominus
2772 5477 2995 5533 corpore
3041 5466 3093 5519 in
3136 5469 3397 5537 sepulcro,
3445 5473 3621 5526 anima
3673 5473 3724 5533 in

2170 5551 2411 5618 paradiso
2436 5552 2812 5621 triumphante.
2840 5555 2976 5624 Ipse,
3008 5558 3095 5624 qui
3130 5560 3298 5627 prima
3330 5561 3413 5615 die
3451 5561 3725 5620 Dominica

2169 5640 2338 5693 lucem
2370 5640 2481 5694 fieri
2516 5640 2697 5709 jussit,
2728 5644 3003 5698 Doutiuica
3043 5649 3298 5702 mundum
3330 5665 3441 5706 sua:
3481 5652 3598 5708 lucc
3636 5669 3724 5707 re-

2166 5730 2512 5784 surrectionis
2548 5731 2805 5785 irradiare
2848 5732 3095 5805 dignatus
3134 5745 3235 5792 est.
3276 5739 3392 5811 Ipse
3434 5742 3594 5801 etiam
3631 5759 3727 5798 nov

2990 5823 3018 5846 Ν
