4064 6190
295 342 391 397 ιοι

1285 334 1693 395 oruscucuu
1728 334 1815 389 ns
1850 330 2182 388 PASSIONE
2217 318 2474 387 DOtllNl.

3434 337 3537 393 10?.

291 458 573 512 vissimam
618 454 949 510 Dominicam
1000 452 1141 507 diem
1184 452 1581 506 resurrectione
1626 450 1866 503 omnium
1895 453 1943 511 Α
1969 462 2157 516 corpus
2183 446 2330 500 Iesu.
2358 445 2563 501 Pilatus
2584 457 2755 501 autem
2782 442 3089 514 mirabatur,
3114 451 3161 504 si
3176 451 3291 521 jam
3327 454 3540 519 obisset,
3614 454 3629 482 '

293 549 577 604 hominum
603 543 996 601 clariﬁcaturus
1022 550 1127 606 est,
1158 541 1372 612 quando
1406 555 1595 595 omnes
1625 544 1869 609 resurg-

296 655 444 704 inus,
488 646 541 692 et
584 652 683 692 nos
727 634 1130 689 immutabimur
1179 632 1231 687 in
1263 631 1504 702 gloriam.
1538 630 1613 685 De
1645 646 1749 701 qua
1786 630 1873 684 die

293 731 582 786 Psalmista
604 744 619 783 :
644 726 835 783 Melior
858 736 951 789 est,
984 725 1176 795 inquit,
1214 725 1323 779 dies
1352 742 1456 779 una
1499 724 1555 783 in
1594 725 1743 779 atriis
1769 726 1872 779 tuis

292 837 453 891 super
480 818 666 872 millia.
703 818 982 888 Rogabant
1022 814 1190 870 Judtei
1222 823 1279 868 ut
1311 814 1688 885 frangerentur
1715 830 1871 868 crura

293 926 485 964 eorum
517 910 607 979 qui
646 908 889 962 cruciﬁxi
935 915 1111 971 erant,
1156 914 1211 961 et
1257 906 1593 971 tollerentur,
1634 906 1727 960 sed
1776 905 1875 960 Do-

294 1002 445 1055 mino
464 1000 577 1069 jam
608 1006 821 1053 mortuo
854 1013 957 1051 non
990 997 1373 1066 frangebantur
1403 995 1517 1065 ejus
1538 1010 1718 1050 crura.
1750 995 1876 1050 Fra-

297 1100 412 1145 tres
456 1092 585 1155 mei,
615 1090 875 1159 quidquid
918 1090 967 1142 in
1008 1090 1256 1160 passione
1287 1089 1498 1143 Domini
1543 1098 1720 1143 actum
1768 1098 1873 1154 est,

294 1182 455 1236 nobis
494 1181 684 1236 salutis
720 1191 776 1235 et
814 1182 1040 1251 exempli
1090 1181 1319 1236 salubris
1359 1197 1518 1236 causa
1563 1181 1692 1247 fuit;
1751 1197 1873 1236 nam

294 1276 444 1344 quod
479 1290 603 1329 cum
636 1274 834 1343 iniquis
863 1272 1152 1327 cruciﬁxus
1187 1281 1291 1335 est,
1326 1274 1427 1328 hoc
1463 1273 1616 1331 nobis
1644 1273 1872 1342 exempli

293 1381 461 1419 causa
488 1365 621 1428 'l'uit,
651 1373 713 1418 ut
739 1380 843 1417 non
873 1378 1180 1433 graventur,
1231 1362 1357 1418 licet
1398 1364 1453 1418 in
1502 1364 1656 1419 istius
1695 1364 1874 1419 sccculi

298 1471 546 1528 tempore
577 1466 887 1513 transeunte
925 1459 1040 1513 sine
1070 1459 1266 1529 iniquis
1293 1460 1601 1516 hominibus
1624 1477 1743 1516 esse
1769 1478 1872 1516 non

295 1548 567 1602 sinatuur.
597 1548 750 1614 Quod
779 1556 938 1616 caput
962 1548 1156 1603 caelum
1190 1564 1424 1614 versum,
1455 1560 1652 1604 terram
1691 1551 1871 1621 pedes,

297 1638 572 1697 signiﬁcat
611 1645 774 1708 caput
809 1646 1052 1692 nostrum
1101 1637 1371 1694 Christum
1418 1640 1484 1694 ad
1530 1641 1696 1697 etelos
1740 1657 1877 1712 prai-

298 1728 431 1792 isse,
457 1741 685 1796 nosque,
711 1728 801 1798 qui
834 1728 997 1797 pedes
1029 1744 1235 1794 sumus,
1264 1732 1492 1787 extremi
1526 1732 1727 1787 scilicet
1756 1748 1875 1788 cor-

1969 546 2014 588 et
2051 536 2299 588 accersito
2334 537 2632 590 centurione
2663 534 2995 607 interrogtivit
3028 557 3144 593 eum
3186 544 3229 595 si
3250 543 3366 613 jam
3399 562 3540 599 mor-

1970 636 2091 679 tuus
2121 627 2290 680 esset?
2311 626 2379 680 Et
2411 644 2528 680 cum
2558 629 2870 697 cognovisset
2907 648 2937 682 a
2975 633 3307 698 centurione,
3332 635 3543 691 donarit

1971 736 2157 789 corpus
2204 719 2352 773 Jesu.
2409 716 2553 772 Venit
2594 735 2714 789 ergo
2752 720 2889 790 ipse,
2920 731 2967 774 et
2998 723 3119 775 tulit
3160 740 3379 795 corpus;
3413 728 3544 795 uenit

1972 818 2145 860 autem
2172 817 2219 860 et
2252 807 2587 873 Nicodemus,
2619 808 2709 878 qui
2738 820 2943 863 venerat
2970 813 3038 864 ad
3063 809 3246 866 Jesttm
3269 827 3416 869 nocte
3436 819 3519 887 pri

1974 914 2114 951 mum
2152 898 2321 967 ferens
2358 900 2633 953 misturam
2668 901 2894 971 myrrha:
2920 911 2967 955 et
3007 903 3148 957 aloes
3189 908 3340 975 quasi
3385 906 3545 962 libras

1973 999 2193 1042 centum.
2219 992 2536 1061 Acceperunt
2562 1009 2681 1062 ergo
2706 1009 2892 1061 corpus
2922 993 3073 1059 Iesu,
3104 1007 3151 1049 ΡΙ
3179 1009 3437 1054 mercatus
3468 1002 3544 1054 C81

1972 1080 2164 1151 Ioseph
2198 1083 2491 1151 sindonem,
2518 1093 2565 1137 et
2599 1084 2886 1154 ligaverunt
2916 1101 3031 1140 eum
3072 1087 3242 1143 linteis
3282 1108 3397 1145 cum
3435 1111 3550 1146 arn-

1972 1174 2217 1239 matibus,
2249 1177 2381 1229 sicut
2413 1192 2522 1229 mos
2548 1186 2621 1229 est
2643 1175 2676 1229 .1
2684 1178 2848 1231 uda‘is
2873 1178 3108 1248 sepelire.
3138 1180 3269 1235 Erat
3296 1194 3466 1238 autem
3492 1187 3547 1239 in

1973 1265 2084 1318 loco
2110 1266 2199 1320 ubi
2227 1267 2509 1334 cruciﬁxus
2537 1278 2632 1334 est,
2664 1270 2866 1333 hortus,
2908 1280 2955 1323 et
2986 1271 3040 1323 in
3074 1271 3223 1325 horto
3248 1290 3550 1328 monumen-

1973 1364 2082 1410 tum
2111 1373 2301 1411 novum
2326 1398 2341 1423 ,
2382 1359 2521 1429 quod
2570 1359 2833 1413 exciderat
2860 1359 3053 1431 Ioseph
3083 1363 3137 1416 in
3160 1375 3328 1433 petra,
3366 1365 3419 1419 in
3449 1382 3550 1436 quo

1974 1448 2206 1502 nondum
2249 1452 2523 1520 quisquam
2567 1453 2766 1521 positus
2809 1452 3002 1522 fuerat.
3046 1453 3130 1507 Ibi
3177 1472 3297 1525 ergo
3341 1467 3551 1527 propter

1975 1537 2297 1594 Parasceven
2321 1541 2652 1607 Judtrorum,
2677 1544 2799 1613 quia
2812 1543 2973 1613 juxta
3001 1554 3108 1597 erat
3132 1558 3544 1611 monumentum,

1974 1640 2257 1686 posuerunt
2291 1630 2502 1695 Jesum,
2532 1642 2580 1685 et
2611 1632 2946 1687 advolverunt
2981 1651 3167 1688 saxum
3204 1653 3449 1706 magnum
3477 1637 3547 1691 ad

1977 1721 2168 1773 ostium
2195 1721 2536 1785 monumenti,
2561 1730 2608 1775 et
2639 1710 2897 1776 abierunt.
2931 1723 3099 1777 Erant
3125 1735 3297 1779 autem
3332 1727 3403 1779 ibi
3423 1726 3546 1781 Ha-

297 1819 474 1889 ικη-ίε,
517 1819 689 1887 ipsum
741 1818 1038 1873 semini-os,
1081 1817 1231 1884 Quod
1281 1835 1470 1875 manus
1506 1821 1694 1875 dextra
1725 1813 1878 1876 ιωνεί-
1906 1803 1951 1863 Β
1981 1811 2058 1862 ria
2086 1809 2395 1879 Magdalene
2423 1852 2436 1875 ,
2471 1822 2515 1864 et
2543 1811 2717 1864 Maria
2754 1811 2933 1883 Ioseph
2973 1813 3204 1868 sedentes
3250 1825 3430 1868 contra
3469 1833 3551 1870 se-

297 1927 407 1982 que
439 1920 699 1982 porrectaa
741 1910 1184 1977 extendebantur,
1228 1912 1547 1967 charitatem
1586 1913 1874 1982 duplicem,

298 2002 398 2056 Dei
429 2000 632 2055 scilicet
654 2008 709 2053 et
732 2000 989 2069 proximi,
1018 2015 1115 2070 per
1143 2008 1306 2055 totam
1336 2002 1518 2056 mundi
1540 2001 1874 2058 latitudinem

296 2079 697 2165 praedicandam
726 2088 1024 2159 intelligere
1047 2100 1351 2158 possumus.
1392 2088 1545 2157 Quod
1579 2091 1720 2146 latus
1763 2091 1879 2147 lan-

297 2195 395 2234 cea
429 2176 755 2248 perforatur,
780 2178 922 2233 unde
945 2179 1109 2233 exivit
1132 2181 1272 2235 unda
1316 2189 1370 2234 et
1407 2183 1646 2252 sanguis,
1673 2183 1880 2253 signiﬁ-

299 2278 397 2325 cat
417 2285 587 2323 unum
611 2284 730 2325 esse
755 2268 1010 2324 Ecclesiae
1033 2270 1311 2325 catholica:
1334 2270 1653 2341 ingressum,
1682 2287 1876 2342 aquam

297 2363 510 2417 scilicet
537 2371 590 2416 et
614 2361 889 2431 baptismi,
929 2361 1013 2416 vel
1051 2361 1370 2431 baptismum
1396 2362 1691 2433 sanguinis.
1732 2363 1872 2430 Nisi,
1918 2388 1921 2391 λ

298 2452 498 2522 inquit,
527 2452 641 2521 quis
674 2461 881 2505 renatus
908 2449 1064 2522 fuerit
1088 2467 1152 2505 ea:
1178 2468 1313 2522 aqua
1337 2460 1386 2506 et
1410 2450 1631 2521 Spiritu,
1659 2469 1761 2509 non
1784 2470 1875 2524 po-

298 2551 397 2592 test
423 2541 637 2594 introire
665 2541 717 2593 in
754 2556 964 2610 regnum
992 2539 1110 2617 Dei.
1146 2541 1238 2596 Vel
1266 2552 1401 2610 aqua
1428 2541 1610 2612 igitur,
1633 2542 1717 2597 vel
1752 2559 1875 2600 san-

298 2630 469 2699 guine
513 2629 635 2699 quis
677 2629 996 2700 baptizetur,
1042 2629 1338 2702 baptismus
1378 2639 1558 2688 tamen
1602 2632 1876 2704 ingressas

300 2720 558 2774 Ecclesia:
593 2728 693 2776 est.
741 2721 832 2777 Sic
856 2730 911 2776 et
949 2730 1143 2776 ctctera
1168 2723 1350 2777 omnia
1398 2723 1450 2778 in
1485 2725 1735 2793 passione
1764 2726 1875 2781 Do-

297 2811 436 2865 mini
482 2818 631 2880 gesta
686 2811 808 2865 vitae
853 2819 1048 2866 nostra:
1085 2812 1378 2883 salutisque
1417 2814 1502 2868 vel
1555 2815 1875 2872 documenta

300 2903 387 2957 vel
414 2892 565 2972 signa
595 2912 736 2959 sunt.
768 2902 844 2958 lta
881 2913 937 2958 et
963 2903 1105 2974 quod
1142 2920 1301 2960 crura
1330 2906 1543 2961 Domini
1587 2922 1694 2963 non
1728 2908 1865 2964 fran~

300 3002 584 3063 gerentur,
608 3003 781 3047 morte
810 2993 1018 3048 Domini
1037 2991 1150 3061 jam
1173 2993 1622 3063 peracta,l‘actum
1649 3006 1748 3063 est,
1771 2998 1874 3054 hoc

301 3084 549 3149 designat
571 3084 715 3152 quod
756 3083 1015 3138 columnae
1051 3084 1292 3154 corporis
1319 3083 1539 3151 Christi,
1568 3086 1624 3141 id
1658 3097 1741 3141 est
1765 3086 1870 3143 Ec-

1973 1899 2241 1968 pulcrum;
2295 1910 2341 1953 et
2389 1900 2627 1954 viderunt
2674 1902 3111 1972 quemadmodum
3163 1905 3387 1973 positum
3436 1915 3547 1960 erat

1973 2005 2192 2059 corpus;
2215 2000 2261 2044 et
2295 1982 2601 2046 revertentes
2621 2002 2935 2063 paraverunt
2964 2004 3205 2048 aromata
3233 2006 3279 2049 et
3305 2013 3540 2066 unguen-

1974 2089 2050 2144 ta,
2078 2091 2132 2134 ut
2160 2082 2414 2135 venientes
2455 2092 2703 2152 ungerent
2732 2099 2848 2137 eum
2867 2123 2882 2149 ,
2915 2093 2963 2137 et
2994 2084 3208 2138 sabbato
3237 2086 3445 2155 quidem
3475 2086 3549 2141 si-

1972 2170 2180 2226 luerunt
2219 2173 2504 2227 secundum
2549 2174 2852 2228 mandatum
2896 2174 3121 2247 (Matth.
3172 2192 3356 2243 xxvu;
3420 2175 3546 2231 Luc.

1970 2270 2144 2330 ‘xxm;
2190 2264 2350 2320 Joan.
2392 2282 2512 2331 xu;
2563 2266 2733 2322 Marc.
2785 2266 2899 2339 xv).
2936 2268 3108 2323 Homo
3144 2268 3361 2338 quidam
3395 2270 3548 2326 dives

1972 2354 2119 2409 venit
2156 2355 2223 2410 ad
2260 2355 2525 2423 Pilatum,
2570 2365 2626 2412 et
2661 2356 2819 2427 petiit
2846 2370 3041 2428 corpus
3075 2356 3224 2413 Jesu.
3256 2356 3371 2412 Non
3398 2359 3544 2414 enim

1971 2453 2183 2513 poterat
2208 2443 2401 2514 aliquis
2426 2460 2629 2516 pauper
2656 2447 2914 2502 accedere
2936 2447 3003 2502 ad
3027 2446 3325 2516 praesidem,
3353 2460 3409 2502 et
3437 2449 3540 2504 hoc

1972 2534 2040 2589 ab
2076 2549 2141 2590 eo
2170 2535 2496 2605 impetrare,
2525 2538 2669 2607 quod
2709 2545 2888 2595 tamen
2931 2538 3236 2594 necessario
3273 2540 3537 2610 agendum

1973 2633 2092 2679 erat
2120 2643 2133 2679 :
2164 2626 2491 2695 praedixerat
2527 2628 2670 2683 enim
2700 2628 2815 2699 ipse
2850 2628 3111 2695 Dominus
3153 2645 3350 2701 corpus
3385 2645 3542 2685 suum

1973 2718 2151 2773 triduo
2187 2717 2241 2771 in
2279 2727 2478 2773 terram
2517 2717 2772 2775 futurum.
2807 2719 2876 2774 Et
2905 2720 3029 2775 vide
3068 2720 3356 2776 Dominum
3402 2721 3545 2776 inter
3596 2723 3607 2729 “

1971 2810 2105 2866 duos
2129 2808 2347 2879 Ioseph,
2378 2826 2543 2866 unum
2570 2812 2746 2867 virum
2767 2806 2965 2874 Mariae,
2992 2818 3184 2866 testem
3215 2812 3547 2881 integritatis

1972 2900 2118 2969 ejus;
2148 2901 2379 2956 alterum
2405 2901 2586 2967 istum,
2617 2903 2708 2972 qui
2737 2902 2790 2958 in
2826 2917 2922 2957 suo
2949 2911 3317 2968 monumento,
3346 2902 3399 2956 in
3428 2917 3539 2971 quo

1972 2991 2207 3049 nondum
2234 2991 2517 3063 quisquam
2551 2993 2758 3062 positus
2785 3000 2921 3057 erat,
2946 2992 3123 3062 posuit
3161 3007 3357 3063 corpus
3382 2992 3545 3059 Jesu,

1976 3096 2045 3135 ne
2082 3080 2128 3135 si
2155 3082 2208 3135 in
2235 3096 2301 3136 eo
2325 3080 2465 3136 alter
2492 3081 2688 3151 aliquis
2715 3091 2873 3136 antea
2903 3090 3212 3152 poneretur,
3236 3094 3417 3153 posset
3438 3085 3546 3139 dici

300 3148 481 3227 cie-sise
505 3181 765 3248 pastores,
810 3182 869 3228 ut
895 3190 995 3229 nec
1026 3175 1184 3231 minis
1206 3172 1538 3246 frangantur,
1584 3193 1685 3234 nec
1722 3178 1876 3234 blan—
1901 3148 1947 3211 Ο
1978 3168 2129 3224 illum
2157 3171 2393 3225 nondum
2420 3170 2544 3225 inde
2564 3172 2945 3245 resurrexisse.
2968 3171 3038 3226 Et
3059 3172 3180 3228 Vide
3202 3173 3338 3229 duos
3359 3182 3546 3233 uteros

299 3264 557 3337 (timentis
597 3258 923 3322 molliantur.
968 3266 1044 3320 Eo
1079 3274 1256 3322 actum
1296 3276 1398 3333 est,
1443 3268 1595 3337 quod,
1627 3268 1877 3326 Christus

298 3369 496 3425 passus
537 3364 619 3408 est
638 3370 735 3425 pro
762 3356 933 3419 nobis,
966 3356 1272 3426 relinquens
1303 3358 1456 3416 nobis
1483 3358 1784 3429 exemplum
1816 3368 1878 3415 ut

299 3457 597 3512 sequamur
619 3444 842 3513 vestigia
880 3445 1023 3516 ejus;
1049 3460 1193 3501 mors
1218 3448 1360 3503 enim
1390 3447 1586 3503 Christi
1613 3465 1722 3519 pra:
1747 3464 1875 3505 ocu-

302 3528 372 3585 lis
394 3532 572 3585 cordis
608 3531 788 3586 habita
819 3520 1089 3589 confortat
1110 3535 1271 3589 corda
1309 3536 1564 3603 ﬁdelium,
1600 3546 1658 3591 ut
1688 3554 1787 3610 pro
1809 3554 1876 3594 eo

299 3621 420 3694 pati
459 3638 564 3675 non
596 3623 835 3678 timeant.
882 3622 1044 3680 Facta
1091 3636 1215 3682 sunt
1261 3638 1439 3683 autem
1479 3629 1593 3684 haec
1627 3641 1686 3684 ut
1723 3629 1873 3685 Scri-

302 3723 463 3783 ptura
501 3706 786 3783 impleatur
809 3732 822 3768 :
857 3713 929 3770 0s
958 3732 1058 3770 non
1086 3718 1462 3772 comminuetur
1480 3735 1544 3773 ea:
1575 3736 1654 3773 eo.
1680 3720 1745 3775 Et
1772 3720 1873 3776 alia

306 3802 627 3872 Scriptura:
675 3802 922 3859 Videbunt
956 3807 1008 3859 in
1040 3822 1188 3876 queat
1226 3806 1615 3878 transﬁxerunt.
1656 3809 1729 3865 At
1770 3811 1875 3866 duo

308 3892 370 3948 in
411 3894 657 3962 passione
697 3895 905 3949 Domini
954 3895 1094 3953 facta
1137 3896 1244 3952 duo
1276 3898 1388 3973 haec
1416 3899 1719 3958 testimonia
1747 3919 1874 3957 san-

307 4000 414 4044 cla:
457 3988 750 4060 Scriptura:
794 4000 1062 4061 ponuntur
1096 4010 1108 4046 :
1141 3995 1283 4067 quod
1323 4010 1481 4052 crura
1519 4012 1627 4052 nou
1672 3997 1878 4069 frange-

305 4079 529 4143 bantur,
550 4079 618 4134 ad
642 4081 744 4135 hoc
765 4082 993 4151 pertinet
1008 4091 1066 4137 ut
1088 4099 1149 4139 os
1166 4099 1271 4138 non
1291 4086 1681 4141 comminuetur
1699 4104 1764 4143 ex
1787 4105 1871 4145 eo.

305 4168 377 4223 Et
413 4168 556 4238 quod
593 4169 747 4224 miles
792 4170 974 4226 lancea
1017 4171 1156 4229 latus
1184 4175 1411 4244 aperuit,
1435 4176 1503 4229 ad
1530 4176 1630 4231 hoc
1657 4177 1877 4245 respicit

307 4258 454 4327 quod
483 4259 741 4330 propheta
770 4260 881 4315 ait:
924 4259 1172 4317 Videbunt
1208 4266 1263 4317 in
1293 4281 1442 4335 quem
1480 4266 1871 4335 trans/inruat.

306 4349 418 4404 Per
442 4349 659 4419 Moysen
683 4353 821 4407 enim
863 4354 1121 4411 Dominus
1160 4358 1434 4412 mandavit
1475 4366 1533 4412 ut
1560 4373 1680 4413 cum
1706 4375 1874 4431 agnus

308 4442 584 4513 paschalis
624 4442 1003 4511 immolaretur,
1043 4462 1105 4502 os
1146 4446 1261 4516 ejus
1279 4451 1869 4518 noncomminueretur,
1898 4497 1950 4557 Β

307 4534 385 4587 ita
416 4543 469 4587 et
503 4533 804 4604 quicunque
841 4537 895 4590 in
939 4552 1161 4613 corpore
1200 4538 1409 4594 Domini
1444 4556 1506 4595 os
1538 4550 1638 4605 est,
1678 4544 1731 4595 id
1769 4550 1870 4608 est,

310 4623 617 4677 membrum
641 4622 779 4679 forte
799 4625 852 4679 in
875 4625 1113 4681 Ecclesia
1139 4627 1359 4694 Christi,
1380 4629 1536 4684 nullis
1560 4631 1873 4698 terroribus,

311 4714 477 4771 nullis
512 4716 671 4771 minis
698 4716 871 4788 frangi
898 4726 1104 4788 potest.
1139 4719 1206 4773 Et
1246 4720 1384 4787 quod
1419 4721 1509 4774 illa
1535 4721 1699 4776 altera
1732 4720 1878 4777 Scri-

308 4816 473 4876 ptura
496 4807 665 4860 dixit:
704 4805 951 4863 Videbunt
973 4808 1027 4861 in
1048 4825 1197 4879 quem
1222 4809 1612 4879 trans/iurant,
1639 4810 1876 4866 futurum

309 4911 400 4955 est
450 4901 504 4955 in
544 4902 744 4972 judicio
793 4903 1104 4966 novissimo,
1151 4911 1208 4958 ut
1257 4915 1627 4974 persecutores
1673 4904 1872 4960 Christi

309 5007 437 5046 eum
485 4992 697 5047 videant
738 4992 890 5060 cujus
933 5009 1126 5064 corpus
1170 4995 1326 5049 modo
1367 4996 1531 5057 variis
1572 4995 1878 5065 passionum

308 5083 614 5153 generibus,
626 5082 881 5153 alﬂigunt.

915 5172 1140 5229 CAPUT
1184 5174 1301 5230 XX.
1679 5232 1697 5245 ,

386 5264 522 5317 Cum
555 5273 726 5317 autem
765 5280 880 5317 sero
908 5276 1036 5318 esset
1075 5259 1297 5333 factum,
1324 5266 1459 5319 venit
1484 5266 1696 5336 quidam
1725 5267 1877 5323 homo

305 5357 458 5411 dives
485 5354 550 5407 ab
577 5355 900 5418 Arimathia,
934 5355 1118 5408 nobilis
1147 5354 1356 5407 decurio
1375 5394 1389 5419 ,
1430 5356 1518 5425 qui
1547 5364 1595 5408 et
1631 5355 1738 5424 ipse
1763 5366 1875 5409 erat

305 5459 620 5521 exspectans
650 5467 859 5520 regnum
889 5450 1013 5513 Dei,
1061 5459 1109 5503 et
1139 5448 1428 5519 discipulus
1454 5449 1612 5514 Iesu,
1645 5449 1874 5504 occultus

307 5551 494 5594 autem
520 5524 726 5609 prapter
760 5550 948 5594 metum
972 5540 1318 5603 Judteorum;
1355 5540 1437 5593 hic
1478 5557 1582 5594 non
1609 5556 1875 5594 consense-

311 5641 398 5684 rat
421 5630 641 5683 consilio
666 5641 712 5683 et
736 5632 935 5684 artibus
964 5648 1161 5696 eorum,
1200 5632 1277 5684 vir
1295 5632 1457 5684 bonus
1479 5641 1524 5683 et
1538 5631 1745 5699 justus,
1778 5648 1873 5684 no-

278 5752 281 5755 ι
312 5723 460 5776 mine
480 5721 669 5791 Jcseph
682 5739 702 5787 ;
724 5732 769 5775 et
787 5724 1034 5777 audacter
1053 5724 1279 5777 introirit
1300 5722 1368 5775 ad
1395 5721 1640 5787 Pilatum,
1662 5731 1708 5774 et
1732 5723 1874 5790 petiit

1976 3261 2352 3317 immaculatos
2380 3277 2394 3314 :
2424 3260 2639 3326 Mariae,
2685 3276 2751 3316 ex
2780 3277 2887 3333 qua
2931 3262 3252 3318 intemerata
3287 3264 3547 3322 Dominus
3612 3278 3619 3285 '

1974 3364 2133 3411 natus
2169 3363 2280 3420 est;
2304 3365 2359 3410 et
2380 3353 2611 3426 sepulcri
2643 3354 2800 3418 novi,
2834 3354 2887 3408 in
2926 3369 3032 3424 quo
3060 3363 3186 3409 ante
3212 3354 3542 3423 Dominum,

1972 3446 2057 3500 vel
2088 3453 2214 3517 post
2233 3460 2377 3511 eum,
2401 3444 2578 3503 nullus
2606 3445 2881 3500 hominum
2910 3445 3118 3516 positus
3144 3457 3283 3501 erat.
3306 3447 3367 3501 In
3397 3458 3544 3504 terra

1973 3538 2118 3592 enim
2159 3538 2464 3607 ponendum
2498 3546 2619 3595 erat
2641 3554 2837 3609 corpus
2865 3538 3079 3597 Domini
3115 3555 3181 3595 ex
3210 3541 3427 3597 homine
3455 3557 3544 3597 as-

1974 3639 2264 3701 sumptum,
2289 3631 2413 3701 quia
2439 3632 2506 3685 ad
2530 3640 2806 3702 parentem
2827 3633 3039 3704 generis
3065 3634 3285 3689 humani
3305 3635 3540 3704 primum

1973 3720 2164 3786 Adam,
2182 3733 2246 3774 ex
2265 3736 2373 3790 quo
2390 3736 2551 3777 omne
2570 3738 2765 3793 corpus
2779 3724 3070 3778 humanum
3087 3725 3412 3779 seminatum
3431 3735 3539 3789 est,

1973 3820 2097 3883 post
2138 3812 2349 3882 culpam
2395 3828 2425 3866 a
2456 3812 2681 3868 Domino
2720 3815 2919 3869 dictum
2959 3822 3081 3869 est:
3118 3814 3279 3868 Terra
3306 3830 3382 3878 es,
3410 3824 3458 3868 et
3484 3816 3542 3870 in

1974 3915 2166 3960 terram
2193 3905 2310 3964 ibis.
2334 3905 2416 3959 Ad
2447 3906 2773 3978 implendum
2798 3920 2927 3976 ergo
2948 3906 3198 3960 humanm
3220 3905 3544 3961 conditionis

1972 3994 2235 4061 debitum,
2255 4009 2451 4066 corpus
2479 3995 2688 4050 Domini
2713 3996 2767 4048 in
2800 4003 2998 4050 terram
3027 3995 3261 4064 positum
3284 4003 3388 4050 est.
3407 3996 3539 4050 Fra-

1975 4091 2107 4148 tres,
2155 4084 2294 4139 scire
2323 4084 2527 4139 debetis
2574 4085 2714 4154 quod
2768 4084 2934 4138 Filius
2977 4085 3096 4147 Dei,
3145 4093 3205 4139 ut
3245 4086 3556 4142 humanum.

1974 4188 2143 4245 genus
2167 4173 2472 4239 redimeret,
2505 4184 2747 4229 mortuus
2770 4183 2873 4235 est,
2898 4190 3003 4229 non
3027 4175 3237 4230 debitor
3263 4178 3375 4247 ipse
3397 4194 3543 4233 mor-

1974 4256 2185 4329 tis,'sed
2217 4274 2436 4335 sponte,
2485 4280 2583 4335 pro
2630 4281 2693 4321 ea
2740 4266 3004 4322 charitate
3045 4283 3151 4339 qua
3193 4284 3292 4324 nos
3321 4269 3538 4332 dilexit,

1973 4353 2161 4408 mortis
2182 4353 2437 4419 debitum,
2459 4356 2600 4424 quod
2626 4372 2731 4411 non
2753 4357 2953 4422 debuit,
2978 4357 3223 4413 exsolvit.
3240 4359 3370 4414 Cum
3397 4361 3555 4415 cnim'

1973 4442 2179 4514 primus
2206 4442 2367 4498 homo
2392 4442 2564 4500 Adam
2602 4459 2701 4515 pro
2745 4445 3118 4501 inobedientiaa
3149 4447 3307 4518 culpa
3350 4449 3542 4508 mortis

1978 4547 2136 4603 paena
2182 4534 2531 4604 plecteretur,
2574 4536 2627 4591 in
2675 4544 2785 4592 tota
2828 4538 3043 4605 generis
3096 4539 3315 4594 humani
3362 4557 3542 4600 massa

1977 4623 2093 4693 ipsa
2117 4624 2307 4679 mortis
2326 4626 2563 4680 conditio
2582 4628 2898 4695 permansit.
2926 4628 3004 4682 Ex
3026 4645 3133 4685 uno
3160 4631 3305 4685 enim
3327 4647 3534 4698 omnes,

1977 4723 2031 4768 et
2066 4715 2117 4768 in
2146 4731 2254 4770 uno
2277 4731 2464 4772 omnes
2490 4726 2867 4788 peccaverunt,
2892 4727 2946 4772 et
2975 4734 3098 4773 cum
3124 4722 3362 4789 peccatis
3390 4724 3503 4778 nati
3521 4764 3539 4789 ,

1975 4808 2181 4875 peccati
2216 4807 2377 4861 etiam
2405 4823 2618 4878 patriam
2647 4823 2835 4862 omnes
2862 4808 3009 4864 luere
3043 4810 3391 4879 cogebantur.
3421 4812 3539 4869 Non

1978 4907 2155 4951 autem
2177 4898 2351 4966 potuit
2391 4899 2459 4951 ah
2482 4896 2641 4966 hujus
2668 4897 3060 4954 maledictionis
3090 4900 3302 4956 vinculo
3333 4901 3537 4960 absolvi

1978 5003 2145 5059 genus
2172 4988 2460 5043 humanum
2478 5030 2493 5054 ,
2521 4997 2806 5057 antequam
2836 4990 3045 5046 veniret
3080 4991 3272 5061 aliquis
3300 4992 3392 5061 qui
3421 4992 3536 5046 sine

1976 5088 2198 5153 peccato
2220 5088 2400 5144 natus,
2420 5092 2594 5149 ptume
2614 5080 2821 5148 peccati
2839 5081 3051 5139 debitor
3073 5098 3178 5138 non
3202 5082 3374 5137 ﬁeret.
3397 5082 3532 5140 Nam

1978 5170 2097 5226 ideo
2138 5171 2347 5225 caeteris
2392 5171 2640 5225 omnibus
2674 5186 2832 5240 pteua
2882 5173 3195 5240 debebatur,
3238 5176 3363 5244 quia
3408 5190 3532 5232 eum

1976 5260 2211 5331 peccatis
2238 5275 2426 5316 omnes
2455 5260 2566 5314 nati
2600 5271 2744 5316 sunt.
2776 5262 2886 5318 Soli
2922 5280 3051 5334 ergo
3090 5281 3193 5321 non
3230 5266 3326 5319 fuit
3352 5265 3535 5322 debita

1979 5365 2137 5421 prima
2176 5351 2226 5406 ei
2254 5351 2345 5420 qui
2374 5360 2676 5420 peccatum,
2705 5368 2803 5423 pro
2832 5370 2939 5424 quo
2966 5370 3123 5425 plena
3155 5356 3388 5426 irrogata
3417 5365 3531 5423 est,

1979 5456 2087 5497 non
2116 5440 2243 5497 fecit
2265 5481 2280 5506 ,
2311 5442 2437 5511 quia
2476 5442 2594 5497 sine
2637 5442 2727 5498 illo
2756 5452 2811 5500 et
2837 5454 2993 5499 natus
3035 5453 3136 5501 est.
3172 5446 3331 5500 Venit
3372 5447 3536 5519 igitur

1980 5539 2147 5593 Filius
2193 5537 2287 5592 Dei
2319 5551 2599 5592 assumens
2644 5538 2761 5592 sine
2804 5538 2955 5607 culpa
3003 5553 3169 5609 genus
3209 5538 3531 5606 humanum;

1981 5640 2154 5686 mater
2181 5630 2324 5685 enim
2350 5644 2453 5685 non
2488 5630 2920 5699 concupiscentia
2949 5629 3087 5694 viri,
3135 5631 3229 5686 sed
3272 5632 3535 5687 charitate

1983 5722 2211 5791 Spiritus
2232 5722 2403 5777 sancti
2425 5722 2769 5793 imprmgnata
2794 5729 2895 5788 est,
2910 5723 3195 5792 genuitque
3210 5723 3397 5778 Filium
3419 5726 3535 5779 sine
