4064 6190
515 297 617 353 105

1606 260 1878 348 cauom]
1917 292 2298 351 FULDENSIS
2334 292 2636 373 moment
2691 356 2703 366 ,

3644 299 3742 355 104

510 422 748 488 peccato,
773 425 930 483 quem
957 410 1070 463 sine
1093 407 1526 478 concupiscentia
1554 409 1818 478 concepit.
1844 408 1949 464 Iste
1975 424 2069 463 sua
2096 412 2147 471 Α
2174 410 2286 479 ipse
2308 409 2489 464 dilexit
2511 427 2627 475 nos,
2649 418 2697 463 et
2723 411 2938 465 tradidit
2965 413 3290 482 semetipsum
3314 430 3408 483 pro
3429 414 3575 470 nobis
3600 417 3747 471 obla-

512 514 684 559 morte
724 509 1013 572 spontaneo
1040 499 1211 567 potuit
1241 497 1505 552 redimere
1525 512 1619 553 eos
1640 499 1732 568 qui
1770 499 1960 553 mortis
1982 499 2074 553 de-

510 598 621 650 bito
646 592 985 654 tenebantur,
1010 590 1192 643 creteri
1219 604 1406 644 omnes
1429 589 1582 643 inviti
1610 598 1831 659 peccato
1853 600 2076 661 cogente

509 684 707 738 mortui
735 688 877 737 sunt.
902 679 1134 748 Ideoque
1160 679 1386 733 aliorum
1409 695 1513 734 non
1544 687 1836 748 potuerunt
1858 695 1978 735 esse
1998 694 2080 734 re-

509 754 831 843 demptores,
861 771 950 839 qui
980 786 1089 825 sua:
1108 778 1263 824 erant
1287 785 1458 842 pinnae
1485 772 1770 826 debitores.
1802 770 1993 836 Venit,
2017 780 2076 825 ut

508 865 654 925 dixi,
696 862 861 915 Filius
902 861 1029 924 Dei,
1076 861 1280 930 fuitque
1327 860 1565 917 omnium
1604 861 1929 931 redemptor,
1983 863 2076 932 qui

508 970 612 1008 non
637 970 735 1022 pro
757 953 938 1007 debito
967 952 1208 1022 peccati,
1242 951 1380 1021 quod
1415 951 1614 1007 nullum
1657 951 1813 1018 fecit,
1846 952 1941 1007 sed
1979 968 2078 1022 pro

509 1044 791 1106 eliaritate,
815 1057 920 1116 qua
950 1057 1046 1096 nos
1074 1041 1281 1106 dilexit,
1313 1050 1539 1096 mortem
1562 1041 1819 1110 suscepit,
1843 1049 1897 1095 et
1920 1039 2080 1109 hujus

511 1134 792 1192 charitatis
827 1133 1127 1187 mercedem
1168 1134 1403 1202 suscepit
1440 1132 1666 1186 salutem
1708 1140 1946 1190 nostram
1974 1148 2088 1188 om-

511 1223 681 1287 nium,
708 1223 800 1294 qui
839 1222 890 1277 in
918 1238 1039 1277 eum
1069 1224 1337 1277 credimus
1359 1263 1372 1284 ,
1403 1231 1456 1276 et
1492 1236 1616 1276 eum
1650 1221 1918 1291 diligimus
1948 1221 2088 1276 sicut

522 1386 1142 1414 ω

2174 500 2364 588 tivam
2393 498 2496 551 Deo
2532 499 2585 552 in
2627 499 2834 552 odorem
2875 501 3168 554 suavitatis.
3209 500 3355 567 Ilmc,
3397 501 3591 557 fratres
3617 506 3740 570 mei,

2176 604 2338 643 causa
2380 588 2481 642 fuit
2513 589 2900 643 incarnationis
2920 589 3143 645 Christi.
3167 590 3248 646 Ad
3277 592 3378 647 hoc
3415 594 3558 650 enim
3586 603 3744 648 natus

2176 690 2260 738 est
2289 696 2479 747 carne,
2518 691 2577 736 ut
2612 696 2775 735 carne
2799 691 3134 747 moreretur;
3164 685 3231 737 ad
3255 684 3354 737 hoc
3381 693 3624 739 mortuus
3662 693 3744 740 est

2179 780 2386 842 sponte,
2410 780 2465 823 ut
2490 786 2586 827 nos
2607 786 2636 823 a
2661 771 2982 824 necessitate
3009 772 3197 826 mortis
3223 780 3435 827 interrae
3455 771 3741 837 liberaret;

2182 859 2249 913 ad
2274 860 2374 915 hoc
2403 860 2565 913 etiam
2598 861 2805 929 positus
2835 860 2887 917 in
2926 860 3203 929 sepulcro,
3236 863 3361 930 quia
3398 863 3536 917 sicut
3572 863 3746 932 primo

2181 950 2383 1008 homini
2415 951 2614 1017 dictum
2643 959 2725 1005 est
2772 969 2785 1003 :
2826 950 2995 1007 Morte
3040 953 3307 1017 morieris,
3359 954 3440 1011 sic
3480 961 3535 1007 et
3573 954 3621 1008 ei
3663 955 3747 1011 di-

2183 1047 2328 1093 ctum
2352 1048 2433 1095 est
2457 1054 2471 1095 :
2493 1039 2653 1093 Terra
2678 1056 2752 1103 es,
2773 1050 2817 1092 et
2844 1039 2896 1093 in
2918 1025 3110 1097 terram
3129 1042 3243 1097 ibis.
3273 1042 3461 1101 Totum
3476 1058 3605 1115 ergo
3619 1059 3747 1113 pec-

2186 1131 2358 1184 cantis
2377 1130 2610 1184 dehitum
2654 1130 2900 1193 exsolvit,
2935 1140 2992 1183 ut
3028 1140 3209 1196 totam,
3233 1150 3391 1204 quam
3413 1143 3744 1204 susceperat,

2187 1220 2475 1273 humanam
2510 1227 2758 1273 naturam
2796 1220 3102 1274 redimeret.

904 1382 2232 1412 ω

2158 1383 3746 1417 W

2018 1530 2263 1588 INCIPIT

1264 1693 2160 1817 EPISTOLA
2236 1700 3005 1820 CANDIDI

1802 1933 2090 1978 MONACBI
2134 1932 2475 1976 FULDENSIS

1182 2082 1343 2144 Num
1374 2082 1659 2142 Christus
1699 2080 2020 2159 corporeis
2059 2077 2258 2139 oculis
2292 2077 2485 2138 Deum
2526 2077 2732 2141 videre
2768 2080 3074 2175 potuerit.

1737 2238 1895 2301 (Pez.,
1914 2237 2065 2288 Thes.
2089 2237 2271 2286 noviss.
2295 2234 2506 2300 Anecd.)

1900 2363 2280 2377 —--_-.

580 2462 619 2516 l.
662 2460 886 2515 Domino
919 2474 969 2511 In
993 2455 1208 2511 Christo
1240 2453 1556 2515 venerabili,
1580 2467 1789 2506 summa
1810 2451 2081 2507 charitate
2108 2453 2155 2513 B
2182 2450 2584 2519 comparatione
2627 2458 2804 2504 tamen
2849 2466 3071 2506 summze
3103 2453 3243 2511 illius
3272 2457 3568 2519 divinitatis
3610 2465 3757 2524 loca-

515 2552 788 2623 diligendo
804 2549 979 2613 fratri,
1006 2548 1287 2617 presbyter
1311 2557 1337 2587 ιι
1362 2543 1633 2600 Candidus
1660 2540 1909 2597 salutem.

583 2645 697 2699 Non
730 2642 1054 2697 omnimodis
1085 2641 1153 2694 ab
1184 2655 1243 2694 re
1273 2640 1419 2709 agis,
1451 2639 1541 2708 qui
1575 2637 1800 2692 relativo
1837 2636 2087 2707 loquendi

512 2751 662 2790 more
694 2734 940 2803 loquens,
975 2738 1028 2786 te
1061 2731 1252 2796 tilium,
1279 2745 1366 2785 me
1395 2737 1574 2783 autem
1597 2736 1806 2799 patrem
1827 2728 2085 2798 appellas,

512 2826 603 2895 qui
634 2826 816 2895 utique
830 2823 1045 2878 Patrem
1060 2823 1265 2877 habens
1287 2820 1340 2875 in
1364 2819 1518 2875 crelis
1529 2817 1824 2881 Christum,
1845 2819 2003 2889 hujus
2023 2820 2089 2875 de

513 2918 772 2987 dignitate
790 2925 844 2971 ct
867 2916 1131 2971 charitate
1153 2900 1525 2968 honorandum
1549 2909 2091 2980 amplectendamque

511 3023 618 3061 non
644 3007 879 3061 dubitas.
909 3003 1013 3060 Sed
1036 3006 1180 3059 hunc
1198 3002 1418 3057 Patrem
1459 3000 1614 3056 nobis
1658 3000 1911 3055 omnibus
1947 3015 2090 3054 com-

512 3111 726 3151 munem
752 3096 910 3150 simul
940 3094 1231 3157 credimus,
1259 3072 1542 3162 speramus
1565 3098 1618 3144 et
1640 3105 1907 3144 amamus.
1937 3089 2089 3156 Quod

512 3197 690 3244 autem
716 3203 801 3241 me
831 3193 1037 3256 patrem
1065 3198 1261 3239 vocare
1283 3182 1499 3236 voluisti
1536 3181 1604 3235 ad
1626 3180 1729 3234 hoc
1760 3181 1900 3250 quod
1931 3194 2091 3251 agere

514 3276 845 3347 disposuisti,
873 3292 976 3331 non
1005 3274 1393 3330 inconveniens
1413 3288 1533 3328 esse
1557 3272 1787 3327 videtur.
1812 3271 1944 3325 Nam
1967 3286 2090 3325 cum

515 3373 569 3427 in
601 3371 801 3425 sanctis
831 3368 1129 3438 Seripturis
1157 3374 1484 3437 praeceptum
1512 3365 1585 3418 sit
1610 3373 1668 3419 ut
1695 3365 2093 3433 inlerrogentur

514 3470 712 3532 patres,
739 3467 799 3513 ut
829 3458 1153 3512 annuntient
1176 3463 1231 3511 et
1255 3455 1519 3519 seniores,
1540 3462 1602 3507 ut
1622 3454 1804 3508 dicant
1826 3452 1870 3507 si
1891 3450 1979 3506 ille
2001 3446 2091 3520 qui

516 3553 883 3622 interrogatur
901 3559 1055 3618 pater
1083 3554 1166 3602 est
1190 3554 1244 3601 et
1268 3547 1574 3617 presbyter,
1604 3559 1773 3614 quare
1797 3558 1906 3597 non
1944 3550 2093 3597 recte

513 3653 723 3717 patrem
754 3643 1009 3714 appellas,
1035 3656 1193 3711 quem
1224 3626 1557 3707 interrogare
1578 3652 1685 3691 non
1713 3634 1964 3691 dubitas?
1985 3632 2092 3687 Sed

516 3736 721 3789 utinam
752 3733 843 3788 tibi
874 3734 950 3789 sic
980 3732 1129 3787 utilis
1155 3729 1221 3784 ad
1253 3730 1584 3799 interrogata
1616 3727 1800 3782 ﬁerem
1825 3725 1966 3779 sicut
2000 3724 2093 3778 de-

2189 2540 2268 2596 les
2299 2546 2424 2596 sunt
2450 2558 2464 2594 :
2492 2540 2615 2610 quia
2643 2541 2743 2595 etsi
2770 2556 2877 2596 non
2921 2542 3123 2608 altero,
3158 2545 3276 2615 ipso
3306 2556 3484 2605 tamen
3517 2557 3715 2611 mundo
3738 2598 3752 2621 ,

2186 2630 2278 2701 qui
2321 2631 2508 2699 utique
2550 2629 2811 2686 locus'est
2832 2672 2846 2696 ,
2878 2634 3246 2689 continentur.
3279 2636 3421 2694 Deus
3448 2649 3628 2697 autem
3655 2661 3756 2701 nec

2186 2725 2406 2791 mundo,
2441 2740 2542 2779 nec
2568 2734 2815 2780 creatura
2844 2725 3021 2795 aliqua
3048 2729 3384 2797 continetur;
3409 2734 3533 2802 quia
3552 2737 3619 2789 ab
3641 2740 3757 2806 ipso

2186 2816 2532 2873 continentur
2560 2818 2739 2872 omnia
2772 2828 2974 2883 creata,
3007 2827 3069 2874 ut
3107 2820 3217 2876 sint
3251 2832 3306 2877 et
3353 2835 3622 2883 maneant.
3655 2831 3757 2897 Qui

2187 2923 2316 2978 ergo
2342 2908 2443 2963 hoc
2467 2922 2497 2961 a
2525 2915 2576 2961 te
2601 2908 2895 2977 quzerebat,
2928 2909 3153 2975 scilicet,
3177 2920 3357 2967 utrum
3393 2915 3536 2972 Deus
3564 2934 3757 2988 corpo-

2189 2997 2393 3053 ralibus
2417 2998 2591 3052 oculis
2615 2998 2878 3063 videatur,
2907 3007 3006 3053 aut
3043 3001 3335 3065 videretur,
3367 3015 3462 3060 aut
3497 3008 3761 3065 videndus

2189 3089 2279 3152 sit,
2309 3089 2410 3143 hoe
2434 3098 2487 3143 et
2515 3105 2545 3142 a
2568 3104 2683 3153 me,
2712 3099 2767 3145 et
2813 3105 2843 3144 a
2877 3092 3084 3147 cunctis
3122 3094 3400 3150 catholicis
3439 3098 3759 3156 Christianis

2189 3194 2504 3249 responsum
2530 3181 2712 3235 audiat
2745 3198 2757 3234 :
2788 3182 2928 3251 quod
2954 3181 3093 3238 Deus
3122 3185 3344 3253 spiritus
3373 3188 3561 3257 spiritu
3584 3192 3761 3246 cerni.

2191 3279 2297 3335 tur,
2328 3289 2436 3327 non
2466 3288 2648 3327 carne.
2681 3273 2876 3329 Mundo
2901 3276 3063 3331 corde
3088 3274 3301 3353 videtur
3325 3280 3392 3334 ab
3416 3281 3726 3340 hominibus
3743 3327 3757 3351 ,

2189 3377 2319 3427 non,
2348 3362 2475 3419 licet
2496 3365 2870 3432 mundissimo,
2894 3382 3121 3437 corpore
3149 3387 3161 3422 :
3190 3385 3221 3424 a
3250 3370 3481 3440 spiritali
3513 3374 3762 3431 substan-

2192 3457 2263 3510 tia
2294 3463 2349 3511 et
2374 3457 2633 3522 cernitur,
2663 3466 2718 3512 et
2741 3460 3042 3515 cernendus
3068 3468 3180 3528 est,
3218 3476 3323 3517 non
3347 3471 3526 3520 autem
3556 3468 3759 3524 carnali

2188 3561 2286 3618 per
2319 3561 2563 3601 carnem.

2259 3634 2344 3689 lii.
2387 3633 2443 3689 Si
2480 3644 2657 3691 autem
2701 3636 2837 3692 forte
2875 3641 3199 3708 respondeat
3227 3641 3348 3709 ille,
3378 3652 3433 3699 et
3474 3643 3656 3699 dicat:
3690 3646 3758 3701 Et

2192 3725 2316 3790 hoc,
2346 3727 2489 3795 quod
2519 3729 2677 3782 modo
2701 3743 2799 3797 per
2841 3743 3035 3798 corpus
3082 3731 3359 3797 videmus,
3406 3736 3629 3805 spiritus
3661 3752 3759 3807 per

515 3827 724 3882 sideras
745 3866 760 3891 ,
783 3825 872 3895 qui
902 3839 988 3879 me
1023 3810 1180 3879 talem
1208 3830 1366 3892 putas
1391 3822 1481 3892 qui
1517 3820 1616 3875 tibi
1652 3834 1779 3874 vera
1826 3817 2090 3871 charitate
2116 3811 2160 3874 C
2191 3820 2578 3887 corpusvidet.
2611 3829 2665 3875 et
2693 3822 2848 3876 nobis
2880 3823 3128 3879 omnibus
3158 3825 3397 3882 futurum
3434 3829 3757 3898 promissum

514 3914 695 3977 velim,
726 3921 781 3967 et
807 3912 1033 3968 scientia
1062 3911 1288 3974 valeam,
1317 3901 1527 3965 solvere
1568 3922 1688 3977 quae
1718 3905 1950 3976 quaeris!
1997 3904 2093 3959 Est

516 4016 695 4059 autem
728 4004 952 4073 quaestio
975 4004 1041 4058 de
1068 4018 1173 4072 qua
1206 4002 1477 4071 pulsatum
1503 4009 1556 4056 te
1592 4016 1623 4054 a
1658 3999 1890 4070 quodam
1916 3996 2087 4052 dicis:

519 4096 672 4163 Quod
718 4095 955 4150 Christus
1001 4095 1255 4150 Dominus
1302 4103 1493 4158 uoster,
1536 4094 1592 4146 in
1634 4101 1889 4164 quantum
1937 4090 2090 4143 homo

518 4191 642 4260 fuit,
670 4206 787 4244 cum
813 4189 897 4243 hic
925 4187 1159 4243 mortalis
1203 4188 1340 4241 inter
1381 4184 1626 4240 mortales
1670 4185 1888 4248 viveret,
1921 4180 2090 4235 Deum

518 4283 686 4336 ridere
708 4280 994 4351 potuisset?
1021 4294 1140 4348 qua:
1164 4279 1377 4347 quidem
1404 4276 1650 4346 quaestio,
1683 4276 1727 4329 si
1748 4270 1862 4341 jam
1888 4272 2091 4327 dudum

518 4386 548 4424 a
570 4371 770 4425 sanctis
787 4369 1032 4422 Patribus
1060 4375 1200 4420 mota
1219 4366 1378 4421 simul
1396 4373 1451 4418 et
1476 4365 1651 4418 soluta
1669 4363 1865 4427 fuerat,
1885 4364 2089 4425 nescio,

519 4470 702 4513 utrum
740 4458 822 4512 vel
859 4473 888 4510 a
917 4466 1001 4520 te,
1030 4455 1115 4511 vel
1144 4458 1211 4509 ab
1244 4455 1424 4523 aliquo
1453 4463 1694 4512 veterum
1733 4454 1813 4508 sic
1848 4455 2091 4523 exposita

521 4548 802 4613 habeatur,
821 4548 961 4602 sicut
990 4546 1114 4613 iste,
1137 4545 1204 4600 de
1229 4560 1335 4615 quo
1358 4544 1641 4616 scripsisti,
1658 4545 1991 4615 interrogare
2007 4545 2089 4600 di-

520 4640 662 4694 citur
685 4658 697 4690 :
722 4639 989 4702 videlicet,
1018 4639 1063 4692 si
1093 4640 1353 4708 corporeis
1382 4638 1495 4708 ejus
1517 4636 1679 4690 oculis
1708 4633 1870 4690 Pater
1896 4636 2092 4690 videre-

521 4730 645 4783 tur?
667 4729 771 4783 Sed
799 4729 914 4784 sive
958 4729 1155 4784 habeas
1190 4729 1331 4783 illius
1371 4727 1685 4797 quaestionis
1722 4728 1791 4781 ab
1820 4727 1940 4781 aliis
1976 4725 2090 4793 jam

523 4821 840 4875 solutionem
869 4820 1192 4889 expositam,
1221 4820 1335 4874 sive
1358 4834 1465 4873 non
1492 4818 1716 4882 habeas,
1745 4831 1844 4886 ego
1868 4825 1939 4882 te,
1966 4816 2093 4885 quid

524 4911 648 4965 inde
684 4911 933 4975 sentiam,
967 4926 1071 4964 non
1107 4909 1314 4964 eelaho.

594 5004 656 5057 ll.
697 5004 837 5057 Deus
863 5003 1002 5057 sicut
1043 5012 1282 5057 summus
1310 5001 1531 5071 spiritus
1559 5007 1672 5061 est,
1702 4999 1780 5054 sic
1810 5006 1864 5052 et
1886 5013 2093 5052 summe

526 5092 878 5161 incorporalis
900 5101 999 5146 est.
1029 5092 1140 5145 Hoc
1162 5101 1339 5145 autem
1374 5091 1495 5145 ideo
1526 5089 1667 5154 dico,
1692 5089 1815 5158 quia
1842 5096 1895 5143 et
1921 5087 2091 5157 angeli

2193 3917 2275 3962 est
2304 3908 2725 3977 postjudicium,
2753 3914 3070 3982 corporibus
3086 3912 3199 3982 jam
3227 3917 3724 3988 ineorruplibilibus
3742 3961 3757 3984 ,

2195 3999 2287 4055 Dei
2320 3994 2526 4056 visione
2553 4011 2753 4057 aeterna
2780 4004 3090 4074 gavisuros;
3119 4022 3268 4074 vere,
3316 4019 3375 4062 ut
3401 4017 3507 4074 est,
3535 4010 3608 4063 ita
3633 4011 3759 4070 dicit

2192 4092 2283 4161 qui
2327 4092 2429 4147 hoc
2473 4093 2631 4158 dicit;
2666 4094 2758 4149 sed
2787 4094 3006 4163 spiritus
3052 4097 3171 4151 ideo
3217 4099 3375 4153 modo
3426 4114 3523 4168 per
3566 4115 3754 4170 corpus

2192 4195 2415 4250 corpora
2438 4182 2606 4246 videt,
2638 4184 2763 4252 quia
2798 4200 2902 4238 non
2932 4185 3089 4241 aliter
3110 4188 3280 4243 videri
3313 4203 3536 4258 corpora
3553 4189 3753 4253 valent,

2193 4274 2293 4327 nisi
2319 4289 2416 4343 per
2442 4289 2665 4345 corpus;
2697 4290 2796 4331 nec
2822 4275 2964 4330 aliud
2991 4277 3118 4346 quid
3146 4294 3243 4348 per
3268 4295 3484 4348 corpus,
3509 4280 3610 4334 nisi
3634 4296 3757 4335 cor-

2191 4380 2290 4433 pus
2320 4363 2489 4418 videri
2512 4372 2703 4434 potest.
2736 4365 2870 4419 Nam
2894 4366 2937 4421 si
2962 4368 3283 4437 interrogas,
3307 4378 3489 4424 utrum
3513 4368 3758 4425 Christus

2193 4453 2558 4521 corporalibus
2578 4454 2746 4509 oculis
2768 4455 2935 4509 Deum
2959 4457 3202 4511 videret?
3229 4465 3282 4511 et
3305 4473 3405 4527 ego
3442 4461 3718 4530 interrogo
3737 4501 3752 4524 ,

2191 4552 2373 4597 utrum
2407 4552 2459 4597 tu
2492 4545 2648 4598 modo
2675 4553 2766 4598 aut
2793 4538 2984 4614 possis,
3009 4555 3102 4601 aut
3141 4548 3184 4602 sl
3226 4550 3432 4618 possis,
3458 4551 3592 4605 velis
3620 4551 3759 4605 veri-

2193 4642 2355 4689 tatem
2381 4635 2748 4704 corporalibus
2784 4637 2952 4693 oculis
2979 4638 3196 4694 videre?
3223 4640 3289 4694 Et
3324 4640 3370 4696 si
3418 4642 3548 4696 mihi
3582 4642 3750 4705 dicis,

2192 4748 2293 4787 nec
2322 4740 2371 4785 te
2400 4732 2502 4786 hoc
2532 4731 2667 4786 velle
2686 4774 2701 4798 ,
2745 4749 2845 4787 nec
2874 4749 3065 4803 posse,
3099 4734 3242 4790 scias
3267 4737 3407 4805 quod
3433 4744 3488 4791 et
3511 4734 3757 4790 Christus

2192 4825 2360 4879 Deum
2392 4838 2491 4877 nec
2519 4822 2679 4876 aliter
2707 4823 2876 4878 voluit
2904 4825 3115 4890 videre,
3149 4827 3250 4882 nisi
3285 4828 3424 4882 sicut
3446 4829 3615 4882 videri
3660 4845 3758 4898 po-

2194 4920 2316 4968 test.
2350 4912 2457 4968 Nec
2484 4913 2686 4981 aliquid
2717 4914 2844 4978 vult,
2877 4924 2970 4970 aut
2999 4918 3182 4977 voluit,
3230 4919 3330 4973 nisi
3376 4918 3516 4987 quod
3542 4919 3751 4987 potuit;

2192 5017 2292 5056 nec
2324 5001 2520 5071 aliquid
2549 5010 2742 5070 potest,
2768 5004 2872 5058 nisi
2904 5006 3044 5074 quod
3075 5006 3189 5060 vult
3215 5025 3227 5060 :
3257 5006 3383 5076 quia
3417 5004 3665 5059 voluntas
3695 5016 3753 5062 et

2197 5099 2433 5161 potestas
2464 5091 2555 5146 Dei
2593 5093 2705 5162 ipsa
2736 5091 2919 5163 [Forte
2945 5094 3078 5166 ipse]
3108 5095 3248 5149 Deus
3285 5104 3439 5157 sunt,
3472 5110 3577 5148 nan
3609 5094 3755 5150 aliul

525 5194 579 5239 et
606 5186 818 5246 animae.
848 5192 899 5238 et
922 5184 1226 5252 quicunque
1259 5182 1480 5252 spiritus
1501 5180 1667 5235 creati
1693 5187 1835 5241 sunt,
1865 5179 1988 5233 licet
2013 5178 2092 5231 in-
2120 5157 2171 5216 D
2195 5184 2416 5253 aliquid.
2445 5184 2669 5253 Ideoque
2691 5176 2936 5239 Christus
2955 5187 3147 5256 seipso.
3182 5201 3286 5256 quo
3314 5185 3539 5254 spiritus
3567 5195 3672 5248 est,
3701 5195 3757 5239 ct

527 5274 834 5344 corporales
855 5282 910 5328 et
937 5274 1203 5337 dicantur,
1228 5280 1280 5325 et
1312 5271 1448 5333 sint,
1480 5270 1596 5339 ejus
1625 5277 1802 5322 tamen
1845 5267 2090 5335 incorpo-

531 5364 775 5427 ralitatis,
804 5374 858 5417 et
888 5373 943 5417 ut
973 5365 1045 5418 ita
1086 5364 1259 5418 dicam
1293 5363 1652 5432 spiritalitatis
1686 5359 2089 5429 comparatione

531 5455 838 5524 corporales
873 5455 1107 5526 quodam
1141 5455 1297 5508 modo
1332 5463 1473 5508 sunt.
1507 5454 1654 5507 Licet
1693 5465 1925 5519 namque
1961 5449 2092 5501 alias

533 5544 670 5600 forte
695 5546 945 5601 inlocalcs
968 5547 1051 5601 vel
1078 5547 1291 5609 animm,
1319 5543 1399 5597 vel
1426 5544 1598 5614 angeli
1641 5542 1743 5597 dici
1773 5540 2009 5612 possint;
2042 5539 2094 5591 in

1939 5649 2044 5666 -1

605 5689 629 5717 ³
672 5650 762 5735 Sic
789 5678 921 5748 lego.
956 5681 1118 5735 Forte
1150 5678 1356 5751 legend.
1394 5675 1567 5731 Pater.
1601 5677 1730 5733 Cod.
1765 5650 2044 5733 habet-hi:

2194 5275 2307 5343 ipso
2338 5273 2549 5342 spiritu,
2580 5279 2739 5343 quem
2765 5275 3023 5345 implevit,
3049 5276 3317 5331 hominem
3347 5290 3645 5339 assumens,
3672 5291 3759 5329 se~

2196 5364 2330 5433 ipso,
2364 5364 2576 5433 inquam
2601 5372 2655 5418 et
2683 5365 2800 5435 ipso
2842 5367 3062 5435 spiritu,
3087 5383 3245 5436 quem
3284 5367 3523 5437 implevit
3544 5407 3557 5430 ,
3588 5362 3754 5419 Deuin

2196 5456 2357 5519 vidit;
2383 5455 2750 5524 corporalibus
2785 5467 2963 5510 autem
3001 5474 3122 5511 eum
3168 5474 3389 5513 cernere
3427 5457 3595 5511 oculis
3617 5496 3631 5519 ,
3662 5456 3753 5523 qui

2199 5562 2435 5600 summus
2463 5546 2680 5614 spiritus
2707 5554 2807 5611 est,
2841 5546 2977 5610 ideo,
3009 5548 3062 5599 ni
3092 5547 3262 5613 fallor,
3292 5546 3482 5615 noluit,
3503 5545 3755 5616 quianon
