4064 6190
340 285 442 342 Ιθό

1773 285 2137 342 EPISTOLA.

3465 299 3564 354 ΜΟ

330 401 545 474 potuit:
582 409 637 456 et
683 399 802 454 ideo
828 413 936 455 non
965 398 1139 468 potuit
1160 438 1174 462 ,
1220 399 1342 467 quia
1382 400 1571 455 polluit.
1600 400 1722 455 Vult
1754 401 1898 454 enim
1928 399 1974 455 A
2073 379 2161 450 Vl.
2202 398 2262 450 Ei
2290 411 2424 466 ergo
2453 399 2542 466 qui
2576 399 2670 453 tibi
2701 400 2804 456 hoc
2835 415 3001 471 genus
3030 405 3340 471 quaestionis
3368 422 3564 480 propo-

331 493 548 556 omnia,
580 501 638 546 ut
665 490 807 555 dixi,
852 504 972 559 quae
1003 497 1212 560 potest,
1264 498 1319 546 et
1355 498 1529 560 potest
1573 491 1750 544 omnia
1787 505 1907 559 qua:

336 582 474 635 vult.

412 673 494 726 IV.
535 672 598 726 Et
640 681 701 725 ut
727 670 830 726 hoc
872 671 964 725 tibi
996 670 1467 741 quantulacunque
1506 670 1754 738 exemplo
1789 684 1904 722 ma-

331 762 587 816 nifestius
615 761 740 825 ﬁat,
772 761 817 815 si
851 770 1027 814 tamen
1060 770 1264 831 potest,
1289 761 1395 814 imo
1420 761 1546 828 quia
1583 775 1689 812 non
1721 767 1905 828 potest

334 854 431 906 tali
471 853 547 905 rei
580 852 755 906 simile
795 851 1026 905 inveniri
1066 851 1388 919 exemplum,
1433 865 1496 904 ex
1539 858 1692 919 parte
1727 857 1903 902 tamen

331 944 517 1011 aliqua
553 941 726 996 simile
770 951 854 995 est
893 942 1035 1010 quod
1075 942 1247 996 dicam
1281 959 1293 994 :
1325 958 1387 996 ac
1414 943 1459 996 si
1499 941 1671 995 media
1700 941 1786 994 die
1829 939 1907 992 lu-

332 1044 495 1086 cente
543 1031 653 1086 sole
697 1032 828 1086 velis
873 1031 1087 1090 lucerna
1129 1032 1307 1101 aliqua
1347 1031 1610 1086 materiali
1639 1031 1745 1094 uti,
1783 1045 1903 1082 cum

332 1126 431 1179 tibi
462 1124 694 1178 suﬁiciat
717 1123 951 1192 undique
975 1123 1331 1176 circumfusus
1350 1123 1478 1178 solis
1499 1121 1768 1190 splendor.
1795 1119 1906 1173 Hoc

333 1224 521 1267 autem
550 1229 615 1267 eo
643 1213 759 1267 solo
788 1211 867 1266 rei
897 1213 961 1266 de
987 1228 1091 1280 qua
1119 1213 1296 1283 agitur
1314 1211 1490 1266 simile
1503 1219 1612 1274 est,
1637 1209 1776 1278 quod
1798 1223 1904 1262 non

338 1307 691 1373 quzerendum
720 1315 836 1360 erat
874 1321 1099 1374 corpore
1131 1306 1317 1360 videre
1345 1305 1510 1359 Deum
1531 1345 1545 1367 ,
1574 1317 1737 1372 quem
1764 1317 1904 1355 sem-

332 1408 436 1463 per
475 1394 668 1463 spiritu
693 1395 966 1448 cernebat.
998 1395 1107 1465 Ego
1131 1394 1196 1448 de
1221 1408 1307 1448 me
1343 1393 1459 1463 ipso
1488 1392 1610 1446 dico
1638 1410 1649 1444 :
1681 1390 1726 1446 si
1772 1389 1903 1442 mihi

333 1499 566 1553 corpora
597 1493 663 1538 ad
689 1484 976 1538 videndum
1003 1485 1303 1538 necessaria
1327 1499 1431 1537 non
1456 1483 1666 1545 ﬁerent,
1694 1496 1795 1549 ego
1824 1479 1904 1533 ni-

334 1572 413 1626 hil
458 1573 731 1642 corporeis
772 1572 942 1626 oculis
978 1573 1160 1627 videre
1188 1587 1496 1636 curassem;
1539 1581 1592 1626 et
1637 1571 1738 1625 hoc
1764 1568 1904 1624 forte

334 1663 591 1717 ominibus
615 1672 718 1717 est.
744 1663 876 1716 Nam
903 1664 995 1745 dic]
1013 1664 1164 1728 mihi,
1209 1665 1257 1719 si
1297 1664 1505 1718 litteras
1536 1671 1628 1716 aut
1668 1662 1864 1716 habere
1884 1701 1898 1724 ,

2005 488 2133 550 suit,
2162 499 2217 541 tu
2244 491 2316 541 ita
2346 490 2610 557 responde
2638 508 2650 541 :
2685 489 2740 543 Si
2771 491 2937 544 Deum
2963 500 3020 544 tu
3048 492 3232 548 videre
3261 495 3559 566 desideras,

2006 576 2198 629 munda
2230 591 2346 640 cor,
2369 585 2424 631 et
2450 576 2678 630 videbis.
2709 577 2841 632 Nam
2879 579 3122 635 Christus
3154 582 3226 636 ita
3256 583 3421 641 Deum
3466 589 3565 643 Pa-

2005 675 2141 720 trem
2170 667 2354 721 videre
2383 667 2549 720 voluit
2575 667 2714 721 sicut
2739 671 2943 738 potuit,
2970 679 3024 723 et
3060 671 3132 724 ita
3172 675 3343 740 potuit
3381 686 3438 730 ut
3473 695 3567 732 vo-

2003 757 2142 810 luit:
2175 766 2228 810 et
2272 759 2399 826 quia
2449 774 2545 812 nos
2593 760 2807 813 mundis
2859 762 3109 816 cordibus
3156 765 3320 819 Deum
3357 770 3564 825 visuros

2003 862 2120 901 esse
2139 849 2402 916 praedixit,
2431 863 2536 902 non
2561 859 2645 903 est
2665 850 3013 905 dubitandum
3042 855 3168 921 quin
3205 856 3277 910 ita
3306 874 3427 913 eum
3452 861 3565 929 ipse

2003 938 2224 1002 videret,
2261 939 2402 991 sicut
2429 954 2527 993 nos
2556 940 2624 993 ad
2651 956 2770 993 eum
2794 942 3078 996 videndum
3103 948 3382 1012 pervenire
3406 944 3563 1017 posse

2003 1031 2203 1084 docuit.
2252 1028 2384 1083 Nam
2426 1031 2528 1084 tria
2571 1040 2695 1084 sunt
2737 1048 2856 1100 qua:
2899 1035 3026 1086 mihi
3059 1036 3215 1090 modo
3238 1050 3560 1099 occurrunt.

2004 1134 2165 1171 unum
2207 1120 2347 1186 quod
2389 1119 2531 1174 Deus
2559 1137 2587 1173 a
2620 1122 2818 1175 creatis
2846 1123 3120 1191 spiritibus
3158 1128 3368 1181 mundis
3395 1130 3564 1184 videri

2001 1217 2198 1276 potest,
2225 1225 2328 1263 non
2359 1219 2620 1278 quantum
2654 1226 2712 1263 se
2745 1211 2858 1278 ipse
2890 1212 3061 1276 videt,
3090 1215 3180 1269 sed
3215 1227 3468 1283 quantum
3507 1236 3566 1275 se

2003 1297 2116 1364 ipse
2139 1298 2307 1352 videri
2338 1299 2698 1364 concesserit;
2723 1309 2777 1352 et
2812 1317 2842 1353 a
2868 1303 3212 1371 corporibus,
3246 1305 3385 1360 licet'
3413 1325 3567 1362 mun-

2001 1389 2106 1453 dis,
2129 1391 2295 1444 videri
2319 1406 2422 1445 non
2448 1401 2625 1461 potest
2642 1393 2782 1448 Deus
2804 1395 2917 1463 ipse
2941 1396 2990 1448 in
3013 1412 3108 1450 sua
3131 1406 3322 1451 natura
3345 1399 3520 1453 divina
3548 1420 3560 1454 :

2002 1481 2144 1534 etab
2172 1482 2476 1543 immundis,
2500 1491 2555 1536 et
2591 1484 2890 1552 spiritibus,
2922 1494 2976 1538 et
3005 1489 3317 1554 corporibus
3346 1506 3450 1544 non
3479 1507 3566 1544 so-

2003 1567 2112 1622 lum
2138 1585 2241 1623 non
2264 1571 2497 1635 videtur,
2531 1573 2624 1627 sed
2655 1574 2818 1626 etiam
2852 1574 3006 1643 longe
3035 1579 3102 1631 ab
3127 1592 3313 1633 eorum
3357 1580 3566 1636 visione

2004 1660 2204 1714 recedit
2231 1679 2242 1714 :
2271 1670 2325 1715 et
2351 1672 2552 1729 quanto
2585 1662 2693 1728 ille,
2722 1674 2780 1717 ut
2804 1675 2927 1732 pote
2953 1667 3058 1719 vita
3085 1677 3140 1721 et
3165 1669 3326 1732 salus,
3356 1671 3566 1741 longius

335 1761 430 1804 aut
454 1753 636 1806 videre
662 1767 938 1817 curasses,
965 1738 1010 1806 si
1033 1754 1212 1808 omnia
1260 1769 1377 1823 quae
1415 1756 1555 1808 scire
1603 1752 1896 1814 voluisses,
1926 1738 1974 1796 Β
2001 1750 2070 1804 ab
2095 1751 2174 1803 eis
2208 1752 2525 1812 recesserit,
2557 1760 2706 1807 tanto
2735 1753 2808 1806 illi
2837 1755 3144 1810 miseriores
3168 1767 3222 1811 et
3243 1738 3566 1822 infeliciores

336 1842 457 1896 sine
487 1841 681 1896 litteris
705 1844 874 1897 scires
911 1852 966 1898 et
1006 1845 1264 1899 memoria
1297 1846 1596 1900 retineres?
1619 1845 1730 1916 Ego
1755 1855 1899 1899 certe

337 1929 544 1983 invitus
574 1929 766 1984 litteris
794 1939 916 1984 utor
942 1931 1026 1985 vel
1051 1931 1118 1985 ad
1145 1946 1230 1986 me
1263 1933 1657 1987 admonendum
1678 1973 1692 1997 ,
1722 1933 1804 1986 vel
1831 1932 1901 1985 ad

338 2020 478 2074 alios
507 2019 773 2074 docendos
800 2037 813 2072 :
840 2020 929 2089 qui
957 2021 1002 2075 si
1027 2021 1269 2076 oblivisci
1309 2023 1442 2076 nihil
1477 2037 1688 2090 possem
1715 2038 1900 2076 eorum

339 2126 461 2180 qua:
489 2127 518 2165 a
553 2126 637 2165 me
661 2111 796 2165 scita
824 2120 976 2177 sunt,
1005 2112 1087 2167 vel
1116 2113 1254 2168 scire
1278 2113 1510 2168 valerem
1553 2115 1670 2168 sine
1711 2113 1901 2167 litteris

336 2218 402 2257 ea
431 2219 551 2271 quae
578 2203 792 2258 scienda
816 2213 993 2268 erant,
1035 2215 1090 2260 et
1125 2206 1311 2259 eadem
1344 2206 1710 2260 indesinenter
1730 2207 1896 2269 scire,

329 2293 451 2362 jam
488 2295 686 2350 litteris
709 2311 815 2350 non
843 2297 1156 2364 indigerem,
1183 2297 1322 2365 quod
1353 2297 1524 2365 ipsum
1557 2306 1608 2350 et
1647 2297 1774 2351 mihi
1793 2337 1808 2359 ,
1845 2305 1904 2350 et

335 2388 588 2442 omnibus
636 2385 870 2441 futurum
909 2397 1012 2452 est,
1053 2387 1302 2442 videlicet
1344 2396 1402 2441 ut
1448 2388 1562 2442 sine
1607 2388 1804 2442 litteris
1846 2397 1900 2441 et

339 2479 521 2532 sciant
547 2486 602 2530 et
622 2493 726 2532 non
756 2473 1140 2532 obliviscantur
1163 2493 1227 2533 ea
1254 2494 1371 2547 qua:
1397 2479 1584 2532 scituri
1615 2488 1758 2532 sunt.

415 2567 482 2621 γ.
515 2566 632 2623 Non
659 2583 784 2638 ergo
812 2569 1105 2622 inﬁrmiore
1139 2569 1286 2622 visus
1324 2584 1518 2639 genere
1555 2569 1899 2638 quaarendum

338 2665 480 2721 erat,
501 2667 561 2711 ut
585 2657 856 2713 videretur
879 2658 1021 2712 Deus
1039 2674 1070 2712 a
1091 2657 1324 2721 Christo,
1341 2660 1432 2729 qui
1457 2659 1691 2714 firmiore
1711 2669 1766 2713 et
1793 2675 1902 2714 me-

335 2749 477 2802 liore
514 2763 729 2818 semper
757 2751 826 2804 ab
854 2750 946 2804 illo
969 2750 1116 2804 visus
1155 2757 1237 2804 est
1266 2758 1320 2803 et
1347 2750 1622 2804 videndus.
1655 2748 1768 2803 Non
1797 2750 1901 2804 hoc

339 2851 523 2895 autem
558 2842 628 2894 ita
657 2841 778 2896 dico
813 2842 964 2910 quasi
994 2852 1176 2911 putem
1205 2841 1370 2895 Deum
1401 2857 1505 2895 non
1533 2842 1773 2910 potuisse
1802 2858 1900 2896 suo

338 2933 554 3001 corpori
583 2934 875 2988 concedere
901 2942 958 2987 ut
991 2933 1190 3002 aliquid
1215 2932 1564 2988 excellentius
1589 2946 1700 3001 pra:
1743 2942 1902 2987 caete-

337 3025 419 3078 ris
455 3025 768 3093 corporibus
791 3024 1028 3078 haberet.
1058 3023 1238 3077 Potuit
1262 3023 1423 3088 enim,
1447 3031 1502 3077 et
1526 3023 1670 3088 fecit,
1707 3037 1902 3077 conce-

2000 1842 2154 1896 ﬁunt.
2192 1842 2417 1898 Videtur
2460 1859 2588 1914 ergo
2633 1846 2774 1898 Deus
2820 1854 2965 1900 totus
3004 1863 3034 1900 a
3080 1850 3283 1918 scipso,
3314 1866 3343 1903 a
3373 1853 3566 1921 spiritu

1998 1933 2140 1986 bono
2178 1942 2392 1997 creato,
2424 1943 2685 2003 quantum
2732 1935 2820 1990 ille
2851 1940 3208 2001 concesserit,
3241 1941 3309 1993 ab
3349 1941 3567 1996 homine

2000 2024 2142 2077 bono
2179 2039 2274 2092 per
2308 2025 2556 2092 spiritum
2588 2044 2600 2078 :
2633 2025 2700 2079 ab
2728 2026 3021 2090 immundo,
3052 2028 3198 2080 nullo
3223 2030 3401 2082 modo.
3429 2031 3561 2084 Nam

2001 2125 2222 2179 corpora
2248 2128 2343 2181 per
2369 2128 2563 2182 corpus
2590 2113 2734 2166 videt
2761 2115 3002 2182 spiritus,
3033 2125 3087 2170 et
3115 2132 3310 2185 corpus
3333 2133 3430 2186 per
3451 2120 3563 2189 spi-

2001 2201 2164 2254 ritum
2213 2211 2453 2258 ereatum
2503 2203 2649 2256 videt
2695 2203 2944 2271 spiritum
2997 2221 3102 2259 non
3141 2216 3418 2274 creatum,
3466 2225 3563 2278 per

2001 2307 2061 2346 se
2087 2300 2287 2354 autem,
2318 2309 2443 2346 non.
2469 2291 2512 2347 Ο
2544 2295 2744 2357 anima,
2771 2304 2822 2349 te
2850 2296 3018 2364 ipsam
3045 2297 3150 2352 ﬁde
3178 2301 3373 2353 munda
3394 2341 3408 2363 ,
3442 2315 3564 2354 cor-

1999 2383 2117 2450 pori
2145 2381 2423 2439 dominare
2446 2424 2462 2451 ,
2499 2393 2554 2439 et
2588 2385 2654 2440 ad
2683 2384 2822 2439 bona
2856 2395 3038 2454 utere;
3077 2387 3217 2454 Deo,
3253 2398 3312 2444 ut
3345 2390 3561 2458 fruaris,

2002 2471 2173 2526 stude.
2239 2475 2243 2478 ’

2073 2653 2180 2707 V‘ll.
2218 2654 2293 2708 De
2339 2654 2518 2708 anima
2563 2665 2741 2710 autem
2787 2655 3006 2720 Christi,
3056 2669 3234 2714 utrum
3286 2659 3374 2717 illo
3401 2665 3560 2718 modo

2003 2743 2168 2797 Deum
2211 2744 2427 2798 Patrem
2455 2745 2665 2810 videat,
2694 2746 2839 2800 nullo
2872 2748 3032 2803 modo
3063 2749 3412 2806 dubitandum
3443 2765 3525 2808 est
3544 2795 3558 2819 ,

2003 2835 2130 2903 quin
2162 2837 2274 2904 ipsa
2314 2851 2436 2890 eum
2466 2836 2583 2904 plus
2612 2838 2860 2893 onmihus
2903 2841 3170 2894 creaturis
3198 2841 3394 2896 videat.
3424 2844 3561 2898 Nam

2001 2933 2057 2980 et
2085 2928 2303 2988 nostris,
2343 2935 2400 2978 ut
2426 2940 2586 2994 supra
2612 2927 2814 2980 dictum
2838 2935 2944 2992 est,
2978 2929 3260 2985 animabus
3294 2934 3564 2990 mundatis

2004 3017 2120 3085 ejus
2149 3015 2286 3070 visio
2313 3016 2365 3068 in
2397 3015 2500 3069 ﬁne
2526 3017 2874 3085 promittitur,
2905 3033 3008 3087 qua
3038 3018 3126 3072 illa
3154 3019 3354 3076 Christi
3385 3024 3562 3079 anima

338 3115 475 3168 dens
496 3114 699 3168 scilicet
727 3115 937 3184 corpori
964 3130 1062 3168 suo
1082 3131 1200 3184 qum
1224 3115 1564 3169 concedenda
1589 3123 1766 3180 erant,
1790 3131 1903 3169 ma-
1925 3078 1980 3148 ο
2007 3122 2218 3175 semper
2247 3107 2441 3160 munda
2461 3103 2572 3174 jam
2607 3105 2822 3160 fruitur.
2847 3108 2999 3174 Quod
3035 3117 3212 3165 autem
3237 3113 3562 3184 evangelista

334 3219 502 3275 gnam
553 3203 710 3272 plane
752 3203 1179 3273 ineﬁ‘abilemque
1219 3219 1326 3272 prm
1353 3205 1562 3258 cmteris
1589 3207 1902 3274 corporibus

337 3296 604 3366 gratiam;
635 3295 809 3364 primo
829 3335 843 3358 ,
875 3295 918 3348 si
951 3304 1125 3348 tamen
1157 3295 1255 3348 lioc
1292 3295 1519 3364 primum
1549 3304 1661 3358 est,
1702 3305 1760 3348 ut
1805 3295 1900 3351 Dei

335 3401 472 3439 caro
515 3385 667 3439 ﬁeret
690 3426 704 3448 ,
747 3394 802 3438 et
831 3393 889 3438 ut
920 3385 1035 3439 sine
1072 3394 1289 3454 peccato
1315 3401 1378 3438 ex
1415 3385 1678 3448 hominis,
1709 3395 1762 3438 et
1801 3387 1902 3442 hoc

335 3475 596 3544 Virginis,
621 3489 780 3529 carne
808 3473 959 3528 ﬁeret
984 3489 1130 3536 caro,
1157 3484 1210 3528 et
1231 3484 1459 3528 matrem
1485 3490 1634 3528 suam
1659 3490 1764 3528 non
1788 3491 1901 3528 ma-

333 3564 853 3630 cularet,nascendo
884 3583 895 3617 :
925 3565 1052 3634 quin
1094 3565 1272 3633 potius
1320 3565 1446 3626 Dei,
1490 3574 1706 3633 propter
1755 3564 1897 3617 illam

335 3656 612 3709 diceretur
633 3655 886 3724 genitrix,
917 3665 971 3708 et
999 3667 1160 3718 esset,
1191 3665 1245 3709 et
1270 3663 1328 3708 ut
1354 3655 1470 3709 sine
1504 3663 1726 3723 peccato
1748 3656 1896 3709 vive-

332 3756 426 3800 ret
451 3787 465 3810 ,
511 3756 564 3800 et
599 3755 660 3798 ut
695 3761 760 3800 ex
803 3745 904 3800 ﬁde
946 3747 1111 3815 ipsam
1150 3755 1426 3816 tangentes
1466 3756 1812 3813 sanarentur;
1845 3758 1900 3801 et

333 3837 481 3906 quod
504 3836 631 3890 mihi
657 3835 740 3890 vel
768 3837 1057 3890 maximum
1084 3837 1310 3899 videtur,
1338 3837 1421 3891 vel
1447 3853 1551 3892 non
1585 3839 1897 3902 minimum,

330 3935 398 3979 ut
429 3925 550 3980 talis
575 3925 726 3979 ﬁeret
751 3941 869 3994 quae
891 3940 985 3996 pro
1007 3927 1252 3979 omnibus
1274 3926 1521 3979 humanae
1547 3934 1750 3982 natura:
1771 3943 1900 3980 con—-

331 4015 595 4077 sortibus,
621 4023 676 4068 et
700 4015 765 4067 ad
791 4015 1018 4068 salutem
1046 4015 1437 4083 prazdestinatis
1459 4015 1671 4070 victima
1692 4018 1899 4071 cunctis

329 4103 706 4174 corporalibus
726 4105 988 4158 creaturis
1009 4104 1118 4158 Deo
1142 4103 1289 4159 Patri
1315 4106 1695 4174 acceptabilior
1722 4105 1895 4169 ﬁeret,

328 4204 391 4247 et
420 4194 563 4262 quod
591 4194 985 4263 corruptionem
1014 4202 1225 4247 mortua
1264 4209 1369 4248 non
1406 4193 1640 4257 videret,
1668 4202 1722 4247 et
1756 4196 1896 4262 quod

329 4286 511 4356 gloria
560 4287 967 4340 resurrectionis
1012 4285 1245 4340 exaltata
1292 4300 1453 4354 super
1492 4285 1658 4339 caelos
1693 4286 1897 4340 caelesti

334 4376 496 4426 ﬁeret
524 4373 651 4427 sede
670 4375 782 4427 sine
804 4374 907 4428 ﬁne
932 4373 1111 4427 beata.
1128 4373 1250 4428 llam
1270 4382 1394 4427 sunt
1416 4389 1535 4442 qua:
1560 4377 1895 4434 concedenda

332 4461 513 4514 eidem
543 4463 688 4514 carni
715 4462 937 4525 Christi,
967 4471 1021 4515 et
1051 4477 1307 4517 concessa
1334 4477 1440 4517 non
1470 4463 1796 4519 dubitantur.
1829 4465 1897 4522 Ut

334 4559 521 4604 autem
550 4552 914 4619 corporalibus
937 4552 1048 4606 suis
1067 4553 1312 4606 sensibus
1335 4552 1546 4607 Patrem
1569 4570 1725 4607 suum
1753 4571 1899 4609 sum-

336 4655 490 4692 mum
530 4640 774 4709 spiritum
804 4640 1043 4704 videret,
1070 4642 1172 4695 hoc
1195 4642 1323 4710 quid
1351 4642 1526 4696 ordini
1576 4643 1650 4696 illi
1688 4659 1897 4698 summo

333 4736 397 4782 et
426 4730 891 4802 intransgressibili
918 4733 1222 4799 conferret,
1255 4749 1359 4788 non
1403 4735 1533 4789 satis
1563 4735 1695 4788 mihi
1735 4751 1895 4804 appa-

334 4828 445 4873 ret.
470 4818 602 4872 Nam
631 4823 754 4890 quia
782 4824 882 4877 hoc
910 4824 978 4876 ab
1000 4825 1234 4877 humana
1267 4833 1454 4878 natura
1477 4826 1815 4893 quaerebatur
1837 4835 1898 4880 ut

332 4909 468 4977 quia
498 4911 671 4965 adhuc
703 4920 830 4967 tunc
861 4913 1050 4981 spiritu
1081 4913 1250 4968 videri
1276 4929 1382 4967 non
1410 4915 1578 4967 valuit
1612 4915 1902 4984 corporali-

333 5011 455 5065 ter,
491 5002 782 5070 corporalis
818 5003 1090 5056 videretur
1121 5004 1291 5067 Deus,
1325 5004 1410 5060 ille
1454 5004 1727 5073 fragilitati
1763 5021 1902 5062 etus—

334 5091 465 5144 dem
502 5099 703 5165 natura:
733 5093 1044 5156 consulens,
1079 5094 1190 5162 ipse
1236 5094 1532 5162 corporalis
1579 5097 1750 5149 factus
1781 5111 1902 5148 Cur-

334 5179 492 5246 poris
519 5177 688 5232 oculis
709 5180 877 5234 videri
905 5181 1073 5234 voluit
1102 5190 1156 5235 et
1201 5197 1422 5250 corpore
1457 5183 1620 5252 tangi.
1646 5183 1712 5236 Et
1746 5184 1902 5251 hujus

333 5269 418 5324 rei
448 5283 609 5323 causa
643 5270 781 5324 facta
811 5279 893 5325 est
923 5280 1034 5326 tota
1065 5271 1151 5325 illa
1178 5273 1520 5342 singulariter
1561 5275 1822 5329 mirabilis
1846 5283 1902 5328 et

334 5358 661 5414 mirabiliter
679 5361 965 5432 singularis
987 5361 1312 5429 dispensatio
1342 5361 1722 5418 incarnationis
1745 5364 1900 5418 Chri-

334 5449 431 5510 sti,
450 5449 672 5514 scilicet,
691 5461 746 5504 ut
761 5467 854 5520 per
875 5467 994 5506 eum
1018 5466 1177 5518 quem
1200 5451 1477 5505 mortalem
1499 5461 1552 5505 et
1573 5454 1899 5522 corporalem

334 5539 608 5602 viderant,
639 5540 704 5594 ad
731 5540 846 5608 ejus
877 5542 1135 5595 visionem
1183 5543 1604 5610 perducerentur
1635 5544 1897 5609 homines.

334 5635 444 5708 qui.
464 5649 571 5690 non
607 5649 852 5705 corpore,
891 5634 984 5689 sed
1011 5635 1199 5702 spiritu
1226 5633 1437 5688 videndi
1469 5644 1612 5689 sunt.

821 5728 1094 5791 Parant.
1147 5725 1307 5790 CVI.

2001 3198 2166 3252 dixit:
2191 3197 2355 3252 Deum
2381 3215 2528 3252 nemo
2553 3199 2678 3252 cidit
2712 3216 2958 3270 unquam,
3001 3203 3216 3256 attende
3255 3205 3380 3272 quid
3421 3206 3568 3261 dicat

2002 3307 2184 3354 nemo,
2229 3292 2382 3360 quasi
2423 3307 2520 3347 nec
2544 3292 2726 3355 homo,
2770 3311 2934 3355 nemo,
2977 3295 3076 3350 hoc
3130 3306 3212 3351 est
3251 3298 3561 3364 hominum,

2001 3398 2160 3436 nemo
2188 3382 2353 3436 Deum
2381 3381 2434 3436 iu
2464 3392 2650 3436 natura
2677 3383 2974 3438 divinitatis
2999 3387 3131 3440 vidit
3161 3403 3414 3456 unquam.
3445 3388 3566 3457 ipse

2001 3477 2178 3522 autem
2218 3485 2376 3533 unus,
2422 3470 2510 3538 qui
2558 3479 2641 3524 est
2685 3469 2826 3526 Deus
2856 3473 3036 3548 homo,
3070 3488 3168 3527 suo
3195 3475 3384 3543 spiritu
3411 3475 3559 3529 illum

1999 3556 2183 3609 videre
2223 3571 2327 3610 non
2364 3558 2659 3624 dubitatur,
2697 3560 2800 3613 nisi
2842 3561 2910 3614 ab
2951 3560 3273 3616 inﬁdelibus.
3316 3563 3380 3617 Et
3417 3565 3561 3634 quod

2001 3648 2163 3702 dixit:
2193 3648 2352 3701 Deum
2381 3666 2530 3703 nemo
2558 3652 2704 3715 vidit,
2727 3653 2941 3707 attende
2960 3655 3101 3722 quod
3131 3654 3266 3708 dixit
3285 3658 3557 3724 praeterito

2001 3745 2260 3807 tempore,
2287 3739 2439 3801 vidit,
2465 3755 2570 3792 non
2597 3750 2773 3794 autem
2805 3759 2817 3794 :
2843 3741 3010 3796 Nemo
3031 3744 3244 3798 visurus
3269 3753 3382 3808 est;
3407 3748 3555 3816 quia,

2000 3837 2059 3881 ut
2085 3827 2224 3882 idem
2246 3829 2566 3897 evangelista
2593 3830 2667 3882 ait
2693 3871 2707 3894 ,
2742 3831 2894 3884 visuri
2920 3849 3099 3886 sumus
3125 3851 3242 3886 eum
3270 3835 3425 3888 sicuti
3459 3846 3556 3900 est,

1999 3918 2141 3986 quod
2167 3918 2364 3972 Christi
2397 3919 2574 3972 anima
2603 3934 2813 3987 semper
2837 3921 3040 3985 habuit,
3061 3937 3128 3976 ex
3154 3939 3261 3992 quo
3286 3923 3353 3977 ab
3379 3939 3444 3978 eo
3466 3940 3556 3980 as—

1998 4017 2209 4076 sumpta
2233 4016 2316 4060 est
2339 4015 2391 4059 et
2422 4007 2656 4076 impleta.
2687 4008 2798 4062 Nisi
2842 4009 2979 4064 forte
3015 4011 3158 4065 dicat
3187 4012 3381 4082 aliquis
3416 4015 3562 4084 quod

2000 4097 2213 4164 aliquod
2248 4105 2456 4165 tempus
2491 4106 2614 4152 ante
2645 4097 2834 4152 fuisset
2860 4100 2946 4154 illa
2975 4111 3160 4158 sancta
3201 4112 3254 4157 et
3281 4121 3406 4160 vere
3433 4121 3559 4160 san-

1999 4187 2238 4240 ctissima
2267 4187 2503 4239 omnium
2551 4195 2920 4242 creaturarum
2955 4191 3150 4266 ‘anima
3197 4192 3396 4248 Christi
3442 4195 3560 4250 sine

2000 4279 2131 4342 Deo,
2159 4286 2213 4331 et
2246 4285 2429 4347 postea
2453 4279 2770 4333 accessisset
2799 4279 2871 4332 illi
2897 4281 3168 4336 divinitas.
3202 4282 3306 4338 Sed
3333 4286 3435 4339 hoc
3461 4301 3556 4341 ca-

2002 4371 2211 4425 tholicae
2233 4370 2353 4424 ﬁdei
2377 4371 2706 4424 contrarium
2726 4379 2825 4424 est.
2846 4371 2990 4426 Tene
3008 4388 3137 4444 ergo
3157 4374 3300 4428 illam
3327 4377 3561 4430 animam

1922 4429 1975 4490 Β
2006 4461 2114 4516 Deo
2136 4475 2346 4530 semper
2365 4460 2593 4530 plenam,
2621 4459 2788 4514 Deum
2811 4462 2968 4515 sicuti
2995 4472 3078 4516 est
3104 4479 3316 4534 semper
3339 4467 3556 4521 vidisse.

2005 4553 2170 4615 Tene,
2197 4560 2250 4604 et
2278 4566 2384 4605 non
2415 4551 2646 4612 dubites,
2676 4549 2982 4617 Christum,
3012 4568 3077 4607 ex
3106 4568 3212 4621 quo
3236 4555 3396 4609 homo
3441 4570 3561 4610 esse

2002 4644 2183 4711 coepit,
2225 4657 2322 4696 suo
2364 4656 2574 4710 semper
2615 4641 2804 4709 spiritu
2850 4642 3016 4697 Deum
3047 4644 3266 4710 vidisse,
3303 4661 3462 4715 quem
3506 4655 3561 4699 et

2002 4742 2124 4786 ante
2168 4731 2584 4800 assumptionem
2630 4733 2874 4785 humanae
2919 4741 3124 4788 natura:
3159 4749 3373 4803 semper
3405 4736 3556 4790 vidit.

2001 4822 2133 4876 Nam
2157 4831 2213 4877 et
2237 4823 2404 4893 angeli
2428 4823 2589 4876 nostri
2615 4823 2783 4876 vident
2819 4823 3004 4891 faciem
3024 4823 3226 4892 Patris,
3259 4829 3349 4897 qui
3377 4827 3431 4880 in
3461 4843 3558 4879 cae-

2004 4910 2068 4963 lis
2089 4919 2182 4974 est,
2210 4920 2411 4979 quanto
2441 4909 2610 4979 magis
2637 4909 2725 4963 illa
2758 4911 2937 4964 anima
2955 4951 2970 4975 ,
2995 4927 3112 4980 quae
3133 4914 3382 4968 omnibus
3407 4927 3558 4968 crea-

1969 5043 1986 5048 -
2005 5001 2159 5062 turis,
2185 5008 2243 5053 ut
2265 5009 2387 5068 pote
2407 5001 2515 5053 Deo
2535 4999 2711 5068 plena,
2728 5000 3078 5055 excellentior
3096 5003 3214 5056 est?
3232 5002 3398 5057 Nemo
3427 5016 3554 5070 ergo

2004 5094 2278 5144 nominum
2309 5091 2474 5142 Deum
2508 5088 2643 5141 vidit
2668 5089 2720 5142 in
2748 5105 2844 5143 sua
2871 5101 3083 5154 natura,
3105 5101 3255 5146 extra
3283 5093 3429 5146 illum
3461 5105 3550 5144 so-

2001 5179 2110 5231 lum
2139 5179 2226 5246 qui
2272 5177 2416 5232 solus
2455 5185 2709 5246 peccator
2735 5194 2840 5232 non
2880 5187 2980 5232 est.
3017 5181 3189 5234 Visuri
3218 5188 3340 5234 sunt
3375 5188 3554 5231 autem

2001 5284 2186 5324 omnes
2205 5270 2358 5339 justi,
2381 5279 2433 5322 et
2455 5286 2483 5323 a
2509 5271 2743 5337 peccatis
2772 5271 3000 5340 purgati.
3028 5271 3158 5324 Nam
3181 5271 3224 5324 si
3253 5269 3554 5339 unigenitus

2000 5361 2188 5425 Filius,
2221 5361 2310 5428 qui
2338 5371 2420 5414 est
2443 5362 2493 5414 in
2526 5362 2642 5414 sinu
2671 5361 2866 5423 Patris,
2890 5363 3001 5429 ipse
3021 5361 3310 5425 enarrabit,
3335 5362 3552 5417 attende

2003 5450 2090 5505 cui
2119 5447 2386 5513 narrabit,
2410 5447 2658 5502 videlicet
2697 5457 2954 5504 creatura:
2979 5468 2991 5501 τ
3017 5459 3071 5502 et
3107 5448 3248 5518 quali
3290 5458 3552 5505 creaturae

2001 5551 2315 5598 narraturus
2338 5550 2435 5603 est,
2455 5541 2499 5596 si
2525 5557 2632 5596 suae
2645 5543 2834 5596 anima:
2855 5523 3009 5610 quam
3039 5542 3293 5610 suscepit,
3310 5559 3414 5596 non
3428 5557 3553 5595 nar-

2004 5641 2128 5689 rat?
2165 5634 2360 5687 Narrat
2404 5633 2612 5702 itaque,
2645 5642 2725 5699 ct,
2755 5639 2812 5686 ut
2847 5630 2985 5698 dixi,
3015 5645 3133 5684 eam
3154 5629 3280 5686 fecit
3304 5631 3551 5688 omnibus

3084 5721 3123 5782 It-
