4064 6190
524 249 547 304 l
556 247 620 303 07

1429 243 1697 299 CANDIDI
1735 242 2111 300 FULDENSIS
2147 241 2444 298 MONACHI
2484 245 2830 304 EPISTOLA.

3640 256 3737 311 108

523 352 1675 424 ereaturisexccﬂentiusctmagniﬁcentius
1695 354 1858 408 Deum
1879 354 2078 406 videre.
2111 356 2157 413 Α
2186 367 2290 407 non
2317 353 2528 408 inﬂetur
2555 365 2742 409 contra
2778 357 3133 425 nescientem;
3167 361 3289 430 quia
3318 361 3542 416 scientia
3567 362 3732 427 inﬂat,

593 449 725 504 Vill.
767 446 824 500 Si
851 447 964 499 lucc
991 445 1062 497 ita
1088 458 1146 497 se
1170 443 1388 507 habere,
1419 451 1477 497 ut
1500 444 1633 506 dixi,
1659 444 1752 497 tibi
1781 445 2078 502 vidcantur,

523 541 607 596 his
629 546 910 594 contentus
936 535 1031 589 sis.
1059 533 1153 588 Sin
1185 542 1367 588 autem
1404 533 1608 603 aliquid
1653 542 1810 588 extra
1848 533 2078 596 videris,

521 633 758 701 ignosce,
791 627 916 695 quia
946 625 1108 678 homo
1133 639 1252 678 sum
1289 622 1489 682 etfalli
1517 639 1735 694 possum
1763 641 1776 676 :
1802 632 1856 677 et
1884 623 2081 676 verita-

521 731 628 774 tem
665 730 844 774 tamen
875 730 1017 778 amo,
1052 714 1276 784 ideoque
1300 722 1355 768 et
1381 714 1600 784 corrigi.
1625 713 1860 769 Obsecro
1889 712 2081 768 frater-

520 811 741 864 nitatem
789 818 934 860 tuam
985 812 1044 858 ut
1092 819 1178 858 me
1228 804 1681 859 commilitonibus
1723 806 1838 859 suis
1887 804 2080 872 saepius

518 898 896 954 commendare
926 896 1197 966 digne-tur.
1227 895 1337 964 Ego
1372 904 1518 950 certe
1558 896 1602 950 si
1633 895 1762 964 quid
1796 895 1948 950 valeo
1977 895 2080 949 illis

517 988 765 1043 utilitatis
791 986 1059 1050 conferre,
1085 987 1216 1041 satis
1245 986 1514 1050 desidero,
1541 987 1814 1050 nimirum,
1841 985 1965 1054 quia
1993 1000 2079 1039 me

515 1080 816 1135 debitorem
846 1078 1088 1149 intelligo
1119 1087 1174 1132 et
1203 1077 1326 1143 illis,
1357 1085 1414 1132 et
1433 1077 1681 1131 omnibus
1709 1076 1963 1132 Ecclesia:
1983 1091 2076 1131 ca—

516 1171 730 1226 tholicae
770 1170 911 1225 ﬁliis.
954 1170 1199 1225 Admone
1243 1169 1406 1224 etiam
1449 1168 1569 1223 illos
1604 1168 1783 1223 verbis
1829 1168 1967 1223 meis
2025 1175 2081 1221 et

517 1264 641 1327 tuis,
673 1271 732 1316 ut
756 1277 814 1316 se
843 1262 1044 1325 sobrie,
1075 1269 1131 1315 et
1152 1261 1256 1330 pie,
1289 1270 1344 1315 et
1373 1261 1515 1331 juste
1539 1269 1716 1330 agant.
1735 1260 1945 1328 thuia
1965 1275 2079 1313 ma-

515 1369 630 1423 gnae
658 1352 1030 1407 aestimationis
1057 1352 1197 1420 apud
1226 1352 1472 1406 homines
1495 1360 1640 1415 sunt,
1668 1362 1860 1405 curent
1883 1367 2001 1406 esse
2024 1353 2076 1406 in

514 1452 803 1511 conspectu
828 1441 920 1496 Dei
942 1441 1084 1510 quod
1105 1441 1376 1495 dicuntur.
1403 1441 1665 1496 Dicuntur
1684 1455 1915 1510 namque
1937 1443 2077 1496 servi

515 1533 633 1597 Dei,
659 1541 713 1585 et
737 1533 864 1601 quiti
887 1531 1057 1586 servis
1084 1532 1179 1587 Dei
1209 1547 1345 1602 opus
1371 1532 1462 1596 sit,
1487 1547 1592 1585 non
1619 1533 1866 1586 dubitant
1891 1550 1903 1585 :
1931 1533 2077 1586 vide-

512 1621 658 1685 licet,
688 1631 748 1675 ut
768 1623 969 1676 serviat
994 1621 1220 1677 Domino
1249 1637 1348 1676 suo
1373 1637 1598 1684 servus;
1631 1638 1752 1676 nam
1776 1624 1916 1677 servi
1944 1623 2074 1678 estis

2182 442 2419 496 charitas
2441 453 2620 508 autem
2648 459 2752 498 non
2779 445 2962 512 inﬂat,
2989 449 3079 502 sed
3105 451 3350 504 aediﬁcat.
3388 451 3576 505 Sciens
3602 454 3734 507 sciat

2180 546 2237 585 se
2263 532 2559 586 debitorem
2587 548 2706 587 esse
2733 543 2792 586 ut
2818 520 3075 600 azdiﬁcet;
3108 537 3226 591 ideo
3265 538 3407 592 enim
3439 540 3613 594 factus
3655 551 3738 596 est

2181 621 2293 690 ipse
2318 621 2495 677 sciens
2518 638 2546 674 a
2575 623 2710 685 Deo,
2741 631 2800 678 ut
2827 625 3120 679 azdificetur
3140 627 3386 686 nesciens
3409 646 3420 680 :
3444 629 3570 697 quia
3596 629 3736 686 Deus

2179 722 2528 782 utrorumque
2553 715 2695 769 Deus
2724 723 2825 770 est.
2855 717 2922 769 Et
2962 733 3146 771 revera
3180 719 3320 773 sicut
3352 734 3538 774 omnes
3565 723 3738 791 potuit

2179 803 2372 858 divites
2402 803 2600 867 facere,
2629 804 2672 857 si
2701 804 2987 871 voluisset;
3012 808 3180 861 voluit
3202 818 3379 863 autem
3411 810 3733 878 aliquantos,

2179 909 2282 947 non
2314 909 2529 959 omnes;
2562 902 2620 948 ut
2641 895 2864 950 divitum
2901 899 3265 954 misericordia
3294 900 3442 955 utilis
3469 902 3651 967 fieret,
3682 915 3736 960 et

2178 984 2392 1054 inopum
2436 986 2710 1041 humilitas
2739 1006 2752 1041 :
2783 989 2880 1054 sic,
2909 989 2986 1043 sic
3018 991 3191 1058 potuit
3233 990 3447 1060 quidem
3485 993 3736 1063 Omnipo-

2176 1081 2296 1128 tens
2341 1089 2528 1129 omnes
2572 1076 2804 1132 scientes
2833 1076 3032 1142 facere,
3075 1079 3167 1149 qui
3203 1079 3314 1133 vult
3346 1094 3534 1135 omnes
3561 1082 3734 1138 salvos

2178 1162 2328 1229 ﬁeri;
2359 1165 2454 1219 sed
2484 1166 2654 1221 voluit
2675 1168 2936 1237 quosdam
2964 1184 3060 1238 per
3085 1184 3142 1224 se
3167 1171 3389 1236 docere,
3413 1179 3473 1224 ut
3501 1187 3595 1242 per
3618 1173 3734 1229 illos

2177 1254 2266 1307 alii
2300 1256 2635 1319 docerentur,
2663 1267 2718 1312 et
2741 1259 2977 1314 charitas
3000 1260 3142 1315 inter
3163 1275 3354 1316 omnes
3391 1261 3542 1316 ﬁrma
3573 1264 3736 1319 habe-

2180 1356 2348 1410 retur,
2373 1348 2547 1402 sciens
2570 1349 2814 1420 diligeret
2834 1351 3126 1406 discentem
3150 1351 3430 1420 humilem,
3449 1363 3506 1408 et
3523 1354 3737 1410 discens

2177 1437 2424 1507 diligeret
2443 1439 2721 1494 docentem
2748 1441 3082 1496 benevolum.

2244 1526 2312 1582 Χ.
2355 1527 2479 1582 Haec
2511 1543 2616 1582 non
2659 1529 2779 1584 ideo
2807 1531 2946 1592 dico,
2979 1532 3145 1587 frater
3186 1535 3257 1587 mi
3305 1534 3356 1588 in
3400 1534 3616 1592 Christo
3662 1537 3735 1591 di-

2176 1615 2484 1682 lectissime,
2511 1619 2663 1686 quasi
2689 1619 2886 1688 aliquid
2911 1621 2974 1675 de
2997 1622 3146 1676 vobis
3169 1623 3411 1678 audirem
3433 1625 3734 1692 sinistrum,

515 1712 643 1776 Dei,
675 1726 780 1766 non
819 1721 1009 1766 autem
1042 1712 1219 1766 saeculi
1265 1712 1423 1781 hujus
1442 1755 1456 1778 ,
1504 1728 1602 1767 nec
1641 1725 1978 1767 mammona»
2013 1715 2072 1768 Ei
2101 1693 2148 1752 Β
2175 1706 2269 1760 sed
2299 1721 2424 1762 vere
2445 1709 2511 1762 ab
2536 1709 2783 1763 omnibus
2803 1709 2894 1778 qui
2919 1725 3036 1764 eam
3061 1714 3256 1776 sciunt,
3283 1712 3532 1768 laudatur
3551 1725 3731 1770 vestra

510 1816 638 1872 ergo
685 1802 1026 1856 serviendum
1074 1811 1160 1857 est
1189 1803 1444 1868 volcndo,
1477 1803 1630 1872 cujus
1673 1806 1815 1859 servi
1865 1820 2072 1871 sumus,

509 1891 721 1946 etiamsi
772 1892 1022 1946 nolimus.
1068 1892 1228 1948 Fides
1273 1903 1420 1948 recta
1466 1893 1673 1965 legatur
1709 1903 1762 1949 et
1795 1904 2072 1970 teneatur;

509 1997 630 2050 spes
665 1982 961 2037 indubitata
990 1984 1271 2048 habeatur,
1301 1993 1356 2039 et
1383 1987 1560 2039 omnia
1589 1995 1772 2040 nostra
1795 2003 1914 2042 eum
1943 1989 2074 2042 cha-

507 2071 668 2125 ritate
692 2069 972 2138 incipiant,
1002 2077 1300 2136 transeant,
1329 2073 1602 2126 ﬁniantur.
1628 2072 1872 2129 Charitas
1893 2085 2073 2130 autem

507 2175 780 2229 nunquam
807 2160 1041 2214 excidat.
1067 2160 1146 2214 Ex
1178 2163 1428 2216 omnibus
1452 2163 1743 2218 virtutibus
1771 2166 1963 2219 animae
1990 2167 2074 2219 ni-

509 2249 582 2303 hil
620 2250 771 2304 vobis
798 2249 1102 2318 specialius,
1137 2251 1268 2304 nihil
1311 2251 1651 2317 familiarius,
1693 2253 1825 2308 nihil
1870 2256 2074 2310 amabi-

508 2339 612 2394 lius
637 2339 792 2394 debet
817 2355 938 2395 esse
963 2341 1262 2406 charitate;
1293 2351 1350 2397 et
1375 2343 1499 2399 talis
1521 2351 1622 2406 est,
1641 2359 1761 2413 qum
1781 2345 1934 2414 plena
1958 2345 2071 2416 ipsa

508 2430 621 2486 Sola
647 2431 893 2488 suﬂiciat.
926 2433 1210 2489 Humilitas
1234 2444 1317 2488 est
1345 2436 1711 2490 conversionis
1740 2445 1932 2491 vestrae
1952 2436 2073 2491 fun-

507 2524 851 2591 damentum;
880 2525 1136 2595 patientia
1163 2526 1420 2596 parietes,
1453 2527 1587 2583 ﬁdes
1614 2533 1836 2593 tectum,
1867 2543 1990 2597 spes
2017 2529 2070 2582 in

508 2614 618 2671 Deo
667 2615 914 2681 culmen;
966 2631 1086 2671 cum
1124 2617 1386 2672 charitate
1431 2628 1611 2672 autem
1653 2618 1768 2673 hmo
1808 2620 1986 2673 omnia
2025 2619 2069 2672 si

506 2715 650 2770 sunt,
680 2705 885 2768 valent;
911 2706 1030 2759 sine
1057 2706 1168 2772 illa,
1195 2707 1382 2761 horum
1409 2707 1559 2762 nihil.
1595 2707 1652 2762 Si
1681 2709 1823 2763 enim
1852 2709 2069 2764 humilis

503 2809 582 2863 es,
606 2805 662 2851 et
681 2812 802 2851 eum
835 2812 940 2851 non
969 2812 1121 2851 amas
1143 2797 1230 2852 cui
1255 2797 1580 2862 humiliaris,
1621 2797 1808 2864 Deum,
1838 2797 1970 2853 falsa
1987 2807 2068 2853 est

504 2886 798 2942 humilitas.
829 2887 888 2942 Si
929 2889 1140 2957 patiens
1182 2903 1278 2952 es,
1316 2897 1525 2943 etcum
1568 2905 1673 2945 non
1719 2905 1868 2946 amas
1916 2889 2068 2958 cujus

508 2982 671 3031 causa
695 2978 918 3047 pateris,
949 2979 1124 3033 inanis
1144 2987 1227 3034 est
1256 2979 1532 3048 patientia.
1567 2979 1625 3036 Si
1652 2982 1849 3046 credis,
1885 2990 1940 3037 et
1960 2996 2064 3036 non

2176 1798 2420 1852 sublimis
2442 1808 2495 1854 et
2521 1810 2705 1860 sancta
2744 1802 3076 1856 conversatio
3113 1821 3126 1854 :
3165 1801 3258 1857 sed
3288 1804 3413 1873 quia
3443 1806 3566 1859 boni
3602 1806 3738 1861 estis

2175 1897 2229 1943 et
2258 1889 2543 1958 sapientes,
2573 1890 2798 1944 libenter
2824 1892 2984 1945 etiam
3007 1908 3094 1947 me
3119 1893 3352 1949 suﬂertis
3377 1896 3736 1966 insipientem,

2174 1981 2264 2049 qui
2297 1980 2435 2045 hoc,
2464 1995 2571 2049 quo
2609 1981 2742 2034 nihil
2785 1996 2885 2050 ego
2928 1983 3119 2056 melius
3153 1985 3284 2050 scio,
3331 1987 3480 2041 vobis
3526 1989 3735 2059 iugero,

2173 2069 2492 2125 charitatem
2524 2070 2748 2136 scilicet,
2780 2071 2844 2127 de
2872 2088 2975 2142 qua
3003 2089 3171 2142 pauca
3201 2074 3330 2138 dixi,
3355 2076 3421 2132 de
3448 2091 3552 2146 qua
3578 2094 3739 2133 nemo

2175 2167 2322 2212 tanta
2361 2160 2539 2214 dicere
2571 2162 2744 2226 valet,
2774 2171 2973 2231 quanta
3003 2163 3090 2218 illa
3131 2165 3286 2235 digna
3331 2175 3433 2222 est.
3470 2168 3566 2223 Est
3593 2170 3736 2224 enim

2172 2247 2342 2302 virtus
2371 2248 2624 2314 maxima,
2654 2259 2710 2304 et
2740 2250 2880 2305 Deus
2908 2262 2992 2306 est
3015 2253 3126 2322 ipse
3147 2255 3408 2322 charitas,
3433 2266 3488 2312 et
3514 2258 3738 2327 quicun-

2173 2351 2276 2404 que
2302 2352 2425 2392 vere
2453 2338 2620 2392 Deum
2649 2347 2702 2393 et
2728 2341 3028 2410 proximum
3052 2343 3242 2415 diligit,
3267 2347 3434 2400 Deum
3458 2348 3511 2400 in
3530 2363 3588 2403 se
3615 2364 3738 2404 esse

2172 2444 2275 2484 non
2301 2430 2524 2486 dubitet.
2543 2431 2869 2488 Commendo
2893 2450 2979 2488 me
3007 2436 3255 2489 charitati
3283 2440 3470 2492 vestrae
3495 2439 3736 2496 omnium

2170 2531 2382 2592 patrum
2419 2531 2476 2577 ut
2519 2525 2687 2590 ﬁlius,
2719 2524 2942 2580 fratrum
2980 2535 3040 2580 ut
3079 2526 3273 2589 frater,
3303 2527 3535 2582 ﬁliorum
3565 2538 3622 2583 ut
3648 2545 3738 2600 pa-

2171 2621 2270 2666 ter.
2294 2612 2640 2684 Omnipotens
2665 2615 2804 2670 Deus
2833 2632 2927 2671 sua
2959 2617 3325 2673 misericordia
3352 2634 3446 2674 vos
3470 2629 3733 2692 protegat,

2171 2713 2320 2773 regat
2346 2713 2400 2757 et
2440 2705 2492 2758 in
2519 2720 2578 2759 se
2599 2706 2943 2774 proﬁcientes
2969 2707 3034 2762 ad
3061 2706 3445 2776 perfectionem
3483 2711 3736 2765 sanctita-

2170 2792 2241 2847 tis
2260 2791 2534 2861 perducat.
2569 2793 2752 2849 Valete
2774 2809 2987 2865 semper
3007 2796 3060 2850 in
3094 2796 3326 2850 Christo.
3364 2796 3419 2851 Si
3452 2797 3607 2852 aliter
3637 2799 3732 2854 tibi

2169 2882 2480 2950 responderi
2529 2897 2691 2952 quam
2733 2893 2824 2938 tua
2871 2885 3221 2956 interrogatio
3259 2885 3568 2958 ﬂagitasset,
3599 2887 3736 2944 forte

2171 2970 2519 3025 nimiututuaa
2557 2973 2838 3028 charitatis
2867 2974 3132 3038 offendat;
3176 2975 3316 3032 scias
3363 2977 3523 3030 etiam
3569 2976 3727 3046 hujus

504 3081 654 3123 amas
680 3033 872 3133 ﬁcum,
899 3068 955 3122 in
987 3083 1144 3137 quem
1173 3033 1380 3134 ere-dis,
1403 3080 1458 3124 ei
1483 3071 1750 3126 daemones
1780 3072 1853 3126 ira
1880 3081 2062 3143 agunt,
2096 3033 2140 3096 (ἶ
2175 3061 2252 3116 rei
2281 3076 2498 3116 causam
2524 3062 2662 3117 hanc
2691 3061 2874 3119 fuisse.
2905 3063 3034 3119 Cum
3062 3065 3236 3133 primo
3265 3067 3555 3121 scriberem
3577 3108 3592 3132 ,
3623 3084 3733 3122 non

493 3154 563 3211 Si
590 3172 776 3226 speras
800 3166 856 3212 et
881 3171 1001 3210 eum
1033 3173 1138 3211 non
1169 3173 1318 3213 amas
1344 3173 1374 3212 a
1408 3173 1514 3228 quo
1548 3175 1734 3230 speras
1755 3201 1770 3226 ,
1799 3176 1948 3231 spem
1974 3177 2068 3230 pa-

505 3245 612 3301 scis
639 3247 872 3301 inanem.
905 3246 1029 3302 Ideo
1054 3247 1233 3301 omnia
1268 3262 1389 3301 cum
1417 3248 1679 3302 charitate
1718 3248 1865 3312 ﬁant,
1894 3249 2068 3318 primo

507 3337 625 3402 Dei,
664 3345 720 3390 et
762 3345 948 3406 postea
989 3336 1253 3404 proximi,
1303 3331 1358 3390 e't
1407 3337 1599 3392 iterum
1637 3339 1763 3402 Dei;
1803 3347 1863 3392 ut
1889 3341 2068 3392 omnia

504 3441 624 3494 quae
659 3433 922 3496 aguntur;
965 3425 1058 3480 Dei
1113 3441 1297 3481 amore
1334 3435 1583 3496 agantur.
1621 3428 1713 3483 Ille
1766 3429 1837 3482 sit
1883 3437 2069 3482 auctor

505 3509 730 3586 operis,
751 3518 836 3572 ille
869 3519 1081 3584 ductor,
1116 3518 1206 3574 ille
1237 3517 1526 3588 perfector,
1562 3519 1651 3575 ille
1686 3534 1915 3584 merces,
1943 3535 2065 3587 per-

400 3615 408 3624 '
504 3605 667 3660 fectio
691 3607 890 3676 operis.

576 3697 667 3751 1X.
703 3697 1068 3754 Humiliamini
1110 3699 1338 3754 invicem
1362 3740 1376 3764 ,
1423 3699 1626 3772 diligite
1666 3702 1890 3756 invicem
1917 3742 1933 3766 ,
1974 3718 2069 3772 pa-

511 3789 707 3843 tientes
731 3797 904 3843 estote
941 3790 1191 3856 invicem,
1237 3791 1441 3862 diligite
1482 3791 1732 3846 invicem.
1759 3790 1973 3846 Credite
2009 3792 2065 3846 in

507 3879 672 3934 Deum
696 3920 710 3944 ,
755 3887 810 3935 et
858 3879 1068 3951 diligite
1108 3881 1358 3936 invicem.
1399 3881 1638 3952 Sperate
1672 3883 1724 3936 in
1761 3883 1928 3940 Deum
1955 3924 1970 3947 ,
2012 3893 2067 3939 et

504 3967 708 4039 diligite
745 3970 992 4025 invicem.
1022 3970 1126 4038 Qui
1167 3973 1298 4027 sciat
1331 3971 1439 4044 (Ita
1490 3973 1659 4044 cod.),
1699 3973 1933 4028 instruat
1970 3989 2063 4028 ne-

495 4057 800 4124 scientem;
847 4059 938 4130 qui
978 4061 1177 4124 nescit,
1228 4061 1414 4132 diligat
1457 4062 1842 4127 instruentem;
1899 4075 1954 4118 et
1999 4065 2065 4118 ab
2095 4077 2141 4136 ι)

501 4147 763 4204 ambobus
790 4148 1043 4220 diligatur
1077 4149 1234 4216 Deus,
1265 4153 1356 4222 qui
1384 4152 1512 4208 fecit
1535 4153 1795 4208 scientem
1824 4154 1981 4218 scire,
2005 4163 2060 4209 et
2155 4168 2162 4175 '

505 4235 649 4292 dedit
676 4235 824 4291 illum
850 4237 1112 4295 nescienti
1135 4249 1193 4294 ut
1219 4250 1273 4294 et
1295 4241 1407 4312 ipse
1427 4243 1565 4298 scire
1585 4242 1774 4298 discat.
1798 4243 1898 4311 Qui
1921 4248 2023 4300 scit

2173 3152 2334 3206 habui
2358 3153 2410 3206 in
2432 3155 2679 3222 prtesenti
2703 3155 2980 3223 epistolam
3009 3164 3173 3224 tuam,
3199 3166 3254 3212 et
3276 3159 3344 3213 ob
3375 3157 3475 3212 hoc
3503 3175 3605 3212 non
3632 3161 3736 3214 he-

2173 3257 2242 3296 ne
2277 3243 2588 3298 recordatus
2615 3260 2732 3299 sum
2761 3245 2887 3314 quid
2917 3246 3284 3318 interrogasti.
3321 3248 3422 3304 Sed
3453 3259 3733 3319 postquam

2174 3330 2320 3384 illam
2345 3331 2546 3398 inveni,
2571 3333 2730 3388 etiam
2756 3335 2821 3388 ad
2844 3334 2944 3389 hoc
2970 3336 3112 3406 quod
3137 3338 3498 3408 interrogasti,
3519 3354 3734 3408 respon-

2173 3421 2248 3476 di.
2278 3421 2336 3477 Si
2365 3432 2544 3478 autem
2571 3424 2764 3493 aliquis
2787 3427 2962 3481 adhuc
3003 3428 3059 3481 in
3081 3422 3282 3483 mente
3324 3430 3604 3500 scrupulus
3647 3447 3733 3486 rc-

2169 3514 2408 3580 mansit;
2451 3524 2508 3570 et
2552 3516 2653 3571 hoc
2683 3517 2898 3588 scriptis
2937 3519 3239 3584 innotesce;
3276 3529 3335 3574 ut
3372 3530 3428 3576 et
3466 3522 3574 3588 ille,
3623 3522 3743 3578 Deo

2170 3605 2433 3673 donante,
2464 3616 2650 3679 aperta
2680 3611 2906 3666 veritate
2945 3611 3236 3666 illuminari
3279 3613 3469 3668 valeat.
3500 3614 3734 3684 Tempus

2169 3697 2304 3762 erit,
2355 3701 2569 3767 quando
2613 3701 2779 3756 frater
2821 3718 2942 3758 cum
2993 3702 3158 3758 fratre
3192 3702 3457 3772 loquetur.
3501 3705 3734 3775 Tempus

2170 3791 2294 3858 erit,
2315 3794 2531 3861 quando
2558 3795 2794 3863 gaudens
2818 3795 3082 3866 gaudente
3119 3795 3348 3852 fruetur.
3379 3797 3569 3853 Omnia
3596 3809 3731 3855 tem-

2173 3902 2272 3956 pus
2298 3886 2499 3942 habent
2527 3905 2538 3940 :
2570 3889 2804 3943 charitas
2832 3889 2948 3944 sine
2981 3888 3109 3944 ﬁne.
3136 3890 3343 3945 Valeto.

2240 4017 2406 4072 Pasce
2429 4017 2647 4087 iubente
2668 4020 2756 4089 pio
2784 4029 2967 4090 patres
2990 4020 3320 4091 juvenesque
3344 4020 3583 4075 novellos

2234 4107 2468 4176 Christo,
2497 4124 2602 4178 quo
2631 4110 2841 4164 valeant
2862 4109 3047 4165 dulces
3083 4119 3297 4183 gustare
3328 4110 3589 4182 loquelas.

2825 4248 3074 4318 Explicit.
