4064 6190
489 231 579 289 III

547 343 653 393 VII.
679 342 960 395 Ailmonitlo
986 341 1222 395 eiusdem.

541 405 673 456 VIII.
697 405 772 456 De
803 414 963 455 sancta
987 405 1245 452 'l'rinltate.

462 464 469 472 ’
542 466 621 518 IX.
647 466 723 518 De
743 466 856 525 Iide,
878 478 967 527 Spe
990 472 1042 514 et
1063 465 1316 527 cltaritate.

542 527 601 578 X.
629 528 704 577 De
730 525 1009 576 reverentia
1029 525 1281 574 orationis.

544 589 627 639 XI.
656 590 776 637 Item
796 586 1030 646 ejusdem.

544 649 652 699 XII.
671 648 747 698 De
769 645 1047 709 reverentia
1071 657 1188 709 erga
1213 645 1487 707 genitorem
1510 651 1663 695 tuum.

541 710 671 761 XIII.
695 710 814 759 Item
840 707 1058 769 ejusdem
1081 707 1149 755 de
1162 716 1319 769 patre.

543 771 668 822 XIV.
694 771 766 819 De
791 766 1030 830 exemplis
1054 766 1242 830 Patrum
1269 766 1454 828 piorum
1477 766 1794 829 accipiendis.

540 833 642 883 XV.
667 832 743 882 De
765 828 962 880 seniore
986 838 1086 888 tuo,
1112 828 1222 889 alia,
1249 831 1361 879 alia.

542 892 673 943 XVI.
701 892 774 942 De
797 892 995 941 consilio
1015 886 1316 950 accipiendo,
1339 889 1453 949 alia,
1481 886 1586 937 alia.

541 953 692 1005 XVII.
720 952 841 1002 Item
868 952 1085 1012 ejusdem
1100 946 1164 1001 de
1180 946 1487 1012 consiliariis,
1506 952 1621 1009 alia,
1637 946 1743 1012 alia.

539 1012 713 1065 XVIII.
741 1007 1015 1062 Admonitio
1037 1012 1299 1069 singularis
1317 1011 1374 1059 ad
1396 1018 1447 1059 te
1470 1007 1830 1060 revertendum.

538 1075 666 1127 XIX.
690 1074 762 1124 Ad
784 1074 1081 1134 prepinquos
1101 1068 1349 1134 seniorum
1367 1079 1588 1134 tuorum,
1614 1071 1724 1129 alia,
1745 1068 1855 1117 alia.

536 1136 638 1187 XX.
667 1135 739 1185 Ad
763 1131 1025 1195 optimates
1045 1133 1221 1195 ducum
1243 1131 1478 1195 eiusdem.

540 1197 666 1248 XXI.
689 1195 754 1245 Ut
768 1191 1099 1244 sacerdotibus
1118 1192 1350 1242 honorem
1372 1191 1638 1252 impendas.

542 1257 691 1308 XXII.
721 1255 781 1305 Ut
803 1256 1013 1303 animum
1038 1254 1222 1314 magnis
1240 1260 1292 1302 et
1314 1253 1526 1301 minimis
1546 1254 1728 1301 flectas.

537 1317 714 1369 XXIII.
750 1315 983 1378 Ejusdem
1005 1309 1265 1378 admonitio
1287 1314 1346 1361 ad
1370 1309 1885 1378 moresrorrigendos.

536 1377 707 1431 XXIV.
722 1372 857 1438 ,Item
881 1375 1098 1438 ejusdem
1112 1375 1182 1438 _de
1200 1380 1298 1435 quo
1317 1385 1461 1436 supra
1482 1372 1601 1425 alla.

542 1439 687 1490 XXV.
715 1436 778 1499 Ut
798 1435 1281 1499 superbiamfugias.

540 1500 708 1552 XXVI.
724 1498 781 1549 In
802 1491 1106 1561 septempltci
1126 1491 1252 1547 dono
1269 1495 1423 1546 sancti
1434 1495 1647 1558 Spiritus
1669 1492 1898 1543 militare.
1918 1491 2042 1542 Item

479 1565 727 1672 wXﬁXg’lﬁ:
752 1618 1031 1669 Admonitio
1050 1616 1183 1667 utilis
1203 1617 1260 1665 ad
1283 1616 1640 1677 comprimenda
1665 1615 1797 1663 vitia.

534 1681 753 1739 XXVIII.
780 1679 841 1730 Ut
860 1687 1026 1729 contra
1052 1680 1163 1729 vitia
1185 1680 1393 1739 virtutes
1413 1689 1644 1739 oppones.

535 1737 703 1793 XXIX.
734 1740 796 1790 Ut
822 1741 1103 1801 patientiam
1128 1737 1306 1801 mentis
1330 1745 1382 1785 et
1402 1737 1620 1801 corporis
1641 1744 1828 1801 teneas.

535 1802 680 1853 XXX.
706 1801 771 1851 Ut
791 1798 931 1849 facile
956 1803 1072 1850 vitia
1105 1799 1286 1860 vincas,
1309 1806 1418 1848 octo
1442 1798 1773 1848 beatitudiues
1793 1808 1884 1848 ore
1907 1798 2044 1861 lege.

475 1868 527 1913 et
538 1867 693 1932 φὶς-ές
715 1865 873 1932 retine
896 1871 1116 1932 semper.
1320 1918 1355 1932 Α
1405 1930 1417 1932 A
1454 1921 1463 1932 _

583 1918 704 1974 XXI.
731 1922 796 1973 Ut
819 1918 1133 1984 pauperibus,
1153 1932 1262 1984 cum
1277 1918 1749 1984 _valueris,_adjnres.

541 1984 712 2036 XXXII
756 1979 831 2034 De
852 1979 1057 2032 diversis
1079 1981 1464 2030 tribulationibus
1490 1982 1529 2029 si
1552 1980 1636 2028 tibi
1663 1979 1942 2029 evenerint.

531 2045 750 2096 XXXIII.
777 2043 851 2093 De
875 2041 1229 2094 reconciliando
1251 2043 1292 2090 si
1318 2041 1499 2100 aliquid
1521 2040 1808 2102 deliqueris.

531 2106 743 2158 XXXIV.
764 2105 837 2155 De
856 2105 1062 2155 diversis
1087 2104 1431 2153 mutationibus
1450 2104 1492 2151 si
1519 2105 1604 2152 tibi
1630 2103 1905 2152 evenerint.

534 2166 722 2218 XXXV.
747 2168 797 2215 Si
816 2164 1061 2216 tribulatio
1082 2163 1243 2211 fuerit.

530 2227 741 2289 XXXVI.
761 2229 810 2278 Si
834 2227 1113 2289 persecutio
1132 2224 1294 2289 fuerit.

534 2286 771 2338 XXXVII.
794 2286 848 2338 Si
874 2289 1140 2336 necessitas
1156 2287 1320 2335 fuerit.

532 2348 792 2409 XXXVIII.
811 2350 863 2398 Si
889 2349 1108 2409 angustia
1132 2347 1395 2409 ingruerit.

536 2408 747 2460 XXXIX.
775 2410 826 2461 Si
842 2405 1109 2459 iniit-initas.
1135 2405 1257 2456 Item
1280 2405 1515 2467 ejusdem.

410 2518 419 2525 .
531 2468 632 2522 XL.
659 2470 723 2529 Ut
746 2472 795 2520 in
820 2472 1043 2519 omnibus
1066 2469 1170 2518 Deo
1195 2470 1396 2529 gloriam
1416 2468 1522 2529 des.

466 2570 473 2577 .
528 2529 652 2583 XLI.
675 2525 797 2583 Item
820 2531 1114 2593 comparatio
1130 2525 1220 2578 sei
1244 2536 1297 2578 et
1319 2536 1429 2578 octo
1449 2525 1783 2577 beatitudines
1802 2528 2034 2577 virtutum

462 2593 820 2647 cenferentlum
852 2593 958 2643 tibi.

460 2684 466 2689 ι
532 2652 682 2705 XLII.
709 2653 772 2705 Ut
794 2654 864 2704 \ir
886 2650 1133 2702 oerfectus
1155 2663 1266 2701 esse
1291 2648 1453 2700 valeas
1473 2647 1711 2698 admoneo

479 2790 1829 2818 Μ

969 2883 1193 2940 CAPUT
1227 2880 1512 2937 PRIMUM.
1584 2890 1589 2893 “

958 2974 1030 3028 De
1057 2972 1320 3044 diligendo
1347 2971 1535 3026 Deum.

538 3065 846 3140 Diligendus
863 3065 1003 3120 Deus
1030 3072 1190 3132 atque
1208 3062 1525 3139 laudandus,
1550 3076 1655 3116 non
1680 3062 1850 3117 solum
1881 3077 1911 3116 a
1937 3078 2029 3118 su-

467 3156 652 3229 pernis
671 3151 1023 3215 virtitutibus,
1054 3152 1149 3206 sed
1170 3151 1333 3205 etiam
1354 3152 1421 3205 ab
1443 3150 1589 3205 omni
1612 3152 1843 3205 humana
1874 3165 2027 3206 crea-

466 3257 610 3313 tura,
641 3258 760 3316 qua:
786 3243 1028 3317 graditur
1049 3257 1209 3312 super
1236 3249 1456 3305 terram,
1483 3250 1535 3295 ct
1571 3241 1637 3295 ad
1672 3257 1894 3312 superos
1916 3251 2031 3297 ten-
2074 3247 2077 3251 ‘

471 3338 568 3395 dit.
612 3334 756 3391 Inter
783 3348 917 3404 quos
944 3332 1198 3387 adhortor
1245 3338 1315 3397 te,
1344 3331 1417 3386 ﬁli
1464 3331 1574 3397 W.,
1599 3340 1658 3385 ut
1697 3332 1748 3386 in
1773 3340 2029 3401 quantum

467 3427 637 3492 vales,
668 3425 758 3481 illa
780 3435 995 3493 semper,
1013 3422 1317 3492 perquiras,
1342 3422 1432 3477 ubi
1463 3437 1583 3476 cum
1614 3421 1788 3490 dignis
1810 3430 1865 3476 et
1892 3421 2032 3490 aptis

467 3520 742 3588 Deumque
782 3512 1143 3584 diligentibus,
1195 3511 1264 3567 ad
1307 3520 1514 3566 certum
1554 3511 1729 3580 possis
1772 3511 2030 3566 scandere

464 3609 703 3673 culmen,
723 3615 883 3676 atque
907 3618 1010 3658 una
1048 3617 1169 3657 cum
1200 3601 1311 3657 iiiis
1350 3599 1417 3654 ad
1445 3614 1671 3671 regnum
1703 3600 1884 3655 valeas
1908 3616 2029 3670 per-

464 3702 673 3771 tingere
697 3698 812 3753 sine
842 3695 947 3751 Iine
968 3708 1301 3748 mansurum.
1324 3692 1513 3746 Amen.
1604 3704 1607 3707 λ

531 3791 663 3846 Item
708 3796 931 3859 regnet
971 3784 1243 3840 humiliter
1283 3797 1511 3855 suggero
1550 3790 1698 3837 tuam
1734 3782 2029 3853 juventutis

461 3881 820 3945 nobilitatem,
849 3876 1005 3947 quasi
1032 3890 1288 3946 praesens,
1324 3890 1423 3930 nec
1451 3890 1556 3930 non
1592 3875 1767 3932 etiam.
1791 3874 1929 3939 illos,
1960 3865 2026 3930 ad

458 3988 596 4044 quos
647 3972 807 4026 hunc
837 3969 1073 4024 libellum
1125 3967 1430 4023 ostenderis
1474 3966 1774 4037 legendum,
1825 3982 1893 4021 ne
1941 3981 2027 4021 me

462 4064 717 4118 damnent
764 4059 846 4115 vel
876 4057 1272 4127 reprehendant
1299 4071 1397 4126 pro
1432 4071 1497 4112 eo
1523 4056 1664 4125 quod
1694 4056 1794 4110 sim
1826 4065 2025 4111 temera

463 4154 518 4209 in
546 4154 639 4207 tali
683 4152 988 4206 subintrare
1025 4150 1384 4220 agonisatorio
1428 4149 1672 4202 acumine
1718 4149 1933 4215 laboris,
1967 4158 2028 4204 ut

467 4243 565 4299 tibi
596 4241 799 4311 aliquid
824 4240 889 4296 de
919 4239 1029 4293 Deo
1061 4239 1291 4309 dirigere
1318 4239 1543 4294 audeam
1575 4241 1857 4306 sermonis,
1884 4248 1985 4296 etc.

1045 4336 1270 4392 CAPUT
1309 4336 1418 4391 VII.

864 4426 998 4481 Item
1023 4427 1312 4480 admonitio
1343 4428 1596 4497 ejusdem.

431 4563 434 4566 .
529 4524 805 4580 Admoneo
834 4530 887 4577 te
906 4521 1091 4586 etiam,
1118 4536 1152 4576 ο
1177 4520 1251 4575 ﬁli
1281 4520 1353 4575 mi
1382 4520 1469 4575 W.
1500 4522 1720 4592 pulchre
1743 4529 1797 4576 et
1820 4523 2020 4578 amabi-

457 4616 546 4682 lis,
576 4626 637 4672 ut
661 4617 803 4671 inter
821 4614 1117 4669 mundanas
1154 4613 1311 4684 hujus
1338 4613 1518 4668 satculi
1568 4629 1743 4677 curas,
1788 4614 2017 4684 plurima

458 4709 733 4764 volumina
772 4707 1029 4761 librorum
1062 4705 1156 4761 tibi
1190 4705 1394 4774 acquiri
1437 4720 1542 4759 non
1569 4706 1771 4777 pigeas,
1813 4706 1904 4760 ubi
1951 4708 2016 4762 de

455 4798 568 4854 Deo
616 4805 859 4852 creatore
905 4802 1117 4849 tuorum
1160 4810 1257 4864 per
1302 4795 1693 4850 sacratissimos
1737 4796 2015 4850 doctorum

452 4891 757 4962 magistros
790 4888 990 4959 aliquid
1036 4887 1239 4943 sentire
1275 4894 1330 4941 et
1368 4886 1575 4941 discere
1620 4886 1833 4951 debeas,
1861 4886 2012 4957 plura

452 4990 614 5051 atque
638 4980 843 5049 majora
865 4993 1026 5049 quam
1048 4993 1209 5047 supra
1230 4977 1487 5047 scriptum
1512 4985 1613 5032 est.
1652 4977 1827 5047 Ipsum
1859 4978 2014 5033 obse-

451 5084 565 5136 cra,
592 5068 753 5140 dilige
774 5075 830 5122 et
858 5081 997 5121 ama.
1041 5065 1191 5133 Quod
1232 5067 1277 5121 si
1306 5065 1516 5129 feceris,
1546 5066 1650 5120 erit
1691 5066 1787 5121 tibi
1810 5074 2009 5130 custos,

452 5159 582 5225 dux,
611 5173 807 5223 comes,
833 5158 1031 5227 patria,
1058 5157 1165 5222 via,
1192 5157 1392 5211 veritas
1419 5164 1473 5210 et
1500 5158 1628 5222 vita,
1656 5157 1894 5212 tribuens
1918 5159 2011 5212 tibi

451 5262 708 5318 prospera
756 5247 809 5301 in
850 5245 1050 5301 mundo
1092 5245 1414 5317 largissime,
1436 5254 1491 5299 et
1534 5260 1720 5300 omnes
1768 5246 2012 5302 inimicos

451 5347 573 5393 tuos
617 5345 892 5394 convertet
942 5334 1010 5391 ad
1049 5350 1254 5406 pacem.
1290 5334 1368 5388 Tu
1416 5341 1618 5400 autem,
1646 5342 1706 5388 ut
1753 5335 2010 5404 scriptum

449 5432 537 5480 est
562 5426 615 5479 in
640 5424 759 5490 Iob,
797 5425 1016 5496 accinge
1059 5424 1198 5479 sicut
1238 5423 1321 5477 vir
1366 5421 1574 5477 lumbos
1622 5431 1768 5488 tuos;
1807 5422 1883 5477 sis
1906 5423 2008 5476 bu-

449 5516 594 5570 miiis
622 5516 799 5581 corde,
828 5523 1113 5585 castusque
1150 5523 1205 5570 et
1238 5528 1483 5584 corpore,
1509 5524 1669 5584 atque
1703 5522 1913 5569 erectus
1953 5514 2009 5569 in

448 5603 695 5660 sublime.
739 5603 865 5659 Esto
893 5604 1154 5669 gloriosus
1196 5602 1372 5672 valde,
1411 5611 1463 5657 ct
1493 5602 1747 5667 speciosis
1790 5601 2008 5658 induere

1660 226 1955 284 DODANIE
1997 226 2148 282 SIVE
2188 226 2531 283 υυουΕΜς

2069 348 2116 405 Α
2146 339 2472 422 δ’)ςιψςῇιξε
2503 326 2741 422 quoniado
2782 346 2891 392 esse
2941 342 3094 405 possis
3133 339 3461 390 immaculatus
3492 342 3694 404 jnvante

3592 230 3697 284 “2

2143 399 2251 451 Deo
2272 409 2491 452 ostendo.

2203 460 2367 527 XLIV.
2391 463 2464 527 De
2501 471 2692 527 septem
2711 464 2919 525 compoti
2940 465 3154 526 partibus
3176 461 3250 512 bis
3266 463 3349 524 qui
3372 465 3492 514 inte
3515 476 3695 527 pecca-

2141 525 2317 585 verint,
2342 531 2396 585 ut
2416 525 2641 583 dimittas,
2671 525 3050 585 proponendum.

2203 582 2344 645 XLV.
2370 584 2444 633 De
2466 582 2657 645 gemina
2672 582 2928 634 'nativitate
2950 584 3165 634 Srieuda.

2201 643 2367 706 XLVI.
2397 643 2529 706 LII—in
2558 647 2704 706 prima
2734 649 2983 706 nativitate
3009 649 3172 706 vigeas
3194 651 3324 706 Opto.

2199 704 2389 766 XLVII.
2413 704 2475 755 Ut
2494 708 2540 755 in
2560 704 2772 754 secunda
2796 704 3086 766 perseveres
3104 704 3350 754 admoneo.

2200 765 2414 827 XLVIII.
2441 767 2513 816 De
2539 768 2686 827 prima
2709 776 2758 815 et
2776 772 2984 816 secunda
3009 777 3185 814 morte.

2201 825 2365 890 XLIX.
2386 828 2448 877 Ut
2469 825 2671 877 mortem
2692 829 2903 890 primam
2915 830 3176 888 conspicias
3196 826 3449 875 denuntio.

2202 888 2257 936 L.
2287 887 2350 937 Ut
2374 897 2576 937 mortem
2599 887 2859 936 secundam
2882 887 3041 947 fugias
3059 896 3270 935 certare.

2200 947 2278 1008 LI.
2307 947 2371 999 Ut
2392 948 2725 999 intellectione
2752 957 2802 997 et
2823 952 3042 999 oratione
3070 951 3236 1008 vigeas
3254 947 3512 998 admoneo.

2199 1007 2310 1072 LII.
2331 1010 2407 1072 De
2432 1011 2710 1072 praeteritis,
2737 1011 3056 1070 prasentibus
3070 1007 3335 1072 et’futuris.

2169 1069 2331 1185 ίιὶιῐὲῐ.
2355 1069 2573 1130 Qualiter
2597 1083 2683 1132 pio
2704 1071 2927 1120 omnibus
2966 1069 3193 1132 gradibus
3228 1069 3460 1120 Ecclesia:
3490 1079 3603 1122 ores
3624 1074 3697 1123 in-

2192 1147 2220 1181 n
2288 1166 2302 1178 .

2139 1143 2302 1182 81000.

2202 1190 2444 1255 LIV._Pro
2467 1192 2706 1255 episcopis
2735 1197 2787 1241 et
2807 1190 3154 1255 sacerdotibus.

2203 1253 2303 1315 LV.
2325 1252 2422 1301 Pro
2444 1252 2645 1315 regibus
2666 1260 2718 1302 et
2740 1254 3035 1303 sublimitate
3056 1264 3246 1301 eorum.

2199 1312 2323 1363 LVI.
2350 1314 2444 1363 Pro
2459 1312 2651 1363 seniore
2670 1322 2771 1362 tuo.

2201 1373 2354 1438 LVII.
2381 1376 2436 1438 lgt
2455 1387 2541 1436 pro
2565 1375 2897 1438 genitoretuo
2917 1373 3108 1423 assidue
3130 1384 3244 1421 ores
3261 1372 3515 1438 admoneo.

2204 1434 2373 1484 LVIII.
2402 1434 2521 1485 Item
2566 1434 2652 1497 pro
2683 1437 2905 1497 omnibus
2947 1437 3029 1494 qui
3056 1440 3355 1497 sequuntur.
3377 1436 3609 1486 concludo
3644 1437 3695 1486 in

2139 1497 2235 1547 hoc
2254 1498 2340 1557 ubi
2361 1496 2538 1557 dicitur
2560 1495 2576 1545 ἐ
2597 1506 2647 1544 et
2668 1509 2753 1557 pro
2775 1496 2904 1544 omni
2928 1495 3289 1557 populosaucto
3310 1496 3418 1545 Dei.

2206 1555 2328 1621 LIX.
2352 1555 2416 1606 Ut
2436 1570 2520 1618 pro
2541 1554 2761 1621 omnibus
2779 1554 3005 1621 Iidelibus
3024 1554 3266 1606 defunctis
3286 1570 3418 1620 ores,
3447 1569 3534 1621 pro
3554 1555 3694 1607 valde

2140 1619 2297 1680 bonis,
2322 1624 2375 1680 et
2393 1617 2479 1680 pro
2499 1631 2593 1667 non
2618 1617 2752 1680 valde
2779 1618 2932 1666 bonis.

2070 1690 2118 1749 Β
2333 1677 2427 1749 ltro
2450 1679 2702 1749 immeritis
2722 1678 2865 1738 digna
2882 1677 3246 1749 inveniesquid
3265 1689 3396 1749 agas.

2204 1738 2325 1788 LXI.
2352 1738 2444 1787 Pro
2467 1738 2717 1799 defunctis-
2730 1740 3007 1799 parentibus
3023 1739 3257 1799 genitoris
3289 1743 3357 1788 tui
3380 1752 3483 1791 ora.

2204 1798 2468 1864 LXII._I’_ro
2490 1799 2664 1864 domno
2681 1798 2988 1864 Theoderico
3006 1798 3261 1864 quondam,
3291 1809 3342 1850 et
3365 1814 3453 1864 pro
3472 1800 3694 1851 omnibus

2145 1860 2450 1922 lterumdeIu
2459 1862 2595 1918 netis,
2614 1867 2665 1907 ut
2688 1863 2999 1922 requiescant
3019 1862 3066 1908 in
3085 1873 3220 1919 pace.
3365 1860 3378 1864 ’
3539 1882 3547 1891 -

2204 1919 2378 1982 LXIII.
2391 1920 2526 1982 Item
2548 1919 2825 1982 Specialiter
2849 1933 2935 1982 pro
2958 1927 3114 1981 patre.

2199 1980 2368 2030 LXIV.
2389 1980 2462 2029 De
2482 1980 2696 2029 articulis
2719 1988 2771 2029 et
2789 1980 3051 2032 metrorum
3074 1982 3360 2041 compositis.

2202 2041 2344 2102 LXV.
2370 2041 2444 2090 De
2464 2042 2644 2091 litteris
2666 2041 2815 2090 Adam
2840 2051 2887 2090 et
2912 2041 3128 2102 ejusdem
3146 2045 3386 2091 sensibus.

2166 2104 2169 2109 ’
2201 2101 2365 2152 LXVI.
2386 2102 2461 2152 De
2484 2103 2745 2163 quinquies
2781 2101 3380 2153 ternis’benedictiouibus
3414 2105 3462 2152 in
3484 2110 3535 2154 te
3567 2102 3691 2153 offe-

2138 2167 2346 2215 rentium
2371 2172 2431 2213 et.
2442 2166 2737 2211 manentium
2761 2175 2971 2224 semper.

2199 2223 2388 2273 LXVII.
2416 2225 2535 2273 ltem
2557 2225 2621 2272 de
2639 2223 2808 2272 eadem
2834 2237 2889 2273 re
2912 2224 2967 2272 ad
2994 2223 3215 2273 eumdem

2200 2284 2414 2346 LXVIII.
2440 2284 2518 2333 De
2541 2285 2839 2346 temporibus
2860 2288 2972 2334 tuis.
3001 2284 3121 2334 Item
3148 2282 3381 2343 ejusdem.

2196 2343 2461 2407 LXIX.-De
2487 2343 2714 2395 versis'et
2731 2345 2908 2396 litteris
2924 2349 3200 2407 composutis
3215 2349 3331 2395 tuis.

2200 2404 2343 2469 LXII.
2361 2406 2478 2469 Post
2501 2408 2645 2454 verba
2665 2407 2941 2469 prescrlpta
2966 2404 3105 2456 de‘re
3132 2407 3337 2469 publica.

2202 2463 2456 2531 LXXI._Ut
2478 2477 2564 2528 pro
2602 2463 2798 2531 metam
2843 2463 2902 2531 in.
2931 2463 3145 2529 corpore
3179 2468 3422 2524 volvente,
3444 2481 3585 2531 quam
3636 2476 3692 2519 et

2136 2528 2459 2592 pos_ti_f_uu_ebl:a
2480 2527 2819 2592 Sepuleri,pro
2839 2529 2995 2577 salute
3018 2527 3188 2577 animai
3211 2541 3333 2575 mea;
3357 2527 3537 2579 exores
3551 2543 3687 2592 rogo.

2200 2587 2391 2649 LXXII.
2416 2587 2619 2649 Nomina
2642 2587 2976 2639 delitui-torum
2994 2592 3165 2639 subtus
3187 2592 3486 2649 transcripta.

2201 2647 2413 2699 LXXIII.
2437 2649 2512 2699 De
2538 2646 2787 2712 epitaphio
2809 2651 3018 2712 sepulcri
3038 2653 3134 2699 mei
3159 2659 3212 2698 ut
3232 2646 3415 2699 scribas
3431 2663 3569 2709 rogo.

2140 2881 2383 2936 vestibus.
2419 2880 2508 2936 .Et
2531 2881 2656 2950 quid
2679 2881 2832 2951 plura
2860 2881 2883 2933 Ἰ
2913 2880 3187 2935 Hortatrix
3219 2844 3397 2935 tua’D.
3425 2879 3688 2955 [Dodana]

2047 2962 2091 3023 (Ἰ
2123 2986 2335 3040 semper
2358 2980 2530 3036 adest,
2556 2971 2659 3036 Iili;
2691 2979 2744 3025 et
2765 2972 2808 3026 si
2838 2970 3116 3035 defuerim,
3141 2970 3392 3026 deficiens
3417 2970 3558 3040 quod
3600 2970 3689 3026 fu-

2134 3074 2314 3119 turum
2338 3072 2443 3129 est,
2482 3065 2647 3120 babes
2676 3064 2763 3120 hic
2789 3064 3120 3130 memoriale,
3151 3064 3388 3119 libellum
3427 3062 3491 3119 Ο.
3514 3064 3583 3119 Μ.
3615 3064 3685 3119 R.

2132 3163 2192 3210 ut
2223 3170 2374 3225 quasi
2413 3155 2466 3209 in
2490 3155 2754 3225 picturam
2785 3155 3004 3225 speculi,
3047 3171 3134 3210 me
3166 3162 3342 3210 mente
3374 3164 3428 3209 et
3460 3170 3689 3225 corpore

2130 3245 2357 3317 legendo
2377 3254 2431 3304 et
2453 3246 2619 3300 Deum
2653 3246 2988 3314 deprecando
3016 3246 3204 3300 intueri
3235 3245 3438 3315 possis;
3465 3254 3520 3301 et
3558 3246 3688 3314 quid

2130 3352 2257 3408 erga
2290 3352 2377 3391 me
2400 3336 2620 3406 obsequi
2643 3336 2837 3390 debeas
2874 3336 3101 3406 pleniter
3145 3336 3338 3389 intueri
3366 3344 3536 3404 potes.
3562 3333 3685 3399 Fili,

2131 3428 2353 3483 habebis
2394 3429 2641 3483 doctores
2669 3428 2760 3497 qui
2787 3436 2848 3483 ‘te
2894 3428 3045 3497 plura
3068 3432 3123 3482 et
3151 3427 3408 3496 ampliora
3438 3426 3689 3481 utilitatis

2129 3518 2358 3574 doceant
2404 3518 2757 3582 documenta;
2811 3519 2902 3574 sed
2948 3533 3055 3573 non
3108 3519 3298 3589 aequali
3341 3518 3643 3575 conditione
3666 3559 3683 3584 ,

2129 3610 2308 3664 animo
2348 3610 2556 3665 ardenti
2629 3610 2682 3664 in
2732 3619 2967 3679 pectore,
2993 3609 3135 3664 sicut
3176 3624 3274 3680 ego
3299 3609 3530 3680 genitrix
3567 3617 3680 3664 tua.

2128 3699 2225 3752 Fili
2257 3698 2346 3753 W.
2371 3699 2744 3769 primogenite,
2789 3700 2903 3754 haec
2944 3700 3105 3764 verba
3146 3715 3177 3754 a
3214 3715 3302 3754 me
3338 3699 3434 3754 tibi
3475 3700 3682 3775 directa

2126 3787 2261 3858 lege,
2308 3787 2558 3859 intelligo,
2599 3796 2654 3841 et
2692 3802 2853 3857 opere
2894 3789 3119 3857 comple,
3158 3788 3482 3858 fratremque
3529 3797 3680 3845 tuum

2123 3879 2425 3950 parvulum,
2471 3880 2623 3949 cujus
2661 3880 2820 3933 modo
2872 3879 3038 3933 inscia
3078 3894 3195 3934 sum
3243 3878 3511 3943 nominis,
3554 3893 3695 3933 cum.

2125 3968 2462 4040 baptismatis
2490 3970 2544 4024 in
2582 3969 2795 4024 Christo
2819 3968 3083 4038 acceperit
3111 3958 3357 4040 gratiam,
3381 3968 3676 4033 insinuare,

2125 4062 2350 4133 nutrire,
2378 4077 2578 4127 amare,
2602 4076 2665 4116 ac
2688 4061 2755 4116 de
2776 4063 2917 4116 bono
2947 4061 2999 4115 in
3031 4061 3219 4116 melius
3246 4073 3539 4130 provocare
3566 4074 3675 4114 non

2122 4152 2306 4222 pigeas
2327 4166 2341 4205 :
2364 4160 2525 4220 atque
2566 4151 2709 4206 hunc
2730 4150 3030 4205 codicillum
3074 4149 3330 4205 Manualis
3357 4165 3388 4203 a
3416 4165 3502 4205 me
3528 4165 3675 4205 com-

2121 4242 2461 4310 prehensum,
2484 4247 2538 4294 et
2561 4240 2614 4294 in
2639 4248 2731 4295 tuo
2760 4240 2974 4295 nomine
2999 4239 3382 4307 conscriptum,
3409 4252 3529 4292 eum
3551 4251 3673 4307 per-

2041 4325 2096 4385 D
2121 4330 2315 4387 fectum
2363 4332 2609 4401 loquendi
2655 4331 2738 4386 vel
2790 4330 2997 4400 legendi
3032 4329 3300 4398 acceperit
3331 4338 3556 4399 tempus,
3596 4330 3671 4385 illi

2120 4420 2359 4483 ostende,
2407 4428 2461 4473 et
2480 4420 2705 4474 admone
2745 4418 3006 4489 legendo:
3045 4432 3171 4471 caro
3220 4419 3364 4471 enim
3407 4426 3463 4473 et
3503 4416 3672 4474 frater

2121 4518 2243 4563 tuus
2256 4515 2356 4562 est.
2370 4509 2643 4563 Admoneo
2662 4522 2781 4573 vos,
2800 4506 2911 4576 jam
2934 4505 3085 4576 quasi
3104 4513 3356 4576 utrosque
3376 4522 3476 4578 ego
3499 4508 3562 4561 D.
3583 4523 3669 4577 ge-

2116 4597 2278 4651 nitrix
2324 4606 2498 4651 vestra
2521 4637 2536 4662 ,
2566 4607 2624 4651 ut
2671 4596 2810 4650 inter
2845 4595 3141 4650 mundanas
3182 4595 3359 4650 saeculi
3399 4609 3553 4650 curas
3574 4611 3667 4666 op-

2114 4687 2307 4757 pressi,
2333 4688 2519 4742 saltem
2549 4687 2615 4742 ad
2642 4695 2850 4756 tempus
2877 4701 3085 4740 sursum
3112 4687 3339 4742 teneatis
3361 4701 3475 4741 cor.
3511 4686 3665 4756 Aspi-I

2114 4778 2218 4833 cite
2242 4785 2550 4848 regnantem
2578 4777 2631 4830 in
2657 4776 2808 4831 caelis
2842 4775 2988 4830 illum
3012 4776 3103 4846 qui
3140 4776 3337 4831 dicitur
3361 4776 3519 4831 Deus.
3544 4774 3664 4845 Ipse

2112 4883 2207 4924 vos
2232 4867 2586 4935 omnipotens,
2608 4866 2758 4936 cujus
2777 4881 3079 4935 quanquam
3102 4866 3317 4936 indigna
3336 4864 3660 4920 mentionem

2112 4957 2270 5021 facio,
2306 4955 2553 5025 frequens
2584 4972 2688 5010 una
2734 4971 2853 5009 cum
2895 4956 3130 5025 genitore
3171 4963 3350 5009 vestro
3375 4952 3572 5008 domno
3604 4963 3659 5008 et

2111 5047 2320 5103 seniore
2349 5061 2468 5100 meo
2488 5045 2546 5098 Β.
2575 5046 2628 5099 in
2650 5044 2843 5100 saeculo
2880 5044 3131 5114 praesenti
3174 5043 3332 5098 faciat
3356 5041 3556 5097 .felices
3576 5053 3658 5097 at-

2111 5152 2215 5207 que
2245 5134 2531 5205 jucuudos,
2558 5150 2810 5206 prospere
2832 5136 2888 5189 in
2912 5135 3159 5191 omnibus
3200 5142 3437 5202 agentes,
3459 5140 3515 5187 et
3534 5142 3658 5202 post

2108 5227 2376 5298 expletum
2402 5228 2559 5297 hujus
2581 5229 2706 5283 vita;
2730 5242 2968 5293 cursum,
2987 5234 3171 5284 notum
3197 5224 3358 5281 faciat
3377 5240 3501 5282 cum
3538 5239 3658 5281 san-

2108 5320 2210 5374 ctis
2236 5319 2458 5374 introire
2489 5317 2747 5373 laetantes.
2766 5317 2958 5372 Amen.

2718 5414 2941 5470 CAPUT
2974 5414 3041 5469 Χ.

2539 5507 2617 5561 De
2645 5507 2922 5561 reverentia
2951 5506 3222 5583 orationis,

2176 5599 2359 5655 Oratio
2393 5585 2531 5654 dicta
2566 5597 2717 5666 quasi
2743 5596 2852 5651 oris
2876 5595 3032 5650 ratio.
3071 5604 3176 5651 etc.
3206 5593 3313 5651 Ora
3336 5608 3449 5660 ore,
3477 5591 3651 5649 clama
