4064 6190
399 413 500 468 H3

397 615 584 670 diebus
612 621 668 667 et
692 614 960 677 noctibus,
983 612 1132 667 boris
1152 622 1313 683 atque
1336 614 1641 678 momentis;
1669 630 1790 669 cum
1816 615 1957 683 quie-

395 708 538 762 veris
564 706 617 760 in
648 706 816 769 lecto,
845 706 932 761 dic
958 713 1084 760 tunc
1112 724 1127 771 ξ
1156 705 1315 773 Deus,
1343 706 1749 777 inadjutorium
1790 723 1962 761 meum

391 799 619 854 intende.
648 798 891 863 Domine,
919 799 990 852 ad
1015 799 1372 868 adjuvandum
1392 816 1471 852 me
1501 799 1725 868 festina;
1753 807 1806 854 et
1832 799 1962 853 Glo-

391 890 477 943 ria
504 904 675 959 usque
706 888 762 943 in
801 888 982 943 ﬁnem.
1011 887 1214 943 Deinde
1251 886 1559 956 Orationem
1594 888 1958 953 Dominicam;

391 995 497 1048 qua
509 979 738 1049 expleta,
755 978 843 1032 dic
864 996 877 1031 :
896 977 1181 1032 Custodisti
1195 995 1293 1044 me,
1313 978 1471 1043 Deus,
1484 996 1577 1049 per
1589 979 1742 1042 diem,
1760 979 1963 1032 custodi

393 1089 479 1125 me
507 1081 555 1125 et
581 1072 635 1125 in
661 1071 759 1124 Itac
784 1078 945 1133 nocte,
971 1070 1018 1124 si
1030 1070 1203 1139 jubes,
1232 1079 1280 1124 et
1302 1069 1395 1124 sub
1415 1071 1598 1123 umbra
1621 1068 1825 1123 alarum
1846 1078 1963 1121 tua-

397 1178 518 1215 rum
557 1176 761 1213 merear
795 1176 903 1213 esse
937 1167 1230 1229 protectus,
1266 1158 1466 1230 Spiritu
1503 1167 1683 1212 sancto
1718 1156 1959 1226 repletus,

390 1252 678 1307 munimine
716 1253 855 1321 regio
895 1239 1101 1321 septas,
1149 1249 1551 1321 angelorumque
1584 1248 1818 1302 custodia
1860 1248 1963 1300 cir-

386 1342 691 1408 eumdatus,
722 1351 779 1394 ut
803 1342 857 1395 in
888 1342 986 1394 hac
1015 1350 1181 1405 nocte,
1208 1341 1440 1409 quamvis
1460 1355 1645 1409 parum
1674 1340 1959 1410 quiescens,

387 1449 633 1486 somnum
664 1433 867 1502 capiam
896 1432 1062 1500 pacis,
1093 1440 1139 1484 et
1164 1431 1208 1484 si
1229 1429 1435 1499 quando
1464 1428 1789 1499 evigilavero,
1821 1427 1963 1497 infra

388 1531 439 1575 te
469 1538 563 1590 per
580 1537 817 1590 soporem
845 1521 1066 1573 sentiam
1091 1518 1377 1582 custodem,
1403 1518 1492 1587 qui
1517 1518 1663 1571 beato
1688 1516 1854 1571 Iacob
1880 1517 1963 1570 in-

389 1611 549 1665 nixus
577 1609 873 1680 apparuisti
899 1607 1057 1662 scala:
1084 1605 1342 1677 Salvator.
1371 1606 1506 1661 Cum
1535 1607 1638 1661 hoc
1665 1605 1965 1675 compleve-

389 1701 499 1766 ris,
540 1700 627 1755 fac
662 1715 878 1755 crucem
916 1700 970 1753 in
1010 1698 1185 1753 fronte
1226 1707 1281 1753 et
1314 1712 1475 1767 super
1500 1697 1700 1752 lectum
1730 1705 1881 1751 tuum
1907 1696 1960 1750 in

387 1791 745 1846 similitudine
789 1790 969 1844 crucis
1004 1789 1146 1844 illius
1188 1804 1219 1843 a
1265 1804 1372 1858 quo
1416 1789 1722 1857 redemptus
1761 1802 1821 1842 es
1860 1787 1961 1842 hoc

387 1885 553 1939 modo
586 1884 659 1952 ἦ,
692 1882 764 1936 ita
795 1882 1021 1937 dicendo
1053 1899 1066 1934 :
1097 1879 1315 1935 Crucem
1338 1890 1483 1935 tuam
1509 1880 1694 1945 adoro,
1718 1879 1961 1946 Domine,
1991 1887 2037 1946 Β

386 1987 439 2030 et
466 1986 703 2030 sanctam
729 1980 1152 2028 resurrectionem
1180 1983 1326 2027 tuam
1354 1974 1526 2026 credo.
1551 1972 1696 2026 (ἐνίετε
1717 1983 1808 2026 tua
1836 1991 1964 2028 san-

388 2077 475 2121 cta
500 2084 720 2121 mecum.
752 2065 897 2119 Crux
924 2075 997 2118 est
1016 2082 1173 2135 quam
1198 2075 1253 2118 ut
1280 2066 1512 2135 cognovi,
1543 2081 1741 2133 semper
1768 2065 1959 2131 amavi,

384 2175 687 2227 semperque
708 2158 906 2221 adoro;
928 2172 1057 2210 crus:
1078 2157 1205 2211 mihi
1224 2155 1390 2220 salus,
1415 2172 1545 2210 crux
1559 2157 1685 2210 mihi
1706 2157 1959 2226 defensio,

386 2267 525 2304 crux
562 2251 685 2304 mihi
715 2250 960 2320 protectio
998 2265 1297 2318 semperque
1337 2249 1627 2318 refugium,
1672 2264 1803 2302 cruat
1835 2249 1963 2303 mihi

386 2343 515 2403 vita,
548 2359 685 2395 mors
712 2341 825 2405 tibi,
854 2339 1059 2394 diabole
1095 2340 1302 2393 inimice
1326 2338 1586 2403 veritatis,
1620 2338 1790 2392 cultor
1819 2339 1964 2393 vani—

386 2431 605 2492 uitatis;
632 2447 761 2483 crux
796 2430 924 2483 milii
968 2430 1068 2483 vita
1091 2470 1106 2494 ,
1131 2445 1268 2482 mors
1301 2428 1392 2481 tibi
1431 2444 1648 2497 semper.
1690 2427 1750 2481 Et
1788 2429 1913 2482 item
1944 2447 1957 2482 :

387 2520 584 2586 Tuam,
611 2522 851 2585 Domine,
880 2524 918 2591 ’ξ’
942 2537 1146 2574 crucem
1182 2521 1377 2584 adoro,
1410 2533 1651 2589 tuamque
1688 2536 1749 2597 ac
1776 2518 1964 2589 glorio-

386 2630 505 2666 sam
541 2614 832 2682 passionem
874 2611 1079 2676 recolo,
1116 2612 1204 2681 qui
1244 2611 1488 2681 dignatus
1523 2628 1576 2665 es
1616 2611 1790 2675 nasci,
1827 2613 1960 2681 pati,

385 2704 527 2756 mori
553 2720 615 2756 ac
652 2719 913 2772 resurgere
940 2720 973 2755 a
1011 2703 1228 2756 mortuis
1249 2743 1263 2767 ,
1298 2704 1386 2772 qui
1409 2718 1524 2755 cum
1558 2700 1719 2757 Patre
1760 2712 1808 2756 et
1840 2702 1963 2773 Spi-

388 2796 498 2848 ritu
534 2804 713 2848 sancto
751 2793 811 2864 1-.
854 2775 1154 2848 Benediclio
1199 2791 1377 2847 Patris
1414 2802 1463 2846 ct
1499 2791 1625 2845 Filii
1651 2802 1697 2846 et
1734 2791 1964 2863 Spiritus

384 2889 564 2941 sancti
591 2887 869 2942 descendat
898 2898 944 2941 et
968 2894 1175 2939 maneat
1202 2901 1355 2954 super
1376 2901 1454 2938 me
1474 2901 1675 2938 servum
1701 2894 1848 2938 tuum
1871 2884 1961 2943 ιγ.

387 2980 686 3034 minimum.
717 2981 896 3034 Amen.
920 2979 1027 3033 Ista
1057 2993 1187 3033 crux
1210 2987 1368 3047 atque
1395 2977 1699 3032 benedictio
1725 2977 1798 3030 sit
1823 2992 1965 3032 sem—

387 3090 492 3144 per
519 3089 643 3128 cum
673 3073 796 3138 illis,
829 3073 980 3141 cujus
1007 3052 1167 3143 supra
1200 3075 1525 3128 mentionem
1548 3088 1645 3143 ego
1673 3071 1877 3142 fragilis
1896 3072 1960 3127 D.

388 3163 531 3217 facio
560 3162 843 3232 frequens,
876 3171 931 3217 et
967 3164 1106 3217 sicut
1134 3178 1223 3218 ros
1260 3163 1456 3217 Ermon
1487 3163 1576 3232 qui
1606 3162 1881 3217 descendit
1908 3162 1962 3217 in

1710 412 1908 466 LIBER
1947 412 2313 469 MANUALlS.

394 522 592 587 corde,
634 537 761 592 roga
800 536 992 591 opere,
1033 528 1090 575 ut
1122 521 1213 575 tibi
1256 522 1395 576 Deus
1434 532 1711 577 succurrat
1746 538 1960 591 semper
1987 528 2037 585 Α

3520 422 3622 477 Hb

2790 532 2875 585 XI.

2749 623 2928 678 Itenu

2132 735 2264 790 Cum
2301 736 2573 805 egrederis
2603 735 2783 798 foras.
2817 739 2869 793 in
2903 748 3081 795 mente
3118 740 3256 796 habe
3299 743 3463 797 Deum
3499 760 3621 801 cum

2062 825 2217 893 signo
2245 825 2453 890 crucis,
2487 834 2543 880 et
2575 826 2660 881 dic
2701 845 2714 880 ε
2754 826 3001 883 Miserere
3034 832 3165 895 mei,
3206 832 3322 902 pius
3354 831 3539 901 Rater,
3574 847 3629 891 et

2060 915 2248 984 perﬁce
2276 915 2428 970 hodie
2452 933 2657 986 gressus
2681 933 2820 971 meos
2851 919 2904 972 in'
2944 922 3140 976 semitis
3178 924 3314 989 tuis;
3339 925 3505 980 deduc
3544 944 3625 981 me

2060 1005 2114 1058 in
2140 1005 2221 1058 via
2243 1014 2335 1059 tua
2354 1047 2368 1070 ,
2408 1014 2457 1060 et
2486 1006 2652 1076 dirige
2676 1009 2731 1061 in
2750 1009 2966 1064 veritate
2986 1018 3111 1076 tua;
3137 1012 3330 1081 adjuva
3354 1031 3452 1078 me,
3482 1015 3625 1070 Deus

2061 1107 2226 1157 meus,
2243 1092 2416 1158 hodie,
2443 1102 2491 1148 et
2514 1110 2733 1164 semper,
2759 1105 2815 1149 ut
2842 1113 2944 1150 non
2970 1097 3098 1151 mihi
3124 1111 3399 1154 occurrant
3424 1102 3626 1157 calum-

2063 1182 2183 1247 niw,
2214 1199 2304 1237 nec
2335 1183 2630 1237 dominetur
2658 1186 2713 1239 in
2744 1203 2825 1240 me
2852 1188 3016 1242 omnis
3044 1190 3304 1258 injustitia
3329 1205 3348 1242 :
3374 1192 3465 1247 sed
3492 1193 3628 1248 laui-

2060 1270 2164 1339 ﬁca
2188 1288 2278 1324 cor
2302 1288 2473 1326 meum
2496 1274 2738 1343 gradiens
2762 1277 2817 1329 in
2837 1276 3046 1343 bonum,
3071 1289 3325 1349 quatenus
3344 1298 3405 1335 ea
3424 1284 3626 1352 agendo

2060 1377 2176 1430 qum
2204 1360 2295 1414 tibi
2315 1361 2510 1431 placita
2539 1373 2682 1430 sunt,
2704 1381 2923 1431 merear,
2947 1376 2996 1419 te
3020 1367 3331 1435 auxiliante,
3359 1371 3428 1424 ad
3452 1388 3633 1442 vespe-

2063 1468 2178 1503 rum
2206 1453 2513 1522 pertingere.
2546 1454 2641 1509 Dic
2673 1445 2887 1525 quotu
2914 1474 2929 1509 :
2956 1456 3268 1514 Benedictus
3292 1477 3376 1524 es,
3409 1460 3627 1518 Domine

2062 1539 2226 1605 Deus,
2251 1542 2341 1611 qui
2368 1541 2619 1612 adjuvisti
2645 1561 2726 1598 me
2751 1554 2796 1598 et
2825 1545 3121 1601 consolatus
3148 1565 3201 1603 es
3225 1566 3342 1616 me;
3376 1559 3435 1603 tu
3459 1567 3512 1604 es
3541 1550 3628 1605 be-

2063 1630 2298 1684 nedictus
2322 1647 2355 1684 a
2381 1648 2482 1701 quo
2510 1642 2694 1687 cuncta
2725 1634 2859 1688 bona
2892 1637 3197 1706 procedunt,
3226 1640 3315 1709 qui
3347 1641 3494 1707 vivis,
3516 1648 3627 1697 etc.

2785 1768 2902 1823 XV.
3600 1790 3606 1827 l

2226 1874 2533 1929 Λάπιοηὶτίολ
2551 1892 2673 1947 erga
2700 1879 2951 1932 seniorem
2981 1889 3126 1934 tuum
3152 1883 3460 1940 exhibenda.

2132 1985 2411 2043 Seniorem
2433 2003 2589 2056 quem
2608 1990 2774 2044 habes
2795 1990 2858 2044 K.
2885 1988 3206 2065 [Karolum],
3233 1997 3447 2065 quando
3463 1997 3629 2065 Deus,

2060 2089 2119 2133 ut
2139 2081 2320 2144 credo,
2338 2081 2613 2150 etgenitor
2633 2089 2756 2135 tuus
2778 2081 2837 2135 Β.
2855 2083 2907 2135 in
2933 2092 3036 2137 tua:
3060 2085 3420 2142 inchoationis
3435 2087 3630 2157 juven-

2062 2180 2177 2225 tute
2214 2169 2519 2242 ﬂorigerum
2550 2172 2793 2243 vigorem
2826 2173 2922 2228 tibi
2957 2174 3025 2229 ad
3064 2176 3406 2232 serviendum
3445 2178 3624 2248 elegit,

2061 2261 2235 2315 adhuc
2274 2269 2428 2325 tene,
2467 2262 2608 2330 quod
2646 2270 2730 2316 est
2767 2263 2981 2331 generis
3013 2278 3082 2318 ex
3120 2278 3314 2334 magno
3345 2273 3632 2335 utrumque

2062 2349 2587 2411 nobilitatis,exorto
2633 2349 2858 2423 [Forte,
2895 2350 3180 2424 exortum]
3204 2354 3487 2423 progenie;
3521 2370 3631 2411 non

2060 2441 2133 2495 ita
2172 2441 2442 2508 serviens,
2481 2450 2542 2496 ut
2585 2449 2793 2496 tantum
2833 2441 3047 2512 placeas
3088 2442 3295 2509 oculis,
3334 2444 3430 2499 sed
3464 2444 3630 2501 etiam

2061 2534 2241 2591 Sensui
2263 2550 2455 2604 capax,
2480 2542 2771 2603 utrumque
2790 2534 2857 2588 ad
2885 2551 3079 2603 corpus
3099 2543 3156 2589 et
3182 2535 3416 2590 animam
3439 2551 3633 2607 puram

2061 2633 2115 2682 et
2143 2636 2346 2682 certam
2377 2626 2452 2681 illi
2484 2627 2537 2681 in
2566 2626 2815 2682 omnibus
2841 2634 2963 2681 tene
2991 2626 3239 2682 utilitatis
3262 2625 3441 2682 ﬁdem.

2764 2758 2903 2813 XIX.

2364 2868 2444 2921 Ad
2469 2868 2782 2939 propinquos
2806 2870 3075 2936 seniorum
3098 2879 3323 2925 tuorum.

2132 2981 2271 3053 lncly
2281 2990 2362 3036 tos
2373 2989 2534 3050 atque
2558 2979 2844 3051 prteclaros
2866 2980 3064 3036 seniori
3087 2988 3180 3036 tuo
3203 2981 3365 3052 regia:
3389 2989 3632 3051 potesta-

2062 3073 2134 3127 tis
2159 3072 2387 3128 eximios
2413 3079 2666 3142 parentes
2691 3081 2853 3143 atque
2873 3072 3205 3142 propinquos
3224 3081 3333 3127 tam
3359 3088 3425 3129 ex
3451 3081 3632 3143 pater-

2064 3165 2252 3219 nitatis
2290 3164 2584 3227 illustrem,
2623 3180 2781 3234 quam
2823 3179 2890 3219 ex
2930 3163 3262 3218 matrimonii
3309 3163 3635 3236 dignitatum

388 3266 630 3312 ruentem
661 3255 790 3310 Sion
808 3298 826 3322 ,
861 3256 947 3311 vel
973 3256 1113 3311 sicut
1139 3264 1468 3323 unguentum
1500 3256 1551 3308 in
1580 3254 1757 3323 capite
1786 3252 1971 3308 fusum'
1991 3232 2035 3295 (ἶ
2066 3255 2389 3309 ascendente
2429 3232 2689 3325 originem
2712 3295 2727 3320 ,
2754 3254 2799 3310 si
2828 3254 2897 3310 ad
2930 3256 3032 3310 hoc
3060 3232 3392 3325 perveneris,
3419 3263 3478 3311 ut
3503 3270 3635 3317 cum

388 3348 777 3417 declinansque
817 3348 871 3401 in
916 3347 1138 3401 irai-bam
1170 3347 1390 3401 barbam
1426 3346 1606 3400 Aaron
1626 3387 1640 3407 ,
1670 3346 1743 3400 ita
1770 3345 1965 3402 inlusio

386 3434 518 3491 Jesn
546 3436 806 3492 Nazareni
836 3437 955 3492 Filii
984 3437 1076 3491 Dei
1101 3437 1388 3492 descendat
1414 3447 1470 3492 et
1492 3446 1704 3491 maneat
1724 3453 1885 3507 super
1904 3444 1966 3511 tte

390 3527 699 3597 ubicunque
742 3529 1079 3599 perrexeris,
1118 3537 1172 3583 et
1211 3544 1373 3598 super
1410 3529 1630 3583 fratrem
1671 3536 1843 3596 tu‘um,
1871 3530 1963 3601 qui

387 3630 515 3689 ροςι
541 3629 592 3674 te
616 3636 681 3675 EX
708 3636 826 3675 meo
856 3622 1123 3676 secundus
1150 3637 1399 3690 egressus
1427 3631 1509 3676 ρει
1533 3632 1709 3676 ιιιρῐεο.

465 3710 617 3777 Quod
644 3712 689 3767 si
712 3712 831 3780 plus
859 3713 966 3766 Deo
994 3713 1284 3767 auxiliante
1312 3713 1532 3778 fuerint,
1559 3714 1611 3768 id
1631 3729 1961 3783 consequan-

393 3812 483 3857 tur
506 3819 613 3858 una
647 3802 924 3857 vobiscum
942 3844 957 3869 ,
991 3805 1132 3872 quod
1158 3819 1189 3859 a
1221 3820 1307 3859 me
1334 3802 1639 3859 invocatum
1669 3815 1754 3861 est
1778 3821 1960 3877 supra,

391 3900 688 3963 praestante
716 3904 773 3947 et
808 3895 1092 3964 azljuvante
1137 3895 1223 3949 illo
1263 3896 1373 3969 qui,
1398 3896 1528 3949 vivit
1557 3905 1613 3951 et
1653 3905 1841 3968 regnat
1867 3913 1966 3968 per

393 3983 601 4038 inﬁnita
627 3998 843 4052 semper
865 3985 1057 4039 saecula
1085 3987 1420 4041 saeculorum.
1449 3986 1643 4043 Amen.

1097 4116 1252 4172 Item.

463 4243 597 4299 Cum
621 4246 916 4302 auxiliante
938 4247 1047 4302 Deo
1070 4252 1372 4321 surrexeris
1394 4267 1572 4316 mane,
1596 4252 1679 4306 vel
1702 4268 1807 4321 qua
1831 4254 1962 4329 bora

395 4332 490 4386 tibi
531 4334 837 4403 permiserit
871 4345 1110 4407 tempus,
1140 4339 1227 4394 dic
1268 4340 1464 4393 iterum
1504 4342 1664 4396 tertio
1701 4342 1874 4408 Deus,
1904 4352 1966 4398 ut

392 4437 582 4490 supra,
614 4422 800 4479 deinde
830 4425 1138 4481 Orationem
1177 4427 1508 4483 Dominicam
1543 4449 1554 4483 :
1588 4446 1693 4500 qua
1730 4432 1960 4502 expleta,

393 4514 483 4568 dic
502 4554 518 4577 ,
550 4512 690 4569 Deus
722 4532 865 4571 meus
905 4529 953 4571 et
985 4518 1122 4573 Deus
1157 4537 1330 4587 meus,
1362 4538 1601 4593 exsurge,
1638 4525 1830 4594 adjuva
1858 4542 1957 4592 me,

389 4604 623 4676 intellige
647 4606 925 4662 clamorem
952 4626 1152 4676 meum,
1185 4629 1342 4683 quam
1370 4615 1438 4666 ad
1469 4625 1516 4669 te
1545 4632 1635 4668 oro
1671 4632 1843 4681 mane,
1871 4633 1962 4670 ea:-

393 4695 523 4748 audi
572 4712 745 4750 vocem
791 4714 995 4763 meam,
1042 4718 1194 4771 surge
1246 4711 1293 4755 et
1342 4703 1548 4757 intende
1596 4706 1650 4756 in
1696 4705 1960 4773 judicium

390 4802 601 4850 meum,
652 4797 706 4840 ut
748 4789 820 4842 sis
868 4789 1021 4843 hodie
1064 4808 1290 4859 pra’sens
1337 4792 1389 4844 in
1434 4810 1593 4846 causa
1634 4809 1778 4858 mea,
1821 4792 1961 4847 Deus

390 4892 560 4930 meus.
586 4877 652 4932 Et
680 4879 805 4947 quid
832 4880 1016 4949 plura,
1042 4880 1152 4934 ﬁli?
1183 4881 1419 4952 Surgens
1454 4883 1631 4937 calcca
1650 4892 1733 4947 te,
1761 4891 1820 4938 ut
1843 4899 1961 4939 mos

389 4974 512 5031 est,
551 4983 679 5037 pam
718 4978 769 5023 te
810 4969 862 5023 in
905 4973 1293 5041 prmparatione
1334 4973 1607 5042 Evangelii
1647 4975 1815 5043 pacis.
1858 4973 1960 5030 De-

389 5067 554 5112 canta
594 5060 756 5115 horas
790 5062 1112 5128 canonieas,
1154 5061 1361 5131 comple
1399 5062 1632 5117 cilicium
1673 5070 1853 5131 tuum,
1902 5072 1963 5118 ut

389 5149 655 5217 scriptum
701 5159 785 5204 est
827 5169 841 5204 :
880 5149 1078 5220 Septies
1119 5153 1173 5205 in
1211 5152 1294 5205 die
1333 5151 1539 5206 laudent
1578 5152 1687 5205 dimi
1721 5152 1831 5205 tibi.
1865 5152 1962 5209 Dic

387 5253 492 5307 per
517 5239 692 5292 omnis
713 5241 1119 5308 praeparationis
1145 5251 1261 5297 tuas
1290 5245 1570 5313 capitulas,
1602 5247 1741 5301 sicut
1770 5249 1961 5304 melius

387 5329 573 5394 nosti,
601 5329 685 5383 vel
722 5332 861 5385 sicut
889 5332 1178 5388 inveneris.
1225 5333 1513 5405 Complctis
1557 5345 1615 5390 ut
1650 5353 1842 5407 supra,
1875 5339 1960 5394 die

386 5422 668 5476 orationes
696 5437 791 5491 per
818 5424 1176 5493 proprietates
1212 5424 1468 5480 horarum
1489 5466 1504 5490 ,
1535 5435 1588 5480 et
1625 5435 1753 5482 tunc
1778 5428 1833 5481 in
1862 5443 1958 5480 no-

387 5513 540 5567 mine
561 5512 653 5569 Dei
682 5514 875 5569 summi
901 5514 1157 5586 egredere
1178 5516 1233 5569 in
1258 5515 1475 5570 servitio
1500 5518 1591 5573 tibi
1618 5501 1962 5574 accrescente.

387 5604 697 5674 temporali,
730 5614 822 5660 aut
852 5606 993 5677 quod
1018 5608 1245 5663 domnus
1272 5615 1326 5661 et
1353 5608 1562 5679 genitor
1593 5620 1714 5665 tuus
1736 5609 1958 5681 jusserit

381 5692 479 5758 B.,
501 5705 594 5749 aut
617 5698 800 5752 senior
822 5698 1451 5769 praeceperitl‘aciendum
1483 5699 1570 5768 K.,
1603 5702 1674 5756 ita
1706 5708 1882 5756 tamen
1911 5699 1957 5756 si

389 5789 537 5843 Deus
561 5791 881 5860 peritiiserit.

2065 3343 2518 3399 commilitonibus
2548 3342 2686 3398 infra
2727 3342 2904 3397 aulam
2931 3343 3163 3414 regalem
3190 3351 3353 3413 atque
3376 3344 3631 3414 imperia-

2062 3433 2198 3499 lem,
2227 3434 2311 3489 vel
2340 3433 2535 3504 ubique
2571 3433 2717 3488 utilis
2750 3435 3010 3489 merearis
3042 3449 3162 3489 esse
3197 3435 3449 3499 servitor,
3477 3435 3635 3500 time,

2062 3540 2215 3589 ama,
2247 3539 2444 3579 venera
2466 3565 2479 3588 ,
2507 3532 2562 3579 et
2598 3524 2759 3593 dilige
2796 3540 2919 3589 eos,
2947 3534 3109 3595 atque
3148 3525 3202 3580 in
3240 3526 3385 3583 omni
3414 3526 3633 3596 negotio

2062 3612 2350 3666 utilitatum
2380 3613 2588 3668 illorum
2614 3630 2806 3684 parum
2838 3622 2893 3669 et
2918 3624 3098 3685 aptum
3125 3630 3246 3669 cum
3277 3616 3633 3671 exsecutioni-

2062 3703 2162 3758 bus
2192 3702 2466 3768 ﬁdelitate,
2491 3712 2599 3758 tam
2627 3714 2804 3759 mente
2828 3721 2987 3774 quam
3014 3720 3257 3774 corpore,
3287 3713 3497 3761 certum
3524 3706 3634 3761 illis

2061 3792 2308 3846 omnibus
2325 3808 2456 3863 para
2482 3793 2797 3862 obsequium
2818 3836 2832 3858 ,
2861 3803 2967 3850 etc.
2997 3794 3073 3848 Tu
3097 3811 3245 3865 ergo,
3274 3796 3350 3850 ﬁli
3378 3797 3467 3862 γη
3497 3797 3631 3853 item

2062 3881 2375 3953 obtempera
2396 3881 2586 3955 jugum
2617 3886 2633 3903 ‘
2664 3883 2974 3939 famulantis
2999 3901 3263 3951 normam,
3293 3887 3473 3957 sisque
3500 3888 3632 3944 ﬁde-

2063 3969 2129 4024 lis
2164 3972 2362 4025 seniori
2409 3980 2501 4028 tuo
2539 3973 2619 4053 Κ.1
2648 3973 2893 4043 quisquis
2935 3974 3025 4029 ille
3063 3986 3176 4042 est,
3216 3985 3271 4031 et
3303 3977 3416 4032 suis
3454 3978 3630 4049 dignis

2064 4072 2415 4133 utrorumque
2458 4080 2683 4120 sexuum
2720 4068 3033 4135 parentibus
3068 4077 3229 4138 atque
3256 4068 3510 4140 regalium
3537 4085 3635 4142 ge-

2064 4156 2209 4210 neris
2234 4157 2389 4219 ortis,
2418 4156 2513 4211 Est
2535 4158 2675 4211 enim
2706 4158 2924 4228 dignum
2950 4159 3023 4213 ita
3049 4173 3208 4228 agere
3236 4160 3351 4225 tibi,
3376 4168 3432 4216 et
3455 4161 3629 4217 omni.

2060 4247 2162 4301 bus
2193 4246 2245 4300 in
2279 4246 2488 4302 illorum
2519 4248 2666 4319 regni
2706 4249 2929 4318 imperio
2958 4249 3312 4306 militantibus
3346 4251 3472 4306 totis
3500 4251 3635 4307 nisi—

2061 4337 2163 4392 bus
2190 4344 2241 4391 te
2268 4337 2411 4391 inter
2437 4352 2531 4392 eos
2557 4338 2763 4393 utiliter
2788 4346 2950 4408 atque
2978 4337 3206 4394 ﬁdeliter
3232 4348 3359 4410 opto
3386 4340 3627 4396 servien-

2062 4426 2207 4480 dum.
2240 4426 2379 4481 Deus
2399 4428 2541 4482 enim
2570 4443 2682 4493 eos,
2707 4437 2768 4483 ut
2786 4429 3075 4493 credimus,
3101 4430 3261 4501 elegit
3283 4440 3339 4486 et
3358 4432 3637 4503 prmelegit

2065 4517 2117 4571 in
2149 4534 2333 4589 regno,
2362 4519 2496 4573 dans
2521 4518 2626 4573 illis
2648 4520 2871 4590 gloriam
2895 4522 2960 4576 ad
2984 4521 3125 4575 illam
3149 4521 3479 4588 tendentem,
3501 4539 3635 4579 con-

2064 4605 2288 4661 formem
2342 4607 2709 4664 similitudinis
2754 4625 2959 4679 magna:
2984 4650 3000 4675 ,
3040 4625 3201 4679 quam
3237 4610 3503 4679 pollicitus
3544 4619 3642 4666 est.

2060 4700 2353 4763 Abraham,
2376 4701 2549 4764 Isaac,
2571 4710 2623 4756 ct
2646 4700 2831 4766 Jacob,
2862 4701 3133 4772 prolisque
3159 4701 3332 4773 dignis
3354 4710 3409 4757 et
3436 4703 3639 4758 semini,

2060 4804 2244 4844 eorum
2274 4788 2434 4844 faciat
2473 4806 2568 4846 eos
2605 4790 2953 4861 Omnipotens
2979 4791 3181 4856 almus,
3220 4791 3443 4863 Rexque
3471 4792 3635 4848 fortis

2060 4889 2221 4951 atque
2258 4881 2566 4950 praeclarior
2592 4898 2833 4936 summus
2871 4880 3175 4937 conformes
3208 4892 3369 4952 atque
3405 4898 3628 4938 concor-

2060 4967 2190 5043 des,
2209 4976 2618 5047 genitorumque
2647 4991 2797 5031 more
2823 4991 3010 5047 pacem
3038 4986 3325 5046 sequentes
3352 4977 3456 5032 hoc
3485 4990 3635 5045 pra:-

2062 5066 2198 5120 senti
2225 5066 2277 5119 in
2307 5064 2526 5129 szeculo,
2548 5079 2834 5134 prosperos
2854 5065 3093 5136 fulgere,
3107 5065 3469 5135 mundumque
3498 5081 3635 5120 cum.

2060 5152 2254 5224 populo
2281 5153 2334 5207 in
2365 5153 2459 5207 Dei
2490 5163 2544 5208 et
2572 5162 2880 5208 sanctorum
2917 5155 3138 5210 servitio
3167 5155 3393 5209 viriliter
3415 5169 3637 5225 regere,

2059 5254 2376 5315 protegere,
2403 5242 2735 5313 gubernare,
2766 5253 2820 5299 et
2848 5246 2916 5300 ab
2942 5246 3177 5301 hostium
3202 5252 3257 5299 et
3283 5244 3635 5300 inimicorum.

2061 5337 2292 5406 undique
2327 5338 2722 5407 assurgentium
2760 5339 2944 5393 cuneis
2969 5348 3217 5402 tensare,
3247 5345 3406 5406 atque
3442 5337 3625 5392 defen-

2059 5430 2205 5493 dere,
2222 5436 2567 5498 sanctamque
2590 5428 2682 5484 Dei
2704 5430 2950 5487 videlicet
2970 5428 3266 5485 Ecclesiam
3288 5429 3341 5483 in
3366 5429 3626 5502 religione

2057 5537 2184 5575 vera
2216 5519 2423 5576 ﬁrmius
2448 5524 2751 5578 coadunare
2781 5522 2834 5577 in
2864 5523 3112 5587 Christo;
3143 5512 3465 5592 videamque
3490 5535 3621 5592 pro.—

2058 5612 2137 5667 les
2166 5610 2394 5666 ﬁliorum
2420 5627 2637 5667 suorum
2663 5613 2819 5683 digne
2846 5611 2955 5667 Deo
2975 5611 3267 5682 placentes,
3290 5618 3620 5678 crescentes,

2057 5704 2435 5775 ﬂorentesque,
2458 5714 2512 5760 et
2538 5720 2636 5775 per
2659 5705 2951 5762 multorum
2972 5721 3234 5763 annorum
3259 5684 3526 5773 curricula
3550 5705 3630 5762 ad

2061 5793 2165 5849 alta
2198 5794 2496 5860 tendentes,
2531 5804 2635 5850 ctc.
