4064 6190
1142 526 1256 582 XX.

870 616 954 672 Ad
989 618 1262 689 optimates
1297 618 1509 672 ducunt.

480 735 781 806 Optimates
804 732 999 788 ducum
1029 740 1084 788 et
1111 731 1450 787 consiliarios
1480 730 1726 797 illorum,
1764 732 1984 802 suisque

411 829 680 885 similibus
722 824 949 880 fideliter
989 823 1321 889 servientes,
1367 832 1539 879 totum
1583 825 1636 878 in
1674 834 1887 894 partes,
1932 833 1989 879 et

411 925 595 988 partes
622 922 935 986 perlatum,
960 900 1205 983 quisquis
1231 912 1319 967 ille
1342 922 1449 979 est,
1468 913 1554 968 vel
1579 921 1706 969 sunt
1726 913 1989 985 fulgentes

414 1009 470 1064 in
501 1008 655 1071 aula,
687 1022 841 1072 ama,
873 1004 1065 1077 dilige,
1090 1014 1146 1061 et
1183 1006 1325 1060 servi
1360 1004 1692 1076 frequenter.
1728 1006 1988 1076 Exempla

414 1096 736 1167 dignitatum
778 1095 993 1150 illorum
1029 1096 1282 1165 perquire
1319 1096 1616 1162 humiliter,
1653 1105 1708 1152 et
1736 1106 1860 1152 tene
1891 1097 1989 1153 flr-

414 1191 674 1247 missime.
720 1190 778 1245 In
819 1191 979 1247 domo
1012 1192 1211 1247 etenim
1240 1208 1467 1263 magna,
1504 1202 1564 1248 ut
1590 1204 1674 1249 est
1704 1195 1794 1250 illa
1814 1236 1829 1261 ,
1865 1195 1991 1251 fuit-

412 1294 552 1350 que,
589 1289 646 1336 et
681 1280 786 1336 erit
824 1288 978 1350 post,
1024 1281 1340 1339 collationes
1401 1283 1751 1339 conferuntur
1788 1287 1986 1342 multat.

417 1370 570 1428 Unus
598 1372 671 1428 ibi
701 1374 769 1429 ab
792 1371 899 1429 alio
921 1383 1119 1444 potest,
1141 1376 1186 1430 si
1214 1375 1348 1442 vult,
1372 1377 1582 1433 discere
1607 1378 1989 1447 humilitatem,

417 1466 762 1534 charitatem,
787 1468 1109 1531 castitatem,
1138 1469 1480 1539 patientiam,
1504 1472 1989 1536 mansuetudinem,

415 1557 761 1622 modestiam,
794 1560 1164 1624 sobrietatem,
1202 1562 1480 1630 astutiam,
1510 1573 1841 1635 craterasque
1869 1581 1990 1621 cum

415 1646 596 1701 studio
633 1648 814 1718 operis
853 1649 979 1703 boni
1013 1649 1261 1705 virtutes.
1300 1651 1378 1706 Tu
1418 1667 1581 1724 ergo,
1630 1662 1690 1708 ut
1733 1654 1993 1724 puerulus

415 1749 769 1801 accrescens,
811 1737 961 1793 disce
1000 1754 1030 1792 a
1070 1736 1363 1807 majoribus
1403 1756 1672 1812 sensuque
1702 1743 1993 1812 capacibus

415 1825 674 1895 quidquid
703 1826 904 1882 bonum
933 1828 1002 1884 ab
1040 1828 1145 1884 illis
1181 1830 1471 1887 auxiliante
1509 1833 1626 1903 capi
1653 1849 1875 1897 summo
1898 1851 1995 1907 po-

415 1915 549 1972 teris
572 1915 733 1983 almo,
766 1926 826 1972 ut
849 1919 1027 1987 possis
1049 1920 1160 1976 Deo
1188 1919 1243 1975 in
1270 1920 1459 1991 primis
1480 1922 1715 1992 placere,
1745 1933 1851 1983 etc.

1146 2049 1259 2105 LX.

486 2160 597 2219 Ora
624 2179 726 2234 pro
755 2162 1074 2234 parentibus
1110 2166 1371 2234 genitoris
1394 2166 1470 2221 tui
1488 2208 1504 2233 ,
1522 2142 1623 2238 'qui
1654 2168 1727 2224 illi
1755 2184 1843 2225 res
1871 2185 1997 2226 suas

416 2253 473 2309 In
498 2253 750 2325 legitima
769 2254 1096 2308 dimiserunt
1128 2248 1471 2319 hatreditate,
1501 2258 1594 2326 qui
1625 2256 1879 2323 fuissent,
1910 2257 1997 2313 vel

417 2360 649 2417 quorum
675 2346 896 2401 nomina
926 2347 1270 2416 in_capitulis
1294 2346 1454 2418 hujus
1477 2349 1643 2406 libelli
1681 2351 1735 2406 in
1775 2351 1880 2409 fine
1914 2353 1997 2409 in-

415 2435 603 2490 venies
625 2425 953 2505 conscripta.
988 2436 1058 2491 Et
1089 2437 1217 2493 licet
1248 2436 1529 2511 Scriptura
1555 2440 1732 2497 dicat:
1754 2441 1822 2498 In
1851 2443 1997 2500 bonis

416 2522 610 2578 alienis
633 2524 824 2594 gaudet
857 2524 995 2580 alius
1013 2566 1028 2591 ,
1058 2532 1238 2582 tamen
1265 2543 1486 2594 eorum,
1515 2536 1577 2583 ut
1600 2530 1855 2601 praedixi,
1887 2532 2000 2588 ha:-

418 2614 679 2670 reditates
704 2630 810 2670 non
839 2617 1108 2684 extranei,
1134 2617 1226 2673 sed
1254 2626 1376 2674 tuus
1402 2620 1643 2690 possidet
1673 2622 1924 2680 dominus
1945 2632 2000 2680 et

419 2711 576 2775 pater
610 2703 675 2759 Β.
708 2703 1060 2780 [Bernardus]
1094 2707 1149 2763 in
1190 2717 1397 2766 tantum
1439 2713 1581 2783 quod
1614 2713 1688 2769 illi
1732 2731 2002 2773 remanse-

419 2800 578 2859 runt,
614 2810 711 2850 ora
751 2796 855 2851 hoc
883 2797 1254 2867 possidentes,
1285 2816 1381 2856 ora
1417 2810 1478 2857 ut
1508 2807 1587 2859 eis
1611 2805 1797 2862 vivens
1830 2809 1999 2865 multo

340 2879 347 2885 ’
416 2883 620 2941 fruaris
654 2884 884 2942 feliciter
909 2896 1170 2960 tempore.
1209 2889 1386 2948 Credo
1421 2895 1564 2949 enim
1589 2897 1734 2966 quod
1766 2898 1812 2953 si
1840 2899 2000 2971 digne

418 2985 477 3032 ct
507 2976 790 3033 humiliter
818 2994 947 3050 erga
981 2992 1107 3035 eum
1131 2984 1431 3040 certaveris
1448 3027 1464 3051 ,
1490 2986 1640 3058 pium
1669 2989 1769 3045 tibi
1802 3006 1869 3045 ex
1896 2992 2001 3048 hoc

386 3140 396 3146 ἦ
421 3066 641 3137 augebit
661 3066 1051 3124 incrementum
1075 3069 1404 3142 frugalitatis
1414 3074 1734 3146 dignitatum
1755 3094 1997 3147 suarum,

1265 410 1562 466 DODANAE
1604 409 1756 465 SIVE
1792 407 2136 465 DUODENIE
2172 408 2375 465 LIBER
2411 411 2780 469 biAtVUALIS.

2012 527 2056 586 A
2085 523 2253 580 dorici
2294 527 2349 581 in
2388 525 2589 581 sinibus
2633 528 2889 594 Abrahtr,
2921 529 3077 597 Isaae
3123 542 3172 587 et
3205 531 3391 599 Iacob,
3429 544 3485 592 αι
3534 550 3654 589 cum

3549 418 3647 474 HG

2086 616 2197 671 dies
2234 617 2515 687 agnitionis
2551 627 2655 672 tute
2693 618 2916 685 venerit,
2952 621 3088 674 inter
3130 632 3337 677 sanctos
3374 632 3423 677 et
3468 622 3657 679 electos

2087 716 2204 762 tuos
2230 723 2347 762 eum
2371 709 2677 763 resuscitare
2702 711 2995 781 praecipias,
3024 728 3117 782 per
3143 712 3441 767 Dominum.

2162 907 2445 965 Missurum
2483 926 2719 981 namque
2757 918 2812 966 et
2838 910 3228 968 sacriﬁciorum
3265 913 3528 970 solemnia
3551 933 3659 973 non

2088 998 2260 1054 solum
2295 1016 2394 1070 pro
2431 1014 2527 1064 eo,
2567 1016 2753 1056 verum
2795 1001 2955 1058 etiam
2992 1016 3091 1072 pro
3125 1002 3376 1060 omnibus
3417 1003 3663 1063 fidelibus

2091 1090 2358 1147 defunctis
2387 1091 2696 1163 frequenter
2715 1092 2885 1151 facias
2903 1093 3104 1150 offerri.
3135 1096 3296 1152 Nulla
3314 1099 3458 1153 enim
3489 1102 3663 1159 oratio

2091 1179 2151 1234 in
2183 1181 2287 1236 hac
2319 1191 2473 1252 parte
2506 1183 2713 1249 melior,
2746 1200 2909 1255 quam
2952 1188 3340 1244 sacrificiorum
3384 1190 3658 1249 libamina.

2092 1269 2302 1325 Dicitur
2325 1273 2393 1327 de
2424 1272 2545 1328 viro
2581 1273 2876 1330 fortissimo
2899 1273 3037 1332 Juda
3074 1296 3088 1332 :
3121 1277 3317 1334 Sancta
3354 1290 3405 1335 et
3440 1282 3666 1341 salubris

2093 1369 2166 1413 est
2193 1362 2437 1431 cogitatio
2469 1380 2621 1419 orare
2656 1382 2753 1435 pro
2773 1369 3023 1434 mortuis,
3048 1379 3096 1423 et
3128 1387 3222 1439 pro
3247 1372 3322 1426 eis
3347 1375 3665 1443 sacriﬁcium

2093 1452 2299 1522 o/I‘erre,
2332 1463 2389 1508 ut
2422 1471 2455 1509 α
2481 1457 2707 1525 peccatis
2740 1457 3029 1514 solvantur.
3068 1459 3392 1530 Requiescat
3420 1462 3473 1518 in
3507 1480 3663 1536 pace.

2093 1542 2285 1600 Amen.
2998 1606 2999 1609 η

2759 1617 2983 1674 LXVIII.

2167 1702 2452 1770 Quadrans
2481 1706 2535 1760 in
2560 1714 2793 1776 quatuor
2814 1707 2927 1777 jam
2965 1710 3132 1768 habes
3161 1728 3331 1770 annos
3359 1730 3530 1788 usque
3552 1735 3669 1791 per-

2098 1793 2307 1850 ductos.
2354 1794 2412 1850 Si
2451 1795 2630 1865 proles
2660 1798 2929 1854 secundus
2967 1808 3048 1854 tot
3086 1809 3297 1872 tempus
3329 1806 3573 1875 haberet,
3611 1811 3667 1864 in

2020 1874 2068 1935 Β
2095 1886 2177 1940 sui
2206 1902 2493 1956 personam
2525 1887 2602 1942 illi
2639 1888 2802 1943 alium
2843 1892 3259 1949 transcriberem
3296 1896 3529 1953 libellum
3614 1911 3669 1958 et

2095 1975 2139 2029 si
2168 1983 2378 2031 tantum
2406 1985 2462 2030 et
2499 1977 2642 2033 aliud
2679 1987 2917 2045 tantum,
2954 1989 3011 2036 et
3043 1983 3278 2038 medium
3313 1985 3519 2042 dimidii
3551 1997 3670 2044 tan-

2096 2077 2244 2135 tum,
2273 2069 2328 2125 in
2366 2071 2521 2126 annis
2544 2071 2797 2139 volvens,
2827 2082 2886 2127 ut
2920 2075 3151 2145 speciem
3182 2093 3459 2134 cernerem
3490 2090 3668 2148 tuam,
3755 2150 3758 2153 Α

2095 2159 2319 2216 fortiora
2360 2161 2454 2216 tibi
2499 2161 2551 2216 in
2582 2163 2759 2217 verbis
2790 2164 3015 2233 prolixis
3044 2167 3371 2237 copularem.
3403 2169 3507 2226 Sed
3542 2175 3666 2243 quia

2097 2258 2308 2319 tempus
2346 2249 2687 2306 resolutionis
2726 2267 2833 2306 non
2865 2254 3043 2309 tardat
3076 2271 3163 2311 me
3196 2273 3373 2312 meum
3393 2299 3409 2325 ,
3437 2270 3492 2314 et
3522 2263 3671 2326 trari-

2097 2341 2226 2397 tudo
2269 2343 2638 2413 angustiarum
2688 2358 2884 2414 corpus
2930 2346 3166 2416 undique
3208 2350 3471 2417 conterit,
3508 2352 3671 2408 istum

2098 2433 2194 2488 tibi
2226 2441 2280 2489 et
2303 2432 2478 2497 fratri,
2509 2441 2569 2487 ut
2587 2433 2779 2503 prosit,
2804 2435 2946 2507 quod
2970 2436 3157 2506 collegi
3186 2437 3467 2508 festinans,
3494 2443 3673 2500 sciens

2098 2538 2186 2577 me
2211 2523 2280 2577 ad
2310 2530 2522 2592 tempus
2544 2524 2858 2594 praedictum
2887 2529 3169 2596 pervenire
3194 2545 3300 2586 non
3331 2548 3506 2602 posse,
3528 2536 3676 2591 velut

2098 2613 2411 2670 uncllifluum
2455 2623 2641 2685 potum
2688 2614 2978 2687 favumque
3023 2621 3341 2689 permistum
3390 2623 3446 2678 in
3492 2626 3674 2681 cibum

2099 2707 2212 2761 oris
2238 2692 2373 2762 utile
2397 2715 2581 2778 gustes
2610 2722 2823 2777 semper
2858 2710 3136 2773 adhortor.
3174 2710 3407 2784 Tempus
3441 2731 3677 2789 namque

2100 2811 2167 2850 ex
2197 2811 2303 2865 quo
2332 2796 2401 2851 ad
2428 2797 2725 2867 genitorem
2752 2808 2900 2853 tuum
2929 2802 3178 2871 perveni,
3216 2803 3300 2859 vel
3331 2813 3452 2859 tuus
3477 2821 3544 2861 ex
3573 2822 3673 2861 tto-

2100 2885 2186 2940 bis
2223 2886 2278 2941 in
2313 2887 2511 2944 saeculo
2549 2890 2814 2958 processit
2848 2898 3022 2946 status
3042 2932 3057 2956 ,
3084 2892 3337 2950 Kalendis
3364 2910 3675 2953 mensarum

2105 2974 2286 3048 [Leg.,
2328 2977 2736 3052 Decembrium]
2771 2988 2978 3045 cuncta.
3003 2981 3251 3038 feruntur
3286 2985 3339 3039 in
3382 2986 3556 3041 nobis.
3595 2986 3677 3043 Ex

2102 3067 2278 3137 primo
2311 3082 2543 3138 namque
2575 3069 2735 3138 hujus
2761 3070 2920 3126 versu
2943 3072 3105 3128 libelli
3142 3090 3312 3144 usque
3338 3074 3405 3130 ad
3432 3078 3678 3134 ultimam

418 3155 562 3212 sicut
594 3156 818 3214 cedente
856 3159 1008 3229 prius
1038 3160 1323 3218 clementia
1350 3166 1730 3237 omnipotentis
1755 3170 1850 3225 Dei
1878 3179 2001 3228 tuus
2027 3157 2345 3237 melli-idem
2398 3158 2658 3230 syllabam
2707 3169 2899 3217 (⁵³³³0⁸³
2950 3163 3045 3219 libi
3095 3165 3164 3219 ad
3213 3180 3439 3236 Densum
3488 3168 3680 3224 εθιυιῖε

420 3243 637 3314 genitor
663 3220 874 3315 aliquid
895 3248 1091 3304 exinde
1122 3250 1216 3305 tibi
1239 3251 1467 3323 jusserit
1495 3220 1727 3328 atati;
1744 3220 2000 3330 εἷλ’ἀὰᾆῖιῖ
2024 3220 2302 3319 θεὲτίνιε
2333 3220 2616 3322 caenosos
2644 3260 2703 3307 ει
2727 3253 2857 3323 quid
2884 3254 3081 3310 ibidem
3112 3220 3330 3327 seratur
3355 3259 3473 3328 lese
3497 3260 3676 3328 capita

420 3340 537 3388 tum
563 3332 801 3390 valueris
826 3352 925 3406 per
952 3338 1211 3409 ampliora
1234 3381 1250 3406 ,
1276 3350 1335 3395 ut
1372 3341 1447 3397 illi
1476 3360 1687 3402 merces
1726 3359 1997 3406 accrescat

2101 3355 2417 3407 versarunt,
2452 3350 2514 3395 ut
2540 3341 2607 3396 ad
2645 3357 2710 3397 ea
2745 3358 2868 3413 qua:
2900 3346 3091 3402 subtus
3115 3357 3434 3419 sequuntur,
3468 3349 3679 3406 facilius

419 3437 490 3480 ex
517 3438 705 3481 eorum
728 3426 1031 3494 animabus,
1059 3445 1289 3500 quorum
1317 3442 1511 3489 cuncta
1537 3434 1774 3492 fuerunt.
1802 3438 1880 3493 Ex
1910 3455 2002 3495 oc-

420 3518 799 3590 cupationibus
818 3521 963 3576 enim
993 3523 1176 3579 multis
1197 3524 1271 3579 illi
1296 3542 1399 3582 non
1422 3527 1548 3584 licet
1568 3529 1634 3585 ad
1661 3538 1891 3601 tempus.
1919 3531 2002 3587 Tu

418 3621 553 3662 vero
578 3607 705 3663 dum
732 3609 916 3675 vales,
951 3619 1007 3666 et
1038 3611 1312 3669 licentiam
1351 3616 1550 3682 habes,
1582 3634 1681 3688 pro
1718 3620 2000 3676 animabus

421 3710 613 3753 eorum
637 3698 843 3772 jugiter
871 3715 986 3757 ora.
1028 3703 1139 3759 Nec
1179 3704 1282 3760 hoc
1314 3709 1744 3776 prtetereundum
1774 3719 1875 3773 est,
1903 3711 1996 3774 fili,

422 3791 489 3847 de
515 3791 608 3848 illo
635 3795 726 3864 qui
758 3803 812 3850 te
844 3809 913 3850 ex
947 3796 1083 3852 meis
1110 3798 1413 3869 suscipiens
1445 3802 1699 3865 brachiis,
1731 3817 1829 3872 per
1855 3803 2002 3858 lava-

421 3896 576 3939 crum
604 3888 1030 3965 regenerationis
1060 3888 1229 3945 filium
1254 3891 1537 3961 adoptavit
1559 3893 1614 3947 in
1636 3893 1872 3951 Christo.
1895 3894 2004 3950 No-

424 3990 550 4033 men
588 3988 768 4035 autem
797 3978 915 4049 ejus
941 3981 1266 4052 appellatum
1300 3993 1400 4049 est,
1431 3985 1557 4040 dum
1584 3986 1736 4051 vixit,
1775 3988 2003 4043 domnus

427 4065 798 4126 Theudoricus
827 4084 852 4111 ι
889 4089 904 4126 :
936 4088 1081 4128 nunc
1107 4089 1239 4129 vero
1267 4076 1536 4144 quondam
1573 4078 1809 4133 nutritor
1837 4080 2000 4134 etiam

422 4169 587 4232 atque
623 4173 836 4218 amator
864 4173 987 4220 tuus
1015 4164 1193 4220 fuerat
1224 4165 1279 4220 in
1309 4168 1552 4233 cunctis,
1584 4168 1630 4222 si
1659 4169 1708 4224 ei
1738 4169 1996 4225 licuisset.

423 4254 676 4327 Suscepit
703 4273 847 4323 eum,
880 4267 940 4313 ut
976 4260 1265 4319 credimus.
1302 4259 1535 4316 Abrahzc
1566 4262 1736 4329 sinus,
1767 4272 1819 4317 te
1843 4264 1998 4334 quasi

419 4348 841 4421 primogenitum
871 4352 1152 4420 parvulum
1194 4352 1506 4421 relinquens
1548 4354 1600 4408 in
1646 4355 1872 4418 saeculo,
1905 4371 2001 4410 sua

423 4446 618 4493 cuncta
648 4438 849 4495 domno
877 4449 926 4496 et
958 4442 1157 4496 seniori
1184 4450 1387 4504 nostro,
1417 4453 1477 4498 ut
1499 4444 1753 4514 prodesse
1784 4446 1876 4500 tibi
1909 4462 2002 4500 va-

423 4524 629 4592 lerent,
658 4527 714 4582 in
744 4529 996 4583 omnibus
1030 4539 1427 4586 remanserunt.
1459 4532 1702 4588 Pluriora
1739 4541 1917 4589 autem
1946 4544 2001 4590 et

421 4616 676 4686 specialia
703 4632 829 4673 cum
858 4617 1128 4689 plurimis,
1155 4620 1208 4675 in
1238 4624 1541 4690 nocturnis,
1568 4625 1870 4691 matutinis,
1904 4642 1997 4682 ve-

418 4706 706 4777 spertinis,
734 4709 1053 4780 ueterisque
1082 4709 1229 4767 boris
1256 4728 1351 4782 per
1381 4714 1637 4791 horarum
1675 4726 1914 4788 tempora
1945 4726 2002 4773 et

420 4797 597 4868 spatia
632 4797 874 4854 locorum
916 4816 1014 4871 pro
1054 4802 1187 4872 ejus‘
1210 4804 1421 4860 delictis
1444 4846 1460 4872 ,
1497 4808 1541 4861 si
1577 4808 1778 4879 aliquid
1806 4811 2000 4882 injuste

418 4887 550 4959 egit,
582 4895 638 4943 et
662 4903 767 4943 non
796 4893 1079 4959 ptenituit,
1113 4894 1167 4949 in
1195 4905 1455 4966 quantum
1492 4898 1659 4965 vales,
1692 4917 1815 4956 cum
1844 4902 1999 4957 valde

417 4975 575 5032 bonis
620 4977 926 5047 pluraliter,
972 4981 1027 5037 in
1076 4994 1335 5053 quantum
1383 4997 1539 5058 potes
1582 5004 1680 5059 per
1724 4992 1998 5049 orationes

417 5077 728 5125 sanctorum
758 5073 1098 5129 sacerdotum
1120 5116 1134 5140 ,
1165 5085 1219 5130 et
1248 5078 1619 5150 eleemoSynas
1659 5081 1712 5136 in
1750 5085 1997 5155 pauperi-

418 5156 520 5214 bus
549 5161 842 5232 erogando,
871 5163 1099 5221 Domino
1126 5168 1451 5224 sacrificium
1481 5186 1579 5241 pro
1605 5188 1669 5227 eo
1693 5173 1887 5231 offerre
1905 5174 1997 5244 ju-

420 5246 550 5306 beas
570 5250 903 5324 frequenter.
929 5255 1063 5312 Cum
1088 5260 1230 5314 enim
1259 5276 1358 5331 pro
1380 5277 1447 5317 eo
1471 5264 1539 5317 ad
1569 5262 1854 5320 Dominum
1877 5275 1999 5324 tuas

421 5339 677 5401 eluderis
702 5362 926 5417 preces,
954 5351 1042 5406 dic
1075 5352 1490 5423 capitulationes
1533 5357 1626 5410 tali
1659 5359 1818 5413 modo
1854 5378 1867 5412 :
1902 5360 1999 5415 Re-

419 5435 591 5506 quiem
620 5448 865 5496 aeternam
882 5484 897 5509 ,
929 5452 1034 5499 etc.
1063 5445 1250 5500 Anima
1278 5447 1391 5516 ejus
1418 5447 1473 5501 in
1509 5448 1653 5504 bonis
1680 5450 1999 5519 demoretur,

425 5518 493 5578 In
517 5529 766 5582 memoria
790 5541 986 5587 teterna
1012 5534 1108 5587 erit
1129 5534 1330 5604 justus,
1352 5536 1435 5591 vel
1457 5537 1594 5592 sicut
1613 5539 1805 5595 melius
1836 5544 1997 5599 nosti.

420 5611 558 5670 Cum
588 5617 939 5686 compleveris
962 5623 1096 5691 hoc,
1128 5625 1218 5680 dic
1246 5625 1545 5682 orationem
1580 5646 1593 5683 :
1630 5626 1901 5684 Collocare
1924 5632 2003 5687 di-

420 5704 627 5778 gneris,
654 5705 909 5780 Domine,
936 5731 1124 5787 corpus
1154 5725 1203 5771 et
1231 5718 1464 5772 animam
1500 5718 1689 5790 famuli
1721 5725 1799 5776 tui
1826 5722 2001 5781 Theo-

2027 4577 2079 4638 D

2101 3430 2285 3487 valeas
2308 3432 2536 3503 ingredi.

2806 3525 2996 3582 LXXI.

2549 3614 2632 3668 Ad
2657 3631 2738 3669 me
2767 3632 3038 3671 recurrens
3062 3616 3232 3690 lugeo.

2173 3701 2254 3757 Ex
2280 3702 2434 3758 nimii
2461 3705 2664 3760 amoris
2686 3705 2968 3762 dulcedine
3000 3716 3055 3762 et
3087 3708 3354 3766 desiderio
3384 3711 3680 3783 pulchritu-

2103 3793 2244 3849 dinis
2273 3802 2377 3849 tua;
2397 3796 2768 3867 memetipsam
2794 3798 2949 3868 quasi
2977 3799 3202 3855 oblitam
3231 3811 3577 3873 postponens,
3593 3804 3679 3875 ja-

2102 3891 2226 3944 nuis
2237 3889 2436 3946 clausis
2454 3891 2599 3946 intus
2612 3892 2882 3947 interdum
2904 3894 3111 3966 ingredi
3136 3897 3400 3953 desidero.
3426 3896 3533 3954 Sed
3551 3900 3677 3969 quia

2103 3994 2204 4036 nec
2232 3982 2391 4052 digna
2415 3983 2468 4037 in
2493 3999 2718 4040 numero
2754 4001 2872 4041 sum
2900 3987 3199 4057 computari
3229 3989 3563 4059 praescripto,
3597 4000 3682 4045 ta-

2103 4088 2225 4128 men
2249 4088 2379 4145 rogo
2401 4082 2461 4128 ut
2481 4075 2796 4132 innumeros
2815 4079 3134 4135 numerabili
3151 4079 3342 4136 affectu
3364 4096 3463 4151 pro
3483 4083 3680 4138 animae

2104 4165 2341 4219 remedio
2376 4180 2509 4241 mete
2537 4182 2698 4222 orare
2734 4183 2840 4224 non
2886 4185 3085 4226 cesses.
3115 4172 3230 4237 W.,
3259 4171 3353 4227 tibi
3388 4188 3496 4229 non
3524 4174 3695 4241 latet,’

2102 4255 2338 4324 qualiter
2363 4232 2462 4328 pro
2489 4257 2894 4317 infirmitatibus
2922 4263 3056 4318 meis
3084 4264 3333 4329 assiduis,
3362 4274 3418 4320 et
3439 4281 3538 4337 pro
3563 4283 3680 4324 cer-

2104 4344 2173 4398 tis
2195 4360 2261 4399 ex
2289 4349 2487 4412 causis,
2513 4352 2806 4423 secundum
2833 4352 3111 4422 cujusdam
3144 4368 3445 4411 sermonem
3467 4360 3555 4427 qui
3580 4359 3680 4426 ait,

2102 4440 2347 4509 periculis
2380 4457 2448 4494 ea:
2479 4458 2694 4511 genere,
2729 4443 2974 4513 periculis
3014 4461 3079 4498 ea:
3114 4446 3375 4514 gentibus,
3417 4458 3524 4506 etc.
3554 4450 3680 4508 Haec

2104 4533 2282 4587 omnia
2304 4533 2388 4587 vel
2413 4541 2604 4589 caetera
2627 4535 2712 4589 bis
2736 4534 2930 4590 similia
2955 4552 3053 4607 pro
3077 4538 3211 4592 meis
3231 4542 3681 4610 praepedientibus

2107 4624 2315 4679 meritis
2344 4624 2396 4678 in
2435 4639 2555 4680 meo
2580 4625 2755 4696 fragili
2799 4627 3027 4681 sustinui
3077 4644 3326 4700 corpore.
3374 4630 3683 4688 Auxiliante

2104 4715 2304 4769 etenim
2345 4714 2456 4770 Deo
2493 4724 2549 4770 et
2581 4717 2774 4771 merito
2802 4718 3064 4788 genitoris
3093 4721 3168 4775 tui
3206 4721 3274 4776 de
3310 4723 3395 4779 his
3428 4725 3685 4780 orrmibus

2104 4806 2249 4860 evasi
2289 4805 2552 4873 fidenter;
2595 4807 2688 4861 sed
2724 4808 2779 4861 in
2814 4809 2911 4864 has
2946 4812 3251 4879 creptiones
3283 4815 3493 4878 animus
3526 4830 3681 4871 meus

2106 4896 2422 4963 reflectitur,
2463 4907 2518 4953 et
2552 4901 2943 4955 recurrentium
2986 4909 3225 4971 tempora
3255 4905 3436 4991 multis
3472 4905 3527 4959 in
3562 4906 3679 4962 lau-

2105 4988 2263 5045 dibus
2285 4990 2483 5046 divinis
2506 4992 2656 5062 pigra
2680 4994 2939 5060 remansi,
2965 5004 3020 5049 et
3047 4998 3191 5067 quod
3213 5013 3371 5070 agere
3398 4988 3555 5054 debui
3579 5016 3681 5071 per

2103 5079 2265 5135 horas
2291 5089 2570 5150 septenas,
2601 5091 2852 5153 septenas
2891 5095 3111 5156 septena
3141 5087 3407 5143 desidiosa
3447 5090 3593 5145 astiti
3622 5091 3678 5146 in

2104 5174 2331 5228 cunctis.
2370 5174 2578 5230 Idcirco
2605 5176 2829 5245 supplici
2856 5178 3051 5234 affectu
3080 5179 3205 5234 totis
3232 5178 3435 5235 viribus
3460 5196 3677 5252 precor,

2103 5272 2165 5318 ut
2187 5279 2286 5334 pro
2312 5265 2448 5319 meis
2472 5265 2692 5322 offensis
2717 5277 2880 5338 atque
2905 5269 3116 5327 delictis
3143 5269 3353 5326 Domini
3378 5272 3691 5327 misericor-

2104 5356 2248 5411 diam
2279 5355 2479 5427 jugiter
2512 5373 2744 5416 exorare
2770 5360 3040 5428 delectet,
3071 5350 3125 5418 et
3164 5377 3251 5418 me
3283 5362 3492 5417 allisam
3517 5371 3679 5432 atque

2102 5460 2375 5520 gravatam
2405 5452 2477 5515 ad
2504 5467 2727 5523 superos
2752 5454 2957 5525 erigere
2985 5456 3253 5525 dignetur.
3292 5456 3430 5515 Dum
3468 5473 3556 5513 me
3595 5456 3679 5511 vi.-

2101 5556 2224 5595 vam
2254 5542 2316 5597 in
2334 5542 2528 5597 saeculo
2556 5545 2824 5615 conspicis
2846 5545 2972 5611 isto,
2996 5546 3125 5617 vigil
3148 5547 3343 5604 affectu
3369 5549 3441 5604 ita
3468 5558 3680 5605 certare

2106 5634 2282 5700 stude,
2320 5650 2429 5689 non
2458 5633 2630 5689 solum
2658 5635 2711 5689 in
2736 5635 2935 5705 vigiliis
2960 5646 3015 5691 et
3041 5637 3399 5706 orationibus,
3430 5640 3524 5695 sed
3549 5639 3677 5695 etin

2100 5726 2461 5798 eleemosynis
2498 5738 2824 5797 pauperum;
2866 5736 2927 5782 ut
2964 5744 3033 5784 ex
3077 5729 3293 5788 vinculo
3328 5739 3676 5805 peccatoruu

494 5828 523 5862 ι
564 5817 930 5883 Theodoricus
968 5843 1040 5883 an
1071 5826 1241 5900 frater
1270 5827 1531 5888 Heccardt'
1568 5833 1804 5904 comitis,
1846 5800 1999 5911 ruitis
2036 5850 2397 5897 testamentum
2421 5841 2563 5913 apud
2589 5813 2905 5913 ferentum,
2934 5862 3056 5917 pag.
3086 5845 3179 5904 25.
