4064 6190
365 384 468 437 117

1019 383 1228 442 JONAS
1262 384 1805 444 AURELIANENSIS
1840 385 2230 442 EPISCOPUS.
2261 417 2327 426 —
2356 383 2876 446 PROLEGOMENA.

3482 394 3586 449 “3

366 511 610 553 meorum
638 495 991 567 corporaliter
1013 506 1218 568 erepta,
1244 513 1274 552 a
1297 498 1385 567 pio
1403 499 1590 554 Judice
1611 500 1698 570 pic
1719 515 1926 555 merear
1953 502 2004 562 Α
2026 499 2180 568 quasi
2210 509 2466 569 utrosque
2494 501 2652 555 simul
2681 503 2940 558 admoneo
2961 501 3295 577 coniunctos,
3329 514 3388 560 ut
3413 509 3586 563 sacri-

367 603 490 643 esse
513 588 565 641 in
591 587 839 642 omnibus
861 595 1094 656 recepta.
1124 587 1221 643 Est
1242 589 1375 643 mihi
1404 589 1560 644 modo
1585 606 1804 646 necesse
1834 598 1923 645 tua
1946 581 1956 590 ’

367 680 454 734 vel
479 679 706 733 aliorum
738 677 990 747 frequens
1016 679 1186 734 oratio
1224 698 1236 733 :
1269 681 1373 735 erit
1401 691 1582 749 postea
1609 680 1728 749 plus
1754 692 1807 736 et
1830 697 1925 752 per

365 769 618 838 amplius,
643 776 703 822 ut
721 769 914 833 credo,
946 769 1104 824 citius
1134 770 1204 824 ita
1233 784 1353 825 esse
1381 779 1623 825 ventura.
1652 771 1730 824 Ex
1760 772 1924 828 nimio

363 858 568 913 amoris
604 857 814 924 dolore,
841 860 970 929 quid
1009 861 1061 914 in
1099 859 1294 915 futuris
1331 860 1461 914 mihi
1495 862 1738 927 eveniat,
1772 862 1928 917 valde

364 961 518 1002 meus
555 946 792 1015 undique
815 949 1027 1004 animus
1051 949 1366 1014 discutitur;
1393 957 1448 1003 et
1469 949 1699 1018 qualiter
1725 950 1924 1004 valeam

365 1037 421 1090 in
451 1034 558 1090 [ine
588 1035 824 1098 liberari,
851 1037 1050 1090 incerta
1076 1051 1191 1089 sum
1220 1051 1288 1091 ex
1319 1038 1542 1091 meritis.
1571 1036 1776 1103 Quare?
1803 1039 1927 1107 quia

364 1127 586 1197 peccavi
611 1127 664 1180 in
698 1128 1020 1198 cogitatione
1049 1137 1103 1182 et
1124 1128 1411 1183 locutione.
1444 1130 1559 1198 Ipsa
1583 1139 1760 1184 autem
1787 1129 1930 1183 locu-

365 1217 440 1271 tio
478 1216 684 1270 inutilis
719 1216 786 1270 ad
831 1231 963 1284 opus
1006 1231 1228 1284 pravum
1276 1233 1443 1288 usque
1477 1220 1736 1288 pervenit.
1776 1217 1928 1273 Licet

364 1308 438 1362 ita
483 1307 628 1369 sint,
674 1307 740 1361 de
784 1305 879 1360 Dei
915 1307 1284 1364 misericordia
1318 1325 1587 1379 nunquam
1635 1311 1928 1379 desperans

270 1441 281 1452 .
361 1412 481 1462 eno,
509 1412 611 1453 nec
644 1411 783 1463 sum,
811 1411 906 1452 ero
939 1413 1040 1454 nec
1071 1415 1338 1469 unquam;
1379 1410 1517 1456 etut
1550 1403 1616 1457 ad
1646 1415 1928 1470 recupera-

363 1490 566 1542 tionem
593 1489 883 1558 aliquando
911 1492 1188 1558 pervenire
1217 1494 1437 1562 possim,
1467 1494 1669 1548 nullum
1701 1496 1928 1550 similem

363 1581 440 1634 tui
469 1582 814 1650 superstitem
845 1581 1112 1651 relinquo,
1142 1585 1230 1653 qui
1262 1585 1335 1638 ita
1366 1595 1538 1641 certet
1571 1587 1625 1640 in
1653 1601 1756 1650 me,
1789 1588 1929 1642 sicut

365 1678 446 1732 tu,
479 1678 536 1723 et
571 1669 722 1722 multi
751 1683 819 1723 ex
850 1678 920 1731 te,
958 1671 1153 1726 nobilis
1180 1688 1333 1742 puer,
1361 1690 1457 1744 pro
1495 1675 1815 1731 utilitatibus
1842 1677 1931 1731 do-

362 1759 496 1812 mini
535 1768 592 1813 et
624 1761 852 1815 senioris
888 1763 1022 1826 mei,
1054 1771 1115 1817 ut
1147 1779 1323 1820 meum
1360 1745 1486 1836 erga
1519 1767 1666 1821 illum
1707 1769 1758 1822 in
1793 1785 1928 1822 mar-

2024 587 2265 643 flciorum
2306 588 2560 642 libamina
2601 604 2721 644 cum
2758 591 3115 646 oblationibus
3155 593 3452 650 hostiarum
3488 611 3587 666 pro

2026 696 2112 736 me
2149 680 2460 750 frequenter
2491 680 2684 736 otl‘erre
2709 682 3030 753 dignemini,
3057 692 3162 740 etc.

2134 769 2276 824 Finit
2306 771 2388 824 hic
2413 769 2568 824 Liber
2589 771 2873 825 Manualis.
2906 774 3082 827 Amen.
3109 755 3222 829 Deo
3256 778 3471 846 gratias.

2394 861 2653 917 NOMINA
2686 861 3216 920 DEFUNCTORUM.

2096 951 2242 1018 Quos
2267 952 2334 1006 de
2358 952 2679 1021 quibusdam
2708 952 2980 1021 praedictis
3011 968 3170 1023 supra
3210 957 3588 1024 praetermissis

2026 1047 2271 1116 personis
2306 1048 2390 1101 his
2419 1047 2690 1102 breviatos
2725 1061 2987 1119 agnosce,
3019 1046 3071 1100 id
3106 1056 3231 1101 sunt
3256 1047 3588 1113 Willel'mus,

2026 1133 2404 1204 Cuhngundis,
2454 1134 2778 1206 Cariberga,
2823 1135 3181 1206 Withburgis,
3227 1135 3591 1194 Theodericus

2027 1223 2393 1290 Gothzelmus,
2418 1225 2772 1289 Guarnarius,
2798 1224 3091 1279 Rodlindis.
3115 1224 3253 1278 Sunt
3273 1240 3504 1292 namque
3521 1241 3596 1282 ex

2025 1318 2276 1387 praedicta
2320 1317 2664 1389 genealogia,
2703 1317 2814 1371 Deo
2853 1317 3174 1380 auxiliante,
3210 1313 3496 1385 iungentes
3535 1316 3596 1370 in

2027 1409 2240 1475 saeculo,
2253 1424 2481 1478 quorum
2502 1410 2712 1464 vocatio
2735 1409 2807 1462 illi
2832 1416 3010 1463 manet
3035 1423 3130 1478 per
3153 1415 3367 1471 cuncta,
3383 1405 3474 1474 qui
3497 1419 3596 1460 eos

2027 1500 2250 1564 creavit,
2278 1511 2338 1555 ut
2361 1501 2546 1556 voluit.
2576 1501 2715 1568 Quid
2741 1501 2795 1555 in
2822 1500 2907 1554 his
2937 1499 3198 1569 agendum
3221 1506 3323 1564 est,
3354 1496 3450 1562 ﬁli,
3484 1497 3592 1552 nisi

2028 1595 2208 1651 dicere
2235 1611 2356 1650 cum
2381 1595 2662 1650 Psalmista
2686 1612 2699 1648 :
2729 1593 2841 1650 Nos
2864 1593 2953 1663 qui
2977 1593 3219 1655 vivimus,
3244 1589 3590 1644 benedicimus

2028 1687 2328 1755 Dominum,
2359 1705 2423 1742 ea:
2441 1691 2547 1743 ,Itoc
2573 1705 2710 1743 nunc
2734 1698 2780 1742 et
2809 1704 2972 1758 usque
2999 1687 3052 1740 in
3076 1683 3344 1740 swculum.

2724 1792 2876 1832 ιτειι.

363 1848 516 1913 chis,
553 1848 638 1902 vel
674 1849 729 1902 in
768 1849 948 1904 multis
986 1850 1116 1905 locis
1157 1867 1260 1906 non
1302 1852 1582 1909 vilesceret
1617 1856 1926 1923 servitium;
1960 1871 2002 1928 Β
2099 1867 2354 1937 Quisquis
2391 1868 2458 1922 de
2495 1875 2581 1920 tua
2623 1867 2936 1937 migraverit
2967 1867 3164 1932 stirpe,
3201 1862 3342 1932 quod
3373 1877 3480 1917 non
3507 1871 3592 1917 est

364 1957 466 1996 nec
494 1957 524 1994 a
556 1949 637 2006 te,
667 1941 750 1995 vel
775 1957 805 1994 a
834 1958 921 1996 me
939 1983 952 2007 ,
982 1957 1038 1997 se
1062 1953 1390 2013 separasset,
1424 1947 1562 2001 sicut
1589 1962 1706 2003 mos
1733 1957 1844 2014 est,
1873 1951 1927 2004 in

364 2030 632 2099 aliquibus
661 2023 884 2084 multum
923 2048 1008 2087 me
1034 2034 1210 2088 sentio
1237 2035 1430 2089 debitis
1466 2045 1823 2106 aggravatam.
1854 2039 1930 2094 Dc

364 2119 555 2174 multis
592 2136 720 2175 vero
757 2122 1200 2185 necessitatibus,
1234 2139 1339 2179 non
1379 2125 1551 2180 solum
1588 2129 1653 2182 de
1676 2127 1933 2185 Christia-

365 2210 474 2274 nis,
502 2219 688 2264 verum‘
719 2211 878 2265 etiam
911 2211 977 2266 de
1005 2211 1221 2277 Judaeis,
1254 2214 1418 2268 multa
1442 2231 1507 2270 ex
1539 2207 1749 2271 illorum
1771 2219 1930 2275 rebus

365 2299 617 2355 manibus
642 2301 776 2356 meis
807 2301 1115 2370 frequenter
1144 2307 1318 2374 recepi
1351 2325 1364 2359 :
1392 2307 1445 2360 in
1477 2317 1734 2376 quantum
1763 2311 1931 2366 valuit

363 2388 606 2453 reddidi,
631 2397 686 2443 et
715 2390 766 2443 in
796 2399 1053 2460 quantum
1090 2399 1276 2462 potero
1307 2409 1517 2464 semper
1542 2397 1759 2451 reddam
1786 2399 1933 2453 dein-

362 2493 513 2548 ceps.
545 2478 696 2546 Quod
730 2481 772 2534 si
805 2477 925 2550 post
955 2495 1132 2536 meum
1158 2483 1450 2538 discessum
1492 2485 1689 2555 aliquid
1727 2503 1932 2542 reman-

363 2569 502 2622 serit
528 2570 594 2624 ad
619 2570 949 2636 solvendum,
980 2587 1108 2642 rogo
1136 2580 1191 2627 et
1219 2575 1474 2643 supplico,
1510 2583 1569 2629 ut
1594 2586 1648 2630 tu
1680 2577 1794 2646 ipse
1819 2579 1933 2633 dili-

361 2668 558 2727 genter
613 2661 865 2729 exquiras
905 2661 995 2730 qui
1035 2663 1143 2716 sint
1181 2663 1450 2719 debitores
1489 2666 1595 2719 mei
1637 2684 1650 2718 :
1686 2667 1776 2735 qui
1807 2682 1929 2721 cum

365 2751 571 2820 reperti
609 2750 834 2816 fuerint,
865 2768 967 2806 non
1005 2754 1174 2808 solum
1214 2771 1280 2810 ex
1323 2756 1664 2812 facultatibus
1688 2761 1857 2824 meis,
1884 2759 1931 2814 si

366 2843 748 2906 remanserint,
777 2839 958 2898 verum
982 2846 1143 2900 etiam
1173 2847 1237 2901 de
1269 2848 1375 2901 tuis
1408 2863 1526 2916 qua:
1553 2849 1732 2913 habes,
1765 2859 1819 2904 ct
1843 2851 1931 2905 ad-

365 2929 475 2984 huc
510 2929 619 2984 Deo
647 2931 930 3001 adjuvante
957 2933 1103 3001 juste
1137 2937 1482 3004 acquisieris,
1512 2947 1704 2993 cuncta
1742 2940 1793 2993 in
1821 2955 1932 2994 om-

364 3020 473 3075 bus
504 3019 674 3076 facias
711 3024 961 3092 persolvi.
999 3025 1134 3092 Quid
1157 3026 1363 3096 plura?
1392 3029 1466 3082 De
1505 3029 1670 3084 fratre
1706 3040 1793 3085 tuo
1831 3032 1929 3084 mi-

366 3112 520 3166 nimo
547 3114 674 3182 quid
696 3129 822 3183 erga
852 3115 1000 3170 illum
1027 3133 1186 3188 agere
1218 3119 1436 3185 debeas,
1465 3123 1715 3176 admonui
1743 3139 1927 3194 supra,

2029 1955 2171 2010 aliud
2201 1957 2304 2010 nisi
2335 1958 2388 2011 in
2421 1964 2681 2026 potestate
2710 1956 2836 2020 Dei,
2867 1956 3080 2024 quando
3100 1952 3354 2022 jusserit,
3383 1952 3496 2022 ipse
3523 1953 3595 2007 sit

2029 2046 2230 2101 militer
2258 2055 2313 2100 et
2343 2047 2408 2100 de
2445 2046 2659 2101 domino
2685 2045 2934 2100 Ariberto
2963 2057 2989 2085 ει
3025 2043 3288 2098 avunculo
3312 2050 3424 2108 tuo,
3456 2057 3589 2112 rogo

2029 2145 2087 2191 tu
2120 2136 2164 2190 si
2198 2145 2472 2206 superstes
2498 2135 2695 2200 fueris,
2722 2148 2913 2190 nomen
2941 2134 3080 2188 illius
3109 2147 3230 2188 cum
3263 2131 3594 2204 praescriptis.

2027 2227 2273 2296 personis
2301 2241 2461 2296 supra
2481 2225 2610 2295 jube
2634 2225 2916 2280 transcribi
2942 2221 3150 2278 orando
3171 2221 3339 2276 illum.

2697 2313 2903 2367 LXXII.

2098 2403 2230 2462 Cum
2261 2413 2436 2461 autem
2461 2412 2516 2460 et
2543 2420 2642 2476 ego
2665 2405 2777 2474 ipsa
2807 2405 2922 2459 dies
2943 2403 3172 2458 [inierim
3201 2415 3371 2466 meos,
3393 2413 3592 2454 nomen

2028 2513 2206 2552 meum
2243 2512 2364 2552 cum
2400 2497 2611 2557 illorum
2654 2495 2958 2550 nominibus
3003 2495 3130 2564 jube
3175 2490 3461 2546 transcribi
3507 2491 3594 2545 de-

2029 2587 2287 2642 functum.
2317 2588 2468 2654 Quod
2494 2587 2614 2642 volo
2641 2596 2697 2640 et
2724 2587 2874 2654 quasi
2903 2585 2970 2638 ad
2995 2598 3233 2654 praesens
3263 2582 3388 2636 totis
3409 2579 3594 2650 ﬂagito

2027 2678 2262 2742 nisibus,
2286 2686 2346 2730 ut
2373 2677 2424 2731 in
2451 2677 2568 2732 loco
2594 2677 2646 2730 in
2677 2691 2783 2744 quo
2813 2675 3004 2728 fuerim
3031 2673 3264 2742 sepulta,
3294 2685 3454 2740 super
3476 2670 3593 2738 ipso

2029 2777 2169 2824 tecto
2193 2768 2425 2838 sepulcri
2449 2768 2591 2837 quod
2623 2767 2892 2836 operuerit
2920 2780 3114 2834 corpus
3132 2804 3146 2828 ,
3172 2763 3270 2816 hos
3300 2759 3594 2816 versiculos

2022 2860 2150 2930 jube
2185 2859 2472 2914 transcribi
2503 2858 2781 2920 ﬁrmatim,
2817 2865 2876 2910 ut
2902 2861 3185 2911 cernentes
3220 2853 3394 2920 ipsum
3427 2850 3596 2918 epita-

2027 2950 2211 3018 phium
2239 2947 2490 3017 sepulcri,
2515 2962 2613 3016 pro
2643 2962 2728 3001 me
2761 2946 2974 3016 indigna
3002 2945 3186 3014 dignas
3219 2942 3283 2994 ad
3319 2939 3486 2992 Deum
3509 2935 3592 3004 ju-

2026 3039 2187 3092 beant
2217 3036 2435 3091 fuudere
2458 3051 2644 3105 preces
2667 3034 2704 3089 S
2737 3033 2774 3089 S
2805 3034 2862 3088 S.
2893 3031 2996 3087 Sed
3023 3040 3077 3086 et
3101 3032 3260 3086 istum
3289 3027 3587 3083 Manualem

2029 3143 2188 3197 quem
2225 3128 2388 3196 legis,
2427 3127 2516 3196 qui
2549 3126 2738 3196 legerit
2769 3140 3003 3194 unquam
3042 3123 3206 3176 verba
3239 3136 3358 3190 qua:
3403 3119 3593 3173 subtus

367 3203 637 3260 admoneo
663 3207 934 3276 deinceps.
968 3209 1079 3263 Hoc
1102 3226 1262 3281 rogo,
1287 3221 1346 3265 ut
1375 3214 1422 3266 si
1446 3215 1514 3267 ad
1548 3214 1598 3268 id
1627 3217 1931 3283 pervenerit
1956 3215 1998 3277 C
2031 3225 2341 3285 sequuntur.
2384 3217 2670 3270 meditetur
2707 3217 2848 3284 ipse,
2888 3223 2945 3270 et
2980 3231 3063 3269 me
3092 3214 3202 3282 jam
3249 3211 3402 3283 quasi
3447 3210 3593 3264 intus

367 3301 600 3364 tempus,
630 3305 686 3351 et
709 3297 824 3366 ipse
848 3313 945 3366 pro
975 3315 1058 3353 me
1085 3315 1306 3357 exorare
1331 3303 1594 3372 dignetur.
1627 3301 1744 3356 Jam
1782 3305 1924 3360 enim

2035 3309 2298 3363 reeiusam
2323 3308 2430 3362 Deo
2451 3309 2786 3363 commendet
2809 3307 3135 3363 solvendam.

351 3465 356 3472 α
441 3440 470 3468 ι
510 3428 814 3497 Heriberto,
855 3435 944 3504 qui
981 3445 1200 3488 ca’catus
1238 3447 1312 3489 est
1347 3455 1483 3491 (ιηηο
1519 3437 1656 3503 850,
1700 3455 1768 3493 ex
1806 3439 1924 3494 Vita
1962 3442 2214 3498 Ludovici
2254 3418 2377 3498 Pii:

368 3584 2379 3630 Μ

1089 3589 3276 3604 __________._.________.____________________.____
3319 3592 3346 3628 Η
3377 3587 3577 3635 κῖῖ

1615 3757 1684 3796 ΔΝ
1699 3757 1777 3797 N0
1825 3757 2050 3797 DOMINI
2094 3758 2382 3799 DCCCXLH
2395 3787 2407 3800 .

1606 3919 2337 4082 JONAS

985 4201 2092 4322 AURELIANENSIS
2173 4207 2972 4327 EPlSCOPUS.

1444 4482 1874 4562 NOTITIA
1932 4471 2529 4561 'BISTOBICA.

1677 4640 1769 4698 (Ex
1796 4639 1944 4690 Gallia
1967 4639 2278 4702 Christiana.)

437 4835 770 4905 Theodulphi
801 4847 1080 4889 successor
1099 4831 1263 4889 Jonas
1277 4833 1632 4887 monasticam
1650 4834 1892 4887 ordinem
1912 4873 1927 4893 ,
1954 4836 2005 4894 D
2031 4831 2318 4886 Parisiensi
2367 4829 2729 4885 interfuerunt
2769 4845 2910 4885 anno
2937 4833 3062 4887 829.
3096 4830 3426 4903 Subscrtpsit
3467 4849 3594 4903 par-

366 4926 423 4981 in
451 4925 756 4980 Miciacensi
782 4923 1045 4978 asceterio
1069 4937 1098 4975 a
1121 4936 1180 4976 se
1199 4923 1528 4984 restitutum,
1559 4922 1930 4977 inconvulsum

364 5028 491 5070 esse
516 5016 758 5083 cupiens,
780 5011 1041 5080 imperiali
1065 5010 1317 5066 Ludovici
1341 5010 1662 5065 auctoritate
1691 5025 1931 5065 commu-

363 5105 474 5161 niri
499 5105 705 5159 curavit
730 5103 1010 5174 privilegio
1029 5104 1152 5158 dato
1175 5117 1271 5157 xm
1296 5102 1561 5157 Kalendas
1610 5102 1806 5166 Martii,
1836 5117 1932 5155 an-

363 5210 438 5250 no
465 5193 718 5250 Ludovici
747 5193 833 5256 12,
867 5193 1157 5248 indictione
1206 5193 1259 5247 3.
1311 5192 1410 5246 Hic
1452 5201 1536 5248 est
1581 5208 1752 5247 annus
1804 5191 1971 5256 825,-

363 5300 478 5355 quo
499 5284 785 5347 conventui
814 5284 953 5352 apud
983 5283 1219 5338 Parisios
1243 5284 1309 5338 de
1331 5283 1474 5338 cultu
1500 5284 1790 5352 imaginum
1825 5284 1932 5336 Ka-

363 5374 540 5429 lendis
579 5371 896 5429 Novembris
923 5373 1106 5428 habito
1135 5371 1323 5438 adfuit,
1370 5372 1524 5441 cujus
1553 5379 1613 5427 ut
1640 5382 1760 5428 acta
1808 5371 1928 5427 dili-

364 5473 558 5536 genter
597 5473 924 5529 recenseret,
964 5465 1334 5533 recensitaqu
1375 5465 1612 5535 Eugenio
1649 5464 1692 5518 ll
1719 5479 1930 5520 summo

365 5553 608 5625 pontiﬁci
651 5555 873 5626 legenda
894 5555 1193 5622 exhiberet,
1222 5554 1429 5626 legatus
1453 5570 1484 5607 a
1518 5554 1788 5611 Ludovico
1813 5556 1927 5611 Au-

362 5651 526 5714 gusto
547 5660 668 5700 cum
693 5645 926 5701 Jercmia
962 5644 1259 5701 Senonensi
1299 5645 1706 5716 archiepiscopo
1734 5649 1930 5703 missus

364 5744 472 5792 est.
521 5737 855 5796 Reccnsetur
894 5739 1037 5795 inter
1077 5741 1356 5811 episcopos
1409 5742 1498 5811 qui
1547 5740 1701 5796 alteri
1729 5744 1930 5812 synodo

2031 4924 2164 4978 tioni
2204 4924 2468 4978 bonorum
2515 4923 2688 4977 sancti
2731 4921 2988 4993 Dionysii,
3031 4922 3188 4977 factm
3213 4937 3354 4978 anno
3382 4925 3488 4978 832
3523 4925 3592 4979 ab

2031 5013 2279 5069 Hilduino
2303 5012 2515 5067 abbate.
2541 5012 2598 5066 In
2619 5015 2823 5084 synodo
2843 5012 3140 5070 Senonensi
3159 5030 3300 5070 anno
3318 5015 3439 5078 835,
3465 5015 3593 5070 sub-

2032 5101 2246 5170 scripsit
2273 5101 2554 5172 privilegio
2596 5117 2694 5170 pro
2717 5105 2997 5158 monachis
3025 5103 3206 5160 Sancti
3235 5103 3460 5172 Remigii
3493 5103 3590 5158 Sec

2033 5193 2304 5247 nonensis.
2349 5192 2563 5263 Synodo
2594 5193 2895 5248 Theodonis
2919 5195 3058 5250 villa:
3102 5211 3242 5249 anno
3264 5193 3396 5257 855,
3417 5201 3472 5248 et
3497 5192 3590 5248 de-

2032 5285 2280 5356 p0sitioni
2312 5283 2510 5338 Ebonis
2534 5283 2856 5339 Rhemensis
2889 5285 3277 5354 archiepiscopi
3321 5282 3588 5337 interfuit.

2027 5377 2182 5431 Anno
2225 5374 2414 5429 eodem
2441 5390 2563 5428 cum
2606 5369 2828 5444 Hugone
2875 5375 3071 5429 comite
3117 5391 3148 5428 a
3185 5373 3458 5428 Ludovico
3490 5373 3590 5430 l‘io

2027 5467 2298 5534 delegatus
2321 5472 2404 5517 est
2428 5480 2482 5518 Ix
2501 5463 2766 5519 Kalendas
2782 5464 3082 5534 Septemb.,
3101 5464 3189 5533 qui
3220 5463 3585 5519 Floriacenses

2028 5557 2081 5612 in
2121 5555 2514 5626 possessionem
2560 5556 2794 5610 mitteret
2822 5553 2959 5608 villa:
3007 5553 3287 5618 Suncanti,
3325 5570 3484 5626 quam
3517 5555 3591 5608 ab

2029 5664 2129 5703 avo
2153 5661 2250 5701 suo
2276 5644 2498 5714 Pippine
2526 5645 2711 5699 iisdem
2736 5659 3044 5700 concessam
3086 5646 3346 5702 violenter
3374 5644 3584 5702 nobiles

2030 5742 2434 5806 usurpaverant.
2465 5732 2767 5790 Miciacensi
2791 5737 3115 5794 monasterio
3136 5736 3283 5794 Jonas
3309 5738 3374 5793 ad
3395 5750 3593 5809 preces
