4064 6190
485 383 586 436 ll!)

1511 373 1700 430 ΙΟΝᾸΞ
1741 370 2288 430 ΑΠΠΕΗᾹΝΕΝΞΙΞ
2325 370 2628 426 EPISCOPI

3610 371 3710 434 leo

482 498 778 554 Ludovicus
804 495 1076 565 Augustus
1109 491 1253 545 aliud
1275 491 1539 544 concessit
1563 488 1901 559 privilegium
1939 501 2029 539 xw
2059 491 2108 545 Α
2135 481 2444 537 defensione
2468 498 2741 539 sacrarum
2789 483 3101 554 imaginum,
3150 483 3400 540 Ludovici
3434 487 3512 542 Pii
3529 489 3706 565 jussu,

479 589 742 646 Kalendas
785 585 907 639 Maii
951 583 1076 637 anni
1115 580 1237 637 856.
1276 581 1618 634 Testamento
1644 579 1840 633 Aldrici
1867 576 2039 631 Ceno-

478 677 749 733 manensis
794 673 1026 744 episcopi
1073 672 1386 741 subscripsit
1427 686 1567 724 anno
1613 668 1740 733 837,
1785 666 2040 720 Kalendis

477 770 690 840 Aprilis,
717 769 769 821 iu
811 769 896 822 die
943 774 1128 821 sancto
1156 765 1396 829 Paschac,
1425 764 1715 817 indictione
1753 761 1838 814 15.
1879 759 2037 814 Anno

476 859 682 923 eodem,
699 858 872 927 pridie
891 857 1152 910 Kalendas
1165 856 1350 918 Maias,
1370 855 1505 924 apud
1523 853 1910 922 Aquisgranum
1928 851 2037 904 lato

475 949 528 1001 in
569 962 728 1002 causa
757 946 1150 1000 Anisolensium
1180 943 1562 998 monachorum
1607 941 1776 994 astitit
1810 938 2032 1006 judicio,

472 1047 529 1092 et
577 1053 675 1091 vni
727 1037 849 1090 ldus
887 1035 1220 1104 Septembris
1265 1033 1462 1102 placito
1509 1033 1650 1100 apud
1699 1029 2034 1085 Carisiacum

471 1127 658 1182 eadem
691 1125 759 1180 de
805 1141 865 1179 re
909 1126 1111 1180 habito.
1153 1123 1380 1177 Exstant
1423 1123 1563 1191 apud
1595 1121 1870 1174 Baluzium
1918 1121 2037 1176 dua:

471 1215 810 1287 imperatoris
831 1215 896 1268 ad
917 1213 1104 1268 Jonam
1127 1213 1388 1283 epistolae,
1407 1220 1634 1281 utraque
1663 1212 1866 1279 absque
1889 1213 2030 1276 data,

472 1322 698 1376 quarum
733 1307 906 1376 prima
952 1307 1094 1360 hunc
1113 1313 1168 1359 et
1203 1304 1490 1359 Ilcnricum
1520 1303 1768 1357 abbatem
1790 1303 2036 1356 commit-

471 1400 562 1462 tit,
599 1406 772 1452 utres
810 1397 1201 1452 ecclesiasticas
1227 1412 1255 1449 a
1286 1394 1560 1449 monachis
1596 1393 1777 1449 Sancti
1821 1393 2032 1448 Carilefi

473 1489 680 1544 ablatas
724 1490 1012 1544 restituere
1057 1488 1286 1554 faciant;
1338 1487 1528 1551 altera,
1555 1503 1675 1556 qua:
1698 1486 2031 1541 Carisiacum

469 1580 722 1651 placitum
765 1579 944 1634 forsan
973 1579 1266 1648 praecessit,
1297 1579 1514 1633 eosdem
1544 1579 1739 1632 missos
1761 1593 1889 1631 suos
1913 1592 2032 1631 esse

467 1671 601 1734 vult,
637 1678 696 1723 ut
731 1669 1020 1723 monachos
1072 1677 1126 1722 et
1171 1669 1498 1722 monasterio
1555 1683 1802 1738 egressos
1855 1667 2033 1722 redire

468 1758 810 1826 compellant,
839 1765 1180 1812 contumaces
1201 1773 1328 1811 vero
1349 1757 1415 1810 ad
1441 1757 1742 1826 proximum
1769 1756 2026 1810 Carisiaci

2138 575 2501 640 elucubravit,
2532 591 2666 646 quos
2699 576 2890 630 Carolo
2910 577 3023 646 ejus
3055 576 3163 633 lilio
3208 581 3535 647 nuncupavit
3561 562 3709 640 anno

2137 670 2264 734 8-10,
2292 685 2321 723 a
2367 686 2472 740 quo
2497 670 2954 724 conﬁrmationem
2984 661 3247 725 terrarum
3297 674 3552 731 Ecclesiae
3594 679 3702 733 Au.

2137 759 2450 815 reliancnsis
2469 761 2718 815 obtinuit.
2738 759 2986 829 Scripsit,
3012 763 3077 815 ad
3105 779 3292 831 preces
3311 763 3552 832 ejusdem
3583 768 3692 822 Lu-

2137 849 2332 915 dovici,
2383 850 2576 904 librum
2629 850 2891 906 deCruce
2932 851 3142 905 Domini
3193 855 3486 921 adoranda,
3537 875 3699 928 quem

2137 938 2365 994 Claudio
2397 940 2711 994 Taurinensi
2756 940 3003 1008 episcopo
3027 941 3193 1005 misit,
3216 957 3352 1011 opus
3393 945 3533 1000 idem
3561 948 3702 1005 forte

2136 1043 2201 1082 ac
2248 1030 2418 1098 prius.
2469 1029 2602 1083 Tres
2628 1029 2756 1083 item
2789 1029 2953 1083 libros
2981 1029 3047 1083 de
3080 1029 3419 1087 Institutione
3462 1035 3703 1093 clericali

2134 1117 2394 1182 exaravit,
2420 1133 2555 1187 quos
2567 1119 2771 1187 primus
2790 1119 2843 1172 in
2866 1118 3039 1173 lucem
3060 1120 3225 1174 edidit
3243 1120 3302 1174 D.
3329 1122 3502 1178 Lucas
3523 1125 3698 1182 Ache-

2136 1207 2267 1272 rius,
2321 1209 2460 1262 sicut
2509 1218 2564 1262 et
2611 1209 2836 1263 alterum
2876 1210 3191 1280 opusculum
3244 1212 3310 1266 de
3360 1213 3704 1272 Institutione

2135 1299 2301 1369 regia.
2338 1299 2474 1354 Huic
2504 1315 2717 1370 quoque
2749 1301 2922 1355 Vitam
2949 1301 3121 1355 sancti
3146 1300 3369 1356 Iluberti
3399 1303 3706 1363 Leodiensis

2131 1389 2366 1459 episcopi
2411 1389 2602 1444 tribuit
2646 1390 2897 1444 Baluzius
2942 1389 2997 1444 in
3042 1391 3184 1444 notis
3231 1392 3299 1446 ad
3351 1392 3709 1463 Capitularia-

2131 1479 2274 1534 Obiit
2297 1479 2460 1536 Jonas
2505 1497 2647 1535 anno
2672 1481 2797 1544 845,
2827 1489 2951 1550 post
3005 1496 3175 1535 annos
3200 1481 3272 1535 22
3315 1483 3368 1537 in
3393 1484 3706 1555 episcopatu

2131 1581 2371 1627 exactos.
2401 1573 2670 1643 Epitaphii
2700 1573 2822 1628 loco
2845 1573 2951 1627 sint
2993 1573 3046 1626 hi
3073 1575 3262 1629 versus
3299 1575 3554 1642 Bertoldi,
3586 1593 3692 1633 mo-

2131 1663 2288 1716 nachi
2362 1661 2721 1736 Miciacensjs,
2792 1661 2940 1716 Jona:
3001 1661 3231 1718 dicantis
3291 1665 3468 1720 Vitam
3529 1668 3697 1722 sancti

2133 1754 2428 1819 Maximini,
2465 1754 2618 1822 cujus
2654 1754 2908 1823 reliquias
2954 1770 2984 1809 e
3041 1755 3158 1809 loco
3191 1756 3478 1824 sepulcrali
3526 1757 3696 1812 elatas

465 1847 718 1916 placitum
767 1847 968 1900 venire.
1023 1845 1170 1900 Jona:
1198 1862 1318 1900 cum
1368 1847 1523 1900 laude
1570 1847 1812 1900 meminit
1846 1847 2026 1914 Lupus
2055 1833 2100 1891 Β
2130 1847 2195 1899 ad
2227 1846 2398 1899 locum
2423 1845 2513 1899 ubi
2545 1860 2686 1899 nunc
2713 1845 2963 1899 coluntur
2993 1846 3259 1901 detulerat
3285 1846 3468 1913 Jonas,
3497 1856 3694 1917 tempo-

465 1936 832 1991 Ferrariensis
855 1937 1045 2002 abbas,
1077 1936 1232 2005 eique
1258 1937 1445 1990 scribit
1477 1937 1731 2005 epistolas
1769 1937 1858 2003 21,
1885 1937 1952 1990 27
1979 1946 2034 1992 et

463 2030 553 2084 28.
603 2029 660 2082 In
702 2028 869 2098 priori
901 2036 1076 2081 tamen
1102 2029 1313 2083 videtur
1356 2043 1477 2082 eum
1533 2029 1838 2096 vituperare
1888 2028 2029 2096 quod

465 2119 749 2190 propinqui
789 2119 871 2174 sui
910 2119 1052 2188 Agii,
1082 2135 1241 2188 quem
1267 2119 1557 2174 verisimile
1599 2128 1682 2175 est
1722 2119 1835 2187 ejus
1865 2119 2032 2174 fuisse

465 2226 854 2275 successorem,
904 2213 1250 2279 rapacitatem
1299 2227 1402 2264 non
1442 2221 1823 2279 compesceret.
1864 2211 2031 2265 Adre-

462 2299 652 2354 valdus
697 2299 1055 2353 Floriacensis
1081 2299 1146 2352 de
1195 2298 1465 2354 Miraculis
1512 2301 1683 2354 saucii
1734 2300 2026 2362 Benedicti,

464 2388 556 2443 lib.
581 2405 620 2454 ι,
645 2403 746 2460 cap
770 2389 859 2454 25,
891 2390 1081 2443 recitat
1113 2389 1257 2444 litem
1307 2391 1448 2444 inter
1490 2392 1776 2445 advocatos
1799 2391 2027 2446 Floriaci

463 2489 518 2534 et
545 2479 725 2534 Sancti
755 2480 990 2550 Dionysii
1027 2481 1346 2544 institutam,
1380 2481 1531 2550 cujus
1561 2482 1871 2536 dirimenda:
1900 2498 2022 2552 gra-

467 2571 538 2624 tia
588 2569 736 2624 missi
790 2569 939 2623 fuere
970 2569 1133 2624 Jonas
1184 2570 1377 2639 praesul
1420 2580 1474 2624 et
1523 2570 1756 2625 Donatus
1802 2571 2022 2624 Miletiu-

463 2666 644 2720 nensis
692 2680 891 2731 comes,
929 2681 1062 2734 quos
1101 2665 1308 2735 judices
1355 2665 1488 2735 legis
1539 2664 1729 2719 Saliczc
1767 2664 2018 2734 appellat.

463 2753 690 2822 Scriptis
735 2769 948 2823 quoque
983 2753 1161 2807 clarus
1211 2752 1310 2807 fuit
1353 2753 1546 2819 Jonas;
1589 2769 1710 2808 nam
1763 2755 2021 2808 adversus

461 2841 738 2897 Claudium
769 2844 1080 2913 episcopum
1128 2843 1513 2898 Taurincnsem
1559 2851 1668 2898 tres
1711 2843 1879 2898 libros
1921 2858 2020 2912 pro

2129 1935 2278 1990 ribus
2299 1935 2552 1991 Ludovici
2577 1936 2918 2005 imperatoris
2945 1952 2960 1989 :

2251 2115 2455 2186 Ingenio
2474 2116 2737 2186 siquidem
2763 2116 2926 2186 calles,
2968 2118 3228 2186 sepliiaque
3253 2119 3509 2186 redundas,

2315 2178 2568 2240 Ambrosio
2594 2178 2804 2237 prudens
2829 2179 3123 2240 eloquioque
3150 2183 3294 2228 nites.

2254 2240 2392 2302 Alter
2413 2239 2651 2302 Homerus
2674 2243 2800 2302 enim
2823 2250 2988 2288 nostro
3009 2243 3099 2297 jam
3124 2241 3298 2289 diceris
3321 2255 3447 2302 zevo,

2327 2299 2402 2346 list
2429 2302 2497 2347 via
2521 2302 2596 2347 Ctti
2623 2299 2744 2345 fandi
2772 2301 2968 2348 Publius
2992 2305 3094 2360 ipse
3120 2302 3266 2350 Maro.

2268 2361 2480 2425 Mgribus
2503 2374 2557 2407 es
2577 2369 2758 2425 gratus,
2783 2362 2898 2425 nulli
2927 2364 3103 2420 pietate
3127 2365 3385 2425 secundus,

2311 2419 2373 2469 Et
2401 2422 2531 2470 vultu
2556 2419 2786 2482 placidus,
2806 2419 3114 2484 alloquioque
3139 2430 3312 2482 graxis.

2192 2569 2496 2624 Ludovicus
2545 2568 2743 2624 Cavalli
2793 2572 2846 2624 iu
2893 2571 3108 2642 Syllabo
3156 2573 3434 2630 auctorum
3487 2577 3684 2646 quibus

2121 2675 2252 2715 usus
2293 2661 2453 2716 estin
2488 2663 2860 2729 componenda
2889 2661 3058 2717 Janua
3085 2663 3376 2729 Musarum,
3417 2665 3496 2719 ait
3524 2667 3695 2720 Vara-

2123 2753 2273 2804 nium
2323 2750 2606 2819 scripsisse
2631 2752 2868 2807 carmine
2896 2753 3315 2830 heroico'Vitam
3343 2754 3491 2811 Jouaa
3517 2754 3694 2810 Aure-

2123 2843 2400 2898 lianensis.

466 3004 3680 3029 mm

1499 3148 1927 3225 NOTITIA

2007 3148 2648 3227 LITTEBABIA.

1455 3325 1615 3390 (Apud
1641 3327 1936 3409 Fabricium,
1960 3325 2189 3375 Bibliotb.
2214 3325 2342 3374 med.
2366 3331 2419 3375 et
2444 3325 2527 3375 inf.
2553 3327 2681 3386 Lat.)

530 3543 694 3600 Jonas
723 3544 1004 3613 episcopus
1028 3540 1096 3596 ab
1122 3557 1209 3594 an.
1234 3539 1328 3596 821
1351 3539 1425 3612 (a)
1441 3549 1561 3610 post
1583 3541 2011 3610 Theodulphum,
2043 3545 2087 3606 C
2120 3539 2285 3594 Deum
2308 3538 2568 3609 ﬂagitare,
2613 3553 2732 3608 quae
2755 3539 2832 3593 uti
2857 3538 3083 3594 aliorum
3120 3548 3428 3597 sanctorum
3458 3559 3558 3600 nec
3587 3561 3684 3602 ne-

460 3647 628 3699 usque
654 3631 719 3684 ad
755 3647 841 3683 an.
882 3628 1004 3693 845,
1033 3628 1451 3692 Aurelianensis,
1493 3629 1655 3683 variis
1683 3629 1925 3684 conciliis
1963 3638 2018 3682 et

459 3724 749 3780 I’arisiensi
789 3738 876 3776 an.
900 3721 1002 3775 824
1033 3720 1295 3784 interfuit,
1328 3729 1380 3777 et
1410 3736 1498 3773 an.
1525 3719 1626 3774 840
1655 3719 1846 3775 Carolo
1878 3721 2014 3789 regi,

459 3817 712 3873 Ludovici
743 3815 870 3879 ﬁlio,
909 3815 1104 3870 obtulit
1127 3814 1292 3868 libros
1314 3829 1372 3867 Ill
1401 3813 1657 3868 adversus
1677 3812 1882 3867 Claudii
1909 3813 2016 3881 epi-

461 3908 607 3978 scopi
629 3906 994 3970 Taurinensis,
1019 3903 1132 3973 jam
1161 3904 1395 3959 defuncti
1423 3902 1496 3974 (ὑ)
1523 3919 1656 3973 Opus
1683 3903 1849 3957 cultui
1875 3903 2014 3956 ima-

460 4001 642 4067 ginum
685 3997 1010 4067 oppositum,
1058 4003 1307 4064 excerpta
1341 3992 1454 4060 ejus
1482 4002 1686 4047 tantum
1731 3993 1931 4047 vidisse
1959 4008 2016 4046 se

455 4095 700 4144 testatus.
760 4085 892 4154 Lupi
949 4083 1315 4139 Ferrariensis
1369 4097 1606 4138 censura:
1657 4097 1791 4150 Opus
1861 4097 2014 4135 suum

455 4174 704 4232 submisit
752 4172 936 4237 Jonas,
989 4172 1081 4240 qui
1124 4171 1256 4224 nihil
1297 4171 1350 4223 in
1403 4170 1492 4225 illo
1543 4170 1857 4225 mutandum
1895 4184 2016 4224 esse

454 4267 626 4321 duxit.
657 4265 783 4318 Vide
826 4263 1046 4333 Pagium
1083 4263 1149 4316 ad
1183 4278 1270 4315 an.
1304 4261 1426 4326 8‘25,
1453 4278 1507 4314 n.
1539 4262 1634 4324 l6;
1664 4269 1718 4315 et
1742 4261 2014 4316 Baluzium

454 4357 597 4412 notis
644 4357 710 4410 ad
736 4355 966 4423 Lupum,
1002 4369 1124 4423 pag.
1157 4353 1282 4417 555,
1332 4353 1425 4407 ubi
1473 4353 1638 4407 refert
1683 4355 1928 4407 manibus
1957 4369 2016 4408 se

454 4447 568 4502 suis
593 4453 852 4500 tractasse
898 4444 1314 4498 vetustissimum
1355 4451 1409 4496 et
1454 4442 1908 4511 elegantissimum
1953 4443 2016 4496 li-

455 4538 676 4592 brorum
703 4533 850 4589 Jonre
877 4532 1169 4600 exemplar,
1202 4532 1329 4586 illud
1378 4519 1548 4601 ipsum
1580 4531 1834 4586 nimirum
1874 4533 2013 4600 quod

453 4623 646 4678 Carolo
694 4622 857 4678 Calvo
911 4638 940 4676 a
974 4621 1108 4677 Jona
1155 4621 1390 4676 oblatum
1439 4630 1539 4675 est.
1577 4620 1700 4677 Ilaec
1728 4623 1906 4677 autem
1932 4631 2016 4677 est

455 4713 606 4769 Jona:
657 4714 919 4770 sententia
970 4712 1063 4784 (c),
1095 4729 1200 4768 non
1248 4712 1552 4767 idololatras
1595 4713 1868 4768 habendos
1905 4715 2015 4768 cul-

455 4814 602 4858 tores
643 4804 1038 4873 qualescunque
1077 4804 1395 4873 imaginum,
1432 4818 1554 4857 nam
1582 4812 1637 4856 et
1663 4818 1721 4858 se
1764 4804 1882 4858 illas
1920 4805 2014 4857 ad-

2129 3631 2300 3701 ganda
2345 3645 2445 3684 nec
2487 3631 2917 3701 parvipcndenda
2963 3631 3061 3696 sit;
3097 3647 3193 3686 nec
3218 3633 3476 3705 imagines
3502 3652 3690 3691 eorum

2125 3716 2417 3784 ejiciendas
2450 3719 2681 3788 templis,
2709 3720 2802 3774 sed
2829 3721 2895 3774 ad
2915 3729 3162 3775 ornatum
3191 3739 3254 3777 ac
3291 3726 3602 3780 memoriam
3633 3737 3689 3782 et

2119 3809 2474 3863 eruditionem
2526 3810 2760 3865 fidelium
2804 3813 3110 3866 servandas.
3160 3811 3414 3869 Prodiere
3455 3815 3508 3870 hi
3559 3816 3683 3872 libri

2119 3899 2349 3968 primum
2393 3899 2578 3954 Colon.
2635 3900 2770 3955 1554
2792 3942 2807 3966 ,
2843 3901 3034 3956 deinde
3065 3903 3119 3956 in
3159 3903 3692 3976 Ortbodoxographis

2120 3989 2362 4058 utrisque
2393 3990 2554 4044 Basil.
2603 3989 2772 4056 1555,
2822 4006 2944 4062 pag.
2977 3992 3141 4058 1199;
3190 4001 3244 4048 et
3269 4009 3335 4048 an
3375 3995 3529 4060 l569,
3561 4013 3684 4069 pag.

2118 4079 2287 4144 l526;
2327 4088 2440 4134 tum
2499 4080 2804 4150 Antuerpiaa
2863 4081 2998 4136 1565
3035 4083 3213 4146 in-lQ,
3270 4085 3684 4152 emendatiores,

2117 4169 2256 4238 apud
2305 4169 2615 4240 Christoph.
2666 4170 2971 4226 Plautinum
3015 4173 3253 4228 :deinde
3275 4175 3327 4228 in
3359 4176 3683 4232 editionibus

2113 4259 2455 4318 Bibliotheca:
2484 4263 2701 4318 Patrum
2749 4265 3017 4327 omnibus,
3064 4266 3487 4334 Parisiensibus,
3519 4270 3669 4325 Colo-

2115 4355 2307 4418 niensi,
2333 4365 2476 4411 torno
2510 4357 2600 4420 IX,
2641 4358 2801 4412 etiam
2828 4358 3118 4413 novissima
3147 4359 3510 4431 Lugdunensi,
3541 4373 3672 4418 tom.

2117 4443 2258 4509 XIV,
2289 4460 2408 4515 pag.
2445 4446 2564 4500 l67.
2609 4448 2685 4501 De
2717 4447 2835 4502 aliis
2861 4447 3066 4502 duobus
3092 4447 3298 4504 Claudii
3323 4450 3672 4508 Taurinensis

2113 4535 2455 4598 adversariis,
2495 4537 2731 4607 Dungalo
2775 4545 2830 4592 et
2875 4537 3231 4593 Theodomiro
3279 4539 3493 4608 abbate,
3533 4543 3675 4598 sicut

2113 4626 2178 4677 de
2201 4623 2423 4679 Claudio
2453 4625 2565 4694 ipso
2596 4642 2827 4696 quoque,
2850 4627 3050 4680 dictum
3074 4643 3170 4681 suo
3198 4628 3340 4684 loco.
3686 4644 3688 4647 '

2191 4711 2338 4766 Libri
2365 4729 2424 4767 ιη
2459 4715 2524 4768 de
2570 4713 2908 4769 Institutione
2952 4715 3203 4770 (uicorum
3235 4719 3302 4772 ad
3342 4719 3679 4784 Matfredunt,

2113 4801 2552 4860 Aurelianensem
2594 4807 2874 4872 comitem,
2906 4807 3110 4877 vulgati
3139 4825 3204 4863 ex
3243 4826 3344 4864 ms.
3371 4810 3682 4867 Corbeiensi

457 4909 617 4948 orare
648 4909 798 4949 more
823 4895 1211 4958 ecclesiastico,
1243 4895 1344 4948 hoc
1371 4902 1454 4948 est
1481 4909 1573 4948 eas
1617 4895 1852 4949 salutare
1879 4913 1891 4948 :
1921 4895 2015 4948 ali-
2039 4907 2088 4966 ι)
2115 4905 2146 4944 a
2186 4889 2466 4956 Dacherio,
2501 4902 2628 4948 tom.
2670 4893 2692 4947 Ι
2733 4893 3022 4965 Spicilegii,
3062 4911 3128 4966 rp.
3174 4898 3312 4952 1205
3351 4897 3501 4968 (edit.
3530 4915 3683 4955 nova:

455 4999 612 5054 quem
640 4985 785 5038 enim
845 4985 1104 5039 honorem
1141 4995 1194 5039 et
1237 4986 1437 5039 cultum
1479 4986 1679 5040 sanctis
1717 5001 2013 5056 eorumque

455 5076 728 5130 memoriae
757 5090 820 5128 ac
842 5075 1063 5144 reliquis
1085 5073 1462 5139 deferendum;
1493 5075 1801 5144 neutiquam
1833 5083 2011 5130 tamen

456 5181 548 5221 eas
572 5183 631 5222 se
657 5167 884 5222 adorare
925 5178 984 5221 ut
1011 5167 1320 5232 Dominum,
1348 5168 1441 5222 sed
1487 5169 1916 5236 superstitiosam
1948 5185 2011 5223 ac

455 5256 809 5324 perniciosam
868 5257 1160 5325 imaginum
1211 5255 1574 5310 adorationem
1642 5257 2014 5314 emendatione

454 5346 637 5412 utique
665 5345 907 5417 indigere
943 5365 953 5398 :
985 5361 1084 5399 nec
1111 5347 1336 5399 adorare
1376 5361 1433 5398 se
1474 5346 1717 5411 Mariam,
1758 5348 1851 5401 sed
1881 5363 2010 5401 con-

453 5449 587 5504 grue
613 5436 818 5491 honore
859 5436 1128 5499 venerari,
1156 5433 1377 5502 ejusque
1400 5436 1837 5490 intercessionem
1869 5436 2012 5504 apud

525 5562 600 5634 (a)
626 5563 902 5638 Albericus
938 5566 1188 5638 adillum
1213 5581 1432 5638 annum,
1458 5582 1577 5638 pag.
1609 5568 1736 5633 167;
1787 5569 2013 5624 Andrea:

453 5633 712 5709 _Saus_say_
727 5635 960 5709 Annales
989 5636 1240 5709 Ecclesire
1265 5633 1473 5709 Aurel.,
1497 5633 1648 5709 jag.
1681 5641 1816 5704 515;
1851 5641 2015 5694 Caro-

452 5704 536 5757 lus
585 5701 1059 5781 leh’Cointe,_tom.
1119 5706 1449 5781 Vlll_l\nnal.
1487 5701 1714 5781 _F'ranc.,
1757 5701 1877 5781 pag.
1909 5710 2014 5765 615

452 5789 601 5844 scq.;
630 5772 1048 5842 Sammarthani,
1081 5784 1209 5830 tom.
1238 5777 1297 5841 Il,
1327 5793 1448 5847 pag,
1479 5779 1602 5833 239.

2117 4987 2252 5033 tom.
2280 4979 2318 5041 Ι,
2344 4997 2466 5052 pag.
2495 4982 2638 5052 258).

2183 5070 2258 5124 De
2277 5071 2612 5127 Institutione
2653 5075 2814 5144 regia,
2861 5075 2929 5130 ad
2969 5075 3249 5145 Pippinum
3293 5091 3472 5145 regem
3521 5075 3678 5141 liber,

2112 5160 2263 5228 cujus
2293 5179 2482 5233 magna
2529 5179 2654 5232 pars
2703 5165 2962 5234 repetitur
2989 5167 3042 5220 in
3072 5167 3306 5222 concilio
3337 5174 3488 5221 sexto
3525 5166 3680 5221 Pari-

2114 5254 2275 5307 sicnsi
2305 5269 2394 5306 an.
2437 5254 2558 5308 829.
2587 5255 2797 5323 Integer
2819 5255 3052 5325 primum
3083 5256 3185 5310 luci
3218 5257 3373 5311 datus
3399 5257 3467 5311 ab
3491 5256 3678 5311 eodem

2116 5343 2486 5400 laudatissimo
2531 5347 2793 5402 Dachcrio
2846 5357 2975 5403 tom.
3029 5349 3073 5403 V
3114 5348 3388 5418 Spicileg.,
3434 5364 3554 5418 pag.
3611 5346 3677 5401 57

2116 5435 2266 5506 (edit.
2315 5452 2465 5492 novae
2513 5445 2642 5492 tom.
2687 5439 2725 5502 Ι,
2771 5456 2892 5510 pag.
2926 5439 3202 5508 524555).
3233 5440 3406 5494 Etiam
3437 5438 3681 5496 carmine

2191 5569 2264 5711 (ὺέ
2290 5568 2421 5624 Vide
2447 5569 2983 5642 Orthodoxograplia,
3003 5586 3127 5692 pag.
3152 5570 3286 5624 1199
3312 5571 3440 5624 edit.
3469 5568 3675 5651 primae:

2191 5639 2239 5709 (ο
2273 5639 2488 5711 Confer
2497 5641 2750 5696 Dallmum
2767 5643 2831 5695 de
2855 5642 3075 5711 Imagnm
3099 5639 3304 5711 ius.lV,
3326 5640 3389 5705 5;
3418 5639 3675 5694 Fridertm

2191 5639 2260 5710 (ο)
2285 5639 2485 5710 Confer
2497 5641 2750 5696 Dallmum
2767 5639 2831 5695 de
2860 5639 3199 5710 Imaginibus.
3213 5639 3304 5706 IV,
3326 5640 3389 5705 5;
3418 5639 3676 5694 Friderici

2122 5709 2431 5781 Spanhemii
2455 5709 2661 5779 Opera,
2693 5720 2825 5766 tom.
2853 5710 2916 5775 II,
2943 5725 3066 5782 pag.
3095 5710 3200 5766 865
