4064 6190
537 380 640 436 125

1585 377 1774 434 ΙΟΝᾸΕ
1812 377 2354 436 AURELIANENSIS
2387 377 2684 435 EPISCOPI

3639 387 3744 442 126

532 496 780 567 placitam
807 493 1002 550 ducere
1043 499 1336 562 Oporteret.
1369 489 1514 562 Opus
1539 507 1747 563 nempe,
1775 492 1848 547 mi
1883 491 2087 546 charis-
2114 496 2161 552 Α
2189 489 2361 561 galem
2406 491 2573 544 vitam
2616 491 2839 545 honeste
2889 490 3084 548 ducere
3128 490 3342 558 debeas,
3387 492 3503 564 ejus
3549 495 3742 550 crebra

530 587 688 651 sime,
711 583 851 654 quod
880 599 911 636 a
934 597 1020 636 me
1047 581 1283 636 omnium
1311 581 1708 650 imperitissimo
1730 580 1843 634 fieri
1874 580 1967 634 tibi
1989 579 2082 635 ﬂa-

526 679 687 748 gitas,
708 689 959 744 magnum
987 681 1090 738 est,
1113 673 1362 742 viresque
1388 672 1751 742 intelligentia:
1776 687 1910 743 mea:
1931 687 2083 741 pror-

528 783 620 822 sus
670 765 953 829 excedunt,
984 764 1126 834 quod
1153 763 1316 818 etiam
1349 779 1455 818 non
1498 763 1601 816 nisi
1631 777 1661 815 a
1698 762 1867 818 doctis
1894 771 1947 816 et
1972 763 2082 816 elo-

525 855 892 925 quentissimis
929 853 1060 909 viris
1097 852 1455 922 arripiendum
1499 859 1600 906 est.
1633 849 1767 905 Cum
1797 851 1973 920 itaque
2005 849 2081 921 [in

525 945 757 1019 cunctis]
780 947 796 966 '
825 946 891 1000 ad
934 945 1158 1000 salutem
1191 944 1382 998 animae
1425 950 1530 998 tua:
1573 942 1963 1012 pertinentibus
1984 941 2084 995 hu-

525 1037 764 1091 millimae
805 1037 1049 1107 petitioni
1098 1044 1202 1089 tuae
1237 1034 1446 1106 [parere
1503 1047 1712 1102 semper
1759 1033 2078 1102 optaverim,

524 1127 859 1197 solummodo
893 1129 1018 1182 huic
1041 1126 1258 1196 speciali
1287 1125 1528 1197 petitioni
1555 1123 1677 1196 tuae]
1712 1125 1959 1180 conscius
1986 1125 2083 1178 im-

443 1210 459 1224 ’
525 1215 830 1270 becillitatis
855 1222 910 1270 et
957 1216 1236 1285 imperitiae
1287 1229 1442 1280 meae,
1500 1214 1667 1283 magis
1717 1214 1874 1268 reniti
1921 1228 2083 1283 quam

523 1307 745 1377 obsequi
774 1308 924 1376 prius
955 1316 1285 1374 statueram;
1314 1301 1566 1376 quoniam
1595 1319 1682 1362 me
1723 1307 1790 1360 ad
1820 1307 1921 1360 hoc
1958 1291 2085 1362 con-

527 1399 810 1454 llciendum
841 1401 1098 1469 imparem
1133 1401 1415 1471 minusque
1456 1399 1705 1455 idoneum
1733 1399 1940 1454 sentio:
1973 1414 2084 1452 ma-

524 1503 684 1559 gnam
713 1505 943 1558 namque
981 1491 1166 1560 petitio
1219 1499 1310 1545 tua
1361 1498 1417 1546 et
1443 1491 1634 1546 inertia
1674 1505 1793 1545 mea
1825 1491 1876 1544 in
1923 1490 2084 1544 corde

525 1593 646 1633 meo
688 1579 1136 1635 conﬂictationem
1187 1591 1612 1651 generaverunt:
1655 1581 1744 1635 illa
1785 1579 1992 1636 scilicet
2024 1588 2084 1635 ut

527 1667 689 1740 [idem
713 1685 845 1739 opus
870 1671 1191 1740 aggrederer
1218 1673 1606 1742 persuadendo,
1648 1673 1763 1727 hmo
1791 1671 1991 1744 autem]
2016 1687 2083 1727 ne

523 1760 658 1813 tanti
681 1762 932 1829 ponderis
963 1762 1249 1817 discrimen
1279 1764 1547 1819 subiretur
1571 1763 1867 1819 abnuendo.

2181 581 2407 636 lectione
2429 581 2606 634 valeas
2627 580 2838 634 instrui.

2251 671 2320 725 At
2367 671 2413 726 si
2457 672 2723 740 quispiam
2775 671 3007 741 objicere
3051 671 3298 735 voluerit,
3333 671 3531 727 frustra
3580 682 3635 727 et
3664 690 3727 729 ex

2183 758 2450 830 superﬂuo
2478 760 2532 813 in
2577 761 2680 814 hoc
2719 759 2972 828 opusculo
3008 775 3182 814 meam
3228 760 3521 815 desudasse
3566 762 3743 830 parvi-

2184 857 2368 914 tatem,
2395 850 2691 919 przesertim
2718 865 2842 904 cum
2872 850 3060 904 modus
3093 851 3216 905 vitae
3241 849 3557 905 Christiana:
3587 851 3639 905 in
3665 851 3743 906 le-

2183 939 2409 1010 galibus,
2436 940 2782 1010 pr0pheticis,
2813 941 3153 1010 evangelicis,
3186 943 3491 1012 apostolicis
3534 953 3748 1000 constet

2182 1028 2372 1094 dictis;
2401 1027 2741 1099 perfectaque
2767 1031 2820 1084 in
2845 1045 3091 1085 sermone
3116 1031 3322 1086 Domini
3347 1032 3402 1085 in
3446 1041 3624 1088 monte
3652 1035 3746 1088 ba-

2181 1117 2315 1185 bito,
2359 1125 2418 1171 ut
2463 1118 2652 1174 beatus
2691 1119 2768 1172 ait
2817 1119 3163 1189 Augustinus,
3219 1120 3360 1192 idem
3407 1121 3642 1192 digestus
3675 1124 3748 1178 sit

2183 1211 2397 1261 modus:
2425 1209 2634 1262 noverit
2656 1209 2796 1278 quod
2819 1209 2981 1278 prisci
3005 1208 3193 1264 Patres
3214 1189 3416 1280 sylvam
3439 1219 3745 1268 sanctarum

2183 1298 2578 1369 Scripturarum
2603 1309 2966 1370 penetrantes,
2995 1301 3234 1356 diversos
3254 1311 3414 1371 atque
3436 1303 3746 1360 innumeros

2181 1409 2324 1450 sana:
2367 1393 2490 1450 ﬁdei
2534 1409 2600 1449 ex
2653 1407 2717 1449 ea
2768 1410 2948 1449 ramos
2979 1395 3339 1463 praeciderint,
3377 1411 3408 1450 e
3435 1397 3630 1466 quibus
3674 1399 3745 1454 ob

2180 1485 2469 1540 multorum
2494 1484 2797 1549 utilitatem,
2843 1495 2897 1539 et
2923 1486 3119 1540 divina:
3167 1487 3441 1541 servitutis
3487 1488 3743 1541 honorem

2179 1574 2481 1630 salutiferas
2509 1575 2766 1630 formulas
2805 1575 3088 1641 ediderint,
3119 1593 3150 1630 e
3195 1577 3391 1646 quibus
3431 1577 3594 1631 etiam
3619 1593 3746 1632 con—

2181 1667 2327 1721 sistit
2351 1665 2566 1722 Cbristo
2599 1682 2718 1736 quae
2746 1667 2934 1721 devote
2963 1667 3269 1733 famulatur,
3301 1670 3556 1724 canonica
3585 1678 3744 1738 atque

2181 1761 2474 1815 monastica
2502 1761 2785 1815 institutio.
2816 1759 2986 1815 Porro
3029 1760 3249 1827 laicalis,
3302 1761 3426 1816 licet
3465 1762 3528 1816 in‘
3551 1763 3744 1818 divinis

591 1849 755 1920 Igitur
781 1866 902 1905 cum
935 1850 1034 1923 [in]
1067 1851 1430 1921 hujuscemodi
1459 1852 1852 1908 conflictatione
1871 1852 2081 1908 animus
2107 1853 2155 1912 B
2179 1850 2404 1920 eloquiis
2429 1852 2654 1920 sparsim
2682 1852 2754 1906 sit
2791 1851 3015 1921 digesta,
3043 1861 3260 1921 propter
3301 1868 3396 1908 eos
3423 1853 3598 1908 tamen
3625 1854 3744 1923 qui-

520 1945 674 1994 meus
711 1939 1008 1994 diutissime
1033 1941 1408 2007 alternaretur,
1439 1943 1745 2012 trutinaque
1781 1941 1969 2010 judicii
1999 1943 2082 1996 sui

520 2032 869 2100 semetipsum
919 2032 1264 2087 subtilissime
1312 2035 1724 2104 pracponderans
1759 2075 1774 2101 ,
1827 2033 1895 2088 ad
1939 2033 2081 2087 idem

518 2137 652 2192 opus
680 2122 1012 2177 subeundum
1038 2123 1208 2178 modis
1249 2126 1494 2180 omnibus
1520 2127 1782 2194 impotens
1826 2140 2082 2196 agnosce-

519 2219 708 2276 retur;
749 2201 985 2279 eousque
1033 2211 1374 2267 deliberando
1421 2221 1637 2267 ventum
1693 2221 1796 2278 est,
1845 2223 1904 2268 ut
1943 2215 2082 2270 idem

518 2315 655 2370 opus
689 2301 1064 2356 omitteretur:
1101 2301 1196 2356 sed
1231 2301 1483 2367 charitas,
1509 2317 1629 2372 qua:
1667 2303 1848 2356 omnia
1874 2302 2080 2369 suﬂ‘ert,

522 2391 705 2444 omnia
753 2398 956 2460 sperat,
985 2390 1163 2445 omnia
1193 2391 1383 2452 credit,
1415 2392 1594 2446 omnia
1639 2391 1834 2446 tolerat
1876 2392 1929 2465 (Ι
1957 2392 2078 2448 Cor.

520 2496 644 2547 xm,
667 2480 744 2554 4),
773 2481 1058 2551 impatiens
1085 2490 1246 2537 tanta:
1267 2484 1588 2548 omissionis,
1612 2483 1875 2554 prosilivit
1901 2486 1953 2540 in
1972 2502 2083 2542 me-

518 2571 686 2637 dium,
717 2571 1032 2642 propulsans
1059 2572 1266 2627 timoris
1309 2573 1694 2639 infirmitatem,
1727 2576 1964 2631 tribuens
1993 2591 2081 2634 δι’-τ

517 2662 747 2733 rlpiendi
797 2664 1074 2718 audaciam
1103 2705 1118 2731 ,
1175 2664 1428 2733 pollicens
1477 2667 1636 2721 etiam
1683 2683 1780 2736 per
1820 2681 1941 2721 eum
1990 2667 2081 2736 qui

518 2752 691 2822 aperit
717 2768 812 2808 ora
839 2761 1128 2819 mutorum,
1159 2766 1215 2808 et
1261 2753 1466 2825 linguas
1512 2755 1792 2810 infantium
1836 2756 1964 2812 facit
2003 2756 2083 2810 di-

517 2850 693 2897 sertas
724 2841 876 2914 (Sap.
904 2861 958 2909 x,
987 2838 1100 2915 2|),
1150 2845 1521 2914 possibilitatis
1570 2848 1816 2916 copiam;
1869 2849 2080 2903 tandem

516 2931 658 2986 idem
689 2947 820 3001 opus
859 2946 946 2986 me
984 2933 1198 3003 aggredi
1239 2934 1512 3004 compulit.
1558 2934 1750 2991 Fretus
1775 2936 1969 3007 quippe
2015 2939 2083 2993 ad

515 3020 659 3077 idem
688 3037 820 3090 opus
845 3022 1198 3088 subeundum,
1231 3023 1282 3077 in
1309 3037 1374 3078 eo
1395 3039 1582 3094 magna
1608 3040 1673 3078 ex
1701 3035 1852 3095 parte
1878 3027 2078 3092 exstiti,

517 3111 665 3181 quod
695 3125 800 3165 non
840 3111 947 3165 mei
973 3125 1160 3167 sensus
1199 3112 1361 3166 verba
1396 3110 1536 3183 'stylo
1577 3114 1913 3182 eloquentiae,
1963 3131 2081 3185 quae

517 3199 664 3256 nulla
699 3200 831 3254 mihi
869 3201 1029 3267 inest,
1061 3211 1278 3257 exarata
1299 3243 1314 3269 ,
1340 3204 1433 3258 sed
1471 3206 1763 3260 sententias
1792 3221 1857 3260 ex
1888 3207 2080 3262 divinis
2105 3196 2150 3258 C

519 3289 751 3346 oraculis
784 3291 1170 3361 promulgatas,
1205 3300 1260 3346 et
1287 3307 1320 3346 a
1351 3293 1553 3348 sanctis
1571 3293 1820 3350 Patribus
1864 3293 2078 3350 facetis-

515 3381 654 3438 sime
678 3381 957 3451 expolitas,
1010 3381 1137 3436 huic
1183 3380 1352 3436 forem
1403 3379 1696 3438 in‘nexurus
1735 3385 1903 3454 operi.
1936 3384 2077 3452 Qua-

517 3479 735 3545 propter
759 3471 922 3526 studii
965 3471 1068 3525 mei
1093 3471 1194 3526 fuit
1220 3487 1318 3542 pro
1359 3481 1515 3544 captu
1547 3473 1744 3544 ingenii
1771 3474 1978 3544 eloquia
2001 3475 2078 3530 di-

515 3561 665 3624 vina,
685 3569 1100 3631 sanctorumque
1125 3562 1341 3618 Patrum
1367 3565 1508 3619 dicta
1539 3567 1764 3620 scrutari
1788 3583 1802 3632 ;
1835 3582 1898 3622 ac
1918 3567 2079 3621 veluti

517 3666 585 3706 ex
609 3652 835 3708 diversis
858 3653 1030 3722 pratis
1054 3653 1293 3710 diversos
1315 3653 1561 3711 ﬂosculos
1587 3670 1828 3726 carpere,
1849 3665 1904 3712 et
1927 3657 2080 3726 quasi

516 3747 573 3802 in
601 3747 832 3816 quodam
855 3747 1072 3804 cartallo
1095 3763 1404 3819 congerere,
1434 3761 1642 3820 tuaeque
1669 3751 1768 3819 pia:
1790 3750 2078 3816 devotioni,

519 3851 620 3892 nec
640 3851 744 3891 non
767 3844 824 3892 et
848 3853 1034 3894 eorum
1056 3839 1250 3909 quibus
1272 3840 1324 3894 id
1347 3839 1484 3895 forte
1505 3839 1785 3910 placuerit,
1811 3841 1913 3895 hoc
1939 3855 2080 3895 com-

517 3929 893 3985 mentariolum
925 3933 1198 3996 condere;
1248 3941 1308 3987 ut
1355 3933 1408 3987 in
1456 3948 1522 3989 eo
1563 3933 1715 4004 quasi
1764 3934 1818 3988 in
1848 3934 2078 4004 quodam

518 4019 734 4088 speculo
776 4029 829 4076 te
865 4021 1077 4077 assidue
1122 4022 1492 4092 contemplari,
1523 4023 1856 4094 qualiterque
1897 4023 2073 4092 conju-

518 4153 802 4228 neeadem
825 4157 1017 4226 saepius
1047 4167 1368 4228 repetamus,
1393 4158 1644 4215 lectorem
1669 4159 1808 4215 scire
1837 4159 2083 4214 volumus

518 4222 776 4296 quidquid
816 4222 996 4282 ex'eo
1037 4222 1220 4282 codice
1269 4227 1532 4296 adjectum
1575 4238 1678 4295 est,
1709 4245 1808 4285 nos
1832 4229 1985 4285 uncis
2011 4229 2086 4283 in-

519 4291 675 4346 cludi
689 4295 978 4351 curavisse.

2183 1939 2282 1994 bus
2307 1949 2400 1995 aut
2441 1942 2590 1996 cordi
2633 1949 2726 1996 aut
2764 1956 2921 2011 posse
2959 1957 3064 1995 non
3110 1950 3215 2008 est,
3263 1942 3400 1998 latos
3445 1944 3743 1998 divinarum

2183 2030 2577 2102 Scripturarum
2608 2048 2827 2102 campos
2871 2048 3208 2102 percurrere,
3246 2034 3376 2087 utile
3421 2035 3744 2106 dignumque

2174 2120 2470 2191 jndicatum
2491 2131 2594 2185 est,
2624 2122 2675 2175 in
2705 2125 2804 2176 hoc
2830 2124 3044 2193 negotio
3071 2130 3176 2177 tua:
3206 2124 3476 2178 benevola:
3499 2124 3741 2194 petitioni

2180 2225 2456 2265 assensum
2485 2214 2743 2281 praebere,
2772 2224 2827 2268 et
2853 2215 3163 2280 sententias,
3189 2225 3246 2270 ut
3285 2217 3484 2270 dictum
3511 2226 3613 2282 est,
3643 2217 3746 2271 Ve-

2181 2303 2328 2368 teris,
2381 2303 2618 2375 Novique
2663 2307 3012 2373 Testamenti,
3063 2319 3118 2364 et
3170 2319 3476 2366 sanctorum
3526 2310 3744 2370 Patrum

2181 2396 2320 2451 dicta
2341 2413 2650 2468 excerpere,
2679 2401 2873 2470 quibus
2896 2404 2960 2455 ad
2978 2402 3294 2470 petitionem
3319 2412 3464 2457 tuam
3488 2404 3588 2457 hoc
3609 2419 3744 2472 opus

2181 2489 2446 2557 congessi,
2476 2497 2530 2542 et
2559 2497 2662 2544 tuae
2695 2490 2962 2545 devotioni
2990 2493 3229 2547 dedicavi
3257 2511 3271 2559 ;
3301 2494 3408 2547 imo
3442 2509 3539 2564 pro
3570 2507 3620 2549 te
3639 2510 3741 2550 ca:-

2181 2579 2436 2648 terisque,
2465 2581 2658 2650 quibus
2691 2583 2851 2636 studii
2880 2582 3062 2649 fuerit,
3089 2585 3141 2638 id
3181 2601 3303 2639 cum
3337 2585 3599 2641 charitate
3627 2601 3746 2641 sus-

2182 2668 2379 2736 cipere,
2407 2678 2460 2724 et
2489 2671 2576 2739 pia
2602 2671 2883 2728 devotione
2911 2673 3178 2743 amplecti.

2252 2759 2318 2813 Et
2356 2775 2422 2814 ne
2447 2761 2516 2814 ob
2542 2761 2622 2815 sui
2649 2761 3011 2831 prolixitatem
3055 2764 3210 2818 taedio
3255 2774 3398 2820 esset
3423 2764 3740 2837 legentibus,

2183 2853 2236 2908 id
2264 2853 2434 2907 tribus
2462 2853 2656 2909 libellis
2697 2866 2722 2894 ⁸
2753 2855 2971 2909 distinxi
3000 2873 3013 2909 :
3067 2855 3314 2910 videlicet
3355 2865 3412 2910 ut
3457 2859 3659 2925 primus
3687 2866 3744 2912 et

2183 2943 2402 3000 ultimus
2420 2945 2670 3000 omnibus
2694 2945 3014 3016 generaliter
3038 2945 3301 3011 fidelibus,
3325 2946 3530 3001 medius
3557 2963 3740 3004 autem

2185 3050 2376 3105 magna
2404 3034 2486 3090 sui
2534 3049 2600 3089 ex
2642 3044 2794 3105 parte
2832 3035 3160 3106 coniugalem
3213 3037 3381 3091 vitam
3429 3037 3744 3093 ducentibus

2185 3125 2488 3196 specialiter
2531 3125 2861 3180 conveniret.
2912 3125 3102 3181 Moneo
3143 3126 3344 3181 interea
3392 3135 3534 3182 tuam
3583 3145 3742 3199 expe-

2181 3219 2562 3274 rientissimam
2586 3219 2952 3288 sagacitatem,
2977 3227 3031 3273 et
3058 3233 3183 3290 erga
3206 3219 3406 3274 Christi
3429 3219 3745 3275 famulatum

2179 3308 2517 3364 devotionem
2551 3307 2918 3371 humillimam,
2958 3316 3018 3362 ut
3060 3310 3160 3364 hoc
3209 3310 3400 3366 crebro
3440 3309 3606 3380 legas,
3652 3319 3746 3364 aut

2180 3400 2274 3455 tibi
2299 3400 2401 3470 legi
2428 3398 2623 3454 facias:
2650 3400 2834 3468 eisque
2855 3399 3046 3468 quibus
3069 3400 3248 3454 animo
3268 3407 3352 3455 est
3375 3399 3542 3468 magis
3570 3399 3740 3456 aliena

2181 3505 2424 3561 carpere,
2453 3505 2612 3560 quam
2658 3487 2896 3544 fraterno
2919 3487 3110 3544 affectu
3151 3489 3392 3560 diligere,
3438 3505 3544 3543 non
3586 3489 3745 3544 facile

2181 3581 2395 3650 prodas.
2425 3578 2481 3633 Si
2505 3578 2633 3647 quid
2657 3593 2783 3632 vero
2811 3579 2864 3632 in
2885 3580 2987 3632 hoc
3016 3593 3178 3647 opere
3204 3593 3360 3633 secus
3384 3593 3543 3647 quam
3585 3576 3744 3632 debui

2183 3672 2447 3743 congessi,
2477 3687 2573 3740 per
2600 3671 2881 3725 Dominum
2910 3670 3040 3724 mihi
3073 3669 3344 3724 humiliter
3368 3677 3490 3738 pcto
3517 3669 3740 3740 ignosci.

2181 3760 2239 3816 Si
2265 3759 2393 3831 quid
2423 3769 2599 3814 autem
2635 3761 2688 3814 in
2717 3775 2782 3815 eo
2831 3759 3089 3830 legentes,
3146 3761 3261 3814 sive
3313 3760 3607 3821 audientes,
3640 3760 3744 3813 sibi

2179 3849 2516 3921 profuturum
2560 3851 2733 3905 inesse
2775 3851 3143 3921 cognoverint,
3175 3865 3281 3904 non
3311 3849 3463 3916 mihi,
3490 3851 3583 3906 sed
3609 3851 3735 3909 Deo.

2181 3953 2389 3993 mecum
2420 3939 2622 4006 gratias
2647 3953 2805 4009 agere
2831 3938 3192 3993 meminerint.

2250 4176 2275 4204 ι
2305 4163 2370 4218 Id
2393 4164 2556 4218 tribus
2577 4161 2780 4218 libellis.
2813 4161 2904 4217 Sic
2928 4160 3100 4216 codex
3124 4159 3266 4215 Clar.
3298 4167 3352 4213 et
3375 4159 3538 4214 editio
3573 4158 3734 4212 Duac.

2179 4233 2500 4290 Parisiensis
2528 4233 2760 4290 habebat
2782 4232 2836 4286 id
2860 4231 2952 4286 tibi
2985 4230 3191 4285 libellis.

530 4432 3736 4463 mm

1711 4591 2005 4694 LIBER
2099 4595 2505 4674 PRIMUS.

1029 4859 1251 4918 CAPUT
1289 4859 1574 4917 PBlMUM.

521 4974 674 5042 Quod
693 4973 1000 5045 generaliter
1017 4989 1192 5027 omnes
1211 4973 1388 5042 ﬁdeles
1410 4989 1556 5026 nosse
1574 4981 1805 5042 oporteat
1830 4972 1884 5024 in
1913 4957 2078 5045 quan:

585 5041 1052 5114 tam'prolapsionis
1072 5041 1473 5109 damnationem,
1489 5041 1694 5114 propter
1713 5041 2078 5112 reatumprimi

585 5112 828 5178 hominis,
852 5112 1160 5168 devenerint.

529 5215 536 5221 ’
586 5221 954 5292 Protoplastus
977 5223 1140 5278 totius
1176 5223 1397 5279 humani
1437 5223 1648 5296 generis
1689 5238 1883 5293 parens
1908 5211 2074 5276 mira.

515 5311 748 5368 bilitera
775 5313 884 5369 Deo
909 5313 977 5369 de
1024 5313 1153 5368 limo
1179 5323 1343 5368 terrae
1377 5321 1608 5378 creatus,
1651 5321 1705 5368 et
1743 5313 1796 5367 in
1839 5312 2075 5382 paradisi

517 5401 771 5460 felicitate
788 5404 1097 5471 collocatus,
1121 5406 1266 5474 quia,
1293 5405 1432 5460 male
1465 5406 1722 5462 suadente
1742 5405 1926 5460 uxoris
1949 5420 2076 5460 con-

519 5493 671 5560 silio,
720 5496 988 5566 acquievit
1021 5505 1075 5552 et
1121 5497 1416 5552 interdicta:
1464 5498 1673 5554 arboris
1715 5496 1945 5576 fructum
1986 5513 2078 5553 co-

518 5583 709 5649 medit,
738 5600 843 5640 non
867 5585 1040 5642 solum
1068 5586 1183 5657 ipse
1207 5585 1370 5641 divini
1410 5587 1661 5656 praecepti
1700 5589 2078 5656 praevaricator

518 5676 750 5741 exstitit,
777 5680 1164 5736 verum'etiam.
1184 5679 1237 5735 in
1283 5694 1404 5744 nos,
1451 5678 1544 5749 qui
1591 5691 1658 5732 ex
1703 5679 1846 5735 illius
1873 5678 2078 5750 peccati

521 5764 743 5821 traduce
783 5767 1076 5833 nascimur,
1119 5784 1230 5826 sua:
1273 5767 1727 5840 praevaricationis
1766 5784 1980 5836 noxam,
2026 5777 2080 5826 et

2099 4858 2329 4927 Djusta:
2353 4859 2708 4914 damnationis
2750 4873 2964 4928 poenam
3009 4859 3314 4916 transfudit.
3361 4861 3552 4931 Liquet
3591 4866 3735 4920 enim

2181 4949 2325 5020 quia,
2351 4948 2443 5002 illo
2469 4949 2876 5018 pravaricante,
2923 4963 3022 5004 nos
3048 4949 3209 5004 etiam
3237 4967 3356 5006 cum
3401 4951 3490 5006 illo
3516 4963 3728 5022 pactam

2180 5040 2388 5094 Domini
2434 5041 2767 5110 praevaricati
2822 5055 3044 5106 sumus;
3096 5043 3236 5096 unde
3282 5044 3358 5097 ait
3401 5043 3734 5102 Psalmista:

2179 5127 2611 5184 Prwvaricatores
2636 5133 2863 5200 reputavi
2891 5149 3062 5186 omnes
3085 5143 3373 5202 peccatores
3394 5146 3545 5191 terra:
3561 5138 3736 5209 (Psal.

2177 5233 2364 5285 cxvm,
2397 5219 2537 5291 119).
2585 5220 2652 5274 Et
2694 5220 3015 5290 Apostolus:
3067 5223 3170 5277 Per
3198 5240 3374 5288 unum,
3410 5227 3604 5297 inquit,
3638 5228 3733 5282 lio-

2176 5311 2363 5364 minem
2384 5320 2648 5381 peccatum
2669 5311 2876 5366 intravit
2901 5313 2956 5365 in
2975 5314 3222 5367 mundum
3248 5354 3263 5379 ,
3289 5325 3337 5368 et
3365 5333 3455 5386 per
3473 5327 3734 5386 peccatum

2174 5417 2311 5456 mors
2332 5407 2362 5453 :'
2395 5401 2468 5455 ita
2505 5410 2554 5455 et
2594 5402 2649 5454 in
2690 5413 2862 5457 omnes
2909 5404 3137 5458 homines
3178 5408 3496 5473 pertransiit,
3536 5408 3590 5460 in
3634 5425 3737 5479 quo

2175 5508 2348 5546 omnes
2367 5504 2700 5562 peccaverunt
2725 5492 2900 5564 (Rom.
2923 5509 2975 5558 ν,
3007 5494 3116 5567 12).
3153 5495 3293 5552 Ecce
3330 5499 3542 5567 qualem
3568 5485 3742 5554 haere-

2175 5582 2399 5637 ditatem
2417 5581 2558 5638 idem
2577 5597 2772 5652 parens
2795 5591 2993 5646 noster,
3023 5585 3109 5639 cui
3130 5587 3380 5654 peccanti
3399 5587 3598 5642 dictum
3619 5595 3735 5642 est:

2180 5673 2340 5728 Terra
2377 5691 2450 5739 es,
2475 5683 2522 5728 et
2544 5675 2598 5728 in
2636 5684 2828 5728 terram
2868 5675 2964 5728 ibis
2987 5673 3191 5746 (Cenes.
3219 5694 3300 5744 nt,
3331 5679 3444 5750 l9),
3477 5680 3631 5735 nobis
3652 5682 3738 5736 di-

2179 5767 2485 5836 misit;pro
2513 5765 2706 5833 patria,
2753 5765 3288 5837 scilicet,cxsilium;
3337 5786 3435 5842 pro
3483 5770 3738 5827 felicitate
