4064 6190
278 431 391 490 125

1284 432 1367 488 DE
1404 431 1883 491 lNSTITIlTIONE
1922 432 2209 490 LAlCALl.
2247 462 2319 475 --
2353 431 2485 489 LIB.
2524 434 2566 489 Ι.

3417 438 3522 495 1ἰ6

276 547 582 611 miseriam,
616 560 717 616 pro
744 545 915 617 gloria
956 545 1364 618 ignobilitatem,
1413 557 1470 604 et
1499 564 1598 618 pro
1636 548 1859 605 immor-
1886 545 2219 618 Aoriginale
2241 554 2543 617 peccatum,
2576 562 2683 617 quo
2706 561 2876 618 genus
2918 546 3209 601 humanum
3249 549 3529 607 damnabi-

272 634 494 693 talttate
535 631 732 691 inﬂixit
777 634 935 691 nobis
978 637 1220 705 corporis
1260 647 1317 693 et
1365 639 1558 694 animi:
1604 648 1850 696 mortem.

274 725 453 783 Valde
499 742 735 798 namque
773 742 899 783 cum
936 728 1149 785 diabolo
1185 730 1495 787 miserabile
1535 731 1662 788 fecit
1701 748 1852 788 com-

272 819 564 875 mercium.
594 818 849 875 Diabolus
872 834 969 891 per
992 823 1298 898 superbiam
1320 824 1388 879 de
1406 824 1645 895 angelica
1677 825 1853 898 digni-

275 918 391 965 tate
439 910 497 965 in
546 888 888 980 apostasiam
915 888 1116 984 lapsus,
1150 888 1305 985 cuj‘us
1350 888 1549 971 invidia
1584 888 1856 973 morsvin-

275 1000 445 1055 travit
475 1000 532 1056 in
550 1001 741 1056 orbem
763 1009 1032 1057 terrarum
1059 1001 1233 1074 (Rom.
1254 1021 1308 1071 v,
1334 1006 1444 1076 12),
1477 1006 1716 1064 felicitati
1737 1008 1857 1080 eius

272 1089 531 1147 invidens
556 1091 806 1160 promisit
828 1092 880 1147 ei
920 1092 1280 1161 divinitatem,
1323 1106 1379 1152 et
1413 1099 1611 1154 ademit
1640 1100 1858 1157 immor-

272 1178 543 1235 talitatem
564 1221 582 1247 ,
636 1189 692 1238 et
733 1182 800 1237 de
845 1183 1148 1241 habitatore
1183 1188 1419 1258 paradisi
1466 1164 1595 1246 rein
1616 1193 1855 1249 exsulem

272 1273 508 1330 mundi:
543 1282 601 1329 et
627 1288 735 1330 non
756 1274 930 1330 solum
950 1290 1095 1342 eum,
1121 1279 1218 1335 sed
1245 1280 1409 1335 etiam
1440 1296 1592 1337 suam
1632 1283 1856 1353 stirpem

269 1378 377 1419 suo
402 1363 673 1419 exitiabili
723 1363 1032 1438 subiugavit
1067 1368 1333 1439 imperio;
1384 1371 1439 1425 in
1483 1387 1591 1442 quo
1635 1381 1857 1429 eatenus

268 1452 663 1508 miserabiliter
696 1464 752 1509 et
777 1456 1124 1513 exitiabiliter
1151 1458 1401 1516 detentus
1432 1470 1537 1527 est,
1565 1464 1734 1519 donec
1770 1463 1858 1520 ille

271 1541 681 1609 Samaritanus,
715 1546 975 1607 Dominus
1014 1550 1265 1611 videlicet
1305 1562 1488 1609 noster
1514 1553 1671 1611 Jesus
1707 1556 1858 1614 Chri-

268 1642 412 1701 stus,
436 1636 542 1693 iter
560 1634 766 1694 faciens
784 1639 1159 1697 misericordia
1176 1650 1376 1710 motus,
1401 1648 1857 1719 appropinquans,

267 1728 506 1811 vulnera
541 1730 659 1800 eius
699 1731 946 1803 alligans,
993 1733 1178 1788 vinum
1212 1742 1268 1789 et
1312 1735 1492 1793 oleum
1549 1738 1856 1806 infundens,

266 1833 509 1889 namque
530 1820 587 1876 in
621 1820 925 1891 iumentum
958 1838 1113 1879 suum
1144 1822 1448 1895 imponens,
1492 1826 1546 1883 in
1584 1829 1853 1885 stabulum

1953 641 2078 698 liter
2102 641 2559 713 obstringebatur,
2587 656 2694 696 non
2732 648 2947 711 poterat
2974 641 3109 697 solvi
3152 657 3217 698 ac
3244 640 3392 705 dilui,
3420 643 3526 698 nisi

1954 750 2050 804 per
2077 736 2327 791 eumdem
2362 733 2713 790 mediatorem
2741 733 2835 789 Dei
2865 742 2917 789 et
2948 735 3225 790 hominum
3252 732 3527 790 hominem

1954 826 2135 882 Jesum
2161 816 2434 882 Christum
2465 844 2477 880 :
2514 840 2615 881 nec
2637 825 2794 880 aliter
2812 840 2911 894 per
2936 826 3106 895 ipsum
3133 824 3349 880 liberari
3370 841 3531 896 opor-

1956 916 2121 979 tebat,
2144 916 2251 971 nisi
2294 916 2434 971 sicut
2479 929 2638 971 verus
2686 916 2870 981 homo,
2911 931 3071 970 verus
3108 924 3252 970 esset
3276 908 3331 970 et
3358 917 3523 972 Deus.

1955 1004 2296 1060 Manifestum
2323 1014 2407 1061 est
2432 1021 2562 1081 ergo
2596 1003 2737 1076 quod
2767 1020 2864 1075 per
2890 1004 3119 1074 gratiam
3150 1002 3530 1073 Redemptoris

1955 1099 2126 1154 nostri
2154 1096 2280 1155 Jesu
2306 1098 2509 1155 Christi
2545 1099 2715 1155 simus
2740 1098 2968 1165 salvati;
3001 1106 3056 1153 et
3096 1113 3194 1167 per
3235 1097 3526 1152 indebitam

1955 1188 2072 1259 eius
2113 1198 2360 1256 mortem,
2402 1193 2647 1263 quamvis
2673 1207 2703 1247 a
2738 1200 2916 1251 morte
2965 1190 3233 1247 communi
3274 1205 3380 1244 non
3426 1189 3531 1244 iiii-

1957 1298 2168 1347 munes,
2189 1298 2221 1338 a
2247 1283 2423 1339 debita
2452 1291 2628 1339 tamen
2656 1291 2711 1340 et
2745 1291 3003 1353 perpetua
3041 1281 3209 1350 erepti
3248 1288 3441 1344 morte,
3472 1288 3531 1334 et

1956 1375 2023 1429 de
2051 1374 2175 1429 ﬁliis
2203 1375 2547 1429 tenebrarum
2595 1373 2690 1428 ﬁlii
2720 1373 2877 1439 lucis,
2903 1381 2958 1427 et
2998 1372 3064 1426 de
3102 1370 3248 1424 vasis
3277 1370 3373 1424 ira:
3397 1384 3528 1424 vasa

1957 1454 2129 1521 simus
2152 1466 2537 1521 misericordia
2562 1464 2760 1521 eﬁ'ecti.
2786 1464 3019 1520 Proinde
3047 1469 3261 1533 oportet
3285 1470 3343 1516 ut
3362 1477 3534 1516 unus-

1958 1559 2187 1630 quisque
2230 1558 2403 1615 ﬁrlelis
2452 1565 2713 1630 agnoscat
2756 1557 2845 1612 ubi
2903 1556 3095 1610 merito
3139 1554 3421 1617 corruerit,
3471 1561 3535 1608 et

1957 1650 2101 1704 unde
2123 1665 2223 1720 per
2245 1651 2533 1720 gratuitam
2571 1648 2774 1704 Christi
2817 1648 3072 1719 pietatem
3113 1658 3297 1702 erutus
3340 1645 3528 1711 fuerit,

1958 1747 2014 1795 et
2040 1748 2248 1795 tantum
2276 1748 2577 1810 ereptorem
2608 1749 2661 1793 et
2683 1738 3024 1793 liberatorem
3057 1745 3168 1791 toto
3189 1736 3373 1799 corde,
3414 1743 3526 1789 tota

1958 1831 2160 1897 anima,
2184 1838 2296 1885 tota
2320 1831 2521 1885 virtute
2544 1829 2765 1900 diligere
2792 1837 3017 1899 satagat,
3056 1836 3111 1882 et
3148 1829 3214 1881 ab
3256 1841 3442 1881 amore
3465 1824 3531 1879 il-

267 1912 512 1979 duxerit,
541 1913 712 1969 altera
740 1913 828 1970 die
851 1915 1147 1973 stabulario
1177 1916 1316 1974 duos
1339 1918 1589 1976 denarios
1616 1921 1685 1976 ad
1721 1937 1848 1977 sau-
1878 1897 1926 1957 Β
1953 1922 2058 1976 lius
2087 1923 2140 1976 in
2168 1921 2314 1977 nullo
2341 1929 2577 1992 tepescat
2606 1939 2619 1987 ;
2647 1897 2746 1976 sed
2769 1897 2931 1976 omne
2956 1928 3165 1990 tempus
3185 1918 3309 1972 vita:
3340 1932 3450 1971 sua:
3470 1916 3526 1970 in

267 2003 419 2059 cium
462 2005 758 2061 sanandum
799 2007 1125 2078 protulerit;
1169 2016 1225 2064 et
1256 2008 1311 2064 id
1350 2010 1493 2081 quod
1524 2027 1689 2083 supra
1730 2028 1853 2068 ero-

265 2103 458 2166 gasset
476 2096 692 2155 rediens
712 2112 773 2153 se
812 2097 1111 2154 rediturum
1136 2099 1448 2169 promiserit
1481 2100 1633 2172 (Luc.
1660 2119 1715 2168 ι,
1735 2103 1848 2175 55).

266 2185 479 2243 Scribit
504 2188 687 2259 itaque
711 2188 1042 2261 Augustinus
1069 2190 1125 2246 in
1143 2189 1283 2247 libro
1312 2189 1633 2247 Sermonum
1664 2194 1731 2249 ad
1757 2209 1853 2263 po-

262 2278 489 2349 pulum:
518 2299 540 2332 α
564 2279 772 2350 Lapsus
799 2281 993 2338 invidit
1030 2283 1215 2349 stanti,
1257 2297 1487 2354 eumque
1514 2281 1726 2351 deiecit,
1757 2284 1852 2340 sed

264 2369 523 2428 Christus
542 2371 876 2430 descendens
896 2374 1169 2443 iacentem
1192 2378 1387 2434 erexit.
1414 2396 1432 2429 ι
1460 2377 1662 2435 Scribit
1686 2379 1851 2433 etiam

262 2461 323 2517 in
340 2461 484 2519 libro
504 2464 852 2522 Enchiridion
876 2465 1030 2538 (Cap.
1055 2470 1250 2541 nam)
1270 2488 1282 2523 :
1302 2490 1321 2523 ς
1345 2469 1652 2527 Tenebatur
1669 2480 1851 2528 autem

257 2553 410 2625 insta
452 2554 799 2612 damnatione
837 2572 1007 2630 genus
1036 2560 1432 2626 humanum,et
1463 2576 1653 2617 omnes
1694 2568 1850 2617 erant

264 2647 365 2703 lilii
388 2648 508 2703 irai.
558 2646 637 2702 De
659 2663 763 2718 qua
795 2648 873 2703 ira
904 2650 1167 2721 scriptum
1201 2661 1322 2706 est:
1372 2650 1638 2717 Quoniam
1674 2669 1849 2707 omnes

261 2740 381 2793 dies
402 2740 572 2795 nostri
595 2739 919 2810 defecerunt,
956 2752 1005 2796 et
1035 2743 1091 2797 in
1119 2743 1200 2798 ira
1228 2752 1322 2798 tua
1365 2745 1667 2815 defecimus.
1709 2746 1850 2801 Anni

252 2822 439 2887 ’ποαῆ
475 2833 613 2887 sicut
646 2848 840 2890 aranea
878 2834 1268 2891 meditabantur
1309 2835 1483 2907 (Psal.
1523 2854 1741 2899 unm
1768 2838 1845 2909 9).

260 2922 348 2979 De
379 2938 489 2994 qua
514 2923 596 2979 ira
633 2924 765 2980 dicit
788 2926 954 2981 etiam
984 2924 1123 2983 Job:
1151 2926 1324 2983 Homo
1346 2938 1502 2984 natus
1521 2945 1587 2984 es
1607 2930 1847 2997 muliere,

260 3013 436 3068 breuis
489 3016 607 3069 vitta
634 3025 684 3069 et
727 2999 910 3085 plenus
950 3018 1046 3072 ira:
1089 3015 1232 3090 (Job.
1258 3034 1371 3085 xiv,
1421 3018 1494 3091 1).
1527 3020 1602 3075 De
1626 3035 1732 3090 qua
1766 3020 1847 3075 ira

259 3106 401 3162 dicit
427 3106 687 3163 Dominus
710 3106 866 3163 Jesus
891 3107 1139 3165 Christus
1165 3127 1179 3164 :
1223 3109 1327 3176 Qui
1368 3111 1529 3166 credit
1559 3112 1613 3164 in
1647 3109 1848 3166 Filium

1950 2012 2071 2083 eius
2100 2012 2324 2068 servitio
2350 2013 2607 2066 insumat.

2582 2125 2808 2182 CAPUT
2837 2124 2899 2181 ll.

1952 2215 2104 2283 Quod
2125 2216 2178 2271 in
2211 2216 2516 2288 baptismate
2543 2227 2685 2270 vetus
2715 2216 2867 2288 homo
2902 2224 3144 2279 eruatur,
3167 2222 3214 2266 et
3246 2226 3405 2288 novus
3443 2208 3527 2263 in-

2017 2287 2231 2348 duatur.
2263 2282 2311 2342 et
2333 2287 2539 2341 Christo
2566 2287 2958 2349 commoriatur,
2980 2294 3026 2338 et
3055 2282 3449 2352 consepeliatur.

2018 2376 2337 2432 Exuendum
2362 2383 2599 2430 veterem
2627 2375 2898 2430 hominem
2925 2389 3048 2428 cum
3077 2373 3285 2427 actibus
3311 2371 3445 2433 suis,
3471 2376 3528 2423 et

1948 2467 2278 2523 induendum
2304 2482 2503 2522 novum
2529 2464 2818 2537 Apostolus
2845 2465 3096 2518 admonet
3117 2463 3333 2517 dicens:
3366 2459 3531 2514 Exui—

1948 2570 1997 2614 te
2025 2575 2110 2613 vos
2133 2570 2351 2613 reterem
2386 2558 2647 2612 hominem
2677 2574 2793 2611 cum
2819 2556 3019 2610 actibus
3048 2556 3158 2609 suis
3186 2571 3204 2616 ;
3249 2562 3296 2607 et
3323 2552 3528 2606 induite

1950 2667 2136 2705 novum
2165 2652 2253 2722 qui
2279 2659 2557 2705 renovatur
2593 2650 2647 2704 in
2685 2649 3000 2720 agnitionem
3028 2647 3127 2701 Dei
3158 2645 3294 2719 (Col.
3318 2662 3400 2711 ιιι,
3443 2645 3523 2715 9).

1947 2741 2013 2796 Et
2036 2742 2176 2796 idem
2203 2743 2371 2797 alibi:
2420 2742 2680 2813 Quotquot
2708 2752 2881 2795 autem
2930 2742 2984 2795 in
3028 2738 3234 2795 Christo
3279 2742 3527 2811 baptismi

1946 2838 2090 2901 estis,
2112 2836 2374 2891 Christum
2401 2837 2643 2900 induistis
2674 2833 2813 2906 (Cal.
2848 2852 2927 2899 ιιι,
2959 2833 3073 2905 27).
3101 2834 3229 2888 Item
3256 2849 3271 2888 :
3316 2833 3527 2890 Induite

1946 2945 2036 2983 vos
2059 2927 2340 2983 Dominum
2366 2928 2546 2982 Jesum
2576 2927 2837 2981 Christum
2861 2926 3031 2994 (Rom.
3056 2942 3173 2990 xm,
3208 2924 3314 2998 14).
3348 2925 3476 2979 Item
3508 2945 3522 2981 :

1945 3017 2157 3074 Induite
2186 3034 2369 3071 novum
2394 3017 2653 3071 hominem
2677 3019 2763 3088 qui
2792 3016 3077 3071 secundum
3110 3015 3276 3070 Deum
3320 3026 3526 3072 creatus

1946 3121 2021 3166 est
2051 3110 2264 3182 (Ephes.
2290 3124 2363 3174 iv,
2387 3108 2499 3178 ‘25).
2533 3107 2640 3175 lste
2664 3108 2858 3177 quippe
2891 3116 2974 3161 est
3002 3122 3172 3161 novus
3200 3108 3381 3172 homo,
3412 3123 3521 3176 quo

256 3193 392 3261 Dei,
417 3196 571 3250 habet
612 3197 771 3252 vitam
811 3207 1102 3264 atemam;
1148 3200 1236 3271 qui
1272 3209 1446 3254 autem
1486 3217 1588 3255 non
1610 3202 1771 3255 credit
1790 3202 1848 3255 in
1873 3245 1916 3271 η
1947 3203 2187 3259 universi
2208 3202 2489 3258 credentes
2514 3200 2772 3255 debemus
2792 3199 2938 3253 indui
2961 3209 3119 3269 atque
3142 3198 3355 3253 vestiri:
3384 3200 3527 3253 unde

257 3284 433 3351 Filio,
474 3305 578 3343 non
616 3291 745 3355 vita,
779 3290 872 3345 sed
893 3292 976 3345 ira
1002 3290 1106 3347 Dei
1125 3301 1299 3347 manet
1336 3310 1491 3365 super
1509 3310 1625 3348 cum
1660 3292 1841 3367 (Joan.

257 3396 346 3446 ιιι,
372 3380 497 3453 56);
529 3397 636 3436 non
656 3382 734 3437 sit
772 3383 973 3450 veniet,
1011 3384 1107 3439 sed
1136 3393 1354 3452 manet;
1407 3402 1529 3442 cum
1560 3402 1622 3441 ea
1651 3387 1847 3457 quippe

257 3472 447 3527 omnis
468 3473 633 3527 homo
655 3473 926 3529 nascitur:
958 3483 1185 3545 propter
1198 3477 1342 3545 quod
1362 3475 1493 3530 dicit
1518 3454 1840 3546 Apostolus:

256 3562 493 3619 Fuimus
515 3573 564 3619 et
588 3582 680 3619 nos
709 3575 899 3620 natura
922 3566 1022 3636 ﬁlii
1047 3568 1164 3634 irw,
1190 3569 1326 3622 sicut
1352 3578 1402 3623 et
1424 3570 1597 3629 σωτενὶ
1627 3568 1840 3641 (Ephes.

216 3648 223 3653 ’
258 3671 320 3721 ιι,
352 3656 435 3727 3).
472 3656 530 3711 ln
564 3658 667 3713 hac
689 3657 889 3728 quippe
912 3673 1034 3713 cum
1062 3667 1244 3714 essent
1282 3660 1529 3714 homines
1558 3674 1651 3730 per
1679 3657 1846 3730 origi-

256 3748 387 3804 nale
413 3757 711 3819 pcccatum,
739 3756 890 3804 tanto
913 3750 1129 3820 gravius
1154 3758 1210 3805 et
1236 3750 1610 3821 perniciosius,
1643 3760 1845 3822 quanto

253 3841 472 3911 maiora
513 3840 598 3894 vel
643 3840 799 3912 plura
842 3841 1063 3911 insuper
1107 3841 1433 3896 addiderunt
1458 3883 1473 3907 ,
1505 3843 1844 3898 necessarius

253 3942 383 3989 erat
407 3931 690 3997 mediator,
722 3932 829 3988 hoc
855 3941 939 3989 est
965 3934 1366 3999 reconciliator,
1398 3935 1488 4005 qui
1521 3936 1662 3991 hanc
1703 3937 1841 3991 iram

253 4023 440 4097 (cuius
485 4034 645 4081 erant
687 4025 893 4081 umbrae
939 4027 1119 4081 omnia
1157 4028 1421 4083 sacriﬁcia
1467 4029 1598 4102 legis
1637 4041 1688 4084 et
1717 4045 1843 4101 pro-

252 4116 574 4190 phetarum)
608 4116 881 4173 oblatione
927 4119 1167 4189 placaret
1212 4118 1400 4192 (Hebr.
1444 4136 1558 4184 vui,
1591 4122 1624 4176 6
1647 4162 1661 4185 ,
1693 4131 1739 4175 et
1766 4138 1839 4188 ix,

255 4207 373 4279 11).
403 4206 558 4263 Unde
584 4208 716 4263 dicit
739 4207 1063 4278 Apostolus:
1097 4209 1159 4266 Si
1175 4212 1310 4266 enim
1336 4227 1452 4265 cum
1487 4212 1686 4267 inimici
1710 4230 1843 4267 esse-

252 4315 399 4365 mus,
431 4299 753 4355 reconciliati
795 4318 974 4355 sumus
1010 4301 1121 4356 Deo
1162 4318 1256 4373 per
1291 4312 1504 4356 mortem
1530 4302 1657 4357 Filii
1690 4305 1839 4375 ejus:

253 4389 426 4447 multo
446 4390 618 4461 ntagis
642 4406 776 4445 nunc
798 4390 1122 4446 reconciliati
1147 4392 1202 4446 in
1236 4392 1491 4463 sanguine
1526 4394 1661 4464 ejus,
1704 4394 1838 4450 salvi

252 4483 455 4538 erimus
473 4483 540 4537 ab
565 4484 648 4537 ira
670 4500 764 4555 per
781 4484 948 4555 ipsum
972 4484 1143 4558 (Rom.
1176 4500 1227 4551 v,
1252 4485 1361 4557 l0).

1949 3297 2206 3351 scribitur
2234 3295 2289 3349 in
2319 3291 2646 3365 Apocalypsi
2678 3310 2690 3346 :
2720 3291 2915 3345 Beatus
2939 3291 3027 3362 qui
3071 3290 3245 3362 vigilat
3273 3300 3321 3345 et
3352 3301 3526 3347 custo-

1946 3388 2023 3441 dit
2045 3385 2342 3441 vestimenta
2370 3401 2490 3450 sua,
2513 3400 2575 3437 ne
2602 3382 2772 3436 nudus
2799 3381 3044 3448 ambulet,
3067 3392 3113 3436 et
3145 3392 3391 3453 appareat
3411 3393 3528 3436 tur-

1944 3483 2125 3552 pitudo
2154 3480 2267 3551 ejus
2292 3478 2475 3552 (Apoc.
2498 3494 2610 3543 xvr,
2636 3476 2743 3543 15).
2772 3476 2841 3530 Et
2871 3476 2923 3530 in
2963 3474 3325 3529 Ecclesiaste:
3368 3475 3524 3529 Omni

1944 3584 2171 3643 tempore
2193 3571 2293 3625 sint
2336 3570 2637 3623 vestimenta
2672 3577 2764 3620 tua
2802 3565 3050 3630 candida,
3077 3575 3126 3619 et
3153 3564 3322 3619 oleum
3347 3564 3411 3618 de
3434 3581 3522 3618 ca.

1941 3666 2047 3737 pite
2075 3674 2164 3718 tuo
2185 3680 2289 3718 non
2309 3660 2515 3730 deﬁciat
2547 3656 2771 3732 (Eccles.
2791 3674 2869 3723 ix,
2892 3657 2968 3730 8).
2991 3654 3160 3724 llnjus
3183 3671 3375 3726 nempe
3399 3655 3523 3709 novi

1945 3755 2178 3812 hominis
2203 3752 2530 3809 indumentis
2550 3751 2730 3806 vestiti
2750 3758 2927 3815 erant,
2950 3748 3016 3803 de
3037 3747 3232 3817 quibus
3256 3747 3307 3800 in
3330 3746 3520 3801 eadem

1941 3829 2263 3919 Apocalypsi
2300 3845 2536 3917 legitur:
2571 3842 2752 3897 Habeo
2772 3857 2940 3911 pauca
2968 3839 3179 3892 nomina
3215 3840 3270 3891 in
3310 3835 3518 3905 Sardis,

1941 3939 2030 4009 qui
2055 3954 2157 3992 non
2178 3937 2576 4008 inquinarerunt
2598 3932 2897 3986 vestimenta
2914 3946 3035 3996 sua,
3056 3939 3102 3982 et
3125 3926 3518 3981 ambulaverunt

1941 4047 2142 4084 mecum
2180 4029 2234 4083 in
2276 4027 2427 4081 albis.
2464 4025 2565 4090 Qui
2594 4023 2794 4086 vicerit,
2822 4022 2896 4075 sic
2943 4020 3185 4073 vestietur
3208 4015 3522 4071 vestimentis

1942 4121 2094 4186 albis,
2116 4129 2164 4174 et
2188 4134 2289 4173 non
2319 4115 2495 4172 delebo
2536 4129 2723 4167 nomen
2758 4112 2872 4182 ejus
2900 4110 2964 4164 de
2999 4108 3131 4164 libro
3174 4110 3291 4163 vitm
3333 4107 3518 4179 (Apoc.

1941 4228 2027 4277 ιιι,
2056 4190 2134 4283 4).
2186 4207 2357 4277 Hujus
2398 4207 2563 4262 etiam
2606 4203 2730 4259 novi
2781 4202 3017 4257 hominis
3068 4200 3397 4256 indumentis
3423 4212 3521 4253 ne-

1941 4310 2146 4375 queunt
2190 4300 2378 4356 vestiri
2427 4296 2743 4370 hypocriten,
2772 4301 2827 4349 et
2871 4291 3240 4362 huiuscemodi
3287 4305 3519 4360 nequam

1940 4394 2204 4451 homines.
2235 4390 2369 4445 Nam
2407 4389 2498 4459 qui
2527 4386 2644 4456 eius
2686 4384 3048 4449 vestimentis,
3097 4382 3151 4438 id
3182 4389 3267 4437 est
3304 4379 3520 4435 virtuti-

1938 4487 2060 4552 bus,
2088 4483 2357 4540 veraciter
2386 4479 2548 4536 l‘uerit
2588 4478 2828 4543 indutus,
2860 4475 3054 4531 merito
3099 4474 3298 4545 poterit
3334 4473 3517 4529 dicere

328 4575 533 4632 Scribit
562 4577 727 4633 etiam
755 4576 988 4649 Prosper
1012 4591 1038 4619 α
1064 4598 1076 4633 :
1105 4598 1124 4632 ‹
1171 4577 1231 4635 ln
1275 4579 1445 4635 Adam
1488 4580 1667 4636 omnia
1696 4581 1835 4636 bona
1863 4602 1913 4661 ι)
1938 4595 2061 4636 cum
2088 4575 2343 4649 Apostolo
2368 4591 2382 4628 :
2420 4573 2546 4628 Vivo
2570 4580 2769 4636 autem,
2803 4569 2922 4641 jam
2947 4584 3051 4624 non
3086 4583 3220 4640 ego;
3255 4567 3375 4621 vivit
3396 4583 3516 4621 vero

249 4682 383 4740 quae
405 4669 679 4738 potuimus
706 4666 929 4736 habere,
952 4669 1285 4741 perdidimus
1309 4687 1324 4730 :
1354 4670 1407 4725 in
1436 4669 1650 4726 Christo
1672 4670 1837 4726 etiam

250 4756 490 4827 majora,
535 4767 591 4814 et
636 4759 755 4815 sine
802 4758 910 4815 ﬁne
957 4761 1202 4816 habenda
1256 4764 1523 4832 recepturi
1553 4777 1757 4827 sumus,
1789 4761 1836 4817 si

245 4862 666 4922 perseverantes
690 4851 808 4920 eius
835 4852 1060 4924 vestigia
1090 4862 1388 4910 teneamus.
1419 4854 1591 4909 Adam
1616 4870 1715 4910 nos
1742 4854 1838 4909 ob-

246 4941 503 4998 noxiavit
526 4944 683 5000 malis
708 4945 960 5000 omnibus
985 4960 1082 5015 per
1112 4946 1383 5016 pr0priam
1408 4946 1639 5017 culpam,
1667 4962 1696 5000 a
1723 4946 1837 5017 qni-

243 5032 363 5088 bus
389 5048 490 5089 nos
513 5032 767 5089 liberavit
794 5034 1056 5091 adventus
1100 5035 1301 5091 Christi
1328 5051 1422 5106 per
1447 5036 1698 5106 gratiam.
1743 5034 1835 5091 ille

246 5123 313 5179 in
345 5140 446 5180 nos
470 5125 682 5195 culpam
712 5142 865 5181 suam
896 5127 1198 5184 transmisit
1243 5143 1307 5183 ac
1340 5143 1594 5198 poenam;
1629 5129 1718 5184 hic
1746 5128 1839 5198 qui

245 5213 473 5285 culpam
496 5225 735 5271 nostram
761 5218 1056 5288 suscipere,
1079 5227 1139 5272 ut
1156 5226 1280 5289 pote
1297 5227 1586 5288 conceptus
1606 5227 1662 5273 et
1682 5227 1839 5275 natus

243 5306 374 5360 sine
398 5315 622 5377 peccato
648 5323 754 5363 non
784 5309 979 5378 potuit,
1004 5308 1069 5363 de
1114 5309 1451 5378 susceptione
1489 5324 1661 5379 poenae
1690 5307 1717 5349 δ
1743 5324 1840 5363 no-

241 5408 387 5455 stra:
414 5398 627 5468 culpam
651 5409 895 5456 nostram
935 5399 1096 5456 simul
1144 5399 1378 5455 abolevit
1402 5407 1457 5453 et
1501 5416 1750 5471 poenam;
1784 5408 1841 5456 et

239 5499 311 5547 ut
343 5499 521 5551 totum
567 5492 763 5557 dicam,
814 5492 986 5549 Adam
1039 5493 1237 5564 eripuit
1293 5492 1450 5549 nobis
1498 5492 1829 5562 paradisum,

241 5582 508 5641 Christus
536 5585 757 5642 donavit
777 5595 834 5642 et
855 5587 1072 5643 cadum.
1102 5607 1118 5640 ι
1151 5586 1308 5643 Patet
1348 5585 1511 5658 igitur
1531 5586 1657 5656 quia
1689 5585 1832 5643 idem

327 5716 492 5844 ὶιιὲιό
512 5716 757 5776 Julianus
773 5718 1073 5791 Pomerius,
1100 5721 1168 5778 de
1192 5719 1317 5777 Vita
1342 5722 1711 5794 contemplat.,
1738 5722 1834 5779 lib.

247 5801 808 5935 n’f.0?s.ttsceptionc
841 5879 1023 5936 ptena’.
1060 5862 1118 5920 ιιι
1146 5865 1311 5936 priori
1346 5863 1600 5931 editione,
1632 5864 1696 5922 de
1722 5882 1839 5921 sus-

1940 4676 1996 4729 in
2022 4689 2103 4727 me
2130 4669 2368 4726 Christus
2398 4664 2541 4739 (Gal.
2566 4683 2626 4732 ιι,
2648 4663 2762 4737 20).

2012 4764 2178 4821 Vetus
2199 4760 2394 4832 quippe
2418 4761 2580 4815 homo
2605 4757 2732 4827 quid
2761 4763 2868 4823 est,
2902 4755 3005 4811 nisi
3035 4755 3146 4810 vita
3176 4754 3326 4826 prior
3350 4770 3513 4825 quam

1941 4855 2190 4912 duximus
2236 4853 2291 4908 in
2351 4851 2622 4924 peccatis?
2672 4849 2853 4907 Novus
2897 4851 3060 4907 homo
3095 4850 3225 4920 quid
3257 4858 3359 4916 est,
3407 4849 3514 4906 nisi

1940 4945 2206 5011 Christus,
2237 4945 2330 5015 qui
2361 4952 2445 5001 est
2469 4943 2653 5013 utique
2675 4941 2907 5011 iustitia,
2942 4949 2997 4997 et
3023 4941 3242 5008 veritas,
3284 4950 3342 4997 et
3382 4957 3512 4997 san-

1941 5036 2198 5094 ctiﬁcatio
2230 5054 2243 5090 :
2276 5037 2359 5092 cui
2378 5036 2532 5107 iuxta
2558 5032 2873 5103 Apostolnm
2900 5033 3289 5088 eommorimur
3306 5040 3362 5087 et
3384 5047 3517 5085 cono

1939 5129 2231 5200 sepelimur
2259 5128 2314 5182 in
2339 5127 2663 5197 baptismate
2688 5165 2704 5191 ,
2733 5125 2875 5180 sicut
2898 5124 3012 5194 ipse
3045 5124 3121 5178 ait
3148 5137 3165 5178 :
3195 5123 3275 5176 An
3302 5123 3515 5191 ignora-

1940 5219 2007 5274 tis
2055 5218 2301 5291 quoniam
2349 5216 2639 5288 quicunque
2685 5215 2933 5287 baptisati
2976 5231 3161 5271 sumus
3199 5214 3255 5268 in
3303 5212 3510 5266 Christo

1937 5314 2089 5380 Iesu,
2132 5313 2187 5367 in
2211 5319 2377 5366 morte
2403 5309 2565 5380 ipsius
2596 5309 2845 5380 boptisati
2868 5309 3079 5362 sumus?
3113 5305 3284 5378 (Rom.
3320 5319 3398 5370 vi,
3426 5301 3509 5374 '5.)

1923 5398 2071 5475 'Quaa
2111 5406 2278 5461 verba
2316 5404 2505 5460 beatus
2541 5401 2872 5475 Augustinus
2897 5412 2919 5440 α
2953 5400 3026 5455 ita
3082 5397 3343 5469 exponit:
3382 5415 3401 5447 ‹
3435 5395 3511 5452 Ut

1935 5494 2073 5550 nihil
2105 5493 2247 5550 aliud
2291 5493 2343 5548 in
2365 5491 2581 5549 Christo
2621 5493 2947 5563 baptismum
2986 5488 3366 5557 intelligamus,
3402 5486 3509 5542 nisi

1937 5585 2130 5643 mortis
2193 5582 2398 5640 Christi
2448 5581 2892 5648 similitudinem;
2945 5579 3084 5635 nihil
3129 5588 3310 5637 autem
3353 5577 3509 5633 ‘aliud

1936 5720 2380 5799 ceptignecuipte,
2400 5719 2697 5799 quodjerri
2727 5734 2835 5776 non
2857 5700 3093 5789 poterat.

2012 5805 2035 5835 ε
2063 5791 2339 5851 Enchit‘id.
2510 5791 2581 5847 52
