4008 6192
523 431 621 488 127

1550 427 1739 485 JONIE
1777 425 2318 484 AURELIANENSIS
2353 421 2647 480 EPlSCOPl

3605 420 3708 476 128

516 571 743 620 mortem
786 558 981 616 Christi
1026 559 1289 624 cruciﬁxi,
1339 560 1440 615 nisi
1483 562 1812 617 remissionis
1855 560 2059 631 peccati
2087 565 2138 623 Α
2163 565 2340 613 menta
2380 557 2530 633 scire.
2560 555 2807 620 voluerit,
2860 554 3070 608 noverit
3100 551 3216 621 ejus
3249 553 3556 608 indumenta
3593 568 3720 610 esse

516 651 915 710 similitudinem
950 668 963 703 :
997 660 1053 704 ut
1081 652 1524 719 quemadmodum
1555 653 1605 706 in
1645 653 1732 707 illo
1765 668 1892 707 vera
1918 666 2062 705 mors

516 745 660 797 facta
709 750 807 805 est,
855 741 933 795 sic
961 741 1013 794 in
1043 741 1196 794 nobis
1246 741 1337 794 liat
1376 755 1503 796 vera
1543 743 1786 796 remissio
1818 750 2065 812 peccato-

515 847 666 895 rum;
698 839 750 884 et
775 829 1221 898 quemadmodum
1250 829 1302 881 in
1341 829 1431 884 illo
1458 846 1583 885 vera
1618 830 1962 893 resurrectio,
1993 830 2064 885 ita

519 921 573 973 in
612 919 765 973 nobis
808 932 935 972 vera
983 917 1313 987 justiﬁcatio.
1347 939 1364 970 ι
1397 919 1463 972 Et
1505 920 1662 984 idem,
1694 929 1814 989 post
1856 934 2061 989 pauca:

519 1027 539 1060 ι
575 1009 818 1074 Mortem,
851 1011 1041 1078 inquit,
1084 1009 1282 1064 Christi
1317 1012 1396 1066 sic
1438 1012 1732 1066 insinuavit.
1757 1014 2064 1082 Apostolus,

515 1098 757 1151 utetiam
795 1098 966 1166 ipsum
1004 1107 1269 1152 mortuum
1310 1114 1427 1154 esse
1454 1099 1656 1154 diceret
1688 1110 1936 1168 peccato;
1979 1101 2067 1156 cui

515 1195 756 1255 peccato,
790 1187 891 1240 nisi
922 1187 1097 1241 carnis
1124 1187 1177 1241 in
1207 1204 1311 1256 qua
1343 1200 1478 1255 erat,
1511 1206 1614 1245 non
1644 1201 1942 1259 peceatum,
1976 1193 2070 1247 sed

519 1276 813 1330 similitudo
859 1277 1037 1331 carnis
1077 1280 1301 1346 peccati,
1342 1290 1396 1334 et
1430 1280 1548 1335 ideo
1587 1283 1802 1336 nomine
1847 1283 2073 1353 appellat

516 1369 760 1436 peccati?
802 1369 1096 1437 Baptizaris
1131 1371 1307 1439 itaque
1334 1372 1386 1425 in
1426 1383 1598 1427 morte
1625 1375 1856 1440 Christi,
1883 1376 1938 1430 in
1968 1392 2073 1446 qua

519 1472 628 1510 non
657 1457 754 1512 soli
787 1459 1039 1527 majores,
1067 1472 1250 1513 verum
1281 1461 1443 1515 etiam
1479 1465 1684 1531 parvuli
1713 1465 2070 1535 baptizantur.

518 1546 652 1602 Ait:
689 1545 780 1600 Sic
820 1554 875 1600 et
914 1562 1028 1611 vos,
1069 1547 1122 1601 id
1167 1557 1269 1613 est,
1317 1552 1762 1618 quemadmodum
1810 1553 2073 1617 Christus,

523 1636 615 1693 Sic
645 1647 805 1691 etvos
829 1639 1114 1692 existimate
1142 1655 1225 1693 vos
1251 1650 1479 1694 mortuos
1505 1658 1614 1695 esse
1640 1653 1867 1713 peccato,
1909 1646 2076 1700 vivere

523 1736 699 1778 autem
727 1725 830 1779 Deo
857 1727 912 1778 in
933 1725 1136 1778 Christo
1169 1727 1295 1780 Jesu
1326 1727 1509 1797 (Ibid.,
1539 1730 1676 1799 11).»
1712 1730 1909 1785 Scribit
1937 1733 2076 1786 idem

527 1813 810 1882 Apostolus
839 1815 905 1867 ad
935 1812 1308 1870 Colossenses:
1341 1817 1536 1871 Μονιαὶ
1569 1821 1705 1872 enim
1735 1823 1874 1887 estis,
1902 1831 1950 1875 et
1976 1823 2078 1876 vita

527 1910 695 1954 vestra
719 1900 1017 1953 abscondita
1047 1912 1118 1954 est
1146 1919 1264 1956 cum
1297 1903 1501 1959 Christo
1531 1907 1585 1960 in
1604 1907 1711 1960 Deo
1736 1907 1954 1979 (Coloss.
1997 1927 2076 1972 ιιι,

523 1989 601 2057 5).
647 1989 837 2043 Mortui
873 1991 1094 2057 scilicet,
1145 1993 1268 2061 quia
1314 1994 1366 2047 in
1405 2005 1576 2050 morte
1617 1999 1783 2066 ipsius
1828 1989 2081 2069 baptizati

527 2082 656 2136 estis
687 2100 700 2136 :
730 2089 785 2136 et
808 2083 1058 2151 quoniam
1089 2092 1230 2136 vetus
1250 2086 1400 2138 homo
1427 2096 1600 2140 noster
1626 2072 1780 2141 simul
1803 2092 2082 2160 cruciﬁxus

525 2181 604 2226 est
647 2188 762 2225 cum
786 2189 844 2225 eo
889 2171 1072 2243 (Rom.
1113 2189 1185 2238 vt,
1214 2174 1310 2245 6),
1355 2186 1566 2244 oportet
1603 2185 1661 2230 ut
1691 2179 1830 2233 sicut
1868 2192 2086 2251 propter

530 2276 631 2316 nos
651 2261 896 2316 Christus
924 2262 1232 2327 cruciﬁxus,
1262 2274 1522 2331 mortuus,
1555 2276 1610 2321 et
1634 2270 1870 2337 sepultus
1899 2283 2000 2336 est,
2032 2282 2086 2326 et

530 2350 854 2414 resurrexit,
895 2365 992 2404 nos
1022 2365 1232 2420 quoque
1259 2354 1326 2407 ad
1357 2356 1622 2422 passionis
1647 2374 1756 2412 suae
1786 2359 2086 2414 similitudio

533 2453 655 2492 nem
685 2437 982 2492 voluntates
1020 2447 1075 2492 et
1109 2440 1427 2508 cupiditates
1452 2453 1661 2498 nostras
1690 2445 2082 2515 cruciﬁgamus,

532 2538 586 2582 et
624 2529 676 2582 in
716 2529 1035 2596 baptismate
1065 2531 1378 2600 mysterium
1433 2535 1655 2599 mortis,
1703 2536 1988 2604 sepultura:
2032 2549 2088 2594 et

531 2619 943 2674 resurrectionis
983 2619 1099 2689 ejus
1142 2621 1429 2676 imitemur.
1477 2623 1608 2678 Item
1638 2626 1778 2681 idem
1811 2646 1822 2681 :
1860 2628 1920 2682 Si
1949 2631 2086 2685 enim

535 2711 729 2782 mortui
755 2726 932 2764 sumus
973 2727 1090 2763 cum
1129 2711 1351 2778 Christo,
1383 2714 1637 2770 credimus
1669 2718 1789 2788 quia
1822 2719 1977 2773 simul
2017 2723 2092 2776 vi-

445 2842 450 2848 .
532 2817 706 2856 bemus
733 2817 850 2854 cum
884 2818 944 2855 eo
970 2801 1155 2872 (Ibid.,
1186 2802 1261 2873 8).

438 2885 450 2897 ⁸
606 2889 996 2944 Elaborandum
1045 2899 1127 2945 est
1165 2892 1345 2962 itaque
1390 2902 1449 2947 ut
1495 2894 1559 2949 de
1606 2896 1853 2953 sordibus
1896 2899 2094 2956 veteris

533 2979 768 3034 hominis
813 2980 944 3034 nihil
989 2992 1261 3037 remaneat
1306 2984 1358 3037 in
1398 2986 1570 3041 nobis.
1619 2987 1865 3044 Christus
1912 3000 2093 3046 autem

536 3085 646 3124 non
680 3085 747 3125 ex
786 3078 956 3139 parte,
998 3073 1090 3126 sed
1120 3073 1342 3144 integer,
1373 3084 1454 3130 est
1473 3077 1782 3144 cruciﬁxus,
1811 3089 1871 3135 ut
1905 3097 2002 3136 nos
2029 3098 2096 3137 ex

537 3167 652 3214 toto
696 3161 986 3214 moriamur
1033 3173 1272 3231 peccato,
1323 3175 1378 3220 et
1397 3168 1636 3223 vivamus
1678 3169 1806 3225 Deo.
1847 3171 1937 3227 ille
1972 3189 2094 3229 vero

537 3250 673 3304 vivit
697 3251 821 3314 Deo,
852 3253 942 3321 qui
969 3251 1166 3308 Christi
1191 3257 1410 3327 vestigia
1441 3259 1734 3316 humilitate
1757 3303 1770 3327 ,
1799 3266 2097 3320 sanctiﬁea-
2121 3235 2166 3298 Ο

537 3340 684 3394 tione
714 3348 770 3394 et
814 3341 1012 3410 pietate
1048 3352 1299 3397 sectatur.
1345 3345 1454 3410 Ille,
1495 3348 1734 3417 inquam,
1781 3353 1915 3407 vivit
1962 3354 2094 3422 Deo,

539 3427 882 3499 efﬁciturque
903 3432 1152 3502 templum
1183 3432 1318 3501 ejus,
1347 3438 1437 3506 qui
1465 3442 1746 3510 praeceptis
1767 3444 2094 3513 coelestibus,

536 3535 657 3589 qua:
691 3521 813 3575 novi
844 3522 1074 3577 hominis
1109 3523 1340 3579 ediciunt
1374 3527 1771 3598 indumentum,
1816 3533 1975 3589 fuerit
2011 3552 2098 3590 ve-

537 3610 734 3676 stitus;
776 3611 969 3680 quibus
1014 3614 1229 3668 carebat
1275 3615 1364 3671 ille
1405 3619 1496 3686 qui
1530 3634 1651 3673 cum
1699 3630 1844 3678 veste
1887 3627 2098 3682 sordida

538 3707 844 3762 convivium
886 3708 1182 3764 intraverat
1216 3712 1470 3782 nuptiale.
1513 3715 1652 3770 Dicit
1695 3725 1872 3773 autem
1911 3720 2100 3776 beatus

537 3802 894 3874 Hieronymus
916 3818 942 3845 ει
970 3807 1025 3860 in
1061 3811 1458 3864 commentariis
1489 3829 1500 3864 :
1541 3831 1558 3863 ι
1585 3810 1641 3866 Si
1672 3814 1793 3882 quis
1841 3815 2001 3885 igitur
2045 3817 2099 3870 in

537 3904 780 3966 tempore
811 3897 998 3964 judicii
1045 3899 1291 3954 inventus
1333 3899 1494 3955 fuerit
1537 3903 1638 3957 sub
1684 3906 1899 3960 nomine
1948 3905 2102 3960 Chri-

541 3985 717 4041 stiano
751 4000 860 4040 non
908 3986 1106 4042 habere
1142 3989 1516 4045 vestimentum
1567 3994 1822 4062 nuptiale,
1872 3996 1974 4052 hoc
2021 4004 2102 4052 est

537 4085 743 4132 vestem
788 4080 1183 4149 supercmlestis
1228 4081 1492 4150 hominis;
1546 4085 1639 4139 sed
1685 4094 1887 4141 vestem
1937 4087 2104 4158 pollu-

542 4176 675 4234 tam,
705 4169 759 4224 id
781 4179 864 4224 est
889 4173 1086 4228 veteris
1112 4174 1345 4230 hominis
1375 4176 1631 4244 exuvias;
1663 4177 1750 4233 hic
1777 4180 1953 4234 statim
1987 4195 2104 4234 cor-

539 4258 736 4327 ripitur
772 4267 827 4313 et
862 4261 1057 4315 dicitur
1084 4262 1133 4315 ei
1170 4277 1185 4316 :
1221 4264 1411 4329 Amice,
1451 4267 1708 4335 quomodo
1741 4269 1840 4321 huc
1860 4270 2105 4323 intrasti?

545 4346 760 4416 (Matth.
803 4365 936 4414 xxix,
967 4349 1072 4421 l2.)
1096 4350 1340 4406 Amicum
1380 4364 1534 4409 vocat
1565 4357 1705 4424 quod
1745 4357 1998 4412 invitatus
2023 4367 2106 4412 est

544 4434 612 4488 ad
653 4437 865 4504 nuptias
893 4455 906 4490 :
945 4439 1120 4508 arguit
1145 4440 1506 4509 impudentim,
1552 4445 1693 4513 quod
1723 4453 1869 4500 veste
1893 4447 2104 4500 sordida

2160 649 2538 712 innocentiam,
2574 645 2909 716 patientiam,
2951 644 3361 713 benignitatem,
3406 653 3724 699 mansuetus-

2160 740 2357 804 dinem,
2392 738 2570 802 ﬁdem,
2601 736 2976 800 humilitatem,
3003 734 3344 797 charitatem,
3374 734 3719 796 modestiam,

2162 827 2528 882 castimoniam
2553 825 2668 880 sine
2694 840 2797 895 qua
2829 839 2986 878 nemo
3012 823 3212 878 videbit
3236 822 3426 888 Deum,
3466 831 3521 876 et
3560 830 3727 877 caete-

2162 933 2250 972 ras
2299 917 2543 980 virtutes,
2587 929 2721 984 quas
2765 914 3104 969 dinumerare
3144 912 3359 984 longum
3393 919 3494 967 est.
3530 911 3726 966 Provi-

2164 1008 2288 1063 deat
2319 1007 2480 1061 etiam
2507 1019 2726 1059 necesse
2759 1012 2934 1059 estne
2970 1003 3037 1057 ad
3077 1009 3376 1073 peceatum,
3416 1002 3504 1056 cui
3546 1002 3602 1056 in
3629 1002 3732 1055 ba-

2163 1099 2415 1168 ptismate
2441 1104 2684 1151 mortuus
2711 1104 2812 1160 est,
2861 1095 3077 1158 redeat,
3127 1093 3380 1162 quoniam
3418 1107 3517 1148 nec
3549 1094 3733 1163 bapti-

2167 1204 2314 1244 smus
2339 1186 2522 1241 iterari
2549 1194 2747 1255 potest,
2775 1200 2878 1239 nec
2903 1185 3148 1240 Christus
3175 1199 3272 1254 pro
3296 1197 3360 1238 eo
3383 1183 3548 1238 semel
3575 1198 3732 1238 mor-

2169 1285 2290 1332 tuus
2332 1292 2543 1330 rursum
2590 1275 2655 1330 ad
2692 1275 2997 1345 passionem
3046 1274 3314 1328 rediturus
3351 1282 3451 1328 est.
3501 1273 3577 1328 De
3620 1288 3735 1342 qua

2166 1365 2451 1437 Apostolus
2478 1367 2554 1420 ait
2581 1384 2594 1418 :
2627 1365 2861 1420 Christus
2894 1381 3163 1434 resurgens
3196 1365 3463 1418 amortuis
3485 1365 3600 1432 jam
3623 1381 3736 1418 non

2169 1457 2408 1521 moritur,
2432 1472 2570 1509 mors
2594 1454 2672 1508 illi
2692 1455 2828 1508 ultra
2849 1472 2954 1510 non
2979 1453 3331 1508 dominabitur
3357 1453 3525 1524 (Rom.
3549 1470 3624 1520 v1,
3649 1455 3733 1512 9i.

2767 1566 2992 1623 CAPUT
3029 1566 3116 1621 Ill.

2173 1657 2243 1713 Ut
2269 1657 2446 1729 ﬁdeles
2469 1673 2668 1729 semper
2689 1657 2996 1729 meminisse
3032 1656 3244 1729 debeant
3271 1655 3406 1724 pacti
3443 1654 3580 1724 quod
3609 1670 3735 1707 cum

2599 1744 2656 1780 eo
2681 1727 2735 1781 in
2763 1727 3065 1796 baptismate
3091 1727 3342 1794 fecerunt.

2250 1838 2485 1892 Duarum
2527 1837 2833 1907 pactionum
2885 1837 3110 1891 nexibus
3154 1840 3519 1908 unusquisque
3562 1837 3747 1892 ﬁdelis

2107 1897 2154 1956 Β
2183 1929 2293 1984 1)εο
2318 1930 2371 1983 in
2393 1897 2712 1999 baptismate
2739 1944 2798 1983 se
2821 1929 3074 2000 obligavit
3099 1947 3112 1983 :
3145 1897 3449 2000 altera-qua.
3471 1931 3746 1986 abrenun-

2184 2020 2318 2073 tiare
2345 2018 2571 2084 diabolo,
2603 2027 2657 2072 et
2677 2019 2924 2073 omnibus
2959 2020 3211 2087 operibus
3243 2019 3378 2088 ejus,
3409 2031 3464 2076 et
3490 2023 3748 2078 omnibus

2183 2108 2389 2178 pompis
2412 2106 2557 2176 ejus;
2597 2108 2765 2162 altera
2789 2123 2892 2176 qua
2931 2124 2990 2163 se
3020 2109 3073 2162 in
3100 2109 3337 2175 Patrem,
3363 2121 3418 2166 et
3447 2112 3661 2178 Filium,
3685 2123 3750 2167 et

2184 2199 2441 2268 Spiritum
2483 2208 2723 2254 sanctum
2763 2200 2983 2255 credere
3028 2200 3302 2271 professus
3353 2213 3472 2270 est;
3508 2207 3645 2260 unde
3686 2214 3751 2260 et

2184 2291 2283 2344 sub
2305 2289 2541 2358 ejusdem
2586 2299 2785 2345 sancta
2825 2289 3102 2347 Trinitatis
3135 2293 3524 2350 invocationem
3567 2297 3755 2364 bapti-

2184 2379 2369 2432 smatis
2399 2379 2624 2450 gratiam
2674 2381 2917 2450 accipere
2953 2384 3265 2452 promeruit.
3318 2384 3374 2438 Si
3417 2387 3538 2454 quis
3579 2387 3756 2457 igitur

2183 2474 2304 2537 post
2337 2468 2702 2536 hujuscemodi
2735 2471 3254 2526 abrenuntiationem
3274 2512 3288 2536 ,
3323 2474 3651 2542 quibuslibet
3677 2475 3756 2529 il-

2186 2558 2411 2613 lecebris
2436 2560 2686 2616 vitiorum
2717 2561 2944 2626 illectus,
2989 2563 3056 2616 ad
3083 2579 3148 2617 ea
3175 2566 3368 2634 quibus
3396 2567 3746 2632 renuntiavit,

2188 2650 2437 2714 redierit;
2467 2666 2568 2706 nec
2610 2667 2715 2706 non
2761 2661 2816 2707 et
2842 2661 2964 2722 post
3005 2661 3165 2708 tanta:
3194 2653 3316 2708 ﬁdei
3344 2656 3754 2724 perceptionem

2189 2743 2244 2796 in
2269 2742 2618 2811 apostasiam,
2661 2753 2754 2796 aut
2780 2744 3125 2808 inﬁdelitatis,
3155 2752 3246 2798 aut
3287 2745 3549 2800 haeretica
3572 2750 3761 2814 pravi—

2189 2832 2336 2899 tatis,
2361 2841 2454 2887 aut
2494 2833 2719 2888 fraterni
2747 2835 3355 2904 schismatisprolapsus
3393 2835 3571 2902 fuerit,
3621 2853 3763 2906 pro-

2191 2922 2278 2978 cul
2311 2923 2470 2978 dubio
2507 2924 2789 2992 utriusque
2833 2925 3095 2994 pactionis
3136 2933 3502 2996 transgressor
3540 2927 3758 2982 existit.

2193 3011 2428 3078 Quarum
2455 3012 2644 3078 altera,
2670 3013 2792 3082 quia
2810 2999 3073 3082 (baptismi
3102 3006 3381 3068 iteratione
3409 3015 3612 3084 nequit,
3635 3029 3764 3083 p03-

2195 3101 2431 3156 nitentiae
2488 3101 2768 3165 lamentis,
2833 3101 3292 3171 eleemosynarum
3348 3101 3761 3172 largitionibus.

2195 3194 2509 3263 ezeterisque
2524 3193 2784 3248 bonorum
2803 3208 3023 3262 operum
3050 3193 3480 3249 exsecutionibus
3505 3194 3634 3249 dilui
3656 3210 3773 3264 po-

2198 3289 2318 3337 test.
2365 3282 2543 3338 Altera
2571 3298 2718 3346 vero,
2764 3298 2883 3352 qua:
2923 3284 3192 3352 praedictas
3235 3285 3565 3355 contagionis
3602 3284 3764 3354 lepra

2195 3372 2578 3427 commaculata
2618 3371 2802 3438 fuerit,
2855 3373 2960 3427 nisi
3008 3375 3110 3429 hac
3154 3375 3384 3443 primum
3413 3392 3507 3445 per
3550 3375 3766 3431 Christi

2195 3461 2421 3530 gratiam
2447 3462 2702 3527 caruerit,
2755 3470 2809 3516 et
2833 3462 2902 3515 ad
2936 3463 3193 3519 unitatem
3235 3464 3488 3520 Ecclesiae
3514 3465 3766 3534 redierit,

2196 3550 2441 3604 mundari
2470 3558 2525 3604 et
2570 3551 2806 3619 pristina:
2835 3551 2957 3607 ﬁdei
2987 3552 3240 3618 colorem,
3289 3554 3641 3623 sanitatisque
3681 3556 3769 3609 vi-

2196 3653 2376 3708 gorem
2408 3655 2725 3709 recuperare
2754 3655 2858 3694 non
2889 3642 3101 3710 poterit.

2265 3729 2399 3796 Quia
2439 3746 2566 3801 ergo
2603 3740 2814 3786 constat
2836 3733 2978 3801 quod
3021 3740 3238 3803 pr0pter
3265 3743 3544 3803 peccatum
3593 3735 3770 3805 primi

2197 3819 2432 3874 hominis
2459 3819 2736 3875 ﬂammeus
2759 3821 2846 3876 ille
2871 3821 3096 3891 gladius,
3125 3821 3277 3890 cujus
3303 3825 3456 3879 obice
3477 3823 3638 3892 janua
3668 3842 3774 3895 pa-

2199 3909 2360 3964 radisi
2406 3909 2708 3964 hominibus
2753 3911 3121 3978 claudebatur,
3161 3914 3215 3968 in
3261 3923 3607 3970 sacrosancto
3659 3917 3768 3970 ba-

2198 4002 2462 4071 ptismatis
2485 4002 2569 4058 fon
2579 4013 2628 4058 te
2647 4004 2940 4059 exstinctus
2958 4013 3058 4070 est,
3073 4014 3138 4064 et
3151 4006 3335 4060 eadem
3351 4005 3515 4074 janua
3539 4007 3773 4062 creden-

2197 4093 2342 4148 tibus
2366 4093 2650 4162 patel'acta,
2679 4102 2889 4162 oportet
2913 4104 2972 4149 ut
3000 4097 3176 4150 cuncti
3209 4095 3394 4150 ﬁdeles
3422 4097 3681 4165 pactionis
3710 4109 3776 4153 et

2199 4184 2518 4252 sponsionis,
2545 4201 2701 4255 quam
2727 4200 2850 4256 cum.
2874 4186 2982 4241 Deo
3007 4186 3092 4258 [in
3115 4187 3465 4260 baptismate]
3489 4188 3764 4255 fecerunt,

2201 4277 2307 4330 sint
2359 4291 2567 4347 semper
2614 4295 2918 4333 memores:
2956 4288 3288 4348 caveantque
3324 4294 3390 4332 ne
3438 4280 3776 4349 quibuslibet

2200 4365 2452 4421 vitiorum
2497 4367 2742 4422 sordibus
2781 4384 2839 4423 se
2869 4368 3216 4432 maculantes,
3264 4383 3371 4423 non
3403 4368 3570 4424 solum
3611 4383 3773 4424 eum-

2201 4459 2319 4513 dem
2348 4460 2448 4514 sibi
2479 4463 2834 4516 reaccendant
2870 4457 3048 4532 ignem
3067 4504 3080 4526 ,
3111 4477 3296 4516 verum
3336 4463 3498 4517 etiam
3530 4445 3772 4517 immun-

543 4525 1125 4634 tnunditias'polluerit
1165 4532 1446 4634 nuptiales:
1497 4533 1561 4587 At
1598 4533 1694 4634 ille
1740 4535 2010 4589 obmutuit.
2045 4536 2099 4590 In
2125 4575 2178 4634 Β
2203 4547 2326 4601 dum
2361 4549 2607 4618 spiritum
2641 4565 2672 4604 a
2701 4566 2760 4606 se
2801 4525 3039 4620 tempore
3070 4525 3414 4620 baptismatis
3459 4554 3768 4622 expulsum,

547 4621 786 4684 tempore
830 4616 920 4672 illo
958 4634 1063 4674 non
1113 4621 1216 4674 erit
1259 4621 1408 4677 locus
1434 4623 1772 4693 impudentiae
1798 4627 1848 4692 ι),
1880 4643 1979 4683 nec
2007 4643 2101 4703 ne:

544 4704 701 4773 gandi
749 4703 988 4771 facultas,
1040 4725 1160 4764 cum
1199 4727 1383 4768 omnes
1424 4715 1594 4784 angeli
1643 4723 1697 4770 et
1728 4719 1955 4773 mundus
1989 4720 2099 4788 ipse

544 4793 699 4848 testis
745 4796 814 4850 sit
860 4807 1223 4866 peccatorum.
1253 4822 1271 4853 ›
1303 4802 1532 4859 Proinde
1574 4805 1713 4861 scire
1757 4807 1913 4862 debet
1939 4825 2100 4864 unus-

544 4885 772 4956 quisque
800 4887 969 4944 ﬁdelis
1005 4891 1129 4960 quia
1166 4893 1268 4947 nisi
1310 4895 1412 4950 hoc
1438 4909 1576 4949 novo
1616 4895 1848 4962 homine,
1876 4899 2100 4956 Domino

543 4977 790 5033 videlicet
821 4979 1036 5036 Christo
1062 4983 1212 5049 Jesu,
1241 4983 1459 5040 indutus
1492 4984 1672 5052 fuerit,
1716 4986 1841 5043 licet
1876 4989 1929 5043 in
1969 5006 2103 5060 prae-

542 5071 681 5124 senti
710 5085 943 5142 purpura
975 5082 1028 5128 et
1055 5075 1228 5144 bysso,
1273 5091 1406 5132 auro
1440 5086 1495 5132 et
1520 5080 1744 5147 gemmis
1769 5089 1989 5136 ornatus
2016 5082 2100 5135 in-

543 5163 721 5227 cedat,
759 5163 1133 5221 miserabiliter
1169 5175 1348 5221 tamen
1384 5178 1545 5238 atque
1573 5169 1820 5224 ﬂebiliter
1851 5171 1906 5225 in
1932 5171 2100 5226 oculis

543 5252 737 5309 divinae
776 5252 1067 5322 majestatis
1102 5258 1274 5313 nudus
1301 5260 1482 5313 existit
1513 5277 1525 5311 ε
1557 5267 1612 5313 et
1637 5260 1679 5313 si
1711 5261 1763 5312 in
1809 5261 1910 5314 hac
1947 5262 2100 5315 nudi-

545 5351 655 5400 tate
695 5348 834 5401 diem
883 5348 1135 5404 clauserit
1183 5361 1500 5416 extremum,
1556 5367 1660 5405 non
1695 5351 1863 5406 solum
1906 5367 1934 5404 a
1975 5369 2099 5423 rege

545 5431 757 5492 Christo
783 5438 836 5491 in
861 5436 1039 5495 futuro
1077 5441 1418 5510 corripietur,
1461 5440 1553 5496 sed
1593 5442 1754 5496 etiam
1791 5457 1821 5494 a
1852 5443 2098 5512 nuptiali,

545 5532 851 5597 aeternoque
875 5532 1120 5586 convivio
1140 5531 1472 5587 excludetur.

613 5615 685 5669 At
712 5617 756 5672 si
782 5619 1044 5689 quispiam
1071 5638 1189 5692 qua:
1213 5622 1320 5677 sint
1349 5620 1508 5691 hujus
1533 5623 1656 5678 novi
1696 5624 1929 5680 hominis
1956 5625 2104 5680 indu-

618 5741 645 5809 ξι
669 5730 968 5809 Comment.
998 5739 1050 5809 in
1069 5739 1257 5795 Matth.
1283 5755 1400 5809 cap.
1423 5756 1554 5804 xxn,
1583 5756 1722 5795 vers.
1757 5742 1840 5795 Η.

619 5799 648 5841 δ
673 5800 844 5856 Locus
870 5804 1216 5875 impudentiw.
1249 5810 1336 5866 Sic
1349 5799 1593 5882 'optimus
1611 5813 1778 5872 codex
1802 5811 1944 5868 Clar.
1963 5815 2102 5883 quod

2205 4651 2323 4691 eum
2355 4642 2657 4709 septenario
2683 4641 2981 4696 dremonum
3012 4643 3113 4697 sibi
3135 4659 3359 4699 numero
3387 4646 3585 4711 addito,
3610 4645 3678 4698 ad
3704 4661 3772 4701 se

2204 4730 2376 4786 redire
2404 4730 2618 4798 faciant,
2659 4732 2892 4803 ﬁantque
2916 4734 3043 4799 illis,
3087 4742 3148 4789 ut
3175 4735 3433 4790 Dominus
3471 4737 3567 4802 ait,
3591 4737 3773 4790 novis-

2203 4823 2333 4876 sima
2357 4823 2537 4893 pejora
2571 4824 2828 4894 prioribus
2869 4824 3094 4896 (Matth.
3140 4841 3238 4892 xu,
3265 4825 3352 4896 4);
3383 4835 3438 4879 et
3478 4825 3776 4895 impleatur

2204 4911 2260 4965 in
2305 4913 2386 4966 eis
2424 4913 2562 4981 quod
2609 4913 2686 4967 ait
2731 4913 2920 4968 beatus
2970 4914 3160 4970 Petrus
3206 4915 3524 4985 apostolus:
3569 4913 3773 4968 Melius

2203 5001 2339 5053 enim
2366 5009 2474 5054 erat
2509 5000 2613 5054 illis
2652 5019 2754 5056 non
2793 5018 3095 5072 cognoscere
3134 5005 3269 5058 viam
3299 5005 3552 5074 justitire,
3605 5022 3778 5074 quam

2198 5099 2311 5159 post
2353 5092 2666 5160 agnitionem
2712 5102 2992 5147 retrorsum
3025 5096 3248 5148 converti
3296 5095 3360 5147 ab
3397 5112 3454 5148 eo
3489 5096 3627 5165 quod
3653 5104 3776 5148 tra-

2198 5181 2363 5234 ditum
2392 5191 2466 5235 est
2493 5183 2618 5249 illis,
2649 5193 2826 5237 sancto
2858 5184 3125 5239 mandato.
3156 5183 3489 5255 Apteturque
3513 5185 3591 5238 eis
3619 5187 3776 5252 quod

2200 5272 2340 5327 idem
2382 5282 2503 5343 post
2548 5290 2714 5344 pauca
2765 5275 3064 5331 ait:Canis
3114 5292 3343 5332 reversus
3391 5277 3460 5329 ad
3515 5276 3772 5331 vomitum
3810 5345 3814 5347 ἒ

2199 5381 2373 5428 suum,
2408 5374 2454 5418 et
2489 5382 2575 5418 sus
2608 5365 2714 5417 lota
2750 5367 2803 5418 in
2834 5366 3100 5421 volutabra
3147 5366 3242 5419 luti
3266 5365 3360 5438 (II
3402 5364 3546 5419 Petr.
3587 5381 3647 5429 ιι,
3671 5365 3775 5432 εει,

2200 5455 2270 5508 22
2296 5457 2336 5525 ).
2373 5455 2602 5511 Proinde
2627 5457 2875 5512 omnibus
2915 5455 3236 5511 Christianis
3272 5457 3497 5512 sollicite
3539 5455 3777 5510 studen—

2201 5546 2326 5600 dum
2372 5555 2476 5610 est,
2529 5555 2588 5598 ut
2641 5555 2802 5601 tantae
2848 5547 3174 5616 sponsionis,
3229 5556 3445 5617 tamque
3501 5544 3781 5602 salutiferi

2198 5638 2341 5708 pacti
2391 5652 2673 5702 memores,
2715 5637 2873 5708 idque
2925 5637 3226 5693 indiscusse
3275 5638 3782 5706 inviolabiliterque

2201 5754 2357 5802 antea
2401 5744 2676 5818 legebatur
2705 5744 2846 5801 locus
2871 5746 3214 5814 pwnitentiaa,
3258 5749 3477 5805 omnino
3505 5755 3620 5802 erat
3669 5745 3772 5802 in—

2203 5823 2399 5885 t‘plum.
