4008 6192
216 291 316 345 129

1186 284 1274 341 DE
1311 283 1784 341 INSTITUTIONE
1820 285 2105 342 LAICALI.
2144 317 2212 326 —
2250 285 2376 342 LIB.
2421 285 2461 340 I.

3311 290 3413 347 I30

197 407 504 462 servantes,
538 397 855 464 hostemque
887 395 1165 465 antiquum
1183 435 1198 462 ,
1229 396 1316 450 cui
1341 397 1750 451 abrenuntiave-
1779 399 1830 458 Α
1854 411 1979 452 suos
2025 396 2163 452 ﬁlios
2210 397 2448 453 Zebedtei
2483 417 2495 451 :
2530 397 2746 454 Potestis
2795 401 2963 456 bibere
3007 401 3220 458 calicem
3261 421 3412 475 quem

192 501 336 546 runt
359 507 476 545 cum
496 489 637 543 vitiis
679 488 814 551 suis,
858 497 1195 557 spernentes,
1241 488 1308 542 ad
1349 489 1486 543 atria
1511 502 1756 558 superna:

195 580 442 636 civitatis
489 578 741 649 mysterio
788 577 930 631 sacri
986 577 1360 647 baptismatis,
1413 587 1468 632 et
1523 577 1757 648 Spiritus

197 673 378 727 sancti
430 671 559 725 dono
587 711 601 735 ,
649 669 996 725 credentibus
1042 676 1300 734 reserata,
1361 667 1759 740 infatigabiliter

197 763 460 816 scandere
482 761 829 816 contendant.

799 870 1028 926 CAPUT
1083 871 1169 925 IV.

202 963 350 1028 Quod
367 964 422 1016 in
459 960 622 1015 Veteri
653 961 980 1014 Testamento
1001 961 1201 1012 diversa
1216 959 1756 1028 fuerintbaptismnta,

265 1034 319 1112 in
347 1031 496 1084 Novo
535 1042 710 1084 autem
735 1047 900 1083 unum
930 1032 1093 1083 tribus
1116 1028 1282 1082 modis
1308 1031 1537 1098 conferat
1575 1029 1756 1082 remis-

261 1111 460 1154 sionem
482 1111 833 1170 peccatorum.

263 1214 513 1285 Legimus
539 1213 597 1268 in
626 1213 810 1267 Exodo
837 1211 980 1282 quod
1013 1211 1241 1282 Moyses,
1276 1211 1366 1282 qui
1398 1219 1576 1282 typum
1601 1211 1758 1266 Chri-

201 1307 263 1362 sti
289 1306 480 1369 tenuit,
521 1305 578 1358 in
609 1305 746 1358 mari
772 1303 976 1368 Rubro,
1004 1304 1143 1373 quod
1175 1302 1397 1372 ﬁguram
1425 1302 1758 1372 baptismatis

203 1397 335 1465 gerit
368 1409 438 1449 eo
485 1395 633 1462 quod
661 1393 864 1447 Christi
900 1393 1160 1463 sanguine
1188 1393 1516 1445 rubricatum
1547 1400 1636 1455 sit,
1666 1406 1761 1460 po-

199 1485 369 1556 pulum
399 1485 500 1538 Dei
534 1483 912 1553 baptizavcrit,
945 1482 1198 1553 Apostolo
1221 1474 1452 1536 testante
1480 1490 1641 1550 atque
1675 1480 1757 1534 di-

201 1587 345 1634 cente
375 1597 388 1630 :
418 1575 562 1630 Nolo
614 1577 753 1630 enim
801 1593 887 1630 vos
929 1577 1202 1646 ignorare,
1253 1575 1464 1646 fratres,
1513 1577 1758 1646 quoniam

201 1685 364 1723 omnes
387 1675 571 1734 patres
597 1668 762 1719 nostri
785 1667 879 1719 sub
909 1666 1042 1719 nube
1069 1665 1297 1734 fuerunt,
1335 1674 1382 1719 et
1404 1682 1577 1719 omnes
1617 1681 1759 1719 mare

1857 504 1950 558 ego
1999 488 2250 542 bibiturus
2288 503 2442 542 sum:
2471 499 2520 543 et
2565 489 2816 560 baptismo
2869 509 2971 563 quo
3020 509 3112 562 ego
3156 494 3411 564 baptisor,

1858 577 2114 646 baptizari
2139 578 2350 649 (Matth.
2377 595 2466 645 xx,
2501 580 2600 644 9.2;
2632 580 2800 636 Marc.
2833 599 2886 648 χ,
2910 583 3032 656 '58)?
3070 584 3252 656 Itaque
3273 601 3414 655 aqua

1856 677 1911 722 et
1958 669 2176 738 sanguis
2217 671 2413 740 gemini
2444 675 2459 692 '
2485 683 2568 726 est
2615 671 2782 742 ﬁgura
2821 676 3154 745 baptismatis
3196 695 3210 732 :
3245 694 3412 734 unum

1856 772 1961 826 quo
2003 773 2384 827 regeneramur
2418 778 2484 816 es
2521 763 2810 832 baptismo,
2839 765 2866 804 ά
2899 766 3041 820 aliud
3084 783 3191 836 quo
3225 784 3414 824 conse-

1856 862 2069 902 cramur
2096 849 2148 902 in
2171 852 2443 920 sanguine.
2482 852 2576 908 Est
2600 863 2654 907 et
2691 856 2907 909 tertium
2946 858 3204 926 baptisma
3234 858 3411 928 lacry-

1856 953 2083 1002 marum,
2129 942 2268 1009 quod
2314 942 2632 999 laboriosius
2681 948 3021 1018 transigitur;
3055 950 3195 1004 sicut
3233 959 3291 1005 et
3325 952 3416 1008 ille

1856 1027 1946 1096 qui
1967 1042 2064 1095 per
2085 1029 2321 1100 singulas
2342 1041 2528 1087 noctes
2559 1041 2786 1088 stratum
2826 1052 2978 1090 suum
3004 1039 3210 1108 rigabat
3239 1039 3415 1112 Iacry—

1861 1119 1958 1172 mis
1986 1117 2156 1190 (Psal.
2210 1136 2282 1186 vi,
2329 1122 2413 1192 7);
2442 1123 2524 1177 vel
2564 1124 2654 1193 qui
2706 1125 2984 1180 imitantur
3021 1129 3412 1185 confessionem

1857 1207 1874 1226 '
1899 1206 2186 1274 Manassae,
2223 1219 2277 1263 et
2313 1212 2668 1267 humilitatem
2708 1213 3082 1282 Ninivitarum,
3128 1235 3225 1288 per
3251 1237 3414 1290 quam

1856 1297 2285 1352 misericordiam
2336 1303 2605 1357 consecuti
2646 1312 2804 1369 sunt;
2838 1313 2892 1359 et
2917 1307 3210 1362 orationem
3238 1311 3416 1378 publi-

1857 1388 1976 1442 cani
2008 1389 2150 1444 illius
2190 1390 2243 1444 in
2270 1392 2467 1461 templo
2497 1394 2688 1448 stantis
2718 1410 2749 1447 a
2779 1394 2956 1465 longe,
2986 1405 3040 1451 et
3069 1400 3418 1466 percutientis

1859 1488 2047 1547 pectus
2081 1496 2267 1545 suum;
2313 1483 2512 1553 quique
2560 1499 2660 1538 nec
2698 1500 2859 1541 ausus
2889 1498 3004 1542 erat
3030 1492 3214 1547 oculos
3241 1493 3421 1549 levare

1857 1569 1923 1622 ad
1949 1569 2164 1624 caelum.
2199 1590 2216 1621 ι
2251 1572 2487 1654 Quorum
2519 1573 2682 1628 etiam
2717 1575 2876 1640 oculi,
2896 1574 3051 1642 juxta
3077 1581 3414 1649 prophetam,

1855 1657 2132 1715 divisiones
2177 1661 2437 1716 deducunt
2477 1681 2755 1733 aquarum,
2784 1675 2889 1720 etc.
2931 1667 3158 1736 (Thren.
3190 1687 3269 1735 ιιι,
3298 1673 3416 1743 48);

200 1761 516 1811 transierunt
542 1798 560 1822 ,
600 1767 648 1811 ει
695 1773 870 1810 omnes
910 1757 964 1810 in
1003 1756 1179 1826 Moyse
1224 1757 1470 1827 baptizan'
1511 1766 1654 1821 ειιηι,
1706 1757 1762 1810 in
1788 1737 1835 1796 Β
1863 1747 1949 1802 isti
1979 1750 2164 1816 procul
2191 1751 2352 1804 dubio
2376 1762 2594 1819 peccata
2622 1769 2718 1807 sua
2743 1755 3008 1823 baptismo
3053 1737 3416 1826 lacrymarum

201 1849 322 1902 Iube
359 1859 408 1902 et
441 1849 498 1900 in
525 1848 668 1900 mari
697 1845 759 1918 (Ι
780 1844 902 1901 Cor.
942 1863 997 1910 x,
1032 1846 1101 1917 1).
1140 1845 1302 1910 Mare,
1344 1856 1405 1901 ut
1432 1847 1630 1901 dictum
1655 1855 1758 1910 est,

198 1939 478 2009 baptismi,
510 1938 686 1992 nubes
724 1937 957 2007 Spiritus
992 1938 1183 2001 sancti,
1215 1953 1411 1991 manna
1450 1936 1605 2005 panis
1639 1937 1763 1990 vitae

201 2030 419 2085 formam
465 2031 712 2099 gerebat.
746 2029 969 2084 Fiebant
1004 2037 1056 2083 et
1084 2027 1184 2082 alia
1226 2029 1546 2097 baptismata
1575 2028 1630 2081 in
1662 2027 1762 2080 Ve-

200 2121 292 2176 teri
317 2121 836 2188 Testamento,'qute
871 2119 1266 2188 dispensatione
1296 2126 1596 2185 temporum
1626 2115 1761 2171 acti-

201 2215 473 2274 Iabantur;
513 2209 615 2263 sed
648 2222 821 2276 usque
851 2208 918 2262 ad
952 2220 976 2246 ιι
1007 2206 1299 2276 Baptistam
1337 2204 1596 2260 Joannem
1637 2219 1762 2258 nus-

200 2315 352 2369 quam
392 2299 702 2368 baptismus
734 2298 788 2352 in
825 2297 1194 2366 paenitentiam
1235 2295 1428 2365 legitur
1473 2294 1635 2348 fuisse
1670 2293 1762 2349 da-

201 2398 297 2443 tus.
350 2387 563 2444 Scribit
614 2402 849 2456 namque
897 2385 1129 2441 Isidorus
1175 2386 1230 2439 in
1285 2385 1420 2439 libro
1455 2383 1760 2440 Oﬁiciorum

202 2478 328 2549 (Lib.
371 2495 434 2540 ιι,
463 2495 585 2547 cap.
615 2476 710 2548 24)
746 2493 758 2528 :
796 2494 814 2526 ι
851 2475 1150 2544 Baptizavit
1176 2483 1232 2528 et
1257 2473 1510 2538 Joannes,
1541 2474 1634 2528 sed
1657 2487 1760 2526 non

200 2587 261 2627 ex
283 2581 396 2625 toto
442 2571 690 2625 iudaice.
725 2567 838 2622 Non
871 2568 1012 2622 enim
1043 2567 1213 2621 solum
1243 2568 1294 2620 in
1323 2582 1493 2635 aqua,
1526 2580 1625 2620 nec
1648 2574 1760 2620 tan-

200 2671 306 2715 tum
326 2664 346 2681 ⁹
374 2663 429 2716 in
451 2661 696 2731 Spiritu;
725 2661 818 2714 sed
842 2661 944 2714 hoc
971 2659 1140 2713 solum
1165 2659 1370 2713 addidit
1398 2659 1535 2727 quod
1565 2659 1616 2712 in
1649 2672 1761 2727 p03-

199 2753 418 2808 niteutia
484 2751 816 2821 baptizavit,
870 2751 1008 2805 sicut
1064 2752 1138 2804 ait
1181 2750 1377 2804 Paulus
1434 2751 1488 2803 in
1540 2749 1762 2804 Actibus

200 2845 563 2916 apostolorum
595 2841 866 2896 :Joannes
913 2843 1186 2912 baptizavit
1235 2843 1484 2913 baptismo
1513 2842 1761 2912 paeniten-

200 2937 282 2990 tite
308 2935 587 3005 populum,
635 2935 833 3000 dicens,
871 2936 927 2989 in
971 2951 1086 2988 eum
1121 2935 1208 3005 qui
1251 2944 1493 2988 venturus
1528 2941 1602 2987 est
1648 2942 1761 3002 post

200 3028 380 3096 ipsum,
408 3028 509 3080 hoc
552 3038 627 3081 est
659 3029 714 3080 in
749 3027 952 3092 Iesum,
1003 3036 1057 3079 ut
1086 3026 1346 3080 crederent
1376 3027 1430 3078 in
1458 3042 1572 3080 eum
1604 3027 1620 3094 (
1645 3025 1760 3078 Act.

199 3131 310 3180 nx,
341 3116 420 3186 4).
472 3117 656 3185 Coepit
703 3131 832 3186 ergo
879 3115 1171 3184 perfectum
1212 3115 1474 3183 baptisma
1520 3131 1550 3168 a
1590 3111 1758 3166 Iesu:

203 3209 310 3278 ipse
334 3224 462 3278 ergo
488 3207 786 3276 baptizavit
819 3207 1054 3275 primum
1085 3207 1136 3260 in
1167 3205 1368 3274 Spiritu
1396 3213 1601 3267 sancto,
1629 3205 1766 3258 sicut

201 3296 426 3353 Mones
452 3299 590 3352 dicit
615 3316 627 3349 :
661 3295 775 3366 Ego
799 3297 1006 3366 quidem
1031 3297 1231 3364 baptizo
1267 3312 1352 3348 vos
1374 3296 1424 3348 in
1451 3310 1624 3365 aqua;
1661 3309 1765 3346 me-

202 3387 314 3440 lius
351 3398 529 3440 autem
564 3397 788 3440 vestrum
815 3387 969 3449 stetit,
1010 3402 1158 3455 quem
1181 3402 1267 3438 vos
1297 3385 1522 3448 nescitis,
1554 3385 1658 3452 ipse
1681 3399 1765 3436 vos

203 3475 480 3545 baptizabit
502 3476 560 3527 in
588 3475 793 3544 Spiritu
820 3485 997 3528 sancto
1017 3485 1063 3528 et
1091 3475 1198 3543 igni
1232 3474 1426 3544 (Joan.
1451 3490 1487 3537 ι,
1515 3474 1766 3543 26).“:130

202 3576 276 3620 est
297 3565 567 3636 perfectio
596 3565 848 3635 baptismi
873 3584 884 3618 :
921 3564 1061 3619 Deus
1098 3571 1181 3619 est
1216 3565 1358 3617 enim
1389 3565 1478 3633 qui
1509 3564 1761 3631 baptizat,

205 3656 487 3725 utpossint
522 3662 580 3708 et
608 3655 699 3723 qui
727 3655 1070 3724 baptizantur
1098 3654 1210 3707 ﬁeri
1240 3653 1514 3708 Filii'Dei.
1548 3672 1565 3702 ι
1598 3651 1766 3718 Hujus

204 3763 388 3815 mpe
436 3762 609 3801 unum
657 3753 835 3800 exstat
878 3746 1200 3814 hapzismum
1245 3745 1509 3807 salutare,
1557 3745 1622 3798 de
1661 3758 1766 3812 quo

206 3839 488 3908 Apestolus
539 3839 662 3892 ait:
696 3837 843 3892 Unus
893 3837 1180 3901 Dominus,
1240 3853 1341 3890 una
1387 3837 1546 3905 ﬁdes,
1605 3851 1766 3890 unum

205 3931 456 3996 baptisma
496 3929 722 3999 (Ephes.
753 3944 822 3988 ιν.
857 3929 928 4000 5).
960 3929 1110 3996 Quod
1136 3929 1297 3982 etiam
1321 3944 1640 3998 quamquam
1673 3927 1770 3980 tri-

206 4022 294 4074 bus
347 4021 533 4075 modis
557 4019 798 4074 conferat
822 4021 1190 4074 remissionem
1211 4028 1575 4089 peccatorum,
1602 4032 1768 4071 unum

207 4119 383 4164 tamen
432 4118 539 4172 est,
587 4124 683 4178 per
722 4109 867 4178 quod
916 4109 1239 4163 mundantur
1281 4116 1520 4179 peccata.
1570 4107 1769 4162 Scribit

205 4214 438 4269 namque
468 4198 725 4270 prmfatus
753 4199 986 4252 Isidorus
1019 4198 1071 4252 in
1100 4199 1286 4252 eodem
1315 4197 1490 4251 libello
1517 4197 1620 4249 tria
1650 4210 1770 4251 esse

205 4292 559 4360 baptismum.
594 4309 612 4338 ι
641 4288 898 4351 Primum,
933 4288 1122 4356 inquit,
1146 4286 1214 4341 de
1236 4302 1344 4356 quo
1366 4285 1649 4355 Apostolus
1671 4285 1767 4348 ait,

206 4397 304 4450 quo
330 4383 538 4438 sordes
561 4392 895 4451 peccatorum
925 4396 1022 4451 per
1051 4379 1471 4453 regenerationis
1500 4379 1766 4432 lavacrum

208 4475 524 4530 abluuntur.
565 4493 582 4524 ι
620 4494 638 4524 ι
667 4474 722 4527 In
769 4489 895 4544 quo,
937 4483 999 4528 ut
1038 4474 1228 4528 beatus
1257 4472 1584 4543 Augustinus
1620 4471 1645 4510 δ
1672 4471 1765 4534 ait,

211 4565 413 4633 parvuli
439 4563 694 4634 originali
735 4572 940 4618 tantum
987 4565 1288 4619 moriuntur
1311 4571 1561 4634 peccato;
1605 4560 1770 4630 majo-

213 4674 295 4713 res
326 4659 500 4713 etiam
531 4657 618 4711 his
646 4657 892 4711 omnibus
916 4655 1288 4728 [moriuntur]
1331 4654 1589 4725 peccatis,
1625 4659 1770 4722 quae-

212 4761 422 4816 cunque
483 4745 631 4800 male
681 4745 908 4800 vivendo
965 4745 1286 4800 addiderunt
1335 4745 1402 4798 ad
1452 4743 1581 4797 illud
1627 4742 1768 4811 quod

213 4835 482 4890 nascendo
508 4841 805 4888 traxerunt.
828 4853 846 4884 ι
871 4853 889 4884 ι
913 4843 934 4872 ο
961 4832 1236 4888 Secundus
1267 4841 1348 4887 est
1375 4832 1690 4902 baptismus,
1711 4837 1771 4884 ut

213 4926 466 4995 praefatus
510 4925 589 4979 ait
635 4924 884 4989 Isidorus,
929 4940 1034 4994 quo
1080 4925 1200 4993 quis
1247 4925 1502 4994 sanguine
1535 4939 1632 4978 suo
1675 4937 1771 4992 per

214 5019 539 5088 martyrium
559 5018 893 5087 baptizatur;
921 5032 1027 5086 quo
1051 5015 1315 5086 baptismo
1339 5015 1499 5069 etiam
1529 5013 1772 5069 Christus

214 5111 522 5182 baptizatus
553 5119 657 5174 est,
706 5118 766 5164 ut
814 5118 868 5164 et
897 5109 951 5163 in
994 5110 1098 5163 hoc
1143 5109 1280 5162 sicut
1331 5107 1384 5160 in
1413 5107 1622 5161 caeteris
1669 5103 1776 5158 ior-

219 5209 352 5256 nam
380 5201 731 5256 credentibus
756 5199 942 5265 daret;
981 5200 1119 5255 sicut
1148 5198 1356 5254 dicebat
1396 5199 1462 5253 ad
1487 5197 1776 5265 discipulos

280 5326 308 5354 α
343 5311 451 5368 Sed
480 5328 644 5382 usque
667 5312 757 5366 ad.
781 5309 872 5382 Sic
892 5310 1189 5382 emendavi,
1217 5324 1335 5363 cum
1359 5316 1484 5382 ante
1513 5307 1777 5382 legeretur

215 5382 263 5434 si
296 5400 461 5452 usque
485 5377 578 5435 ad'.
609 5381 752 5436 Infra
775 5381 867 5452 ubi
889 5381 1089 5452 editum
1121 5396 1213 5434 nec
1236 5389 1436 5433 tantum
1467 5378 1521 5430 in
1552 5377 1773 5447 Spiritu,

220 5450 478 5507 Acherius
506 5460 656 5505 recte
682 5451 816 5506 vidit
844 5450 945 5520 legi
968 5457 1234 5520 Oportere,
1262 5465 1351 5502 nec
1375 5457 1563 5501 tamen.

283 5523 310 5562 δ
341 5521 628 5578 Enchirid.
653 5535 773 5589 cap.
796 5519 916 5574 44.7
1006 5519 1039 5546 ’-

286 5603 309 5629 ε
341 5593 601 5654 Isidorus,
635 5589 766 5644 ibid.

279 5660 309 5701 ⁴
337 5661 426 5716 Ex
447 5663 728 5732 baptismo.
769 5659 870 5717 Hic
889 5659 1051 5715 etiam
1075 5659 1332 5716 Acherius
1358 5665 1503 5715 recte
1520 5657 1777 5714 emendat

1859 1839 2120 1894 mundare
2155 1850 2467 1895 noscuntur.

1929 1930 2005 1983 De
2043 1929 2340 1991 hisptrihus
2396 1931 2691 2000 baptismis,
2743 1932 2867 1988 licet
2891 1935 2995 1988 alio
3024 1950 3129 2005 quo
3171 1940 3419 2008 superius

1859 2022 2059 2077 dictum
2089 2023 2160 2078 sit
2186 2024 2396 2088 ordine,
2429 2024 2710 2079 Psalmista
2743 2025 2821 2079 ait
2852 2044 2864 2078 :
2895 2025 3046 2080 Beati
3084 2045 3306 2098 quorum
3344 2049 3422 2086 re-

1857 2114 2028 2167 missae
2056 2123 2173 2168 sunt
2203 2115 2514 2186 iniquitates,
2545 2125 2594 2170 et
2636 2133 2857 2186 quorum
2897 2127 3031 2172 tecta
3062 2130 3182 2174 sunt
3205 2134 3418 2191 peccata

1861 2199 2030 2274 (Psal.
2060 2219 2208 2268 XXXI,
2241 2202 2313 2274 I).
2351 2203 2408 2257 ld
2438 2213 2542 2270 est,
2580 2205 2632 2258 in
2662 2205 2979 2274 baptismate
3007 2223 3101 2277 per
3123 2210 3418 2265 confessio-

1857 2309 1981 2349 nem
2020 2303 2360 2365 peccatorum
2388 2305 2443 2350 et
2471 2295 2666 2350 ﬂuenta
2692 2296 3086 2367 lacrymarum:
3121 2299 3311 2356 Beatus
3340 2303 3419 2356 vir

1861 2386 1944 2438 cui
1969 2402 2071 2438 non
2100 2387 2378 2454 imputavit
2409 2385 2656 2440 Dominus
2690 2397 2973 2456 peccatum,
3009 2406 3098 2444 nec
3125 2401 3199 2445 est
3236 2393 3290 2446 in
3315 2395 3416 2463 spi-

1859 2476 1963 2528 ritu
1998 2475 2110 2544 ejus
2155 2475 2304 2529 dolus
2335 2474 2540 2547 (lbid.,
2574 2477 2644 2549 2)
2671 2494 2685 2541 ;
2716 2493 2810 2546 per
2843 2481 3084 2549 martyrii
3135 2497 3410 2539 coronam.

1858 2563 1993 2629 Quia
2009 2579 2137 2634 ergo
2151 2565 2379 2634 primum
2405 2560 2817 2634 baptismuln‘ob
2841 2567 2996 2622 ﬁdem
3019 2570 3219 2626 Christi
3243 2575 3419 2628 scien-

1859 2659 1942 2706 ter
1967 2655 2184 2722 petitur,
2238 2655 2525 2711 salubriter
2548 2659 2858 2728 percipitur.
2895 2659 3220 2728 Secundum,
3259 2664 3417 2720 Chri-

1859 2752 1944 2798 sto
1982 2759 2170 2812 pacem
2197 2746 2450 2802 Ecclesia:
2498 2764 2606 2801 suae
2649 2750 2929 2811 tribuente,
2969 2767 3064 2821 per
3106 2755 3422 2824 sanguinem

1860 2836 2103 2905 martyrii
2154 2837 2310 2890 hodie
2353 2855 2459 2892 non
2491 2837 2736 2894 efﬁcitur.
2770 2840 3007 2895 Tertium
3038 2845 3192 2898 valde
3228 2861 3419 2901 neces-

1861 2927 2060 2981 sarium
2091 2942 2198 2980 non
2248 2929 2530 2993 desidiose,
2585 2945 2684 2984 nec
2729 2945 2849 2984 cum
2887 2932 3063 3000 aliqua
3102 2934 3420 3005 dejectione,

1861 3018 2000 3072 sicut
2027 3032 2057 3071 a
2087 3017 2288 3084 multis,
2331 3019 2474 3088 quod
2523 3020 2876 3088 periculosum
2915 3031 3016 3085 est,
3051 3022 3166 3078 ﬁeri
3195 3026 3418 3091 assolet,

1867 3110 1960 3164 sed
2008 3125 2130 3164 cum
2159 3124 2352 3178 magna
2382 3110 2771 3165 acceleratione
2798 3121 2851 3167 et
2879 3113 3040 3176 animi
3078 3114 3423 3171 devotissima

1864 3204 2180 3266 intentione,
2222 3204 2347 3257 dum
2377 3212 2588 3272 tempus
2617 3214 2700 3259 est
2726 3207 3070 3274 acceptabile,
3105 3217 3160 3262 et
3181 3209 3296 3264 dies
3338 3225 3424 3264 sa-

1864 3293 2008 3356 lutis,
2035 3302 2088 3348 et
2115 3293 2369 3347 Dominus
2399 3295 2629 3348 inveniri
2656 3304 2852 3365 potest,
2892 3297 2960 3350 ab
2988 3299 3236 3354 omnibus
3273 3299 3427 3356 Chri-

1865 3386 2052 3439 stianis
2080 3393 2162 3438 est
2187 3385 2540 3454 appetendum
2568 3397 2623 3438 et
2649 3386 3102 3454 amplectendam.

2472 3475 2698 3530 CAPUT
2743 3475 2808 3529 γ.

2100 3563 2173 3617 De
2201 3575 2388 3634 septem
2433 3565 2814 3619 remissionibus
2840 3577 3184 3636 peccatorum.

1933 3654 1990 3708 In
2022 3655 2342 3724 prmcedenti
2383 3655 2618 3724 capitulo
2654 3656 2852 3710 dictum
2888 3665 2969 3712 est
3014 3660 3156 3728 quod
3190 3660 3289 3714 tria
3317 3661 3426 3715 sint

1865 3744 2202 3815 baptismata,
2242 3761 2336 3814 per
2359 3761 2477 3816 quae
2506 3746 2708 3801 ablutio
2732 3755 2785 3799 ct
2807 3749 3053 3816 purgatio
3076 3748 3135 3803 ﬁt
3162 3758 3414 3818 peccato-

1867 3848 2002 3886 rum.
2029 3832 2084 3885 In
2106 3833 2205 3887 hoc
2225 3833 2457 3902 capitulo
2481 3835 2948 3888 demonstrandum
2976 3844 3057 3890 est
3083 3837 3276 3907 quibus
3305 3852 3420 3893 mo.-

1861 3924 1948 3978 .dis
1972 3924 2064 3978 ﬁat
2081 3925 2337 3996 remissio
2365 3935 2726 3994 peccatorum.
2761 3927 2961 3981 Scribit
2985 3943 3215 3999 namque
3236 3929 3420 4002 Orige-

1864 4031 1962 4071 nes
1982 4019 2034 4070 in
2060 4019 2275 4072 humilia
2306 4021 2477 4088 prima
2505 4020 2626 4074 libri
2663 4021 2882 4074 Levitici
2913 4022 2984 4074 ita
3016 4039 3028 4074 :
3063 4041 3080 4073 ι
3109 4022 3245 4078 Audi
3279 4039 3425 4080 nunc

1865 4117 2080 4177 quantae
2125 4109 2231 4162 sint
2267 4111 2610 4165 remissiones
2656 4120 3015 4181 peccatorum.
3051 4114 3147 4168 Est
3183 4115 3283 4169 ista
3316 4132 3424 4185 qua

1866 4200 2198 4269 baptizamur
2247 4202 2300 4256 in
2337 4202 2708 4257 remissionem
2761 4213 3122 4273 peccatorum.
3176 4205 3422 4263 Secunda

1866 4299 1948 4345 est
1969 4293 2020 4344 in
2052 4291 2298 4360 passione
2325 4293 2588 4362 martyrii.
2615 4293 2795 4348 Tertia
2821 4302 2905 4348 est
2923 4311 3040 4365 quae
3060 4312 3154 4366 per
3184 4297 3417 4353 eleemo-

1870 4396 2054 4451 synam
2111 4381 2298 4447 datur;
2350 4382 2480 4436 dicit
2532 4385 2674 4438 enim
2725 4383 3018 4440 Salvator:
3061 4385 3419 4442 Verumtamen

1869 4471 1987 4525 date
2006 4470 2397 4542 eleemosynam,
2421 4490 2534 4527 ecce
2562 4475 2734 4527 omnia
2752 4477 2950 4529 munda
2975 4486 3094 4530 sunt
3121 4477 3422 4548 vobis(Luc.

1869 4579 1946 4628 ιι,
1979 4564 2091 4635 41).
2121 4564 2320 4633 Quarta
2367 4567 2520 4621 nobis
2555 4567 2613 4620 tit
2651 4568 2895 4624 remissio
2939 4580 3298 4639 peccatorum,
3329 4586 3424 4641 per

1869 4655 1972 4710 hoc
1998 4655 2140 4724 quod
2187 4663 2243 4709 et
2281 4671 2378 4710 nos
2413 4657 2736 4713 remittimus
2781 4668 3002 4733 peccata
3051 4659 3305 4716 fratribus
3333 4677 3425 4715 no-

1871 4744 2030 4810 stris;
2068 4745 2147 4800 sic
2192 4746 2335 4800 enim
2363 4747 2492 4800 dicit
2529 4747 2787 4802 Dominus
2809 4749 2921 4818 ipse
2960 4747 3240 4814 Salvator;
3299 4749 3429 4820 quia

1869 4836 1914 4890 si
1952 4837 2250 4890 remiseritis
2276 4853 2340 4890 ea:
2368 4837 2522 4890 corde
2549 4837 2799 4906 fratribus
2824 4839 3002 4892 vestris
3027 4847 3237 4908 peccata
3281 4839 3423 4908 ipso-

1872 4941 2012 4990 rum,
2062 4925 2109 4980 et
2148 4927 2286 4981 vobis
2334 4929 2552 4981 remittet
2582 4925 2743 4981 Pater
2781 4938 2946 4982 vester
2983 4939 3194 4998 peccata
3237 4939 3426 4984 vestra.

1876 5015 2026 5082 Quod
2060 5017 2104 5070 si
2149 5033 2251 5070 non
2297 5017 2595 5070 remiseritis
2644 5017 2893 5085 fratribus
2931 5019 3108 5072 vestris
3146 5033 3210 5072 ea:
3251 5015 3426 5080 corde,

1877 5125 1968 5162 nec
1997 5109 2137 5162 vobis
2165 5110 2380 5162 remittet
2405 5107 2563 5162 Pater
2584 5119 2744 5162 vester
2768 5120 2977 5179 peccata
3012 5121 3176 5165 vestra
3201 5107 3428 5179 (Matth.

1878 5213 2009 5254 xvm
2036 5237 2052 5262 ,
2080 5197 2148 5252 55
2169 5197 2208 5267 ).
2241 5197 2307 5252 Et
2347 5197 2486 5252 sicut
2513 5197 2567 5251 in
2597 5199 2839 5254 oratione
2863 5215 2962 5255 nos
2989 5200 3166 5255 dicere
3202 5197 3384 5252 docuit
3414 5214 3428 5250 :

1873 5324 1938 5362 ea:
1958 5323 2106 5377 aqum
2129 5307 2351 5360 lavacro.
2401 5306 2572 5376 Supra
2606 5322 2673 5362 ex
2701 5309 2884 5363 codice
2923 5307 3065 5363 Clar.
3106 5306 3313 5360 restitui
3341 5322 3430 5376 ge.-

1874 5378 2000 5431 mini
2047 5387 2121 5431 est
2160 5377 2374 5447 ﬁgura,
2408 5393 2532 5430 nam
2579 5379 2782 5432 editum
2822 5386 2938 5432 erat
2972 5377 3174 5447 gemina
3204 5386 3298 5430 est.
3349 5378 3426 5431 λιι

1875 5447 2065 5501 deinde
2111 5445 2469 5516 repenendum
2508 5448 2578 5500 sit
2629 5445 3007 5500 conversionem
3065 5445 3330 5500 Manassw
3374 5454 3430 5500 ut

1875 5516 2104 5571 Aclterio
2135 5515 2354 5585 placuit,
2393 5516 2482 5569 alii
2513 5517 2744 5570 viderint
2772 5533 2786 5571 :
2812 5516 2940 5570 mihi
2965 5515 3298 5584 confessionis
3324 5531 3426 5573 vox

1874 5601 1979 5642 non
2009 5586 2146 5641 male
2167 5595 2417 5655 usurpata
2455 5587 2684 5643 videtur.
