4064 6190
585 257 677 312 131

574 467 916 528 peccatorum
945 457 1194 514 remissio
1231 468 1318 515 est
1345 475 1465 515 cum
1507 463 1838 517 converterit
1865 463 1986 533 quis
2015 478 2141 532 pec-

572 558 814 604 catorem
857 547 924 604 ab
967 563 1156 604 errore
1192 549 1292 607 vim
1338 567 1480 616 sum;
1512 551 1619 624 [ita
1661 554 1802 610 enim
1837 555 1967 610 dicit
1997 554 2144 610 Scri-

572 650 730 711 ptura
758 641 936 695 divina
963 659 975 693 :
1015 638 1120 704 Qui
1149 644 1374 697 converti
1403 643 1580 712 fecerit
1608 656 1929 715 peccatorem
1967 647 2034 701 ab
2061 664 2143 701 er-

574 749 691 786 rore
718 733 813 786 via:
852 747 982 796 suta,
1007 731 1025 804 ]
1052 733 1269 788 salvabit
1307 735 1538 790 animam
1567 737 1682 807 ejus
1703 756 1736 793 a
1766 749 1946 804 morte,
1989 748 2038 794 et
2060 756 2143 792 co-

566 823 756 893 operiet
779 823 1166 879 multitudinem
1187 837 1515 896 peccatorum
1540 828 1692 900 (Jac.
1725 846 1779 896 ν,
1810 830 1880 884 20
1903 831 1942 902 ).
1977 830 2140 887 Sexta

565 928 782 984 quoque
828 916 890 968 tit
934 915 1182 972 remissio
1225 928 1570 986 peccatorum
1616 934 1712 989 per
1751 921 2136 976 abundantiam

562 1006 868 1070 charilatis,
906 1007 1047 1062 sicut
1076 1007 1190 1078 ipse
1216 1010 1475 1066 Dominus
1495 1010 1627 1066 dicit
1651 1028 1664 1063 ε
1696 1011 1861 1064 Amen
1883 1011 1999 1065 dico
2020 1012 2134 1077 tibi,

561 1098 898 1152 remittuntur
927 1099 972 1152 ei
993 1108 1227 1169 peccata,
1254 1102 1500 1170 quoniam
1526 1099 1710 1155 dilexit
1730 1100 1951 1156 multum
1980 1100 2130 1173 (Luc.

560 1202 657 1251 vn,
686 1187 798 1258 Η).
827 1187 892 1241 Et
916 1187 1201 1258 Apostolus
1222 1190 1297 1244 ait
1321 1207 1334 1242 :
1360 1189 1621 1254 Quoniam
1649 1190 1878 1244 cltaritas
1907 1194 2134 1261 cooperit

558 1279 943 1334 multitudinem
967 1289 1294 1350 peccatorum
1325 1280 1376 1352 (I
1402 1279 1547 1335 Petr.
1576 1297 1650 1345 tv,
1667 1280 1742 1353 8).
1771 1281 1867 1335 Est
1889 1281 2066 1336 adhuc
2079 1290 2134 1336 et

556 1373 786 1441 septima
808 1411 824 1437 ,
883 1371 1008 1427 licet
1051 1372 1317 1427 laboriosa
1362 1381 1418 1426 et
1443 1371 1577 1426 dura
1607 1388 1701 1441 per
1729 1373 2129 1441 paenitentiam,

556 1463 804 1518 remissio
842 1470 1217 1532 peccatorum,
1270 1478 1390 1517 cum
1420 1462 1563 1516 lavat
1591 1471 1849 1533 peccator
1867 1463 1922 1516 in
1955 1462 2130 1534 lacry-

554 1555 656 1610 mis
681 1563 910 1609 stratum
936 1569 1092 1609 suum
1116 1595 1131 1619 ,
1167 1554 1303 1608 ﬁunt
1327 1554 1377 1608 ei
1407 1554 1657 1624 lacrymze
1695 1569 1804 1609 sua:
1832 1569 2002 1624 panes
2039 1554 2128 1608 die

552 1661 619 1700 ac
646 1655 804 1700 nocte
830 1643 1010 1718 (Psal.
1043 1662 1151 1710 xu,
1181 1646 1257 1716 4).
1282 1665 1300 1698 ι
1330 1645 1464 1701 Cum
1498 1630 1604 1700 non
1635 1647 1906 1706 erubescit
1938 1661 2125 1702 sacer-

1635 256 1830 314 ιοΝιΕ
1863 257 2412 316 AURELIANENSIS
2449 260 2751 317 EPISCOPI

579 366 796 422 Dimitte
824 368 967 422 nobis
995 366 1169 421 debita
1195 376 1374 422 nostra
1403 366 1423 439 (
1454 367 1644 430 Matth.
1676 387 1750 436 vr,
1783 370 1852 424 12
1873 371 1912 442 ).
1951 370 2146 438 Quinta
2174 374 2224 434 Α

3707 271 3806 324 ιὸἳ

2858 372 3084 430 CAPUT
3119 373 3206 428 Vl.

2247 479 2414 560 Quod
2445 491 2616 550 patres
2641 483 2936 560 spirituales
2965 487 3309 560 eos_auos_de
3350 501 3500 560 sacro
3528 488 3668 560 fonte
3694 510 3804 549 sus-

2313 552 2542 629 cipiunt,
2584 552 2746 606 verbis
2779 565 2829 608 et
2873 556 3118 624 exemplis
3161 556 3230 610 ad
3267 557 3483 612 meliora
3522 552 3801 629 provotare

2317 619 2554 674 debeant.

2311 728 2672 786 Provocamur
2699 732 2934 788 Danielis
2963 735 3235 804 prophetae
3259 737 3589 807 magisterio,
3617 749 3674 794 ut
3697 757 3800 797 non

2240 822 2396 876 modo
2431 837 2529 876 nos
2565 822 2709 893 ipsos
2739 824 2811 878 ad
2853 825 3150 880 doctrinam
3193 828 3484 882 salutarem
3515 844 3801 898 capessen-

2239 910 2362 965 dam
2383 912 2702 988 excitemus,
2732 929 2919 968 verum
2945 915 3108 970 etiam
3138 916 3272 972 alios
3295 919 3363 972 ad
3385 918 3652 989 justitiam
3680 937 3802 976 eru-

2237 1003 2478 1070 diamus;
2511 1005 2588 1058 ait
2617 1006 2798 1061 enim:
2831 1007 2934 1074 Qui
2972 1018 3146 1063 autem
3194 1010 3332 1064 docti
3374 1012 3605 1081 fuerint,
3634 1015 3800 1086 fulge-

2235 1095 2360 1149 bunt
2401 1097 2535 1150 sicut
2578 1095 2824 1167 splendor
2849 1100 3206 1167 ﬁrmamenti,
3235 1112 3284 1156 et
3309 1105 3400 1173 qui
3440 1105 3509 1158 ad
3545 1106 3800 1173 iustitiam

2232 1186 2476 1241 erudiunt
2508 1187 2664 1252 alios,
2689 1189 2823 1242 sicut
2869 1189 3031 1244 stellte
3075 1191 3128 1244 in
3171 1202 3444 1264 perpetuas
3489 1198 3799 1253 teternitates

2234 1275 2395 1347 (Dan.
2419 1293 2532 1341 xu,
2564 1277 2887 1350 3).‘Beatus
2939 1295 3152 1351 quoque
3192 1283 3523 1354 Augustinus
3568 1287 3623 1340 in
3671 1286 3797 1342 Ser-

2231 1381 2388 1421 mone
2413 1367 2440 1410 b
2467 1369 2535 1422 ad
2565 1370 2818 1439 populum
2847 1371 2923 1424 ait
2947 1395 2958 1423 ;
2991 1391 3009 1421 ‹
3038 1371 3353 1443 Quicunque
3377 1375 3538 1444 igitur
3567 1377 3691 1441 viri,
3715 1377 3796 1432 vel

2229 1470 2560 1527 quaecunque
2587 1459 2839 1516 mulieres
2869 1462 2932 1516 de
2957 1477 3111 1517 sacro
3141 1463 3287 1518 fonte
3321 1465 3458 1520 ﬁlios
3489 1467 3796 1534 spiritaliter

2228 1549 2568 1618 exceperint,
2614 1561 2941 1620 cognoscant
3007 1569 3067 1608 se
3119 1569 3218 1623 pro
3259 1556 3389 1624 ipsis
3455 1556 3795 1628 ﬁdejussores
3853 1599 3862 1604 νο

2227 1638 2368 1706 apud
2399 1639 2563 1694 Deum
2593 1641 2882 1696 exstitisse.
2919 1642 2985 1696 Et
3015 1643 3136 1698 ideo
3173 1659 3398 1699 necesse
3427 1654 3529 1708 est,
3565 1656 3624 1700 ut
3657 1663 3795 1703 sem-

549 1739 662 1793 άοιί
692 1737 904 1794 Domini
932 1739 1172 1794 indicare
1195 1746 1504 1808 peccatum,
1527 1747 1586 1793 ιιι
1624 1739 1869 1808 acquirat
1897 1738 2119 1794 medici-
2149 1723 2194 1782 B
2221 1742 2318 1796 per
2362 1728 2465 1783 illis
2513 1729 2924 1786 sollicitudinem
2953 1747 3093 1787 verte
3129 1733 3409 1790 charitatis
3447 1736 3790 1806 impendant,

549 1848 694 1898 nam,
719 1832 1012 1887 secundum
1031 1847 1154 1887 eum
1183 1833 1275 1902 qui
1298 1832 1375 1886 ait
1398 1849 1410 1885 :
1440 1831 1570 1904 Dixi
1587 1849 1606 1886 :
1635 1829 1994 1886 Pronuntiabo
2021 1831 2122 1885 ad-

546 1939 749 1979 versum
772 1940 854 1978 me
872 1923 1184 1994 iniustitiam
1215 1939 1419 1988 meam;
1445 1933 1494 1976 et
1533 1933 1590 1977 tu
1615 1923 1857 1978 remisisti
1883 1922 2122 1993 impieta-

546 2026 647 2070 tem
676 2017 872 2086 peccati
901 2015 1003 2069 mei
1021 2013 1210 2087 (Ibid.,
1243 2015 1323 2085 5).
1342 2013 1408 2068 Et
1435 2012 1596 2069 illud:
1614 2013 1900 2069 Conversus
1922 2030 2039 2068 sum
2062 2015 2119 2068 in

546 2124 784 2164 aerumna
810 2123 944 2170 mea,
973 2106 1098 2161 dum
1131 2105 1410 2176 conﬁgitur
1429 2096 1764 2177 spina(Psal.
1793 2123 1903 2173 xu,
1931 2107 2009 2177 4).

613 2199 816 2254 Harum
844 2199 1023 2268 itaque
1057 2199 1452 2265 remissionum,
1491 2215 1611 2269 qua:
1645 2199 1805 2255 modo
1831 2200 1886 2254 in
1929 2199 2117 2254 Eccle-

541 2290 623 2345 sia
653 2289 807 2356 ﬁunt,
833 2297 992 2361 typus
1017 2297 1174 2344 erant
1205 2290 1472 2346 sacriﬁcia
1501 2306 1623 2361 qua:
1656 2290 1857 2346 ﬁebant
1898 2291 1953 2344 in
1976 2290 2112 2360 lege.

541 2379 653 2436 Nec
677 2382 820 2436 enim
866 2389 1024 2436 vacat
1061 2397 1092 2436 a
1120 2381 1403 2450 mysterio,
1439 2382 1583 2451 quod
1625 2390 1832 2451 septem
1863 2382 2117 2436 dicuntur

540 2485 662 2525 esse
703 2469 1077 2534 remissiones,
1132 2471 1388 2539 quoniam
1437 2469 1670 2541 Spiritus
1716 2476 1970 2536 sanctus,
2017 2484 2115 2541 per

540 2575 703 2631 quem
749 2560 998 2615 remissio
1042 2568 1384 2630 peccatorum
1441 2559 1735 2626 confertur,
1787 2559 2114 2632 septiformis

538 2652 725 2722 gratiae
768 2651 985 2707 dicitur.
1017 2649 1182 2720 Cujus
1209 2651 1349 2706 dona
1383 2666 1507 2706 cum
1534 2651 1600 2707 de
1628 2650 1870 2716 Christo,
1899 2651 1992 2720 qui
2027 2659 2113 2706 est

538 2743 686 2814 virga
749 2742 962 2797 virtutis
1009 2754 1036 2782 ει
1077 2742 1322 2807 Domini,
1361 2742 1530 2798 Isaias
1564 2745 1946 2812 prophetaret,
1994 2745 2108 2799 ait:

537 2832 848 2904 Egredietur
872 2833 1014 2904 virga
1037 2833 1100 2887 de
1126 2834 1301 2888 radice
1325 2833 1492 2900 Iesse,
1513 2844 1560 2890 et
1583 2836 1681 2905 ﬂos
1707 2836 1771 2890 de
1797 2836 1972 2891 radice
1996 2838 2109 2907 ejus

533 2925 798 2989 ascendet,
835 2934 883 2979 et
917 2925 1200 2994 requiescet
1239 2941 1396 2996 super
1437 2941 1556 2980 eum
1593 2926 1824 2996 Spiritus
1865 2925 2106 2992 Domini,

531 3013 746 3084 spiritus
796 3015 1065 3085 sapientia:
1097 3025 1143 3068 et
1191 3014 1504 3082 intellectus,
1552 3018 1767 3088 spiritus
1814 3018 2018 3072 consilii
2060 3027 2110 3072 et

533 3102 878 3172 fortitudinis,
897 3105 1112 3174 spiritus
1127 3107 1356 3161 scientia:
1374 3116 1420 3160 et
1443 3107 1672 3176 pietatis,
1693 3119 1742 3162 et
1762 3107 1972 3179 replebit
1991 3126 2108 3165 eum

527 3195 743 3263 spiritus
779 3195 980 3248 timoris
1025 3195 1240 3249 Domini
1287 3195 1440 3267 (Isai.
1476 3212 1563 3262 ιι,
1594 3197 1666 3269 1).
1696 3197 1812 3252 Non
1856 3198 2000 3270 quod
2027 3200 2102 3255 di—

529 3299 722 3341 versus
755 3284 827 3340 sit
844 3283 1002 3354 juxta
1030 3285 1362 3342 diﬁ‘erentias
1385 3289 1663 3343 nominum
1693 3289 1834 3344 idem
1871 3288 2105 3359 Spiritus

528 3383 772 3442 sanctus,
801 3376 897 3432 sed
918 3377 1064 3446 quod
1096 3393 1242 3448 unus
1275 3386 1436 3447 atque
1481 3379 1622 3433 idem
1651 3387 1968 3434 cunctarum
1996 3381 2106 3434 vir-

532 3474 703 3520 tutum
739 3465 857 3523 fons
897 3468 967 3522 sit
1002 3476 1166 3537 atque
1191 3468 1538 3539 principium.
1567 3468 1722 3525 Sicut
1760 3471 1925 3532 enim,
1954 3470 2102 3539 Apo-

528 3557 666 3612 stolo
692 3557 1216 3624 testante,Christus
1244 3560 1440 3615 dicitur
1461 3561 1636 3616 virtus
1663 3561 1866 3631 Deique
1891 3562 2105 3632 sapien-

529 3647 637 3713 tia;
667 3655 722 3702 et
755 3647 810 3703 in
838 3647 1145 3704 Proverbiis
1173 3649 1404 3721 legitur:
1448 3650 1586 3705 Deus
1632 3652 1688 3705 in
1712 3652 1972 3722 sapientia
2003 3670 2103 3707 sua

527 3739 766 3808 fundavit
807 3749 1036 3807 terram,
1065 3750 1115 3795 et
1158 3743 1360 3811 paravit
1405 3741 1556 3797 cmlos
1602 3742 1880 3813 prudentia
1915 3741 2098 3813 (Prov.

525 3849 625 3899 ιιι,
655 3831 778 3904 i9);
811 3839 867 3888 et
909 3834 1178 3903 quomodo
1215 3833 1357 3888 idem
1406 3849 1588 3890 sermo
1632 3842 1857 3890 vocatur
1900 3834 2011 3901 lux,
2046 3842 2101 3890 et

525 3928 654 3991 vita,
687 3937 742 3982 et
770 3928 1094 3984 resurrectio
1119 3947 1132 3980 ε
1164 3929 1243 3984 sic
1270 3927 1504 4000 Spiritus
1529 3939 1749 3986 sanctus
1773 3930 1969 3985 dicitur
1993 3930 2101 4000 spi-

525 4017 662 4073 ritus
690 4018 964 4088 sapientia:
990 4027 1045 4074 et
1074 4017 1398 4083 intellectus,
1425 4021 1648 4090 spiritus
1669 4017 1880 4075 conSilii
1905 4027 1960 4074 et
1989 4019 2100 4074 for-

523 4111 797 4174 titudinis,
842 4111 1081 4168 scientiae
1125 4121 1180 4167 et
1210 4113 1458 4183 pietatis,
1496 4128 1568 4168 ac
1612 4113 1824 4168 timoris
1863 4112 2093 4167 Domini.

521 4203 778 4259 Continet
804 4204 985 4273 itaque
1015 4203 1070 4258 in
1095 4203 1298 4258 eisdem
1325 4205 1664 4274 septenarius
1691 4219 1949 4259 numerus
1981 4212 2095 4259 ter-

520 4296 736 4350 narium
763 4304 819 4350 et
843 4297 1253 4365 quatemarium
1293 4311 1596 4350 numerum.
1626 4296 1686 4350 In
1716 4297 1954 4353 ternario
1981 4312 2095 4366 my-

520 4386 747 4441 sterium
773 4395 974 4441 sanctae
1005 4386 1304 4453 Trinitatis,
1330 4387 1386 4441 in
1411 4390 1756 4458 quaternario
1783 4389 2086 4460 Evangelii;
2117 4415 2168 4476 ι)

517 4479 638 4533 sive
663 4479 806 4532 enim
848 4486 961 4532 tres
1001 4493 1100 4548 per
1129 4487 1378 4548 quatuor,
1424 4481 1537 4535 sive
1567 4490 1798 4550 quatuor
1835 4498 1934 4553 per
1979 4491 2090 4538 tres

521 4567 970 4638 multiplicentur,
999 4568 1066 4623 ad
1102 4569 1489 4624 duodenarium
1522 4585 1805 4647 numerum
1844 4571 2088 4642 perveni-

522 4666 642 4725 tur;
670 4659 797 4728 quia
840 4659 1156 4730 mysterium
1186 4668 1387 4716 sanctae
1415 4659 1714 4727 Trinitatis,
1749 4671 1805 4717 et
1843 4663 2085 4718 doctrina

521 4749 795 4821 Evangelii
826 4766 922 4822 per
945 4750 1228 4808 duodecim
1258 4754 1532 4824 apostolos
1559 4755 1615 4809 in
1644 4765 1877 4826 quatuor
1902 4757 2086 4814 mundi

518 4842 705 4913 plagas
749 4844 1060 4914 porrigitur.
1108 4843 1165 4900 Si
1201 4846 1322 4916 quis
1361 4857 1540 4901 autem
1586 4847 1795 4918 plenius
1838 4856 1892 4904 et
1927 4848 2088 4903 latius

517 4933 585 4989 de
614 4935 852 5006 ejusdem
884 4937 1173 5006 septenarii
1203 4939 1412 4993 numeri
1458 4941 1713 5010 mysterio
1752 4956 1910 4997 nosse
1948 4941 2088 4998 desi-

519 5027 694 5093 derat,
727 5027 872 5099 legat
910 5028 1105 5084 librum
1144 5031 1377 5100 primum
1404 5031 1650 5102 Gregorii
1691 5049 1842 5104 papae
1879 5036 1932 5089 in
1971 5034 2086 5090 Mo-

522 5117 746 5184 ralibus,
781 5118 834 5172 in
865 5134 972 5188 quo
997 5120 1366 5176 cooiosissime
1394 5122 1460 5176 de
1492 5137 1558 5176 eo
1583 5122 1909 5193 disputatum
1941 5125 2086 5180 inve-

520 5207 650 5263 πίει.

593 5420 619 5449 ⁸
658 5407 812 5487 Virga
842 5413 1065 5487 virtutis.
1112 5413 1377 5487 Acherius
1411 5415 1587 5487 edidit
1627 5419 1769 5487 virga
1811 5425 1861 5470 et
1902 5417 2083 5487 virtus,

519 5481 864 5556 mequidem
889 5484 1427 5556 ontnino_male,_sed
1456 5487 1642 5556 ‘magis
1686 5481 1887 5556 placuit
1925 5481 2085 5542 lectio

521 5547 722 5625 codicis
745 5548 914 5625 illam;
941 5554 1029 5625 si_c_
1043 5554 1188 5608 enim
1216 5547 1432 5609 ad'illud
1451 5547 1648 5610 Psahni
1674 5547 1761 5611 cur
1787 5559 2086 5625 respexisse

517 5616 732 5692 videtur
753 5617 916 5692 Jonas
939 5638 952 5676 :
991 5623 1199 5692 Virgam
1227 5625 1433 5680 virtutis
1461 5634 1562 5680 τηαν
1588 5628 1803 5692 emittet,
1828 5616 1930 5682 etc.

591 5685 620 5727 δ
640 5687 961 5760 Senn.'l63,
990 5694 1056 5748 de
1083 5681 1365 5766 lTempore.

2225 1818 2550 1876 admoneant
2579 1831 2635 1875 et
2660 1823 2945 1891 castigent,
2971 1831 3131 1892 atque
3158 1827 3467 1896 corripiant,
3492 1837 3551 1882 ut
3575 1831 3790 1885 castita-

2224 1917 2332 1962 tem
2377 1910 2712 1976 custodiant,
2746 1913 3105 1983 virginitatem
3132 1929 3300 1983 usque
3328 1915 3395 1968 ad
3429 1918 3642 1988 nuptias
3680 1934 3792 1975 ser-

2217 2010 2379 2066 vent;
2419 2016 2451 2054 a
2483 2000 2772 2058 maledicto
2798 2043 2813 2068 ,
2859 2003 2944 2058 vel
2993 2021 3024 2058 a
3062 2004 3298 2075 periurio
3334 2006 3568 2078 linguam
3619 2010 3789 2067 refre-

2217 2103 2375 2158 nent;
2410 2094 2622 2149 cantica
2650 2095 2826 2166 turpia
2853 2096 2938 2152 vel
2969 2097 3242 2154 luxuriosa
3265 2113 3332 2154 ex
3357 2115 3451 2155 ore
3479 2117 3584 2156 non
3614 2103 3790 2174 profe-

2218 2197 2368 2251 rant;
2416 2203 2522 2243 non
2571 2191 2915 2259 superbiant,
2964 2204 3072 2249 non
3105 2195 3410 2263 invideant,
3451 2199 3786 2256 iracundiam

2214 2278 2308 2331 ve!‘
2328 2277 2512 2332 odium
2555 2279 2611 2332 in
2637 2281 2800 2336 corde
2826 2297 2934 2338 non
2977 2285 3272 2352 retineant;
3300 2289 3520 2358 auguria
3547 2305 3655 2345 non
3688 2291 3787 2347 ob-

2214 2376 2446 2431 servent,
2492 2369 2823 2440 phylacteria
2853 2373 2939 2428 vel
2969 2375 3313 2432 characteres
3349 2378 3642 2436 diabolicos
3683 2397 3784 2436 nec

2213 2457 2351 2524 sibi,
2380 2474 2479 2514 nec
2507 2461 2619 2516 suis
2646 2461 2936 2532 aliquando
2967 2466 3328 2534 suspendant;
3364 2478 3785 2537 prmcantatores

2213 2549 2296 2606 vel
2330 2552 2612 2608 ministros
2637 2555 2835 2610 diaboli
2871 2555 3111 2628 fugiant;
3145 2557 3303 2614 ﬁdem
3346 2562 3666 2618 catholicam
3695 2580 3784 2620 ve-

2211 2640 2409 2697 raciter
2453 2649 2706 2710 teneant;
2743 2646 2812 2700 ad
2849 2646 3143 2702 Ecclesiam
3187 2648 3520 2719 frequentius
3576 2669 3776 2710 conve-

2211 2732 2391 2800 niant;
2419 2743 2726 2805 contempta
2754 2737 3100 2804 verbositate,
3132 2738 3390 2795 lectiones
3435 2742 3650 2800 divinas
3694 2753 3782 2800 at-

2213 2824 2411 2878 tentius
2431 2839 2564 2880 aure
2589 2827 2908 2896 percipiant.
2933 2829 3244 2884 Esurientes
3271 2840 3513 2900 pascant,
3540 2833 3781 2892 sitientes

2208 2925 2410 2986 potent,
2441 2917 2614 2973 nudos
2641 2920 2891 2985 vestiant,
2906 2928 3182 2990 'pauperes
3211 2931 3266 2976 et
3292 2925 3606 2994 peregrinos
3635 2928 3777 2982 exci-

2207 3007 2380 3076 piant,
2405 3008 2650 3066 inﬁrmos
2681 3020 2738 3065 et
2762 3011 2814 3065 in
2847 3027 3065 3068 carcere
3091 3014 3296 3083 positos
3323 3016 3560 3083 visitent,
3593 3019 3773 3088 eisque

2212 3100 2268 3154 in
2315 3102 2730 3158 necessitatibus
2758 3104 2870 3159 suis
2907 3105 3286 3161 administrare
3327 3121 3639 3177 procurent,
3677 3127 3776 3182 pa-

2205 3205 2325 3245 cem
2368 3199 2615 3256 teneant,
2647 3201 2704 3248 et
2732 3194 3007 3251 discordes
3032 3198 3102 3252 ad
3141 3199 3484 3254 concordiam
3520 3215 3778 3260 revocare

2205 3282 2552 3347 contendant,
2583 3285 2950 3341 sacerdotibus
2983 3287 3241 3344 honorem
3290 3289 3618 3360 impendant.
3649 3292 3775 3349 Hac

2203 3383 2333 3439 ergo
2357 3371 2538 3426 omnia
2563 3381 2619 3426 et
2648 3373 2732 3428 his
2752 3374 2949 3430 similia
2972 3377 3016 3431 si
3043 3377 3182 3433 ﬁlios
3204 3387 3254 3434 et
3282 3379 3422 3436 ﬁlias
3447 3391 3653 3439 vestras
3681 3385 3775 3439 ad-

2202 3475 2422 3516 monere
2447 3464 2796 3530 contenditis,
2824 3481 2946 3521 cum
2987 3467 3118 3537 ipsis
3152 3470 3218 3524 ad
3255 3480 3512 3525 :eternam
3540 3472 3774 3528 beatitu-

2202 3548 2380 3604 dinem
2411 3549 2637 3607 feliciter
2659 3555 3006 3622 pervenietis.
3049 3555 3217 3614 Nemo
3253 3573 3312 3613 se
3352 3559 3768 3630 circumveniat,

2202 3638 2398 3701 fratres
2443 3642 2782 3709 charissimi,
2825 3647 3005 3703 nullus
3034 3649 3195 3704 homo
3226 3650 3326 3705 sibi
3364 3652 3624 3718 moritur;
3673 3655 3769 3709 sed

2200 3733 2338 3788 sicut
2385 3734 2697 3805 frequenter
2742 3741 3006 3810 suggessi,
3053 3750 3503 3813 quantoscunque
3546 3744 3770 3814 quilibet

2199 3824 2442 3895 exemplo
2482 3837 2682 3882 sancta:
2727 3828 2851 3884 vita:
2895 3831 3270 3897 aediﬁcaverit,
3300 3848 3422 3888 cum
3456 3843 3534 3888 tot
3576 3836 3768 3890 tantis-

2196 3928 2324 3983 que,
2350 3921 2405 3968 et
2432 3931 2530 3985 pro
2559 3917 2722 3972 tantis
2750 3919 3052 3974 mercedem
3079 3921 3251 3976 beata:
3276 3923 3649 3978 retributionis
3674 3939 3765 3979 ac—

2196 4005 2379 4075 cipiet.
2407 4006 2476 4062 Et
2503 4009 2593 4076 qui
2623 4009 3002 4080 tantiscunque
3030 4013 3335 4080 exemplum
3360 4015 3516 4069 malae
3543 4031 3765 4071 conver-

2195 4097 2439 4164 sationis,
2469 4101 2682 4155 etiamsi
2717 4101 2794 4156 illi
2822 4117 2945 4158 eum
2973 4117 3080 4158 non
3114 4113 3437 4174 sequantur,
3453 4109 3760 4176 praebuerit,

2192 4203 2292 4258 pro
2321 4191 2487 4246 tantis
2515 4205 2574 4245 se
2598 4191 2755 4246 malis
2781 4193 2993 4248 noverit
3017 4195 3278 4250 rationem
3307 4196 3662 4252 redditurum.
3694 4198 3763 4252 Et

2191 4281 2331 4346 ideo,
2362 4283 2502 4338 sicut
2534 4282 2645 4352 jam
2689 4300 2850 4356 supra
2896 4289 3157 4357 suggessi,
3201 4289 3486 4360 neophytis
3529 4291 3751 4356 nostris,

2193 4372 2486 4430 auxiliante
2512 4377 2758 4443 Domino,
2791 4379 3093 4448 exemplum
3133 4381 3285 4436 bonze
3328 4384 3758 4439 conversationis

2192 4472 2451 4531 quantum
2489 4479 2774 4534 possumus
2801 4467 3086 4524 ostendere
3108 4469 3388 4537 debemus,
3421 4481 3482 4526 ut
3515 4487 3622 4527 non
3658 4486 3758 4541 pro

2191 4553 2401 4608 illorum
2448 4556 2810 4612 destructione
2862 4572 3078 4626 pmnam
3131 4561 3393 4630 recipere,
3439 4563 3535 4617 sed
3577 4563 3757 4630 potius

2189 4659 2288 4713 pro
2329 4644 2680 4702 aediﬁcatione
2718 4647 2784 4702 ad
2819 4648 3200 4718 indulgentiam
3251 4661 3595 4720 peccatorum
3645 4669 3755 4709 me-

2188 4749 2404 4788 reamur
2446 4738 2743 4805 pervenire.
2775 4757 2794 4790 ι
2836 4740 2904 4793 Et
2949 4741 3071 4809 quia
3114 4742 3264 4797 vobis
3311 4755 3333 4782 ο
3377 4745 3503 4813 quid
3547 4746 3751 4812 vitare,

2190 4827 2273 4880 vel
2314 4828 2441 4896 quid
2472 4830 2657 4901 fugere
2705 4833 2967 4899 debeatis,
2996 4834 3304 4904 frequenter
3330 4846 3413 4892 est
3444 4847 3750 4905 ostensum;

2191 4926 2244 4972 et
2271 4920 2399 4989 quid
2432 4935 2607 4991 agere,
2635 4924 2718 4978 vel
2763 4911 3304 4993 expetere'debeatis,
3349 4929 3564 4982 assidua
3608 4945 3751 4998 prze-

2191 5008 2456 5064 dicatione
2509 5020 2904 5079 monstratum;
2952 5015 3030 5070 sic
3070 5015 3176 5072 Deo
3228 5017 3521 5071 auxiliante
3574 5005 3788 5088 agitef

2191 5109 2251 5154 ut
2298 5101 2448 5157 vobis
2501 5104 2794 5161 admonitio
2849 5118 3032 5163 nostra
3096 5111 3263 5180 magis
3314 5110 3380 5164 ad
3434 5113 3748 5182 praemium,

2191 5206 2351 5259 quam
2377 5191 2441 5246 ad
2474 5192 2756 5262 judicium,
2780 5207 2904 5254 ante
2929 5200 3161 5256 tribunal
3184 5202 3372 5256 aeterni
3392 5199 3594 5270 iudicis
3619 5217 3749 5273 pro-

2191 5282 2354 5338 ﬁciat.
2379 5303 2400 5336 ι

2263 5431 2285 5501 ξ
2327 5419 2396 5501 Et
2425 5422 2547 5493 quia
2585 5425 2744 5501 vobis.
2787 5423 2916 5501 Haec
2939 5428 3089 5501 velut
3119 5445 3187 5486 ex
3223 5440 3411 5486 sancto
3451 5429 3748 5501 Augustino

2189 5489 2378 5545 referri
2408 5489 2565 5548 nemo
2593 5510 2698 5568 non
2720 5496 2999 5568 intelligit,
3026 5514 3146 5568 quae
3174 5508 3354 5555 tamen
3382 5489 3597 5557 laudato
3625 5502 3748 5556 loco

2189 5575 2294 5639 non
2324 5570 2558 5639 exstant.
2583 5563 2952 5639 Quoddeinde
2980 5563 3132 5625 uncis
3158 5571 3421 5627 inclusum
3446 5579 3549 5639 est,
3576 5578 3749 5628 totum

2186 5627 2374 5686 deerat
2399 5632 2452 5686 in
2477 5627 2644 5702 priori
2671 5635 2919 5692 editione.
