4064 6190
348 252 450 308 153

1329 263 1414 319 DE
1448 264 1926 326 I-NSTITUTIONE
1962 272 2249 328 LAICALI.
2288 305 2357 314 —
2397 275 2520 330 LIB.
2557 277 2597 334 I.

3461 294 3562 350 154

418 369 556 440 [llis
594 377 646 424 et
690 369 1061 439 hujuscemodi
1102 375 1338 432 doctoris
1388 381 1524 435 tanti
1568 383 1902 442 documentis
1927 391 1975 450 Α
2004 396 2246 442 zatorum
2277 392 2487 446 venerit
2524 391 2756 460 Spiritus
2796 405 3035 463 sanctus,
3069 400 3169 455 nisi
3208 417 3306 472 per
3338 406 3559 479 imposi-

336 468 537 527 aperte
561 459 894 527 instruimur,
919 464 1047 532 quia
1069 480 1192 520 cum
1219 483 1407 524 omnes
1431 486 1567 540 quos
1592 489 1897 543 possumus,

335 549 527 603 verbis
552 557 606 602 et
626 551 883 620 exemplis
906 554 972 607 ad
998 555 1332 614 honestatem
1360 562 1483 617 vitae
1508 573 1707 620 sancite
1735 566 1900 622 infor-

337 651 514 700 mare,
545 637 805 708 bonisque
830 644 1081 712 operibus
1105 647 1456 704 insistendum
1490 668 1782 722 provocare
1809 659 1900 714 de-

335 734 566 782 beamus
606 747 619 781 :
658 731 994 800 potissimum
1040 744 1251 802 tamen,
1310 742 1722 816 vigilantiusque
1772 763 1897 820 erga

336 830 434 871 eos
461 834 597 886 quos
625 820 692 875 de
722 837 876 879 sacro
904 824 1050 880 fonte
1090 831 1442 899 suscepimus,
1472 835 1523 889 id
1552 838 1706 892 nobis
1739 855 1900 910 agen-

337 904 468 960 dum
495 908 585 960 sit.
617 908 768 964 Multi
812 927 941 968 sane
969 916 1108 972 hanc
1151 919 1478 976 salutiferam
1507 904 1896 997 susceptionem

337 1011 448 1050 non
492 997 638 1053 illius
683 1001 874 1057 salutis
910 1020 1070 1060 causa
1115 1010 1205 1078 qui
1244 1013 1547 1082 suscipitur,
1591 1019 1686 1072 sed
1728 1022 1896 1085 magis

339 1087 524 1140 mundi
559 1100 816 1146 exercent
843 1109 1046 1150 amore.
1071 1097 1136 1152 Hi
1167 1109 1347 1156 autem
1379 1113 1558 1160 utrum
1591 1111 1784 1165 merito
1811 1129 1898 1182 pa-

340 1183 453 1230 tres
492 1179 798 1245 spirituales
843 1186 1098 1254 appellari
1136 1190 1394 1258 debeant,
1432 1194 1532 1264 ipsi
1580 1179 1892 1266 dijudicent.

337 1265 655 1336 Quicunque
701 1271 863 1340 igitur
908 1275 1164 1343 spiritalis
1207 1281 1431 1349 quilibet
1473 1286 1524 1338 in
1575 1265 1895 1357 baptismate

336 1365 492 1424 pater
531 1358 778 1421 efﬁcitur,
809 1362 1087 1420 elaborare
1128 1383 1344 1425 necesse
1386 1383 1470 1428 est
1515 1386 1770 1444 quantum
1801 1396 1895 1450 po-

338 1452 462 1507 test,
490 1453 549 1499 ut
583 1447 722 1503 idem
751 1465 910 1519 quem
946 1457 1179 1524 suscepit
1213 1460 1467 1528 spiritalis
1511 1463 1650 1521 ﬁlius
1684 1447 1893 1537 perma-

337 1544 483 1598 neat,
509 1549 575 1588 ne
601 1553 788 1594 rursus
819 1542 953 1596 male
980 1545 1207 1601 vivendo
1234 1548 1348 1617 ejus
1375 1551 1514 1608 (ilius
1543 1553 1656 1620 ﬁat,
1681 1574 1712 1612 a
1742 1559 1894 1627 cujus

334 1629 559 1682 servitio
601 1646 696 1700 per
750 1636 972 1702 gratiam
1030 1637 1363 1708 baptismatis
1407 1655 1652 1716 ereptus,
1697 1659 1751 1704 et
1796 1669 1892 1721 per

334 1718 674 1788 adoptionem
703 1722 844 1779 ﬁlius
869 1725 963 1781 Dei
991 1738 1075 1783 est
1098 1731 1363 1807 eﬂ‘ectus.]

933 1833 1157 1894 CAPUT
1194 1841 1298 1897 VII.

335 1913 403 1968 Ut
439 1918 508 1971 ad
556 1921 913 2008 ‘qccip‘iendum
955 1941 1050 2008 per
1093 1945 1278 1985 manus
1305 1935 1564 2008 pontiﬁcis
1606 1939 1891 2008 imperitio-

401 2004 520 2042 nem
549 1988 776 2058 Spiritus
821 1988 987 2047 sancti
1011 1995 1225 2066 donum,
1252 1988 1468 2058 sollicite
1491 1988 1891 2064 annillan-

402 2070 670 2112 curratur.

401 2171 685 2242 Perceptio
723 2177 892 2231 sancti
942 2179 1193 2248 Spiritus,
1229 2199 1348 2252 qum
1373 2201 1469 2254 per
1494 2204 1683 2246 manus
1723 2191 1890 2261 impo.

329 2261 580 2317 sitionem
630 2266 698 2319 ab
736 2267 999 2338 episcopis
1041 2271 1312 2336 tribuitur,
1347 2291 1375 2327 a
1406 2279 1720 2345 quibusdam
1753 2299 1888 2339 con-

329 2363 606 2421 gruenter,
637 2375 669 2411 a
705 2359 1020 2426 quibusdam
1057 2377 1185 2418 vero
1227 2367 1555 2438 negligenter
1598 2375 1881 2442 appetitur.

329 2438 468 2495 Sunt
493 2445 642 2498 enim
681 2448 896 2515 quidam
935 2453 1158 2521 nobiles,
1190 2457 1331 2524 quod
1369 2467 1452 2513 est
1483 2438 1764 2528 laudabile,
1796 2468 1885 2534 qui

325 2532 700 2601 hujuscemodi
741 2539 879 2594 dono
919 2558 977 2597 se
1023 2561 1253 2617 suosque
1298 2550 1540 2621 insigniri
1587 2555 1889 2612 accelerant

325 2624 617 2691 ardenter;
668 2637 793 2683 sunt
838 2631 998 2686 etiam
1044 2635 1291 2704 quidam,
1331 2629 1471 2708 quod
1517 2644 1889 2701 emendatione

325 2713 546 2783 dignum
570 2729 674 2784 est,
699 2722 789 2790 qui
819 2723 873 2776 in
900 2725 1112 2796 longum
1143 2732 1194 2785 id
1223 2732 1398 2789 facere
1424 2735 1693 2790 differunt.
1718 2736 1888 2792 Porro

325 2801 591 2871 ignobiles
622 2811 814 2875 partim
851 2813 1076 2878 incuria,
1109 2820 1304 2886 partim
1329 2822 1644 2891 ignorantia,
1691 2825 1746 2878 in
1773 2833 1888 2878 tan—

324 2901 440 2946 tum
467 2895 522 2948 in
556 2897 659 2952 hac
682 2915 740 2955 re
763 2903 1091 2974 negligentes
1117 2909 1370 2974 existunt,
1403 2919 1460 2963 ut
1485 2911 1645 2966 etiam
1669 2913 1886 2982 quidam

323 2982 565 3049 illorum,
595 3003 697 3042 non
726 2992 826 3045 nisi
846 2993 955 3061 jam
983 2995 1036 3050 in
1066 2997 1336 3068 decrepita
1363 3008 1539 3067 aetate,
1566 3002 1724 3073 hujus
1753 3005 1878 3060 doni

323 3077 787 3134 wnsecrationem
820 3083 1136 3153 percipiant.

397 3166 548 3232 Quod
585 3184 713 3224 vero
752 3172 915 3228 solius
955 3176 1190 3247 episcopi
1215 3180 1284 3234 sit
1313 3196 1412 3250 per
1436 3197 1628 3240 manus
1667 3186 1884 3255 imposi-

319 3256 529 3311 tionem
574 3258 820 3315 ﬁdelibus
865 3263 1075 3321 tradere
1134 3267 1388 3338 Spiritum
1431 3283 1702 3339 sanctum,
1747 3277 1882 3331 Acta

317 3346 523 3400 docent
564 3351 948 3420 apostolorum,
980 3356 1032 3411 in
1062 3359 1258 3426 quibus
1290 3361 1521 3431 legitur:
1554 3363 1779 3420 Factum
1806 3379 1880 3422 est

319 3448 505 3490 autem
537 3455 654 3492 cum
698 3442 883 3511 Apollo
917 3458 1044 3501 esset
1074 3449 1338 3516 Corinthi,
1383 3464 1432 3507 et
1463 3453 1684 3519 Paulus,
1727 3474 1874 3525 pera-

313 3527 488 3593 gratis
514 3529 862 3596 superioribus
889 3538 1141 3605 partibus,
1164 3542 1375 3597 uenisset
1403 3544 1684 3614 Ephesum,
1714 3548 1881 3618 ibique

314 3632 437 3670 cum
473 3617 747 3674 invenisset
779 3625 1027 3693 quosdam
1051 3629 1352 3700 discipulos,
1380 3634 1512 3688 dixit
1531 3637 1600 3688 ad
1626 3637 1742 3693 illos
1766 3617 1880 3695 :Si

317 3703 581 3772 Spiritum
615 3721 852 3765 sanctum
889 3717 1153 3785 accepistis
1181 3722 1484 3780 credentes?
1505 3732 1571 3780 At
1612 3728 1690 3782 illi
1730 3732 1878 3787 dixe-

317 3803 440 3847 runt
481 3798 550 3849 ad
581 3815 698 3851 eum
725 3814 743 3851 :
767 3800 873 3856 Sed
911 3820 1072 3875 neque
1103 3809 1150 3862 si
1181 3809 1409 3879 Spiritus
1431 3828 1638 3873 sanctus
1674 3831 1746 3875 est
1784 3841 1881 3877 au-

313 3882 563 3938 divimus.
589 3886 834 3960 Dixitque
859 3895 930 3947 eis
952 3910 970 3949 :
995 3894 1063 3950 1η
1091 3915 1190 3968 quo
1217 3917 1335 3971 ergo
1358 3904 1601 3974 baptisati
1624 3913 1786 3966 estis?
1811 3913 1880 3968 At

311 3973 398 4027 illi
429 3977 675 4032 dixerunt
700 3997 717 4034 :
743 3981 812 4036 In
835 3984 1055 4041 Joannis
1087 3989 1404 4060 baptismate.
1423 3973 1517 4051 Ait
1541 4010 1712 4056 autem
1742 4002 1881 4058 Pauo

314 4065 402 4119 lus
433 4080 452 4117 :
478 4067 710 4124 Joannes
757 4072 1032 4143 baptizavit
1072 4078 1322 4150 baptismo
1363 4087 1671 4153 paenitentia:
1710 4108 1876 4162 popu-

313 4155 456 4220 lum,
480 4157 676 4224 dicens,
711 4161 766 4214 in
798 4179 914 4217 eum
938 4167 1026 4235 qui
1055 4178 1298 4225 venturus
1329 4184 1404 4226 est
1429 4186 1540 4243 post
1569 4155 1756 4248 ipsum,
1777 4155 1877 4237 ltoc

313 4255 396 4300 est
429 4249 487 4300 in
513 4247 713 4316 Iesum,
742 4263 796 4305 ut
824 4256 1082 4310 crederent
1111 4261 1164 4313 in
1196 4278 1332 4317 eum.
1359 4263 1511 4329 Quod
1549 4285 1666 4322 cum
1699 4273 1878 4328 audis-

312 4346 457 4400 sent,
483 4337 730 4406 baptizati
766 4353 886 4396 sunt
919 4345 974 4398 in
1012 4349 1215 4403 nomine
1250 4350 1458 4408 Domini
1482 4355 1627 4411 Jesu.
1660 4358 1727 4411 Et
1757 4377 1875 4415 cum

313 4427 648 4496 imposuisset
681 4431 782 4486 illis
821 4450 1031 4490 manum
1068 4438 1291 4508 Paulus,
1319 4445 1450 4497 venit
1487 4444 1712 4516 Spiritus
1751 4467 1876 4504 san-
1901 4408 1951 4468 Β

316 4527 436 4572 ctus
478 4536 633 4590 super
664 4539 782 4588 eos;
815 4536 863 4580 et
907 4527 1246 4598 loquebantur
1287 4534 1495 4606 linguis,
1526 4548 1574 4592 et
1605 4544 1877 4610 propheta-

319 4605 446 4660 bant
487 4609 624 4678 (Act.
667 4627 792 4680 xix,
821 4614 896 4685 1).
939 4619 1170 4677 Attende
1208 4605 1508 4697 quodipost
1537 4605 1877 4701 baptismatis

315 4700 750 4768 perceptionem,
783 4705 927 4762 illico
970 4724 1066 4778 per
1107 4713 1495 4783 impositionem
1540 4700 1792 4778 manuum
1841 4742 1872 4780 a

312 4785 480 4840 beato
507 4787 670 4845 Paulo
697 4797 1002 4863 acceperint
1033 4799 1290 4870 Spiritum
1322 4816 1583 4865 sanctum.
1616 4811 1745 4866 Item
1770 4815 1874 4872 alio

312 4880 478 4934 loco:
509 4881 638 4938 Cum
673 4889 936 4945 audissent
973 4896 1190 4965 apostoli
1235 4900 1324 4970 qui
1362 4913 1510 4957 erant
1535 4903 1872 4977 Jerosolymis

309 4974 447 5042 quia
485 4977 750 5047 recepisset
777 4980 1026 5038 Samaria
1051 4988 1254 5042 verbum
1283 4991 1400 5058 Dei,
1434 4995 1682 5050 miserunt
1715 4974 1783 5051 ad
1808 4997 1874 5051 il-

311 5064 398 5118 los
427 5064 644 5123 Petrum
679 5081 728 5126 et
760 5072 1033 5130 Joannem.
1071 5079 1173 5145 Qui
1212 5099 1329 5137 cum
1367 5088 1648 5153 venissent,
1693 5105 1873 5144 orave.

313 5164 442 5206 runt
478 5172 572 5225 pro
601 5159 724 5228 ipsis
760 5172 815 5215 ut
849 5167 1135 5236 acciperent
1163 5170 1417 5240 Spiritum
1437 5186 1671 5230 sanctum
1695 5196 1713 5232 .·
1739 5195 1872 5234 non-

312 5245 446 5299 dum
474 5249 609 5302 enim
648 5251 701 5305 in
741 5270 1048 5327 quemquam
1088 5260 1299 5315 illorum
1332 5275 1566 5332 venerat;
1598 5268 1688 5322 sed
1719 5269 1878 5340 baptio

315 5337 428 5389 sati
453 5346 652 5394 tantum
678 5354 823 5398 erant
859 5347 914 5400 in
948 5351 1151 5404 nomine
1191 5352 1400 5411 Domini
1433 5358 1578 5414 Jesu.
1615 5360 1685 5415 Et
1713 5337 1876 5434 impo-

314 5427 649 5488 nebantillis
677 5451 881 5503 manus,
913 5448 960 5492 et
995 5443 1308 5512 accipiebant
1348 5446 1598 5518 Spiritum
1639 5427 1870 5510 sanctum

316 5519 461 5583 (Act.
487 5533 602 5586 vnn,
627 5523 731 5594 16).
755 5525 1053 5585 Notandum
1075 5541 1157 5587 est
1181 5537 1321 5602 quod
1347 5538 1398 5593 in
1420 5541 1684 5598 neminem
1709 5544 1875 5617 bapti-

391 5647 417 5673 -
451 5633 718 5693 lnnocent.
742 5640 759 5693 l
786 5643 944 5712 epist.
971 5644 1022 5711 1,
1045 5659 1162 5717 cap.
1188 5645 1240 5702 5.

2003 479 2201 532 tionem
2242 496 2494 535 manuum
2539 484 2918 551 apostolorum.
2946 487 3278 546 Credendtnn
3320 512 3448 552 vero
3475 510 3558 555 est

1999 571 2123 637 quia
2152 570 2291 624 sicut
2319 572 2678 640 baptismatis,
2700 584 2754 629 et
2781 579 3040 646 corporis,
3065 589 3119 634 et
3150 585 3425 653 sanguinis
3451 589 3556 643 Do-

2001 660 2130 714 mini
2166 671 2525 726 sacramenta,
2555 677 2651 731 per
2679 667 3015 722 sacerdotum
3046 675 3296 743 mysteria
3324 677 3555 737 visibilia

2001 749 2166 812 ﬁunt,
2212 759 2268 805 et
2314 768 2408 821 per
2456 752 2738 808 Dominum
2781 756 3117 814 invisibiliter
3152 777 3557 837 consecrantur,

1998 842 2071 896 ita
2119 845 2369 900 nimirum
2419 845 2651 916 Spiritus
2695 852 2867 905 sancti
2911 855 3082 923 gratia
3127 872 3222 925 per
3257 861 3554 932 impositio—

1997 946 2118 985 nem
2158 949 2432 999 manuum,
2469 937 2826 994 ministerium
2871 943 3296 1005 administratum
3339 956 3550 1023 episco-

1995 1036 2185 1088 porum
2233 1023 2476 1081 ﬁdelibus
2524 1027 2859 1085 invisibiliter
2905 1034 3186 1091 tribuatur.
3216 1038 3325 1095 Cur
3358 1053 3548 1109 autem

1996 1128 2098 1165 non
2141 1127 2169 1166 a
2220 1116 2563 1186 presbyteris.
2608 1119 2700 1174 sed
2749 1121 2816 1175 ab
2858 1124 3140 1196 episcopis,
3188 1127 3553 1199 apostolorum

1995 1205 2408 1268 successoribus,
2447 1209 2775 1265 credentium
2818 1211 3021 1270 frontes
3056 1217 3126 1272 ob
3150 1221 3550 1290 percipiendum

1994 1293 2164 1346 sancti
2225 1293 2456 1363 Spiritus
2503 1299 2700 1354 donum
2733 1315 3074 1360 sacrosancto
3121 1309 3413 1368 chrismate
3474 1315 3552 1370 si-

1992 1389 2252 1447 gnentur,
2295 1394 2512 1440 sanctus
2543 1377 2688 1457 papa
2729 1389 3070 1451 Innocentius
3106 1397 3158 1451 in
3187 1400 3552 1462 Decretalibus

1992 1469 2121 1532 suis,
2153 1470 2459 1540 plenissime
2487 1478 2676 1532 scribit
2702 1497 2714 1532 :
2742 1483 2809 1535 ad
2844 1498 3001 1552 quem
3033 1486 3206 1542 locum
3236 1493 3449 1550 curiose
3475 1497 3553 1552 di-

1991 1555 2317 1629 ligenterque
2357 1565 2494 1619 scire
2529 1568 2792 1624 volentem
2833 1575 2986 1629 mitto
3011 1589 3059 1629 ει.
3103 1578 3402 1640 Ρτωῐηίεείε
3448 1586 3552 1641 ita-

1989 1659 2093 1713 que
2121 1649 2454 1708 documentis
2496 1657 2800 1725 plenissime
2841 1666 3174 1732 prmdocetur
3212 1687 3544 1744 nequaquam

1917 1727 2020 1787 Ba
2052 1736 2296 1793 ﬁdelibus
2340 1743 2472 1797 tanti
2521 1746 2645 1800 doni
2694 1727 2968 1820 perceptio
3013 1727 3341 1826 negligenter
3389 1727 3547 1820 δῆπε-

1989 1826 2174 1892 renda,
2214 1828 2309 1882 sed
2342 1832 2517 1898 potius
2545 1848 2748 1892 remoto
2787 1848 3000 1910 torpore
3033 1849 3390 1920 negligentiae,
3421 1871 3542 1912 cum

1987 1928 2178 1984 magna
2207 1918 2367 1972 animi
2397 1922 2649 1978 aviditate
2697 1938 2752 1982 et
2782 1931 3060 1988 devotione
3089 1918 3313 2004 petenda
3344 1918 3398 1997 et
3425 1961 3542 2014 porr

1986 2005 2260 2074 cipienda;
2293 2026 2360 2066 ne
2405 2011 2569 2083 [quod
2615 2019 2773 2090 absit]
2803 2022 2920 2078 sine
2955 2024 3123 2094 ipsius
3162 2031 3286 2085 doni
3322 2049 3543 2104 munere

1986 2096 2105 2162 quis
2127 2099 2286 2154 rebus
2309 2101 2556 2160 humanis
2584 2109 2868 2165 eximatur.

2555 2233 2779 2292 CAPUT
2820 2239 2945 2296 VIII.

1987 2317 2138 2413 Quod
2161 2322 2370 2413 parvuli
2413 2325 2701 2413 instruendi
2729 2345 2882 2412 sunt,
2915 2353 3033 2390 cum
3071 2338 3138 2392 ad
3173 2341 3541 2413 intelligibilem

2054 2399 2264 2472 (etatem
2288 2395 2515 2448 venerint
2541 2407 2592 2483 et
2620 2399 2744 2480 ﬁdei
2772 2395 3116 2483 sacramento,
3141 2419 3190 2463 et
3222 2395 3542 2483 baptismatis

2053 2461 2319 2528 mysterio,
2349 2472 2396 2516 et
2425 2461 2733 2534 septiformis
2761 2473 2945 2539 gratia:
2972 2461 3382 2546 Spiritus

2056 2565 2322 2624 Salutaris
2351 2571 2643 2643 disciplina:
2672 2577 2862 2635 domus
2893 2592 2997 2648 est,
3037 2593 3096 2638 ut
3119 2587 3308 2644 beatus
3331 2593 3408 2646 ait
3437 2594 3542 2648 Au-

1971 2660 2264 2727 .gustinus,
2305 2663 2542 2720 Ecclesia
2585 2667 2809 2733 Christi,
2856 2673 2909 2728 in
2950 2692 3053 2745 qua
3103 2679 3301 2737 idcirco
3348 2685 3543 2742 dicitur

1984 2745 2120 2801 bene
2154 2750 2351 2817 vivere,
2381 2761 2438 2806 ut
2465 2758 2808 2823 perveniatur
2834 2763 2900 2815 ad
2935 2779 3147 2836 semper
3171 2771 3368 2825 vivere.
3400 2774 3543 2848 Ergo

1985 2838 2287 2908 quicunque
2328 2841 2380 2894 in
2409 2845 2593 2899 schola
2644 2848 2802 2918 hujus
2841 2861 2963 2906 sunt
3000 2855 3308 2926 disciplinae,
3341 2863 3395 2918 in
3433 2838 3539 2935 qua

1985 2927 2142 2983 docet
2182 2946 2422 2988 summus
2465 2936 2670 3004 doctor,
2708 2949 2762 2994 et
2806 2945 3060 3013 magister
3101 2947 3367 3020 Christus;
3409 2927 3540 3013 tanti

1908 3055 1955 3114 Ο
1985 3020 2216 3077 doctoris
2243 3026 2547 3095 magisterio
2577 3030 2848 3087 humiliter
2872 3035 3007 3090 colla
3038 3040 3422 3101 submittantur
3445 3065 3544 3105 ne-

1981 3129 2130 3169 cesse
2159 3127 2259 3170 est.
2285 3117 2340 3171 In
2389 3119 2489 3174 hac
2533 3122 2726 3192 quippe
2755 3125 3066 3183 multimoda
3113 3148 3255 3188 sanae
3299 3136 3420 3193 fidei
3457 3141 3537 3195 di-

1981 3214 2201 3259 scuntur
2227 3219 2520 3276 praacepta;
2551 3227 2669 3280 qua:
2710 3229 2830 3268 cum
2878 3217 3043 3271 multa
3086 3221 3211 3288 sint,
3253 3234 3308 3278 et
3335 3228 3401 3281 ab
3425 3245 3537 3285 uno

1979 3295 2249 3362 sapientia:
2286 3296 2434 3352 fonte
2470 3289 2751 3369 pioﬂuant,
2781 3313 2835 3358 et
2867 3309 3117 3374 parvulos
3147 3311 3201 3366 in
3227 3317 3448 3384 apertis,
3480 3329 3547 3375 et.

1979 3401 2196 3455 magnos
2233 3399 2522 3445 exerceant
2551 3393 2603 3445 in
2633 3395 2897 3462 obscuris,
2923 3409 3135 3468 oportet
3174 3411 3235 3458 ut
3275 3408 3364 3475 qui
3407 3425 3544 3466 nec--

1978 3479 2103 3532 dum
2136 3480 2479 3548 profundiora
2513 3484 2710 3540 Christi
2755 3501 3018 3560 pracepta
3049 3493 3259 3551 discere
3303 3512 3536 3569 queunt,

1977 3568 2257 3625 humiliora
2318 3574 2530 3628 interim
2567 3577 2772 3633 discere
2826 3591 3072 3652 satagant
3111 3606 3122 3640 :
3161 3590 3330 3646 donec
3376 3568 3528 3662 adju?

1977 3665 2137 3711 vante
2160 3658 2334 3711 divina
2359 3660 2722 3717 misericordia
2767 3666 2952 3721 altiora
2983 3668 3257 3741 percipere
3280 3658 3519 3742 valeant;

1977 3748 2116 3801 unde
2139 3755 2193 3801 et
2217 3747 2470 3805 Dominus
2497 3753 2548 3806 in
2585 3762 2763 3809 monte
2791 3757 3078 3829 discipulos
3107 3764 3281 3829 docet,
3308 3767 3360 3820 in
3390 3782 3530 3824 cam-

1976 3837 2246 3904 pestribus
2271 3839 2458 3894 turbas
2489 3843 2681 3909 pascit.
3353 3884 3358 3894 ι

2047 3926 2104 3979 Si
2133 3927 2256 3995 quis
2283 3937 2458 3982 autem
2487 3930 2623 3986 forte
2649 3932 2852 3998 existit,
2878 3936 2968 4004 qui
3006 3939 3309 3996 tarditatem
3343 3952 3397 4000 et
3429 3948 3527 4002 ob-

1977 4017 2275 4073 tunsionem
2338 4036 2525 4076 sensus
2582 4024 2664 4078 sui
2727 4029 3004 4093 ostendat,
3055 4041 3108 4087 et
3169 4034 3362 4092 dicat:
3409 4039 3528 4096 Non

1974 4124 2195 4178 possum
2223 4111 2449 4171 discere.
2489 4115 2612 4181 quia
2648 4131 2747 4170 nec
2772 4126 2932 4174 tanta:
2970 4136 3086 4177 sum
3115 4129 3446 4195 capacitatis,
3469 4143 3528 4186 ut

1978 4207 2055 4252 tot
2090 4207 2340 4268 tantaque
2364 4202 2561 4258 Christi
2587 4216 2868 4276 praecepta,
2906 4226 3024 4279 qua:
3053 4215 3232 4283 utique
3261 4217 3528 4276 mirabilia

1975 4297 2029 4342 et
2058 4288 2466 4345 innumerabilia
2509 4302 2652 4357 sunt,
2685 4295 2890 4353 discere
2919 4300 3119 4356 valeam
3146 4321 3159 4357 :
3188 4306 3366 4376 audiat
3396 4311 3528 4378 quid

1977 4377 2226 4446 praelatus
2248 4380 2435 4435 beatus
2471 4381 2799 4453 Augustinus
2842 4389 2895 4444 in
2927 4389 3061 4446 libro
3090 4395 3156 4450 de
3183 4377 3468 4468 Diseipiina
3495 4402 3521 4441 ι)

1976 4466 2398 4524 Christianorum
2447 4475 2681 4528 scribat:
2721 4494 2738 4525 ι
2769 4475 3059 4550 Przecepta,
3106 4466 3519 4552 inquit.,_multa

1977 4568 2101 4614 sunt
2130 4561 2182 4616 in
2209 4561 2343 4633 lege,
2387 4565 2579 4632 quibus
2615 4567 2726 4636 ipsa
2761 4569 2870 4623 vita
2903 4569 3038 4626 bona
3070 4575 3393 4642 continetur,
3423 4579 3528 4634 im-

1975 4660 2194 4719 peratur
2237 4660 2293 4706 et
2332 4653 2573 4708 discitur.
2602 4655 2761 4710 Multa
2808 4661 3332 4734 omninopraecepta
3376 4679 3520 4732 sunt,

1975 4749 2030 4794 et
2075 4741 2483 4800 innumerabilia
2527 4755 2670 4800 sunt.
2723 4747 3117 4820 Przeceptorum
3151 4755 3386 4824 ipsorum
3425 4775 3520 4829 pa-

1975 4828 2126 4897 ginas
2152 4830 2237 4883 vix
2263 4832 2485 4903 quisque
2522 4845 2788 4902 numerat,
2815 4848 3012 4908 quanto
3039 4845 3212 4914 magis
3236 4846 3384 4916 ipsa?
3416 4828 3520 4905 Vo-

1973 4916 2068 4973 luit
2095 4927 2270 4974 tamen
2297 4923 2548 4979 Dominus
2587 4936 2803 4995 propter
2829 4943 2922 4982 eos
2941 4930 3034 5000 qui
3066 4948 3124 4986 se
3166 4947 3383 5002 possent
3429 4953 3520 4993 cx—

1972 5023 2182 5075 cusare,
2211 5011 2292 5067 vel
2324 5014 2449 5082 quia
2480 5014 2558 5069 eis
2586 5031 2691 5070 non
2721 5028 2873 5073 vacat
2902 5019 3099 5092 legere,
3135 5026 3217 5081 vel
3251 5028 3372 5097 quia
3411 5045 3521 5086 non

1974 5110 2167 5156 norunt
2217 5104 2413 5173 legere,
2451 5105 2534 5160 vel
2565 5109 2688 5175 quia
2723 5126 2825 5164 non
2867 5124 3091 5182 possunt
3133 5116 3292 5172 facile
3329 5119 3521 5174 intelli-

1974 5207 2119 5263 gere,
2149 5203 2208 5248 ut
2239 5196 2632 5250 excusationem
2678 5213 2834 5256 nemo
2868 5203 3062 5260 habeat
3100 5207 3154 5261 in
3184 5207 3269 5262 die
3297 5207 3516 5277 judicii;

1976 5283 2163 5348 voluit,
2199 5284 2337 5339 sicut
2369 5285 2626 5355 scriptum
2666 5299 2768 5353 est,
2798 5307 3169 5349 consummare
3195 5305 3250 5350 et
3275 5297 3521 5355 breviare

1975 5373 2194 5428 verbum
2233 5389 2394 5443 super
2433 5384 2650 5444 terram,
2698 5380 2835 5435 sicut
2862 5383 2926 5437 de
2954 5383 3044 5438 illo
3087 5387 3343 5454 propheta
3384 5401 3519 5457 pra:-

1973 5461 2219 5516 tlixerat:
2257 5461 2474 5518 Verbum
2505 5469 2640 5520 enim
2685 5486 3044 5525 consummans
3079 5485 3125 5526 et
3163 5475 3395 5531 brevians
3435 5478 3518 5547 [ab

1971 5549 2068 5602 ciet
2099 5549 2353 5605 Dominus
2391 5569 2546 5623 super
2579 5566 2768 5612 terram
2797 5558 2948 5629 (Isai.
2979 5575 3045 5640 x_,
3071 5561 3170 5626 25;
3209 5563 3360 5620 Rom.
3407 5584 3494 5636 Ix,

2042 5659 2070 5699 ι
2103 5658 2275 5717 Serm.
2305 5662 2369 5718 de
2397 5663 2672 5735 disciplina
2696 5668 2915 5737 Christ.,
2939 5685 3055 5739 cap.
3077 5672 3113 5726 2
