4064 6190
538 283 637 343 155

1543 225 1732 334 ΙΟΝᾸΞ
1789 273 2338 332 AURELIANENSIS
2384 272 2682 330 EPISCOPI

3664 279 3764 335 I56

531 398 644 470 28).
686 395 802 452 Hoc
845 395 1018 466 ipsum
1062 391 1284 448 verbum
1318 399 1747 446 consummatum
1788 400 1842 445 et
1881 389 2091 444 brevia-
2121 393 2172 451 Α
2195 388 2265 442 ad
2300 387 2441 456 quod
2480 402 2580 441 nos
2607 397 2703 456 per
2736 385 3104 456 propheticam
3134 395 3189 442 et
3229 387 3592 458 evangelicum
3635 390 3763 446 hor-

530 499 663 554 tum,
692 503 796 543 non
834 487 1119 541 obscurum
1165 498 1283 539 esse
1329 484 1468 538 Deus
1499 483 1686 538 voluit.
1734 483 1858 537 Ideo
1904 484 2089 544 breve,

538 589 596 635 ut
620 586 837 634 vacaret
864 577 1058 646 legere,
1085 575 1202 629 ideo
1231 583 1498 642 apertum,
1527 588 1595 627 ne
1624 574 1789 634 dicas,
1815 587 1920 626 non
1959 572 2090 626 mihi

532 671 678 726 licuit
721 667 1032 736 intelligere.
1063 665 1374 718 Thesaurus
1416 677 1547 733 ergo
1571 670 1654 717 est
1686 677 1913 732 magnus
1957 661 2091 716 divi-

528 772 717 813 narum
767 755 1204 825 Scripturarum,
1248 753 1451 807 habens
1492 752 1546 806 in
1592 767 1651 806 se
1715 751 1980 805 mirabilia
2034 759 2091 806 et

526 854 792 915 prmcepta
836 843 1030 908 multa;
1073 850 1327 910 tanquam
1363 840 1558 893 multas
1587 854 1846 910 gemmas,
1875 846 1930 892 et
1959 853 2086 908 pre-

528 939 663 991 tiosa
707 936 962 999 monilia,
1007 943 1062 988 et
1095 947 1222 986 vasa
1268 931 1504 1002 ingentia
1551 939 1605 985 et
1642 931 1820 998 magni
1864 928 2085 984 metalli.

526 1024 632 1078 Sed
657 1025 779 1092 quis
806 1030 982 1093 potest
1006 1020 1234 1075 scrutari
1270 1021 1580 1073 thesaurum
1607 1019 1791 1082 istum,
1819 1026 1875 1072 et
1895 1019 1971 1070 uti
1999 1032 2085 1081 eo,

524 1123 578 1166 et
610 1115 892 1182 pervenire
932 1112 998 1165 ad
1027 1109 1204 1164 omnia
1229 1125 1349 1178 qua:
1395 1109 1468 1162 ibi
1498 1109 1657 1162 sunt?
1682 1107 1908 1174 Quando
1950 1109 2089 1161 hanc

528 1201 932 1254 similitudinem
980 1197 1236 1252 Dominus
1269 1196 1412 1251 dedit
1456 1197 1509 1250 in
1553 1196 1843 1265 Evangelio
1881 1211 1998 1258 suo,
2034 1203 2089 1249 et

526 1291 698 1345 dixit:
744 1289 926 1345 Simile
967 1298 1038 1343 est
1072 1304 1282 1358 regnum
1325 1286 1571 1341 caelorum
1613 1287 1855 1340 thesauro
1884 1287 2086 1340 invento

523 1383 578 1434 in
606 1399 730 1452 agro
761 1381 975 1451 (Matth.
1003 1396 1122 1444 χιιι,
1147 1378 1258 1449 44),
1309 1393 1376 1432 ne
1406 1378 1523 1446 quis
1550 1392 1607 1431 se
1634 1377 1810 1430 minus
1837 1376 2084 1431 idoneum

522 1474 724 1528 diceret
759 1474 825 1527 ad
859 1472 1302 1542 perscrutandum
1345 1471 1675 1533 thesaurum,
1713 1467 1970 1521 continuo
1995 1466 2088 1521 de-

521 1569 601 1622 dit
627 1569 786 1622 aliam
815 1567 1211 1622 similitudinem
1237 1585 1250 1619 :
1281 1564 1461 1620 Simile
1498 1573 1571 1618 est
1599 1579 1812 1633 regnum
1840 1562 2084 1616 caelorum

521 1657 717 1712 homini
759 1657 1063 1726 negotiatori
1099 1655 1349 1718 quaerenti
1392 1652 1550 1706 bonas
1593 1652 1905 1721 margaritas
1932 1667 1951 1704 :
1993 1652 2081 1721 qui

2194 487 2340 532 tatur
2382 477 2749 541 indill'erenter
2791 492 3010 533 currere
3060 478 3504 533 admonitionem.
3550 479 3764 537 Clamat

2191 567 2334 622 enim
2360 567 2524 621 Isaias
2561 567 2818 636 propheta
2846 587 2858 620 :
2890 565 3118 632 Quwrite
3149 567 3434 621 Dominum
3456 569 3581 622 dum
3610 571 3759 625 inve-

2193 655 2294 708 niri
2321 665 2518 725 potest,
2549 655 2780 709 invocate
2805 671 2923 708 eum
2957 655 3081 708 dum
3116 672 3272 725 prope
3299 666 3391 709 est.
3420 655 3760 729 Derelinquat

2190 743 2377 812 impius
2401 745 2535 797 viam
2559 759 2729 808 suam,
2755 752 2804 797 et
2833 745 2908 798 vir
2930 744 3140 814 iniquus
3169 746 3509 814 cogitationes
3536 764 3682 815 suas,
3711 760 3762 804 et

2190 841 2476 886 revertatur
2501 833 2569 886 ad
2607 832 2891 886 Dominum
2911 873 2924 897 ,
2968 843 3018 886 et
3066 834 3392 888 miserebitur
3418 836 3568 905 ejus;
3607 850 3657 892 et
3688 842 3759 894 ad

2186 920 2354 975 Deum
2391 933 2642 984 nostrum,
2677 924 2923 992 quoniam
2959 922 3154 977 multus
3179 933 3254 978 est
3285 925 3353 977 ad
3388 927 3758 995 ignoscendum

2188 1011 2341 1082 (Isai.
2365 1028 2454 1077 LV,
2477 1012 2551 1086 6).
2582 1013 2649 1066 Et
2688 1027 2784 1082 per
2809 1013 3144 1068 Ezechielem
3180 1015 3438 1073 Dominus
3461 1021 3538 1074 ait
3564 1039 3576 1072 :
3613 1022 3664 1075 Ν
3671 1023 3753 1077 alo

2184 1115 2401 1158 mortem
2443 1106 2619 1176 impii;
2644 1109 2735 1161 sed
2763 1115 2820 1160 ut
2863 1117 3190 1161 convertatur
3217 1112 3406 1179 impius
3441 1129 3475 1165 a
3509 1114 3590 1167 via
3633 1132 3753 1181 sua,

2184 1206 2236 1253 et,
2258 1199 2390 1251 vivat
2436 1197 2648 1268 (Ezech.
2679 1213 2880 1262 xxxm,
2910 1199 3014 1268 11).
3063 1198 3191 1253 Item
3230 1219 3241 1254 :
3274 1199 3670 1268 Convertimini,
3707 1218 3755 1260 et

2185 1287 2321 1356 agite
2364 1287 2710 1355 paenitentiam
2747 1287 2810 1340 ab
2853 1288 3088 1341 omnibus
3125 1290 3487 1357 iniquitatibus
3525 1296 3736 1351 vestris:

2184 1386 2230 1429 et
2258 1391 2360 1428 non
2381 1376 2478 1428 erit
2501 1377 2640 1430 vobis
2662 1378 2717 1430 in
2747 1377 2952 1430 ruinam
2974 1378 3221 1448 iniquitas
3249 1380 3436 1450 (lbia‘.,
3458 1398 3613 1445 xvm,
3639 1385 3750 1457 50).

2186 1462 2316 1517 Item
2351 1477 2365 1516 :
2400 1461 2650 1518 Peccator
2681 1465 2734 1518 in
2779 1482 3084 1535 quacunque
3126 1468 3209 1521 die
3249 1485 3521 1526 conversus
3561 1473 3746 1542 fuerit,

2185 1571 2359 1608 omnes
2381 1555 2678 1624 iniquitates
2697 1557 2809 1624 ejus
2832 1557 2887 1609 in
2909 1555 3160 1610 oblivione
3183 1569 3332 1612 erunt
3358 1559 3408 1630 (1
3413 1560 3537 1624 bid.,
3560 1579 3747 1626 χχχιιι.

2183 1645 2290 1717 12).
2316 1646 2382 1700 Ει
2407 1645 2657 1700 Salomon
2685 1663 2697 1698 :
2723 1645 2800 1699 De
2823 1655 3114 1716 perpetrato
3140 1660 3349 1716 peccato
3376 1651 3482 1704 noli
3504 1669 3612 1707 esse
3641 1655 3752 1708 sine

521 1747 712 1801 invenit
751 1761 909 1799 unam
933 1745 1208 1814 pretiosam
1249 1743 1620 1812 margaritam;
1648 1749 1696 1794 et
1724 1741 1949 1794 vendidit
1975 1757 2086 1793 om-
2112 1743 2157 1801 B
2183 1746 2322 1790 metu
2351 1753 2369 1790 :
2397 1752 2560 1806 neque
2588 1736 2811 1805 adjicias
2848 1747 3113 1806 peccatum
3141 1755 3295 1808 super
3321 1752 3586 1809 peccatum
3625 1743 3754 1816 (Ec-

520 1839 608 1891 nia
634 1854 749 1909 qua:
773 1837 1013 1900 habebat,
1034 1846 1081 1888 et
1107 1837 1230 1889 emit
1261 1833 1408 1889 illam
1435 1833 1725 1906 (Ibid.,45)
1745 1851 1758 1887 :
1782 1842 1840 1888 ut
1865 1834 1909 1888 si
1935 1835 2085 1903 piger

518 1936 651 1984 eras
680 1928 747 1983 ad
791 1927 1229 1999 perscrutandum
1275 1927 1616 1989 thesaurum,
1661 1941 1766 1980 non
1813 1925 1889 1981 sis
1935 1926 2086 1996 piger

519 2036 678 2075 unam
723 2020 1066 2089 margaritam
1095 2021 1194 2073 sub
1239 2017 1418 2088 lingua
1454 2016 1618 2083 ferre,
1651 2024 1706 2072 et
1747 2032 1855 2087 quo
1881 2018 1966 2072 vis
1993 2033 2081 2072 se-

516 2125 679 2166 curus
724 2109 1017 2164 ambulare.
1052 2095 1218 2174 Quod
1259 2115 1341 2162 est
1385 2122 1512 2178 ergo
1557 2109 1779 2161 verbum
1827 2122 2080 2162 consum-

517 2216 668 2254 mans
690 2207 742 2252 et
775 2199 1022 2254 breviatis
1042 2198 1099 2250 s?
1127 2196 1323 2266 Diliges
1344 2195 1815 2249 Dominum'Deum
1843 2204 1991 2249 tuum
2018 2211 2083 2248 ea:

515 2299 622 2342 toto
646 2288 798 2342 corde
825 2296 938 2350 tuo,
963 2298 1009 2340 et
1045 2302 1108 2340 ea:
1142 2295 1249 2339 tota
1284 2287 1458 2338 anima
1484 2295 1594 2350 tua,
1622 2294 1668 2337 et
1695 2299 1759 2337 ea:
1779 2293 1888 2337 tota
1913 2293 2080 2337 mente

515 2388 608 2434 tua
639 2379 852 2451 (Matth.
881 2393 1024 2443 xxn,
1060 2377 1169 2446 '57).
1199 2376 1292 2441 Et,
1345 2375 1539 2444 Diliges
1582 2375 1876 2444 proximum
1933 2382 2080 2426 tuum

515 2473 650 2526 sicut
675 2470 912 2540 teipsum.
945 2469 1012 2522 In
1038 2469 1118 2522 his
1152 2467 1352 2520 duobus
1385 2467 1654 2538 prazceptis
1705 2475 1813 2518 tota
1847 2465 1930 2521 lea:
1956 2481 2080 2534 pen-

515 2560 599 2611 det
637 2567 684 2611 ct
727 2553 982 2628 propheta:
1023 2555 1221 2629 (Ibid.,
1249 2555 1358 2627 59).
1401 2556 1541 2610 Ecce
1583 2554 1724 2624 quod
1767 2554 1993 2609 discitur
2021 2555 2077 2608 in

512 2647 674 2703 domo
719 2648 1009 2717 disciplina:
1052 2668 1064 2702 :

515 2756 700 2796 mum-
735 2739 903 2794 Deum
942 2747 1195 2808 tanquam
1233 2737 1401 2792 Deum
1429 2775 1444 2802 ,
1474 2736 1779 2806 proximum
1821 2744 2072 2806 tanquam

517 2838 636 2887 te.»
687 2851 694 2860 '
1425 2889 1432 2896 _

582 2922 641 2977 In
685 2923 977 2993 primordio
1015 2937 1245 2992 namque
1283 2932 1481 2977 sanctae
1522 2921 1617 2976 Dei
1666 2919 1922 2975 Ecclesia:
1965 2935 2072 2975 not.

513 3011 928 3082 baptizabantur
953 3013 1058 3068 nisi
1080 3013 1308 3082 primum
1337 3011 1587 3066 instructi
1619 3009 1867 3076 fuissent,
1891 3018 1946 3063 et
1969 3009 2072 3065 ﬁde

1113 2649 1334 2718 diligere
1373 2649 1577 2712 Deum,
1620 2646 1842 2717 diligere
1886 2647 2073 2716 proxi-
2097 2681 2113 2698 .

2182 1825 2268 1879 cli.
2293 1842 2344 1892 v,
2370 1826 2445 1897 5).
2476 1827 2607 1881 Item
2632 1843 2644 1879 :
2676 1826 2759 1880 Ne
2799 1828 2971 1880 tardes
3014 1830 3237 1882 converti
3274 1831 3343 1883 ad
3368 1831 3670 1900 Dominum,
3700 1845 3749 1889 et

2182 1934 2244 1971 ne
2269 1918 2482 1986 (li/feras
2504 1917 2567 1970 de
2593 1918 2678 1970 die
2705 1917 2758 1969 in
2780 1917 2917 1970 diem
2941 1917 3125 1989 (Ibid.,
3151 1919 3226 1990 8).
3255 1919 3384 1974 Item
3411 1938 3423 1973 :
3452 1922 3750 1980 Altissimus

2180 2006 2300 2059 odio
2338 2007 2487 2059 habet
2530 2016 2820 2076 peccatores
2861 2022 2879 2058 :
2903 2017 2949 2058 et
2997 2009 3236 2061 misertus
3277 2019 3354 2062 est
3387 2011 3747 2074 paenitentibus

2181 2095 2340 2167 (Ibid.
2374 2112 2473 2161 xu,
2493 2095 2568 2167 '5).
2596 2096 2726 2150 Item
2759 2113 2772 2149 :
2801 2095 3044 2167 Relinque
3070 2109 3281 2167 peccata
3303 2110 3417 2165 tua,
3439 2113 3488 2155 et
3511 2115 3748 2158 converte

2178 2186 2246 2239 ad
2274 2186 2544 2240 Dominum
2571 2186 2754 2258 (Ibid.,
2771 2202 2902 2253 xvn,
2923 2187 3035 2258 2i).
3058 2188 3189 2242 Item
3216 2208 3227 2242 :
3257 2189 3383 2256 Fili,
3411 2198 3656 2261 peccasti,
3679 2211 3744 2248 ne

2178 2276 2397 2345 adjicias
2425 2279 2610 2330 iterum
2636 2290 2654 2328 :
2683 2277 2774 2331 sed
2811 2288 2858 2331 et
2888 2279 2951 2332 de
2974 2280 3204 2349 pristinis
3231 2281 3528 2351 deprecare,
3558 2294 3614 2338 ut
3645 2287 3742 2340 tibi

2177 2368 2503 2421 remittantur
2522 2367 2707 2439 (Ibid.,
2730 2385 2842 2433 χιιι,
2869 2370 2940 2440 1).
2968 2371 3032 2424 Et
3056 2372 3312 2427 Dominus
3337 2373 3390 2427 in
3412 2374 3739 2446 Evangelio:

2175 2457 2536 2513 Paenitentiam
2569 2461 2706 2529 agite
2728 2477 2747 2514 :
2772 2463 3201 2533 appropinquavit
3238 2466 3374 2517 enim
3407 2482 3618 2536 regnum
3644 2485 3746 2522 εω-

2174 2546 2343 2601 lorum
2378 2548 2588 2619 (Matth.
2621 2566 2714 2615 ιιι,
2740 2552 2816 2622 2).
2847 2551 3080 2608 Joannes
3108 2540 3347 2624 Baptista
3372 2575 3384 2610 :
3412 2556 3614 2624 Facite,
3657 2560 3744 2613 in-

2174 2639 2309 2708 quit,
2344 2640 2544 2710 fructus
2574 2642 2756 2712 dignos
2783 2646 3092 2713 paenitentiae
3120 2646 3264 2717 (Luc.
3292 2663 3370 2712 ιιι,
3399 2649 3477 2719 8).
3505 2650 3574 2704 Et
3600 2651 3744 2720 Apo-

2174 2730 2343 2786 stolus
2380 2733 2456 2786 ait
2495 2724 2692 2789 Paulus
2733 2752 2748 2788 :
2790 2735 2926 2789 Ecce
2955 2737 3089 2790 enim
3134 2747 3330 2808 tempus
3378 2742 3690 2809 acceptabile
3718 2759 3741 2798 :

2173 2838 2288 2876 ecce
2305 2823 2440 2877 enim
2461 2840 2596 2878 nunc
2618 2826 2727 2879 dies
2748 2826 2931 2881 salutis
2960 2828 3044 2899 (ll
3069 2827 3192 2882 Cor.
3216 2845 3290 2895 )‘l,
3315 2831 3391 2902 2).
3421 2833 3484 2886 Ει
3509 2833 3737 2889 Petrus:

2173 2911 2502 2970 l‘cenitemini
2546 2917 2706 2986 igitur
2745 2928 2792 2971 et
2821 2922 3199 2986 convertimini,
3227 2932 3281 2976 ut
3310 2923 3582 2978 deleantur
3623 2943 3740 2996 pec-

2173 3012 2290 3056 cata
2330 3013 2498 3058 vestra
2525 3005 2659 3076 (Act.
2686 3022 2768 3069 ιιι,
2796 3008 2904 3078 19).
2939 3008 3292 3081 Hieronymus
3320 3013 3373 3066 in
3402 3017 3741 3084 expositione

515 3111 712 3158 sanctae
757 3102 1053 3168 Trinitatis,
1089 3111 1144 3158 et
1185 3101 1441 3172 mysterio
1487 3103 1820 3157 sacrosancti
1867 3101 2072 3170 baptis~
2099 3089 2144 3152 C
2175 3095 2512 3150 Ecclesiaste
2544 3118 2557 3152 :
2589 3098 2672 3151 Ne
2711 3100 2864 3168 impie
2913 3118 3038 3171 agas
3087 3105 3340 3170 multum,
3380 3117 3428 3159 ει
3481 3108 3589 3162 noli
3631 3126 3742 3164 esse

513 3195 691 3249 matis.
719 3192 867 3248 Nunc
909 3203 1087 3247 autem
1124 3193 1249 3262 quia
1276 3207 1470 3247 nomen
1497 3192 1697 3247 Christi
1727 3193 1924 3262 ubique
1954 3192 2074 3262 pol-

513 3282 606 3347 let,
631 3291 682 3338 et
705 3283 915 3352 parvuli
942 3283 1009 3337 de
1028 3281 1348 3338 Christianis
1374 3283 1684 3352 parentibus
1706 3285 1840 3347 nati,
1867 3283 1934 3340 ad
1960 3298 2075 3350 per-

513 3373 812 3442 cipiendam
861 3373 1196 3441 baptismatis
1251 3374 1480 3444 gratiam
1518 3373 1745 3427 necdum
1791 3373 2074 3442 loquentes

517 3463 888 3517 incunctanter
931 3461 1323 3532 deportantur:
1355 3464 1476 3534 (nec
1518 3463 1786 3517 immerito
1822 3477 1836 3515 :
1869 3463 2064 3533 quippe

515 3563 575 3608 ut
618 3554 708 3622 qui
736 3552 923 3608 alienis
951 3554 1185 3623 peccatis
1208 3554 1423 3610 obnoxii
1453 3564 1594 3618 sunt,
1633 3555 1859 3608 aliorum
1888 3555 2075 3624 depor-

515 3646 718 3700 tatione
764 3654 817 3700 et
865 3646 1211 3714 responsione
1250 3661 1280 3699 a
1311 3645 1753 3715 praevaricatione
1791 3644 2068 3715 originalis

514 3753 669 3792 noxae
711 3737 1076 3802 absolvantur,
1103 3745 1368 3805 quatenus
1403 3737 1541 3791 eruti
1571 3735 1636 3790 de
1683 3744 1945 3805 potestate
1993 3744 2072 3790 te—

513 3828 836 3891 nebrarum,
881 3827 933 3880 in
995 3841 1216 3896 regnum
1261 3825 1468 3880 Domini
1517 3825 1598 3880 sui
1635 3823 2071 3896 transferantur.)

514 3932 852 3987 summopere
900 3911 1306 3986 procurandum
1327 3926 1428 3982 est,
1461 3916 1574 3970 sive
1600 3915 1931 3983 parentibus,
1964 3916 2075 3969 sive

515 4009 602 4064 his
629 4010 718 4077 qui
757 4023 849 4064 eos
894 4009 960 4063 de
985 4023 1142 4063 sacro
1171 4006 1336 4061 fontis
1372 4007 1586 4062 lavacro
1616 4006 1983 4076 susceperint,
2017 4015 2076 4060 ut

513 4116 634 4156 cum
663 4101 728 4155 ad
772 4099 1155 4170 intelligibilem
1195 4108 1407 4152 aetatem
1449 4096 1811 4167 pervenerint,
1840 4105 1896 4150 et
1938 4097 2068 4151 ﬁdei

514 4202 572 4248 et
595 4189 934 4263 baptismatis
963 4193 1214 4262 mysterio
1245 4192 1579 4245 instruantur
1604 4208 1615 4242 :
1649 4198 1710 4244 nt
1737 4190 1783 4243 si
1826 4188 1965 4244 forte
1998 4190 2075 4243 la-

515 4285 642 4348 tius,
686 4285 1008 4351 uberiusque
1039 4283 1092 4335 in
1134 4297 1294 4337 sensu
1337 4281 1639 4334 divinarum
1670 4279 2074 4350 Scripturarum

516 4377 777 4448 proﬁcere
818 4385 909 4430 aut
937 4375 1227 4437 noluerint,
1254 4383 1345 4426 aut
1373 4373 1724 4442 nequiverint,
1752 4373 1941 4427 saltem
1969 4372 2073 4426 lide

2173 3187 2386 3253 stultus,
2414 3204 2531 3241 cum
2556 3191 2790 3244 morieris
2835 3193 2887 3244 in
2927 3201 3151 3263 tempore
3181 3212 3284 3248 non
3320 3205 3408 3248 tuo
3435 3213 3454 3249 :
3485 3213 3607 3251 cum
3636 3199 3753 3253 Do-

2173 3282 2350 3336 minus
2395 3280 2642 3349 loquatur
2672 3279 2808 3334 Nolo
2835 3293 3048 3336 mortem
3091 3287 3387 3350 morientis,
3415 3287 3504 3340 sed
3535 3297 3739 3340 tantum

2173 3383 2229 3425 ut
2254 3384 2554 3438 revertatur,
2577 3383 2626 3426 et
2655 3384 2806 3427 vivat.
2843 3374 3020 3432 Semel
3057 3391 3310 3445 peccasse
3352 3377 3597 3433 suliiciat.
3631 3379 3740 3434 De-
3781 3356 3786 3362 ⁴

2173 3463 2361 3517 bemus
2387 3477 2516 3533 ergo
2544 3479 2641 3516 nos
2681 3465 2887 3534 erigere
2917 3475 3036 3534 post
3061 3467 3295 3520 ruinam.
3329 3466 3385 3521 Si
3416 3469 3561 3522 enim
3582 3467 3741 3536 juxta

2173 3567 2266 3608 eos
2291 3555 2380 3622 qui
2410 3555 2474 3608 de
2507 3554 2746 3623 physicis
2773 3556 3070 3623 disputant,
3109 3557 3257 3610 novit
3295 3558 3525 3612 hirundo
3565 3559 3742 3629 pullos

2174 3644 2238 3697 de
2281 3657 2443 3698 succo
2471 3643 2686 3699 oculare
2725 3645 3060 3709 chelidoniae,
3094 3655 3148 3699 et
3189 3645 3522 3701 dictamnum
3562 3665 3742 3720 caprae

2172 3743 2427 3804 expetunt
2465 3735 2773 3801 vulneratae,
2807 3751 2904 3790 cur
2948 3752 3045 3790 nos
3078 3737 3387 3807 ignoramus
3419 3740 3742 3796 medicinam

2175 3826 2499 3894 propositam
2544 3843 2663 3882 esse
2706 3828 3098 3896 peccantibus?
3138 3831 3467 3897 Augustinus
3497 3833 3553 3885 in
3602 3827 3757 3887 libro'

2175 3915 2493 3970 Sermonum
2521 3918 2586 3972 δε
2627 3936 2645 3968 ι
2678 3918 2801 3974 Scio
2845 3934 2964 3990 ego,
2999 3921 3200 3988 inquit,
3229 3931 3283 3975 et
3312 3935 3524 3976 mecum
3564 3925 3744 3980 omnis

2172 4007 2333 4061 homo
2360 4009 2450 4077 qui
2488 4009 2647 4077 paulo
2675 4011 2932 4065 attentius
2973 4012 3420 4076 consideraverit,
3467 4016 3741 4068 neminem

2174 4096 2458 4150 Dominum
2501 4097 2777 4152 timentem
2815 4101 2916 4154 sub
2953 4100 3132 4155 verbis
3174 4101 3290 4170 ejus
3333 4115 3439 4154 non
3477 4115 3538 4157 se
3569 4103 3742 4156 corri-

2173 4203 2319 4256 gere,
2351 4190 2452 4244 nisi
2478 4192 2569 4259 qui
2595 4199 2743 4261 putat
2768 4192 2894 4261 quia
2923 4192 3043 4262 plus
3070 4193 3233 4248 habet
3256 4194 3457 4249 vivere.
3487 4197 3604 4264 Ipsa
3650 4211 3738 4250 res

2173 4291 2257 4336 est
2298 4297 2418 4351 quae
2457 4283 2653 4338 multos
2679 4285 2893 4349 occidit,
2924 4301 3047 4340 cum
3077 4287 3280 4351 dicunt,
3317 4288 3470 4354 Cras,
3503 4304 3654 4354 cras;
3684 4297 3742 4343 et

2173 4371 2350 4425 subito
2394 4373 2593 4427 ostium
2637 4374 2918 4428 clauditur.
2950 4375 3230 4430 Remansit
3264 4375 3398 4432 foris
3442 4394 3563 4432 cum
3606 4393 3740 4433 voce

516 4435 795 4523 :I‘rinitatis
818 4473 1016 4518 sancta:
1055 4472 1110 4517 et
1133 4462 1388 4533 mysterio
1408 4462 1544 4516 sacri
1570 4461 1907 4529 baptismatis
1926 4463 2072 4516 inex-
2097 4435 2150 4494 Β
2176 4463 2416 4529 corvina,
2445 4465 2570 4532 quia
2600 4480 2706 4518 non
2735 4466 2933 4520 habuit-
2949 4468 3203 4536 gemitum
3229 4469 3616 4537 columbinum,
3643 4471 3742 4526 sed

515 4556 826 4613 cusabiliter
845 4554 1078 4609 existant
1101 4552 1365 4606 instructi.

1109 4657 1333 4717 CAPUT
1388 4659 1476 4715 IX.

517 4753 669 4824 Quod
698 4755 821 4827 quia
851 4753 1134 4834 baptismus
1179 4752 1360 4834 iterari
1406 4767 1507 4834 non
1553 4761 1751 4832 potest,
1785 4753 2071 4807 necessaria

789 4821 1083 4894 pwnitentia
1117 4821 1370 4875 secundus
1395 4822 1461 4874 sit
1488 4821 1788 4891 baptismus.

584 4916 894 4987 Propitiatio
944 4913 1124 4968 divina
1171 4927 1268 4967 nos
1314 4929 1411 4983 per
1462 4913 1714 4982 baptismi
1764 4913 1992 4983 gratiam
2037 4928 2070 4967 a

512 5010 670 5082 primi
705 5007 934 5062 hominis
970 5013 1118 5059 reatu
1149 5003 1395 5069 absolvit,
1421 5013 1475 5059 et
1503 5005 1568 5058 de
1603 5004 1728 5059 liliis
1755 5006 2070 5072 perditionis

515 5100 652 5154 tilios
685 5097 814 5152 fecit
854 5095 1185 5159 salvationis,
1212 5104 1267 5148 et
1300 5094 1368 5149 de
1397 5095 1521 5148 ﬁliis
1547 5095 1736 5148 alienis
1779 5094 1915 5148 lilios
1942 5093 2074 5149 fecit

514 5188 842 5258 adoptionis,
884 5186 1024 5240 unde
1066 5186 1230 5240 etiam
1276 5186 1522 5253 superius
1568 5187 1771 5240 dictum
1815 5195 1918 5240 est.
1964 5185 2071 5241 Sed

514 5280 638 5349 quia
667 5288 790 5349 post
833 5276 1154 5346 baptismum
1200 5275 1364 5328 multa
1395 5276 1696 5341 amisimus,
1724 5285 1779 5331 et
1805 5277 1860 5330 in
1887 5276 2068 5330 multis

513 5371 730 5439 collapsi
797 5385 1006 5431 sumus,
1053 5378 1109 5422 et
1175 5367 1314 5421 idem
1364 5368 1659 5435 baptismus
1719 5365 1862 5420 nullo
1911 5375 2066 5436 pacto

515 5460 695 5514 iterari
731 5468 924 5529 potest,
969 5459 1155 5514 eadem
1182 5456 1413 5526 propitia
1439 5459 1694 5512 divinitas
1720 5457 1987 5527 quoddam
2012 5465 2067 5510 et

513 5552 921 5606 saluberrimum
948 5551 1274 5621 ptenitentiae
1300 5550 1454 5604 nobis
1477 5551 1704 5606 contulit
1735 5550 2060 5615 remedium;

583 5674 609 5702 ι
643 5661 699 5716 5.
726 5661 859 5728 Aug.
889 5661 975 5714 ubi
1007 5676 1185 5744 supra,
1213 5673 1329 5727 cap.
1357 5659 1406 5713 7.

2176 4555 2325 4609 corvi
2355 4571 2458 4610 vox
2496 4565 2597 4610 est.
2625 4555 2791 4611 Gcme
2815 4567 2874 4611 ut
2905 4558 3204 4625 columbus,
3242 4571 3298 4614 et
3329 4563 3492 4617 tunde
3517 4570 3736 4630 pectus;

2177 4647 2270 4702 sed
2292 4646 2471 4717 plagas
2489 4647 2581 4701 tibi
2603 4648 2801 4713 dando,
2819 4663 2989 4703 cmsus
3009 4659 3282 4706 correctus
3303 4659 3438 4707 esto.
3454 4672 3472 4704 ι
3491 4653 3556 4706 Εῐ
3579 4653 3738 4722 paulo

2179 4746 2333 4806 post:
2365 4755 2382 4787 ι
2413 4736 2506 4792 Dic
2535 4737 2688 4803 mihi,
2723 4753 2850 4806 rogo
2881 4746 2952 4792 te.
2986 4738 3125 4793 Ecce
3152 4755 3250 4810 ego
3279 4743 3576 4805 consentio,
3605 4757 3738 4796 con-

2177 4831 2330 4896 cedo,
2373 4840 2429 4884 et
2466 4844 2748 4900 cognosco,
2777 4831 2902 4900 quia
2941 4831 3324 4901 indulgentiam
3363 4833 3458 4889 tibi
3491 4835 3740 4903 promisit

2166 4922 2326 4976 Deus.
2357 4919 2665 4975 Crastinum
2693 4921 2835 4976 enim
2867 4922 3007 4976 diem
3031 4925 3156 4992 quis
3191 4922 3289 4976 tibi
3315 4921 3595 4992 promisit?
3639 4922 3734 4978 Dic

2167 5012 2298 5065 mihi
2337 5011 2427 5065 ubi
2467 5011 2600 5081 legis
2643 5019 2694 5064 te
2723 5011 3110 5081 indulgentiam
3155 5021 3526 5080 accepturum,
3579 5012 3625 5066 si
3677 5023 3732 5068 te

2166 5118 2272 5157 non
2313 5101 2652 5157 correxeris?
2681 5101 2822 5171 Lege
2867 5101 3001 5155 mihi
3047 5109 3307 5172 quantum
3350 5101 3590 5155 victurus
3635 5101 3733 5156 sis.

2165 5193 2284 5248 Non
2314 5193 2450 5263 lego,
2484 5193 2672 5262 inquit.
2700 5191 2885 5247 Nescis
2909 5207 3040 5264 ergo
3064 5199 3319 5264 quantum
3349 5191 3594 5247 victurus
3634 5193 3733 5246 sis.

2168 5285 2460 5340 Correctus
2484 5293 2600 5340 esto
2627 5289 2682 5340 et
2708 5299 2919 5353 semper
2941 5293 3179 5353 paratus.
3209 5282 3326 5337 Noli
3372 5283 3562 5337 timere
3589 5282 3732 5337 diem

2171 5372 2436 5437 ultimum,
2470 5382 2720 5441 tanquam
2747 5373 2940 5437 furem,
2967 5373 3057 5441 qui
3087 5381 3139 5426 te
3178 5373 3475 5427 dormiente
3514 5369 3735 5426 effodiat

2169 5465 2459 5536 parietem;
2508 5466 2603 5520 sed
2631 5465 2789 5536 vigila
2815 5474 2870 5520 et
2895 5465 3102 5535 corrige
3129 5463 3288 5518 hodie
3318 5478 3437 5536 quae
3465 5461 3646 5519 differs
3675 5461 3733 5515 in

2171 5558 2484 5611 crastinum.
2516 5577 2535 5610 ι
2799 5595 2806 5600 ς
3047 5550 3072 5582 ’-

2182 5681 2188 5690 ·
2245 5657 2271 5695 ι)
2299 5655 2372 5711 De
2395 5656 2584 5712 Verbis
2612 5657 2820 5712 Domini
2849 5671 3010 5712 serm.
3044 5655 3128 5722 l6,
3157 5670 3277 5726 cap.
3305 5658 3392 5710 ll.
