4008 6192
213 272 306 324 1δῖ

209 491 337 528 rum
364 486 391 513 ι
419 493 431 526 :
465 493 482 526 ι
509 473 690 529 Sinum
722 476 980 532 Dominus
1006 494 1115 534 suae
1140 478 1358 548 pietatis
1386 483 1556 550 aperit
1580 499 1594 546 ;
1639 498 1764 536 nos-

211 580 324 633 que
372 565 523 620 in'se
567 567 806 635 recipere
849 583 945 637 per
978 569 1347 637 paenitentiam
1377 573 1623 646 ﬁnierit;
1671 573 1767 626 sed

210 653 576 720 paenitentiam
616 655 778 726 digne
812 672 972 728 agere
1010 673 1115 712 non
1152 674 1472 728 possumus,
1519 662 1620 716 nisi
1657 677 1768 732 mo-

212 745 340 798 dum
370 761 576 814 quoque
600 743 844 816 ejusdem
872 750 1197 818 poenitentia:
1220 765 1626 818 cognoscamus.
1655 752 1770 806 Pte-

211 835 490 888 nitentiam
527 836 722 906 quippe
754 852 880 892 vcre
933 854 1092 908 agere
1138 848 1248 904 cst,
1282 847 1590 910 perpetrata
1627 843 1768 895 mala

209 926 494 995 plangere,
541 937 596 980 ct
635 927 934 998 plangentia
965 945 1082 998 non
1131 938 1459 999 perpetrare.
1507 929 1641 984 Nam
1677 932 1767 1000 qui

211 1015 284 1068 sic
318 1013 427 1067 alia
461 1014 745 1084 deplorat,
786 1024 846 1070 ut
879 1024 1053 1071 tamen
1086 1017 1187 1071 alia
1222 1018 1555 1082 committat,
1595 1017 1770 1072 adhuc

209 1102 582 1171 paenitentiam
634 1117 830 1171 agere,
883 1111 975 1158 aut
1022 1104 1350 1170 dissimulat,
1400 1113 1493 1158 aut
1539 1105 1766 1176 ignorat.

211 1193 341 1260 Quid
371 1193 519 1248 enim
560 1196 786 1262 prodest
810 1195 855 1248 si
885 1204 1102 1264 peccata
1133 1195 1257 1264 quis
1283 1195 1509 1250 luxuriie
1539 1194 1729 1250 deﬂeat
1753 1235 1768 1261 ,

211 1296 259 1339 et
287 1295 463 1340 tamen
494 1286 677 1339 adhuc
704 1286 947 1340 avaritiae
973 1287 1194 1340 testibus
1223 1285 1484 1340 anhelat?
1506 1286 1612 1339 Aut
1641 1285 1768 1354 quid

208 1378 422 1447 prodest
461 1377 508 1432 si
552 1377 649 1431 irae
679 1377 863 1447 culpas
889 1377 1000 1448 jam
1037 1378 1248 1446 lugeat,
1291 1387 1346 1432 et
1383 1385 1558 1430 tamen
1594 1377 1770 1431 adhuc

210 1470 414 1523 invidie
442 1467 660 1522 facibus
685 1467 969 1522 tabescat?
1002 1466 1104 1522 Sed
1135 1467 1312 1522 minus
1338 1475 1420 1522 est
1450 1466 1600 1520 valde
1628 1465 1770 1534 quod

208 1559 460 1622 dicimus,
490 1565 558 1612 ut
583 1557 676 1627 qui
702 1565 921 1627 peccata
951 1557 1220 1627 deplorat,
1251 1557 1511 1626 plorando
1551 1556 1769 1611 minime

208 1649 504 1703 committat
531 1665 548 1713 ;
579 1657 636 1701 et
666 1647 757 1716 qui
787 1647 990 1717 plangit
1017 1647 1174 1710 vitia,
1207 1654 1518 1716 perpetrare
1546 1646 1674 1700 vitia
1703 1645 1770 1699 ti-

1208 277 1295 331 DE
1333 277 1807 335 INSTITUTIONE
1842 281 2128 338 LAICAU.
2159 316 2227 326 —
2256 284 2379 344 LIB.
2414 288 2454 344 Ι.

275 380 564 452 Gregorius
590 383 646 436 in
677 363 908 440 bomilia
927 387 992 442 dc
1023 359 1209 442 novem
1243 390 1521 445 ordinibus
1549 391 1763 460 angelo—
1791 393 1835 451 Α

3314 305 3414 362 (58

2478 400 2700 460 CAPUT
2735 405 2802 460 Χ.

1961 484 2112 550 Quod
2137 489 2450 556 pauitantia:
2467 494 2660 572 .modus
2678 496 2741 575 in
2759 497 2983 575 arbitria
3002 508 3330 559 sacerdotum

2084 579 2092 591 ·
2432 571 2498 613 sit
2526 571 2850 620 constitutus.

1937 643 2068 708 Quia
2105 647 2310 715 peccati
2349 648 2541 705 vulnus
2582 653 2910 720 pmnitentiie
2955 660 3190 714 remedio
3243 667 3420 719 sanari

1868 733 2071 801 valeat,
2097 751 2162 792 ea
2190 751 2307 806 qua:
2330 739 2382 792 in
2409 742 2728 810 prmecdenti
2758 745 2990 814 capitulo
3017 748 3237 806 collecta
3262 765 3420 816 sunt,

1869 830 2176 889 testantur;
2214 828 2402 882 modus
2437 845 2563 884 vero
2595 829 2832 898 ejusdem
2878 837 3241 905 pmnitentite,
3292 849 3424 896 tein—

1868 928 2078 982 pusque
2115 917 2411 985 pcenitendi
2454 920 2504 974 in
2542 922 2766 978 arbitrio
2812 926 3180 994 sacerdotum,
3231 933 3426 1000 quibus

1869 1002 2069 1074 ligandi
2096 1005 2256 1076 atque
2281 1009 2519 1064 solvendi
2547 1019 2784 1079 potestas
2808 1023 2892 1068 est
2913 1030 2944 1068 a
2971 1015 3184 1073 Christo
3209 1021 3422 1088 collata,

1870 1099 1954 1146 est
1987 1094 2329 1151 constitutus.
2373 1098 2524 1154 Unde
2555 1101 2735 1156 scribit
2776 1101 2965 1158 beatus
3000 1105 3328 1176 Augustinus
3371 1114 3420 1166 ιιι

1870 1182 2006 1238 libro
2055 1184 2352 1242 Enchiridii
2384 1187 2551 1261 (Cap.
2581 1191 2685 1255 65)
2719 1211 2731 1245 :
2764 1209 2781 1244 ι
2815 1193 3002 1258 Certa,
3058 1196 3262 1266 inquit,
3295 1216 3422 1255 con-

1870 1275 2166 1331 stituuntur
2198 1277 2268 1334 ab
2301 1279 2386 1334 his
2419 1281 2508 1348 qui
2542 1290 2780 1352 praesunt
2813 1284 2871 1339 in,
2901 1285 3142 1342 ecclesiis
3182 1296 3419 1358 tempora

1867 1366 2196 1434 pinnitcntiie
2215 1409 2230 1434 ,
2259 1378 2318 1425 ut
2347 1369 2438 1424 fiat
2465 1372 2595 1426 satis
2621 1374 2781 1427 etiam
2811 1374 3093 1441 Ecclesiae,
3125 1377 3178 1431 in
3203 1393 3305 1447 qua
3335 1395 3422 1433 re-

1869 1457 2158 1512 mittuntur
2192 1460 2306 1528 ipsa
2337 1471 2553 1530 peccata
2589 1481 2600 1515 :
2642 1473 2951 1519 extra.eam
2983 1467 3177 1538 quippe
3203 1483 3308 1522 non
3337 1485 3422 1522 re-

1870 1547 2178 1602 mittuntur.
2216 1549 2332 1620 Ipsa
2368 1568 2597 1623 namque
2643 1552 2896 1624 Spiritum
2942 1565 3185 1617 sanctum
3233 1560 3425 1630 pignus

1872 1640 2108 1708 accepit,
2145 1641 2260 1696 sine
2285 1657 2392 1710 quo
2422 1658 2528 1697 non
2557 1645 2902 1700 remittuntur
2930 1647 3036 1701 ulla
3066 1658 3318 1719 peccata;
3348 1651 3422 1705 ita

208 1748 358 1793 meat.
401 1737 542 1792 Nam
581 1738 926 1807 cogitandum
961 1752 1301 1806 summopere
1337 1744 1420 1792 est
1444 1777 1460 1802 ,
1494 1745 1554 1791 ut
1586 1737 1676 1806 qui
1711 1753 1770 1792 se
1797 1729 1843 1788 B
1869 1739 1930 1785 ut
1967 1732 2162 1808 qubus
2196 1734 2563 1800 remittuntur,
2613 1737 2778 1790 vitam
2827 1749 3222 1806 consequantur
3262 1751 3422 1796 aeter-

206 1830 386 1883 illieita
416 1829 674 1884 meminit
701 1828 1064 1892 commisisse,
1099 1844 1129 1882 a
1160 1829 1477 1898 quibusdam
1508 1827 1669 1882 etiam
1707 1829 1769 1882 li-

205 1919 321 1986 citis
357 1919 584 1974 studeat
619 1917 892 1972 abstinere
921 1935 935 1971 :
970 1938 989 1970 ι
1035 1918 1278 1992 exemplo
1326 1918 1492 1972 David
1540 1917 1768 1973 nolentis

211 2025 401 2080 aquam
452 2008 646 2065 bibere
691 2023 812 2063 cum
846 2009 1080 2078 periculo
1113 2024 1330 2063 suorum
1361 2009 1596 2063 allatam.
1635 2008 1768 2063 Item

205 2103 340 2156 idem
378 2100 410 2141 δ
444 2118 458 2153 :
499 2117 519 2151 ι
557 2097 739 2153 Facite
776 2099 979 2168 fructus
1031 2100 1210 2170 dignor
1245 2100 1554 2170 paenitentiw
1591 2100 1610 2170 (
1638 2099 1765 2153 Luc.

212 2209 299 2257 ιιι,
328 2191 429 2261 8).
459 2191 521 2246 In
554 2189 753 2260 quibus
785 2190 967 2244 verbis
1006 2173 1295 2244 notandum
1323 2197 1436 2254 est,
1465 2188 1602 2258 quod
1634 2189 1770 2242 ami-

205 2297 299 2335 αις
334 2280 524 2350 sponsi
565 2295 674 2334 non
705 2279 883 2334 solum
917 2277 1123 2332 fructus
1155 2279 1513 2348 ptenitentize,
1555 2277 1650 2333 sed
1687 2277 1770 2332 di-

204 2387 334 2442 gnos
369 2369 709 2440 paenitentia
757 2368 1010 2423 admonet
1057 2367 1386 2440 [faciendos
1425 2368 1581 2424 Aliud
1617 2383 1770 2424 nam-

202 2479 304 2533 que
337 2471 424 2518 est
453 2463 670 2517 (ructus
717 2461 927 2526 facere,
976 2460 1116 2515 aliud
1163 2460 1353 2531 dignos
1397 2460 1766 2534 poenitentiae]

207 2555 386 2608 facere
409 2571 430 2622 ;
465 2563 532 2609 ut
567 2552 711 2606 enim
748 2553 1040 2607 secundum
1073 2552 1262 2622 dignos
1294 2554 1621 2624 poenitentiae
1657 2553 1768 2607 fru-

202 2653 318 2698 ctus
348 2642 662 2714 loquamur,
692 2641 968 2696 sciendum
997 2650 1082 2697 est
1126 2643 1251 2710 quia
1281 2643 1522 2714 quisquis
1578 2644 1765 2698 illicita

205 2733 346 2787 nulla
373 2732 687 2798 commisit,
720 2731 846 2786 huic
869 2731 990 2802 jure
1019 2733 1332 2788 conceditur
1368 2742 1428 2788 ut
1463 2733 1624 2789 licitis
1654 2742 1769 2798 uta-

201 2836 327 2888 tur;
366 2827 558 2896 sicque
594 2823 814 2894 pietatis
845 2838 1014 2895 opera
1051 2822 1254 2890 faciat,
1287 2834 1348 2880 ut
1381 2834 1559 2884 tamen
1597 2827 1644 2882 si
1673 2843 1772 2883 no-

201 2915 394 2980 luerit,
422 2930 489 2970 ea
515 2929 639 2984 qua:
665 2913 851 2968 mundi
876 2922 1002 2968 sunt
1026 2930 1132 2970 non
1161 2915 1449 2985 relinquat.
1476 2917 1547 2971 At
1571 2919 1616 2972 si
1645 2919 1767 2988 quis

202 3005 259 3061 in
289 3005 665 3061 fornicationis
692 3004 937 3076 culpam,
968 3005 1051 3059 vel
1084 3005 1341 3072 fortasse,
1371 3007 1514 3076 quod
1548 3008 1764 3078 gravius

1867 1836 2011 1875 nam.
2042 1841 2061 1874 ι
2095 1822 2308 1876 Perrari
2345 1840 2577 1893 namque
2603 1835 2728 1880 sunt
2754 1827 2912 1882 hodie
2943 1829 2995 1883 in
3030 1829 3299 1894 Ecclesia,
3333 1833 3423 1901 qui

1867 1909 2032 1964 talem
2071 1918 2235 1981 agant
2266 1913 2669 1980 paenitentiam,
2697 1915 2907 1984 qualem
2943 1918 3285 1988 antiquorum
3317 1919 3421 1974 Pa-

1866 2006 2008 2053 trum
2037 2001 2414 2070 ptenitentium
2446 2004 2688 2075 exempla
2712 2045 2728 2070 ,
2759 2014 2814 2059 et
2841 2008 3133 2062 auctoritas
3163 2011 3421 2066 canonica

1866 2089 2062 2144 sancit.
2100 2091 2232 2157 Quis
2263 2107 2492 2162 namque
2519 2095 2760 2150 criminis
2793 2112 2945 2161 reus,
2977 2098 3066 2168 qui
3097 2099 3288 2188 utique
3303 2117 3420 2172 poe-

1867 2180 2094 2235 nitentia
2130 2183 2341 2252 publica
2377 2185 2560 2240 debuit
2592 2185 2837 2256 mulctari
2861 2229 2875 2253 ,
2910 2189 3182 2260 cingulum
3218 2180 3422 2256 militiae

1869 2268 2122 2339 deponit,
2162 2278 2216 2325 et
2249 2286 2279 2326 a
2314 2271 2588 2328 liminibus
2619 2261 2870 2331 Ecclesia:
2903 2287 3152 2348 cmtuque
3187 2280 3422 2337 fidelium

1866 2368 2100 2425 arcetur,
2132 2369 2185 2416 et
2211 2376 2242 2416 a
2269 2360 2467 2418 Christi
2507 2379 2729 2436 corpore
2757 2359 3076 2438 separatur?
3103 2369 3233 2439 Quis
3261 2389 3422 2444 porro

1864 2449 1919 2503 in
1949 2451 2150 2517 cinere,
2182 2459 2237 2506 et
2264 2451 2458 2519 cilicio,
2487 2469 2636 2508 more
2665 2457 3036 2524 ptenitentium
3079 2459 3418 2530 antiquorum

1866 2540 2102 2598 lamenta
2146 2544 2492 2613 paenitudinis
2537 2546 2804 2616 suscipit?
2848 2547 3083 2605 Isidorus
3113 2565 3325 2620 quoque
3365 2534 3422 2607 in

1865 2630 2002 2688 libro
2027 2631 2426 2690 Sententiarum
2452 2634 2512 2690 ἀι
2542 2654 2560 2686 ι
2584 2635 2748 2702 Bene,
2777 2639 2981 2708 inquit,
3011 2640 3260 2697 in~cilicio
3279 2651 3334 2698 et
3346 2645 3423 2700 ci-

1867 2739 1995 2780 nere
2012 2727 2278 2795 paenitens
2299 2729 2539 2800 deplorat
2558 2740 2836 2801 peccatum
2855 2774 2870 2800 ,
2893 2737 3144 2805 quoniam
3167 2737 3222 2794 in
3249 2739 3424 2795 cilicio

1865 2813 2132 2884 asperitas
2192 2824 2248 2872 et
2313 2820 2653 2890 compunctio
2697 2831 3076 2891 peccatorum;
3132 2827 3186 2882 in
3237 2828 3419 2886 cinere

1867 2913 2052 2962 autem
2101 2907 2276 2977 pulvis
2309 2911 2614 2966 ostenditur
2643 2921 2997 2970 mortuorum.
3031 2917 3100 2974 Et
3131 2919 3335 2976 idcirco
3366 2923 3422 2978 in

1868 2989 2515 3069 utroque'pcenitentiam
2561 3003 2802 3074 agimus,
2843 3013 2901 3060 ut
2945 3015 3000 3062 et
3045 3007 3102 3063 in
3146 3011 3423 3080 punitione

198 3107 310 3161 δι’
340 3097 396 3150 in
428 3095 757 3150 εάωιει-ίωη
793 3095 977 3166 lapsus
1009 3103 1126 3162 εει,
1162 3104 1313 3152 tanta
1339 3113 1369 3151 a
1397 3113 1456 3152 δε
1491 3097 1636 3180 nam
1673 3099 1767 3155 de-
1792 3078 1836 3141 C
1864 3084 2028 3141 cilicii
2058 3097 2080 3127 ο
2110 3101 2465 3180 agnoscamus
2487 3091 2616 3147 vitia
2647 3109 2768 3165 quae
2792 3110 2891 3167 per
2917 3097 3125 3170 culpam
3141 3078 3423 3180 icommisi-
3496 3111 3498 3118 '

199 3189 292 3242 bet
316 3187 671 3252 abscindere,
702 3194 906 3256 quanto
935 3202 993 3242 se
1020 3187 1264 3242 meminit
1289 3197 1343 3241 et
1369 3187 1552 3244 illicita
1581 3177 1769 3260 perpe-

200 3286 393 3332 trasse.
453 3275 642 3346 Neque
682 3274 827 3330 enim
875 3289 974 3344 par
1019 3274 1223 3331 fructus
1270 3291 1388 3332 esse
1419 3277 1544 3331 boni
1590 3278 1768 3348 operis

198 3367 357 3420 debet
381 3365 501 3436 ejus
526 3365 618 3436 qui
645 3366 856 3430 minus,
884 3373 939 3418 et
973 3364 1087 3434 ejus
1120 3367 1210 3436 qui
1247 3366 1474 3437 amplius
1511 3367 1763 3439 deliquit:

195 3466 285 3510 aut
312 3457 433 3526 ejus
462 3457 560 3526 qui
590 3457 645 3510 in
674 3455 866 3520 nullis,
896 3464 952 3510 et
979 3454 1096 3525 ejus
1131 3456 1224 3526 qui
1251 3457 1305 3510 in
1339 3456 1659 3526 quibusdam
1691 3458 1768 3513 fa-

199 3548 477 3601 cinoribus
510 3545 740 3610 cecidit,
777 3553 832 3600 et
868 3546 984 3615 ejus
1016 3546 1106 3616 qui
1143 3547 1194 3601 in
1231 3547 1411 3602 multis
1445 3556 1529 3604 est
1563 3548 1762 3620 lapsus.

196 3637 294 3691 Per
342 3639 451 3692 hoc
495 3652 626 3708 ergo
675 3635 816 3706 quod
863 3636 1061 3690 dicitur
1089 3653 1104 3690 :
1137 3634 1323 3691 Facite
1351 3638 1552 3708 [ructus
1582 3639 1765 3710 dignos

196 3728 513 3796 mirentur:
540 3766 555 3790 ,
606 3725 1024 3796 uniuscujusque
1058 3727 1386 3783 conscientia
1420 3729 1763 3795 convenitur,

196 3825 252 3870 ut
278 3826 431 3870 tanto
456 3816 664 3886 majora
686 3824 937 3870 crescant
961 3816 1220 3871 bonorum
1247 3829 1468 3887 operum
1497 3817 1644 3872 lucra
1671 3834 1768 3889 per

194 3907 614 3975 penitentiam,
662 3914 861 3976 quanto
907 3907 1153 3977 graviora
1201 3907 1304 3960 sibi
1349 3907 1528 3962 intulit
1574 3909 1766 3964 damna

193 4012 288 4067 per
312 3997 557 4067 culpam.
589 4015 609 4048 ι
640 3995 773 4050 Item
800 3997 915 4066 ipse
939 3997 992 4050 in
1022 3995 1310 4051 Moralibus
1337 4013 1350 4050 :
1386 4014 1405 4047 ι
1432 3995 1618 4053 Omnis
1641 4014 1767 4069 pec-

206 4100 352 4145 cator
393 4091 460 4144 in
491 4089 810 4159 paenitentia
856 4089 1118 4159 duplicem
1166 4089 1362 4144 habere
1389 4090 1646 4160 gemitum
1676 4091 1766 4146 de-

199 4182 284 4236 bet
310 4202 324 4236 :
358 4183 622 4237 nimirum
659 4181 783 4251 quia
821 4191 876 4236 et
909 4181 1104 4236 bonum
1132 4183 1274 4251 quod
1303 4185 1511 4252 potuit,
1543 4200 1650 4240 non
1681 4184 1763 4239 fe-

194 4273 301 4335 cit;
333 4280 396 4326 et
420 4270 624 4324 malum
653 4272 791 4356 quod
816 4287 923 4325 non
951 4271 1163 4333 debuit,
1195 4271 1343 4327 fecit.
1375 4273 1507 4328 Cum
1539 4274 1594 4328 in
1624 4275 1762 4329 bona
1789 4313 1804 4328 .

192 4378 350 4430 opera
389 4377 505 4415 non
542 4361 904 4431 assurgimus,
934 4377 1157 4417 necesse
1192 4370 1277 4416 est
1314 4371 1374 4416 ut
1408 4363 1762 4434 nosmetipsos

192 4452 480 4521 dupliciter
512 4449 798 4506 deﬂeamus
826 4471 838 4506 :
872 4453 997 4523 quia
1024 4463 1079 4508 et
1108 4463 1254 4509 recta
1282 4470 1388 4510 non
1417 4454 1674 4521 fecimus,
1705 4465 1763 4511 et

198 4560 356 4611 prava
389 4543 606 4614 operati
637 4559 839 4599 sumus.
872 4565 890 4598 ι

259 4635 424 4690 Multa
457 4635 731 4704 siquidem
766 4643 822 4690 et
847 4635 950 4689 alia
980 4635 1172 4690 divinte
1202 4635 1492 4708 Scriptura:
1521 4637 1762 4694 existunt

195 4727 504 4780 testimonia
525 4765 541 4788 ,
577 4740 695 4794 qua:
722 4741 820 4780 nos
849 4727 913 4780 de
942 4728 1261 4795 perpetratis
1293 4729 1528 4796 peccatis
1560 4729 1760 4798 absque

191 4820 450 4874 dilatione
487 4819 897 4874 conversionem
933 4820 1002 4873 ad
1038 4819 1203 4874 Deum
1238 4819 1417 4875 facere
1454 4821 1757 4887 hortantur,

193 4921 246 4963 et
277 4926 377 4981 per
407 4909 794 4980 penitentiam
833 4909 1025 4964 divinae
1059 4910 1444 4965 misericordia;
1479 4911 1761 4983 indulgen-

190 5003 318 5054 tiam
370 5001 532 5056 nobis
582 5000 878 5070 promereri
926 5015 1083 5068 posse
1129 5001 1465 5070 pollicentur.
1515 5001 1628 5057 Non
1679 5013 1766 5060 est

187 5110 314 5163 ergo
340 5091 786 5163 parvipendenda
815 5091 1145 5162 ptenitentia:
1171 5091 1464 5157 medicina,
1490 5108 1610 5162 qua:
1637 5094 1762 5149 dum

189 5181 603 5253 panipenditur
629 5221 645 5244 ,
708 5183 928 5236 morbus
971 5181 1091 5252 plus
1131 5181 1464 5238 invalescens
1509 5195 1531 5222 ο
1577 5199 1761 5241 necem

189 5285 389 5344 aegroto
413 5274 643 5344 gignere
671 5273 1065 5341 comprobatur.

255 5402 285 5429 ει
320 5386 530 5443 Ηοιιιίι.
564 5384 664 5448 54,
695 5392 819 5457 post
847 5386 1102 5441 medium.

259 5460 287 5498 δ
321 5457 530 5513 Ilomil.
555 5457 630 5510 20
648 5495 662 5518 ,
693 5463 822 5510 ante
847 5457 1103 5512 medium.

260 5544 279 5568 ε
321 5528 547 5584 Horbm
587 5525 706 5596 plus
743 5525 1079 5596 invalescen's.
1122 5525 1215 5581 Sic
1249 5526 1652 5583 emendavimus
1695 5544 1762 5584 ex

194 5601 423 5671 ngenio.
449 5593 631 5652 Antea
653 5593 932 5665 legebatur
956 5596 1347 5667 parvipenditur
1368 5598 1620 5661 moribus,
1646 5599 1763 5667 plus

195 5673 526 5726 'acalesccns.

515 5759 988 5842 l‘xrnor..__CVl.

1866 3192 2020 3243 mus,
2054 3187 2109 3234 et
2142 3194 2239 3250 per
2272 3177 2507 3236 favillam
2553 3183 2751 3242 cineris
2795 3177 3191 3259 perpendamus
3235 3196 3425 3252 mortis

1866 3270 2186 3324 sententiam
2206 3311 2220 3336 ,
2253 3269 2318 3325 ad
2349 3286 2508 3342 quam
2537 3276 2808 3344 peccando
2835 3281 3194 3348 pervenimus.
3227 3303 3246 3336 ι

1939 3357 2090 3415 Unde
2111 3359 2380 3431 colligitur
2399 3361 2524 3431 quia
2550 3347 2825 3435 religionis
2840 3347 3048 3423 nostrae
3070 3370 3265 3440 priscis
3290 3381 3424 3429 tem-

1864 3450 2087 3521 poribus
2104 3491 2120 3516 ,
2151 3451 2278 3506 dum
2305 3451 2428 3523 quis
2455 3455 2746 3511 secundum
2771 3459 3121 3514 constitutum
3144 3461 3249 3517 sibi
3276 3479 3308 3518 a
3337 3480 3420 3520 sa-

1865 3543 2084 3598 cerdote
2121 3559 2290 3614 usque
2325 3545 2392 3599 ad
2423 3546 2841 3604 satisfactionem
2874 3551 3054 3607 cilicio
3083 3553 3303 3612 indutus
3323 3597 3338 3622 ,
3369 3569 3424 3613 et

1863 3634 2046 3688 cinere
2079 3649 2404 3707 conspersus
2426 3677 2441 3702 ,
2488 3637 2672 3694 habitu
2706 3641 2972 3710 incultus,
3011 3645 3265 3719 humique
3297 3663 3420 3718 pro-

1865 3731 2068 3779 stratus
2084 3763 2098 3787 ,
2129 3723 2485 3796 lacrymisque
2510 3727 2760 3798 profusus
2783 3730 3083 3800 videbatur,
3107 3737 3290 3791 statim
3315 3753 3423 3806 pon-

1865 3812 2042 3868 nitens
2081 3816 2490 3884 agnoscebatur,
2532 3825 2592 3872 ut
2626 3819 2675 3873 ei
2713 3835 2743 3874 a
2777 3819 3003 3877 Domino
3035 3823 3418 3895 ignosceretur.

1865 3904 1930 3957 ab
1955 3905 2204 3960 omnibus
2223 3905 2631 3976 deprecabatur.
2657 3908 2808 3965 Nunc
2829 3921 3007 3966 autem
3031 3913 3084 3967 in
3104 3924 3249 3968 coetu
3270 3914 3429 3970 Chri—

1863 3996 2039 4050 stiano
2079 3996 2280 4052 idcirco
2322 3998 2411 4052 vix
2444 4001 2708 4070 ptenitens
2755 4003 3080 4078 agnoscitur,
3122 4006 3248 4076 quia
3286 4023 3423 4078 pene

1863 4087 1997 4143 nihil
2025 4087 2214 4141 horum
2238 4101 2365 4158 erga
2385 4089 2710 4157 paenitentes
2730 4079 2925 4163 agitur.
2950 4093 3285 4166 Quapropter
3309 4112 3425 4153 cre-

1863 4177 2026 4233 dibile
2051 4188 2134 4232 est
2151 4218 2164 4242 ,
2188 4185 2248 4231 ut
2273 4177 2414 4232 sicut
2439 4179 2543 4233 alia
2572 4180 2738 4234 multa
2765 4182 2820 4236 in
2847 4181 3102 4253 religione
3121 4184 3424 4241 Christiana

1862 4269 2175 4334 viluerunt,
2208 4269 2284 4324 ita
2329 4285 2541 4342 quoque
2584 4273 2895 4343 prtemissus
2933 4275 3266 4344 poenitentiae
3311 4293 3419 4334 mo-

1868 4361 2002 4426 dus,
2035 4360 2101 4415 ab
2137 4375 2232 4415 usu
2257 4400 2273 4425 ,
2318 4349 2460 4430 quod
2504 4360 2910 4432 formidolosum
2954 4371 3067 4430 est,
3114 4367 3415 4422 recesserit.

1867 4453 1934 4506 Et
1977 4452 2177 4508 idcirco
2224 4469 2257 4507 a
2306 4451 2489 4507 multis
2535 4451 2748 4508 diversa
2809 4452 3008 4524 ﬂagitia
3043 4464 3451 4525 perpetrantur,

1867 4542 2144 4598 audacter.
2180 4543 2377 4597 Verum
2417 4540 2582 4596 etiam
2623 4539 2666 4596 si
2709 4541 2974 4612 quispiam
3007 4543 3180 4599 nostri
3218 4556 3418 4616 tempo-

1867 4636 1943 4690 ris
1981 4634 2322 4690 Christianus
2363 4634 2522 4690 hodie
2566 4643 2660 4689 aut
2688 4636 3071 4704 homicidium,
3101 4647 3194 4694 aut
3223 4639 3422 4711 aliquid

1866 4726 2011 4779 aliud
2058 4724 2375 4790 admiserit;
2420 4725 2547 4795 quia
2577 4724 2944 4794 hujuscemodi
2973 4729 3288 4798 poenitentia
3317 4745 3422 4784 non

1865 4817 2135 4888 plectitur,
2183 4816 2306 4872 ideo
2330 4831 2452 4872 cras
2489 4803 2776 4872 conventui
2802 4806 3037 4872 ﬁdelium
3069 4819 3426 4875 irreverenter

1870 4924 1928 4963 se
1967 4906 2254 4979 adjungere
2295 4922 2401 4962 non
2443 4917 2678 4963 veretur.
2724 4908 2790 4962 Et
2831 4908 2950 4963 ideo
2977 4897 3306 4978 Ecclesiam',
3337 4913 3421 4966 cui

1867 4996 2175 5066 paenitendo
2217 4996 2527 5052 satisfacere
2567 4998 2782 5063 debuit,
2813 4998 3176 5056 scandalizarc
3206 5002 3418 5056 convin—

1867 5093 2026 5145 citur.
2065 5089 2250 5144 Solent
2278 5089 2421 5145 cuini
2451 5097 2544 5142 aut
2580 5091 2825 5161 publice,
2863 5100 2956 5147 aut
2990 5093 3169 5158 tacite,
3203 5095 3344 5146 intra
3367 5109 3427 5147 se

1868 5181 2124 5235 adversus
2158 5178 2460 5249 hujusmodi
2505 5180 2683 5235 dicere
2711 5199 2724 5235 :
2753 5198 2787 5236 ο
2814 5181 3158 5238 interfector!
3203 5198 3235 5236 ο
3276 5181 3417 5253 ﬂagi-

1868 5273 2033 5328 tiose!
2065 5273 2180 5327 heri
2210 5271 2336 5326 illud
2365 5279 2417 5325 et
2449 5270 2576 5326 illud
2605 5273 2906 5341 admisisti;
2938 5282 2992 5329 et
3019 5273 3178 5330 hodie
3203 5273 3426 5344 collegio

1934 5397 1962 5434 ἀ
2000 5394 2119 5448 Lib.
2156 5407 2192 5446 ιι
2225 5390 2400 5473 pilio,
2430 5388 2672 5511 cap.
2809 5458 2820 5471 .
3022 5458 3034 5470 ο
3188 5458 3199 5469 _
3297 5445 3300 5448 .

1942 5477 1966 5504 ο
2004 5464 2068 5511 In
2120 5471 2387 5511 punitione
2445 5475 2622 5511 cum.
2721 5458 2859 5511 Oum
2912 5457 3103 5511 melius
3157 5467 3226 5511 Sit
3279 5473 3300 5511 ο

1942 5464 2068 5542 fin
2119 5463 2387 5542 punitione
2445 5457 2622 5542 cilicii.
2721 5458 2889 5542 Quin“
2912 5457 3103 5540 melius
3157 5458 3226 5512 sit
3279 5461 3419 5542 quod

1867 5530 2128 5590 Acherius
2179 5531 2248 5585 ad
2297 5530 2590 5600 marginem
2624 5530 2896 5584 annotavit
2940 5530 3000 5587 in
3029 5530 3418 5598 compunctio»:

1869 5605 2054 5667 cilicii,
2087 5601 2333 5657 dubitare
2361 5614 2518 5656 nemo
2546 5607 2740 5669 potest.

2992 5749 3032 5811 ⁵
3077 5723 3080 5727 λ
