4008 6192
623 259 693 315 so
1092 316 1101 321 ,
1302 232 1313 249 '
1640 251 1833 308 JONAZ
1872 250 2420 309 sunsuanmsrs
2458 252 2759 311 EPISCOPi
3690 263 3776 316 tm

580 389 766 436 nostro
787 418 800 440 ,
830 373 1083 445 sanguine
1113 369 1339 441 proximi
1373 381 1396 408 ο
1431 366 1506 423 tui
1548 368 1845 422 cruentatis
1880 367 2127 420 manibus
2161 366 2211 425 A
2235 366 2584 424 demonstrat.
2634 368 2898 423 Caeterum
2940 368 3005 422 de
3029 370 3279 437 .ponderc
3315 370 3629 427 testimando
3666 377 3780 431 deli-
3852 348 3857 353 Δ

581 481 635 525 te
682 466 1012 539 impudenter
1057 461 1291 518 inseris:
1323 467 1396 523 ct,
1438 457 1577 528 quod
1602 456 1820 526 majoris
1847 465 1932 511 est
1960 457 2137 526 impu-

572 562 807 623 dentim,
851 557 1127 611 nobiscum
1167 553 1492 623 participare
1535 566 1639 605 non
1671 551 1903 620 trepidas
1943 565 2138 619 corpus

574 658 639 704 et
681 645 989 718 sanguinem
1055 641 1267 695 Domini
1314 639 1488 694 nostri
1535 638 1661 693 Jesu
1705 636 1945 693 Christi?
1986 635 2138 703 Quod

576 739 704 794 dico
733 737 852 807 plus
883 750 980 789 usu
1010 748 1171 803 quam
1199 740 1323 786 voto
1351 740 1605 800 expertus
1632 746 1771 785 sum.
1834 794 1843 799 ν

653 829 785 885 Cum
816 827 978 898 igitur
1007 836 1242 894 tempora
1273 808 1609 894 pcenitentire
1640 822 1841 878 idcirco
1870 823 1978 876 sint
2006 837 2136 876 con-

580 921 798 983 stituta,
826 926 884 971 ut
908 913 1200 971 satisfaciat
1225 914 1489 983 paenitens
1514 913 1799 977 Ecclesizc,
1827 928 1986 982 quam
2015 928 2140 983 pec-

575 1010 753 1064 cando
795 1007 963 1068 laesit,
1004 1006 1189 1059 nescio
1229 1012 1406 1057 utrum
1445 1002 1532 1057 ille
1570 1004 1942 1072 paenitentiam
1985 1003 2140 1073 digne

577 1107 739 1169 agat,
769 1098 858 1166 qui
888 1095 1185 1152 Ecclesiam
1211 1109 1371 1165 quam
1402 1094 1635 1163 primum
1664 1095 1936 1164 peccando
1968 1093 2101 1148 laesit
2123 1135 2138 1159 ,

584 1198 769 1260 postea
808 1195 915 1241 tam
958 1184 1253 1255 impudenti
1295 1183 1568 1239 consortio
1609 1182 1663 1237 in
1709 1184 1792 1238 sui
1836 1199 2141 1237 murmura-

585 1281 730 1334 tione
768 1278 1197 1335 et'detractione
1235 1276 1483 1333 devenire
1526 1276 1815 1347 compellit.
1862 1274 1986 1332 Hmc
2036 1292 2140 1331 non

585 1373 650 1426 de
679 1368 1040 1441 occultis,.sed
1067 1368 1131 1424 de
1153 1366 1448 1423 manifestis
1474 1367 1792 1423 criminibus
1814 1367 1961 1439 dicta
1984 1377 2139 1432 sunt,

584 1464 703 1530 qua:
742 1460 866 1515 dum
894 1459 1105 1529 publice
1144 1457 1517 1522 admittuntur,
1561 1457 1775 1528 publica
1810 1457 2145 1528 pmnitentiae

585 1550 952 1626 satisfactione
981 1548 1255 1623 diluantur
1282 1562 1498 1603 necesse
1526 1556 1628 1603 est.

654 1641 943 1715 [Qualiter
985 1650 1161 1695 autem
1203 1640 1257 1693 in
1304 1640 1390 1693 bis
1436 1638 1870 1695 Occidentalibus
1902 1639 2144 1710 partibus

586 1733 883 1804 antiquitus
921 1747 1050 1802 erga
1089 1731 1413 1803 poenitentes
1449 1747 1567 1785 mos
1600 1732 1937 1796 servabatur,
1952 1730 2023 1785 'in
2061 1729 2150 1784 lli-
2179 1717 2223 1777 Β

583 1821 751 1879 storia
791 1820 1155 1877 ecclesiastica
1199 1820 1466 1890 tripertita
1515 1818 1846 1884 Sozomenus
1887 1819 2147 1874 transcri-

582 1915 706 1970 bit:
741 1933 760 1965 ι
795 1911 1058 1980 Quoniam
1089 1909 1337 1975 omnino,
1372 1908 1577 1980 inquit,
1612 1925 1719 1979 non
1756 1922 1980 1979 peccare
2011 1907 2147 1962 divi-

581 2020 742 2072 num,
774 2011 829 2059 et
858 2017 1020 2072 supra
1048 2000 1338 2056 humanam
1367 2009 1614 2056 naturam
1644 2015 1762 2057 esse
1788 2000 2146 2072 cognoscitur,

2242 466 2450 513 ctorum
2477 460 2776 514 sacerdotis
2807 468 2892 513 est
2912 457 3186 528 judicare,
3216 469 3275 513 ut
3304 462 3546 516 attendat
3584 464 3646 518 ad
3672 481 3781 523 con-

2242 548 2532 604 fessionem
2575 550 2917 619 pmnitentis,
2950 560 3003 605 et
3031 550 3096 605 ad
3127 551 3281 606 tletus
3308 559 3362 605 et
3392 548 3653 624 lacrymas
3679 573 3782 612 cor.

2242 640 2499 710 rigentis.
2533 655 2596 694 ac
2626 649 2737 693 tum
2772 639 2964 708 jubere
3004 641 3237 704 dimitti,
3280 657 3401 696 cum
3441 643 3635 700 viderit
3670 663 3784 704 con-

2243 747 2429 802 gruam
2460 731 2905 786 satisfactionem.
2951 730 3090 785 Sane
3120 734 3165 785 si
3195 733 3317 801 quis
3349 733 3401 787 in
3431 735 3784 804 .rgritudinem

2243 821 2524 897 inciderit,
2562 832 2722 891 atque
2752 836 2920 890 usque
2950 822 3014 876 ad
3042 822 3469 891 desperationem
3498 826 3783 895 devenerit,

2242 912 2291 965 ei
2324 919 2405 965 est
2434 920 2560 965 ante
2591 920 2802 979 tempus
2828 910 3048 965 Pascha:
3078 911 3424 965 relaxandum
3446 954 3461 975 ,
3489 929 3557 968 ne
3596 914 3658 969 de
3694 933 3783 972 sa:-

2243 998 2363 1054 culo
2390 1000 2593 1069 absque
2618 1000 2993 1055 communione
3019 998 3276 1053 discedat.
3315 1019 3334 1051 ι
3361 998 3381 1071 ]

2313 1130 2445 1185 Illud
2473 1131 2633 1185 etiam
2667 1130 2886 1184 minime
2913 1130 3341 1200 praetereundum
3369 1138 3454 1185 est
3474 1171 3489 1197 ,
3519 1132 3659 1201 quod
3683 1134 3792 1203 qui-

2243 1222 2368 1277 dam
2407 1233 2751 1294 peccatorum
2782 1238 2999 1278 suorum
3039 1224 3272 1288 conscii,
3301 1223 3580 1294 imperitos
3605 1226 3796 1281 anima-

2164 1368 2165 1371 η
2246 1330 2366 1370 rum
2409 1331 2627 1371 suarum
2670 1317 2906 1371 medicos
2941 1324 3230 1386 espetunt,
3272 1325 3333 1371 ut
3372 1316 3472 1372 sibi
3514 1318 3580 1372 ad
3620 1328 3791 1375 votum

2247 1403 2402 1460 suum
2430 1407 2759 1475 pmnitentixe
2785 1418 3024 1477 tempora
3066 1406 3379 1478 imponant;
3411 1417 3467 1463 et
3492 1411 3692 1480 peritos
3726 1413 3800 1467 id-

2247 1498 2393 1552 circo
2437 1497 2744 1563 declinant,
2775 1513 2845 1552 ne
2873 1498 3145 1553 austerius
3173 1499 3505 1569 pmnitentiae
3533 1517 3628 1557 eos
3656 1502 3795 1557 addi-

2251 1596 2396 1643 cant.
2433 1585 2491 1643 Si
2519 1589 2663 1643 enim
2691 1589 2899 1657 peritus
2926 1572 3166 1644 medicus
3204 1589 3271 1643 ad
3310 1590 3528 1646 morbos
3567 1595 3801 1661 corporis

2248 1677 2521 1747 pellendos
2570 1678 2846 1749 quazritur,
2885 1687 3086 1748 quanto
3124 1678 3293 1749 magis
3336 1681 3575 1737 medicus
3621 1683 3801 1738 anima:

2250 1770 2613 1841 peritissimus
2640 1771 2958 1840 qumrendus
2980 1779 3065 1826 est
3095 1769 3192 1827 lUt
3215 1787 3343 1843 ergo
3373 1774 3506 1829 artis
3533 1776 3804 1830 medicina:

2248 1864 2494 1929 nescius,
2537 1864 2664 1918 dum
2717 1877 2908 1920 curare
2954 1866 3128 1920 nescit
3163 1864 3359 1920 vulnus
3394 1866 3663 1936 corporis,
3704 1882 3804 1922 non

2248 1953 2378 2009 illud
2411 1956 2637 2021 minuit,
2669 1957 2762 2012 sed
2793 1957 2966 2027 magis
2995 1957 3321 2027 plerumque.
3346 1958 3734 2013 incrementum
3760 1960 3807 2014 ei

2247 2047 2440 2101 addit:
2478 2047 2551 2101 ita
2587 2056 2642 2102 et
2688 2048 2970 2119 imperitus
3020 2048 3258 2103 medicus
3301 2050 3631 2112 animarum,
3684 2050 3807 2104 dum

581 2095 934 2168 peccantibus
975 2102 1030 2151 et
1067 2091 1438 2164 paenitentiam
1487 2078 1773 2162 agentibus
1805 2090 2016 2146 veniam
2045 2088 2150 2143 Do-

582 2185 761 2241 minus
785 2184 1041 2256 praecepit
1066 2200 1081 2249 ;
1107 2184 1196 2260 qui
1226 2196 1357 2249 vero
1379 2179 1623 2237 conﬁteri
1652 2178 1951 2252 refugiunt,
1978 2179 2152 2250 majus

581 2283 867 2347 peccatum
908 2274 1213 2343 acquirunt.
1259 2271 1553 2343 Propterea
1584 2270 1755 2325 visum
1797 2279 1879 2325 est
1917 2267 2151 2339 antiquis

582 2363 928 2435 pontiﬁcibus
946 2404 960 2429 ,
989 2370 1050 2417 ut
1080 2362 1227 2417 velut
1255 2361 1310 2416 in
1343 2362 1553 2416 theatro
1584 2361 1683 2415 sub
1712 2359 2018 2415 testimonio
2036 2375 2148 2419 .ec-

584 2452 889 2509 ciesiastico
909 2452 1087 2523 populi
1114 2450 1306 2528 delicta
1327 2451 1663 2522 pandantur;
1688 2458 1742 2506 et
1765 2451 1832 2505 ad
1854 2448 1996 2505 hanc
2023 2466 2150 2505 cau-

585 2558 700 2598 sam
743 2542 1003 2613 probum,
1046 2542 1217 2596 bonae.
1240 2540 1692 2606 conversationis,
1734 2548 2149 2611 servantcmque

584 2642 852 2689 secretum
873 2671 889 2698 ,
920 2646 984 2687 ac
1008 2630 1303 2701 sapientem
1331 2630 1502 2684 virum
1528 2638 1832 2685 statuerunt
1856 2646 1870 2695 ;
1900 2629 1964 2683 ad
1989 2644 2159 2698 quent-

583 2723 901 2780 accedentes
932 2723 985 2778 hi
1014 2723 1108 2794 qui
1136 2722 1545 2793 delinquehant,
1577 2721 1771 2777 delicta
1812 2722 2028 2791 propria
2073 2718 2151 2775 fa-
2282 2723 2458 2781 ‘Sunt
2504 2726 2665 2780 etiam
2718 2724 2957 2796 plerique
2996 2724 3267 2796 spiritales
3300 2728 3528 2793 medici,
3568 2729 3662 2800 qui
3701 2745 3814 2784 mc-

586 2817 858 2874 tcbantur.
902 2815 973 2870 At
1016 2814 1104 2870 ille
1144 2815 1434 2869 secundum
1478 2812 1897 2883 uniuscujusque
1937 2812 2148 2883 culpam
2248 2813 2404 2870 dendi
2438 2815 2741 2868 animarum
2770 2814 2988 2869 vulnera
3020 2815 3217 2870 habent
3246 2816 3560 2883 scientiam,
3594 2818 3689 2873 sed
3732 2827 3822 2871 aut

582 2906 796 2962 dicebat
819 2913 873 2961 et
898 2904 1194 2970 mulctam;
1226 2904 1367 2973 quod
1392 2903 1553 2958 etiam
1582 2904 1843 2959 hactenus
1869 2902 2151 2974 diligenter
2249 2905 2450 2960 amoris
2484 2906 2718 2977 proprii,
2756 2915 2845 2959 aut
2880 2905 3204 2961 adulationis
3251 2922 3410 2962 causa
3455 2919 3639 2962 errata
3661 2950 3675 2975 ,
3729 2910 3821 2979 qui

582 2998 664 3061 in,
695 2995 1133 3053 Occidentalibus
1179 3004 1428 3050 servatur
1478 2993 1758 3061 ecclesiis,
1810 3003 1865 3050 et
1916 2997 2149 3050 maxime
2250 2990 2353 3049 sibi
2400 3007 2584 3048 eorum
2633 2993 3028 3049 confessionem
3076 3004 3421 3065 peccatorum
3471 3011 3698 3051 suorum
3747 2997 3825 3053 fa-

584 3085 725 3156 apud
755 3085 979 3139 Romam
1000 3124 1014 3149 ,
1048 3084 1136 3139 ubi
1165 3084 1328 3137 etiam
1357 3083 1506 3138 locus
1531 3093 1744 3138 erectus
1772 3092 1855 3139 est
1879 3085 2145 3155 pmniten-
2172 3075 2216 3139 C
2248 3084 2428 3151 ciunt,
2466 3085 2832 3140 saluberrima:
2865 3085 3195 3155 paenitentiae
3234 3087 3411 3154 rigore
3446 3082 3613 3143 ferire
3667 3090 3820 3143 refu-

2246 2152 2434 2194 eorum
2485 2139 2832 2215 languoribus
2877 2141 3083 2197 mederi
3136 2142 3304 2196 videri
3355 2141 3515 2208 vult,‘
3553 2144 3680 2211 quia
3726 2143 3808 2198 his

2247 2246 2483 2302 congrua
2511 2233 2899 2288 medicamenta
2929 2234 3101 2296 nescit
3126 2234 3383 2290 adhibere
3406 2275 3421 2296 ,
3450 2236 3667 2289 eosdem
3698 2235 3813 2289 lan-

2248 2337 2445 2393 guorcs
2494 2324 2732 2378 creditur
2784 2324 3198 2378 incrementare.
3259 2323 3336 2378 De
3389 2324 3587 2380 talibus
3639 2326 3813 2394 inquit

2246 2413 2505 2469 Dominus
2536 2429 2633 2484 per
2663 2415 2982 2485 prophetam
3015 2400 3415 2482 :IViviﬁcabant
3454 2415 3662 2470 animas
3698 2432 3812 2485 quia

2249 2521 2353 2559 non
2384 2504 2614 2559 vivebant
2651 2520 2669 2554 ς
2699 2514 2748 2557 et
2776 2502 3159 2573 morti/icabaut
3184 2504 3392 2558 animas
3423 2520 3543 2574 qua:
3570 2521 3675 2558 non
3706 2520 3814 2559 mo-

2247 2595 2518 2650 riebantur
2547 2593 2781 2667 (Ezeclt.
2807 2610 2939 2659 xm,
2971 2593 3035 2648 18
3054 2594 3119 2666 ).-
3179 2599 3184 2605 ’

587 3180 741 3234 tium.
796 3177 954 3233 Stant
983 3177 1126 3232 enim
1176 3177 1256 3232 rei
1299 3183 1355 3231 et
1398 3175 1543 3232 velut
1581 3176 1635 3231 in
1673 3174 2141 3241 lamentationibus

488 3342 491 3347 ι
584 3269 861 3325 constituti
891 3286 904 3334 ;
936 3269 1061 3323 dum
1093 3268 1237 3321 enim
1268 3282 1422 3322 sacra
1454 3266 1747 3323 celebratio
1777 3267 1940 3322 fuerit
1975 3269 2143 3323 adim-

578 3360 723 3432 picta
742 3400 757 3425 ,
791 3358 864 3414 illi
895 3357 1324 3414 communionem
1353 3372 1459 3412 non
1489 3357 1870 3428 percipientes,
1904 3374 2026 3413 cum
2055 3373 2145 3428 ge-

583 3450 716 3508 mitu
744 3459 800 3506 et
826 3450 1209 3516 lamentatione
1238 3450 1558 3520 semctipsos
1588 3449 1641 3504 in
1671 3457 1870 3505 terram
1910 3460 2145 3519 proster—

583 3553 750 3607 nunt,
794 3542 861 3596 ad
900 3555 1035 3610 quos
1075 3554 1403 3594 concurrens
1440 3539 1752 3609 episcopus,
1782 3547 1839 3592 et
1876 3539 1989 3609 ipse
2022 3552 2143 3592 cum

582 3631 835 3705 lacrymis
871 3639 927 3686 et
965 3630 1166 3701 gemitu
1206 3628 1434 3700 spiritali
1463 3630 1848 3699 prosternitur,
1879 3638 1939 3684 ut
1967 3629 2143 3685 omnis

560 3720 823 3785 ecclesiae
851 3718 1001 3790 plebs
1030 3716 1253 3797 ﬂetibus.
1272 3718 1599 3774 intendatur.
1643 3715 1774 3774 Post
1817 3716 1921 3775 hoc
1964 3727 2142 3773 autem

578 3810 729 3879 prior
773 3808 946 3881 surgit
983 3808 1295 3879 cpiscopus,
1338 3816 1395 3864 et
1428 3809 1605 3865 elevat
1641 3807 1886 3879 iacentes
1913 3824 1944 3861 a
1976 3816 2141 3863 terra.

581 3900 733 3955 Tunc
761 3909 1130 3971 competenter
1155 3916 1263 3971 pro'
1280 3900 1667 3971 paenitentibus
1694 3900 1834 3954 facta
1864 3899 2141 3966 Oratione,

581 3992 805 4046 dimittit
843 4001 1069 4057 omnes;
1114 4001 1171 4046 at
1204 3990 1278 4046 illi
1319 3988 1693 4047 aﬂlictionibus
1732 3999 1919 4061 sponte
1951 4006 2146 4046 vacan-

580 4090 694 4151 tes,
737 4090 829 4138 aut
860 4081 1111 4153 jejuniis,
1144 4090 1236 4137 aut
1274 4082 1595 4139 abstinentia
1630 4078 1849 4148 laVacri,
1894 4092 1985 4137 aut
2026 4098 2144 4138 sus-

579 4171 837 4238 pensione
877 4170 1151 4236 ciborum,
1214 4178 1306 4224 aut
1347 4169 1508 4225 rebus
1550 4170 1671 4226 aliis
1709 4186 1829 4241 qua:
1865 4169 2140 4241 jubentur,

581 4260 896 4331 exspectant
922 4274 1208 4314 commune
1240 4267 1447 4329 tempus
1474 4261 1617 4330 quod
1661 4260 1901 4315 decernit
1938 4260 2146 4330 episeo-

580 4342 705 4421 pus.
740 4349 1042 4406 Constituto
1070 4365 1199 4406 vero
1227 4358 1471 4420 tempore
1498 4351 1642 4405 velut
1682 4352 1949 4419 quoddam
1993 4354 2143 4407 dehi-

2244 3179 2413 3251 giunt.
2451 3179 2527 3233 De
2560 3180 2754 3249 quibus
2792 3189 2979 3233 rursus
3012 3179 3273 3233 Dominus
3307 3195 3403 3249 per
3450 3181 3780 3251 prophetam
3808 3199 3822 3235 :

2258 3268 2373 3336 Vm,
2407 3271 2608 3340 inquit,
2639 3271 2720 3323 his
2746 3270 2837 3341 qui
2865 3262 3121 3323 consulunt
3148 3269 3389 3340 pulvillos
3423 3271 3516 3324 sub
3549 3272 3700 3325 ωηιιί
3731 3288 3826 3325 cu-

2246 3362 2353 3416 bitu
2386 3374 2612 3416 manus:
2642 3370 2691 3414 et
2731 3361 2932 3430 faciunt
2963 3360 3233 3414 cervicalia
3274 3360 3368 3414 sub
3409 3362 3582 3427 capite
3616 3363 3833 3415 univer-

2244 3468 2317 3506 διε
2345 3453 2514 3507 elatis
2544 3451 2612 3504 ad
2641 3450 2919 3521 capiendas
2950 3451 3152 3504 animos
3183 3448 3425 3522 (Ibidr):
3456 3449 3618 3505 Hunc
3650 3453 3832 3505 locum

2249 3556 2384 3612 papa
2442 3539 2729 3612 Gregorius
2786 3541 2841 3595 in
2894 3539 3028 3594 libro
3088 3540 3353 3595 Pastorali
3411 3541 3483 3595 ita
3541 3538 3833 3613 exponit:

2252 3652 2269 3683 ι
2306 3631 2565 3687 Pulvillus
2602 3632 2798 3702 quippe
2834 3632 2933 3687 sub
2967 3632 3114 3686 omni
3152 3632 3333 3686 cubitu
3372 3648 3565 3693 manus
3605 3643 3699 3689 est
3739 3649 3839 3704 po-

2247 3737 2414 3787 nere,
2448 3722 2701 3777 cadentes
2736 3738 2764 3775 a
2805 3737 2899 3776 sua
2934 3722 3259 3777 rectitudine
3294 3723 3530 3787 animas,
3566 3733 3746 3793 atque
3782 3724 3839 3777 in

2228 3811 2549 3882 ,hujusmodi
2580 3826 2639 3867 se
2669 3811 3021 3873 delectatione
3051 3811 3373 3866 reclinantes
3402 3812 3600 3867 blanda
3635 3813 3837 3868 adula-

2250 3903 2394 3957 tione
2421 3901 2664 3958 refovere
2691 3920 2704 3956 :
2733 3902 2884 3972 quasi
2915 3902 3061 3956 enim
3088 3901 3305 3972 pulvillo
3333 3902 3569 3967 cubitus,
3607 3902 3697 3958 vel
3726 3917 3846 3958 ecr-

2248 3991 2508 4048 vicalibus
2536 4002 2696 4063 caput
2719 3992 2968 4062 popeutis
2996 3992 3281 4062 excipitur,
3307 4008 3427 4047 cum
3457 3995 3847 4063 correptionis

2248 4085 2446 4141 duritia
2477 4084 2720 4155 peccanti
2748 4082 3102 4149 subtrahitur,
3136 4085 3291 4152 eique
3321 4083 3580 4139 mollities
3615 4085 3841 4141 favoris

2248 4175 2553 4241 adhibetur,
2584 4175 2729 4231 utin
2758 4190 2942 4251 errore
2972 4174 3203 4230 molliter
3224 4173 3434 4243 jaceat,
3467 4188 3640 4244 quem
3678 4177 3839 4231 nulLa

2248 4267 2510 4336 asperitas
2530 4265 2976 4343 lcontradictionis
3003 4264 3196 4335 pulsat.
3229 4284 3247 4316 ι
3283 4263 3345 4318 lii
3376 4272 3560 4320 autem
3596 4266 3701 4335 qui
3736 4267 3850 4320 im-

2245 4359 2448 4429 peritos
2482 4359 2787 4415 adulatores
2819 4360 3122 4415 animarum
3153 4374 3367 4415 suarum
3398 4361 3653 4417 medicos
3687 4379 3858 4433 qum--

581 4450 705 4493 tum
741 4438 1077 4495 exsolventes
1123 4437 1497 4506 afllictioncm,
1547 4451 1767 4511 peccato
1807 4443 1979 4497 curati
2023 4459 2144 4513 cum
2170 4412 2409 4514 Drunt,
2459 4464 2596 4503 vana
2644 4449 2935 4505 securitate
2971 4465 3030 4504 se
3064 4450 3207 4519 ipsos
3222 4438 3532 4519 ‘decipiunt.
3582 4412 3860 4507 Adjhoc

572 4526 776 4602 populo
804 4532 1233 4587 communionem
1258 4532 1671 4603 participantur.
1695 4553 1714 4587 ›
1752 4530 1877 4590 ΙΙωο
1903 4550 2032 4608 ergo
2052 4553 2145 4592 an-

584 4623 809 4694 tiquitus
848 4622 1078 4679 Romani
1125 4623 1410 4696 pontiﬁces
1455 4641 1623 4696 usque
1650 4627 1716 4682 ad
1747 4637 1988 4685 nostrum
2020 4644 2147 4685 con-

585 4722 937 4769 servaverunt
981 4721 1212 4787 tempus.
1266 4715 1509 4783 Qualiter
1552 4727 1735 4774 autcm
1780 4727 1836 4775 et
1880 4721 2145 4791 quomodo

581 4805 905 4874 pmnitentes
952 4792 1024 4860 ad.
1064 4807 1457 4876 suscipiendam
1488 4809 1729 4879 corporis
1774 4819 1830 4883 et
1875 4814 2147 4884 sanguinis

583 4891 795 4949 Domini
822 4896 1051 4967 gratiam
1074 4888 1329 4952 accedere
1361 4899 1621 4965 debeant,
1644 4899 1983 4957 innocentius
2010 4918 2147 4980 papa

581 4988 635 5043 in
665 4986 1030 5043 Decretalibus
1053 4989 1167 5043 suis
1191 4988 1501 5058 plenissime
1527 4990 1713 5058 docet,
1740 4993 2104 5048 transcribcns
2128 5012 2141 5045 2

587 5101 605 5130 ι
642 5076 716 5134 De
743 5078 1132 5149 paenitentibus
1160 5088 1368 5145 autem,
1416 5080 1507 5150 qui
1550 5081 1663 5137 sive
1703 5097 1769 5136 ex
1811 5083 2145 5153 gravioribus

580 5172 883 5228 commissis
901 5212 916 5237 ,
944 5166 1060 5228 sive
1085 5186 1150 5226 ex
1178 5171 1475 5228 levioribus
1500 5175 1873 5244 pmnitentiam
1916 5183 2140 5245 gerunt,

581 5261 627 5315 si
655 5262 797 5317 nulla
834 5262 1155 5318 interveniat
1180 5262 1464 5332 aegritudo,
1497 5265 1683 5333 quinta
1724 5264 1857 5320 feria
1884 5275 2012 5320 ante
2039 5265 2139 5320 Pa-

581 5357 709 5411 scha
739 5358 818 5413 eis
846 5357 1223 5413 remittendum
1251 5357 1504 5414 Romana:
1532 5359 1785 5417 Ecclesia:
1812 5360 2139 5416 consuetudo
2184 5424 2189 5431 ,

1088 5441 1104 5471 1

654 5480 707 5566 ξπ
733 5488 998 5571 Seguine
1046 5490 1309 5571 proximi._
1347 5490 1423 5544 ita
1477 5492 1710 5571 op‘timus
1766 5491 1935 5571 codex
1989 5490 2135 5571 Qiar.

581 5552 739 5631 Prior
779 5552 940 5614 editio
986 5552 1104 5631 cn'nt
1149 5559 1386 5615 maru'lms
1424 5552 1688 5631 sanguine
1744 5561 1927 5631 plenis.
1984 5560 2136 5626 Quod

583 5626 823 5694 sequitur
865 5642 932 5683 ex
980 5629 1277 5686 Sozomeno
1329 5641 1385 5684 et
1422 5626 1891 5701 innocentio'papa
1932 5633 2136 5688 exscri-

2248 4554 2443 4609 nempe
2474 4539 2610 4593 tales
2636 4554 2879 4609 quazrcre
2907 4539 3110 4604 solent,
3148 4549 3208 4593 ut
3242 4540 3295 4594 in
3329 4540 3665 4611 pmnitendo
3703 4559 3864 4613 pene

2248 4628 2381 4683 nihil
2415 4627 2721 4689 amictionis
2755 4642 2950 4697 corpus
2984 4642 3167 4682 eorum
3217 4630 3416 4683 sentiat
3445 4646 3457 4681 :
3509 4633 3862 4705 praiseer

2247 4720 2369 4774 cum
2418 4717 2677 4790 prmfatus
2722 4734 2857 4789 papa
2902 4717 3192 4789 Gregorius
3241 4720 3427 4775 dicat:
3465 4740 3483 4771 ι
3514 4719 3683 4776 Caro
3726 4708 3869 4777 laeta

2247 4824 2348 4864 nos
2375 4808 2541 4862 traxit
2564 4808 2633 4863 ad
2660 4816 2917 4872 mortem,
2952 4808 3145 4865 afflicta
3178 4812 3397 4867 reducat
3424 4811 3490 4865 ad
3514 4814 3799 4868 veniam.
3841 4835 3862 4868 ι

2317 4897 2488 4952 Porro
2516 4898 2581 4953 de
2612 4899 2935 4954 abstinentia
2970 4901 3059 4955 cui
3093 4902 3305 4971 quidam
3345 4903 3705 4973 pmnitentes
3747 4906 3877 4962 dis-

2246 5000 2392 5043 crete
2421 4997 2478 5044 ct
2512 4989 2867 5057 laudabiliter,
2899 4991 3115 5062 quidam
3154 5008 3281 5048 vero
3318 4994 3630 5048 indiscrete
3667 5006 3735 5051 et
3774 5013 3879 5051 nc-

2247 5080 2507 5151 gligentcr
2534 5094 2599 5135 se
2629 5081 2859 5136 subdere
2888 5082 3087 5148 solent,
3118 5083 3365 5154 Prosperi
3396 5086 3701 5140 sententia
3736 5088 3881 5144 haec

2246 5181 2328 5226 est
2358 5172 2421 5226 δε
2450 5190 2469 5222 ι
2492 5172 2726 5227 Membra
2745 5213 2761 5240 ,
2793 5174 2998 5246 inquit,
3028 5191 3120 5231 sua
3140 5217 3156 5241 ,
3186 5191 3305 5246 qua:
3346 5185 3473 5230 sunt
3513 5190 3720 5246 super
3751 5189 3882 5235 ter-

2247 5277 2384 5327 ram,
2403 5262 2730 5319 mortiﬁcant
2745 5303 2759 5329 ,
2781 5266 2992 5333 quando
3017 5264 3248 5320 insolens
3267 5280 3461 5335 corpus
3478 5263 3558 5333 jej
3568 5268 3884 5325 uniomm

2246 5352 2645 5409 continuatione
2673 5355 2970 5427 castigant;
3000 5356 3212 5426 quando
3258 5357 3397 5409 intra
3439 5344 3887 5414 adcessarium

2244 5495 2393 5555 ptum
2422 5492 2506 5539 est
2533 5499 2564 5539 e
2590 5484 2773 5555 codice
2797 5483 3026 5541 Clarum.

2296 5557 2343 5595 -ιι
2382 5555 2508 5613 Lib.‘
2528 5572 2563 5609 ιι
2592 5556 2660 5610 de
2686 5554 2803 5610 Vita
2832 5565 3127 5624 contcmp.,
3152 5568 3271 5625 cap.
3302 5552 3386 5609 ‘22.
