4064 6190
312 339 410 392 Nl

1314 336 1403 391 ne
1437 296 1915 393 insmurionn
1954 328 2236 393 LAlCALI.
2271 371 2339 380 -
2368 336 2494 394 us.
2533 340 2572 394 ι.

3414 332 3459 403 'i
3482 334 3541 407 ξιξ

305 452 531 506 modum
558 462 712 505 suum
742 453 1045 519 temperant
1068 449 1360 519 appetitqu
1386 467 1401 514 ;
1430 451 1642 521 quando
1670 466 1773 504 non
1797 465 1882 504 so-
1911 460 1956 514 Α
1988 451 2124 506 rauti
2171 462 2449 523 praestare,
2482 469 2548 506 ne
2602 468 2722 508 cum
2752 454 2828 508 illi
2854 455 3000 510 licita
3038 461 3329 517 concedere
3357 478 3540 533 emptu

304 543 426 599 lunt
476 559 506 597 a
566 538 965 598 delicatioribtis
1022 543 1159 598 cibis
1214 544 1488 597 moderata
1540 544 1873 599 districtione

302 635 660 707 suspendunt,
708 635 801 689 sed
846 634 1012 688 etiam
1058 633 1113 687 in
1161 634 1292 704 ipsis
1334 635 1710 690 communibus
1742 635 1874 689 nihil

300 723 462 780 carui
499 739 612 779 sua:
637 739 739 794 pro
762 723 1055 788 desiderio,
1086 725 1180 778 sed
1218 739 1315 794 pro
1358 725 1721 780 sustentandae
1751 726 1874 781 vitae

276 814 630 870 necessitate
677 814 998 884 permittunt
1043 832 1057 869 :
1100 815 1235 869 certi
1270 816 1444 884 iquod
1514 830 1611 869 nec
1668 816 1873 871 delicia:

294 904 578 976 quaelibet,
601 905 647 959 si
672 906 873 978 absque
895 904 1160 960 desiderio
1185 906 1573 975 percipiantur,
1597 904 1867 969 officiunt;

295 1005 356 1050 et
380 996 517 1052 viles
559 996 666 1051 cibi
720 995 1038 1067 plerumque
1095 996 1434 1052 abstinentia;
1471 996 1795 1067 profectum,
1823 998 1868 1052 si

295 1095 622 1156 appetenter
659 1084 1015 1155 accipiantur,
1069 1085 1385 1155 impediunt.
1434 1086 1572 1141 llinc
1615 1094 1698 1142 est
1724 1086 1870 1155 quod

294 1185 524 1233 sanctus
570 1168 740 1231 David
784 1191 937 1245 aqua:
971 1178 1096 1231 visae
1127 1188 1154 1217 ι
1182 1178 1672 1249 concupiscentiam
1710 1179 1871 1238 casti-

295 1271 469 1340 gavit,
494 1279 551 1325 et
580 1285 700 1324 eam
728 1269 830 1324 sibi
871 1284 902 1323 a
936 1269 1050 1324 suis
1085 1269 1340 1325 oblatam.
1386 1286 1453 1326 ne
1481 1272 1746 1345 desiderio
1770 1289 1868 1328 suo

288 1376 363 1415 ex
394 1377 460 1416 ea
482 1359 810 1437 satisfacere
854 1359 1147 1449 videretur,
1181 1359 1387 1435 elfudit.
1434 1361 1502 1417 Et
1529 1373 1719 1418 sancto
1739 1363 1868 1419 Elite

292 1459 576 1529 perceptio
638 1457 902 1521 carnium,
956 1457 1210 1526 quoniam
1246 1473 1351 1513 non
1400 1459 1725 1528 concupivit,
1760 1473 1867 1513 non

291 1548 503 1604 nocuit.
530 1547 684 1604 Unde
719 1547 878 1621 datur
931 1546 1176 1631 intelligi,
1207 1549 1351 1619 quod
1383 1550 1651 1605 veraciter
1700 1551 1867 1606 absti-

1979 543 2163 605 rimus,
2197 553 2382 613 poscat
2414 543 2638 609 illicita;
2683 555 2738 599 et
2767 546 2867 600 sibi
2920 538 3287 618 obsequentes
3302 552 3359 608 in
3385 557 3542 611 mini.

1976 632 2098 695 mis,
2156 632 2209 686 in
2239 631 2438 704 flagitia
2496 634 2765 704 punienda
2812 638 3134 707 compellat;
3185 656 3250 697 ac
3303 648 3538 702 naturali

1975 722 2165 777 ordine
2199 725 2535 793 perturbato,
2568 741 2675 780 non
2721 724 2932 795 spiritui
2991 746 3209 800 corpus.
3239 736 3331 789 sed
3377 738 3538 807 spirl-
3610 744 3623 759 '

1975 822 2062 867 tus
2111 816 2321 885 corpori
2370 817 2667 872 dominanti
2718 818 3003 876 deserviat.
3037 843 3056 875 ι
3087 822 3153 878 Et
3173 835 3295 897 post
3318 826 3534 897 pauca:

1977 927 1996 958 ι
2026 908 2291 963 Caeterum
2325 909 2370 964 si
2401 906 2891 981 a'quadrupedibus
2915 916 3269 986 abstinentes,
3323 923 3538 992 pliasia-

1971 1000 2057 1055 nis
2083 1000 2325 1067 alitibus,
2355 1004 2552 1072 capris,
2583 1012 2746 1074 atque
2791 1008 3111 1075 pavonibus,
3143 1011 3224 1064 vel
3271 1012 3391 1068 aliis
3416 1014 3535 1069 avi-

1969 1092 2070 1146 bus
2122 1093 2394 1162 pretiosis,
2434 1102 2532 1148 aut
2561 1096 2801 1164 piscibus
2852 1097 3221 1167 perfruantur,
3268 1116 3374 1157 non
3400 1105 3532 1163 mihi

1968 1181 2214 1237 videntur
2265 1198 2511 1238 resecare
2558 1184 2944 1261 delectationes
2995 1189 3077 1244 sui
3124 1193 3397 1261 corporis,
3436 1195 3544 1251 sed-

1967 1280 2178 1328 mutare
2205 1289 2221 1339 ;
2258 1289 2359 1329 nec
2391 1289 2489 1343 pro
2516 1275 2867 1342 abstinentia,
2909 1278 3014 1332 sed
3050 1278 3195 1333 velut
3220 1296 3321 1350 pro
3349 1282 3531 1339 nescio

1966 1379 2072 1435 qua
2102 1364 2461 1428 immunditia,
2486 1364 2569 1419 vel
2601 1374 2769 1429 certe,
2796 1367 2939 1437 quod
2962 1369 3141 1423 verius
3161 1379 3264 1435 est,
3299 1386 3398 1440 pro
3424 1380 3535 1426 sto-

1966 1455 2140 1509 machi
2169 1456 2481 1510 nauseantis
2512 1456 2873 1512 teneritudine
2900 1457 3120 1513 delicias
3148 1459 3267 1515 illas
3292 1474 3532 1515 cominu-

1963 1563 2061 1603 nes
2087 1563 2153 1602 ac
2178 1547 2313 1602 viles
2335 1562 2529 1603 carnes
2576 1546 2829 1616 abjicere,
2886 1564 2993 1618 quo
3022 1550 3231 1619 possint
3276 1549 3399 1607 aliis
3420 1566 3529 1607 non

293 1632 491 1697 nentes
544 1655 792 1695 escarum
820 1654 925 1693 non
964 1649 1204 1707 naturas,
1255 1643 1349 1698 sed
1398 1643 1863 1713 concupiscentias
1964 1639 2134 1695 solum
2165 1640 2438 1705 carnibus,
2463 1640 2557 1696 sed
2580 1640 2743 1695 etiam
2798 1640 3200 1698 delicatioribus
3231 1657 3295 1697 ac
3318 1643 3526 1714 pretio-

290 1732 573 1795 (inminent,
598 1745 664 1785 ac
687 1730 991 1800 voluptates
1014 1746 1140 1787 suas
1160 1732 1462 1789 desiderati
1502 1735 1607 1790 cibi
1651 1736 1737 1790 vel
1761 1750 1856 1806 po-
1963 1730 2197 1785 sioribus
2224 1746 2348 1787 suas
2392 1729 2692 1799 voluptates
2739 1730 2975 1801 explere,
3008 1746 3152 1795 cum,
3199 1732 3339 1788 sicut
3365 1749 3526 1804 supra

290 1834 385 1880 tus
438 1824 697 1879 abusione
749 1822 1093 1879 mortiﬁcent.
1121 1823 1224 1892 Qui
1261 1832 1439 1880 autem
1469 1840 1576 1880 non
1628 1826 1798 1882 solum
1829 1840 1859 1881 a
1888 1806 2069 1892 Bjam
2094 1823 2287 1893 patuit,
2328 1838 2431 1878 non
2464 1821 2767 1891 aliquarum
2813 1821 3058 1877 carnium
3109 1837 3230 1892 quae
3278 1824 3397 1878 usui
3424 1825 3525 1879 lui-

287 1914 577 1984 qualitate,
610 1913 701 1968 sed
729 1913 893 1967 etiam
926 1929 954 1965 a
985 1913 1286 1982 quantitate
1339 1914 1582 1970 ciborum
1640 1916 1863 1987 cupiunt
1964 1928 2123 1969 mane
2158 1927 2428 1968 concessa:
2468 1920 2614 1974 sunt,
2647 1913 2803 1968 nobis
2822 1922 3029 1967 natura:
3057 1913 3371 1970 damnanda:
3394 1916 3523 1980 sint,

286 2003 934 2068 abstineremibil‘aliud
976 2003 1213 2069 student,
1244 2004 1350 2059 nisi
1380 2014 1439 2059 ut
1465 2016 1725 2076 quantum
1754 2017 1863 2063 sto—

287 2098 490 2152 macho
518 2096 808 2152 reﬁciendo
832 2111 898 2152 ac
948 2094 1073 2151 fami
1119 2097 1419 2154 eximenda:
1449 2100 1581 2155 satis
1630 2116 1750 2156 esse
1784 2102 1877 2156 vi-‘

286 2189 472 2253 detur,
501 2187 848 2258 indulgeant;
883 2202 982 2243 nec
1010 2187 1263 2256 expleant
1291 2203 1417 2244 suos
1449 2192 1718 2260 appetitus
1742 2193 1859 2246 avi-

284 2282 462 2336 ditate
486 2279 838 2349 percipiendi,
876 2280 970 2335 sed
997 2279 1356 2349 comprimant
1381 2294 1397 2346 ;
1432 2289 1594 2350 atque
1641 2282 1722 2336 eis
1750 2296 1857 2337 non

282 2370 554 2425 saturitas
584 2368 777 2425 edendi
824 2367 983 2423 linem
1035 2365 1217 2433 faciat,
1274 2370 1370 2424 sed
1411 2369 1700 2436 volumus;
1732 2372 1856 2440 quia

284 2473 400 2515 tam
455 2477 484 2515 a
532 2459 825 2529 cupiditate
861 2460 1249 2530 pretiosiorum
1310 2460 1555 2516 ciborum
1625 2461 1852 2526 animos,

281 2567 452 2623 quam
479 2567 512 2606 a
537 2553 702 2606 nimia
730 2553 1072 2623 perceptione
1097 2558 1114 2573 ‘
1146 2551 1329 2607 vilium
1363 2554 1733 2619 continebunt,
1765 2553 1854 2624 qui

276 2644 428 2699 cibis
454 2658 555 2699 nec
584 2643 900 2698 lautioribus
932 2642 1136 2708 velunt,
1185 2640 1348 2699 carne
1388 2642 1713 2708 luxuriante,
1742 2644 1856 2698 dis-

284 2736 465 2800 solvi,
540 2750 643 2792 nec
702 2735 1027 2791 distentione
1085 2736 1291 2790 ventris
1343 2735 1538 2791 vilibus
1599 2726 1850 2804 onerari;

277 2832 506 2902 quando
531 2831 861 2886 abstinentes
910 2831 1142 2897 virilnee
1173 2829 1413 2885 deliciosi
1467 2829 1672 2885 soleant
1714 2844 1851 2899 esse,

280 2937 387 2978 nec
413 2922 576 2976 avidi.
603 2919 722 2975 1am
779 2922 846 2976 de
868 2908 994 2976 vino
1030 2920 1348 2975 abstinendo
1401 2919 1483 2976 vel
1513 2920 1855 2989 percipiendo

280 3014 419 3085 quid
442 2992 658 3066 αἰρεωέ
694 3009 846 3066 Unde
895 3019 1115 3066 sanctus
1149 3010 1438 3080 Apostolus
1485 2992 1692 3065 certam
1738 3010 1856 3064 fixit

284 3105 531 3176 regulam
559 3105 782 3160 dicens:
816 3090 995 3157 Nolite
1018 3101 1267 3161 inebriari
1300 3101 1436 3167 vino,
1468 3102 1519 3155 in
1547 3117 1649 3174 quo
1671 3110 1745 3155 est
1769 3100 1855 3154 lu-

1960 2021 2099 2076 quas
2137 2006 2279 2060 Deus
2330 2004 2606 2069 instituit;
2640 2004 2733 2059 sed
2787 2003 3033 2059 carnales
3079 2005 3525 2074 concupiscentiae

1960 2094 2244 2166 fugiendae,
2276 2109 2410 2164 quas
2441 2094 2623 2150 sensui
2676 2094 2859 2150 carnis
2894 2086 3159 2149 diabolus
3207 2095 3521 2151 introduxit.

1958 2185 2035 2240 llli
2061 2194 2242 2240 autem
2287 2186 2378 2256 qui
2428 2186 2704 2255 parciores
2751 2184 2924 2240 videri
2986 2184 3251 2249 volunt,et
3296 2185 3521 2256 gloriam

1958 2277 2061 2332 sibi
2097 2277 2245 2332 velut
2290 2277 2359 2331 de
2388 2275 2728 2333 abstinentia:
2783 2274 3126 2332 districtione
3170 2276 3520 2347 conquirunt,

1956 2367 2047 2433 sic,
2070 2365 2140 2421 ab
2165 2366 2417 2420 omnibus
2445 2365 2767 2420 animalibus
2805 2362 3050 2433 iudicant
3093 2366 3519 2436 temperamlmn,

1956 2467 2017 2513 ut
2057 2458 2356 2528 peregrinis
2402 2458 2599 2528 pomis,
2626 2471 2691 2513 ac
2735 2455 2929 2527 sorbis
2951 2457 3158 2528 poculis
3192 2458 3221 2499 ιι
3254 2442 3517 2521 delicatis,

1954 2547 2276 2617 eazterisque
2323 2547 2444 2602 aliis
2496 2548 2788 2602 immanem
2827 2547 2910 2603 sui
2966 2548 3211 2618 corporis
3267 2547 3524 2617 impleant

1955 2638 2268 2707 appetitum,
2299 2653 2420 2715 cum
2472 2638 2731 2708 spiritalis
2775 2638 3122 2704 abstinentia,
3177 2652 3285 2695 non
3313 2639 3521 2710 aliquo-

1955 2744 2076 2784 rum
2105 2730 2349 2785 ciborum
2400 2744 2582 2795 usum,
2618 2729 2711 2785 sed
2752 2729 3093 2786 desiderium’
3130 2730 3355 2785 suadeat
3382 2745 3524 2785 eom-

1954 2820 2301 2889 pescendum.
2335 2819 2402 2874 Et
2451 2818 2524 2873 illi
2554 2819 2726 2890 magis
2761 2818 3107 2888 parcimonize
3157 2820 3365 2876 servire
3391 2835 3519 2875 ceno

1956 2896 2108 2963 sendi
2157 2916 2307 2973 sunt,
2370 2908 2462 2977 qui
2516 2906 2617 2961 sibi
2665 2920 2772 2960 non
2798 2906 3097 2975 aliquarum
3124 2921 3305 2962 rerum
3328 2921 3519 2977 perce-

1956 2998 2187 3067 ptiones,
2215 2998 2311 3051 sed
2358 2996 2748 3052 deloctatioues
2791 2996 3033 3066 corporis
3062 2997 3407 3053 interdicunt.
3441 2997 3521 3053 Illi

1959 3101 2172 3159 quoque
2196 3087 2309 3156 qui,
2348 3096 2537 3156 negata
2572 3086 2673 3141 sibi
2723 3085 2833 3143 viui
2861 3085 3224 3156 perceptione,
3276 3087 3517 3144 diverso.

280 3154 794 3266 Acria—"(33535,
816 3154 1435 3266 ἴὼζῖρηλιέίάίερτοιξ
1452 3154 1743 3249 Lux'ttt‘iatn
1774 3192 1854 3248 fa-

1960 3154 2435 3246 rtim—poculorum?
2458 3175 2761 3245 potionibus
2791 3154 3141 3241 inundantur,
3182 3191 3520 3249 nequaquam

281 3288 364 3344 cit
385 3297 441 3343 et
469 3288 641 3342 nutrit
676 3287 788 3341 viui
838 3282 1119 3356 pe'rceptio
1154 3287 1341 3350 nimia,
1377 3302 1480 3341 non
1534 3295 1767 3351 natura;
1801 3295 1857 3343 et

280 3390 573 3455 propterea
595 3396 704 3435 non
730 3395 826 3434 vos
851 3378 927 3433 uti
954 3379 1101 3444 vino,
1127 3379 1238 3445 ,sed
1291 3362 1550 3434 inebriari
1573 3379 1852 3448 prohibeo.

285 3473 732 3543 Quandoquidem
804 3471 1076 3526 inﬁrmum
1148 3473 1483 3528 stomachum
1549 3474 1857 3529 moderatus

285 3579 422 3618 usus
462 3563 572 3617 viui
630 3561 917 3627 confortat,
970 3562 1204 3616 ebrietas
1259 3563 1502 3616 animum
1552 3578 1858 3634 corpusque

286 3655 556 3710 debilitat.
587 3654 829 3724 Denique
877 3654 1160 3709 Timotheo
1196 3670 1294 3709 suo
1340 3640 1620 3725 discipulo,
1677 3657 1857 3727 quise

284 3745 450 3817 longa
477 3745 816 3801 abstinentia:
855 3746 1187 3801 districtione
1235 3747 1349 3817 jam
1386 3746 1640 3818 fregerat,
1669 3758 1725 3803 et
1748 3759 1857 3805 sto-

282 3839 545 3894 machum
592 3853 748 3893 suum
800 3852 955 3908 aquae
996 3838 1338 3907 perceptione
1376 3847 1710 3908 corruperat,
1743 3856 1859 3894 mo-

286 3929 416 3983 dico
462 3927 591 3982 vino
633 3929 708 3982 uti
737 3927 933 3991 debere
952 3927 1228 4001 praecepit,
1271 3912 1495 3982 dicens:
1531 3926 1658 3981 Noli
1687 3928 1857 3981 adhuc

298 4035 496 4090 aquam
521 4018 733 4084 bibere;
762 4016 853 4074 sed
880 4017 1081 4071 modico
1112 4017 1228 4070 vino
1271 4025 1414 4070 utere
1440 4025 1648 4087 propter
1665 4026 1858 4070 stoma-

295 4110 450 4163 chum
483 4118 632 4161 tuum
663 4117 712 4163 et
755 4097 1045 4178 frequentes
1086 4107 1415 4176 inﬁrmitates
1470 4116 1586 4160 tuas
1634 4105 1683 4175 (1
1717 4103 1851 4158 Tim.

287 4216 341 4265 v,
364 4200 484 4269 25).
518 4199 598 4254 Ac
619 4215 717 4271 per
743 4202 847 4254 hoc
867 4198 997 4253 nihil
1020 4208 1206 4253 contra
1232 4198 1607 4252 abstinentiam
1633 4195 1854 4261 faciunt,

286 4292 378 4360 qui
408 4291 597 4345 vinum
622 4306 727 4345 non
753 4272 876 4359 ἰ)το
904 4289 1184 4353 ebrietate,
1216 4288 1311 4343 sed
1356 4296 1565 4342 tantum
1614 4303 1714 4358 pro
1736 4303 1856 4342 cor-

284 4384 437 4454 poris
467 4382 641 4437 salute
666 4381 967 4450 percipiunt
992 4397 1008 4446 ;
1036 4395 1138 4435 nec
1159 4379 1260 4434 hoc
1290 4377 1373 4433 eis
1401 4378 1556 4433 offert
1585 4378 1851 4441 voluntas,

1954 3268 2088 3324 mihi
2113 3268 2495 3323 abstinentiam
2526 3267 2777 3323 videntur
2831 3268 3076 3339 implere.
3109 3268 3212 3337 Qui
3240 3279 3298 3325 et
3319 3269 3388 3325 ad
3414 3271 3519 3325 hoc

1956 3374 2017 3416 se
2045 3357 2348 3415 fortassisa
2389 3358 2517 3413 vino
2563 3358 2918 3427 suspendunt,
2974 3366 3035 3412 ut
3092 3367 3401 3414 mercentur
3454 3357 3523 3413 ab

1956 3451 2281 3507 hominibus.
2305 3450 2538 3514 laudem,
2578 3458 2634 3504 et
2660 3450 2937 3505 interdicti
2965 3451 3068 3505 sibi
3102 3450 3217 3505 viui
3266 3465 3519 3521 compen-

1958 3548 2080 3597 sant
2103 3539 2319 3609 poculis
2337 3539 2677 3595 suavioribus
2705 3539 3054 3610 voluptatein.
3092 3559 3112 3593 ι

2026 3628 2220 3700 Liquet
2242 3629 2410 3700 igitur
2436 3638 2459 3668 θ
2485 3628 2611 3697 quia
2661 3629 2730 3684 ad
2783 3643 3007 3684 vumera
3060 3638 3407 3701 peccatorum
3435 3636 3520 3686 sa-

1958 3719 2154 3785 nanda,
2183 3734 2290 3773 non
2320 3718 2543 3783 indocti,
2585 3725 2642 3772 et
2681 3718 2920 3789 peccatis
2948 3719 3206 3787 faventes,
3255 3721 3349 3775 sed
3379 3722 3526 3776 docti

1954 3818 2015 3866 et
2054 3808 2363 3878 spirituales
2387 3807 2578 3863 medici
2633 3807 2742 3863 sint
2785 3809 3089 3877 expetendi,
3119 3820 3176 3864 et
3218 3810 3287 3863 ad
3334 3824 3522 3865 eorum

1958 3899 2239 3954 arbitrium
2268 3899 2603 3969 pmnitentiaa
2629 3908 2874 3967 tempora
2918 3898 3195 3953 humiliter
3220 3886 3521 3965 subeunda,

1957 4001 2014 4046 et
2038 3993 2104 4047 de
2127 3990 2444 4061 capitalibus
2486 3987 2893 4058 manifestisque
2942 3991 3182 4060 peccatis
3210 3992 3423 4062 publica
3452 3993 3527 4049 sit

1958 4080 2430 4138 irretractabiliter
2485 4078 2691 4149 agenda
2744 4080 3087 4147 pcenitcntia.
3139 4080 3218 4136 De
3269 4097 3523 4141 mensura

1960 4187 2087 4228 vero
2110 4178 2271 4241 atque
2297 4170 2639 4240 perceptione
2668 4169 2773 4225 cibi
2816 4178 2873 4225 et
2894 4180 3077 4241 potus,
3112 4173 3522 4245 pmnitentibus,

1957 4262 2051 4332 qui
2093 4261 2271 4332 rigore
2292 4248 2629 4316 abstinentia;
2657 4275 2886 4330 corpora
2915 4276 3012 4317 sua
3038 4263 3272 4320 discrete
3302 4264 3527 4322 domare

1950 4362 2220 4420 statuunt,
2245 4369 2408 4424 supra
2458 4361 2643 4409 notata
2687 4353 2940 4427 Prosperi
2978 4360 3245 4414 sententia
3275 4361 3526 4417 consulto

285 4450 384 4528 sed
431 4472 703 4543 permittit
752 4471 1038 4526 inﬁrmitas
1068 4488 1080 4524 :
1133 4486 1252 4540 qua:
1289 4469 1336 4525 si
1367 4467 1617 4534 defuerit,
1667 4484 1699 4523 a
1728 4470 1853 4524 vino
1884 4502 1937 4564 Ι)
1958 4462 2043 4564 ξῖξι
2092 4450 2384 4564 “nimim?-
2421 4450 2589 4564 οξξοθῑ
2614 4450 2812 4521 quippe
2846 4458 2906 4505 υι
2946 4467 3093 4557 εαξη.
3117 4455 3237 4557 (illis
3260 4456 3527 4525 [ﬂuiten-

286 4563 689 4625 abstinendum,
721 4577 785 4617 ne
806 4563 914 4616 viui
940 4561 1233 4633 perceptio,
1265 4576 1383 4632 qua:
1434 4559 1709 4615 inﬁrmum
1738 4576 1857 4617 sus-

283 4662 505 4717 tentat,
548 4666 741 4707 sanum
782 4666 980 4722 corpus
1029 4651 1318 4705 incendat:
1351 4650 1607 4720 quoniam
1637 4649 1854 4725 quidem

283 4742 422 4797 vino
454 4742 554 4807 uti,
586 4751 640 4797 et
661 4743 795 4798 usui.
825 4743 1027 4797 habere
1054 4741 1231 4796 oleum
1250 4783 1263 4805 ,
1291 4740 1470 4795 nullus
1518 4728 1715 4795 dixerit
1739 4756 1860 4797 esse

282 4842 601 4901 peccatum,
624 4835 717 4889 sed
751 4835 867 4888 huic
891 4832 1014 4887 ideo
1052 4846 1157 4886 non
1185 4831 1442 4886 debemus
1467 4831 1615 4885 carni
1649 4831 1860 4886 deside-

823 4912 839 4937 \

364 4976 393 5003 ι
443 4964 606 5039 Aque:
628 4966 767 5039 vim.
807 4965 1070 5039 Aeherius
1096 4963 1299 5019 mavult
1323 4980 1474 5039 aqua
1501 4966 1568 5039 _in
1607 4981 1681 5019 se.
1716 4963 1857 5039 Infra

276 5049 453 5158 sum
477 5033 510 5086 ά
539 5033 699 5087 nimia
742 5034 1086 5106 perceptione,
1134 5044 1266 5097 etc.,
1300 5033 1380 5089 sic
1405 5034 1639 5104 optimus
1683 5033 1853 5090 codex

353 5116 530 5156 arum.
560 5101 716 5157 Prior
749 5105 915 5158 editio
941 5105 1043 5158 hoc
1066 5105 1120 5158 in
1150 5103 1269 5158 loco
1308 5102 1507 5158 foedum
1541 5104 1595 5157 in
1639 5105 1853 5158 modum

322 5104 530 5173 itarem.
560 5101 716 5157 Prior
744 5101 915 5159 editio
941 5105 1120 5159 hocin
1150 5103 1269 5160 loco
1308 5101 1507 5159 foedum
1541 5104 1595 5157 in
1639 5105 1854 5159 modum

274 5180 548 5245 corrupta
597 5182 753 5239 erat;
796 5188 929 5245 nam
976 5176 1030 5228 in
1057 5188 1125 5245 ea
1177 5176 1260 5245 sic
1295 5173 1618 5245 legebatur:
1645 5190 1801 5244 quant
1821 5192 1854 5229 a

273 5242 616 5312 perceptione
642 5244 805 5299 animi
842 5243 1173 5298 continebant
1190 5242 1393 5297 viliuni.

362 5312 396 5350 δ
434 5311 617 5382 Sorbi:
642 5314 869 5382 poculis.
890 5313 1056 5377 Alias,
1111 5314 1396 5377 Acherius,
1435 5313 1847 5369 sorbitiunculis.

363 5392 389 5419 ε
430 5379 827 5463 digner—igitur.
1025 5383 1236 5463 reliqua
1269 5383 1463 5463 capitis
1492 5385 1559 5463 ab
1600 5384 1684 5463 liis
1722 5399 1852 5463 _ver-

274 5452 374 5505 bis
411 5451 605 5505 desunt
631 5451 684 5506 in
711 5454 896 5509 codice
921 5451 1154 5508 Clarum.
1187 5461 1243 5507 et
1265 5451 1459 5507 borum
1505 5451 1623 5507 loco
1652 5451 1852 5507 haben-

276 5532 383 5593 tur
411 5521 689 5593 sequentia
715 5524 901 5587 verba,
934 5539 1066 5593 qua:
1116 5522 1333 5591 quidem
1386 5524 1545 5577 editis
1579 5523 1848 5592 praefero:

280 5614 303 5641 ι
352 5590 512 5664 Patet
542 5592 709 5663 igitur
739 5593 863 5664 quia
902 5590 1006 5651 cibi
1060 5590 1333 5664 potusque
1362 5590 1636 5664 perceptio
1680 5593 1848 5664 absti-

274 5661 550 5714 nentibus
581 5677 711 5715 nom
741 5661 808 5716 ad
848 5661 1189 5732 voluptatem,
1246 5663 1338 5716 sed
1364 5663 1433 5715 ad
1486 5663 1846 5717 necessarium

268 5732 535 5801 wrporis
566 5734 840 5788 moderate
888 5731 1211 5789 sit'vitanda
1250 5732 1407 5806 [Lego
1459 5731 1752 5809 usitanda],
1791 5745 1844 5809 et

1963 4543 2050 4597 tiae
2077 4541 2438 4612 mancipatur,
2469 4543 2544 4597 ita
2585 4557 2782 4616 corpus
2818 4559 2973 4601 suum
3017 4542 3347 4621 ieiuniorum
3397 4562 3529 4604 con-

1956 4633 2277 4697 tinuatione,
2307 4633 2611 4705 vigiliarum
2636 4643 2692 4690 et
2710 4637 3020 4692 orationum
3057 4637 3391 4704 assiduitate,
3415 4653 3523 4696 ca:-

1958 4735 2308 4797 terarumque
2366 4736 2677 4783 sanctarum
2712 4731 2974 4785 virtutum
2998 4732 3528 4791 exercitatioue'do-

1958 4831 2112 4873 mare
2150 4818 2395 4885 studeat,
2421 4828 2480 4873 ut
2506 4820 2701 4876 merito
2728 4835 2854 4876 cum
2907 4821 3191 4879 Psalmista
3221 4825 3403 4882 dicere
3427 4842 3524 4880 va-

1962 4952 2103 5023 quod
2124 4966 2229 5023 non
2257 4964 2442 5023 eorum
2489 4953 2781 5023 perceptio,
2810 4953 2904 5008 sed
2938 4955 3115 5023 potius
3172 4955 3522 5010 immoderata

1960 5021 2247 5076 delectatio
2302 5022 2372 5076 sit
2432 5021 2606 5091 culpa.
2652 5021 3008 5146 Vauapropt—er
3054 5040 3175 5080 cum
3230 5026 3353 5095 quis
3409 5024 3525 5076 vult

1960 5107 2120 5146 arere
2148 5091 2540 5146 DtBnilentiam.
2572 5106 2675 5146 uno
2731 5104 2787 5146 et
2834 5101 2887 5146 ul
2922 5094 2974 5146 in
2999 5094 3124 5146 cibo
3163 5103 3218 5146 et
3248 5103 3376 5146 notu
3424 5108 3519 5146 su-

1959 5107 2120 5164 agere
2148 5091 2540 5161 paenitentiam,
2572 5091 2801 5164 oportet
2834 5091 2903 5147 ul,
2922 5094 2974 5148 in
2999 5094 3124 5149 cibo
3163 5103 3218 5150 et
3247 5091 3376 5164 potu
3424 5108 3519 5148 su-

1957 5161 2153 5217 mendo
2187 5176 2349 5231 supra
2383 5161 2829 5230 comprehensum
2861 5172 3038 5219 teneat
3091 5161 3324 5218 modum.
3358 5164 3525 5217 Decet

1956 5232 2153 5301 quippe
2190 5230 2373 5301 utqui
2415 5230 2599 5301 illicita
2638 5231 2873 5297 admisit,
2921 5232 3067 5288 licita
3097 5234 3260 5287 etiam
3302 5232 3402 5286 sibi
3434 5231 3521 5284 in—

1957 5300 2204 5357 terdicat.
2235 5300 2471 5372 castiget
2488 5300 2659 5372 etiam
2712 5303 2949 5358 membra
2988 5318 3083 5357 sua
3114 5316 3232 5371 qua)
3259 5310 3385 5356 sunt
3427 5317 3519 5356 su—

1957 5385 2057 5444 per
2085 5381 2308 5444 terrain,
2329 5368 2568 5444 ieiuniis,
2612 5371 2831 5444 vigiliis,
2857 5383 2911 5426 et.
2940 5368 3299 5444 orationibus,
3334 5379 3521 5444 eteae--

1961 5441 2092 5512 teris
2118 5440 2408 5497 salutiferis
2444 5440 2860 5507 afflictionibus;
2897 5452 2977 5506 ut,
3004 5441 3155 5512 juxta
3181 5440 3520 5512 Apostoluin,

1957 5511 2131 5567 hostia
2186 5512 2331 5581 vivi,
2369 5521 2579 5581 sancta,
2625 5520 2682 5568 et
2726 5513 2977 5581 Domino_
3006 5510 3243 5581 placens
3268 5511 3407 5574 ﬁeri,
3461 5522 3518 5570 et

1955 5597 2079 5635 cum
2130 5580 2408 5635 Psalmista
2455 5580 2636 5637 dicere
2686 5584 2906 5636 valeat:
2942 5578 3112 5635 Siiivit
3166 5582 3221 5637 in
3255 5593 3304 5636 te
3342 5581 3517 5638 animo

1956 5667 2090 5714 mea,
2119 5667 2275 5722 quam
2298 5651 2651 5724 multipliciter
2672 5663 2721 5705 et
2749 5667 2870 5705 cara
2897 5666 3032 5704 mea.
3080 5670 3099 5703 ι
