4008 6192
567 343 669 400 143

1530 348 1534 350 -
1611 323 1804 382 torus
1841 317 2386 388 amnemamnem
2419 291 2723 374 ‘artscort

3677 305 3770 362 ιιι

556 455 673 511 'leat
702 473 714 507 τ
749 452 920 509 Sitivit
946 449 1068 504 inte
1089 447 1263 500 anima
1294 458 1405 498 mea
1429 480 1444 506 ,
1468 455 1628 511 quam
1671 434 2027 507 multipliciter
2076 440 2123 484 et
2154 436 2200 492 Λ
2227 431 2359 485 estis
2383 431 2608 495 intenti;
2649 428 2741 483 sed
2793 439 3107 482 communes
3130 433 3184 481 et
3207 438 3272 487 ex
3301 437 3400 476 usu
3431 421 3640 476 fabulas
3661 431 3774 476 tere

558 559 691 601 fcero
729 562 841 598 mea
873 539 1040 612 (Psal.
1074 554 1208 602 1.x",
1237 535 1314 608 2).

1154 647 1385 706 CAPUT
1434 644 1505 701 XI

571 747 722 813 Quod
750 746 817 798 ad
860 741 1128 798 ecclesiam
1169 736 1578 861 erant‘iiibgratia
1623 733 1918 804 frequenter
1944 745 2126 784 conue-

1159 825 1263 861 nm
1341 825 1371 861 e
1406 815 1509 860 eat.

1159 815 1263 864 niri
1308 815 1509 861 debeat.

635 922 772 990 Quia
805 919 1059 975 moderno
1099 926 1338 986 tempore
1366 912 1658 970 Christiani
1703 911 1883 981 p0puli
1913 908 2127 963 devotio

570 1033 601 1071 a
631 1015 912 1071 devotione
960 1012 1196 1082 plebium
1251 1008 1506 1070 ﬁdelium,
1550 1022 1670 1077 quae
1720 1006 1821 1060 sub
1876 1004 2131 1075 apostolis

570 1107 796 1170 exstitit,
838 1104 993 1175 longe
1022 1103 1094 1157 sit
1135 1101 1325 1170 impar,
1375 1100 1428 1153 in
1457 1098 1650 1170 ultimo.
1674 1096 1836 1150 libelli
1865 1095 2022 1164 hujus
2048 1110 2133 1150 ca-

570 1196 740 1268 pitulo
802 1194 1038 1249 breviter
1106 1189 1630 1261 commemorabitur.
1696 1186 1889 1268 Procul
1943 1200 2134 1254 nempe

571 1263 924 1359 quorumdam
951 1283 1375 1339 Christianorum
1415 1278 1649 1342 devotio,
1677 1263 1815 1332 siéut
1839 1285 1891 1330 et
1913 1277 1965 1329 in
1997 1291 2131 1328 non-

572 1375 733 1432 nullis
770 1374 908 1439 aliis,
943 1373 1016 1426 ita
1044 1380 1098 1426 et
1133 1372 1187 1424 in
1238 1385 1304 1424 eo
1336 1369 1479 1438 quod
1528 1367 1593 1422 ad
1642 1366 1922 1423 ecclesiam
1953 1364 2130 1435 tepide

574 1465 926 1527 conveniunt,
953 1461 1022 1515 ab
1063 1460 1205 1515 illius
1231 1459 1400 1529 plebis
1451 1457 1698 1528 religiosa
1731 1456 2010 1511 devotione
2057 1453 2138 1508 di-

575 1566 702 1613 stat.
737 1555 933 1611 Verum
962 1553 1100 1608 sicut
1137 1550 1532 1620 suntplerique,
1560 1549 1650 1617 qui
1673 1548 1760 1618 pio
1782 1547 2140 1617 religiosoque

575 1647 756 1703 studio
801 1644 990 1701 orandi
1026 1641 1198 1713 gratia
1247 1640 1531 1696 ecclesiam
1563 1638 1855 1708 saepissime
1889 1636 2139 1705 frequen—

579 1745 716 1802 tant,
764 1737 839 1790 ita
868 1750 899 1790 e
926 1733 1194 1789 contrario
1251 1731 1491 1786 existunt
1535 1729 1774 1798 quidam,
1826 1725 1914 1797 qui
1957 1727 2081 1781 licet
2110 1741 2141 1781 e

576 1827 757 1882 vicine
816 1824 1049 1880 habeant
1083 1821 1381 1885 basilicam,
1436 1818 1488 1872 id
1516 1826 1692 1873 tamen
1723 1832 1966 1888 perraro,
1999 1816 2139 1886 quod

577 1916 952 1975 emendatione
1001 1913 1217 1984 dignum
1243 1920 1346 1976 est,
1400 1909 1620 1965 iaciunt.
1670 1909 1740 1966 Ut
1771 1924 1900 1982 ergo
1947 1909 2143 1977 templa

580 2008 776 2066 divinis
806 2005 1037 2063 cultibus
1065 2002 1366 2072 mancipata
1407 1999 1718 2070 frequenter
1753 1999 1920 2064 adiri,
1957 1997 2140 2066 ibique

579 2101 750 2157 Deum
789 2104 1100 2154 constanter
1132 2103 1187 2150 et
1237 2095 1429 2152 devote
1479 2100 1726 2165 oporteat
1776 2092 2040 2157 invocati.
2070 2091 2144 2148 di-

580 2191 720 2246 vinas
736 2187 1030 2256 Scripturae
1050 2183 1355 2238 testimonia
1381 2182 1571 2239 subtus
1599 2181 1823 2237 collecta
1854 2189 2141 2236 testantur.

584 2280 802 2352 Legitur
829 2278 1008 2346 itaque
1026 2274 1082 2329 in
1102 2273 1238 2328 libro
1263 2272 1707 2342 Paralipomenon
1733 2285 1748 2325 :
1779 2270 2028 2340 Apparuit
2054 2285 2148 2323 no-

585 2381 665 2425 cte
714 2355 969 2423 Dominus
1022 2363 1294 2422 Salomoni
1343 2372 1392 2417 et
1452 2363 1524 2416 ait
1550 2380 1569 2417 :
1622 2360 1811 2416 Audiri
1860 2361 2148 2414 orationem

587 2471 750 2523 tuam,
779 2467 826 2514 et
855 2457 986 2528 elegi
1018 2456 1186 2510 locum
1213 2455 1370 2508 istum
1407 2454 1534 2507 mihi
1567 2453 1623 2506 in
1650 2451 1860 2506 domum
1879 2450 2148 2520 sacriﬁcii,

585 2560 690 2607 etc.
722 2547 807 2622 (II
843 2545 1028 2602 Paral.
1082 2544 1202 2616 vn).
1256 2543 1322 2598 Et
1358 2542 1520 2613 paulo
1555 2550 1717 2612 post:
1771 2539 1923 2596 Oculi
1950 2555 2150 2611 quoque

588 2641 690 2695 mei
723 2646 875 2694 erunt
912 2635 1099 2707 aperti,
1129 2644 1176 2689 et
1202 2650 1353 2688 aures
1379 2649 1506 2697 mea:
1535 2641 1718 2687 erectae
1763 2631 1835 2685 ad
1863 2631 2151 2686 orationem

587 2731 702 2800 ejus
727 2728 816 2800 qui
843 2728 898 2782 in
922 2724 1035 2780 loco
1059 2725 1158 2779 isto
1187 2721 1449 2777 oraverit:
1495 2719 1625 2792 elegi
1671 2721 1808 2776 enim
1835 2728 1882 2775 et
1906 2719 2149 2788 sancti/i-

589 2821 700 2876 ι’αυὶ
731 2809 900 2873 locum
937 2816 1120 2880 istum,
1150 2823 1206 2867 ut
1240 2815 1306 2867 sit
1339 2828 1522 2866 nomen
1551 2827 1720 2865 meum
1749 2810 1820 2864 ibi
1862 2813 1918 2864 in
1965 2809 2155 2880 sempi-

591 2923 796 2966 ternum
812 2926 839 2976 ','
867 2919 914 2964 et
951 2916 1288 2980 permaneant
1339 2903 1478 2959 oculi
1514 2903 1612 2957 mei
1660 2911 1710 2957 et
1763 2918 1854 2956 cor
1885 2917 2056 2955 meum
2083 2899 2155 2954 ibi

594 3003 792 3058 cunctis
843 2999 1044 3056 diebus.
1096 2998 1161 3053 Et
1189 2997 1244 3052 in
1296 2995 1582 3067 Evangelio
1623 2993 1781 3050 Luca:
1809 3011 1822 3047 :
1852 2991 1922 3046 Et
1958 2991 2154 3062 factum

595 3104 670 3150 est
698 3093 823 3147 dum
865 3091 1180 3146 benediceret
1223 3087 1348 3152 illis,
1388 3089 1595 3142 recessit
1622 3087 1686 3141 ab
1716 3087 1792 3140 eis
1819 3096 1866 3140 et
1894 3085 2158 3155 ferebatur
2181 3122 2226 3186 Ο

595 3186 652 3238 in
678 3182 881 3238 caelum.
915 3177 983 3234 Et
1005 3181 1104 3251 ipsi
1129 3178 1407 3233 adorantes
1450 3179 1668 3247 regressi
1704 3186 1823 3231 sunt
1855 3177 1910 3229 in
1938 3175 2156 3230 Jerusa-

597 3273 700 3328 lem
738 3288 856 3328 cum
885 3269 1077 3342 gaudio
1113 3285 1322 3339 magno.
1355 3267 1426 3322 Et
1457 3275 1604 3334 epant
1649 3282 1847 3335 semper
1886 3265 1942 3319 in
1971 3264 2156 3330 templa

600 3362 896 3427 laudantes,
922 3345 1353 3414 et‘benedicentes
1378 3357 1656 3412 Dominum
1687 3353 1837 3427 (Luc.
1868 3371 2015 3420 utv,
2042 3353 2154 3419 51).

604 3454 672 3510 Et
698 3453 753 3508 in
775 3452 997 3507 Actibus
1041 3448 1407 3521 apostolorum
1443 3467 1458 3503 :
1504 3448 1672 3504 Erant
1700 3455 1913 3514 'autem,
1965 3447 2158 3516 inquit,

599 3551 981 3615 perseverantes
1007 3542 1062 3595 in
1090 3538 1332 3595 doctrina
1376 3537 1753 3611 apostolorum,
1806 3538 2160 3592 communica-
2215 3591 2223 3601 ,

603 3635 745 3688 tione
769 3631 1042 3701 fractionis
1068 3630 1246 3702 panis,
1279 3639 1328 3684 et
1351 3627 1673 3685 orationibus
1700 3626 1838 3700 (Act.
1860 3643 1920 3692 ιι,
1949 3625 2062 3698 42).
2097 3625 2164 3679 Et

603 3722 764 3795 paulo
787 3731 947 3792 post:
985 3719 1234 3787 Quotidie
1283 3735 1484 3791 quoque
1512 3718 1854 3786 perdurantes
1903 3716 2166 3770 unanimi-

607 3825 686 3869 ter
710 3814 764 3868 in
785 3810 991 3883 templo,
1029 3820 1076 3866 et
1100 3811 1396 3880 frangentes
1437 3809 1577 3863 circa
1609 3806 1790 3862 domos
1844 3822 2052 3880 panem,
2078 3823 2167 3860 su-

605 3901 812 3960 mebant
843 3903 1013 3957 cibum
1041 3916 1158 3955 cum
1183 3900 1537 3955 exsultatione
1549 3907 1597 3952 et
1611 3896 1940 3967 simplicitate
1966 3896 2166 3961 cordis;

607 3996 966 4052 collaudantes
1012 3992 1204 4058 Deum,
1251 4000 1300 4046 et
1336 3990 1580 4046 habentes
1603 3989 1828 4061 gratiam
1863 3987 1933 4042 ad
1967 3987 2168 4042 omnem

607 4083 804 4161 plebem
855 4086 1044 4160 (Ibid.,
1107 4086 1234 4158 46).
1271 4085 1406 4140 Item
1452 4085 1569 4140 ibi:
1618 4083 1808 4138 Petrus
1859 4092 1908 4138 et
1939 4083 2168 4138 Joannes

601 4178 954 4242 ascenderunt
982 4177 1037 4232 in
1085 4175 1330 4247 templum
1369 4177 1437 4230 ad
1469 4175 1651 4230 horam
1682 4175 1933 4230 orationis
1980 4190 2170 4228 nonam

2230 520 2319 583 tis,
2349 529 2402 574 et
2435 519 2596 573 verbo
2631 519 2722 572 Dei
2751 516 2836 572 vel
2866 516 3182 570 lectionibus
3235 513 3429 568 divinis
3477 521 3627 581 terga
3658 527 3777 564 con-

2229 608 2458 662 vertitis.
2489 607 2687 662 Vereor
2721 621 2787 660 ne
2815 614 2871 659 et
2900 604 3051 658 vobis
3075 604 3286 658 dicatur
3311 617 3340 656 a
3365 601 3591 656 Domino
3615 619 3628 653 :
3653 597 3781 653 Con-

2228 709 2491 755 uerterunt
2538 699 2606 752 ad
2661 715 2741 752 me
2793 698 2972 762 dorsa,
2999 706 3046 750 et
3091 712 3192 751 non
3222 694 3383 764 [acies
3433 709 3558 747 suas
3646 690 3779 752 (λετ.

2230 789 2350 861 xu).
2386 809 2406 841 ι
2440 789 2504 842 Et
2525 797 2644 859 post
2685 787 2860 857 aliqua
2894 787 2946 840 in
2997 787 3222 840 eadem:
3260 803 3278 836 ι
3306 784 3475 839 Dicite
3507 783 3658 845 mihi,
3696 798 3784 835 vos

2229 880 2321 949 qui
2352 879 2718 932 tantummodo
2766 877 2916 932 festis
2945 877 3132 931 diebus
3175 876 3242 930 ad
3285 873 3567 929 ecclesiam
3598 887 3785 926 conve-

2231 970 2394 1024 nitis:
2427 970 2606 1024 caeteri
2632 968 2747 1024 dies
2775 983 2880 1022 non
2909 977 3031 1023 sunt
3066 967 3185 1021 festi
3208 968 3232 1020 ?
3259 966 3374 1020 Non
3405 975 3528 1020 sunt
3554 965 3669 1037 dies
3693 964 3786 1018 Do-

2232 1060 2406 1114 mini?
2435 1058 2736 1114 Jndteorum
2767 1067 2851 1112 est
2876 1057 2992 1112 dies
3043 1066 3221 1112 certos
3248 1063 3302 1111 et
3329 1070 3482 1110 raros
3501 1055 3785 1108 observare

2229 1151 2576 1215 solemnes,et
2604 1150 2724 1203 ideo
2749 1148 2816 1202 ad
2856 1163 2949 1202 eos
2995 1147 3124 1202 dicit
3183 1145 3483 1202 Dominus:
3518 1142 3655 1208 Quia
3683 1159 3793 1196 neo-

2232 1241 2428 1294 menias
2457 1248 2673 1302 vestras,
2708 1246 2754 1291 et
2773 1235 3010 1300 sabbata,
3037 1246 3084 1289 et
3106 1235 3240 1289 diem
3272 1251 3516 1304 magnum
3551 1250 3652 1286 non
3673 1236 3792 1285 sus;

2233 1332 2391 1386 tineo.
2451 1327 2743 1399 Jejunium,
2770 1335 2817 1380 et
2853 1326 3034 1395 ferias,
3073 1335 3117 1379 et
3145 1324 3254 1378 dies
3297 1323 3453 1392 festos
3477 1332 3669 1376 vestros
3691 1322 3794 1374 odit

2236 1423 2414 1477 anima
2464 1438 2576 1475 mea
2638 1418 2770 1492 (Isa.
2821 1435 2860 1482 t,
2919 1417 3026 1489 l5).
3073 1416 3198 1472 Odit
3247 1431 3374 1485 ergo
3406 1415 3543 1469 Deus
3581 1429 3674 1468 eos
3711 1414 3798 1484 qui

2239 1529 2345 1568 una
2386 1513 2472 1567 die
2521 1519 2710 1582 putant
2739 1525 2858 1565 esse
2914 1509 3113 1565 festum
3170 1507 3428 1564 Domini?
3465 1527 3482 1559 ι
3515 1506 3648 1573 Quia
3675 1521 3800 1576 ergo

2237 1602 2534 1658 Christiani
2560 1603 2732 1656 instar
2759 1600 2938 1669 templi
2975 1598 3434 1672 Jerosolymitani,
3466 1599 3557 1653 ubi
3589 1597 3803 1668 sanguis

2239 1697 2526 1758 brutorum
2559 1693 2872 1748 animalium
2918 1692 3309 1761 effundebatur,
3341 1691 3590 1746 basilicas
3633 1690 3687 1744 in
3712 1691 3807 1745 bo-

2168 1781 2214 1839 B
2243 1803 2375 1842 nore
2407 1795 2462 1840 et
2513 1801 2698 1840 amore
2759 1785 2852 1838 Dei
2898 1792 3236 1848 construunt,
3268 1783 3360 1837 ubi
3401 1797 3504 1837 non
3541 1781 3654 1850 jam
3685 1797 3810 1836 san-

2243 1878 2362 1947 guis
2415 1885 2688 1930 taurorum
2740 1872 3052 1937 eﬁunditur,
3103 1872 3209 1929 sed
3248 1889 3442 1944 corpus
3488 1882 3544 1927 et
3587 1872 3806 1941 sanguis

2239 1966 2441 2022 Christi
2479 1965 2779 2028 coniicitur,
2808 1972 2864 2019 et
2891 1979 2922 2018 a
2951 1963 3196 2019 ﬁdelibus
3217 1963 3550 2035 percipitur;
3589 1972 3646 2017 et
3669 1961 3811 2017 Deus

2244 2067 2350 2113 tam
2382 2057 2718 2112 evidentibus
2743 2055 2976 2111 oraculis
3004 2056 3126 2112 loca
3167 2056 3372 2111 nomini
3396 2071 3493 2110 suo
3523 2055 3700 2109 dicata
3733 2054 3812 2108 in—

2243 2151 2715 2222 habitare,ibique
2738 2149 3037 2220 supplicum
3060 2164 3249 2221 preces
3282 2164 3341 2204 se
3372 2149 3628 2204 exaudire
3652 2147 3808 2218 polli-

2243 2243 2354 2296 ceri
2382 2241 2672 2312 dignatur;
2706 2249 2762 2295 et
2800 2239 3083 2310 pontiﬁces
3131 2240 3230 2295 sub
3276 2248 3423 2294 tanta
3472 2238 3816 2293 invocatione

2245 2347 2339 2388 eas
2371 2332 2482 2386 Deo
2538 2332 2802 2396 dedicant,
2867 2340 2927 2386 ut
2972 2346 3160 2387 omnes
3181 2332 3275 2401 qui
3307 2330 3432 2385 illuc
3469 2329 3814 2400 deprecaturi

2247 2423 2592 2485 conveniunt,
2645 2423 2713 2477 de
2735 2436 3054 2492 quacunque
3087 2421 3430 2482 tribulatione
3450 2421 3518 2476 ad
3547 2435 3673 2474 eum
3711 2419 3822 2474 cla-

2249 2512 2539 2577 maverint,
2581 2511 2966 2569 consolationis
3017 2512 3134 2583 ejus
3182 2511 3444 2567 beneﬁcia
3487 2521 3825 2580 consequan-

2251 2611 2340 2658 tur
2367 2620 2380 2656 :
2413 2604 2624 2673 oportet
2660 2610 2720 2656 ut
2750 2602 2957 2669 ﬁdeles,
3005 2611 3212 2660 remoto
3239 2601 3572 2674 negligentire
3612 2610 3826 2670 tepore,

2251 2691 2624 2772 hujuscemodi
2651 2692 2769 2747 loca
2795 2691 2862 2747 ad
2890 2692 3054 2747 Deum
3082 2693 3432 2754 exorandum.
3460 2692 3674 2762 sibique
3696 2707 3828 2763 pro-

2250 2785 2443 2857 pitium
2479 2781 2806 2848 faciendum,
2838 2783 3151 2853 frequenter
3183 2799 3245 2838 ac
3270 2784 3461 2839 devote
3498 2786 3720 2850 adeant,
3749 2784 3833 2839 di-

2254 2889 2496 2946 gnosque
2524 2889 2582 2929 se
2606 2874 2913 2944 aspectibus
2942 2873 3274 2945 angelorum,
3314 2889 3543 2943 quorum
3593 2888 3832 2930 conven-

2255 2975 2344 3020 tus
2368 2965 2442 3020 ibi
2469 2965 2691 3020 minime
2712 2964 2901 3018 adesse
2930 2964 3227 3030 dubitatur,
3256 2963 3566 3024 exhibeant.

2329 3055 2480 3124 Quod
2499 3055 2545 3110 si
2576 3055 2740 3111 etiam
2792 3064 3150 3110 memoratum
3190 3054 3468 3124 templum,
3499 3054 3552 3108 in
3577 3069 3690 3124 quo
3741 3069 3837 3124 pe-

2257 3151 2422 3207 cudes
2465 3150 2860 3212 mactabantur,
2913 3133 3076 3203 tanta:
3122 3149 3456 3204 venerationi
3507 3149 3839 3214 habebatur,

2258 3251 2318 3296 ut
2357 3242 2425 3296 ad
2475 3240 2603 3296 illud
2649 3254 2757 3294 non
2788 3239 2962 3294 solum
2993 3236 3160 3294 Judaei
3198 3239 3391 3294 divina:
3422 3239 3552 3311 legis
3582 3239 3841 3299 notitiam

2260 3332 2542 3394 habentes,
2587 3343 2775 3385 verum
2823 3329 2984 3383 etiam
3034 3328 3281 3383 nationes
3308 3343 3338 3382 a
3369 3337 3695 3383 testamento
3746 3326 3844 3381 Dei

2262 3419 2418 3492 longe
2448 3427 2668 3474 remotae
2694 3419 2883 3472 orandi
2912 3419 3085 3489 gratia
3113 3427 3523 3484 concurrerent,
3570 3418 3717 3473 sicut
3746 3419 3845 3473 ha-

2262 3512 2418 3567 betur
2446 3512 2501 3566 in
2526 3510 2746 3566 Actibus
2772 3510 3133 3580 apostolorum
3165 3510 3228 3564 de
3247 3510 3364 3565 viro
3390 3509 3646 3579 Ethiope
3668 3524 3847 3564 eunu-

2263 3607 2386 3669 cho,
2415 3604 2506 3674 qui
2531 3613 2752 3658 venerat
2805 3602 3030 3656 adorare
3055 3601 3108 3655 in
3141 3599 3464 3667 Jerusalem,
3518 3609 3854 3656 etreverte-

2263 3696 2444 3758 batur,
2486 3693 2858 3764 etaPhilippo
2900 3693 3285 3759 catechizatus,
3341 3701 3395 3748 et
3421 3693 3735 3762 baptizatus
3765 3699 3854 3746 est

2266 3787 2405 3861 (Act.
2433 3802 2550 3852 vm,
2589 3785 2680 3854 26)
2707 3805 2720 3839 :
2751 3794 2952 3856 quanto
2995 3787 3167 3857 magis
3222 3785 3416 3854 templa
3463 3785 3692 3851 Christi,
3756 3786 3852 3840 ubi

2265 3879 2383 3948 ejus
2411 3893 2538 3931 caro
2571 3884 2625 3930 et
2648 3876 2868 3944 sanguis
2895 3875 3221 3942 immolatur,
3261 3891 3291 3930 a
3323 3874 3570 3930 ﬁdelibus
3602 3884 3739 3930 sunt
3767 3891 3859 3930 re»

2271 3966 2474 4037 ligiosis
2526 3964 2801 4034 obsequiis
2849 3967 3170 4028 veneranda,
3224 3973 3279 4018 et
3313 3964 3545 4019 assiduis
3581 3966 3861 4035 precibus

2269 4054 2702 4110 inexcusabiliter
2726 4053 3128 4123 frequentanda.
3164 4052 3278 4110 Non
3304 4054 3467 4123 igitur
3490 4055 3630 4109 sicut
3660 4069 3728 4108 se
3761 4054 3864 4108 ha-

2268 4144 2361 4232 bet
2387 4146 2744 4216 quorumdam
2795 4144 3232 4214 reprehendenda
3262 4153 3317 4200 ct
3342 4145 3683 4199 emendanda
3714 4160 3865 4199 con-

598 4235 734 4340 ίμει
760 4308 800 4334 ⁸,
825 4284 908 4333 ιη,
939 4266 1016 4340 ί).
1068 4235 1326 4340 Origenes
1363 4280 1574 4335 quoque
1623 4267 1676 4319 in
1731 4266 1948 4321 homma
1975 4265 2041 4319 dc
2069 4263 2173 4320 Re_
2271 4238 2516 4300 suetudo,
2548 4244 2780 4340 propter
2806 4235 3056 4340 aediculas
3087 4251 3222 4340 quas
3241 4235 3341 4290 sibi
3378 4237 3445 4340 ad
3471 4245 3656 4336 votum
3687 4250 3867 4290 suum

611 4362 775 4415 hccca
805 4369 832 4399 α
863 4377 876 4412 :
912 4376 932 4410 ι
988 4357 1214 4422 Vereor,
1271 4356 1464 4424 inquit,
1498 4372 1566 4412 ne

611 4449 869 4506 Ecclesite
899 4448 1075 4502 adhuc
1100 4448 1153 4502 in
1185 4447 1404 4502 tristitia
1426 4455 1481 4500 et
1509 4447 1730 4516 gemitu,
1761 4462 1882 4501 cum
1912 4461 2017 4500 non
2045 4461 2174 4500 con—
2199 4481 2250 4540 1)

611 4540 810 4596 venitis
836 4541 904 4595 ad
927 4539 1248 4594 audiendum
1279 4539 1500 4594 verbum
1526 4537 1642 4602 Dei,
1675 4547 1729 4592 et
1773 4538 1858 4591 vix
1890 4536 2040 4592 festis
2065 4537 2171 4592 die-

613 4623 716 4690 bu's
744 4633 812 4688 ad
849 4631 1130 4688 ecclesiam
1167 4631 1498 4702 proceditis;
1535 4629 1718 4684 ethoc
1763 4645 1868 4684 non
1895 4637 2002 4682 tam
2027 4628 2169 4683 desi-

615 4725 768 4781 derio
815 4725 966 4781 verbi
1001 4739 1178 4800 .quam
1229 4723 1406 4791 studio
1455 4722 1828 4782 solemnitatis,
1853 4729 1910 4776 et
1945 4721 2173 4792 publica:

614 4815 1009 4887 quodammodo
1055 4813 1385 4872 remissionis
1423 4813 1662 4868 obtentu.
1724 4810 1860 4878 Quid
1891 4811 2053 4881 igitur
2074 4823 2173 4881 ego

613 4907 833 4972 faciam,
890 4905 975 4960 cui
1006 4905 1334 4976 dispensatio
1379 4903 1530 4959 verbi
1561 4902 1766 4958 credita
1799 4901 1923 4957 est?
1956 4900 2060 4958 Ubi
2089 4899 2175 4955 vel

615 4997 829 5070 quando
862 5004 1099 5050 vestrum
1147 5005 1354 5065 tempus
1401 4993 1713 5050 inveniam?
1761 4992 2057 5049 Plurimum
2102 5003 2177 5049 ex

617 5091 740 5156 hoc,
777 5089 885 5143 imo
920 5101 1056 5156 pene
1085 5095 1255 5141 totum
1302 5085 1586 5141 mundanis
1614 5081 2057 5154 occupationibus
2094 5091 2175 5138 te-

616 5184 774 5250 ritis;
806 5181 1008 5256 in,loro
1038 5180 1200 5246 aliud,
1229 5188 1284 5234 et
1321 5177 1463 5246 aliud
1491 5179 1544 5234 in
1581 5179 1941 5250 negotiatione
1983 5193 2177 5232 consu-

616 5277 766 5332 mitis
792 5292 807 5341 ;
840 5273 982 5328 aliud
1010 5272 1193 5328 litibus
1220 5279 1396 5336 vacat,
1420 5279 1473 5327 et
1501 5271 1566 5327 ad
1604 5272 1928 5327 audiendum
1953 5270 2176 5324 verbum

617 5365 709 5420 Dei
741 5380 914 5428 nemo,
946 5373 1037 5418 aut
1058 5363 1211 5434 pauci
1237 5361 1520 5418 admodum
1539 5372 1750 5420 vacant.
1782 5362 1889 5416 Sed
1917 5362 2043 5431 quid
2081 5377 2175 5417 vos

619 5455 685 5508 de
707 5455 1146 5525 occupationibus
1196 5454 1397 5525 culpo?
1425 5451 1568 5522 Quid
1609 5456 1674 5510 de
1700 5455 2011 5510 absentibus
2042 5469 2174 5507 con-

625 5546 868 5612 queror?
915 5544 1214 5602 Prmsentes
1254 5544 1422 5600 etiam
1466 5545 1520 5600 in
1578 5545 1802 5602 ecclesia
1850 5544 2012 5616 positi
2068 5559 2174 5600 non

683 5713 714 5744 ι
753 5695 986 5757 Hamilia
1020 5699 1084 5753 10
1113 5699 1164 5754 in
1189 5697 1323 5755 Gen.

1611 4356 1729 4411 suis
1765 4356 1925 4410 matri
1978 4363 2174 4409 νοείτω
2272 4335 2615 4392 construunt,
2645 4327 2825 4395 ibique
2852 4326 2961 4380 Deo
2993 4324 3318 4380 sacriﬁcium
3363 4323 3544 4379 ollerri
3582 4339 3762 4394 posse
3809 4332 3875 4379 et

2275 4421 2469 4474 debere
2492 4418 2842 4482 contendunt,
2876 4415 3071 4486 templa
3101 4431 3197 4485 per
3226 4415 3878 4470 sacerdotum-ministe-

2277 4510 2355 4564 ria
2391 4508 2590 4564 nemini
2627 4508 2806 4562 divino
2840 4507 3016 4561 dicata
3041 4505 3253 4574 penitus
3284 4513 3408 4559 sunt
3441 4502 3780 4574 negligenda
3805 4519 3881 4559 ac

2273 4600 2651 4672 relinquenda:
2681 4600 2980 4671 praesertim
2996 4614 3117 4654 cum
3142 4599 3400 4653 Dominus
3427 4598 3569 4652 dicat
3594 4599 3650 4651 in
3690 4598 3830 4669 lege
3861 4617 3878 4653 :

2274 4692 2355 4747 Ad
2391 4692 2562 4746 locant
2614 4708 2766 4764 quem
2818 4691 3037 4761 elegerit.
3070 4690 3325 4744 Dominus
3352 4690 3492 4744 Deus
3521 4688 3586 4743 de
3637 4693 3880 4746 cunctis

2274 4785 2510 4840 tribubus
2549 4784 2751 4848 vestris,
2780 4792 2836 4837 ut
2864 4793 3020 4852 ponat
3063 4798 3247 4836 nomen
3276 4798 3428 4835 suum
3475 4781 3567 4846 ibi,
3594 4789 3640 4833 et
3699 4781 3887 4836 habi-

2275 4885 2344 4930 tet
2370 4876 2425 4930 in
2452 4892 2534 4939 eo,
2559 4875 2771 4929 venietis
2809 4884 2858 4927 et
2896 4873 3122 4943 o/feretis
3159 4871 3250 4926 illo
3280 4871 3392 4926 loco
3435 4869 3767 4924 holocausta
3815 4889 3891 4924 ac

2274 4967 2510 5022 uictimas
2550 4977 2744 5021 vestras
2770 4966 2949 5037 (Deut.
2986 4979 3084 5029 χιι,
3109 4962 3192 5036 5).
3222 4963 3288 5018 Et
3312 4971 3431 5033 post
3459 4976 3629 5031 pauca
3666 4979 3683 5014 :
3728 4960 3897 5016 Cave

2275 5075 2339 5114 ne
2366 5059 2559 5129 offeras
2597 5057 2902 5112 holocausta
2935 5065 3026 5110 tua
3061 5056 3114 5109 in
3137 5054 3276 5108 omni
3301 5053 3410 5107 loco
3440 5067 3589 5123 quem
3615 5053 3850 5106 videris
3871 5071 3895 5120 ,°

2275 5150 2365 5204 sed
2402 5151 2457 5204 in
2500 5165 2558 5203 eo
2617 5163 2769 5218 quem
2816 5145 3023 5217 elegerit
3073 5145 3328 5199 Dominus
3369 5144 3423 5195 in
3457 5131 3581 5195 una"
3610 5141 3900 5197 tribuum

2277 5252 2486 5295 tuarum
2513 5239 2696 5309 offeres
2717 5239 2914 5292 hostias
2947 5237 3133 5309 (Ibid.,
3167 5237 3275 5306 13).
3305 5234 3370 5288 Et
3393 5234 3447 5287 in
3473 5232 3646 5287 sacris
3696 5249 3903 5290 cano-

2277 5331 2455 5393 nibus,
2481 5330 2534 5383 in
2570 5329 2796 5384 concilio
2831 5329 3040 5390 scilicet
3085 5325 3400 5381 Laodicensi
3438 5323 3907 5381 sicinstitutum

2279 5419 2430 5493 (Cap.
2457 5420 2543 5492 58)
2576 5438 2588 5474 :
2618 5420 2769 5487 Quod
2794 5437 2899 5476 non
2924 5427 3170 5489 oporteat
3192 5419 3243 5472 in
3268 5417 3513 5472 domibus
3539 5413 3911 5476 oblationes

2280 5513 2347 5568 ab
2367 5513 2632 5583 episcopis
2657 5522 2710 5568 ct
2738 5512 3068 5583 presbyteris
3101 5509 3237 5564 ﬁeri.
3367 5504 3372 5510 ”
