4064 6190
399 284 504 340 165

997 395 1220 450 CAPUT
1249 389 1358 448 XII.

846 485 918 540 De
941 489 1190 541 instantia
1213 486 1482 540 oratioms.

484 579 766 650 Rcligiosm
789 578 1058 632 devotioni
1089 577 1350 631 orationis
1384 592 1414 630 a
1453 574 1636 639 multis
1667 581 1728 628 ut
1756 580 1968 641 oporte-

395 680 502 732 ret,
543 679 597 724 et
646 677 701 723 ut
740 668 984 737 exempla
1031 676 1337 723 sanctorum
1363 667 1703 736 antiquorum
1745 664 1966 717 Patrum

398 763 620 822 docent,
649 775 754 812 non
787 759 1086 822 insistitnr;
1119 757 1472 826 quorumdam
1504 757 1666 810 etiam
1702 753 1964 808 orationis

395 851 629 905 intentio
659 861 996 904 terrenarum
1025 865 1203 903 rerum
1239 848 1402 912 curis,
1435 857 1488 902 et
1514 847 1716 901 illicitis
1757 846 1964 916 cogita-

395 942 638 995 tionibus
659 940 1036 995 miserabiliter
1065 939 1407 1008 prmpeditur.
1437 937 1588 1004 Quod
1620 952 1740 991 cum
1770 937 1842 989 ita
1871 935 1960 998 sit,

395 1041 605 1099 quanto
629 1031 680 1084 in
711 1031 956 1084 oratione
983 1028 1160 1100 acrius
1186 1027 1604 1082 adversitatibus
1627 1025 1810 1079 mundi
1841 1039 1964 1078 con-

393 1108 652 1183 cutimur,
685 1127 742 1174 et
769 1118 1153 1188 cogitationum
1194 1115 1487 1170 carnalium
1546 1114 1824 1185 graviores
1872 1121 1961 1165 tu-

395 1211 597 1265 multus
624 1211 875 1280 patimur,
910 1217 1057 1262 tanto
1109 1207 1388 1260 ardentius
1436 1205 1666 1259 orationi
1716 1214 1770 1258 et
1794 1204 1961 1257 vehe—

394 1301 634 1355 mentius
665 1301 916 1354 insistere
948 1297 1222 1351 debemus.
1252 1295 1508 1350 Instantis
1529 1293 1724 1364 quippe
1758 1293 1962 1347 oratio-

393 1392 477 1444 nis
506 1390 766 1444 auxilium
793 1388 948 1444 nobis
980 1386 1168 1440 tribuit
1211 1386 1265 1439 in
1295 1371 1559 1448 adversis,
1585 1383 1836 1454 quoniam
1868 1383 1959 1438 ubi

391 1497 500 1534 non
538 1478 734 1535 suﬂicit
784 1480 1104 1541 humanum,
1165 1490 1383 1531 necesse
1428 1483 1601 1530 estut
1645 1474 1962 1544 imploretur

387 1570 732 1624 orationibus
758 1568 995 1624 divinum
1027 1566 1306 1622 auxilium.
1756 1622 1767 1633 ,

461 1662 738 1728 Quantum
761 1667 940 1714 autem
970 1658 1202 1713 orationi
1230 1656 1582 1712 insistendum
1611 1654 1684 1710 sit
1730 1669 1957 1724 sequeno

1392 278 1479 335 ne
1515 271 1993 334 INSTITUTIONE
2031 272 2314 328 LAICALI.
2345 303 2414 314 -
2441 252 2564 328 Lllt.
2607 270 2650 328 ι.

1994 388 2040 447 Α
2069 385 2152 441 lus
2179 401 2392 456 semper
2432 402 2590 442 orare
2629 404 2724 441 nos
2751 383 2946 453 jubeat,
2998 398 3052 441 et
3081 390 3281 444 sanctis
3308 391 3466 446 etiam
3511 392 3628 462 ipse

3523 280 3629 334 N6

2066 491 2284 531 somnus
2310 478 2482 531 oratio
2512 478 2602 541 sit,
2631 487 2808 530 tamen
2855 477 3052 532 divisas
3097 480 3284 533 orandi
3338 481 3500 535 horas
3530 482 3625 535 ha-

2064 565 2193 621 bere
2221 567 2516 633 debemus;
2557 577 2616 621 ut
2638 567 2683 621 si
2729 567 2866 623 forte
2919 569 3099 638 aliquo
3151 568 3413 626 fuerimus
3459 587 3625 642 opere

2064 656 2290 722 detenti,
2321 658 2494 725 ipsum
2538 674 2634 712 nos
2672 658 2737 710 ad
2764 655 2996 712 cilicium
3049 668 3258 727 tempus
3287 661 3574 715 admoneat
3603 679 3617 714 :

2066 747 2252 802 horam
2301 748 2535 811 tertiam,
2568 756 2796 809 sextam,
2824 763 3042 812 nonam,
3089 748 3380 802 diluculum
3408 764 3624 818 quoque

2063 846 2119 890 et
2156 851 2455 904 vesperam,
2490 853 2648 891 nemo
2681 845 2765 890 est
2788 837 2879 904 qui
2905 837 3128 891 nesciat.
3160 837 3272 891 Nec
3319 838 3471 893 cibus
3500 847 3627 892 ante

2065 923 2309 982 sumatur
2342 929 2445 982 nisi
2483 929 2725 983 oratione
2770 920 3085 998 prannisSa;
3136 944 3233 992 nec
3284 930 3566 984 recedatur
3589 945 3618 981 a

2065 1033 2249 1072 mensa
2295 1017 2400 1073 nisi
2431 1018 2754 1074 referantur
2793 1005 2978 1090 gratim
3003 1019 3266 1074 Creatori.
3321 1018 3626 1091 (Noctibus)

2064 1109 2145 1164 bis
2199 1118 2384 1179 terque
2425 1110 2748 1178 surgendum
2791 1127 2804 1162 :

2063 1216 2181 1269 qum
2204 1201 2513 1255 memoriter
2539 1213 2800 1254 tenemus.
2838 1220 2856 1252 ι
2895 1201 3022 1264 Item
3052 1200 3285 1256 Isidcrus
3309 1202 3336 1241 δ
3370 1219 3384 1254 :
3418 1220 3438 1252 ι
3474 1201 3628 1256 Sicut

2062 1291 2206 1345 enim
2231 1291 2384 1344 militi
2415 1302 2434 1329 ε
2461 1292 2577 1346 sine
2621 1291 2785 1346 armis
2810 1290 2875 1344 ad
2924 1290 3120 1346 bellum
3158 1293 3307 1346 exire
3339 1307 3446 1346 non
3489 1307 3623 1346 cou-

2060 1383 2230 1447 venit,
2257 1385 2329 1437 ita
2371 1383 2517 1438 onmi
2545 1382 2852 1437 Christiano
2893 1384 3185 1450 procedere
3223 1383 3465 1452 quolibet
3507 1383 3628 1437 sine

2061 1473 2305 1527 oratione
2349 1489 2456 1527 non
2499 1473 2733 1542 expedit.
2779 1470 2889 1524 lloc
2928 1480 3013 1527 est
3065 1473 3359 1527 remedium
3387 1471 3504 1541 ejus
3533 1473 3628 1541 qui

2059 1565 2315 1621 vitiorum
2347 1567 2784 1636 temperamentis
2821 1559 3195 1631 exzestuat,'ut
3229 1567 3442 1638 quoties
3481 1581 3622 1636 quo-

2060 1654 2191 1710 libet
2213 1655 2567 1725 impugnatur
2594 1656 2742 1721 vitio,
2770 1659 2929 1712 toties
2954 1657 3010 1711 in
3039 1657 3284 1712 oratione
3328 1657 3624 1723 subdatur;

2862 1110 3179 1166 revolvenda
3215 1112 3281 1165 de
3327 1111 3625 1180 Scripturis

387 1755 462 1806 tia
502 1753 721 1806 docent.
754 1750 843 1804 Ait
880 1750 1024 1804 enim
1081 1747 1402 1802 Psalmista:
1436 1746 1456 1818 [
1484 1745 1685 1800 Memor
1711 1745 1789 1815 fui
1811 1754 1958 1799 nocte
1984 1734 2033 1794 Β
2061 1751 2078 1765 “
2108 1747 2230 1815 quia
2291 1745 2545 1815 frequens
2596 1747 2774 1802 oratio
2845 1748 3102 1801 vitiorum
3165 1747 3627 1817 impugnationem

389 1843 619 1896 nominis
648 1842 748 1905 tui,
781 1839 1001 1894 Domine
1029 1836 1201 1909 (Psal.
1245 1852 1435 1901 cxvm,
1475 1836 1587 1905 55).
1632 1835 1807 1890 Item:
1839 1835 1956 1890 Me-

384 1935 479 1986 dia
511 1942 657 1985 nocte
685 1929 958 2000 surgebam
988 1928 1057 1982 ad
1115 1926 1465 1996 conﬁtendum
1497 1925 1589 1978 tibi
1633 1923 1796 1996 (Ibid.
1843 1921 1950 1995 62).

386 2025 524 2079 Item
559 2041 574 2076 :
611 2022 678 2076 In
706 2022 941 2076 noctibus
965 2019 1193 2075 extollite
1221 2034 1408 2072 manus
1436 2027 1635 2072 vestras
1668 2017 1723 2069 in
1753 2025 1954 2080 sancta,

382 2127 434 2170 et
476 2114 758 2168 benedicite
800 2112 1082 2166 Dominum
1136 2109 1307 2183 (Psal.
1354 2106 1684 2178 cxxxtn,2).
1724 2106 1856 2161 Item
1882 2105 1948 2178 ε]

387 2201 600 2257 Lavabo
623 2218 714 2271 per
753 2200 986 2271 singulas
1018 2208 1190 2253 noctes
1237 2197 1426 2252 lectum
1467 2213 1640 2251 meum
1667 2210 1686 2248 :
1711 2195 1959 2267 laerymis

369 2295 516 2355 meis
569 2302 792 2346 stratum
837 2307 1008 2345 meum
1053 2289 1230 2360 rigabo
1278 2286 1450 2358 (Psal.
1480 2285 1656 2360 vr,7).
1702 2287 1960 2365 Existunt

383 2394 440 2440 et
466 2383 574 2437 alia
601 2383 840 2454 ejusdem
861 2379 1261 2452 psalmographi
1291 2380 1359 2435 de
1385 2377 1647 2434 orationis
1692 2377 1958 2449 usuvjugi-

385 2483 478 2531 ter
509 2474 756 2529 habendo
780 2472 934 2543 plura
975 2471 1334 2534 documenta;
1368 2483 1488 2538 quae
1525 2467 1614 2523 hic
1632 2467 1959 2537 prolixitatis

383 2581 555 2620 causa
605 2580 710 2618 non
751 2571 1044 2632 ponuntur.
1106 2559 1284 2614 Habes
1317 2566 1373 2614 et
1419 2557 1474 2612 in
1512 2556 1650 2612 libro
1691 2555 1960 2611 Ecclesia-

384 2657 564 2711 stico:
596 2653 678 2708 Ne
700 2651 1022 2722 impediaris,
1048 2650 1240 2719 inquit,
1277 2664 1428 2702 orare
1445 2663 1644 2717 semper
1668 2660 1686 2697 :
1713 2655 1760 2701 et
1784 2663 1848 2700 ne
1869 2663 1955 2700 ve-

311 2767 314 2771 λ
386 2744 558 2798 rearis
585 2759 745 2813 usque
788 2741 857 2796 ad
889 2749 1102 2795 mortem
1131 2736 1420 2808 justi/icari
1445 2750 1464 2787 :
1492 2736 1614 2807 quia
1640 2752 1833 2789 merces
1857 2734 1958 2789 Do-

384 2834 521 2886 mini
557 2840 732 2886 manet
762 2831 818 2884 in
850 2838 1098 2884 retentum
1131 2825 1320 2898 (Eccli.
1343 2841 1498 2892 xvm,
1521 2824 1634 2897 22).
1677 2826 1810 2878 Ante
1838 2841 1960 2878 ora-

385 2926 583 2978 tionem
639 2939 880 2992 praepara
920 2921 1150 2974 animam
1195 2928 1358 2981 tuam,
1411 2926 1460 2970 et
1504 2916 1610 2970 noli
1653 2932 1762 2970 esse
1801 2916 1954 2988 quasi

383 3017 543 3070 homo
575 3017 663 3086 qui
688 3003 850 3068 tentat
874 3011 1042 3067 Deum
1096 3009 1258 3082 (Ibid.
1300 3007 1413 3079 25).
1453 3007 1556 3074 Qui
1573 3017 1841 3062 conservat
1881 3006 1957 3061 le-

2061 1839 2370 1908 exstinguit.
2423 1836 2555 1890 Tam
2594 1844 3017 1907 perseveranter
3078 1838 3358 1892 intendere
3414 1846 3629 1907 oportet

2061 1927 2298 1980 animum
2325 1938 2569 1981 nostrum
2603 1928 2805 1981 orando
2833 1937 2994 1996 atque
3037 1926 3318 1996 pulsando,
3349 1941 3627 1997 quousque

2061 2016 2395 2086 importunus
2446 2015 2837 2071 desideriorum
2882 2016 3180 2070 carnalium
3231 2017 3624 2088 suggestiones,

2061 2120 2182 2174 qua:
2212 2105 2418 2160 nostris
2467 2105 2763 2176 subrepunt
2803 2106 3072 2170 sensibus,
3117 2105 3406 2161 fortissima
3452 2106 3626 2161 inten-

2062 2194 2206 2248 tione
2232 2209 2548 2264 superemus
2576 2213 2589 2248 :
2618 2211 2684 2251 ac
2719 2196 2901 2250 tandiu
2937 2197 3208 2262 insistere,
3260 2198 3496 2268 quandiu
3523 2213 3620 2252 ex-

2060 2285 2332 2356 surgende
2351 2287 2647 2342 vincamus.
2687 2307 2706 2340 ›
2736 2288 2803 2342 Et
2829 2288 2988 2358 paulo
3022 2297 3142 2358 post
3173 2307 3186 2342 :
3243 2307 3264 2341 ι
3300 2287 3485 2346 Oratio
3504 2305 3624 2346 cor-

2061 2377 2144 2432 dis
2188 2385 2292 2442 est,
2341 2393 2449 2433 non
2490 2377 2786 2444 Iabiorum;
2817 2394 2990 2450 neque
3038 2382 3182 2436 enim
3216 2383 3380 2438 verba
3431 2383 3625 2454 depre-

2060 2469 2232 2523 cantis
2260 2469 2401 2524 Deus
2426 2469 2673 2535 intendit,
2726 2469 2822 2526 sed
2849 2473 3058 2527 orantis
3093 2488 3188 2528 cor
3227 2474 3438 2544 aspicit.
3472 2473 3627 2542 Quod
3659 2458 3667 2468 ’

2060 2558 2108 2612 si
2145 2559 2308 2614 tacite
2345 2575 2438 2614 cor
2463 2571 2600 2626 oret,
2632 2569 2689 2616 et
2717 2576 2818 2616 vox
2844 2562 3022 2629 sileat,
3057 2565 3302 2633 quamvis
3352 2554 3629 2620 hominem

2060 2647 2245 2714 lateat,
2279 2649 2477 2704 .Deum
2531 2649 2699 2706 latere
2750 2667 2856 2706 non
2902 2663 3101 2722 potest,
3141 2655 3251 2724 -qui
3281 2655 3634 2712 conscientia:

2058 2740 2297 2809 prtesens
2345 2748 2446 2795 est.
2501 2741 2690 2798 Melius
2734 2752 2816 2798 est
2839 2759 2961 2798 cum
3022 2745 3236 2801 silentio
3263 2762 3425 2802 orare
3461 2750 3633 2803 corde

2057 2829 2176 2884 sine
2222 2845 2356 2884 sono
2402 2830 2571 2895 vocis,
2628 2847 2792 2901 quam
2839 2833 2968 2888 solis
3022 2834 3218 2900 verbis,
3275 2836 3394 2892 sine
3423 2837 3621 2892 intuitu

2059 2921 2276 2975 mentis.
2316 2921 2600 2992 Nunquam
2637 2931 2721 2978 est
2770 2924 2886 2980 sine
2933 2926 3136 2997 gemitu
3185 2928 3474 2995 orandum,
3500 2945 3625 2984 nam

2057 3019 2404 3081 peccatorum
2475 3015 2786 3071 recordatio
2860 3031 3150 3072 maerorem
3209 3019 3380 3090 gignit
3423 3035 3441 3086 ;
3477 3021 3630 3077 ldum

391 3123 532 3177 gem,
565 3103 874 3175 multiplicat
904 3100 1215 3156 orationem.
1256 3099 1616 3154 Precationem
1654 3097 1765 3153 (tesi
1779 3112 1959 3179 ‘exau-
1986 3091 2032 3153 C
2061 3105 2206 3158 enim
2249 3121 2484 3171 oramus,
2537 3107 2605 3162 ad
2652 3109 2969 3164 memoriam
3024 3109 3236 3179 culpam
3297 3112 3626 3178 reducimus,

391 3170 501 3251 iﬁet
522 3170 938 3259 DominusUbid.
960 3207 1120 3256 xxxv,
1143 3191 1162 3243 I
1183 3199 1230 3244 et
1251 3191 1360 3259 I6).
1381 3187 1568 3243 Oratio
1592 3203 1710 3241 cum
1731 3170 1952 3240 Intimili—

393 3298 505 3342 tate
526 3302 682 3351 super
704 3285 862 3339 nubes
888 3282 1176 3353 penetrabit
1199 3279 1360 3346 (Ibid.
1390 3280 1504 3344 2|),
1527 3279 1790 3333 Dominus
1811 3292 1946 3346 quo-
1973 3307 1983 3315 υ

394 3397 502 3450 que
545 3381 599 3433 in
635 3375 925 3452 Evangelia
954 3376 1070 3430 ait:
1114 3372 1323 3444 Oportet
1341 3388 1540 3439 semper
1567 3385 1733 3424 orare
1760 3377 1808 3421 et
1847 3383 1952 3421 non

394 3473 614 3536 deﬁcere
636 3470 786 3530 (Luc.
818 3484 969 3530 xvut,
989 3466 1064 3535 l).
1084 3465 1147 3520 Et
1167 3465 1295 3519 alibi
1323 3482 1337 3518 :
1361 3463 1530 3519 Petite
1549 3472 1596 3518 et
1621 3463 1833 3516 dabitur
1864 3477 1955 3514 vo-

397 3562 496 3623 bis,
542 3563 757 3625 quaerite
788 3569 836 3614 et
869 3560 1158 3614 invenietis.
1211 3556 1423 3612 Pulsate
1459 3564 1509 3610 et
1552 3555 1818 3625 aperietur
1858 3567 1952 3606 vo-

390 3657 491 3710 bis.
529 3654 712 3709 Omnis
738 3653 873 3708 enim
893 3653 982 3725 qui
1011 3653 1135 3723 petit
1181 3636 1409 3721 accipit
1432 3658 1481 3705 et
1518 3650 1606 3722 qui
1643 3649 1832 3720 quwrit
1874 3649 1958 3703 in-

393 3745 531 3799 uenit
557 3760 574 3797 :
603 3752 651 3797 et
691 3741 921 3816 pulsanti
979 3740 1240 3811 aperietur
1278 3738 1492 3810 (Matth.
1521 3754 1618 3803 vn,
1661 3736 1736 3808 7).
1782 3736 1955 3794 Item:

407 3835 630 3906 i'igjlate
679 3819 853 3905 itaque
877 3832 1018 3887 omni
1074 3842 1301 3902 tempore
1322 3848 1342 3896 ;
1379 3840 1438 3884 ut
1476 3829 1623 3901 digni
1663 3829 1959 3884 habeamini

389 3931 620 3999 effugere
641 3929 740 3982 ista
778 3927 953 3981 omnia
979 3943 1095 3998 quae
1133 3926 1312 3994 futura
1345 3933 1486 3990 sunt,
1516 3933 1565 3977 et
1614 3932 1788 3977 astare
1837 3931 1959 3976 ante

388 4019 561 4089 ﬁlium
579 4017 802 4072 hominis
839 4015 990 4098 (Luc;
1023 4030 1138 4079 ut,
1167 4013 1370 4084 36)..Et
1388 4012 1675 4082 Apostolus
1699 4029 1714 4065 :
1743 4009 1956 4080 Semper

389 4109 616 4178 gaudete
643 4121 662 4160 :
705 4107 815 4161 sine
859 4105 1238 4160 intermissione
1264 4112 1408 4156 orate
1434 4114 1454 4152 :
1484 4102 1538 4154 in
1565 4099 1804 4155 omnibus
1834 4115 1958 4169 gra-

389 4201 492 4253 tias
519 4199 656 4268 agite
697 4197 746 4268 (I
777 4195 927 4250 Thes.
952 4210 1004 4260 v,
1035 4194 1142 4265 16).
1171 4195 1304 4248 Item
1352 4193 1492 4246 idem
1527 4208 1539 4244 :
1591 4190 1830 4245 Orationi
1877 4189 1960 4242 in.

391 4302 545 4356 state,
586 4289 852 4360 vigilantes
906 4288 962 4341 in
1005 4304 1066 4340 ea
1095 4285 1318 4357 (Coloss.
1369 4300 1445 4349 tv,
1474 4281 1552 4353 2).
1598 4282 1729 4337 Item
1761 4283 1952 4338 idem:

387 4380 652 4434 Dominus
677 4381 729 4432 in
755 4379 992 4446 proximo
1021 4385 1096 4430 est
1123 4389 1141 4427 :
1176 4374 1307 4428 nihil
1347 4373 1564 4427 solliciti
1605 4373 1718 4427 sitis
1742 4387 1760 4424 :
1784 4373 1879 4430 sed
1901 4374 1955 4426 in

387 4471 536 4525 omni
559 4470 794 4524 oratione
833 4478 880 4522 ct
903 4467 1256 4521 obsecratione
1287 4482 1404 4519 cum
1435 4465 1725 4535 gratiarum
1753 4465 1956 4520 actione

389 4563 663 4632 petitiones
719 4570 898 4615 vestra:
949 4560 1271 4612 innotescunt
1317 4556 1457 4628 apud
1503 4556 1672 4610 Deum
1731 4555 1955 4628 (Philip.

390 4667 465 4715 tv,
499 4651 576 4719 6).
611 4650 675 4704 Et
703 4649 895 4704 Petrus
926 4666 939 4701 :
972 4647 1173 4713 Estote,
1217 4647 1410 4718 inquit,
1440 4648 1718 4718 prudentes
1746 4655 1795 4700 et
1836 4637 1958 4716 uigi-

386 4744 497 4796 Inte
526 4744 580 4796 in
607 4741 927 4796 orationibus
975 4739 1024 4810 (I
1062 4737 1209 4794 Petr.
1241 4756 1314 4805 tv,
1344 4741 1422 4810 7).
1462 4738 1702 4794 Isidorus
1745 4738 1796 4792 in
1819 4738 1958 4794 libro

396 4831 849 4886 Sententiarum:
894 4847 913 4880 ι
957 4829 1304 4886 Orationibus
1325 4829 1666 4890 mundamur,
1714 4827 1958 4883 lectioni-

387 4923 493 4976 bus
522 4921 877 4986 instruimur;
910 4921 1444 4990 utrumquebonum
1481 4927 1565 4975 est
1603 4918 1648 4974 si
1686 4919 1882 4986 liceat;
1911 4918 1959 4973 si

389 5029 501 5065 non
529 5010 710 5075 liceat,
741 5011 934 5066 melius
959 5020 1044 5066 est
1072 5025 1233 5064 orare
1294 5025 1456 5081 quam
1500 5008 1677 5080 legere
1703 5025 1718 5073 ;
1748 5009 1872 5078 quia
1903 5009 1959 5064 in

391 5102 714 5157 lectionibus
741 5102 1082 5174 agnoscimus
1106 5102 1235 5170 quid
1284 5101 1462 5157 facere
1484 5101 1795 5165 debeamus,
1822 5109 1878 5156 et
1903 5103 1964 5160 in

389 5191 728 5245 orationibus
770 5189 957 5244 eadem
1022 5189 1314 5258 accipimus
1366 5204 1485 5258 qua:
1525 5188 1880 5258 postulamus.
1932 5208 1957 5243 ι

391 5282 754 5352 Hieronymus
772 5283 839 5335 ad
862 5282 1210 5337 Eustochium
1233 5293 1256 5322 α
1287 5295 1302 5334 :
1343 5299 1363 5333 ι
1395 5280 1712 5350 Quanquam
1732 5283 1960 5353 Aposto-

468 5468 496 5494 ιι
537 5456 704 5525 Epist.
727 5457 817 5511 22.

470 5526 500 5564 δ
537 5525 723 5598 Isidor.
754 5528 907 5583 Sent.
947 5529 1039 5582 lib.
1068 5545 1126 5582 ιιι
1147 5568 1160 5592 ,
1191 5543 1308 5598 cap.
1338 5527 1393 5581 7.

473 5605 498 5632 ο
553 5596 698 5650 Sicut
737 5600 874 5652 enim
921 5599 1095 5652 militi.
1160 5596 1284 5654 Ilaec
1341 5612 1510 5667 usque
1572 5599 1638 5652 ad
1709 5599 1822 5654 Hoc
1880 5612 1955 5655 est

392 5667 725 5725 remedium.
774 5671 826 5724 in
873 5667 1074 5732 Isidoro
1125 5685 1264 5727 nunc
1311 5686 1417 5727 nou
1467 5670 1826 5736 reperiuntur.
1881 5673 1954 5727 ait

2061 3204 2115 3248 et
2143 3195 2312 3265 magis
2339 3210 2459 3251 reos
2502 3205 2629 3252 tunc
2659 3214 2758 3253 nos
2798 3203 2930 3255 esse
2967 3198 3363 3272 cognoscimus.
3397 3203 3630 3275 Ideoque

2059 3301 2181 3340 eum
2212 3285 2322 3342 Deo
2361 3288 2689 3356 assistimus,
2736 3307 2952 3362 gemere
2978 3302 3033 3348 et
3061 3293 3190 3350 ﬂere
3221 3297 3509 3361 debemus;
3543 3313 3631 3352 re-

2060 3377 2404 3432 miniscentes
2439 3395 2601 3449 quam
2639 3381 2825 3449 gravia
2857 3382 2965 3438 sint
2995 3377 3202 3440 scelera
3226 3400 3345 3454 qua:
3392 3387 3623 3442 commi-

2059 3466 2244 3530 simus,
2295 3484 2580 3538 quamque
2650 3469 2768 3524 dira
2831 3470 3031 3528 inferni
3090 3474 3352 3547 supplicia
3397 3491 3526 3545 mtas
3560 3477 3631 3531 ti-

2058 3571 2284 3612 mcmus.
2330 3569 2370 3611 ι’

2127 3647 2298 3704 Porro
2339 3659 2464 3705 sunt
2490 3651 2733 3708 nonnulli
2757 3655 2847 3724 qui
2878 3657 3112 3711 orationi
3160 3656 3467 3726 frequenter
3491 3658 3628 3714 insi-

2057 3747 2223 3803 stunt,
2266 3749 2322 3795 et
2362 3757 2393 3796 a
2424 3744 2633 3798 ueteris
2677 3741 2832 3801 bonis
2877 3737 3130 3817 operibus
3157 3758 3350 3802 vacant
3383 3767 3396 3803 :
3434 3749 3630 3820 quibus

2057 3845 2278 3886 necesse
2297 3842 2381 3886 est
2405 3842 2467 3887 ut
2495 3836 2723 3890 orationi
2764 3846 3083 3893 cmterarum
3127 3856 3340 3910 quoque
3367 3841 3635 3897 virtutum

2057 3920 2347 3990 adjungant
2387 3925 2775 3992 operationem.
2802 3926 2956 3992 Sunt,
2988 3943 3019 3981 e
3046 3930 3343 3996 contrario,
3389 3931 3482 4001 qui
3509 3932 3630 3986 aliis

2056 4009 2210 4066 bonis
2229 4010 2822 4080 operibus'inserviunt,
2848 4027 2902 4072 et
2929 4017 3155 4073 assidua:
3181 4021 3454 4076 orationis.
3470 4039 3628 4077 usum

2056 4099 2332 4170 negligant
2356 4118 2368 4154 :
2411 4103 2606 4170 quibus
2632 4105 2791 4158 etiam
2822 4109 3070 4162 convenit
3109 4118 3168 4164 ut
3192 4111 3347 4166 bonis
3372 4113 3628 4182 operibus

2054 4193 2352 4247 orationem
2392 4210 2604 4264 quoque
2643 4198 2912 4253 assiduam
2950 4210 3258 4257 annectant.
3309 4203 3399 4258 Ait
3443 4213 3622 4261 autem

2053 4287 2316 4343 Jeremias
2337 4292 2596 4360 propheta
2626 4308 2640 4344 :
2663 4292 2910 4350 Levemus
2935 4297 3094 4350 corda
3117 4308 3292 4352 nostra
3315 4317 3432 4354 cum
3458 4302 3629 4354 mani-

2060 4379 2154 4433 bus
2178 4380 2247 4433 ad
2275 4380 2554 4435 Dominum
2604 4382 2816 4451 (Tltren.
2847 4399 2927 4447 Ill,
2961 4385 3071 4457 41).
3115 4387 3267 4454 Quod
3296 4389 3532 4445 Isidorus
3557 4390 3636 4444 ita

2607 4435 2645 4451 ν
2673 4435 2695 4437 η
2740 4435 2814 4437 η.
2971 4435 3071 4457 __,-
3122 4435 3267 4454 νη.-
3296 4435 3531 4445 κων..-

1983 4435 2034 4528 D
2060 4469 2328 4540 exponitd
2366 4490 2379 4524 :
2419 4490 2437 4521 ‹
2473 4471 2606 4534 Cor,
2644 4473 2838 4543 inquit,
2876 4491 2997 4529 cum
3047 4477 3295 4532 manibus
3342 4478 3501 4544 levat,
3534 4478 3643 4548 qui-

2057 4562 2358 4622 orationem
2405 4577 2527 4616 cum
2559 4578 2722 4632 opere
2749 4565 3011 4620 sublevat.
3040 4565 3174 4620 Nam
3207 4569 3449 4638 quisquis
3485 4577 3644 4634 orata

2059 4660 2114 4706 et
2151 4667 2258 4705 non
2312 4660 2587 4721 operatur,
2619 4669 2714 4708 cor
2749 4653 2910 4720 levat,
2963 4665 3020 4710 et
3070 4673 3262 4713 manus
3313 4675 3420 4714 non
3465 4659 3645 4715 levati,

2060 4743 2310 4811 Quisquis
2333 4758 2460 4796 vero
2485 4753 2764 4813 operatur,
2786 4754 2840 4800 et
2867 4761 2972 4802 non
2999 4757 3135 4812 orat,
3181 4766 3371 4806 manus
3391 4751 3550 4816 levat,
3575 4760 3649 4806 ειν·

2057 4847 2155 4887 cor
2176 4847 2281 4886 non
2309 4831 2470 4912 levat.
2499 4832 2603 4887 Sed
2634 4834 2760 4903 quia
2785 4835 2994 4905 operari
3022 4853 3244 4894 necesse
3265 4850 3350 4896 est
3375 4849 3628 4903 et'orare.

2062 4922 2197 4977 bene
2223 4923 2378 4992 juxta
2431 4931 2718 4994 utrumque
2769 4926 2970 4980 dictum
3014 4937 3138 4982 est:
3170 4928 3431 4985 Levemus
3467 4931 3651 4988 corda:

2064 5025 2242 5069 nostra
2282 5031 2401 5067 cum
2431 5014 2670 5068 manibus
2701 5015 2769 5069 ad
2806 5017 3108 5073 Dominum.
3142 5039 3161 5073 ι

2132 5103 2268 5171 Quia
2311 5119 2440 5174 ergo
2495 5102 2742 5159 Salvator
2783 5115 2972 5162 noster
3025 5125 3132 5163 non
3186 5108 3353 5163 solum
3401 5107 3647 5163 formam-

2063 5195 2325 5250 orationis
2353 5235 2369 5260 ,
2417 5195 2511 5249 sed
2545 5195 2854 5253 instantiam
2895 5197 3356 5269 frequentiamque
3407 5198 3630 5252 tradidit;

2066 5287 2274 5353 orandi,
2319 5296 2534 5357 oportet
2573 5296 2632 5344 ut
2659 5289 3119 5362 importunitatem
3144 5289 3292 5346 illius.
3327 5290 3498 5349 viduus
3539 5289 3626 5360 ju-,

2063 5461 2345 5534 Αλςιιθζίιιξ.
2398 5461 2540 5517 Idem
2571 5462 2662 5534 ubi
2700 5463 2927 5518 habetur
2968 5463 3024 5517 in
3061 5464 3292 5518 oratione
3345 5466 3637 5534 subdatur,

2064 5531 2196 5586 alias
2223 5531 2323 5590 legi
2360 5540 2542 5586 mouet
2562 5531 2630 5584 ad
2656 5534 2940 5589 orationem
2968 5550 3022 5588 se
3043 5537 3328 5590 eortvermt.

2133 5601 2156 5641 δ
2187 5601 2318 5658 Ibid.
2349 5602 2436 5658 ubi
2477 5614 2656 5674 supra.
