4008 6192
465 289 533 348 .57
1159 295 1163 300 ’
1471 289 1662 350 ΙΟΝΑΞ
1697 290 1984 351 AURELIA

2081 293 2242 352 iNSIS
2280 293 2578 354 EPlSCOPI

3535 294 3639 354 HS

427 406 597 461 dicem
648 402 886 474 iniquum
917 403 1122 458 crebris
1167 403 1387 458 vocibus
1435 405 1845 474 interpellantis,
1881 421 1978 459 nec
2008 413 2058 470 Α
2084 407 2251 460 oculis
2291 408 2542 470 intentus,
2577 407 2736 462 corde
2790 418 2966 482 tamen
2993 413 3047 461 ct
3074 405 3483 477 cogitationibus
3519 422 3646 460 eva-

427 507 530 550 non
561 503 613 552 et
645 495 784 549 illius
811 493 968 548 amici
995 493 1193 548 ostium
1222 495 1380 549 amici
1412 496 1495 550 sui
1539 505 1847 552 constanter
1870 495 1982 566 pul-

425 587 611 654 santis,
650 596 862 654 tresque
882 584 985 638 sibi
1016 597 1182 654 panes
1207 584 1537 638 commodari
1568 586 1816 654 petentis,
1847 602 1981 654 quos

428 679 579 733 nobis
594 676 816 745 exempli
833 677 1005 743 gratia
1027 677 1095 730 ad
1114 669 1424 731 instantiam
1441 678 1650 742 orandi,
1665 693 1829 747 seque
1843 679 1980 747 jugi-

426 783 508 826 ter
523 770 900 836 humiliterque
922 768 1239 837 deprecandi
1260 770 1500 823 exhibuit
1513 810 1526 836 ,
1542 770 1814 825 imitantes
1827 771 1976 841 (Lac.

427 871 508 921 XI,
531 861 619 928 5),
646 859 888 912 eumdem
926 859 1208 913 Dominum
1250 867 1303 912 et
1353 857 1684 913 Salvatorem
1713 870 1978 923 nostrum,

425 958 627 1004 remoto
656 958 867 1020 torpore
895 948 1134 1013 desidia},
1155 947 1356 1018 jugiter
1383 965 1691 1014 exoremus,
1737 960 1795 1003 ut
1836 952 1981 1005 scili-

423 1050 506 1094 cet
545 1056 575 1094 a
620 1041 829 1095 cunctis
879 1041 1145 1094 erratibus
1193 1042 1393 1095 nostris
1446 1056 1543 1095 nos
1597 1041 1872 1108 absolvat,
1924 1052 1980 1096 et

422 1142 632 1186 aeterna:
660 1133 844 1202 patria
870 1133 1158 1202 participes
1187 1131 1401 1187 elliciat.

981 1267 1206 1324 CAPUT
1257 1269 1388 1323 XIII.

425 1356 656 1434 Quodnin
691 1359 902 1434 ecclesia
937 1359 1035 1434 Dei
1057 1378 1154 1414 non
1203 1362 1269 1434 sit
1315 1363 1492 1434 otiosis
1537 1365 1872 1434 turpibusque
1901 1365 1976 1433 fa-

495 1427 626 1502 bulis
651 1429 956 1502 pacandam.
991 1429 1054 1481 Et
1085 1432 1223 1498 quod
1247 1432 1336 1499 qui
1372 1434 1482 1486 Itazc
1509 1427 1728 1502 faciunt,
1759 1427 1860 1488 ηόη
1893 1427 1977 1487 so-

471 1498 600 1551 llum
629 1499 728 1620 sibi;
752 1510 1017 1567 peccatum
1044 1517 1145 1554 non
1183 1498 1443 1568 minuant,
1470 1498 1558 1557 sed
1585 1504 1741 1558 etiam
1774 1505 1978 1574 majora

493 1584 706 1621 accumu
731 1579 832 1621 ent.
931 1606 933 1610 -
1177 1577 1180 1580 ’
1976 1582 1978 1585 ’

493 1580 832 1622 accumulent.
931 1606 933 1610 -
1976 1580 1996 1594 ‘

495 1679 640 1732 Multi
692 1679 972 1736 ecclesiam
1028 1682 1286 1751 ingressi,
1329 1699 1434 1737 non
1478 1684 1544 1737 ad
1591 1683 1756 1739 Deum
1791 1700 1978 1753 puram

425 1771 825 1840 simplicemun
876 1773 1174 1826 orationem
1222 1774 1490 1856 dirigunt,
1550 1778 1800 1845 quoniam
1837 1773 1977 1845 quod
2010 1759 2056 1820 Β

421 1876 512 1916 ore
543 1873 852 1931 precantur,
879 1865 980 1918 hoc
1006 1861 1166 1918 etiam
1192 1874 1370 1919 mente
1390 1881 1492 1931 non
1520 1867 1866 1921 meditantur.
1902 1868 1978 1922 De

423 1955 618 2009 talibus
645 1954 786 2008 Beda
827 1956 880 2008 in
918 1956 1137 2010 homilia
1172 1958 1236 2010 17
1270 1957 1541 2028 Evangelii
1574 1971 1624 2011 α.
1657 1977 1674 2009 ι
1712 1958 1867 2024 Sunt,
1897 1962 1978 2015 in-

425 2045 558 2112 quit,
607 2047 699 2115 qui
737 2047 940 2099 intrant
967 2047 1018 2099 in
1065 2046 1368 2110 ecclesiam,
1401 2047 1582 2101 multis
1629 2048 1978 2117 psalmodiam

420 2134 503 2188 vel
521 2135 812 2190 orationem
836 2135 1170 2190 sermonibus
1191 2135 1528 2207 prolongant,
1555 2138 1649 2192 sed
1669 2138 1792 2192 alibi
1816 2139 1979 2193 corde

423 2226 763 2298 intendendo,
795 2241 890 2281 nec
917 2227 1013 2295 ipsi
1037 2227 1164 2295 quid
1190 2227 1402 2292 dicant,
1434 2227 1676 2283 recolunt
1703 2247 1715 2282 :
1743 2244 1838 2283 ore
1855 2229 1979 2298 qui-

371 2337 382 2352 -
423 2318 540 2371 dem
560 2325 798 2380 orantes,
812 2317 904 2370 sed
927 2326 1102 2372 mente
1119 2316 1251 2370 foris
1264 2319 1693 2385 vagantes,omni
1715 2333 1772 2373 se
1788 2319 1981 2382 oratio-

422 2411 506 2464 nis
532 2411 704 2466 fructu
731 2413 976 2482 privant;
1000 2421 1249 2482 putantes
1272 2428 1301 2465 a
1340 2412 1448 2466 Deo
1473 2427 1684 2482 precem
1712 2413 1977 2478 exaudiri,

422 2517 580 2568 quam
633 2519 731 2558 nec
773 2504 872 2573 ipsi
911 2504 1001 2572 qui
1033 2502 1292 2567 fundunt,
1327 2505 1564 2558 audiunt.
1594 2503 1743 2570 Quod
1776 2505 1980 2574 antiqui

424 2595 592 2649 hostis
635 2595 890 2650 instinctu
951 2595 1066 2650 ﬁeri
1097 2611 1255 2650 nemo
1297 2605 1381 2651 est
1429 2599 1519 2666 qui
1559 2599 1981 2653 animadvertere

423 2693 673 2753 nequeat.
704 2685 894 2740 Sciens
922 2686 1065 2738 enim
1091 2686 1376 2740 utilitatem
1406 2688 1619 2752 orandi,
1648 2697 1703 2742 et
1744 2689 1979 2744 immini-

424 2775 522 2830 bus
544 2776 784 2832 invidens
805 2779 1031 2848 gratiam
1064 2778 1402 2851 impetrandi,
1440 2780 1678 2834 immittit
1703 2781 1982 2837 orantibus

423 2866 735 2924 multimoda
756 2869 1137 2940 cogitationum
1175 2869 1389 2934 levium,
1426 2880 1480 2924 et
1506 2871 1794 2941 aliquando
1817 2872 1980 2927 etiam

426 2959 656 3028 turpium
685 2961 1099 3030 nocentiumquc
1124 2963 1499 3030 phantasmata
1518 3003 1533 3026 ,
1564 2963 1758 3032 quibus
1783 2962 1982 3017 oratio-

423 3063 544 3102 nem
570 3049 848 3117 impediat;
876 3051 1008 3104 adeo
1028 3060 1087 3104 ut
1114 3068 1218 3106 non
1246 3067 1514 3120 nunquam
1537 3051 1673 3107 tales
1699 3060 1979 3122 tantosque

425 3140 836 3194 discurrentium
865 3143 1248 3212 cogitationum
1280 3143 1472 3199 ﬂuctus
1499 3145 1755 3214 prostrati
1785 3145 1838 3198 in
1862 3161 1983 3200 ora-

425 3232 570 3284 tione
605 3232 911 3288 toleremus.
948 3253 966 3286 ι
1001 3233 1139 3288 Sunt
1177 3235 1358 3304 itaque
1383 3235 1640 3304 plerique,
1672 3236 1865 3304 quibus
1888 3251 2014 3305 po»

427 3323 531 3374 tius
559 3322 711 3376 cordi
761 3333 845 3378 cst
874 3325 1026 3378 vanis
1063 3333 1117 3380 et
1151 3327 1420 3381 obsccenis
1465 3325 1983 3382 confabulationibus

424 3423 637 3479 vacare,
668 3429 828 3481 quam
873 3414 1190 3472 lectionibus
1225 3415 1417 3472 divinis
1451 3432 1634 3471 aurem
1687 3431 1984 3471 accommo-

424 3507 578 3570 dare;
604 3505 798 3573 quibus
818 3505 978 3560 etiam
1011 3522 1271 3574 nusquam
1303 3516 1409 3561 tam
1443 3507 1754 3561 delectabile
1776 3508 1984 3563 videtur

424 3609 544 3650 esse
569 3596 965 3651 susurrationes
986 3596 1210 3650 aliorum
1240 3598 1462 3651 auribus
1483 3597 1749 3668 ingerere,
1767 3598 1982 3651 cachin-

424 3689 509 3743 nis
542 3703 637 3741 ora
664 3688 988 3753 dissolvere,
1034 3703 1195 3756 quam
1223 3687 1276 3742 in
1317 3672 1546 3742 ecClesia
1573 3687 1687 3752 Dei,
1733 3687 1823 3742 ubi
1860 3702 1980 3740 eum

423 3777 696 3831 humiliter
716 3779 1010 3846 devoteque
1051 3778 1349 3832 debuerunt
1377 3778 1645 3840 invocare,
1677 3784 1730 3831 et
1759 3785 1980 3845 peccata

423 3884 518 3922 sua
545 3867 782 3923 deﬂere:
821 3869 914 3924 sed
950 3876 1004 3922 et
1043 3869 1145 3923 hoc
1185 3867 1423 3936 ejusdem
1464 3869 1636 3923 hostis
1674 3867 1874 3936 antiqui
1904 3867 1983 3921 in-

422 3961 622 4016 stinctu
651 3959 765 4013 fieri
793 3960 1010 4014 dubium
1042 3976 1147 4014 non
1182 3969 1281 4016 est.

492 4051 643 4118 Quod
673 4059 850 4105 autem
887 4052 1075 4120 domus
1101 4050 1196 4106 Dei
1236 4067 1338 4105 non
1366 4052 1435 4106 sit
1480 4051 1846 4121 hujuscemodi
1882 4050 1983 4104 illi-

422 4142 653 4198 citarum
703 4142 995 4205 actionum,
1030 4143 1122 4197 scd
1163 4143 1343 4212 potius
1369 4143 1695 4207 orationum,
1725 4142 1993 4196 Dominus.

422 4235 579 4289 docet
605 4232 656 4286 in
681 4233 988 4302 Evangelio,
1019 4233 1201 4286 dicens
1224 4251 1236 4284 :
1263 4232 1458 4286 Domus
1485 4249 1616 4296 mea,
1655 4233 1838 4285 domas
1863 4248 1982 4284 ora-

421 4325 577 4377 tionis
603 4333 698 4387 est,
725 4341 812 4376 ros
841 4333 1013 4375 autem
1043 4322 1233 4390 fecistis
1256 4338 1369 4374 eam
1393 4321 1692 4390 speluncam
1720 4319 1980 4372 latronum

423 4413 574 4484 (Luc.
624 4429 739 4474 xxx,
769 4412 880 4481 46).
911 4411 1167 4478 Origenes
1217 4425 1428 4480 quoque
1476 4412 1566 4464 ubi
1603 4412 1669 4466 de
1718 4411 1980 4465 velamine
2009 4449 2058 4506 Β

423 4504 619 4573 Moysis
645 4503 832 4557 scribit
858 4501 904 4564 h,
931 4502 1004 4556 ita
1040 4501 1210 4556 dicit:
1254 4519 1274 4550 ‹
1319 4501 1612 4554 Dicendum
1652 4501 1805 4555 nobis
1832 4501 1982 4570 prius

425 4605 511 4650 est
534 4596 660 4665 quid
688 4595 756 4647 sit
782 4595 940 4648 homo
962 4609 1183 4647 aversus
1210 4608 1240 4646 a
1262 4592 1508 4656 Domino,
1545 4601 1603 4646 ut
1632 4593 1769 4647 scire
1812 4595 1984 4661 possi-

423 4701 544 4739 mus
571 4683 698 4754 quid
725 4684 799 4737 sit
821 4697 1130 4738 conversus.
1175 4681 1360 4738 Omnis
1385 4683 1496 4752 qui,
1529 4697 1649 4738 cum
1687 4683 1983 4737 recitantur

420 4775 586 4828 verba
610 4774 760 4843 legis,
789 4772 1160 4826 communibus
1184 4770 1378 4826 fabulis
1421 4781 1733 4841 occupatur.
1758 4788 1980 4827 aversus

424 4874 525 4920 cst.
549 4864 734 4919 Omnis
765 4864 878 4932 qui,
903 4878 1022 4918 cum
1053 4861 1247 4932 legitur
1275 4860 1500 4932 Moyses,
1531 4863 1596 4916 de
1629 4865 1856 4932 negotiis
1883 4880 1982 4919 sae-

423 4957 562 5020 culi,
599 4956 665 5010 de
713 4954 992 5024 pecuniis,
1042 4953 1107 5006 de
1135 4952 1298 5006 lucris
1346 4951 1758 5007 sollicitudinem
1807 4954 1980 5022 gerit,

404 5062 644 5102 uaversus
684 5053 788 5099 est.
811 5042 998 5098 Omnis
1023 5043 1111 5110 qui
1148 5043 1543 5112 possessionum
1591 5043 1738 5098 curis
1768 5043 1985 5113 stringi-

422 5149 534 5204 tur,
553 5148 608 5194 et
635 5138 942 5193 divitiarum
975 5135 1264 5205 cupiditate
1293 5136 1636 5200 distenditur,
1668 5137 1757 5204 qui
1789 5138 1983 5207 gloria-

427 5236 511 5282 tur
544 5228 757 5291 smculo,
791 5235 847 5281 et
874 5226 1056 5280 mundi
1082 5226 1375 5280 honoribus
1411 5225 1606 5291 studet,
1630 5243 1853 5288 aversus
1880 5237 1978 5281 est.

425 5316 530 5374 Sed
578 5330 632 5373 ct
658 5320 795 5374 alius
840 5318 930 5388 qui
983 5319 1050 5372 ab
1097 5319 1182 5371 his
1230 5319 1443 5386 quidem
1492 5319 1704 5373 videtur
1751 5319 1980 5384 alienus,

426 5408 626 5461 assistit
665 5419 843 5462 autem
875 5416 930 5462 ct
971 5409 1116 5462 audit
1163 5406 1322 5461 verba
1358 5407 1520 5476 legis,
1560 5418 1613 5460 ct
1644 5407 1787 5461 vultu
1821 5417 1981 5476 atque

498 5553 523 5582 ι
558 5541 824 5596 Dominica
863 5543 1091 5596 secunda
1123 5542 1173 5594 in
1206 5541 1640 5610 Qumlrugesima.

499 5612 527 5651 ι’
554 5611 608 5663 Itt
637 5626 750 5680 cap.
780 5613 847 5664 5¹ι
870 5613 1053 5670 Exodi.
1088 5615 1228 5665 hom.
1271 5610 1348 5663 l2.

503 5695 522 5722 ί
558 5681 685 5735 Ibid.
728 5684 883 5749 paulo
922 5695 1056 5750 post.

2079 506 2257 566 gatur,
2288 512 2506 552 aversus
2530 506 2630 552 est.
2669 497 2807 563 Quid
2858 513 2990 566 ergo
3031 506 3111 552 est
3141 496 3417 551 converti?
3468 495 3526 550 Si
3558 497 3646 550 his

2078 589 2326 643 omnibus
2351 597 2499 659 terga
2548 589 2776 653 vertitis,
2811 597 2863 643 et
2890 588 3065 642 studio
3112 603 3175 642 ac
3205 587 3398 642 mentis
3451 588 3650 643 sollicio

2080 672 2264 730 tudine
2289 671 2462 740 verbo
2493 677 2585 732 Dei
2615 677 2833 747 operam
2862 677 3020 741 detis,
3053 673 3105 730 in
3135 676 3250 746 lege
3281 677 3400 744 ejus
3449 677 3534 731 die
3580 693 3647 733 ac

2078 775 2234 820 nocte
2251 768 2578 822 meditemini
2609 787 2620 821 :
2650 770 2751 824 hoc
2777 777 2860 822 est
2881 782 3197 824 conversum
3229 782 3347 822 esse
3371 767 3437 820 ad
3457 767 3645 822 Domi-

2078 875 2203 912 num
2242 871 2287 910 ε.
2328 859 2502 928 Aliqui
2556 870 2814 920 vestrum,
2862 868 2920 911 ut
2949 858 3168 912 recitari
3221 857 3489 912 audierint
3521 873 3646 926 qua:

2078 951 2344 1019 leguntur,
2381 951 2560 1005 statim
2603 951 2914 1014 discedunt;
2960 948 3103 1002 nulla
3134 963 3198 1001 ex
3229 948 3312 1002 bis
3339 963 3456 1017 qum
3502 946 3645 1002 lecta

2078 1052 2202 1098 sunt
2247 1043 2520 1113 inquisitio
2548 1042 2866 1106 adinvicem,
2917 1039 3059 1094 nulla
3101 1039 3338 1104 collatio,
3379 1053 3645 1106 nusquam

2078 1138 2331 1193 memoria
2371 1137 2604 1192 mandati
2631 1137 2788 1199 illius,
2838 1150 2944 1204 quo
2988 1141 3040 1188 te
3072 1133 3250 1186 divina
3288 1133 3372 1186 lex
3401 1146 3643 1186 commo‘

2078 1240 2168 1282 net
2199 1247 2211 1281 :
2244 1227 2515 1297 Interroga
2544 1240 2716 1297 patres
2743 1237 2880 1290 tuos,
2899 1235 2945 1278 et
2976 1225 3145 1278 dicent
3169 1223 3294 1288 tibi;
3320 1222 3644 1293 presbyteros

2079 1329 2219 1384 tuos,
2246 1329 2294 1373 et
2324 1319 2702 1372 annuntiabunt
2735 1318 2827 1371 tibi
2857 1316 3037 1386 (Deut.
3092 1330 3264 1380 χχιιι,
3296 1313 3370 1386 7).
3419 1313 3524 1366 Alii
3574 1329 3646 1367 ne

2079 1411 2180 1466 hoc
2229 1411 2398 1478 ipsum
2435 1409 2647 1478 quidem
2693 1407 2958 1478 patienter
2992 1413 3334 1474 exspectant,
3384 1403 3525 1472 quod
3561 1402 3646 1457 le-

2079 1501 2285 1557 ctiones
2312 1501 2363 1554 in
2391 1499 2617 1562 ecclesia
2655 1499 2969 1552 recitentur.
3000 1496 3103 1550 Alii
3137 1510 3265 1549 vero
3293 1510 3389 1550 nec
3435 1494 3479 1548 si
3514 1493 3646 1548 reci-

2079 1599 2259 1646 tentur
2288 1591 2484 1653 sciunt,
2512 1589 2606 1644 sed
2637 1589 2689 1642 in
2715 1588 3096 1642 remotioribus
3125 1586 3413 1640 Dominicze
3452 1585 3645 1640 domus

2063 1685 2229 1749 "locis,
2261 1682 2606 1738 saecularibus
2631 1679 2830 1758 fabulis
2855 1687 3208 1749 occupantur.
3234 1677 3309 1731 De
3329 1677 3520 1746 quibus
3539 1692 3645 1746 ego

2083 1791 2244 1832 ausus
2269 1791 2388 1830 sum
2421 1773 2758 1843 dicere,quia
2784 1788 2908 1828 cum
2935 1771 3128 1842 legitur
3156 1770 3385 1841 Moyses,
3401 1771 3510 1840 jam
3535 1785 3644 1824 non

2081 1868 2324 1926 velamen
2347 1881 2508 1937 super
2532 1881 2626 1922 cur
2652 1880 2858 1929 eorum,
2886 1864 2979 1919 sed
3004 1864 3180 1934 paries
3205 1861 3421 1932 quidam
3446 1867 3501 1917 et
3527 1877 3646 1942 mu-

2081 1975 2174 2013 rus
2207 1966 2290 2014 est
2319 1958 2546 2028 positus.
2584 1977 2601 2008 ι
2655 2009 2665 2017 ,,

2153 2071 2481 2140 Augustinus
2502 2068 2554 2121 in
2581 2067 2815 2121 homiliis
2849 2065 2876 2105 δ
2920 2066 2986 2120 ad
3024 2064 3275 2135 populum
3312 2080 3324 2117 :
3363 2081 3382 2114 ι
3417 2062 3644 2130 Quando

2083 2160 2398 2222 convenitis,
2424 2160 2612 2228 inquit,
2651 2160 2718 2212 ad
2746 2157 3044 2218 ecclesiam,
3065 2171 3165 2225 pro
3195 2155 3428 2225 peccatis
3450 2156 3646 2209 vestris

2081 2260 2260 2315 orate;
2294 2250 2458 2304 nolite
2484 2248 2652 2321 [rixas
2675 2249 3031 2320 committere,
3063 2246 3228 2301 nolite
3254 2244 3374 2300 lites
3394 2245 3467 2317 et]
3494 2261 3646 2300 scan-

2081 2341 2198 2396 dala
2231 2341 2521 2404 concitare,
2565 2346 2658 2393 aut
2701 2340 2901 2393 otiosas
2932 2337 3139 2392 fabulas
3170 2336 3369 2391 dicere.
3405 2335 3527 2409 [Qui
3574 2336 3645 2388 ad

2082 2431 2361 2486 ecclesiam
2400 2431 2621 2484 veniens
2663 2430 2774 2483 haec
2804 2428 3009 2491 fecerit,
3037 2429 3106 2483 ibi
3151 2443 3209 2482 se
3245 2427 3498 2496 Iitigando
3529 2425 3647 2480 vul-

2080 2530 2256 2586 uerat,
2282 2520 2372 2574 ubi
2416 2535 2475 2574 se
2500 2520 2705 2574 orando
2738 2535 2930 2574 sanare
2979 2527 3244 2588 potuerat.
3269 2519 3280 2573 l
3309 2518 3366 2573 In
3414 2518 3643 2573 ecclesia

2083 2605 2288 2665 stantes
2333 2609 2500 2664 nolite
2523 2609 2818 2674 verbosari,
2863 2610 2956 2664 sed
2996 2626 3178 2664 sacras
3214 2609 3520 2680 Scripturas
3549 2625 3648 2678 pa-

2084 2701 2278 2754 tienter
2308 2700 2507 2754 audite.
2540 2698 2641 2766 Qui
2685 2700 2829 2753 enim
2861 2699 2914 2752 in
2949 2698 3172 2754 ecclesia
3208 2700 3368 2754 verba
3397 2714 3532 2751 vana
3561 2697 3644 2752 lo-

2081 2799 2238 2845 cutus
2263 2789 2444 2852 fuerit,
2465 2798 2520 2844 et
2546 2805 2644 2858 pro
2672 2788 2753 2862 [se
2779 2798 2833 2842 et
2858 2789 2978 2861 pro]
3009 2789 3127 2844 aliis
3155 2789 3417 2843 rationem
3455 2786 3639 2842 reddi.

2081 2888 2233 2934 turus
2259 2890 2343 2933 est
2376 2880 2428 2934 in
2464 2881 2550 2933 die
2569 2877 2779 2947 judicii,
2821 2880 2946 2949 quia
2986 2881 3203 2933 verbum
3233 2879 3347 2933 Dei
3379 2893 3474 2931 nec
3524 2878 3644 2946 ipse

2082 2971 2262 3035 audit,
2313 2986 2412 3026 nec
2461 2971 2596 3025 alios
2650 2971 2836 3025 audire
2885 2971 3164 3040 permittit.
3211 2989 3230 3023 ›
3269 2969 3401 3024 Item
3451 2969 3641 3023 idem:

2091 3082 2109 3114 ι
2142 3063 2328 3118 Plures
2373 3071 2499 3118 sunt
2541 3064 2606 3118 de
2647 3078 2878 3132 quorum
2914 3063 3210 3132 perditione
3239 3061 3461 3115 nimium
3508 3075 3646 3115 con-

2087 3154 2303 3219 tristor;
2337 3153 2455 3208 illos
2477 3153 2596 3207 dico
2617 3154 2733 3222 qui,
2767 3153 3044 3208 venientes
3081 3153 3145 3206 ad
3188 3152 3486 3215 ecclesiam,
3521 3165 3643 3203 mae

2081 3241 2163 3312 gis
2181 3242 2391 3312 litigare
2418 3242 2641 3310 cupiunt
2666 3257 2824 3311 quam
2855 3257 3032 3306 orare,
3065 3249 3120 3295 et
3142 3240 3355 3311 quando
3385 3239 3648 3294 lectiones

2075 3334 2289 3389 divinas
2325 3333 2520 3388 deb‘ent
2549 3333 2602 3386 in
2639 3333 2868 3388 ecclesia
2916 3333 3138 3388 intentis
3167 3332 3383 3386 auribus
3425 3339 3477 3384 et
3527 3338 3643 3384 tota

2080 3425 2276 3494 pietate
2317 3424 2606 3493 suscipere,
2631 3432 2758 3478 tunc
2784 3423 2916 3478 foris
2937 3438 3129 3478 causas
3161 3423 3359 3483 dicere.
3385 3430 3440 3475 et
3469 3421 3647 3474 divero

2081 3519 2158 3572 sis
2199 3516 2322 3588 [se]
2373 3517 2588 3571 student
2623 3516 2908 3571 calumniis
2953 3515 3302 3585 impugnare.-
3342 3513 3646 3582 Aliquando

2081 3609 2262 3670 etiam,
2285 3607 2425 3675 quod
2456 3605 2610 3677 pejus
2645 3618 2746 3669 est,
2783 3604 2944 3674 aliqui
2973 3604 3192 3658 nimium
3220 3603 3494 3657 iracundia
3521 3617 3646 3656 suc-

2081 3698 2405 3761 cenduntur,
2458 3697 2794 3751 amarissime
2841 3697 3101 3762 rixantur,
3151 3703 3206 3748 et
3255 3683 3486 3764 turpiter
3538 3694 3643 3747 sibi

2082 3789 2321 3843 convicia
2342 3829 2356 3850 ,
2381 3799 2439 3842 et
2464 3789 2713 3852 crimina,
2738 3795 2791 3841 et
2829 3786 3068 3841 calcibus
3109 3793 3162 3839 et
3189 3784 3380 3854 pugnis
3405 3783 3639 3837 invicem

2083 3877 2424 3932 colliduntur.
2445 3877 2630 3932 Melius
2660 3878 2802 3932 enim
2833 3876 3006 3930 fuerat
3033 3875 3227 3930 talibus
3259 3875 3326 3927 ad
3354 3872 3643 3928 ecclesiam

2082 3984 2185 4021 non
2210 3968 2424 4030 ivenire,
2454 3979 2614 4036 quam
2650 3976 2727 4022 tot
2751 3966 2907 4021 malis
2935 3975 3122 4020 contra
3145 3980 3208 4019 se
3238 3964 3471 4018 divinam
3501 3963 3642 4016 iram

2084 4073 2394 4127 provocare.
2428 4057 2516 4110 Isti
2539 4057 2681 4111 enim
2711 4057 2812 4111 etsi
2831 4071 2953 4110 cum
2975 4055 3272 4110 minoribus
3301 4053 3534 4123 peccatis
3573 4052 3644 4106 ad

2083 4149 2363 4204 ecclesiam
2394 4145 2635 4207 veniunt,
2680 4164 2802 4202 cum
2831 4147 3012 4201 multis
3039 4145 3353 4200 criminibus
3379 4144 3443 4198 de
3471 4141 3645 4197 caele-

2083 4239 2160 4292 sia
2210 4237 2733 4293 revertuntumltem
2766 4237 2904 4291 idem
2943 4253 2957 4266 '
2995 4254 3013 4286 ‹
3052 4235 3187 4290 Sunt
3215 4247 3442 4302 namque
3477 4231 3644 4299 aliqui

2083 4331 2171 4399 qui
2199 4331 2250 4383 in
2302 4330 2557 4384 natalitiis
2581 4337 2888 4384 sanctorum
2907 4368 2919 4390 ,
2951 4336 3042 4381 aut
3070 4328 3123 4380 in
3167 4325 3406 4394 qualibet
3432 4322 3642 4378 festivi-

2085 4431 2222 4483 tate,
2256 4437 2448 4475 causas
2475 4429 2568 4474 aut
2593 4419 2791 4483 dicere,
2818 4427 2912 4472 aut
2938 4418 3123 4471 audire
3151 4415 3364 4479 volunt;
3395 4420 3472 4477 et,
3499 4411 3646 4481 quod

2087 4509 2237 4579 pejus
2271 4518 2374 4573 est,
2407 4524 2510 4562 non
2546 4522 2643 4577 pro
2681 4507 2936 4571 veritate,
2980 4506 3072 4560 sed
3106 4519 3203 4575 pro
3230 4503 3455 4557 avaritia
3476 4511 3531 4555 et
3551 4517 3648 4554 cu-

2085 4599 2328 4667 piditate.
2367 4599 2569 4652 Debent
2607 4597 2749 4650 enim
2779 4611 2970 4650 causas
3017 4594 3194 4648 dicere
3244 4601 3300 4646 et
3335 4606 3458 4646 cum
3484 4589 3645 4659 justi‘

2089 4691 2159 4743 tia
2184 4689 2513 4752 deliberare;
2543 4687 2634 4740 sed
2657 4686 2776 4740 aliis
2793 4685 3008 4748 diebus,
3037 4683 3141 4737 alio
3169 4691 3424 4750 tempore,
3450 4695 3553 4734 non
3586 4679 3643 4734 in

2087 4785 2396 4832 sanctorum
2431 4776 2792 4839 solemnitate,
2819 4775 3030 4843 quando
3061 4788 3247 4827 omnes
3271 4771 3512 4826 homines
3530 4784 3646 4822 ma.

2085 4871 2168 4941 gis
2191 4871 2389 4924 debent
2423 4868 2529 4921 Deo
2552 4882 2767 4929 vacare,
2800 4881 2960 4934 quam
2990 4880 3047 4919 se
3076 4863 3300 4919 diversis
3335 4861 3516 4915 litibus
3543 4860 3647 4913 im-

2087 4975 2344 5030 pugnare.
2385 4977 2402 5008 ›
2445 4958 2574 5011 Item
2601 4957 2740 5010 idem
2771 4970 2784 5009 :
2820 4974 2837 5005 ι
2875 4946 3099 5022 Quando
3125 4953 3191 5008 ad
3215 4951 3494 5007 ecclesiam
3517 4964 3648 5004 con-

2086 5050 2300 5114 venitis,
2349 5047 2513 5102 nolite
2547 5063 2642 5100 vos
2698 5046 2891 5100 talibus
2938 5044 3136 5098 fabulis
3179 5056 3464 5110 occupare,
3502 5037 3648 5094 unde

2086 5140 2303 5210 possitis
2351 5148 2568 5207 peccata
2621 5137 2920 5204 acquirere.
2950 5135 3126 5190 Nolite
3161 5149 3257 5188 vos
3276 5145 3539 5202 occupare
3577 5129 3648 5182 ad

2087 5232 2423 5300 litigandum,
2451 5229 2544 5284 sed
2570 5229 2746 5298 potius
2767 5228 2833 5282 ad
2869 5227 3154 5290 orandum,
3180 5236 3240 5278 ut
3279 5241 3383 5278 non
3417 5219 3649 5276 rixando

2090 5321 2255 5373 Deum
2305 5319 2608 5380 ollenderc,
2658 5319 2749 5372 sed
2806 5315 3150 5384 supplicando
3204 5313 3429 5383 gratiam
3479 5310 3651 5379 ipsius

2088 5415 2307 5485 possitis
2353 5415 2648 5483 acquirere.
2698 5434 2716 5464 ›
2755 5413 2892 5466 Beia
2937 5423 2959 5448 ε
2993 5411 3046 5463 in
3096 5407 3314 5463 homilia
3369 5403 3648 5474 Evangelii

2156 5553 2179 5590 (ι
2217 5554 2287 5604 Ile
2313 5551 2572 5618 Tempore
2601 5565 2775 5601 sermo
2797 5546 2918 5618 ‘lI-i.

2161 5636 2182 5662 (⁸
2215 5623 2318 5677 Iletl
2356 5661 2370 5686 ,
2399 5614 2515 5688 cap.
2548 5620 2657 5673 :l’in
2683 5619 2878 5685 Evang.
2907 5614 3146 5668 Joannis.
