4064 6190
408 262 567 329 us‘

1393 270 1480 325 DE
1508 266 1991 327 INSTITUTIONE
2026 226 2309 326 Lucam.
2354 302 2426 313 -
2469 272 2595 326 LIB.
2635 271 2674 326 1.

3541 285 3561 335 i
3571 281 3645 335 5i)

402 384 668 453 vigesima
695 399 708 433 :
736 378 867 434 cum
888 377 1102 448 'fccisset
1150 378 1400 434 Dominus
1424 382 1576 450 quasi
1613 354 1877 450 ﬂagellum
1906 380 1969 435 de
1999 385 2042 443 Α
2074 382 2215 437 mina
2243 381 2581 452 frequentare
2608 386 2898 457 negligant,
2930 390 3003 449 ita
3032 405 3062 445 c
3103 393 3380 448 contrario
3402 395 3639 452 existunt

404 472 679 540 funiculis,
707 487 880 524 omnes
901 471 1049 539 ejecit
1075 470 1139 524 de
1158 469 1347 542 templo
1367 470 1552 542 (Joan.
1578 486 1651 535 ιι,
1687 470 1794 539 l5).
1833 469 1973 537 Quid

398 575 560 629 ergo,
604 561 796 615 fratres
838 560 979 625 mei,
1017 559 1146 628 quid
1186 560 1389 630 putatis
1447 558 1649 613 faceret
1691 559 1967 623 Dominus,

396 656 448 708 si
486 655 619 709 rixis
655 653 1000 717 dissidentes,
1028 654 1073 708 si
1106 653 1298 709 fabulis
1327 661 1600 716 vacantes,
1646 653 1693 707 si
1722 651 1834 707 risu
1862 652 1970 706 dis-

396 745 627 804 solutas,
650 743 734 797 vel
763 744 867 798 alio
896 744 1133 812 quolibet
1176 742 1380 799 scelere
1405 743 1669 812 reperiret
1710 743 1964 808 irretitos,

393 835 492 902 qui
528 834 736 889 hostias
764 849 881 902 qua:
904 833 1002 888 sibi
1028 832 1453 897 immolarentur,
1491 841 1734 887 ementes
1761 832 1813 885 in
1838 841 1968 886 tem-

396 926 486 994 pit)
521 923 696 995 [vidit,
719 922 794 995 et]
818 924 1093 977 eliminare
1113 923 1419 981 festinavit?
1442 922 1567 977 Haec
1598 930 1819 992 propter
1842 912 1964 977 illos

392 1017 651 1078 diximus,
683 1018 771 1086 qui
803 1016 1082 1071 ecclesiam
1105 1017 1352 1087 ingressi,
1380 1032 1485 1072 non
1512 1017 1684 1076 solum
1707 1016 1962 1072 intentio—

395 1116 519 1161 nem
549 1108 741 1160 orandi
770 1106 1059 1176 negligant,
1091 1123 1276 1161 verum
1317 1107 1483 1161 etiam
1532 1123 1597 1162 ea
1639 1122 1739 1177 pro
1766 1106 1961 1174 quibus

391 1213 549 1251 amre
586 1196 897 1257 debuerant,
930 1204 1147 1266 augent.
1202 1193 1425 1265 insuper
1474 1206 1530 1250 et
1565 1203 1854 1267 arguentes
1902 1209 1962 1249 se

390 1306 490 1360 pro
517 1291 817 1359 huiusmodi
840 1289 1085 1353 stultitia,
1112 1290 1373 1344 conviciis
1398 1289 1648 1358 odiiSque
1665 1290 1751 1344 vel
1781 1291 1961 1344 detra-

388 1383 662 1438 ctiunibus
717 1383 1073 1451 insequuntur
1106 1400 1118 1434 :
1159 1381 1414 1436 addentes
1439 1381 1696 1442 videlicet
1738 1387 1958 1450 peccata

390 1475 649 1541 peccatis,
687 1482 743 1527 et
787 1475 938 1541 quasi
972 1472 1150 1527 funem
1198 1472 1299 1527 sibi
1347 1462 1716 1541 longissimum
1742 1472 1958 1525 incaute

386 1582 576 1621 eorum
601 1565 1085 1636 augmentationem
1118 1572 1491 1629 texentes,nec
1520 1566 1773 1619 timentes
1800 1579 1867 1618 ex
1890 1578 1956 1618 eo

384 1659 619 1713 districti
650 1658 848 1727 judicis
880 1657 1274 1711 examinatione
1322 1657 1586 1711 damnari.
1635 1676 1653 1709 ι
1695 1657 1763 1711 Et
1798 1656 1955 1727 paulo

2068 470 2327 541 plerique,
2359 472 2451 541 qui
2476 490 2574 543 pro
2606 488 2672 529 eo
2697 477 2839 544 quod
2875 478 3126 535 basilicas
3149 481 3300 536 adire
3341 496 3633 553 nequeunt,

2068 568 2122 615 et
2160 561 2412 632 reliquias
2459 574 2767 620 sanctorum
2796 577 2995 636 [musto
3036 585 3142 626 non
3174 571 3396 640 habent,
3432 575 3637 631 idcirco

2066 658 2188 704 vota
2217 666 2436 721 precum
2471 670 2688 719 suarum
2736 658 2803 712 ad
2856 658 3171 724 Dominum,
3225 671 3284 717 ut
3321 674 3632 735 oporteret.

2066 742 2287 811 supplici
2317 745 2598 801 devotione
2623 763 2725 803 non
2755 737 2986 805 fundunt
3016 770 3029 805 :
3059 767 3165 807 non
3200 754 3634 827 animadverten-

2065 840 2145 887 tes
2186 833 2328 903 quod
2356 837 2496 893 Deus
2525 853 2631 892 non
2659 839 2730 892 sit
2750 841 2925 895 minus
2953 841 3004 895 in
3030 853 3182 911 parte
3204 860 3364 914 quam
3394 847 3446 901 in
3485 858 3630 915 toto;

2027 960 2042 989 η
2064 923 2157 976 sed
2187 925 2383 993 ubique
2410 932 2576 991 totus,
2602 929 2801 997 ubique
2828 945 3086 999 ptzesens,
3120 933 3316 1003 ubique
3348 937 3629 993 mirabilis.

2028 1016 2032 1021 ⁴
2066 1014 2214 1068 Unde
2242 1015 2318 1068 ait
2338 1015 2654 1073 Psalmista:
2685 1018 2801 1084 Quo
2823 1022 2904 1074 ibo
2927 1038 2958 1075 a
2984 1024 3170 1092 spiritu
3199 1034 3324 1090 tuo;
3360 1036 3409 1080 et
3435 1045 3466 1081 a
3496 1030 3632 1099 facie

2060 1114 2149 1157 tua
2170 1122 2270 1173 quo
2309 1106 2544 1177 fugiam?
2574 1108 2633 1165 Si
2664 1111 2944 1165 ascendero
2973 1111 3024 1165 in
3061 1112 3267 1179 malum,
3304 1125 3361 1168 tu
3401 1116 3508 1172 illic
3530 1136 3583 1173 es
3608 1136 3630 1174 .·

2058 1198 2106 1255 si
2131 1197 2440 1254 descendero
2483 1199 2536 1255 in
2589 1202 2870 1272 infernum,
2901 1203 3026 1257 ades
3049 1202 3224 1275 (Psal.
3264 1222 3522 1272 cxxxvtu,
3549 1212 3625 1273 7).

2056 1285 2188 1347 Item
2217 1304 2231 1342 :
2258 1288 2324 1344 In
2354 1292 2492 1346 omni
2515 1290 2627 1345 loco
2654 1292 3022 1349 dominationis
3047 1296 3161 1365 ejus
3185 1296 3419 1363 benedic,
3449 1282 3635 1355 anima

2057 1395 2192 1443 mea,
2222 1380 2444 1436 Domino
2472 1381 2632 1453 (Ibid.
2667 1399 2761 1447 cu,
2788 1383 2899 1452 9.2).
2925 1385 3147 1455 Legitth'
3180 1386 3361 1457 itaque
3407 1389 3458 1442 in
3490 1374 3627 1446 libro

2058 1471 2262 1539 Regum
2311 1490 2323 1523 :
2367 1469 2425 1525 Si
2457 1488 2690 1541 egressus
2720 1473 2876 1541 fuerit
2904 1474 3141 1546 populus
3170 1486 3292 1531 tuus
3332 1477 3400 1531 ad
3436 1478 3627 1533 bellum

2054 1572 2235 1615 contra
2263 1562 2495 1617 inimicos
2526 1579 2646 1617 suos
2670 1581 2762 1632 per
2784 1565 2940 1629 viam,
2965 1582 3267 1638 quocunque
3289 1568 3491 1623 miseris
3515 1587 3622 1637 eas,

2054 1650 2275 1705 orabunt
2295 1663 2344 1706 te
2368 1662 2549 1707 contra
2570 1654 2701 1707 viam
2725 1654 2945 1708 civitatis
2967 1672 3123 1726 quam
3144 1656 3361 1727 elegisti,
3377 1668 3425 1712 et
3441 1669 3625 1715 contra

384 1757 508 1819 post
536 1767 547 1799 :
586 1766 603 1796 ε
640 1746 793 1801 Unde
822 1745 1043 1798 multum
1077 1745 1352 1799 tremenda
1386 1754 1512 1802 sunt
1535 1746 1670 1811 haec,
1713 1745 1948 1801 dilectis—
1975 1738 2022 1799 B
2048 1742 2259 1795 domum
2296 1760 2452 1813 quam
2491 1744 2744 1823 (edi/icavi
2782 1746 2977 1800 nomini
3020 1758 3109 1801 tuo
3133 1762 3151 1798 :
3179 1759 3228 1803 et
3273 1751 3517 1807 exaudies
3567 1752 3623 1808 in

381 1841 550 1901 simi,
606 1846 662 1892 et
710 1837 870 1908 digno
920 1838 1320 1906 expavescenda
1379 1838 1607 1902 timore,
1661 1838 1951 1906 sedulaqne

381 1927 793 1998 pnmavendum
820 1926 1101 1989 industria,
1133 1941 1198 1978 ne
1230 1925 1450 1980 veniens
1480 1926 1804 1994 improvisus
1832 1941 1951 1994 per-

380 2034 598 2072 versum
629 2017 755 2087 quid
783 2016 1071 2078 immerito,
1103 2015 1277 2079 nobis,
1309 2017 1448 2070 unde
1484 2016 1732 2088 [merito]
1769 2016 1950 2088 ﬂagel-

354 2096 483 2162 ‘lari
529 2123 594 2161 ac
640 2107 708 2160 de
740 2106 968 2161 ecclesia
1016 2105 1139 2174 cjici
1190 2105 1512 2171 debeamus,
1572 2106 1843 2172 inveniat;
1895 2118 1949 2175 et

376 2199 614 2252 maxime
654 2199 707 2250 in
749 2196 835 2250 illa
862 2208 980 2265 qua:
1009 2196 1308 2266 specialiter
1334 2197 1526 2252 domus
1563 2198 1823 2267 orationis
1850 2213 1946 2253 vo-

375 2298 553 2351 ratur,
600 2286 995 2342 observandum
1024 2300 1091 2340 ne
1133 2286 1261 2355 quid
1291 2285 1529 2355 ineptum
1564 2301 1834 2357 geramus,
1879 2299 1949 2341 ne

370 2394 501 2433 cum
529 2377 824 2431 Corinthiis
845 2376 1123 2431 audiamus
1147 2377 1214 2431 ab
1245 2376 1503 2445 Apostolo
1530 2394 1543 2429 :
1578 2373 1830 2447 Nunquid
1858 2377 1948 2431 do-

373 2488 490 2523 mos
530 2487 634 2523 non
660 2470 856 2523 habetis
882 2469 949 2522 ad
996 2469 1197 2540 agenda
1227 2468 1301 2522 rel
1328 2468 1587 2539 loquenda
1615 2468 1939 2539 temporalia,

372 2574 466 2616 aut
516 2562 785 2616 ecclesiam
820 2562 912 2615 Dei
955 2562 1315 2615 contemnitis?
1336 2561 1387 2632 (1
1416 2558 1539 2615 Cor.
1567 2576 1645 2626 at,
1670 2561 1783 2630 32.)
1813 2562 1942 2619 Item
1976 2618 1979 2623 ,

372 2655 517 2708 idem
544 2654 597 2708 in
624 2655 811 2709 eadem
840 2671 854 2707 :
884 2651 1040 2706 Zelus
1062 2652 1247 2706 domus
1271 2662 1375 2706 tum
1397 2652 1617 2705 comedit
1644 2669 1724 2706 me
1763 2652 1940 2721 (locu;
1964 2710 1975 2715 ‘

374 2762 413 2799 ll
436 2787 451 2807 ,
496 2744 604 2814 i8).
636 2730 883 2801 Zelemus
908 2753 963 2799 et
986 2760 1102 2809 nos,
1134 2744 1330 2799 fratres
1355 2745 1657 2799 charissimi
1679 2784 1695 2810 ,
1726 2745 1942 2799 domum

374 2835 495 2898 Dei,
528 2842 787 2905 quantum
806 2851 1112 2905 possumus,
1155 2850 1221 2889 ne
1261 2835 1389 2904 quid
1419 2835 1468 2888 in
1495 2850 1556 2889 ea
1598 2850 1820 2905 pravum
1852 2848 1941 2904 ge~

376 2934 529 2978 ratur
564 2925 932 3003 insist-smus;
955 2926 998 2979 si
1030 2926 1320 2981 viderimus
1350 2925 1592 2989 fratrem,
1634 2926 1727 2995 qui
1755 2929 1822 2981 ad
1848 2926 1938 2980 do-

375 3032 521 3069 mum
557 3015 648 3068 Dei
671 3017 922 3086 pertinet,
953 3017 1202 3086 superbia
1248 3017 1541 3081 tumidum,
1570 3017 1615 3071 si
1650 3016 1939 3071 detractio-

2052 1831 2177 1884 caelo
2204 1833 2487 1885 orationem
2526 1851 2728 1898 eorum,
2759 1846 2807 1888 ct
2842 1852 3017 1904 preces
3044 1854 3242 1903 eorum,
3270 1851 3316 1893 et
3339 1839 3499 1910 facies
3527 1842 3623 1911 ju-

2050 1920 2244 1975 dicium
2296 1938 2496 1976 eorum.
2546 1921 2697 1988 Quod
2736 1924 2781 1977 si
2824 1926 3167 1993 peccaverint,
3218 1943 3320 1982 non
3366 1937 3440 1983 est
3483 1932 3619 1985 enim

2048 2013 2201 2066 homo
2224 2014 2312 2084 qui
2338 2030 2439 2071 non
2460 2024 2627 2084 peccet
2651 2055 2665 2078 ,
2689 2026 2737 2067 et
2762 2015 2929 2069 iratus
2963 2016 3245 2071 tradideris
3267 2034 3354 2073 eos
3393 2020 3618 2075 inimicis

2047 2103 2182 2165 suis,
2225 2112 2275 2156 et
2321 2104 2509 2174 captivi
2542 2103 2685 2157 ducti
2713 2104 2929 2175 fuerint
2953 2106 3010 2159 in
3057 2117 3251 2161 terram
3288 2109 3616 2165 inimicorum

2046 2210 2259 2248 suorum
2310 2193 2460 2264 longe
2508 2194 2584 2249 uel
2628 2211 2812 2265 prope,
2855 2203 2902 2249 et
2939 2197 3134 2266 egerint
3171 2198 3523 2267 pamitcntiam
3560 2201 3618 2254 in

2046 2288 2200 2342 corde
2220 2304 2316 2341 suo
2347 2285 2538 2341 inloco
2559 2287 2895 2357 captivitatis,
2924 2297 2971 2342 et
3015 2289 3242 2343 conversi
3269 2289 3527 2360 deprecati
3564 2300 3615 2345 te

2046 2378 2238 2448 fuerint
2269 2379 2324 2435 in
2353 2378 2647 2449 captivitate
2670 2396 2768 2435 sua
2805 2378 3030 2459 dicentes
3059 2396 3077 2433 :
3116 2378 3473 2446 Peccavimus,
3514 2381 3615 2459 ini-

2042 2487 2140 2542 que
2163 2470 2380 2540 egimus,
2424 2470 2580 2540 impie
2609 2470 2891 2549 gessimus;
2921 2479 2967 2524 et
2998 2454 3200 2525 reversi
3246 2469 3439 2540 fuerint
3466 2471 3536 2525 ad
3552 2454 3614 2531 te

2041 2564 2097 2617 in
2126 2564 2360 2630 universo
2388 2562 2543 2615 corde
2571 2578 2666 2617 suo
2697 2571 2743 2615 et
2769 2571 2878 2615 tota
2905 2562 3083 2615 anima
3103 2578 3199 2615 sua
3234 2562 3290 2614 in
3330 2569 3469 2615 terra
3509 2561 3614 2615 ini-
3710 2560 3713 2563 ’

2040 2657 2294 2715 micorum
2315 2670 2553 2719 suorum,
2578 2654 2647 2707 ad
2667 2670 2823 2724 quam
2852 2650 3053 2723 captivi
3067 2652 3209 2706 ducti
3236 2664 3387 2717 sunt,
3435 2662 3484 2707 et
3515 2653 3613 2707 ad-

2041 2753 2298 2803 orareriut
2326 2757 2375 2801 te
2401 2754 2582 2819 contra
2611 2748 2746 2800 riam
2780 2756 2932 2801 terra:
2957 2762 3094 2811 sum,
3123 2762 3280 2817 quam
3306 2746 3496 2801 dedisti
3514 2763 3611 2815 pa—

2040 2838 2204 2891 tribus
2224 2853 2422 2903 eorum,
2444 2845 2492 2890 et
2523 2836 2744 2890 civitatis
2764 2852 2920 2906 quam
2942 2835 3160 2906 clegisti,
3185 2846 3232 2890 et
3257 2835 3434 2906 templi
3468 2835 3608 2906 quod

2040 2928 2294 2997 ludificari
2341 2927 2539 2981 nomini
2587 2935 2719 2980 tuo:
2758 2926 3003 3001 exaudies
3039 2927 3095 2980 in
3128 2924 3286 2989 cisio,
3332 2926 3387 2989 in
3421 2926 3605 2995 firma—

2038 3030 2210 3074 mento
2232 3019 2351 3074 solii
2385 3021 2463 3073 tui
2485 3020 2773 3073 orationem
2815 3034 2993 3072 eorum
3037 3026 3084 3071 et
3129 3003 3336 3088 preces;
3363 3026 3418 3072 et‘
3442 3016 3603 3087 facies

372 3108 530 3163 nibus
563 3117 835 3163 assuetum
854 3150 868 3173 ,
898 3110 942 3164 si
975 3092 1219 3164 ebrietati
1264 3110 1605 3169 servientem,
1634 3108 1681 3163 si
1723 3108 1935 3162 luxuria
1963 3087 2007 3149 C
2030 3111 2291 3182 judicium
2318 3126 2495 3163 eorum
2523 3107 2642 3185 (Ill
2692 3106 2821 3178 Reg.
2854 3122 2968 3169 vtu,
2991 3106 3103 3175 44).
3132 3087 3216 3161 Et
3244 3106 3298 3161 in
3339 3106 3476 3161 libro
3499 3106 3606 3160 Da-

371 3208 714 3263 euervatnm,
745 3199 789 3252 si
840 3197 1113 3254 iracundia
1146 3189 1436 3263 turbidum,
1474 3201 1518 3254 si
1550 3199 1655 3254 alio
1684 3200 1935 3268 cuiquam

369 3286 506 3339 vitio
551 3280 905 3352 substratum,
935 3290 1245 3343 Studeamus
1293 3289 1347 3342 in
1394 3297 1653 3357 quantum
1707 3287 1937 3343 facultas

371 3380 630 3447 suppetit,
675 3380 970 3448 castigare,
1000 3379 1200 3449 polluta
1233 3395 1295 3434 ac
1324 3393 1580 3449 perversa
1628 3379 1929 3450 corrigere;

370 3477 427 3520 ct
451 3467 495 3520 si
541 3469 670 3538 quid
696 3468 762 3522 de
791 3468 987 3523 talibus
1013 3469 1298 3523 emendare
1346 3469 1651 3538 nequimus,
1680 3483 1785 3524 non
1818 3470 1936 3524 sine

370 3559 645 3612 acerrimo
688 3560 884 3613 mentis
928 3560 1195 3614 sustinere
1249 3559 1460 3624 dolore;
1515 3568 1570 3614 et
1611 3559 1842 3613 maxime
1880 3559 1935 3613 in

372 3650 486 3718 ipsa
530 3650 694 3719 domo
738 3650 1019 3713 orationis,
1041 3650 1131 3704 ubi
1159 3665 1353 3725 corpus
1396 3651 1605 3705 Domini
1648 3665 1932 3705 consecra—

374 3751 477 3799 tur.
527 3743 618 3796 ubi
648 3742 955 3812 angelorum
1004 3745 1286 3814 praesentia
1335 3760 1547 3814 semper
1592 3746 1781 3805 adesse
1827 3760 1931 3799 non

370 3834 668 3899 dubitatur,
714 3851 782 3888 ne
808 3837 934 3904 quid
959 3837 1218 3905 ineptum,
1268 3854 1334 3892 ne
1356 3838 1484 3907 quid
1529 3847 1791 3902 nostram,
1821 3839 1935 3893 sive

370 3922 670 3977 fraternam
720 3925 1015 3981 orationem
1059 3926 1349 3996 impediat,
1391 3926 1514 3981 totis
1559 3927 1763 3982 viribus
1810 3941 1937 3996 aga-

266 4012 283 4019 ’
369 4029 516 4068 mus.
560 4033 581 4067 ι

439 4104 728 4175 Apostolus
768 4120 999 4176 namque
1042 4106 1288 4162 omnibus
1342 4105 1658 4161 Christianis
1705 4106 1935 4161 stultilo-

370 4195 563 4263 quium
593 4203 644 4250 et
682 4196 1060 4250 scurrilitatem
1103 4197 1314 4265 penitus
1351 4198 1651 4252 cavendam
1683 4212 1803 4251 esse
1842 4196 1933 4252 de-

368 4288 580 4341 cernit:
607 4288 799 4356 quibus
824 4288 993 4358 magis
1027 4288 1274 4342 convenit
1301 4287 1482 4359 lugere
1534 4302 1696 4356 quam
1735 4287 1928 4352 ridere,

364 4378 519 4446 juxta
555 4377 682 4431 illud
723 4379 1088 4448 evangelicum
1117 4394 1131 4433 :
1159 4378 1309 4431 Beati
1333 4378 1423 4449 qui
1451 4377 1646 4448 lugent,
1681 4379 1929 4449 quoniam

368 4469 472 4537 ipsi
503 4467 907 4522 consolabuntur
931 4469 1142 4541 (Matth.
1197 4485 1253 4535 v,
1294 4469 1368 4543 5).
1416 4468 1751 4539 Quapropter
1788 4485 1933 4524 sum-

376 4575 595 4629 mopere
657 4560 905 4615 omnibus
967 4560 1208 4615 fidelibus
1258 4561 1653 4631 procurandum
1703 4569 1822 4626 est,
1874 4572 1935 4616 ut

375 4648 511 4702 nihil
564 4648 616 4701 in
669 4649 898 4703 ecclesia
934 4650 1293 4716 inhonestum,
1344 4659 1438 4705 aut
1470 4651 1810 4721 cogitatione,
1841 4660 1935 4706 aut

372 4742 541 4802 dicto,
573 4746 664 4793 aut
689 4739 832 4795 facto
867 4750 1082 4808 gerant;
1118 4758 1185 4796 ne
1218 4742 1353 4797 forte
1376 4744 1630 4819 καλπίς,
1678 4758 1776 4813 pro
1810 4744 1931 4812 qui-

373 4831 476 4883 bus
520 4828 857 4885 absolvendts
902 4829 1296 4896 conﬂuxerant,
1324 4840 1544 4900 peccata
1593 4833 1933 4887 accumulan-

375 4930 489 4983 tes,
529 4935 634 4974 non
679 4920 1065 4977 absolutionem
1112 4931 1453 4992 peccatorum
1495 4922 1805 4992 acquirunt;
1844 4923 1938 4977 sed

370 5011 548 5082 magis
574 5011 747 5081 funes,
778 5015 973 5083 quibus
1000 5016 1388 5085 quodammodo
1408 5016 1663 5086 ligantur,
1702 5014 1803 5070 sibi
1844 5029 1937 5069 ac-

374 5102 671 5158 cuntulctlt.

935 5196 1158 5252 CAPUT
1216 5197 1355 5251 XIV.
1406 5203 1414 5213 '

382 5299 541 5364 Quod
562 5312 608 5359 et
625 5303 697 5374 fin
724 5303 843 5361 aliis
871 5305 1266 5374 competentibus
1293 5304 1440 5367 locis,
1468 5307 1512 5359 si
1540 5305 1683 5359 locus
1713 5306 1939 5361 basilica:

455 5373 637 5447 procul
661 5374 837 5447 fuerit,
865 5375 1027 5447 oratio
1044 5375 1120 5447 ad
1144 5375 1329 5441 Deum,
1360 5384 1410 5430 et
1434 5376 1684 5445 confessio
1710 5386 1944 5447 peccato-

458 5457 571 5493 rum
599 5442 715 5510 fieri
742 5445 905 5514 possit
937 5453 985 5497 et
1018 5443 1198 5498 debeat

453 5550 606 5606 Sicut
632 5561 757 5608 sunt
788 5554 1026 5609 nonnulli
1053 5554 1143 5625 qui
1172 5556 1358 5613 orandi
1384 5557 1555 5629 gratia
1599 5557 1838 5613 ecclesia:
1869 5557 1936 5612 li—

459 5679 483 5707 ι
512 5668 677 5740 Epist.
702 5669 772 5725 ΞΩ
790 5712 803 5735 ,
825 5672 922 5727 sub
943 5671 1117 5727 ﬁnem.

1958 4436 2010 4495 D

2036 3201 2229 3256 nielis:
2259 3198 2412 3266 Quod
2440 3216 2558 3254 cum
2596 3198 2786 3254 Daniel
2810 3198 3159 3270 comperisset,
3198 3198 3252 3253 id
3289 3208 3384 3263 est,
3413 3198 3607 3252 consti-

2035 3302 2199 3348 tutam
2225 3292 2407 3363 legem,
2436 3288 2707 3361 ingressus
2737 3299 2812 3344 est
2853 3289 3065 3345 domum
3092 3306 3263 3355 suam,
3289 3299 3336 3342 et
3364 3286 3613 3358 fenestris

2035 3385 2227 3455 apertis
2255 3382 2593 3438 incanaculo
2617 3399 2713 3437 suo
2738 3390 2918 3436 contra
2944 3379 3239 3436 Jerusalem
3255 3420 3270 3446 ,
3292 3380 3454 3434 tribus
3475 3389 3605 3434 tem-

2033 3475 2244 3545 poribus
2266 3476 2322 3529 in
2348 3474 2432 3528 die
2452 3473 2686 3544 ﬂectebat
2709 3489 2878 3543 genua
2907 3489 3005 3528 sua
3024 3512 3041 3537 ,
3081 3481 3129 3527 et
3152 3470 3440 3535 adorabat;
3480 3485 3605 3525 con-

2034 3564 2376 3635 ﬁtebaturque
2400 3563 2510 3617 Deo
2530 3579 2647 3628 suo,
2671 3562 2805 3616 sicut
2826 3570 2875 3616 et
2892 3571 3013 3616 ante
3057 3560 3228 3630 facere
3270 3567 3609 3614 consueuerat

2035 3657 2197 3727 (Dan.
2243 3670 2330 3721 vt,
2362 3657 2471 3728 10).
2497 3654 2785 3725 Apostolus
2832 3668 3045 3723 quoque
3089 3653 3166 3706 ait
3206 3662 3223 3705 ξ
3275 3648 3401 3705 Volo
3445 3651 3604 3721 igitur

2035 3747 2170 3801 viros
2191 3763 2342 3799 orare
2366 3746 2421 3799 in
2451 3747 2592 3799 omni
2625 3743 2738 3797 loco
2759 3784 2773 3809 ,
2803 3742 3032 3797 levantes
3067 3757 3226 3811 puras
3259 3756 3445 3793 manus
3489 3739 3602 3791 sine
3656 3736 3661 3745 ’

2034 3835 2116 3889 ira
2141 3846 2189 3890 et
2209 3836 2600 3905 disceptatione.
2636 3826 3007 3903 Hieronymus
3029 3844 3054 3870 α
3091 3832 3158 3885 ad
3205 3828 3553 3884 Eustochium
3583 3844 3597 3880 :

2041 3945 2060 3976 ε
2093 3927 2439 3995 Egredientes
2478 3923 2771 3993 hoSpitium
2805 3931 2978 3976 armet
3008 3921 3210 3986 oratio;
3248 3917 3600 3989 regredienti-

2033 4018 2134 4073 bus
2161 4019 2228 4072 de
2253 4017 2423 4086 platea
2461 4015 2635 4070 oratio
2669 4021 2919 4069 occurrat
2947 4020 3233 4082 antequam
3272 4010 3459 4066 sessio.
3487 4008 3600 4064 Nec

2034 4111 2186 4181 prius
2225 4107 2600 4177 corpusculum
2630 4105 2951 4175 requiescat,
2999 4119 3160 4173 quam
3207 4103 3386 4157 anima
3434 4102 3598 4157 verbo

2035 4198 2129 4253 Dei
2159 4205 2432 4268 pascatur.
2473 4195 2556 4250 Ad
2579 4210 2794 4250 omnem
2840 4204 3040 4256 actum,
3071 4193 3139 4249 ad
3165 4207 3381 4248 omnem
3429 4192 3605 4247 iaces-

2034 4302 2174 4353 sum,
2202 4302 2393 4342 manus
2422 4286 2608 4357 pingat
2630 4300 2865 4340 crucem.
2915 4304 2933 4337 ›

2102 4376 2333 4431 Joannes
2362 4375 2435 4432 Os
2458 4390 2680 4431 aureum
2716 4393 2730 4428 :
2764 4394 2783 4425 ι
2813 4373 3057 4441 Quando,
3093 4372 3288 4443 inquit,
3333 4372 3600 4427 accubue-

2037 4471 2114 4526 ris
2144 4480 2307 4540 super
2330 4477 2558 4524 stratum
2593 4477 2765 4532 tuum:
2794 4475 2850 4521 et
2875 4466 3141 4520 neminem
3168 4463 3417 4519 infestum
3449 4469 3593 4533 pate-

2037 4562 2132 4626 ris,
2164 4569 2448 4629 antequam
2488 4559 2668 4614 veniat
2693 4558 2787 4612 tibi
2818 4571 3038 4611 somnus
3059 4594 3073 4619 ,
3111 4552 3292 4623 profer
3320 4553 3376 4608 in
3420 4551 3607 4608 medio-

2037 4654 2275 4708 codicem
2319 4649 2703 4705 conscientiam
2744 4657 2889 4701 tuam
2913 4686 2949 4721 ,
2980 4645 3326 4699 reminiscere
3374 4649 3594 4712 peccata

2038 4754 2153 4803 tua.
2183 4744 2227 4798 si
2283 4742 2410 4811 quid
2440 4741 2496 4795 in
2538 4739 2721 4802 verbo,
2766 4753 2860 4792 seu
2887 4736 2939 4790 in
2991 4734 3173 4797 facto,
3220 4731 3304 4787 vel
3352 4732 3407 4786 in
3451 4730 3598 4802 cogi-

2039 4831 2244 4886 tatioue
2277 4829 2536 4901 peccasti.
2586 4827 2709 4881 [hcc
2755 4826 2900 4881 enim
2951 4823 3081 4880 dicit
3129 4822 3437 4891 Propheta:
3476 4817 3599 4872 Ira-

2037 4921 2260 4984 scimini,
2305 4929 2353 4974 et
2401 4918 2559 4973 nolite
2604 4932 2853 4988 peccare:
2900 4930 3014 4986 qum
3038 4913 3211 4967 dicitis
3260 4912 3315 4966 in
3357 4907 3598 4963 cordibus

2038 5014 2240 5076 vestris,
2280 5020 2329 5065 et
2356 5012 2410 5064 in
2451 5008 2705 5063 cubilibus
2740 5007 2920 5062 vestris
2964 4999 3366 5074 compungimini
3410 4994 3592 5069 (Psal.

2038 5121 2113 5171 tv,
2141 5103 2218 5175 5).
2259 5102 2363 5158 Per
2403 5101 2542 5156 diem
2591 5116 2698 5155 non
2723 5097 2957 5154 habuisti
3002 5105 3238 5164 tempus,
3284 5088 3376 5146 sed
3412 5088 3600 5144 obser-

2038 5196 2173 5251 vasti
2199 5193 2400 5264 jndicia
2448 5202 2569 5256 tua;
2619 5199 2674 5245 et
2711 5188 3006 5259 iniunctum
3049 5181 3339 5254 negotium,
3373 5188 3599 5234 et'con-

2044 5286 2300 5342 fabulatio
2339 5286 2687 5351 amicorum,
2725 5290 2783 5337 et
2825 5279 3118 5336 domestica
3154 5272 3486 5338 necessitas,
3544 5280 3600 5326 et

2044 5364 2275 5433 ﬁliorum
2320 5391 2472 5440 cura,
2523 5382 2577 5429 et
2612 5374 2852 5445 conjugis
2903 5368 3234 5431 sollicitudo,
3293 5373 3350 5420 et
3394 5363 3598 5421 militiae

2048 5468 2207 5522 timbr
2251 5472 2305 5520 et
2346 5464 2492 5520 mille
2533 5462 2997 5518 circumdederunt
3034 5471 3229 5512 causae.
3275 5454 3500 5524 Quando
3542 5453 3598 5507 in

2044 5557 2295 5613 lectulum
2323 5567 2472 5613 tuum
2515 5554 2726 5611 veneris
2751 5560 2811 5607 ut
2830 5549 3010 5619 sopori
3050 5546 3290 5606 membra
3309 5545 3611 5610 concedas,

2012 5759 2079 5768 ο...
