4064 6190
519 303 610 363 ιη

1560 307 1750 368 tom
1789 263 2336 373 AURDLIANENSIS
2375 307 2674 376 spisso”

2784 283 2803 323 Ι
3625 333 3730 392 159.

516 421 585 476 ad
644 423 986 493 tranquillum
1041 430 1254 493 portum
1300 438 1458 478 nemo
1504 425 1603 479 tibi
1655 425 1914 481 molestus
1951 438 2035 481 est
2057 468 2070 490 ,
2101 436 2148 490 Λ
2181 427 2313 482 Vide
2345 429 2488 482 enim
2516 431 2642 498 quid
2677 433 2747 486 sit
2776 449 2788 484 :
2829 451 2871 488 sn
2895 443 2950 488 tu
2974 452 3178 492 memor
3207 437 3303 498 sis.
3325 439 3469 496 Dens
3493 456 3597 496 non
3625 445 3732 500 erit

515 510 674 565 nemo
702 510 876 580 pulsat
911 528 923 563 :
970 509 1136 565 dicito
1179 511 1231 564 in
1273 512 1435 566 corde
1460 519 1550 567 tuo
1580 519 1635 567 et
1681 514 1874 569 anima:
1907 524 2069 570 tum:

2176 533 2410 583 memor;
2440 521 2484 573 si
2508 529 2561 573 tu
2592 520 2707 588 ejus
2753 522 2947 580 oblitus
2978 525 3162 590 fueris,
3201 527 3340 583 Deus
3368 527 3484 597 ejus
3530 546 3734 588 memo-

512 598 876 671 Expendimus
903 601 1064 665 diem,
1091 615 1124 657 ο
1149 601 1344 666 anima,
1381 602 1506 671 quid
1543 602 1666 658 boni
1695 602 1955 659 fecimus?
1982 614 2075 659 aut
2175 607 2400 660 rabitur.
2440 607 2550 662 Nec
2574 610 2734 673 enim,
2767 611 2811 666 si
2850 627 2955 667 non
2980 614 3198 678 dixeris,
3227 615 3441 686 ignorat
3463 633 3528 672 ea
3565 618 3727 676 Deus.

512 693 639 761 quid
688 693 812 747 mali
855 693 1058 778 aperati
1095 693 1312 748 sumus?
1339 681 1406 748 Et
1448 694 1494 748 si
1525 696 1651 764 quid
1692 696 1818 751 boui
1854 696 2069 762 fecisti,

2171 695 2420 766 Nunquid
2443 713 2471 750 a
2497 706 2547 752 te
2583 698 2693 752 vult
2738 714 2801 754 ea
2844 705 3205 770 cognoscere?
3230 720 3352 759 cum
3378 705 3613 763 faciebas
3640 724 3727 775 ea,

509 784 712 854 gratias
740 799 837 854 age
865 784 972 839 Deo
997 793 1120 850 tuo;
1168 785 1212 841 si
1255 785 1384 854 quid
1432 800 1562 840 vero
1589 785 1750 850 mali,
1781 787 1847 841 de
1874 795 2071 842 cmtero
2169 798 2365 855 przesto
2386 795 2503 841 erat
2527 804 2541 854 ;
2575 804 2696 842 cum
2719 790 3050 856 admitteres,
3090 804 3334 850 noverat.
3366 796 3599 854 Peccare
3620 816 3726 856 non

509 888 577 927 ne
606 871 774 928 facias
806 889 820 927 :
853 883 906 928 et
935 875 1282 930 reminiscens
1311 883 1650 945 peccatorum
1691 885 1912 931 tuorum
1931 917 1947 942 ,
1991 876 2071 932 ef-
2168 875 2451 940 erubuisti,
2483 884 2536 931 et
2553 876 2794 932 conﬁteri
2822 881 3138 936 erubescis?
3183 883 3355 940 Dicito
3381 886 3438 946 in
3465 887 3567 944 hac
3593 890 3724 957 vita,

507 962 671 1019 funde
692 965 975 1034 laerymas,
1004 973 1056 1018 et
1102 965 1302 1033 poteris
1349 966 1402 1019 in
1430 964 1623 1020 lectulo
1658 974 1749 1020 tuo
1773 967 1978 1034 positus
2002 982 2066 1022 ea

2169 975 2228 1020 ut
2257 968 2310 1022 in
2338 968 2425 1023 illo
2446 970 2683 1038 reqttiem
2713 970 2928 1026 habeas.
2977 972 3150 1028 Dicito
3185 975 3545 1045 ingemiscens
3566 989 3620 1035 et
3652 981 3728 1035 la-

505 1054 702 1110 delere.
754 1054 898 1125 Roga
935 1055 1216 1108 Dominum
1244 1063 1410 1119 tuum,
1457 1064 1513 1109 et
1556 1055 1634 1111 sic
1676 1055 1928 1125 permitte
1957 1057 2070 1110 ani-
2166 1071 2434 1127 crymans.
2471 1058 2528 1112 lu
2557 1059 2740 1115 codice
2765 1063 2962 1131 scripta
3002 1072 3129 1118 sunt
3152 1076 3370 1135 peccata
3396 1077 3484 1123 tua
3521 1087 3726 1142 :spon--

504 1159 648 1198 mam
693 1152 838 1198 tuam
867 1159 1138 1214 soporare.
1169 1163 1188 1196 ι
1222 1143 1319 1198 His
1353 1153 1407 1199 et
1443 1145 1653 1200 exteris
1697 1152 1894 1200 sancta:
1920 1143 2065 1200 Serio

501 1246 672 1305 ptum:
715 1237 1008 1290 innumeris
1051 1235 1368 1290 testimoniis
1417 1232 1600 1305 aperte
1645 1235 2061 1302 demonstratur,

501 1329 545 1382 si
570 1326 793 1382 basilica
825 1342 990 1398 prope
1016 1325 1209 1386 fuerit,
1251 1333 1307 1381 et
1340 1325 1671 1395 possibilitas
1712 1327 2061 1396 permiserit,

500 1420 553 1474 in
591 1419 847 1486 basilica;
879 1419 962 1475 sin
993 1427 1170 1474 autem
1216 1419 1400 1494 procul
1425 1417 1621 1484 fuerit,
1649 1420 1848 1501 ubique
1891 1419 2059 1474 Deum

497 1521 598 1578 pro
642 1509 876 1580 peccatis
902 1510 1264 1573 exorandum,
1294 1509 1450 1578 eique
1491 1498 1882 1575 confessionem
1929 1522 2056 1578 pec-

497 1607 742 1653 catorum
767 1597 1084 1664 faciendam,
1111 1613 1575 1668 supernorumquo
1595 1599 1814 1663 civium,
1828 1613 2057 1671 quorum

2163 1145 2246 1214 gia
2273 1158 2614 1215 peccatorum
2640 1156 2855 1206 tuorum
2887 1152 3134 1223 lacrymte
3177 1163 3282 1210 tua:
3309 1166 3453 1212 sunt.
3487 1158 3722 1217 Grandis

2163 1236 2306 1290 cnim
2336 1238 2526 1294 virtus.
2549 1241 2731 1296 Dicam
2761 1241 2855 1296 tibi
2885 1244 3014 1312 quid
3044 1245 3256 1300 valeant
3279 1246 3551 1320 lacrymte.
3582 1250 3722 1318 Quid

2162 1326 2487 1394 martyribus
2526 1328 2716 1393 majus,
2754 1329 2846 1399 qui
2885 1331 3119 1386 animam
3169 1349 3323 1389 suam
3369 1348 3576 1406 ponunt
3623 1357 3722 1410 pro

2162 1421 2336 1475 amico
2364 1423 2494 1476 suo?
2532 1422 2764 1479 Grandis
2803 1425 2970 1494 gloria
3001 1435 3316 1498 martyrum.
3353 1431 3612 1503 Martyres
3641 1433 3721 1489 ef-

2161 1509 2392 1566 fundunt
2415 1513 2749 1583 sanguinem.
2775 1514 3094 1571 Peccatores
3125 1517 3404 1574 effundunt
3432 1521 3716 1592 lacrymas.

2161 1597 2410 1654 Meretrix
2463 1601 2550 1655 illa
2620 1617 2724 1656 non
2779 1601 2917 1658 fudit
2968 1607 3323 1676 sanguinem,
3375 1611 3469 1666 sed
3532 1610 3713 1668 fontes

495 1690 666 1743 virtus
697 1689 838 1752 apud
889 1689 1222 1744 Altissimum
1271 1704 1463 1759 magna
1500 1698 1621 1756 est,
1669 1688 1920 1760 suffragia
1965 1688 2058 1744 de-
2158 1689 2514 1762 lacrymarum
2557 1692 2812 1763 profudit,
2865 1705 2920 1750 et
2974 1696 3170 1752 delevit
3211 1709 3430 1770 peccata
3483 1717 3598 1757 sua.
3648 1705 3718 1759 Et

497 1779 782 1864 poscenda.

1115 1866 1340 1924 CAPUT
1379 1866 1491 1923 XV.

494 1977 645 2043 Quod
676 1976 931 2048 confessio
965 1987 1312 2048 peccatorum,
1364 1987 1573 2048 excepta
1616 1992 1687 2048 ea
1712 1979 1829 2048 quia,
1882 1993 2057 2033 sacer-

561 2048 766 2120 dotibus
819 2047 888 2120 ad
922 2047 1211 2120 _consilium
1252 2047 1614 2120 accipiendum
1653 2047 1918 2120 Deumque
1942 2048 2057 2120 pla-

559 2119 786 2171 candum
811 2117 892 2186 ﬁt,
915 2117 1022 2171 Deo
1045 2120 1099 2171 in
1126 2117 1458 2181 oratione'sit
1476 2117 1734 2187 facienda.

556 2229 770 2285 Fideles
794 2229 992 2285 idcirco
1015 2241 1236 2300 peccata
1260 2247 1357 2285 sua
1397 2231 1764 2286 sacerdotibus
1791 2231 2056 2287 conﬁten-

489 2328 594 2381 tur,
632 2317 883 2386 quoniam
933 2317 1036 2372 illis
1080 2326 1319 2387 potestas
1367 2323 1451 2372 eSt
1491 2333 1522 2371 a
1570 2318 1799 2374 Domino
1860 2319 2051 2374 collata

486 2407 686 2479 ligandi
713 2418 873 2478 atque
899 2409 1155 2464 solvendi.
1185 2409 1267 2464 Ad
1295 2425 1520 2479 quorum
1564 2411 1726 2466 etiam
1763 2409 2045 2480 judicium,

486 2500 818 2567 pcenitentize
840 2508 1078 2569 tempora
1108 2502 1356 2556 subeunt.
1400 2501 1556 2569 Quod
1584 2513 1714 2557 vero
1733 2503 2047 2572 pmniteutia

485 2588 792 2660 prolixitate
837 2592 1094 2660 temporis
1139 2607 1246 2646 non
1282 2592 1351 2646 sit
1380 2593 1673 2662 pensanda,
1707 2593 1802 2649 sed
1841 2594 2046 2649 contri-

380 2665 387 2671 ’
484 2677 630 2732 tione
675 2679 871 2745 cordis,
918 2681 1231 2750 pmnitentia
1275 2681 1441 2736 David
1475 2692 1529 2737 et
1571 2691 1887 2740 cancrorum
1922 2700 2048 2740 san-

487 2773 698 2817 ctorum
749 2765 1125 2835 penitentium
1173 2767 1228 2821 in
1278 2776 1524 2838 promptu
1573 2778 1675 2825 est.
1725 2768 2042 2841 Quanquam

387 2833 398 2853 ’
483 2861 662 2910 autem
699 2833 919 2925 peccata
949 2872 1047 2912 sua
1082 2833 1346 2929 quispiam
1396 2833 1663 2916 sacerdoti
1698 2833 2042 2930 conﬁteatur,

483 2949 539 2998 et
561 2945 630 3020 ad.
649 2943 765 3014 ejus
788 2942 1071 3002 consilium
1101 2955 1341 3018 tempora
1364 2950 1694 3018 paenitentiae
1711 2960 1954 3024 peragat,
1984 2953 2039 3008 in

482 3038 726 3092 oratione
763 3047 941 3093 tamen
994 3041 1126 3106 Deo,
1175 3057 1334 3111 quem
1375 3043 1478 3097 sibi
1518 3046 1790 3112 peccando
1839 3046 2037 3101 iratum

2081 1784 2284 1853 Bquid
2328 1783 2501 1840 dicam
2557 1787 2622 1842 de
2672 1789 2952 1844 meretrice
3006 1799 3061 1844 et
3122 1794 3393 1848 1mmunda
3454 1794 3716 1852 muliere?

2153 1870 2410 1928 Columna
2461 1874 2732 1942 Ecclesiae,
2769 1885 2824 1931 et
2859 1876 3263 1935 fundamentum
3308 1882 3447 1945 lldei,
3501 1885 3710 1955 primus

2151 1966 2425 2033 apostolus
2457 1967 2651 2024 Petrus
2679 1969 2746 2023 ad
2775 1970 3037 2026 ancillula:
3062 1972 3334 2030 vilissimae
3376 1977 3707 2035 muliercula:

2151 2054 2623 2124 interrogationem
2647 2060 2806 2115 tertio
2835 2061 3049 2131 negavit
3069 2062 3234 2117 Deum
3259 2081 3273 2117 :
3315 2067 3556 2134 nunquid
3588 2083 3709 2123 san-

2149 2144 2366 2213 guinem
2403 2144 2575 2201 fudit?
2624 2147 2812 2202 Nonne
2858 2164 3043 2205 amare
3078 2150 3315 2220 profudit
3346 2152 3627 2225 lacrymas,
3655 2167 3710 2212 et

2149 2234 2368 2288 abstulit
2390 2245 2664 2304 peccatum
2694 2254 2866 2302 suum,
2910 2248 2965 2294 et
2993 2241 3193 2310 recepit
3219 2241 3501 2312 pristinam
3540 2246 3712 2317 digni-

2149 2325 2350 2378 tatem?
2375 2325 2580 2382 Habeto
2591 2329 2829 2385 codicem
2853 2332 3242 2387 conscientiam
3264 2343 3431 2400 tuam,
3458 2346 3514 2392 et
3533 2339 3709 2395 scribe

2148 2424 2368 2486 peccata
2390 2418 2721 2488 quotidiana.
2752 2439 2771 2472 ι

2216 2508 2501 2566 Prasmissa
2545 2512 2708 2583 igitur
2757 2514 3110 2570 saluberrima
3138 2519 3440 2574 testimonia
3474 2519 3712 2576 iudicant

2145 2599 2307 2669 quod,
2337 2611 2561 2671 excepta
2590 2601 2952 2671 confessione,
2973 2621 3090 2677 quas
3113 2610 3481 2666 sacerdotibus
3505 2614 3708 2682 absque

2145 2691 2488 2746 cunctatione
2515 2691 2628 2748 ﬁeri
2654 2694 2865 2761 debeat,
2908 2698 3196 2768 unicuique
3232 2700 3287 2755 in
3312 2702 3555 2757 oratione
3597 2703 3707 2759 Deo

2143 2792 2242 2833 sua
2260 2779 2460 2851 iugiter
2484 2782 2592 2837 sint
2634 2783 2936 2839 confitenda
2981 2795 3220 2856 peccata,
3251 2796 3303 2843 et
3328 2790 3616 2860 gemitibus
3646 2801 3702 2846 et

2144 2867 2399 2941 lacrymis
2425 2871 2709 2927 abluenda.
2750 2871 2808 2928 Si
2834 2875 2955 2945 quis
2984 2879 3402 2934 autemcuriose
3449 2881 3587 2936 scire
3611 2897 3705 2937 vo-

2144 2955 2327 3024 luerit,
2370 2959 2461 3015 ubi
2488 2961 2543 3016 in
2583 2961 2731 3018 Novo
2776 2963 3120 3021 Testamento
3147 2966 3354 3039 legatur
3386 2970 3527 3040 quod
3579 2985 3704 3041 pec-

2145 3054 2354 3104 catores
2386 3051 2756 3108 sacerdotibus
2780 3052 3168 3110 confessionem
3197 3059 3547 3128 peccatorum
3578 3077 3704 3116 suo-

479 3126 633 3192 fecit,
655 3137 874 3196 peccata
903 3143 999 3182 sua
1029 3129 1293 3194 confiteri,
1340 3138 1394 3185 et
1420 3133 1488 3186 ab
1523 3146 1588 3186 eo
1612 3135 1843 3189 contrito
1877 3135 2039 3190 corde
2067 3127 2112 3189 C
2144 3151 2263 3191 rum
2297 3137 2476 3194 facere
2500 3141 2750 3208 debeant,
2786 3144 3007 3200 audiant
3033 3148 3174 3216 quod
3206 3126 3500 3204 secundum
3533 3150 3699 3210 Marci

485 3223 540 3270 et
561 3215 875 3287 lacrymosis
913 3217 1157 3286 suspiriis
1183 3219 1394 3272 veniam
1420 3219 1522 3276 sibi
1549 3221 1837 3291 deposcere
1861 3222 2036 3277 debet.

487 3303 639 3358 Tunc
659 3306 800 3358 enim
816 3314 1066 3374 peccator
1087 3314 1236 3362 recte
1262 3309 1374 3364 Deo
1398 3309 1579 3364 dicere
1604 3318 1785 3380 potest
1814 3328 1830 3367 :
1858 3312 2041 3368 Averte

411 3417 416 3420 ·
476 3396 665 3464 faciem
712 3407 856 3452 tuam
898 3417 928 3453 a
965 3404 1187 3470 peccatis
1236 3403 1382 3467 meis,
1425 3413 1474 3456 et
1514 3420 1688 3459 omnes
1728 3405 2039 3476 iniquitates

479 3501 624 3538 meas
647 3485 758 3540 dele
785 3487 954 3558 (Psal.
979 3505 1030 3553 ι,
1072 3488 1184 3562 ll),
1208 3503 1330 3545 cum
1358 3499 1575 3561 peccata
1603 3507 1698 3546 sua
1723 3493 2035 3563 ptenitendo

478 3585 534 3630 et
563 3575 803 3632 deflendo
829 3567 1101 3635 curame
1126 3581 1297 3650 ponit,
1323 3579 1478 3650 juxta
1508 3582 1636 3637 illud
1680 3581 1977 3639 Psalmista:
2016 3603 2028 3638 :

476 3665 550 3720 Et
589 3677 854 3736 peccatum
879 3684 1048 3723 meum
1093 3679 1274 3725 contra
1312 3687 1392 3725 me
1413 3681 1487 3726 est
1529 3689 1737 3742 semper.
1753 3672 1917 3743 (Ibid.
1954 3673 2031 3744 5).

474 3755 544 3809 Et
573 3755 698 3816 illud
729 3745 758 3810 τ’
776 3755 1063 3812 Conversus
1087 3775 1200 3812 sum
1228 3759 1283 3813 in
1323 3777 1554 3815 (erumna
1579 3778 1694 3816 mea
1731 3761 1855 3816 dum
1875 3762 2035 3831 con/i-

474 3847 613 3918 gitur
652 3848 822 3917 spina.
867 3848 1121 3902 Delictum
1161 3865 1333 3903 meum
1366 3852 1629 3920 cognitum
1671 3852 1764 3904 tibi
1804 3852 1925 3922 feci,
1981 3861 2029 3906 et

468 3938 759 4008 injustitias
806 3955 946 3994 meas
968 3955 1070 3993 non
1096 3940 1363 3995 abscondi.
1407 3940 1530 3994 Dixi
1562 3954 1581 3993 :
1619 3938 1918 4011 Conﬁtebor
1939 3944 2032 3996 ad-

468 4047 672 4084 versum
703 4047 783 4084 me
804 4031 1114 4101 injustitiam
1141 4047 1309 4085 meam
1341 4029 1586 4096 Domino,
1611 4041 1663 4085 et
1690 4042 1747 4086 tu
1788 4034 2032 4088 remisisti

470 4121 1023 4193 impietatempcccati
1061 4123 1163 4177 mei
1204 4121 1366 4192 (Ibid.
1405 4138 1554 4187 χιιι,
1607 4121 1685 4195 4).
1737 4125 1805 4179 Et
1858 4124 2025 4179 item:

468 4211 658 4266 Revela
705 4212 927 4266 Domino
973 4213 1107 4266 viam
1141 4221 1304 4272 tuam,
1338 4222 1386 4267 et
1428 4230 1579 4284 spera
1604 4214 1660 4268 in
1703 4225 1909 4280 eum,et
1925 4216 2031 4284 ipse

467 4303 623 4372 faciet
651 4302 810 4374 (Ibid.
835 4318 1020 4367 xxxvr,
1043 4300 1117 4375 5).
1143 4301 1211 4356 Et
1246 4300 1502 4358 Salomon
1534 4318 1745 4373 quoque
1781 4305 1858 4358 ait
1882 4323 1895 4358 :
1923 4304 2026 4370 Qui

467 4392 735 4446 abscondit
766 4391 958 4445 scelera
1000 4409 1117 4456 sua,
1150 4409 1253 4447 non
1284 4393 1575 4463 dirigetur:
1597 4397 1686 4464 qui
1707 4406 1878 4449 autem
1907 4413 2021 4449 con'

467 4498 640 4535 rersus
663 4469 817 4551 fuerit
847 4491 893 4536 et
918 4481 1177 4552 reliquerit
1200 4499 1281 4548 ea,
1305 4485 1714 4539 misericordiam
1753 4503 2026 4559 conseque.
2051 4486 2104 4546 D

466 4583 553 4626 tur
580 4571 759 4643 (Prov.
792 4589 979 4636 xxvm,
1010 4571 1118 4646 15).
1145 4572 1378 4629 Joannes
1399 4574 1672 4650 apostolus
1702 4577 1778 4632 ait
1805 4595 1817 4630 :
1846 4577 1907 4633 Si
1930 4596 2027 4632 au-

466 4677 567 4716 tem
605 4665 946 4733 conﬁteamur
971 4676 1179 4734 peccata
1201 4674 1399 4727 nostra,
1439 4665 1612 4734 fidelis
1640 4676 1689 4720 et
1705 4667 1884 4737 justus
1920 4678 2017 4732 est,

465 4765 522 4807 ut
559 4756 783 4809 remittat
826 4755 970 4809 nobis
1018 4765 1248 4825 peccata,
1287 4766 1334 4809 et
1377 4756 1586 4811 mandet
1631 4774 1722 4812 nos
1765 4760 1830 4812 ab
1881 4760 2022 4815 omni

463 4854 671 4914 peccato
703 4843 754 4915 (Ι
779 4843 939 4898 Joan.
992 4860 1030 4908 1,
1083 4845 1158 4917 9).
1193 4843 1427 4901 Joannes
1473 4845 1547 4902 Os
1573 4862 1796 4902 aureum
1838 4866 1850 4901 :
1885 4847 2022 4913 Quo-

465 4937 606 4990 ni’am
634 4937 956 5007 iniquitatem
999 4954 1166 4990 meam
1209 4955 1301 5008 ego
1350 4955 1617 5008 cognosco,
1653 4949 1700 4993 et
1754 4952 2020 5009 peccatum

464 5042 634 5080 meum
662 5036 841 5080 contra
879 5043 962 5081 me
993 5037 1067 5081 est
1117 5045 1316 5099 semper
1352 5029 1522 5101 (Psal.
1563 5048 1614 5095 ι,
1648 5031 1724 5102 5).
1758 5030 1801 5085 Ο
1824 5033 2020 5087 mentis

465 5117 768 5187 integritas!
804 5117 917 5172 Non
933 5127 1015 5174 est
1041 5119 1235 5174 oblitus
1257 5122 1461 5188 peccati
1485 5123 1566 5175 sui
1593 5131 1646 5176 et
1677 5123 2014 5191 iniquitatis;

463 5207 707 5276 quamvis
743 5223 1059 5262 concessum
1108 5209 1210 5263 sibi
1250 5208 1432 5272 fuerit,
1475 5209 1562 5263 ille
1585 5217 1763 5265 tamen
1798 5211 1852 5264 in
1881 5227 2014 5266 con-

461 5300 683 5354 scientia
713 5298 817 5382 ’sua
855 5309 1108 5371 tanquam
1139 5301 1192 5355 in
1221 5301 1452 5372 imagine
1490 5302 1810 5357 adulterium
1835 5312 1891 5358 et
1919 5304 2014 5358 ho—

460 5395 735 5450 micidium
762 5395 1030 5466 depictum
1059 5393 1307 5459 habebat,
1334 5406 1388 5449 et
1405 5409 1505 5464 per
1531 5396 1769 5466 singulos
1791 5397 1906 5451 dies
1935 5397 2014 5450 vi-

461 5487 622 5539 debat
651 5485 1002 5555 putredinem,
1038 5485 1158 5544 ideo
1187 5485 1394 5539 dicebat
1420 5502 1432 5538 :
1468 5485 1538 5538 Et
1559 5499 1822 5555 peccatum
1841 5503 2010 5540 meum

461 5587 641 5628 contra
670 5593 747 5628 me
769 5586 842 5630 est
880 5593 1103 5645 semper.
1148 5575 1256 5645 Ego
1302 5576 1432 5630 illttd
1478 5576 1653 5640 video,
1685 5587 1739 5630 ιιι
1766 5577 2005 5641 Domine,

467 5666 790 5722 consideras.
824 5666 929 5734 Ego
950 5666 1075 5720 illud
1101 5666 1296 5730 scribo,
1330 5674 1382 5720 tu
1412 5667 1560 5735 quasi
1591 5666 1845 5721 Dominus
1868 5667 2003 5722 dele.

2145 3229 2488 3300 evangelista:
2513 3232 2897 3300 testimonium,
2931 3237 3023 3305 qui
3065 3241 3097 3292 a
3125 3237 3330 3294 Joanne
3357 3241 3704 3312 baptizaban-
3731 3241 3739 3250 ’

2146 3329 2253 3383 tur,
2301 3331 2517 3392 peccata
2538 3339 2633 3379 sua
2656 3324 3049 3382 confitebantur
3084 3327 3276 3400 (Marc.
3300 3347 3340 3394 1,
3362 3329 3436 3402 5).
3465 3331 3702 3388 Audiant

2143 3422 2320 3469 autem
2351 3417 2514 3485 quod,
2541 3418 2867 3485 praedicante
2895 3419 3057 3474 Paulo
3102 3419 3367 3489 Ephesiis,
3409 3420 3568 3476 Multi
3587 3439 3700 3477 crc-

2143 3505 2375 3559 dtmtium
2410 3507 2696 3574 veniebant,
2728 3510 3026 3579 conﬁtentes
3053 3520 3100 3564 et
3142 3513 3507 3567 annuntiuntes
3550 3524 3699 3569 actus

2136 3613 2262 3650 suos
2289 3597 2429 3668 (Act.
2460 3613 2571 3661 χιι,
2613 3599 2724 3655 18).
2752 3600 2818 3654 Et
2847 3602 2900 3655 in
2925 3601 3158 3670 Epistola
3179 3600 3401 3657 Joannis
3430 3603 3652 3674 apostoli
3679 3620 3696 3659 :

2137 3687 2197 3744 Si
2227 3699 2398 3743 autem
2413 3689 2752 3759 conﬁteamur
2770 3705 2978 3763 peccata
3008 3705 3206 3760 nostra,
3235 3695 3404 3764 ﬁdelis
3429 3705 3477 3750 et
3509 3696 3692 3766 justus

2133 3786 2230 3841 est,
2287 3788 2344 3832 ut
2373 3781 2597 3833 remittat
2628 3782 2773 3835 nobis
2795 3793 3002 3852 peccata
3029 3782 3079 3853 (Ι
3093 3783 3252 3838 Joan.
3283 3799 3323 3847 1,
3354 3783 3430 3855 9).
3478 3785 3606 3839 item
3635 3785 3689 3839 in

2123 3871 2371 3942 (Epistola
2397 3871 2582 3928 Jacobi
2605 3875 2864 3944 apostoli:
2895 3873 3223 3944 Conﬁtemini
3251 3877 3558 3930 alterutrum
3573 3893 3692 3945 pec-

2133 3972 2251 4016 cata
2273 3972 2457 4030 uestra,
2486 3974 2535 4018 et
2566 3975 2708 4020 orate
2754 3982 2846 4036 pro
2890 3966 3102 4021 invicem
3151 3978 3208 4021 ut
3231 3966 3498 4022 salvemini
3545 3967 3688 4040 (Jac.

2132 4065 2182 4114 v,
2216 4051 2323 4123 16).

2713 4163 2935 4221 CAPUT
2974 4164 3108 4220 XVI.

2129 4295 2206 4350 De
2235 4313 2294 4350 eo
2331 4297 2470 4365 quod
2505 4297 2728 4368 majora
2785 4306 2995 4368 peccata
3050 4296 3326 4368 sacerdoti,
3379 4297 3683 4368 quotidiana

2266 4381 2384 4420 vero
2412 4376 2458 4420 et
2496 4365 2627 4422 levia
2675 4365 2982 4420 alterutrum
3008 4367 3107 4420 sint
3134 4366 3541 4435 manifestanda.

2200 4495 2364 4551 Moris
2400 4504 2484 4552 est
2501 4497 2758 4553 Ecclesiae
2786 4499 2852 4553 de
2873 4499 3204 4569 gravioribus
3225 4501 3460 4569 peccatis
3502 4514 3683 4554 sacer-

2129 4585 2362 4651 dotibus,
2393 4601 2491 4655 per
2517 4602 2653 4658 quos
2675 4588 2919 4644 homines
2945 4589 3053 4644 Deo
3081 4589 3515 4653 reconciliantur,
3552 4603 3683 4643 con.

2098 4678 2414 4738 lfessionem
2453 4678 2659 4746 facere;
2699 4681 2762 4735 de
2811 4681 3136 4750 quotidianis
3185 4679 3314 4736 vero
3361 4689 3416 4736 et
3469 4680 3678 4756 levibus

2093 4773 2444 4844 'quibusque,
2482 4774 2690 4842 perrari
2738 4784 2865 4828 sunt
2903 4774 2993 4842 qui
3024 4775 3252 4830 invicem
3284 4774 3678 4830 confessionem

2124 4861 2342 4927 faciant,
2379 4863 2617 4932 exceptis
2646 4863 2944 4929 monachis,
2971 4865 3062 4933 qui
3106 4865 3159 4919 id
3188 4866 3427 4934 quotidie
3451 4865 3676 4920 faciunt.

2121 4950 2272 5016 Quod
2297 4965 2425 5005 vero
2451 4951 2517 5005 de
2539 4950 2743 5006 levibus
2770 4959 2824 5006 et
2845 4953 3169 5020 quotidiauis
3208 4954 3442 5024 peccatis
3465 4953 3679 5009 confes-

2119 5040 2202 5094 sio
2237 5048 2422 5094 mutua
2455 5039 2570 5093 ﬁeri
2619 5040 2831 5106 debeat,
2867 5043 3144 5110 sequentia
3185 5042 3548 5098 manifestant.
3591 5041 3681 5098 Je-

2118 5144 2212 5183 sus
2259 5127 2398 5183 ﬁlius
2456 5127 2643 5183 Sirach
2673 5129 2808 5184 dixit
2839 5148 2852 5183 :
2891 5129 3013 5184 Non
3048 5131 3389 5201 confundaris
3434 5131 3674 5200 conﬁteri

2120 5228 2330 5286 peccata
2364 5227 2453 5271 tua
2479 5216 2667 5288 (Ecrli.
2694 5234 2765 5284 1v,
2795 5221 2908 5288 51).
2937 5221 3001 5274 Et
3041 5221 3166 5276 alibi
3205 5239 3217 5274 :
3248 5220 3432 5276 Justus
3455 5221 3510 5275 in
3528 5221 3678 5290 prino

2117 5310 2253 5378 cipio
2281 5319 2553 5364 accusator
2571 5319 2645 5364 est
2670 5311 2752 5364 sui
2793 5309 2972 5382 (Prov.
3006 5327 3158 5377 xvm,
3188 5311 3295 5382 l7).
3326 5312 3394 5366 Et
3420 5310 3678 5366 Dominus

2117 5400 2170 5454 in
2207 5401 2499 5482 E’vangelio
2529 5419 2542 5452 :
2573 5401 2729 5455 Arcta
2757 5412 2804 5455 et
2827 5413 3048 5472 angusta
3082 5412 3155 5457 est
3181 5404 3263 5457 via
3287 5419 3403 5472 quae
3423 5400 3565 5456 ducit
3603 5400 3674 5452 ad

2113 5491 2269 5543 vitam
2297 5490 2508 5560 (Matth.
2541 5507 2636 5556 vn,
2675 5492 2760 5558 14)
2787 5511 2798 5545 :
2830 5493 2932 5547 hoc
2967 5503 3052 5548 est
3086 5502 3423 5563 peccatorum
3463 5489 3674 5545 confes-

2112 5581 2210 5635 sio.
2243 5578 2474 5636 Jacobus
2520 5571 2792 5654 apostolus
2836 5582 2911 5634 ait
2946 5599 2958 5633 :
2994 5581 3322 5648 Con/itemini
3361 5580 3672 5634 alterutrum

2109 5678 2318 5722 occeata
2368 5681 2532 5723 rcstra
2562 5684 2578 5720 :
2603 5681 2648 5723 et
2690 5681 2831 5723 orate
2881 5687 2980 5737 pro
3022 5672 3341 5740 inriccm,ut
3397 5666 3668 5725 miremini
