4064 6190
570 352 675 409 “155

1611 346 1815 406 tonat.
1839 326 2383 402 aunwwsusls
2419 343 2724 403 EPISCUPI
2774 355 2781 361 ο

3676 349 3780 405 156

569 466 947 536 delinquimus,
994 465 1041 521 si
1091 464 1171 521 eis
1214 464 1397 519 illicita
1445 442 1851 519 occurrentibus
1893 442 2122 518 delecie—
2146 462 2197 522 A
2223 459 2455 517 hominis
2497 463 2872 519 rectitudinem
2915 463 3166 533 antiquus
3205 462 3376 520 hostis
3423 465 3508 520 his
3548 475 3783 535 quatuor

573 576 735 617 mur:
764 559 905 614 sicut
941 558 1128 628 vipera
1156 572 1188 611 a
1219 556 1343 612 [iliis
1377 557 1430 611 in
1465 565 1618 612 utero
1646 556 1837 625 positis
1883 554 2119 609 lacerata

568 651 878 723 perimitur,
928 652 999 706 ita
1048 665 1146 705 nos
1171 650 1521 721 cogitationes
1547 657 1744 703 nostra:
1787 649 1925 704 intra
1964 660 2062 702 nos
2093 658 2120 689 ι

572 743 819 798 enutritae
843 742 1108 807 occidunt,
1157 749 1213 797 et
1240 748 1509 809 conceptae
1527 740 1753 795 interius
1792 740 2007 810 vipereo
2031 753 2124 793 vec-

573 846 711 890 ncno
740 840 1077 898 cernsumunt,
1127 831 1469 900 animamque
1512 838 1750 885 nostram
1778 829 1981 885 crudeli
2006 829 2124 884 vul-

573 940 700 981 nere
724 926 1010 994 perimunt.

644 1015 849 1069 Nostrae
874 1015 1067 1085 quippe
1092 1013 1378 1068 voluntatis
1405 1021 1489 1067 est
1521 1012 1873 1082 cogitationes
1910 1010 2123 1067 illicitas

572 1106 752 1159 animo
789 1120 1027 1169 versare,
1060 1105 1264 1175 eisque
1323 1104 1577 1159 oblectari
1608 1121 1620 1157 :
1647 1104 1945 1158 daemonum
1992 1118 2123 1158 vero

571 1206 653 1249 est
688 1196 768 1251 eis
788 1195 1133 1251 incitamenta
1156 1195 1414 1266 praebere.
1454 1193 1569 1248 Non
1599 1207 1727 1264 ergo
1763 1193 2008 1248 diabolus
2029 1207 2124 1246 au-

563 1295 710 1355 ‘ctor,
747 1287 840 1341 sed
878 1286 1120 1341 incentor
1152 1294 1234 1340 est
1260 1284 1651 1340 immundarum
1697 1274 2119 1354 cogitationum;

570 1377 711 1431 sicut
735 1377 924 1432 beatus
965 1376 1318 1448 Hieronymus
1348 1376 1402 1431 in
1454 1375 1855 1430 commentariis
1886 1374 2123 1429 Matthaei

570 1468 909 1539 evangelista:
953 1468 1080 1523 dicit
1107 1468 1135 1507 ιι
1167 1482 1182 1522 :
1219 1486 1236 1519 ‹
1272 1456 1541 1538 Argueudi
1579 1475 1705 1522 sunt
1729 1466 1819 1536 qui
1842 1466 2124 1536 cogitatio-

571 1577 666 1616 nes
710 1577 741 1615 a
790 1560 1000 1651 diabolo
1054 1561 1268 1615 immitti
1304 1568 1515 1630 putant,
1558 1567 1613 1614 et
1661 1574 1768 1614 non
1807 1575 1873 1614 ex
1908 1559 2123 1651 propria

571 1652 720 1707 nasci
748 1642 1037 1706 volnrftate.
1091 1651 1340 1706 Diabolus
1388 1651 1601 1721 adjutor
1637 1665 1756 1705 esse
1787 1662 1844 1705 et
1881 1642 2126 1704 incentor

570 1741 836 1795 malarum
873 1742 1252 1812 cogitationum
1281 1749 1477 1809 potest,
1524 1748 1710 1795 auctor
1734 1726 1855 1795 esse
1888 1756 1994 1795 non
2028 1755 2124 1809 po-

572 1839 711 1894 test;
763 1829 845 1884 sin
893 1839 1069 1884 autem
1097 1845 1307 1898 semper
1341 1829 1396 1883 in
1436 1828 1646 1885 insidiis
1680 1829 1889 1899 possit,
1953 1828 2123 1884 levem

568 1920 947 1991 cogitationum
1003 1930 1307 1974 nostrarum
1366 1919 1649 1975 scintillam
1697 1910 1809 1974 suis
1849 1919 2125 1975 fomitibus

486 2036 490 2040 -
570 2011 938 2077 inflammarit,
968 2025 1072 2065 non
1121 2010 1377 2065 debemus
1403 2011 1612 2080 opinari
1634 2025 1755 2065 eum
1787 2011 1966 2066 cordis
1990 2026 2124 2082 quo-

570 2113 675 2174 que
703 2103 912 2159 occulta
948 2103 1150 2166 rimari,
1184 2105 1274 2158 sed
1307 2118 1373 2157 ex
1396 2103 1637 2172 corporis
1667 2102 1853 2157 habitu
1875 2113 1930 2158 et
1962 2104 2127 2174 gesti-

571 2196 672 2250 bus
692 2195 961 2250 aestimare
984 2193 1113 2263 quid
1138 2209 1414 2248 versemus
1445 2193 1790 2248 intrinsecus.
1820 2193 1983 2249 Verbi
2006 2208 2127 2263 gra-

572 2285 662 2346 tia,
694 2285 739 2339 si
768 2284 1045 2355 pulchram
1069 2282 1344 2337 mulierem
1384 2297 1482 2336 nos
1507 2282 1697 2336 crebro
1741 2282 1936 2353 viderit
1965 2280 2127 2349 respi-

574 2392 718 2441 cere,
752 2375 1001 2445 intelligit
1036 2390 1131 2429 cor
1158 2373 1359 2427 amoris
1379 2371 1559 2441 jaculo
1584 2372 1941 2426 vulneratum.
1988 2369 2126 2424 Sunt

574 2480 706 2521 sane
756 2464 992 2519 nonnulli
1027 2462 1119 2532 qui
1158 2462 1281 2517 dum
1306 2462 1466 2518 corde
1490 2469 1769 2532 peceatum
1795 2459 2124 2529 concipiunt,

575 2554 979 2624 faciendumque
1025 2554 1345 2617 deliberant,
1387 2553 1441 2607 id
1485 2562 1578 2608 aut
1606 2552 1797 2607 timore
1849 2534 2123 2617 omittunt,

573 2656 666 2705 aut
694 2646 1003 2702 dillicultate
1046 2645 1337 2715 adimplere
1363 2644 1748 2714 nequeunt:hi
1803 2642 2046 2714 profecto
2070 2642 2127 2696 in

576 2741 757 2806 domo,
787 2740 838 2794 id
877 2748 978 2805 est,
1012 2739 1066 2793 in
1089 2739 1247 2794 corde
1276 2736 1595 2802 moriuntur,
1644 2737 1868 2806 ideoque
1908 2734 2129 2790 necesse

544 2842 549 2845 ‘
578 2840 746 2889 estut
780 2830 1150 2899 hujuscemodi
1177 2829 1229 2884 in
1276 2828 1471 2883 talibus
1499 2827 1915 2898 cOgitationibus
1949 2841 2007 2881 se
2036 2826 2128 2880 de-

576 2925 799 2994 liquisse
842 2928 1198 2992 cognoscant;
1222 2928 1277 2975 et
1319 2935 1417 2990 per
1443 2918 1834 2974 confessionem
1863 2917 1931 2973 ad
1955 2914 2130 2986 poeni-

577 3014 756 3071 tentiae
806 3012 1038 3067 lamenta
1088 3010 1429 3083 confugiant,
1493 3018 1909 3078 sanctorumque
1962 3007 2130 3061 inter-

575 3108 845 3163 cessiones
876 3114 931 3161 et
953 3106 1151 3164 auxilia
1181 3108 1501 3176 deposcant;
1545 3113 1812 3175 quatenus
1845 3120 1875 3157 a
1901 3102 2129 3158 Domino

573 3199 698 3253 Jesu
725 3198 959 3262 Christo,
982 3199 1068 3253 cui
1090 3198 1266 3253 omnia
1286 3198 1492 3262 vivunt,
1526 3198 1698 3252 instar
1724 3195 1867 3251 illius
1893 3195 2016 3252 filiae
2038 3211 2128 3250 ar-

574 3290 946 3361 chisynagogae
973 3289 1028 3342 in
1054 3289 1232 3355 domo,
1258 3288 1311 3343 id
1335 3297 1437 3355 est,
1469 3288 1525 3342 in
1546 3288 1728 3355 corde,
1758 3286 1825 3342 ad
1846 3287 2012 3342 vitam
2040 3302 2128 3344 rc-

577 3387 826 3443 suscitari
840 3382 1199 3441 mereantur.i
1652 3386 1657 3399 ‘

643 3479 872 3549 Oportet
901 3480 1080 3548 itaque
1115 3489 1176 3532 ut
1221 3491 1407 3532 omnes
1433 3490 1463 3529 a
1493 3476 1603 3530 suis
1655 3475 1910 3531 cordibus
1938 3474 2124 3532 noxias

579 3573 952 3649 cogitationes,
969 3569 1132 3625 veluti
1159 3584 1371 3623 muscas
1398 3566 1722 3633 immundas,
1759 3566 1936 3621 divina
1966 3578 2127 3635 opera

575 3662 923 3741 suifragante,
951 3659 1259 3731 prepulseut
1286 3677 1298 3713 :
1322 3666 1382 3713 ut
1399 3658 1541 3712 enim
1569 3658 1688 3726 quis
1713 3673 1744 3711 a
1770 3665 1914 3712 veste
1937 3671 2055 3723 sua,
2082 3656 2139 3737 si

576 3754 849 3825 quidpiam
867 3753 1105 3809 sordium
1140 3751 1195 3806 in
1230 3766 1346 3806 eam
1376 3748 1649 3811 ceciderit,
1680 3749 1925 3818 protinus
1946 3747 2000 3802 id
2033 3748 2129 3802 ab-'-

572 3846 713 3919 jicit,
736 3848 809 3901 ita
832 3846 1179 3901 nihilominus
1205 3842 1555 3915 cogitationes
1583 3840 1884 3895 Immundas
1911 3855 1942 3893 a
1968 3839 2130 3895 corde
2175 3894 2182 3902 _

575 3956 672 3995 suo
698 3937 928 4007 abjicere
950 3940 1107 3993 debet
1138 3955 1151 3990 :
1176 3935 1428 4006 quoniam
1444 3934 1582 3989 sicut
1604 3933 1801 4004 ignitus
1819 3931 1980 3986 carbo
2005 3944 2127 3986 cum

577 4030 631 4084 in
682 4028 855 4098 aliqua
909 4036 1064 4097 parte
1109 4016 1351 4096 cdrporis
1376 4021 1558 4093 lapsus
1604 4014 1790 4086 fuerit,
1827 4020 1932 4074 nisi
1985 4018 2129 4075 illico

580 4104 883 4191 rejiciatur;
920 4120 1116 4184 exurit,
1166 4119 1237 4173 ita
1262 4125 1317 4173 et
1339 4114 1690 4187 cogitationes
1714 4110 1959 4177 sordida),
2010 4127 2132 4182 quae

577 4230 635 4267 se
664 4212 931 4268 mentibus
963 4210 1211 4265 humanis
1241 4209 1541 4277 importune
1580 4206 1924 4284 immergunt,
1970 4202 2075 4258 nisi
2098 4217 2131 4257 a

579 4314 758 4360 mente
784 4304 891 4359 cito
917 4301 1262 4377 repellantur,
1289 4298 1498 4367 peccati
1521 4295 1914 4373 quodammodo
1939 4293 2131 4351 vulnus

576 4398 819 4467 gignunt.

2225 553 2420 613 ictibus
2467 553 2644 626 fregit.
2703 554 2836 611 Nam
2882 572 3104 627 serpens
3145 558 3331 612 suasit.
3374 556 3488 645 ‘Eva
3519 558 3778 615 delectata

2223 652 2327 708 est,
2363 645 2534 705 Adam
2582 648 2877 714 consensit,
2919 649 3011 719 qui
3038 649 3200 704 etiam
3225 651 3515 719 requisitas
3536 651 3791 707 conﬁteri

2224 735 2433 806 culpam
2460 727 2556 809 pe}
2596 739 2877 809 audaciam
2925 740 3115 795 noluit.
3149 760 3167 792 ι
3196 742 3435 810 Quatuor
3460 743 3586 797 item
3610 746 3785 801 modis

2223 839 2503 899 peccatum
2528 839 2933 887 consummatur
2957 832 3011 886 in
3037 847 3200 902 opere
3231 851 3243 886 :
3267 834 3418 903 prius
3443 849 3677 904 namque
3710 835 3787 888 in-

2227 929 2313 974 tus
2357 921 2525 991 culpa
2562 922 2778 993 agitur;
2836 923 3179 991 postmodum
3228 938 3357 978 vero
3423 923 3586 977 etiam
3657 933 3787 981 ante

2222 1009 2410 1064 oculos
2448 1011 2723 1066 hominum
2770 1011 2888 1066 sine
2932 1011 3248 1067 confusione
3286 1021 3470 1068 reatus
3517 1015 3783 1085 aperitur,
3816 1048 3829 1058 I

2226 1100 2421 1157 dehinc
2446 1109 2502 1156 et
2537 1102 2589 1156 in
2617 1103 3059 1158 consuetudinem
3092 1104 3325 1169 ducitur,
3371 1105 3437 1159 ad
3482 1114 3786 1162 extremum

2226 1206 2438 1262 quoque
2462 1193 2546 1247 vel
2568 1192 2716 1248 falsae
2738 1194 2852 1264 spei
2878 1194 3301 1262 seductionibus,
3325 1196 3409 1250 vel
3424 1197 3787 1251 obstinatione

2227 1284 2438 1365 miserae
2466 1285 2858 1354 desperationis
2905 1283 3194 1341 enutritur.
3240 1286 3362 1345 Haec
3412 1298 3643 1359 quatuor
3666 1306 3787 1360 pec-

2229 1379 2350 1426 cata
2379 1388 2485 1428 non
2508 1375 2605 1430 abs
2653 1391 2711 1431 re
2735 1383 2962 1445 possunt
3001 1376 3225 1449 intelligi
3248 1379 3522 1451 quadrigae
3542 1379 3804 1435 Pharao-'

2200 1449 2332 1531 'nis,
2383 1465 2436 1519 id
2493 1473 2597 1532 est,
2655 1466 2899 1522 diaboli:
2937 1468 3162 1538 proinde
3215 1449 3561 1527 necesseﬁest
3606 1481 3669 1526 ut
3712 1464 3787 1527 ab

2227 1557 2475 1612 omnibus
2524 1566 2832 1612 caveantur.
2882 1558 3015 1613 Cum
3072 1558 3216 1612 enim
3262 1559 3413 1629 prius
3461 1556 3787 1630 suggestioni

2229 1657 2575 1720 repugnatur,
2616 1649 2899 1704 delectatio
2928 1652 3054 1704 ’non
3104 1651 3409 1719 sequitur;
3435 1651 3481 1705 si
3524 1667 3656 1706 vero
3700 1652 3788 1707 de-

2224 1737 2500 1794 lectationi
2541 1740 2777 1794 renisum
2820 1737 2999 1803 fuerit,
3050 1724 3420 1795 consensionis
3461 1741 3789 1821 mal-.eopus

2154 1804 2202 1863 Β
2229 1843 2335 1883 non
2358 1829 2656 1900 perﬁcitur.
2687 1828 2757 1884 At
2791 1830 2835 1885 si
2857 1831 3139 1885 consensio
3164 1846 3269 1885 non
3306 1831 3601 1902 repellitur,
3627 1814 3787 1887 insse.

2227 1917 2470 1972 rabiliter
2524 1918 2577 1971 in
2627 1916 2952 1973 defensionis
2988 1918 3266 1973 audaciam
3312 1927 3366 1972 et
3395 1920 3787 1990 desperationis

2224 2008 2634 2064 obstinationem
2690 2008 2928 2074 labitur,
2987 2024 3235 2079 ossaque,
3293 2009 3349 2065 id
3404 2019 3518 2075 est,
3561 2010 3791 2066 virtutes

2224 2102 2418 2156 anima:
2453 2100 2615 2165 illius,
2639 2117 2758 2171 qua:
2787 2101 2872 2156 h's
2903 2101 3048 2156 vitiis
3082 2102 3380 2171 mancipata
3433 2101 3611 2169 fuerit,
3634 2102 3789 2173 juxta

2224 2191 2354 2246 illud
2388 2190 2784 2262 psalmographi
2854 2190 3286 2256 inveterascunt;
3326 2192 3399 2246 ait
3425 2194 3566 2247 enim
3597 2212 3610 2248 :
3642 2195 3789 2259 Qua-

2226 2286 2365 2337 niam
2388 2285 2548 2348 tacui,
2574 2285 2626 2338 id
2666 2292 2766 2350 est,
2796 2300 2904 2338 non
2937 2300 3055 2339 sum
3080 2293 3300 2355 peccata
3328 2301 3442 2340 mea
3477 2267 3777 2350 con'fessus,

2223 2375 2634 2429 inveteraverunt
2696 2375 2869 2428 omnia
2937 2391 3054 2429 ossa
3110 2392 3247 2440 mea,
3302 2376 3354 2430 id
3402 2385 3505 2443 est,
3560 2378 3795 2432 virtutes

2225 2463 2418 2519 animae
2462 2479 2612 2518 mete.
2642 2465 2794 2530 Quod
2830 2479 2959 2519 vero
3007 2463 3300 2535 subiungit,
3348 2465 3474 2521 dum
3510 2464 3789 2519 clamarem

2226 2563 2333 2609 tota
2358 2555 2442 2609 die
2490 2553 2661 2627 (Ρεαι.
2692 2570 2840 2618 xxxi,
2866 2553 2943 2627 3),
2970 2555 3109 2609 idem
3139 2567 3221 2610 est
3244 2571 3306 2611 ac
3331 2556 3373 2610 si
3401 2557 3600 2611 diceret
3624 2574 3636 2609 :
3663 2557 3787 2610 dum

2226 2646 2567 2703 defenderem
2602 2654 2823 2718 peccata
2861 2663 2980 2703 mea
3012 2645 3294 2725 :defensio
3334 2649 3530 2717 quippe
3549 2655 3605 2701 et
3628 2647 3790 2700 obsti-

2227 2738 2373 2792 natio
2398 2748 2739 2809 peccatorum
2760 2739 2814 2793 in
2841 2736 3139 2808 Scripturis
3180 2738 3381 2793 sanctis
3437 2737 3643 2792 clamor
3694 2752 3788 2807 ap-

2225 2827 2475 2897 pellatur.
2506 2818 2840 2901 Quapropter
2877 2845 3215 2899 summopere
3240 2829 3675 2900 perpendendum
3703 2828 3792 2883 his

2226 2928 2310 2977 est
2345 2920 2435 2990 qui
2465 2921 2638 2976 noxiis
2664 2918 3075 2992 cogitationibus
3100 2922 3457 2988 delectantur,
3502 2922 3554 2976 in
3577 2922 3786 2992 qualem

2227 3013 2296 3069 ab
2324 3013 2408 3068 his
2434 3012 2643 3083 culpam
2668 3013 2871 3084 prolabi
2903 3013 3091 3070 soleat.
3286 3015 3305 3029 ‘

2781 3126 3006 3188 CAPUT
3043 3098 3225 3181 thu.

2231 3216 2385 3285 Quod
2401 3218 2744 3289 quorumdam
2781 3217 3070 3272 alienorum
3093 3227 3418 3289 peccatorum
3446 3217 3656 3289 conscii,
3689 3218 3789 3272 nisi

2297 3305 2357 3411 ἴῃ
2402 3287 2775 3343 emendationis
2821 3304 2982 3342 causa
3017 3298 3065 3343 et
3095 3287 3294 3342 salutis
3322 3287 3669 3355 prodiderint,
3699 3290 3783 3342 de-

2319 3367 2557 3429 mquam.

2319 3375 2533 3412 τησκαηι
2541 3396 2557 3412 ο

2298 3474 2625 3541 Conﬁtentes
2650 3481 2855 3530 secreta
2882 3472 3219 3529 confessione
3258 3473 3625 3528 sacerdotibus
3664 3488 3789 3542 pec-

2229 3576 2348 3621 cata
2380 3581 2496 3631 sua,
2523 3573 2578 3620 et
2604 3574 2671 3620 ea
2694 3564 2865 3636 digna:
2913 3562 3242 3633 poenitentia:
3291 3558 3655 3616 satisfactione
3701 3561 3790 3616 de-

2227 3653 2417 3723 lentes,
2443 3673 2779 3728 nequaquam
2805 3664 2929 3711 sunt
2958 3654 3237 3725 prodendi.
3276 3652 3351 3708 De
3379 3652 3620 3723 peccatis
3660 3644 3791 3708 vero

2227 3764 2347 3820 quzc
2372 3746 2537 3803 frater
2559 3730 2610 3801 in
2638 3747 2858 3801 fratrem
2901 3742 3193 3807 admiserit,
3229 3743 3592 3815 evangelicum
3633 3742 3795 3797 docu-

2227 3847 2467 3896 mentum
2504 3852 2725 3908 prorsus
2746 3844 2828 3891 cst
2866 3832 3194 3907 sequendum
3254 3831 3404 3901 Quod
3426 3831 3642 3888 autemd
3664 3848 3791 3887 con-

2230 3929 2326 3985 scii
2351 3928 2702 3999 quorumdam
2728 3927 3021 3981 alienorum
3058 3933 3419 3995 peccatorum,
3449 3923 3549 3979 nisi
3594 3938 3657 3977 ea
3699 3928 3793 3978 aut

2229 3996 2576 4080 correxerint,
2592 4023 2683 4070 aut
2707 4014 3096 4070 emendationis
3117 4015 3285 4086 gratia
3309 4012 3789 4078 manifestaverint,

2230 4112 2285 4167 in
2335 4110 2619 4167 discrimen
2664 4108 3019 4172 adducuntur,
3045 4122 3109 4161 ea
3133 4121 3252 4176 qua:
3289 4113 3589 4175 sequuntur
3617 4104 3792 4159 mani—

2228 4204 2448 4260 festant.
2498 4200 2698 4256 Scribit
2745 4200 2924 4269 itaque
2967 4197 3225 4268 Origenes
3267 4196 3319 4252 in
3365 4195 3586 4251 homilia
3614 4194 3792 4250 Irlibri
3860 4224 3873 4233 -

2229 4292 2494 4350 Levitici:
2542 4311 2560 4344 ι
2598 4290 2904 4354 Videamus.
2936 4288 3127 4358 inquit,
3165 4285 3280 4356 jam
3328 4286 3458 4357 quid
3497 4286 3573 4340 ait
3605 4294 3661 4341 et
3687 4286 3794 4341 ista

2230 4385 2429 4449 anima,
2460 4400 2579 4454 quae
2626 4383 2774 4439 audit
2808 4396 2992 4438 vocem
3037 4378 3351 4449 juramenti,
3402 4384 3454 4434 et
3484 4379 3638 4434 testis
3682 4385 3791 4445 est,

649 4486 816 4540 Nosse
852 4481 1052 4539 etenim
1102 4487 1336 4551 oportet,
1384 4487 1515 4550 quot
1542 4478 1713 4534 modis
1749 4487 2034 4549 peccatum
2076 4475 2131 4535 in
2155 4500 2210 4561 1)
2232 4477 2315 4534 vel
2342 4493 2460 4548 quae
2479 4476 2613 4531 vidit
2632 4475 2854 4546 aliquid,
2881 4481 2935 4529 et
2958 4472 3198 4561 conscia,
3228 4478 3282 4526 et
3306 4486 3416 4526 non
3447 4470 3650 4527 indicat
3674 4488 3690 4526 :
3721 4485 3793 4525 ex

576 4577 758 4640 corde,
807 4582 861 4629 et
903 4581 1035 4643 quot
1066 4579 1402 4643 perpetretur
1434 4569 1485 4624 in
1530 4582 1708 4639 opere.
1760 4565 1913 4624 Unde
1944 4567 2133 4625 beatus

579 4667 873 4738 Gregorius
892 4667 947 4721 in
970 4663 1259 4720 Moralibus
1287 4674 1309 4699 ι·
1345 4680 1357 4716 :
1396 4680 1415 4712 ι
1448 4659 1706 4728 Quatuor,
1734 4659 1928 4730 inquit.
1960 4660 2133 4723 modis

578 4772 854 4835 peccatum
877 4756 1283 4830 pcrpetraturin
1313 4757 1503 4819 corde;
1532 4760 1763 4822 quatuor
1787 4767 2129 4808 consumma-

581 4867 668 4909 tur
694 4855 746 4909 in
776 4867 956 4924 opere.
1000 4851 1057 4905 In
1077 4850 1238 4905 corde
1256 4861 1486 4917 namque
1503 4845 1860 4917 suggestione,
1905 4842 2133 4899 delecta-

585 4949 750 5014 tione,
784 4959 1068 5006 conscnsu,
1093 4951 1148 4996 et
1165 4938 1491 4996 defensionis
1517 4935 1739 5019 audacia
1767 4943 2128 5005 perpetratur.

577 5039 665 5095 Fit
710 5036 854 5108 enim
874 5033 1142 5106 suggestio
1184 5047 1280 5103 per
1299 5026 1686 5094 adversarium,
1734 5025 2015 5082 delectatio
2035 5040 2133 5095 per

577 5142 820 5201 carnem,
844 5138 1137 5181 consensus
1168 5136 1266 5192 per
1294 5120 1561 5191 spiritum,
1609 5114 1933 5173 defensionis
1964 5115 2129 5170 auda-

580 5222 664 5278 cia
704 5217 1129 5293 perelationem.
1168 5213 1490 5282 Plerumque
1541 5208 1718 5278 culpa,
1762 5223 1881 5276 quae
1922 5216 2131 5284 terrere

580 5320 813 5368 mentem
872 5308 1070 5371 debuit,
1125 5303 1352 5369 extollit,
1391 5309 1447 5357 et
1474 5299 1767 5369 deiicienda
1806 5296 1996 5362 elevat,
2035 5295 2131 5350 sed

580 5403 794 5473 gravius
826 5400 1084 5457 elevando
1133 5394 1453 5466 supplantat.
1504 5388 1656 5446 Unde
1682 5395 1738 5444 et
1772 5386 1921 5476 illam
1970 5382 2132 5455 primi

658 5527 684 5554 ⁸
725 5513 933 5567 Nostrae
953 5512 1092 5566 intra
1124 5478 1237 5561 nos.
1294 5502 1386 5558 Sic
1411 5501 1579 5557 codex
1608 5498 1751 5554 Clar.
1801 5493 2127 5567 emendate:

585 5564 746 5655 priori
752 5564 920 5655 editio
936 5564 1133 5655 nostris
1161 5592 1265 5655 non
1289 5578 1557 5655 corrupte.
1581 5568 1724 5655 [nica

586 5635 989 5720 fissuram“,
1030 5647 1293 5704 Acherius
1331 5635 1474 5699 recte
1516 5640 1721 5695 monuit
1760 5635 2055 5706 legendum
2076 5635 2131 5687 in

581 5722 785 5778 insidiis
823 5721 1045 5791 positus,
1153 5786 1165 5791 _
1244 5784 1289 5791 __
1372 5770 1387 5791 ἐ
2052 5738 2055 5745 .

655 5796 679 5835 b
718 5791 795 5867 Ea
824 5778 1120 5846 Comment.
1153 5786 1206 5843 in
1243 5783 1428 5840 Matth.
1455 5797 1572 5853 cap.
1606 5778 1689 5834 l5.

2235 4583 2342 4641 quo
2379 4567 2585 4638 accepit
2624 4567 2787 4621 etiam
2840 4566 2953 4634 ipsa
2977 4556 3254 4632 peccatum
3283 4561 3400 4631 ejus
3445 4564 3561 4618 sine
3607 4561 3812 4626 dubio,

2235 4658 2326 4731 qui
2368 4657 2550 4727 inique
2575 4664 2667 4710 aut
2693 4656 2803 4725 egit
2834 4653 3176 4722 aliquid,.aut
3212 4651 3436 4721 iuravit.
3470 4650 3596 4725 Hoc.
3629 4650 3795 4705 etiam

2234 4748 2531 4806 secundum
2571 4745 2850 4801 historiam
2882 4758 2980 4801 nos
3003 4741 3255 4807 :ediﬁcat,
3283 4752 3339 4796 et
3363 4741 3539 4804 docet,
3577 4754 3646 4794 ne
3694 4754 3798 4793 un-

2235 4854 2394 4910 quam
2417 4838 2472 4892 in
2500 4835 2734 4907 peccatis
2759 4833 2979 4888 alterius
3002 4831 3302 4901 polluamus
3326 4828 3681 4886 conscientias
3704 4843 3800 4882 no-

2237 4940 2398 4993 stras,
2428 4941 2529 4982 nec
2574 4939 2893 4979 consensum
2925 4922 3065 4977 male
3117 4920 3396 4993 agentibus
3436 4919 3793 4989 praebeamus.

2236 5021 2568 5077 Consensum
2605 5023 2783 5070 autem
2818 5015 2958 5080 dico,
2983 5007 3097 5071 nod
3118 5012 3289 5068 solum
3313 5010 3518 5082 pariter
3561 5009 3792 5080 agendo,

2235 5111 2330 5169 sed
2382 5110 2545 5167 etiam
2592 5122 2711 5179 quae
2754 5105 2935 5161 illicite
2978 5113 3128 5176 gesta
3187 5111 3313 5160 sunt
3361 5101 3653 5161 reticendo.
3703 5101 3798 5156 Vis

2236 5212 2414 5259 autem
2446 5194 2586 5257 seire
2625 5198 2752 5269 quia
2782 5196 3120 5255 consentiant
3149 5196 3265 5251 haec
3284 5193 3447 5249 etiam
3472 5189 3798 5262 evang‘elicis

2236 5290 2557 5367 praeceptis?
2577 5291 2695 5361 Ipse
2741 5289 3000 5345 Dominus
3043 5287 3213 5343 dicit:
3249 5285 3309 5341 Si
3339 5284 3529 5339 videris
3560 5282 3795 5351 fratrem

2236 5394 2384 5439 tuum
2411 5396 2639 5454 peccare,
2669 5396 2829 5450 argue
2852 5395 2968 5435 eum
3002 5377 3138 5431 inter
3167 5384 3216 5430 te
3253 5384 3300 5430 et
3326 5374 3496 5446 ipsum
3525 5372 3725 5437 solum;
3746 5371 3795 5426 si

2268 5538 2271 5559 η
2308 5468 2479 5547 οῖίῒ).
2512 5506 2588 5553 tv,
2620 5504 2739 5558 cap.
2764 5488 2855 5552 25,
2884 5488 2937 5559 in
2960 5502 3077 5559 cap.
3110 5486 3150 5559 ξ».
3171 5482 3293 5559 {0b.

2302 5561 2331 5602 ἆ
2360 5561 2512 5627 Quod
2532 5547 2703 5613 autem
2724 5547 2933 5612 conscii.
2961 5547 3334 5627 Sicedidimus
3368 5553 3542 5627 deleto
3573 5547 3797 5605 verbulo

2234 5642 2308 5687 est
2338 5623 2459 5702 post
2484 5628 2791 5683 adverbium
2814 5637 3004 5702 autem.
3031 5624 3313 5702 Acherius,
3334 5623 3423 5694 qui
3451 5631 3625 5678 autem
3670 5628 3796 5675 sunt

2236 5694 2450 5762 conscii,
2476 5714 2633 5763 qttam
2663 5706 2821 5756 recte,
2848 5694 3064 5748 cuilibet
3087 5694 3310 5764 patebit.

2308 5782 2331 5810 ε
2355 5767 2544 5824 llomil.
2569 5768 2632 5832 5;
2661 5764 2826 5823 Levit.
2850 5780 2964 5835 cap.
2995 5766 3048 5833 5,
3075 5779 3214 5820 vers.
3245 5763 3298 5817 l.
