4064 6190
264 332 289 385 i
300 329 366 385 b7

1264 326 1350 386 DE
1380 327 1853 387 lNSTlTUTlONE
1887 329 2170 387 LAICALL
2206 362 2278 375 -—
2302 330 2427 388 LIB.
2467 331 2505 388 l.

3378 333 3472 392 I58

261 461 319 504 te
336 450 582 515 audierit,
605 449 835 504 lucratus
860 450 959 504 eris
980 449 1192 518 fratrem
1218 459 1399 513 tuum;
1430 450 1568 519 quod
1589 451 1633 504 si
1654 460 1702 503 te
1722 465 1821 502 non
1849 453 1897 511 Α
1926 448 2148 507 Nescitis
2207 452 2329 522 quia
2378 452 2632 506 modicum
2690 451 2998 528 fermentum
3041 460 3202 506 totam
3246 466 3473 509 massam

261 540 521 603 audierit,
557 538 741 592 a'dltibe
782 550 947 592 tecum
986 538 1118 592 alios
1147 539 1278 592 duos
1324 538 1399 593 vel
1430 548 1549 592 tres.
1583 538 1733 604 Quod
1775 540 1822 593 si

260 647 366 683 nec
394 631 532 700 ipsos
564 628 930 701 audierithdic
976 620 1241 684 Ecclesia.
1276 630 1337 684 Si
1368 645 1484 684 vero
1530 627 1823 684 Ecclesium

260 736 373 773 non
412 704 671 782 audierit,
714 720 782 773 sit
823 718 915 772 tibi
953 719 1086 773 sicut
1142 720 1372 773 ethnicus
1426 730 1476 773 et
1517 718 1823 790 publicanus

262 808 483 871 (Halm.
511 804 665 873 nun,
685 808 786 879 15).
809 808 1062 878 «Etpaulo
1087 817 1209 879 post
1239 825 1252 862 :
1286 829 1305 860 s
1345 810 1475 865 Cum
1498 825 1627 881 ergo
1652 810 1825 864 Evan-

262 900 389 970 gelii
417 899 525 954 tale
554 899 863 954 mandatum
905 899 997 963 sit,
1044 908 1099 952 et
1149 899 1229 954 lex
1283 899 1576 970 praecipiat,
1624 900 1747 969 quia
1777 899 1823 954 si

261 990 519 1053 tacuerit,
543 990 771 1060 accipiet
795 997 1070 1059 peccatum
1093 987 1208 1056 ejus
1232 1007 1244 1042 :
1276 990 1548 1045 sciendum
1569 998 1652 1044 est
1683 990 1823 1059 quod

252 1086 309 1140 si
341 1085 464 1153 quis
492 1100 559 1140 ea
584 1098 703 1154 qum
726 1082 872 1138 videt
898 1083 950 1137 in
984 1082 1175 1138 delicto
1210 1083 1438 1153 proximi
1470 1083 1576 1148 sui,
1601 1083 1686 1137 vel
1718 1098 1823 1137 non

262 1177 466 1231 indicat
492 1175 789 1231 secundum
816 1175 1071 1246 regulam
1098 1175 1347 1245 superius
1372 1175 1591 1249 dictam,
1622 1173 1716 1229 .vel
1767 1175 1822 1229 in

260 1255 632 1323 testimonium
681 1273 929 1330 vocatus,
955 1280 1059 1319 non
1110 1280 1230 1334 qua:
1273 1280 1399 1319 vera
1424 1273 1567 1328 sunt,
1602 1264 1821 1329 dixerit,

230 1364 544 1429 .peccatum
569 1357 712 1425 quod
733 1355 998 1412 commisit
1028 1355 1136 1417 ille.
1175 1370 1331 1424 quem
1359 1355 1518 1420 celat,
1550 1355 1663 1425 ipse
1700 1370 1822 1409 sus-

256 1451 454 1520 cipiet;
503 1457 562 1503 et
580 1462 741 1518 paena
762 1448 1033 1504 commissi
1060 1446 1361 1502 revolvetur
1384 1446 1449 1501 ad
1469 1447 1759 1501 conscium.
1797 1466 1816 1498 ι

256 1542 390 1598 ltcm
451 1542 594 1596 idem
642 1540 696 1595 in
747 1539 967 1595 humilia
991 1540 1058 1594 de
1102 1537 1283 1594 Achan
1334 1536 1546 1592 iurante
1589 1536 1824 1608 linguam

257 1648 481 1687 auream
508 1651 522 1685 :
563 1630 623 1686 Si
642 1630 942 1702 peccaverit,
966 1629 1364 1700 inquit,ranima
1402 1637 1449 1681 et
1474 1628 1697 1681 audierit
1721 1643 1823 1682 ονο-

256 1743 366 1780 cem
387 1724 642 1794 jurantis,
674 1724 914 1793 testisque
933 1722 1111 1791 fuerit,
1139 1720 1277 1792 quod
1305 1729 1398 1773 aut
1426 1720 1534 1789 ipse
1561 1717 1687 1774 vidit
1730 1728 1821 1772 aut

1922 553 2233 614 corrumpit;
2267 554 2712 627 expurgate'vetus
2753 545 3079 613 fermentum,
3108 552 3165 598 ut
3190 544 3304 598 sitis
3341 559 3475 601 nova

1923 634 2232 703 conspersio,
2259 635 2389 687 sicut
2433 633 2552 687 estis
2577 630 2745 703 azymi
2768 632 2823 705 (Ι
2858 630 2979 686 l'or.
2998 648 3050 695 ν,
3070 632 3147 702 6).
3186 630 3474 704 Gregorius

1920 721 1978 777 iu
2005 722 2142 778 libro
2165 722 2424 777 Pastorah
2453 741 2467 776 :
2505 740 2523 772 ‹
2563 722 2662 789 Qui
2688 722 2855 786 enim,
2887 722 3079 791 inquit,
3103 721 3473 791 proximorum

1921 813 2058 868 mula
2088 813 2393 882 respiciunt,
2423 821 2478 866 et
2504 823 2681 867 tamen
2730 813 2781 865 in
2829 811 3041 866 silentio
3076 809 3315 878 linguam.
3355 824 3472 879 pre—

1921 912 2091 967 munt,
2106 903 2257 972 quasi
2280 903 2581 973 conspectis
2603 902 2915 958 vulneribus
2934 915 3088 956 usum
3106 901 3477 955 medicaminis

1922 995 2239 1049 subtrahunt
2269 1012 2283 1047 :
2328 1001 2383 1048 et
2405 1008 2470 1047 eo
2500 994 2689 1048 mortis
2713 1002 2960 1048 auctores
2980 1000 3125 1056 sunt,
3156 1007 3263 1061 quo
3303 991 3470 1051 virus.

1921 1085 2062 1155 quod
2089 1092 2337 1154 poterant
2379 1098 2594 1149 curare,
2624 1083 2926 1138 noluerunt.
2960 1102 2980 1135 ›
3013 1082 3246 1137 Audiant
3268 1082 3372 1136 hoc
3400 1081 3473 1135 illi

1921 1172 2012 1245 qui
2059 1182 2275 1245 propter
2322 1188 2581 1236 amorem,
2631 1182 2723 1227 aut
2765 1173 3048 1238 timorem,
3101 1180 3194 1225 aut
3238 1171 3476 1229 muneris

1921 1266 2282 1335 acceptionem
2312 1265 2573 1327 malorum
2601 1265 2814 1319 lethalia
2848 1274 3065 1333 peccata
3112 1265 3360 1333 detegere
3397 1279 3476 1318 ro-

1919 1352 2166 1424 fugiant:
2196 1354 2337 1423 quod
2372 1354 2477 1408 nisi
2503 1368 2569 1409 ea
2610 1354 2960 1409 correctionis
2989 1362 3045 1409 et
3087 1353 3275 1408 salutis
3311 1368 3473 1408 causa

1919 1445 2269 1515 prodiderint,
2293 1445 2496 1501 similes
2522 1447 2766 1516 peccanti
2795 1445 2955 1511 ﬁant;
2985 1454 3041 1501 et
3065 1460 3174 1500 uno
3196 1454 3472 1515 peccante,

1920 1537 2126 1593 caneris
2153 1537 2472 1601 tacentibus,
2508 1546 2564 1592 et
2591 1552 2696 1592 non
2722 1537 3153 1608 corripientibus,
3178 1537 3473 1607 periculum

1920 1626 2211 1707 immineat.
2248 1628 2349 1696 Qui
2380 1629 2525 1684 enim
2563 1629 2759 1683 malum
2789 1628 2952 1693 videt,
2982 1637 3037 1685 et
3066 1637 3224 1704 tacet,
3253 1645 3359 1684 non
3385 1644 3477 1684 so-

1920 1718 2030 1772 lum
2060 1719 2115 1773 in
2160 1719 2286 1775 illud
2313 1719 2600 1789 psalmistae
2636 1719 2834 1774 labitur
2882 1721 3110 1775 dicentis
3139 1740 3152 1775 :
3183 1718 3241 1775 Si
3268 1721 3499 1775 videbas.

255 1816 496 1869 conscius
552 1825 648 1879 est,
698 1813 798 1867 nisi
846 1811 1147 1866 indicaverit
1167 1851 1183 1877 ,
1227 1809 1451 1875 portabit
1499 1809 1822 1879 iniquitatem
1850 1803 1896 1862 Β
1923 1809 2111 1879 furem,
2135 1810 2376 1864 currebas
2400 1827 2516 1863 cum
2541 1826 2601 1864 eo
2627 1824 2645 1861 :
2674 1819 2722 1863 et
2765 1826 2878 1863 cum
2904 1810 3156 1864 adulteris
3187 1811 3472 1879 porticum

255 1921 410 1958 suam
462 1902 648 1975 (Leuit.
678 1918 734 1967 τ,
764 1901 811 1972 ι)
854 1921 869 1955 :
905 1898 1043 1981 Item.
1085 1902 1225 1957 idem
1256 1901 1309 1955 ir.
1337 1900 1526 1955 eadem
1548 1912 1574 1940 ι
1605 1916 1619 1953 :
1657 1917 1677 1949 ‹
1712 1897 1819 1953 Sed

254 2006 313 2054 et
356 1990 491 2053 illud
530 2009 635 2050 non
680 1995 850 2050 otiose
874 1993 1349 2050 transcurrendum
1392 1999 1504 2056 est;
1534 1990 1677 2058 quod
1713 2005 1820 2044 uno

252 2096 519 2160 peccante
543 2088 623 2142 ira
652 2101 813 2157 super
836 2100 1050 2141 omnem
1074 2082 1327 2156 populum
1341 2082 1505 2162 venit.
1531 2081 1645 2136 Hoc
1690 2096 1822 2152 quo—

254 2182 420 2235 modo
434 2178 663 2234 accidit?
685 2178 898 2247 quando
917 2177 1221 2232 sacerdotes
1239 2174 1329 2243 qui
1347 2174 1542 2246 populo
1562 2181 1819 2244 praesunt,

252 2285 381 2341 erga
418 2268 791 2338 delinquentes
810 2268 1031 2337 benigni
1055 2266 1241 2324 volunt
1265 2265 1465 2330 videri;
1493 2272 1547 2319 et
1572 2272 1821 2320 verentes

254 2360 599 2430 peccantium
622 2359 834 2429 linguas
858 2373 925 2416 ne
953 2356 1091 2414 forte
1129 2356 1269 2412 male
1297 2356 1364 2411 de
1388 2355 1475 2411 his
1514 2354 1817 2425 loquantur,

252 2449 613 2504 sacerdotalis
632 2449 935 2504 severitatis
975 2448 1336 2513 immemores,
1363 2445 1555 2501 nolunt
1599 2445 1820 2515 implere

253 2541 399 2611 quod
431 2541 692 2610 scriptum
712 2548 795 2595 est
819 2557 835 2594 :
863 2537 1143 2595 Peccantcs
1168 2554 1344 2593 coram
1376 2537 1611 2592 omnibus
1636 2553 1816 2609 argue,

251 2641 309 2684 ut
335 2631 516 2685 cretati
540 2641 729 2684 metum
758 2631 978 2685 habeant
1009 2628 1063 2701 (Ι
1091 2629 1225 2683 Tim.
1254 2644 1310 2696 v,
1330 2627 1443 2699 20).
1476 2628 1544 2683 Et
1576 2628 1772 2684 iterum
1797 2645 1814 2683 :

254 2721 475 2791 Auferte
499 2721 696 2775 malum
723 2722 787 2776 de
811 2721 950 2776 vobis
972 2720 1099 2787 ipsis
1126 2719 1177 2791 (I
1201 2717 1321 2774 Cor.
1349 2735 1402 2783 v,
1434 2718 1544 2789 15).
1573 2718 1683 2774 Nec
1702 2718 1817 2774 zelo

173 2852 185 2861 .
232 2811 351 2866 “Dei
394 2813 644 2866 succensi
680 2812 961 2869 imitantur
990 2808 1303 2881 Apostolum
1353 2809 1657 2865 dicentem:
1689 2808 1818 2865 Tra-

160 2908 175 2969 ξ
254 2904 369 2956 didi
397 2903 701 2973 hujusmodi
738 2903 994 2957 hominem
1016 2903 1071 2956 in
1097 2902 1363 2975 interitum
1390 2901 1599 2964 carnis;
1632 2907 1688 2972 ut
1713 2901 1818 2970 spi-
1846 2974 1850 2979 ἢ

254 2995 389 3048 ritus
417 2994 593 3047 salvus
613 2992 708 3077 fiat
738 2992 898 3064 (Ibid.
940 2990 1017 3064 5).
1049 2991 1233 3061 Neque
1269 2990 1401 3045 illud
1450 2989 1816 3061 evangelicum

254 3088 496 3151 student,
530 3095 589 3141 ut
612 3086 660 3141 si
681 3086 912 3156 viderint
937 3094 1248 3157 peccantem
1271 3086 1442 3155 primo
1470 3093 1674 3140 secrete
1693 3099 1817 3140 con-

1917 1907 2061 1952 tuam
2098 1899 2320 1969 ponebas
2347 1898 2517 1967 (Psal.
2547 1915 2672 1954 mx
2695 1938 2710 1965 ,
2752 1900 2839 1970 18)
2873 1914 2886 1952 :
2925 1915 3111 1955 verum
3146 1900 3306 1956 etiam
3348 1916 3471 1956 cum

1915 1988 2070 2055 Isaia,
2084 2005 2304 2046 necesse
2325 2000 2409 2045 est
2430 1991 2621 2047 clamet
2642 1991 2877 2046 etdicat:
2904 1989 2991 2047 Va:
3012 1992 3136 2046 mihi
3153 1993 3430 2064 quiatacui
3451 2005 3471 2044 :

1915 2080 2036 2149 quia
2058 2081 2135 2134 vir
2152 2080 2379 2151 pollutus
2405 2081 2556 2159 labiis
2580 2099 2672 2152 ego
2698 2098 2812 2135 sum
2839 2082 2992 2155 (Isai.
3019 2098 3094 2147 γι,
3114 2082 3191 2154 5).
3220 2082 3472 2153 Quisquis

1916 2170 2080 2238 igitur
2105 2170 2244 2225 mala
2268 2162 2431 2238 videt,
2453 2180 2505 2226 et
2533 2180 2693 2237 tacet,
2730 2172 2914 2242 procul
2941 2172 3104 2228 dubio
3131 2172 3215 2226 vir
3241 2173 3473 2242 pollutus

1916 2260 2072 2317 labiis
2123 2262 2323 2329 existit,
2358 2271 2412 2318 et
2447 2266 2723 2335 peccantis
2775 2265 2982 2321 facinus
3030 2265 3083 2320 in
3127 2267 3469 2337 semetipsum

1917 2360 2206 2422 retorquet.

2491 2442 2716 2502 CAPUT
2744 2444 2883 2500 XIX.

1918 2559 2070 2628 Quod
2118 2562 2325 2633 gravius
2392 2563 2805 2633 punianturqui
2830 2562 2986 2632 ﬁdem
3027 2560 3222 2618 Christi
3240 2579 3475 2633 percepe-

1984 2632 2129 2704 runt,
2165 2641 2213 2686 et
2234 2633 2289 2686 in
2307 2632 2459 2687 malis
2479 2635 2636 2687 vitam
2666 2632 2949 2704 finierunt,
2980 2650 3136 2704 quam
3153 2632 3470 2703 illi'quisine

1983 2702 2087 2771 [ide
2104 2705 2296 2758 mortui
2321 2713 2466 2767 sunt,
2486 2713 2533 2758 et
2557 2713 2727 2758 tamen
2760 2702 2893 2757 bona
2914 2702 3069 2773 opera
3095 2702 3325 2773 egerunt.

1985 2812 2098 2867 Dici
2143 2812 2280 2868 solet
2306 2828 2336 2867 a
2365 2811 2632 2867 nonnullis
2668 2811 3005 2874 Christianis,
3039 2813 3180 2881 quod
3207 2813 3261 2867 hi
3294 2814 3387 2883 qui
3414 2814 3468 2869 in

1912 2900 2127 2958 Christo
2154 2903 2323 2958 renati
2354 2902 2499 2968 sunt,
2529 2917 2830 2972 quanquam
2879 2902 3139 2958 scelerate
3179 2904 3382 2979 vivant,
3418 2912 3473 2960 et

1913 2993 1969 3048 in
1993 2993 2149 3049 malis
2164 2993 2419 3063 operibus
2440 2993 2579 3048 diem
2596 2993 2854 3048 claudant
2877 3003 3195 3058 extremum,
3222 2995 3473 3051 diuturno

1900 3092 2074 3156 atque
2121 3085 2452 3156 purgatorio,
2501 3100 2605 3139 non
2648 3094 2823 3139 tamen
2877 3092 3135 3156 perpetuo
3187 3085 3294 3156 igni
3348 3094 3474 3142 sunt

252 3179 508 3244 veniant;
538 3185 661 3247 post
699 3151 1113 3232 etiamduobus
1130 3176 1214 3232 vel
1246 3151 1414 3230 tribus
1441 3175 1619 3230 dicant
1672 3172 1810 3230 arbi—
1840 3151 1884 3213 (ἶ
1915 3151 2191 3257 puniendi.
2228 3151 2373 3232 Cum
2431 3176 2581 3232 multi
2621 3176 2723 3232 hoc
2766 3151 3028 3242 asserunt,
3059 3186 3113 3233 et
3159 3151 3317 3253 nullis
3344 3192 3408 3233 ex
3443 3179 3469 3219 ιι

256 3269 391 3323 tris:
406 3268 548 3337 quod
568 3268 614 3322 si
636 3269 1035 3338 contempserit,
1053 3275 1237 3336 etpost
1248 3265 1501 3322 Ecclesiae
1521 3264 1815 3334 correptio-

256 3374 384 3413 nem
401 3375 508 3413 non
531 3358 693 3413 fuerit
713 3358 1025 3413 emendatus
1043 3359 1110 3413 de
1129 3357 1389 3421 Ecclesia,
1402 3356 1546 3412 velut
1562 3354 1813 3428 gentilem

252 3450 453 3506 habeat
472 3457 526 3504 et
548 3448 909 3523 publicanum.
938 3450 1006 3505 Et
1024 3450 1146 3504 dum
1171 3456 1397 3520 parcunt
1423 3449 1531 3514 uni,
1553 3448 1815 3502 universe

260 3539 515 3595 Ecclesia:
545 3538 837 3593 moliuntur
859 3538 1152 3594 interitum.
1190 3538 1316 3604 Quae
1340 3546 1423 3593 est
1442 3538 1545 3592 ista
1571 3536 1814 3592 bonitas?

240 3624 389 3699 Qua:
436 3631 540 3685 ista
576 3627 941 3684 misericordia
990 3629 1105 3684 est?
1130 3628 1235 3684 Uni
1278 3642 1520 3698 parcere,
1547 3635 1603 3682 et
1626 3641 1815 3682 omnes

260 3724 313 3776 in
340 3722 631 3777 discrimen
656 3720 959 3776 adducere?
1007 3719 1271 3775 Polluitur
1294 3720 1434 3775 enim
1459 3733 1527 3773 ex
1561 3735 1665 3774 uno
1690 3733 1815 3789 pec—

195 3866 203 3873 ,
259 3822 443 3867 calore
472 3809 701 3881 populus
741 3828 755 3863 :
788 3810 931 3865 sicut
956 3824 1061 3864 una
1103 3824 1203 3865 ove
1242 3808 1481 3864 morbida
1517 3822 1646 3879 grex
1694 3807 1815 3862 uni-

257 3892 447 3959 versus
496 3902 756 3968 indicitur,
802 3902 884 3956 sic
929 3902 1091 3957 etiam
1137 3915 1247 3955 uno
1271 3899 1352 3954 vel
1386 3899 1699 3965 fornicante,
1730 3898 1812 3952 vel

256 3995 402 4051 aliud
446 3993 806 4065 quodcunque
853 3992 1071 4048 sceleris
1098 3991 1479 4055 committente,
1501 3991 1652 4061 plebs
1696 3990 1815 4047 uni-

256 4104 412 4145 versa
437 4088 713 4159 polluitur.
740 4086 807 4140 Et
825 4086 947 4140 ideo
973 4086 1318 4141 observemus
1341 4098 1440 4137 nos
1483 4083 1731 4163 invicem,
1754 4092 1813 4139 ut

258 4178 676 4248 uniuscujusque
697 4176 1033 4232 conversatio
1069 4183 1195 4229 nota
1214 4174 1288 4228 sit
1315 4174 1546 4228 maxime
1566 4173 1814 4228 sacerdo-

260 4270 401 4324 tibus
430 4278 487 4325 et
528 4261 809 4322 ministris.
848 4266 957 4320 Nec
983 4272 1171 4335 putent
1196 4258 1402 4319 secrete
1428 4261 1607 4317 dicere
1627 4281 1647 4351 ξ
1674 4262 1814 4331 Quid
1838 4278 1849 4287 ·

260 4362 357 4415 hoc
383 4360 451 4415 ad
472 4373 563 4415 me
587 4365 813 4429 spectat,
835 4357 880 4413 si
902 4356 1041 4412 alius
1068 4354 1205 4410 male
1229 4353 1375 4425 agit?
1401 4353 1513 4409 Hoc
1533 4362 1616 4409 est
1636 4355 1813 4410 dicere

260 4458 421 4520 caput
443 4450 512 4504 ad
537 4450 701 4518 pedes
725 4461 740 4500 :
763 4447 898 4514 Quid
926 4446 993 4501 ad
1020 4459 1105 4500 me
1134 4444 1387 4515 pertinet,
1434 4443 1478 4500 si
1517 4443 1718 4508 dolent,
1764 4443 1809 4498 si

1918 3267 2109 3324 divinis
2145 3260 2378 3323 oraculis
2424 3267 2475 3322 id
2535 3265 2800 3321 aﬂirmare
2853 3281 3034 3321 verum
3079 3281 3198 3321 esse
3251 3275 3471 3337 queant,

1918 3360 2206 3416 cavendum
2232 3368 2316 3414 est
2341 3356 2478 3424 illis,
2512 3366 2573 3414 ut
2604 3360 2707 3414 hoc
2735 3374 2839 3413 non
2887 3358 3057 3414 solum
3097 3375 3202 3413 non
3228 3359 3470 3423 credant,

1915 3466 2104 3506 verum
2131 3451 2292 3505 etiam
2316 3466 2416 3506 nec
2439 3465 2506 3505 ex
2529 3464 2624 3504 ore
2647 3449 2961 3519 proferant:
2992 3464 3060 3503 ne
3082 3446 3220 3503 forte
3240 3449 3343 3503 hoc
3386 3448 3470 3503 di-

1917 3544 2105 3607 cendo,
2147 3548 2203 3596 et
2238 3538 2544 3596 seet'alios
2591 3539 2980 3609 quodammodo
3011 3553 3142 3593 vana
3185 3539 3473 3595 securitate

1917 3632 2186 3688 deludam.
2226 3631 2379 3699 Quod
2424 3616 2552 3702 ergo
2597 3630 2864 3685 neminem
2926 3630 3039 3686 sola
3089 3631 3221 3686 ﬁdes
3271 3630 3468 3687 Christi

1918 3724 2035 3779 sine
2086 3723 2340 3793 operibus
2381 3722 2448 3777 ad
2500 3735 2722 3794 regnum
2782 3724 3042 3793 provehat
3086 3730 3376 3786 artemum,
3417 3722 3469 3776 in

1918 3817 2261 3885 subsequenti
2297 3817 2751 3873 demonstrabitur
2799 3814 3048 3886 capitulo.
3095 3814 3245 3881 Quod
3286 3822 3472 3867 autem

1918 3907 2005 3977 qui
2033 3907 2086 3961 in
2134 3905 2348 3976 ﬂagitiis
2372 3892 2630 3966 viventes,
2663 3913 2721 3961 et
2765 3906 2880 3960 haec
2917 3920 3014 3959 nec
3041 3904 3369 3974 paenitentia:
3396 3904 3474 3958 la—

1917 3995 2112 4050 mentis
2135 4010 2231 4071 nec
2253 3994 2709 4066 eleemosynarum
2734 3992 3100 4063 largitionibus
3127 3991 3470 4055 redimentes,

1917 4086 2010 4142 sed
2043 4086 2097 4141 in
2124 4085 2204 4142 eis
2246 4087 2423 4155 potius
2455 4094 2857 4155 perseverantes
2880 4086 3020 4139 diem
3070 4084 3287 4149 obeunt,
3331 4096 3473 4140 atro-
3558 4134 3569 4147 .

1918 4178 2062 4258 ciora
2082 4178 2192 4235 sint
2211 4186 2476 4234 tormenta
2496 4178 2724 4248 passuri,
2753 4191 2912 4248 quam
2938 4176 3012 4230 illi
3043 4176 3153 4247 qui,
3183 4174 3308 4230 licet
3332 4175 3473 4229 lava-

1917 4285 2011 4326 cro
2065 4270 2261 4326 Christi
2294 4270 2345 4325 in
2374 4269 2611 4325 Ecclesia
2646 4282 2979 4339 nequaquam
3025 4276 3149 4322 sunt
3193 4267 3469 4336 baptizati,

1917 4358 2056 4415 bona
2080 4369 2260 4414 tamen
2288 4375 2448 4429 opera
2472 4359 2712 4415 fecerunt
2741 4377 2754 4414 :
2788 4360 2975 4415 subtus
3010 4358 3312 4414 testimonia
3360 4360 3473 4416 col-

1917 4451 2053 4508 lecta
2088 4452 2376 4508 declarant.

260 4506 401 4593 male
431 4506 633 4594 habent
653 4506 815 4608 pedes
830 4537 972 4591 mei?
997 4551 1101 4591 non
1262 4506 1505 4600 interest,
1530 4506 1816 4592 dummodo
1838 4511 1892 4572 Ῑ)
1980 4506 2076 4598 Ᾰίήι
2098 4506 2301 4612 vitaque
2338 4541 2526 4597 Petrus
2560 4559 2574 4595 :
2607 4540 2796 4597 Melius
2840 4506 2976 4596 enim
2998 4541 3104 4597 illis
3143 4542 3316 4612 fuerat
3366 4558 3473 4597 non

256 4638 421 4700 caput
434 4631 498 4684 in
525 4630 753 4684 sanitate
794 4628 1063 4698 perduret.
1111 4626 1217 4681 Aut
1241 4626 1283 4681 si
1311 4626 1455 4699 dicat
1490 4624 1678 4681 oculus
1705 4640 1815 4683 ma-

258 4721 377 4784 nui,
410 4718 531 4774 Non
559 4718 773 4788 indigeo
796 4730 957 4785 opera
986 4724 1100 4779 tua,
1131 4715 1259 4784 quid
1279 4715 1347 4770 ad
1385 4727 1471 4768 me
1514 4713 1744 4783 pertinet
1768 4713 1818 4772 si

253 4809 430 4875 doles,
480 4808 528 4863 si
574 4806 852 4862 vulnerata
897 4804 991 4861 es?
1037 4803 1286 4873 Nunquid
1327 4818 1427 4872 ego
1465 4791 1651 4858 oculus
1686 4816 1818 4856 con-

254 4898 446 4951 turbor
470 4910 538 4950 ex
569 4895 886 4964 aegritudine
919 4894 1044 4949 tua?
1068 4893 1194 4948 Tale
1222 4907 1351 4964 ergo
1377 4900 1461 4947 est
1487 4892 1629 4962 quod
1654 4899 1819 4960 agunt

252 4990 308 5044 hi
334 4989 432 5060 qui
449 4988 706 5044 Ecclesiis
730 4996 986 5057 praesunt,
1019 5002 1135 5042 non.
1148 4987 1440 5057 cogitantes
1476 4986 1602 5056 quia
1646 4998 1811 5039 unum

248 5082 455 5148 corpus
501 5071 702 5137 sumus
736 5089 924 5132 omnes
972 5076 1065 5145 qui
1096 5075 1391 5142 credimus,
1428 5091 1593 5130 unum
1646 5075 1813 5132 Deum

250 5170 541 5232 habentes,
588 5169 681 5238 qui
725 5183 825 5223 nos
866 5168 921 5223 in
966 5167 1172 5223 unitate
1219 5167 1539 5238 constringit
1585 5174 1642 5222 et
1689 5183 1817 5223 con.-

248 5263 410 5318 tinet.
453 5281 474 5313 ι

321 5354 395 5408 Et
434 5352 761 5424 Apostolus:
791 5352 912 5408 Non
949 5352 1150 5415 solum,
1194 5351 1394 5421 inquit,
1446 5351 1535 5422 qui
1577 5349 1841 5419 faciunt;

246 5448 342 5499 sed
379 5447 539 5499 etiam
562 5446 653 5515 qui
671 5445 991 5498 consentiunt
1018 5442 1325 5513 facientibus
1352 5441 1496 5511 digni
1513 5449 1633 5495 sunt
1646 5441 1818 5496 inortc

251 5534 427 5597 (Rom.
457 5551 497 5597 ι,
529 5533 641 5605 52).
674 5535 803 5604 Item
843 5534 983 5589 idem
1030 5533 1081 5587 in
1117 5531 1340 5604 epistola
1368 5531 1437 5586 ad
1462 5530 1768 5586 Corinthios
1797 5546 1811 5584 :

322 5658 349 5684 ι
392 5644 589 5701 ΗαιιιὶΙ.
618 5645 649 5697 7
686 5646 738 5700 in
762 5644 887 5702 Iesu
922 5645 1084 5701 Nave.

328 5716 354 5754 ὶι
384 5716 446 5770 Et
473 5717 635 5772 nullis
654 5732 735 5771 ex.
763 5716 820 5772 lu
844 5734 961 5786 cap.
998 5717 1058 5771 l2
1083 5717 1236 5772 lnstit
1267 5716 1398 5787 Reg.
1428 5713 1565 5770 infra
1590 5733 1603 5768 :
1633 5724 1680 5770 et
1708 5714 1819 5769 nul-

1914 4649 2190 4705 agnoscere
2229 4633 2367 4688 viam
2390 4633 2628 4702 justitia',
2657 4649 2811 4703 quam
2836 4642 2949 4703 post
3002 4634 3316 4703 agnitionem
3345 4631 3478 4686 veri-

1905 4722 2036 4791 tatis
2072 4734 2351 4778 retrorsum
2379 4722 2546 4777 redire
2575 4722 2638 4775 ab
2689 4739 2749 4776 eo
2793 4723 2929 4793 quod
2955 4723 3204 4776 traditum
3249 4733 3321 4777 est
3362 4719 3468 4777 illis

1902 4796 2090 4867 'sancto
2135 4811 2404 4867 mandato.
2444 4811 2669 4881 Contigit
2694 4811 2828 4865 enim
2868 4813 2940 4866 eis
2963 4811 3095 4865 illud
3126 4828 3229 4865 veri
3253 4828 3465 4882 prover-

1906 4901 1984 4956 bii
2005 4915 2023 4952 :
2049 4900 2207 4955 Canis
2228 4916 2458 4971 reversus
2483 4899 2551 4953 ad
2594 4916 2747 4954 suum
2784 4901 3028 4954 vomitum
3051 4917 3070 4955 :
3092 4910 3139 4954 et
3162 4918 3251 4955 sus
3277 4900 3382 4954 lota
3410 4902 3466 4955 in

1908 4989 2174 5043 volutabra
2196 4988 2293 5043 luti
2320 4988 2405 5060 (II
2431 4987 2574 5043 Petr.
2604 5005 2666 5055 ιι,
2689 4988 2802 5061 2|).
2831 4989 2897 5044 Et
2925 4989 3182 5046 Dominus
3208 4990 3260 5045 ln
3292 4990 3467 5045 Evan-

1913 5077 2050 5148 gelia
2076 5091 2089 5129 :
2125 5075 2228 5155 Ille
2245 5086 2414 5131 autem
2444 5095 2619 5132 servus
2661 5081 2752 5149 qui
2781 5081 3011 5151 cognovit
3037 5080 3347 5136 voluntatem
3373 5080 3465 5134 do-

1913 5167 2043 5220 mini
2096 5167 2200 5232 sui,
2227 5174 2273 5221 et
2299 5182 2401 5220 non
2433 5169 2761 5236 prwparavit,
2799 5177 2848 5222 et
2892 5186 2995 5223 non
3038 5170 3158 5240 fecit
3183 5168 3462 5223 secundum

1908 5247 2241 5317 voluntatem
2271 5256 2416 5324 ejus,
2456 5256 2716 5323 vapulabit
2757 5258 2966 5325 multis;
2996 5260 3087 5329 qui
3135 5266 3307 5311 autem
3332 5284 3339 5291 ι
3361 5271 3481 5335 non‘
3529 5283 3541 5298 -

1915 5349 2167 5418 cognovit,
2189 5356 2236 5401 et
2262 5346 2380 5417 fecit
2408 5347 2562 5417 digna
2588 5346 2773 5418 plagis,
2798 5348 3058 5419 vapulabit
3082 5348 3278 5419 paucis.
3306 5345 3464 5402 Omns

1916 5448 2087 5493 autem
2121 5438 2205 5492 cui
2255 5436 2477 5490 multum
2505 5437 2684 5494 datum
2720 5448 2813 5505 est,
2860 5438 3077 5491 multum
3117 5437 3369 5508 quwritur
3395 5438 3461 5492 ab

1916 5544 2009 5588 eo;
2044 5537 2094 5581 et
2129 5527 2213 5579 cui
2253 5526 2729 5583 commendaverunt
2768 5528 3008 5595 multum,
3048 5525 3164 5593 plus
3204 5536 3371 5586 vetent
3396 5529 3462 5582 ab

1918 5640 2000 5694 lus
2028 5640 2082 5694 id
2124 5655 2301 5694 verum
2336 5654 2445 5693 esse
2484 5639 2670 5695 divinis
2709 5640 2932 5694 oraculis
2973 5650 3202 5697 astruere
3258 5640 3469 5695 valeat:

1921 5710 2064 5781 quod
2091 5710 2221 5765 mihi
2250 5708 2461 5781 quidem
2478 5709 2678 5784 melius
2706 5712 2929 5789 videtur.
