4064 6190
591 334 691 392 159

1635 322 1826 382 ΙΟΝᾹΞ
1866 315 2407 380 AURELIANENSIS
2444 310 2742 370 EPISCOPI

3623 324 3626 326 τ
3684 298 3782 354 Ιϐῢ

583 468 643 506 eo
671 448 819 520 (Luc.
848 442 1052 510 xm“,
1080 440 1191 512 48).
1218 439 1348 495 ltem
1373 457 1386 492 :
1416 438 1547 494 Cum
1591 439 1886 494 immundus
1921 437 2133 508 spiritus
2162 436 2208 493 Α
2235 430 2489 493 salvator,
2547 436 2602 482 et
2650 428 2729 482 sic
2769 434 2851 482 est
2897 421 3261 493 accipiendum
3302 419 3443 490 quod
3493 416 3567 472 ait
3595 417 3783 472 beatus

583 540 760 596 exierit
785 538 846 590 ab
875 536 1096 598 homine,
1121 533 1258 587 vadit
1297 548 1387 602 per
1405 529 1517 584 loca
1543 531 1712 594 arida,
1741 539 1789 583 et
1833 538 2014 600 quwrit
2058 545 2131 581 re-

583 631 772 701 quiem,
798 637 846 680 et
873 642 975 680 no”.
1001 624 1190 678 invenit
1218 636 1236 675 :
1271 632 1319 676 et
1345 631 1482 676 tune
1509 621 1653 684 dicit,
1693 619 1937 675 Revertar
1954 621 2006 672 in
2036 619 2132 672 do-

585 736 726 774 mum
761 733 926 770 meum
981 715 1114 768 unde
1155 713 1306 766 exivi.
1355 712 1422 766 Et
1447 714 1491 766 si
1522 704 1723 766 veniens
1751 709 1995 764 invenerit
2021 723 2134 760 eam

586 819 874 871 vacantem,
909 807 1211 860 mundatam
1231 845 1246 866 ,
1271 813 1319 858 et
1362 813 1621 865 ornatam,
1645 801 1806 864 vadit,
1837 808 1884 851 et
1925 797 2136 851 adducit

587 916 757 952 secum
791 907 978 967 septem
1005 896 1134 950 alios
1156 896 1366 965 spiritus
1393 895 1657 964 nequiores
1677 907 1764 945 se:
1792 901 1840 944 et
1865 891 2054 943 intrant
2082 888 2137 940 in

588 990 796 1042 domum
841 987 1004 1051 illam,
1046 996 1093 1040 et
1128 986 1359 1039 habitant
1394 984 1446 1038 in
1473 1001 1553 1037 ea.
1587 983 1651 1035 Et
1691 991 1839 1035 erunt
1866 977 2139 1032 novissima

592 1078 809 1130 hominis
833 1076 971 1129 illius
992 1076 1170 1146 pejora
1211 1073 1467 1144 prioribus
1507 1072 1718 1143 (Matth.
1748 1086 1847 1134 xu,
1881 1068 1993 1137 45).
2027 1066 2143 1122 Ori-

590 1185 752 1240 genes
778 1183 987 1238 quoque
1013 1168 1066 1221 in
1091 1166 1306 1221 homilia
1331 1166 1396 1219 de
1435 1163 1586 1217 initio
1608 1159 1853 1232 Decalogi
1875 1172 1901 1200 ι
1929 1177 1942 1212 :
1975 1177 1994 1209 ι
2032 1157 2139 1212 Ha-

591 1259 778 1315 bitavit
813 1259 955 1313 enim
991 1258 1044 1312 in
1074 1257 1224 1310 nobis
1249 1253 1550 1326 immundus
1591 1252 1829 1321 spiritus,
1858 1245 2142 1318 antequam

592 1350 950 1410 crederemus.
977 1355 1258 1414 antequam
1282 1344 1586 1399 veniremus
1605 1341 1672 1396 ad
1699 1340 1993 1402 Christum,
2020 1353 2143 1394 eum

593 1443 767 1496 adhuc
788 1441 1142 1514 _I'ornicaretur
1165 1438 1339 1492 anima
1367 1445 1548 1490 nostra
1575 1449 1605 1487 a
1633 1433 1761 1496 Deo,
1784 1440 1838 1486 et
1860 1439 2003 1486 esset
2022 1445 2145 1496 cum

593 1534 923 1589 amatoribus
961 1532 1071 1586 suis
1096 1530 1437 1585 daemonibus.
1464 1526 1569 1582 Sed
1592 1532 1936 1596 posteaquam
1973 1521 2142 1577 dixit:

596 1628 858 1703 Revertar
883 1627 950 1680 ad
977 1625 1148 1678 virum
1175 1638 1350 1677 meum
1375 1620 1629 1690 priorem,
1659 1627 1713 1673 et
1735 1617 1878 1670 venit
1897 1615 1963 1669 ad
1995 1613 2149 1668 Chri-

565 1703 568 1708 I
595 1727 760 1781 stum,
788 1716 878 1785 qui
904 1731 1020 1770 eam
1051 1712 1115 1766 ab
1139 1713 1290 1766 initio
1311 1711 1377 1764 ad
1403 1709 1688 1779 imaginem
1728 1721 1880 1761 suam
1923 1703 2159 1765 ereavit,‘

2232 518 2425 572 Paulus
2455 536 2467 571 :
2501 517 2617 588 Ipse
2643 526 2814 570 autem
2841 515 3009 569 salvus
3056 513 3172 576 erit,
3204 513 3276 566 sic
3313 521 3481 564 tamen
3508 509 3658 578 quasi
3693 525 3785 577 per

2230 608 2398 677 ignem
2421 605 2473 678 (I
2494 604 2614 661 Cor.
2643 621 2721 666 ιιι,
2756 604 2842 676 15)
2867 621 2879 634 ο
2916 604 3110 674 poterit
3130 617 3256 670 ergo
3277 601 3485 655 salvare
3513 599 3628 653 sine
3655 613 3786 667 ope-

2227 698 2380 751 ribus
2402 697 2553 758 ﬁdes,
2575 705 2629 752 et
2653 695 2842 751 falsum
2863 695 2967 748 erit
2989 694 3128 763 quod
3155 692 3292 746 dixit
3313 690 3428 759 ejus
3446 689 3786 758 eoapostolus

2233 783 2461 840 Iacobus
2494 803 2506 838 :
2546 785 2736 840 falsum
2782 785 2884 838 erit
2918 793 2972 838 et
3006 783 3132 836 illud
3157 783 3296 853 quod
3326 782 3464 836 idem
3495 781 3606 849 ipse
3653 779 3789 833 Pau-
3857 848 3860 850 γ

2236 877 2320 932 lus
2343 877 2476 932 dixit
2507 895 2520 930 :
2554 875 2748 940 Nolite,
2782 876 2975 944 inquit,
3007 891 3215 936 errare;
3241 888 3399 942 neque
3422 871 3785 940 fornicatores,
3811 880 3819 887 ‘

2238 985 2400 1039 neque
2419 968 2572 1022 idolis
2603 969 2897 1031 servientes,
2924 982 3084 1037 neque
3113 964 3308 1021 molles.
3343 979 3504 1034 neque
3527 961 3791 1015 masculo-

2240 1079 2354 1117 rum
2403 1062 2775 1126 concubitores,
2807 1076 2966 1130 neque
2995 1058 3154 1127 fures,
3183 1055 3586 1126 neque,ebriosi,
3635 1069 3796 1122 neque

2240 1152 2512 1218 maledici,
2569 1169 2728 1223 neque
2778 1166 2996 1220 rapaces
3051 1153 3260 1218 regnum
3322 1145 3417 1200 Dei
3465 1145 3797 1215 possidebunt

2243 1244 2404 1317 (Ibid.
2451 1261 2526 1309 vl,
2588 1243 2662 1316 9).
2693 1241 2750 1297 Si
2771 1243 2914 1297 enim
2956 1241 3008 1294 in
3052 1239 3167 1294 istis
3192 1245 3593 1308 perseverantes
3620 1234 3804 1290 erimi-

2242 1337 2418 1399 nibus,
2443 1343 2622 1390 tamen
2645 1341 2863 1404 propter
2892 1332 3049 1387 ﬁdem
3071 1325 3426 1387 Christisalvi
3453 1335 3641 1388 erunt;
3667 1340 3804 1393 quo—

2244 1428 2402 1481 modo
2425 1427 2478 1480 in
2501 1441 2665 1497 regno
2687 1425 2779 1479 Dei
2805 1439 2912 1479 non
2934 1421 3124 1483 erunt?
3160 1440 3178 1472 ι
3219 1419 3276 1472 Si
3307 1418 3469 1489 igitur
3492 1418 3616 1472 dum
3649 1415 3803 1484 juxta

2245 1518 2604 1588 evangelicam
2629 1515 2945 1571 sententiam
2965 1520 3085 1583 post
3111 1510 3436 1581 agnitionem
3461 1507 3658 1563 Christi
3683 1506 3807 1576 quis

2245 1625 2474 1680 nequam
2507 1608 2734 1664 vivendo
2760 1605 3005 1680 spiritum
3036 1601 3388 1663 immundum,
3415 1599 3508 1669 qui
3535 1614 3566 1652 a
3589 1612 3646 1652 se
3673 1607 3809 1652 tem-

2247 1679 2377 1772 pore
2400 1699 2739 1770 baptismatis
2762 1679 3013 1766 expulsus
3037 1701 3142 1757 est,
3166 1706 3287 1747 eum
3313 1689 3613 1745 dtemonum
3639 1695 3819 1757 scpte-_

596 1775 897 1862 necessario
923 1805 1094 1858 locum
1126 1801 1271 1856 dedit
1299 1775 1765 1868 adulter'spiritus,
1793 1795 1879 1848 ubi
1917 1795 2055 1848 vadit
2084 1792 2150 1845 ad
2178 1775 2224 1834 Β
2253 1793 2406 1846 nario
2429 1791 2531 1846 sibi
2567 1802 2788 1844 numero
2823 1787 3004 1842 addito
3041 1785 3108 1840 ad
3137 1799 3198 1840 se
3228 1782 3405 1839 redire
3434 1779 3580 1846 facit,
3622 1781 3808 1850 pristi-

598 1897 897 1968 legitimum
943 1895 1135 1948 virum.
1188 1889 1434 1959 Suscepti
1481 1903 1607 1958 ergo
1633 1901 1816 1941 sumus
1853 1901 1883 1939 a
1915 1883 2148 1943 Christo,

2251 1897 2484 1954 namque
2518 1882 2732 1936 domum
2769 1878 2823 1932 in
2846 1893 2904 1932 se
2932 1874 3324 1947 quodammodo
3352 1871 3626 1926 vindicare
3656 1871 3810 1934 sinit,

587 1961 924 2044 ~et'mundata
954 1982 1251 2041 estdomus
1283 1991 1467 2038 nostra
1511 1997 1542 2034 a
1580 1977 1818 2050 peccatis
1862 1976 2152 2047 prioribus,
2207 2047 2210 2050 .
2252 1973 2386 2028 ﬁunt
2409 1972 2486 2026 illi
2511 1970 2800 2026 novissima
2828 1967 3010 2037 pejora
3034 1966 3338 2038 prioribus;
3371 1970 3522 2034 patet
3548 1961 3810 2032 profecto,

597 2091 655 2137 et
679 2087 871 2140 ornata
914 2086 997 2132 est
1025 2073 1354 2129 ornamentis
1394 2078 1853 2126 sacramentorum
1895 2066 2151 2131 ﬁdelium,
2196 2051 2208 2064 ’
2253 2065 2298 2120 si
2326 2065 2380 2118 in
2414 2064 2616 2119 eisdem
2651 2061 2903 2131 nequitiis
2924 2060 3090 2114 vitam
3139 2057 3358 2122 ﬁnierit,
3403 2055 3619 2125 gravius
3664 2054 3816 2108 illum

599 2189 720 2244 quae
766 2176 964 2225 norunt
998 2167 1089 2237 qui
1135 2164 1329 2220 initiati
1377 2170 1518 2219 sunt.
1555 2182 1574 2216 ι
1607 2161 1740 2215 ltem
1779 2166 1900 2226 post
1943 2171 2151 2228 pauca:
2253 2172 2414 2226 quam
2459 2170 2552 2210 eos
2594 2141 2684 2224 qui
2725 2153 2849 2207 licet
2888 2150 3046 2206 ﬁdem
3085 2149 3284 2206 Christi
3314 2163 3419 2204 non
3455 2147 3814 2219 perceperint,

607 2239 636 2314 ς’
673 2261 785 2327 Non
813 2260 956 2316 enim
1006 2259 1195 2313 domus
1224 2263 1450 2316 tantum,
1479 2252 1570 2307 sed
1618 2250 1873 2320 templum
1915 2262 2035 2303 esse
2058 2245 2154 2302 de-
2253 2249 2410 2304 bonis
2432 2256 2608 2302 tamen
2633 2245 2884 2315 operibus
2907 2259 3125 2314 operam
3154 2243 3432 2304 dederunt,
3465 2239 3815 2311 puniendum.

555 2396 561 2402 .
604 2357 714 2416 bet,
739 2355 793 2408 in
821 2367 927 2422 quo
954 2348 1160 2406 habitet
1188 2347 1348 2400 Deus.
1376 2343 1434 2399 Si
1463 2358 1590 2414 ergo
1617 2349 1892 2411 acceptam
1932 2338 2159 2410 gratiam
2324 2340 2557 2396 Proinde
2585 2352 2808 2394 necesse
2833 2345 2918 2392 est
2937 2343 2994 2390 ut
3018 2334 3384 2404 unusquisque
3432 2333 3588 2386 ﬁdem
3618 2329 3821 2386 Christi

605 2419 858 2516 negligat,
888 2452 943 2498 et
968 2441 1201 2512 implicet
1227 2453 1285 2495 se
1317 2437 1544 2507 negotiis
1588 2434 1950 2494 stecularibus.
1981 2432 2157 2489 eonti-
2255 2446 2417 2502 quam
2442 2427 2767 2499 perceperit,
2790 2426 3040 2498 operibus
3063 2432 3304 2480 exornet.
3334 2422 3402 2477 Et
3431 2421 3570 2477 sicut
3591 2419 3716 2475 nulli
3753 2422 3822 2474 de

604 2512 712 2590 nuo
754 2512 841 2588 ille
887 2531 1192 2586 immundus
1245 2528 1464 2598 spiritus
1511 2525 1670 2590 redit,
1698 2532 1752 2579 et
1776 2523 2020 2580 vendicat
2056 2522 2159 2578 sibi
2257 2519 2627 2577 misericordia
2682 2517 2778 2574 Dei
2827 2516 3218 2587 desperandum
3255 2519 3359 2578 est,
3393 2512 3467 2566 ita
3513 2526 3670 2566 nemo
3697 2518 3822 2580 post

604 2623 820 2700 domum
842 2629 1136 2676 vacantem.
1173 2619 1240 2673 Et
1274 2631 1341 2672 ne
1375 2616 1568 2670 iterum
1600 2614 1768 2685 possit
1789 2612 1998 2683 expelli,
2029 2611 2162 2667 alios
2259 2614 2399 2670 hanc
2430 2612 2595 2666 vitam
2614 2609 2875 2680 judicium
2899 2608 3018 2675 Dei,
3039 2606 3181 2678 quod
3203 2605 3305 2661 nisi
3325 2603 3530 2674 justum
3563 2618 3684 2658 esse
3713 2617 3821 2656 non

607 2693 789 2768 secum
813 2717 1014 2780 septem
1047 2709 1264 2778 spiritus
1287 2706 1503 2762 adhibet
1531 2706 1817 2783 nequiores
1845 2719 1922 2770 se,
1948 2711 2004 2758 et
2029 2703 2164 2758 ﬁunt
2258 2710 2458 2773 potest,
2481 2701 2583 2756 sibi
2609 2700 2831 2769 aliisque
2853 2696 3211 2753 favorabiliter
3233 2693 3517 2750 molliendo
3541 2699 3822 2761 temperet,

607 2803 894 2858 novissima
933 2797 1382 2869 hominispejora
1423 2797 1710 2868 prioribus.
1753 2816 1772 2849 ι
1802 2781 1878 2850 Et
1922 2793 2066 2850 Beda
2107 2795 2163 2852 in
2261 2801 2317 2849 et
2357 2799 2577 2863 propter
2625 2790 2729 2845 hoc
2749 2788 2803 2843 in
2851 2788 2952 2843 bac
3003 2787 3112 2840 vita
3141 2784 3295 2839 bonis
3335 2782 3584 2852 operibus
3610 2781 3825 2840 deditus

603 2891 982 2966 expositioneb
1008 2888 1275 2960 Evangelii
1304 2889 1460 2943 Lucae
1493 2906 1507 2942 :
1545 2905 1563 2938 ι
1609 2887 1989 2958 Quemcunque
2018 2885 2164 2941 enim
2263 2896 2384 2963 esse
2412 2879 2664 2952 negligat.
2699 2877 3034 2947 Quapropter
3071 2873 3462 2952 procurandum
3492 2881 3575 2926 est
3613 2879 3670 2924 ut
3697 2871 3827 2924 dum

605 2963 727 3057 post
752 2984 1014 3054 baptisma
1045 2981 1157 3037 sive
1177 2980 1415 3051 pravitas
1441 2979 1716 3046 haeretica,
1763 2995 1858 3035 seu
1887 2977 2162 3033 mundana
2265 2975 2321 3031 in
2371 2975 2471 3030 hac
2496 2973 2606 3028 vita
2638 2971 2857 3036 vivitur,
2893 2971 3046 3025 bonis
3095 2967 3349 3038 operibus
3395 2965 3686 3025 insistatur,
3723 2963 3828 3018 Do-
3927 3007 3938 3016 .

603 3054 870 3146 cupiditas
889 3071 1201 3142 arripuerit,
1229 3085 1351 3125 mox
1380 3070 1617 3124 omnium
1646 3076 1950 3139 prosternet
1972 3069 2026 3123 in
2055 3067 2164 3124 ima
2191 3118 2233 3146 η
2267 3066 2414 3122 mino
2441 3071 2690 3120 monente
2732 3077 2830 3133 per
2869 3060 3181 3132 prophetam
3217 3075 3232 3112 :
3276 3057 3410 3111 Date
3458 3055 3678 3109 Domino
3719 3054 3826 3108 Deo

607 3118 869 3146 ω-,ι-υ---υ
889 3118 1201 3142 mur-Mn.
1231 3118 1351 3125 --νη
1647 3118 1948 3139 rum"---
2056 3118 2164 3124 -τ-
2267 3118 2406 3122 me-
2671 3118 2676 3119 κ
2733 3118 2752 3133 ,
2871 3118 2888 3132 ,
2970 3118 2986 3130 .

607 3165 882 3218 vitiorum.
939 3161 1090 3216 Unde
1127 3168 1275 3214 recte
1320 3159 1601 3228 nequiores
1651 3158 1868 3229 spiritus
1914 3158 2166 3215 dicuntur
2191 3118 2235 3181 Ο
2264 3165 2430 3212 vestro
2454 3154 2694 3226 gloriam,
2724 3161 3002 3222 antequam
3028 3148 3461 3212 contenebrescat,
3484 3155 3532 3200 et
3552 3154 3828 3214 antequam

609 3253 865 3324 ingressi;
910 3237 1033 3321 quia
1058 3264 1164 3304 non
1190 3248 1362 3303 solum
1409 3246 1624 3303 habebit
1661 3247 1748 3302 illa
1775 3255 1978 3317 septem
2015 3247 2165 3313 vitia,
2263 3247 2528 3318 o/fendant
2549 3245 2699 3318 pedes
2723 3244 2876 3298 vestri
2906 3243 2975 3296 ad
3013 3249 3215 3317 montes
3258 3238 3566 3310 caliginosos
3608 3230 3826 3305 (Jereni.

609 3358 729 3411 qua;
777 3352 976 3411 septem
1007 3339 1336 3410 spiritalibus
1380 3337 1644 3394 contraria
1694 3345 1821 3393 sunt
1841 3337 2166 3404 virtutibus,
2265 3355 2388 3405 xm,
2425 3338 2534 3412 16).
2558 3339 2626 3393 Et
2657 3337 2781 3392 alibi
2815 3353 2828 3390 :
2859 3334 3089 3401 Quwrite
3123 3330 3402 3400 Dominum
3449 3328 3572 3382 dum
3609 3325 3831 3379 inueniri

610 3434 705 3488 sed
741 3442 794 3487 et
820 3447 914 3500 per
950 3430 1275 3502 hypocrisin)
1307 3429 1452 3499 ipsas
1505 3443 1563 3484 se
1588 3428 1821 3485 virtutes
1865 3429 2065 3484 habere
2095 3428 2169 3483 si-
2265 3423 2458 3504 potest;
2479 3431 2709 3486 invocate
2729 3446 2845 3484 eum
2859 3428 2985 3481 dum
2998 3441 3154 3496 prope
3173 3431 3270 3479 est.
3291 3419 3620 3489 Derelinquat
3641 3416 3830 3485 impius

612 3525 860 3587 mulabit,
912 3532 965 3578 et
994 3501 1137 3578 sunt
1185 3521 1473 3577 novissima
1524 3520 1756 3576 hominis
1807 3519 1950 3583 illius
1987 3519 2167 3590 pejora
2265 3501 2402 3578 viam
2423 3537 2596 3586 suam,
2632 3529 2680 3576 et
2706 3519 2783 3574 vir
2800 3518 3006 3588 iniquus
3035 3514 3367 3585 cogitationes
3396 3501 3659 3571 sa‘as,ete.
3690 3505 3826 3577 (lsa.

612 3614 908 3686 prioribus.
954 3610 1142 3666 Melius
1184 3610 1378 3680 quippe
1425 3619 1535 3664 erat
1569 3609 1616 3663 ei
1641 3609 1774 3663 viam
1802 3610 2030 3664 veritatis
2069 3624 2175 3686 non
2267 3629 2354 3679 ιγ,
2387 3612 2442 3677 6,
2469 3610 2544 3682 7).
2576 3611 2644 3666 Et
2668 3609 2924 3668 Dominus
2970 3607 3026 3661 iri
3070 3603 3360 3675 Evangelio
3405 3620 3418 3656 :
3479 3598 3734 3670 Vigilate,
3781 3605 3834 3652 et

548 3731 551 3736 '
612 3713 944 3775 cognosceres
996 3717 1151 3773 quam
1194 3710 1306 3771 Ροεε
1357 3699 1666 3770 agnitionem
1713 3708 1993 3753 τεενοηιιιη
2053 3681 2175 3752 εοηί
2266 3715 2455 3760 orate:
2490 3681 2613 3776 quia
2636 3701 2848 3756 nescitis
2869 3699 3023 3762 diem,
3053 3713 3213 3766 neque
3233 3695 3414 3749 horam
3438 3690 3651 3763 (Matth.
3679 3703 3828 3750 ntv,

613 3796 740 3850 verti
767 3793 852 3866 (11
901 3791 1045 3864 Petr.
1079 3809 1142 3858 ιι,
1187 3791 1298 3866 2-l).
1333 3790 1483 3858 Quod
1515 3790 1570 3844 in
1597 3787 1733 3844 Juda
1778 3789 2057 3854 traditore,
2087 3787 2157 3843 ve?

2267 3795 2378 3867 42).
2417 3795 2549 3850 Item
2581 3811 2594 3846 :
2634 3792 2755 3847 Dies
2779 3780 2991 3844 Domini
3018 3789 3152 3844 sicut
3176 3786 3282 3854 fur,
3306 3785 3381 3838 ita
3403 3784 3457 3836 in
3487 3789 3632 3836 nocte
3670 3777 3837 3833 veniet

613 3891 833 3945 Simone
885 3887 1068 3958 Mago,
1101 3886 1415 3956 cretei-isque
1461 3883 1652 3938 talibus
1693 3883 1994 3953 specialiter
2044 3881 2172 3952 legi-
2269 3865 2355 3958 (Π
2390 3882 2533 3939 Petr.
2557 3899 2639 3946 ιιι,
2667 3881 2778 3951 10).
2805 3879 2976 3934 ltem:
3014 3874 3287 3930 Ambulate
3326 3872 3452 3926 dum
3479 3869 3644 3923 lucem
3673 3865 3834 3920 habe-

615 3996 734 4036 mus
758 3979 1052 4049 impletum.
1096 3997 1115 4030 ι
1394 4046 1396 4048 ν

2269 3980 2366 4044 tis;
2391 3993 2452 4032 ne
2477 3975 2696 4030 tenebrw
2715 3988 2802 4028 vos
2832 3969 3260 4042 comprehendant
3289 3965 3470 4037 (Joan.
3496 3979 3598 4026 xu,
3623 3960 3736 4032 '55).
3765 3959 3836 4014 Et

683 4070 1009 4140 Augustinus
1058 4082 1270 4139 quoque
1310 4067 1364 4120 in
1388 4065 1524 4121 libro
1548 4062 1842 4120 Enchiridii
1877 4073 1900 4103 ο
1936 4080 1951 4120 :
1989 4080 2009 4114 ι
2046 4061 2174 4118 Cre-
2268 4067 2588 4140 Apostolus:
2615 4064 2749 4119 Ecce
2777 4081 2911 4118 nunc
2931 4073 3131 4132 tempus
3158 4056 3476 4130 acceptabile
3504 4069 3522 4108 :
3553 4071 3668 4110 ecce
3694 4068 3836 4106 nunc

616 4161 835 4225 duntur,
867 4159 1057 4228 inquit,
1091 4175 1120 4212 a
1165 4156 1484 4227 quibusdam
1541 4154 1702 4209 etiam
1740 4153 1798 4224 ii,
1840 4149 1931 4222 qui
1978 4166 2157 4205 nomer

2270 4160 2379 4214 dies
2407 4157 2594 4214 salutis
2617 4155 2701 4228 (ΙΙ
2737 4153 2860 4210 Cor.
2890 4170 2966 4218 vi,
2997 4152 3074 4225 2).
3111 4150 3316 4218 Quibus
3343 4146 3674 4228 documentis
3711 4159 3842 4214 per-

614 4253 815 4308 Christi
841 4267 948 4306 non
995 4251 1326 4320 relinquunt,
1359 4257 1414 4303 et
1453 4247 1570 4317 ejus
1598 4247 1810 4301 lavacro
1856 4251 2041 4299 saneto
2080 4243 2175 4297 ini-
2221 4271 2232 4282 ο
2271 4251 2525 4306 docemur
2557 4223 2700 4317 qu‘od
2729 4245 2944 4300 indulla-
2976 4223 3212 4313 tempora
3237 4223 3570 4310 ρωηίιθηίίω
3633 4250 3841 4305 nequa-

619 4345 819 4398 tiantur
842 4382 856 4404 ,
893 4356 993 4396 nec
1019 4341 1087 4395 ab
1117 4355 1182 4395 eo
1212 4339 1318 4393 ullo
1353 4339 1642 4408 schismate
1674 4335 1756 4392 vel
1804 4333 1996 4390 haeresi
2039 4349 2177 4403 pra:-

2273 4355 2433 4410 quam
2460 4339 2516 4393 in
2547 4353 2742 4392 vanum
2768 4337 3053 4399 deducere,
3079 4332 3173 4387 sed
3200 4330 3380 4402 potius
3402 4329 3560 4385 bonis
3586 4327 3846 4394 operibus

619 4433 889 4495 ciduntur,
941 4430 996 4484 in
1034 4429 1462 4498 quantiscunque
1509 4425 1804 4482 sceleribus
1824 4424 2026 4488 vivant,
2055 4439 2174 4493 quae
2197 4463 2250 4523 Ι)
2275 4427 2636 4482 indesinenter
2656 4425 2945 4480 debeamus
2973 4421 3251 4476 insistere.

619 4538 720 4578 nec
759 4521 962 4576 diluant
1009 4517 1327 4590 paenitendo,
1361 4533 1460 4572 nec
1487 4517 1838 4586 eleemosynis
1869 4516 2170 4581 redimant;

617 4613 714 4670 sed
744 4613 797 4668 in
838 4611 916 4666 eis
942 4626 1113 4681 usque
1135 4611 1202 4665 ad
1228 4609 1474 4664 ultimum
1506 4607 1664 4676 hujus
1690 4608 1812 4662 vitm
1837 4607 1978 4662 diem
2012 4607 2176 4678 perti-

619 4702 906 4758 nacissime
932 4708 1294 4771 perseverent,
1317 4698 1448 4754 salvi
1480 4697 1646 4752 futuri
1683 4712 1782 4767 per
1813 4697 2018 4768 ignem;
2050 4696 2178 4752 licet

620 4807 717 4861 pro
734 4790 1098 4861 magnitudine
1117 4787 1410 4845 facinorum
1430 4788 1854 4860 ﬂagitiorumque
1894 4806 1900 4812 ‘
1926 4787 2177 4844 diuturno

619 4899 730 4966 pou
753 4891 929 4937 tamen
950 4891 1154 4936 aeterno
1181 4881 1302 4952 igne
1323 4880 1520 4951 puniri.
1553 4879 1658 4934 Sed
1686 4880 1777 4948 qui
1804 4879 1905 4934 hoc
1927 4880 2174 4946 credunt,

622 4983 678 5028 et
706 4982 882 5028 tamen
903 4971 1149 5028 catholici
1178 4981 1319 5036 sunt,
1350 4971 1582 5025 humana
1607 4971 1836 5041 quadam
1862 4971 2180 5025 benevolen-

625 5064 701 5118 tia
741 5063 870 5118 mihi
902 5062 1013 5116 falli
1056 5063 1338 5118 videntur:
1369 5077 1492 5116 nam
1521 5059 1797 5131 Scriptura
1825 5059 2003 5116 divina
2036 5061 2178 5117 aliud

624 5156 864 5212 consulta
890 5155 1192 5224 respondet.
1232 5173 1251 5206 ι
1290 5155 1356 5208 Et
1375 5154 1533 5223 paulo
1562 5161 1680 5223 post
1706 5169 1720 5207 :
1762 5171 1782 5204 ι
1813 5153 1979 5208 Porro
2000 5163 2177 5209 autem

532 5252 537 5256 '
623 5249 672 5303 si
705 5248 864 5303 homo
893 5246 1181 5302 sceleratus
1206 5255 1425 5315 propter
1463 5244 1630 5300 solam
1673 5243 1833 5300 ﬁdem
1876 5258 1972 5314 per
1999 5243 2176 5314 ignem

700 5371 726 5400 ι
753 5358 946 5413 Homil.
984 5362 1018 5416 8
1043 5359 1095 5414 in
1121 5359 1288 5414 Exod.

700 5429 730 5512 ιξ
750 5430 810 5512 in
836 5431 1062 5512 aspersit.
1093 5445 1208 5498 cap.
1223 5429 1326 5512 nl},
1348 5442 1490 5483 vers.
1517 5427 1606 5482 26.

706 5510 730 5538 ε
750 5498 1049 5565 Enehirid.,
1073 5513 1192 5567 cap.
1221 5498 1307 5551 67.

706 5567 734 5608 ἀ
771 5567 1005 5623 Breviter
1049 5564 1374 5622 concessisse.
1429 5564 1611 5622 Potest
1657 5567 1866 5623 restitui
1913 5581 2178 5620 common—

631 5649 842 5702 strasse,
890 5647 984 5693 aut
1025 5639 1186 5693 aliud
1218 5637 1469 5706 quiddam
1520 5637 1724 5701 simile;
1780 5653 1880 5692 nec
1933 5636 2182 5705 displicet

632 5709 849 5764 breviter
896 5709 1144 5764 contextis
1173 5705 1570 5786 demonstrasse.
1601 5706 1792 5763 Statim
1817 5707 1934 5778 lego
1966 5705 2178 5761 institu-

2349 4519 2496 4592 [Huc
2518 4533 2688 4588 usque
2708 4515 2837 4587 quid
2857 4512 3174 4586 generaliter
3197 4509 3409 4567 uinctis
3435 4508 3679 4564 ﬁdelibus
3713 4521 3850 4561 eon-

2277 4609 2476 4673 veniat,
2515 4623 2584 4662 ex
2627 4605 2822 4661 divinis
2864 4601 3093 4659 oraculis
3114 4639 3130 4667 ,
3182 4593 3240 4657 et
3279 4608 3585 4656 sanctorum
3616 4595 3847 4651 Patrum

2280 4699 2560 4757 sententiis
2602 4696 2840 4753 breviter
2885 4693 3215 4756 concessisse
3247 4690 3276 4732 ιι
3316 4689 3582 4748 suﬁiciat:
3619 4687 3687 4741 ab
3713 4685 3850 4741 hinc

2281 4791 2494 4848 omissis
2517 4788 2796 4844 ordinibus
2821 4785 2911 4854 qui
2943 4783 3232 4839 salutiferae
3261 4779 3613 4838 institutionis
3639 4791 3847 4848 suppo-

2281 4885 2386 4939 sito
2456 4878 2950 4953 congruentissimis
2978 4875 3220 4931 formulis
3247 4875 3312 4930 ad
3358 4873 3550 4928 divinae
3591 4869 3852 4941 potentia:

2275 4973 2638 5031 famulandum
2687 4969 3081 5039 constringunt,
3157 4965 3330 5036 qualis
3372 4978 3494 5020 esse
3531 4961 3854 5032 conjugato—

2277 5081 2418 5132 rum,
2438 5063 2771 5134 qualiterque
2796 5062 2875 5116 eis
2909 5059 3197 5114 vivendum
3235 5057 3337 5121 sit,
3379 5071 3448 5112 ex
3472 5052 3712 5124 praefatis
3741 5067 3851 5106 au-

2275 5154 2615 5213 ctoritatibus
2643 5152 2972 5207 ostendetur.
3003 5149 3240 5206 Primum
3271 5156 3449 5202 tamen
3476 5146 3542 5202 de
3568 5143 3853 5214 proposito

2276 5242 2713 5306 Christianitatis,
2741 5240 2884 5311 quod
2923 5239 3174 5308 operibus
3197 5253 3228 5292 a
3255 5235 3549 5308 plerisque,
3577 5242 3638 5290 ut
3677 5248 3853 5303 opor-

2278 5355 2431 5410 tionis
2476 5355 2758 5426 proposito.
2778 5393 2792 5408 .
2817 5391 2831 5406 .
2857 5392 2870 5406 .
2903 5351 3358 5426 constringuntur;
3391 5357 3553 5426 atque
3577 5347 3651 5426 ita
3674 5345 3850 5401 intel-

2276 5427 2382 5497 ligo
2409 5417 2624 5481 omiss'is
2647 5439 2766 5495 qua:
2804 5421 3074 5497 pertinent
3098 5417 3202 5497 ad
3221 5419 3437 5474 ordines
3463 5417 3850 5497 “clericorum,

2277 5486 2716 5567 mvonachorum',
2755 5486 2882 5567 et'c.,
2914 5491 3003 5560 qui
3049 5489 3113 5543 ad
3165 5486 3854 5567 Deo__p_eculiariqgodam

2278 5567 2437 5621 modo
2475 5563 2812 5619 serviendum
2868 5559 2981 5631 ipSa
3027 5575 3121 5631 sua
3168 5559 3474 5631 conditione
3533 5559 3853 5626 astringun-
3929 5583 3934 5586 -

2280 5646 2398 5716 tur.
2437 5633 2748 5716 Addendum
2778 5627 2940 5716 etiam
2983 5630 3205 5685 verbum
3257 5627 3438 5682 debeat
3490 5635 3612 5698 post
3656 5641 3862 5684 vocem

2279 5713 2677 5776 conjugatorum
2712 5715 2923 5757 censeo.
2971 5751 2978 5764 ,
