  <div class='ocr_page' id='page_1' title='image "/cluster/home/n/w/nwhite01/storage/ocr_20150623/106/hvd.32044054759717/086.png"; bbox 0 0 4064 6190; ppageno 0'>
   <div class='ocr_carea' id='block_1_1' title="bbox 283 295 379 351">
    <p class='ocr_par' dir='ltr' id='par_1_1' title="bbox 283 295 379 351">
     <span class='ocr_line' id='line_1_1' title="bbox 283 295 379 351; baseline 0 -1"><span class='ocrx_word' id='word_1_1' title='bbox 283 295 379 351; x_wconf 81' lang='grc'><strong>161</strong></span> 
     </span>
    </p>
   </div>
   <div class='ocr_carea' id='block_1_2' title="bbox 1276 284 2536 365">
    <p class='ocr_par' dir='ltr' id='par_1_2' title="bbox 1276 284 2536 365">
     <span class='ocr_line' id='line_1_2' title="bbox 1276 284 2536 365; baseline -0.007 -17"><span class='ocrx_word' id='word_1_2' title='bbox 1276 292 1360 347; x_wconf 84' lang='lat' dir='ltr'><strong>DE</strong></span> <span class='ocrx_word' id='word_1_3' title='bbox 1398 286 1874 347; x_wconf 69' lang='lat' dir='ltr'><strong>INSTITUTIONB</strong></span> <span class='ocrx_word' id='word_1_4' title='bbox 1911 285 2197 365; x_wconf 75' lang='lat' dir='ltr'><strong>LAICALI.</strong></span> <span class='ocrx_word' id='word_1_5' title='bbox 2228 315 2298 326; x_wconf 89' lang='lat'>—</span> <span class='ocrx_word' id='word_1_6' title='bbox 2332 284 2460 340; x_wconf 85' lang='lat' dir='ltr'><strong>LIB.</strong></span> <span class='ocrx_word' id='word_1_7' title='bbox 2493 284 2536 340; x_wconf 91' lang='lat' dir='ltr'><strong>l.</strong></span> 
     </span>
    </p>
   </div>
   <div class='ocr_carea' id='block_1_3' title="bbox 3387 285 3491 342">
    <p class='ocr_par' dir='ltr' id='par_1_3' title="bbox 3387 285 3491 342">
     <span class='ocr_line' id='line_1_3' title="bbox 3387 285 3491 342; baseline 0 -1"><span class='ocrx_word' id='word_1_8' title='bbox 3387 285 3491 342; x_wconf 74' lang='grc'><strong>162</strong></span> 
     </span>
    </p>
   </div>
   <div class='ocr_carea' id='block_1_4' title="bbox 279 392 3489 470">
    <p class='ocr_par' dir='ltr' id='par_1_4' title="bbox 279 392 3489 470">
     <span class='ocr_line' id='line_1_4' title="bbox 279 392 3489 470; baseline -0.002 -11"><span class='ocrx_word' id='word_1_9' title='bbox 279 415 384 468; x_wconf 85' lang='lat' dir='ltr'><strong>tet,</strong></span> <span class='ocrx_word' id='word_1_10' title='bbox 407 410 514 458; x_wconf 81' lang='lat' dir='ltr'><strong>nun</strong></span> <span class='ocrx_word' id='word_1_11' title='bbox 539 409 846 462; x_wconf 74' lang='lat' dir='ltr'><strong>exornetur.</strong></span> <span class='ocrx_word' id='word_1_12' title='bbox 873 401 1184 465; x_wconf 89' lang='lat' dir='ltr'><strong>dicendum;</strong></span> <span class='ocrx_word' id='word_1_13' title='bbox 1237 409 1419 470; x_wconf 89' lang='lat' dir='ltr'><strong>postea</strong></span> <span class='ocrx_word' id='word_1_14' title='bbox 1447 399 1588 470; x_wconf 89' lang='lat' dir='ltr'><strong>quod</strong></span> <span class='ocrx_word' id='word_1_15' title='bbox 1639 397 1840 468; x_wconf 88' lang='lat' dir='ltr'><strong>pollici-</strong></span> <span class='ocrx_word' id='word_1_16' title='bbox 1867 402 1914 458; x_wconf 81' lang='grc' dir='ltr'>Α</span> <span class='ocrx_word' id='word_1_17' title='bbox 1940 394 2165 463; x_wconf 71' lang='lat' dir='ltr'><strong>fixerunt</strong></span> <span class='ocrx_word' id='word_1_18' title='bbox 2207 410 2323 447; x_wconf 89' lang='lat' dir='ltr'><strong>cum</strong></span> <span class='ocrx_word' id='word_1_19' title='bbox 2351 393 2486 446; x_wconf 73' lang='lat' dir='ltr'><strong>vitiis</strong></span> <span class='ocrx_word' id='word_1_20' title='bbox 2513 403 2562 447; x_wconf 84' lang='lat' dir='ltr'><strong>et</strong></span> <span class='ocrx_word' id='word_1_21' title='bbox 2595 393 3014 463; x_wconf 72' lang='lat' dir='ltr'><strong>concupiscentiis</strong></span> <span class='ocrx_word' id='word_1_22' title='bbox 3034 392 3230 464; x_wconf 78' lang='lat' dir='ltr'><strong>(Calat.</strong></span> <span class='ocrx_word' id='word_1_23' title='bbox 3280 410 3337 459; x_wconf 89' lang='lat' dir='ltr'><strong>v,</strong></span> <span class='ocrx_word' id='word_1_24' title='bbox 3374 395 3489 467; x_wconf 67' lang='grc'><strong>24).</strong></span> 
     </span>
    </p>
   </div>
   <div class='ocr_carea' id='block_1_5' title="bbox 280 491 1396 564">
    <p class='ocr_par' dir='ltr' id='par_1_5' title="bbox 280 491 1396 564">
     <span class='ocr_line' id='line_1_5' title="bbox 280 491 1396 564; baseline -0.006 -13"><span class='ocrx_word' id='word_1_25' title='bbox 280 505 405 551; x_wconf 87' lang='lat' dir='ltr'><strong>tum</strong></span> <span class='ocrx_word' id='word_1_26' title='bbox 431 504 530 560; x_wconf 90' lang='lat' dir='ltr'><strong>est,</strong></span> <span class='ocrx_word' id='word_1_27' title='bbox 557 493 882 563; x_wconf 75' lang='lat' dir='ltr'><strong>capitulatim</strong></span> <span class='ocrx_word' id='word_1_28' title='bbox 908 491 1396 564; x_wconf 66' lang='lat' dir='ltr'><strong>prosequendum]</strong></span> 
     </span>
    </p>
   </div>
   <div class='ocr_carea' id='block_1_6' title="bbox 872 627 1258 685">
    <p class='ocr_par' dir='ltr' id='par_1_6' title="bbox 872 627 1258 685">
     <span class='ocr_line' id='line_1_6' title="bbox 872 627 1258 685; baseline -0.013 0"><span class='ocrx_word' id='word_1_29' title='bbox 872 627 1094 685; x_wconf 76' lang='lat' dir='ltr'><strong>CAPUT</strong></span> <span class='ocrx_word' id='word_1_30' title='bbox 1142 628 1258 682; x_wconf 73' lang='lat' dir='ltr'><strong>XX.</strong></span> 
     </span>
    </p>
   </div>
   <div class='ocr_carea' id='block_1_7' title="bbox 281 705 1877 789">
    <p class='ocr_par' dir='ltr' id='par_1_7' title="bbox 281 705 1877 789">
     <span class='ocr_line' id='line_1_7' title="bbox 281 705 1877 789; baseline -0.004 -13"><span class='ocrx_word' id='word_1_31' title='bbox 281 722 441 789; x_wconf 74' lang='lat' dir='ltr'><strong>Quod</strong></span> <span class='ocrx_word' id='word_1_32' title='bbox 472 721 620 775; x_wconf 83' lang='lat' dir='ltr'><strong>multi</strong></span> <span class='ocrx_word' id='word_1_33' title='bbox 651 719 1002 775; x_wconf 75' lang='lat' dir='ltr'><strong>Christianam</strong></span> <span class='ocrx_word' id='word_1_34' title='bbox 1027 719 1393 789; x_wconf 75' lang='lat' dir='ltr'><strong>professionem</strong></span> <span class='ocrx_word' id='word_1_35' title='bbox 1418 719 1581 774; x_wconf 86' lang='lat' dir='ltr'><strong>verbis</strong></span> <span class='ocrx_word' id='word_1_36' title='bbox 1609 727 1840 782; x_wconf 88' lang='lat' dir='ltr'><strong>teneant,</strong></span> <span class='ocrx_word' id='word_1_37' title='bbox 1871 705 1877 710; x_wconf 56' lang='grc'><strong>’</strong></span> 
     </span>
    </p>
   </div>
   <div class='ocr_carea' id='block_1_8' title="bbox 730 789 1392 860">
    <p class='ocr_par' dir='ltr' id='par_1_8' title="bbox 730 789 1392 860">
     <span class='ocr_line' id='line_1_8' title="bbox 730 789 1392 860; baseline -0.003 -16"><span class='ocrx_word' id='word_1_38' title='bbox 730 790 820 844; x_wconf 90' lang='lat' dir='ltr'><strong>sed</strong></span> <span class='ocrx_word' id='word_1_39' title='bbox 843 790 1088 859; x_wconf 83' lang='lat' dir='ltr'><strong>operibus</strong></span> <span class='ocrx_word' id='word_1_40' title='bbox 1111 789 1392 860; x_wconf 86' lang='lat' dir='ltr'><strong>negligant.</strong></span> 
     </span>
    </p>
   </div>
   <div class='ocr_carea' id='block_1_9' title="bbox 353 916 1847 996">
    <p class='ocr_par' dir='ltr' id='par_1_9' title="bbox 353 916 1847 996">
     <span class='ocr_line' id='line_1_9' title="bbox 353 916 1847 996; baseline -0.004 -20"><span class='ocrx_word' id='word_1_41' title='bbox 353 921 413 976; x_wconf 88' lang='lat' dir='ltr'><strong>Si</strong></span> <span class='ocrx_word' id='word_1_42' title='bbox 453 921 846 974; x_wconf 79' lang='lat' dir='ltr'><strong>niundanarum</strong></span> <span class='ocrx_word' id='word_1_43' title='bbox 884 919 1057 984; x_wconf 72' lang='lat' dir='ltr'><strong>legum</strong></span> <span class='ocrx_word' id='word_1_44' title='bbox 1093 919 1213 989; x_wconf 87' lang='lat' dir='ltr'><strong>jura</strong></span> <span class='ocrx_word' id='word_1_45' title='bbox 1246 920 1316 972; x_wconf 89' lang='lat' dir='ltr'><strong>ob</strong></span> <span class='ocrx_word' id='word_1_46' title='bbox 1344 917 1642 988; x_wconf 81' lang='lat' dir='ltr'><strong>jurgiorum</strong></span> <span class='ocrx_word' id='word_1_47' title='bbox 1671 916 1847 996; x_wconf 63' lang='lat' dir='ltr'><strong>foren-</strong></span> 
     </span>
    </p>
   </div>
   <div class='ocr_carea' id='block_1_10' title="bbox 281 1009 1845 1078">
    <p class='ocr_par' dir='ltr' id='par_1_10' title="bbox 281 1009 1845 1078">
     <span class='ocr_line' id='line_1_10' title="bbox 281 1009 1845 1078; baseline -0.003 -12"><span class='ocrx_word' id='word_1_48' title='bbox 281 1012 424 1066; x_wconf 87' lang='lat' dir='ltr'><strong>sium</strong></span> <span class='ocrx_word' id='word_1_49' title='bbox 448 1011 657 1078; x_wconf 82' lang='lat' dir='ltr'><strong>negotia</strong></span> <span class='ocrx_word' id='word_1_50' title='bbox 700 1009 993 1064; x_wconf 88' lang='lat' dir='ltr'><strong>dirimenda</strong></span> <span class='ocrx_word' id='word_1_51' title='bbox 1023 1024 1053 1062; x_wconf 91' lang='lat' dir='ltr'><strong>a</strong></span> <span class='ocrx_word' id='word_1_52' title='bbox 1077 1009 1390 1064; x_wconf 79' lang='lat' dir='ltr'><strong>mortalibus</strong></span> <span class='ocrx_word' id='word_1_53' title='bbox 1418 1011 1577 1072; x_wconf 87' lang='lat' dir='ltr'><strong>edita,</strong></span> <span class='ocrx_word' id='word_1_54' title='bbox 1604 1009 1845 1063; x_wconf 91' lang='lat' dir='ltr'><strong>homines</strong></span> 
     </span>
    </p>
   </div>
   <div class='ocr_carea' id='block_1_11' title="bbox 197 1080 1846 1171">
    <p class='ocr_par' dir='ltr' id='par_1_11' title="bbox 197 1080 1846 1171">
     <span class='ocr_line' id='line_1_11' title="bbox 197 1080 1846 1171; baseline -0.001 -15"><span class='ocrx_word' id='word_1_55' title='bbox 197 1119 222 1140; x_wconf 73' lang='grc' dir='ltr'><strong>ο</strong></span> <span class='ocrx_word' id='word_1_56' title='bbox 283 1103 596 1157; x_wconf 76' lang='lat' dir='ltr'><strong>avidissime</strong></span> <span class='ocrx_word' id='word_1_57' title='bbox 652 1102 891 1163; x_wconf 89' lang='lat' dir='ltr'><strong>discere,</strong></span> <span class='ocrx_word' id='word_1_58' title='bbox 928 1109 985 1154; x_wconf 87' lang='lat' dir='ltr'><strong>et</strong></span> <span class='ocrx_word' id='word_1_59' title='bbox 1031 1100 1326 1171; x_wconf 86' lang='lat' dir='ltr'><strong>intelligere</strong></span> <span class='ocrx_word' id='word_1_60' title='bbox 1376 1080 1682 1155; x_wconf 75' lang='lat' dir='ltr'><strong>acutissime</strong></span> <span class='ocrx_word' id='word_1_61' title='bbox 1740 1109 1846 1154; x_wconf 86' lang='lat' dir='ltr'><strong>sat-</strong></span> 
     </span>
    </p>
   </div>
   <div class='ocr_carea' id='block_1_12' title="bbox 195 1182 1845 1263">
    <p class='ocr_par' dir='ltr' id='par_1_12' title="bbox 195 1182 1845 1263">
     <span class='ocr_line' id='line_1_12' title="bbox 195 1182 1845 1263; baseline -0.001 -17"><span class='ocrx_word' id='word_1_62' title='bbox 195 1183 206 1193; x_wconf 80' lang='grc'><em>’</em></span> <span class='ocrx_word' id='word_1_63' title='bbox 281 1202 471 1263; x_wconf 83' lang='lat' dir='ltr'><strong>agunt,</strong></span> <span class='ocrx_word' id='word_1_64' title='bbox 519 1200 578 1244; x_wconf 85' lang='lat' dir='ltr'><strong>ut</strong></span> <span class='ocrx_word' id='word_1_65' title='bbox 607 1191 689 1245; x_wconf 88' lang='lat' dir='ltr'><strong>his</strong></span> <span class='ocrx_word' id='word_1_66' title='bbox 720 1191 854 1245; x_wconf 89' lang='lat' dir='ltr'><strong>bene</strong></span> <span class='ocrx_word' id='word_1_67' title='bbox 889 1191 1048 1254; x_wconf 90' lang='lat' dir='ltr'><strong>notis,</strong></span> <span class='ocrx_word' id='word_1_68' title='bbox 1077 1193 1202 1260; x_wconf 90' lang='lat' dir='ltr'><strong>quid</strong></span> <span class='ocrx_word' id='word_1_69' title='bbox 1230 1182 1433 1250; x_wconf 84' lang='lat' dir='ltr'><strong>verum.</strong></span> <span class='ocrx_word' id='word_1_70' title='bbox 1466 1191 1590 1260; x_wconf 87' lang='lat' dir='ltr'><strong>quid</strong></span> <span class='ocrx_word' id='word_1_71' title='bbox 1621 1191 1809 1244; x_wconf 79' lang='lat' dir='ltr'><strong>falsum</strong></span> <span class='ocrx_word' id='word_1_72' title='bbox 1830 1230 1845 1256; x_wconf 91' lang='lat'><strong>,</strong></span> 
     </span>
    </p>
   </div>
   <div class='ocr_carea' id='block_1_13' title="bbox 282 1279 1850 1351">
    <p class='ocr_par' dir='ltr' id='par_1_13' title="bbox 282 1279 1850 1351">
     <span class='ocr_line' id='line_1_13' title="bbox 282 1279 1850 1351; baseline -0.001 -17"><span class='ocrx_word' id='word_1_73' title='bbox 282 1282 415 1350; x_wconf 85' lang='lat' dir='ltr'><strong>quid</strong></span> <span class='ocrx_word' id='word_1_74' title='bbox 435 1283 661 1351; x_wconf 87' lang='lat' dir='ltr'><strong>justum,</strong></span> <span class='ocrx_word' id='word_1_75' title='bbox 688 1281 881 1349; x_wconf 78' lang='lat' dir='ltr'><strong>quidve</strong></span> <span class='ocrx_word' id='word_1_76' title='bbox 934 1279 1188 1348; x_wconf 87' lang='lat' dir='ltr'><strong>injustum</strong></span> <span class='ocrx_word' id='word_1_77' title='bbox 1221 1281 1292 1335; x_wconf 91' lang='lat' dir='ltr'><strong>sit</strong></span> <span class='ocrx_word' id='word_1_78' title='bbox 1321 1281 1374 1334; x_wconf 91' lang='lat' dir='ltr'><strong>in</strong></span> <span class='ocrx_word' id='word_1_79' title='bbox 1422 1282 1525 1335; x_wconf 86' lang='lat' dir='ltr'><strong>hac</strong></span> <span class='ocrx_word' id='word_1_80' title='bbox 1553 1290 1696 1334; x_wconf 89' lang='lat' dir='ltr'><strong>terra</strong></span> <span class='ocrx_word' id='word_1_81' title='bbox 1736 1297 1850 1334; x_wconf 92' lang='lat' dir='ltr'><strong>mo-</strong></span> 
     </span>
    </p>
   </div>
   <div class='ocr_carea' id='block_1_14' title="bbox 282 1371 1850 1442">
    <p class='ocr_par' dir='ltr' id='par_1_14' title="bbox 282 1371 1850 1442">
     <span class='ocr_line' id='line_1_14' title="bbox 282 1371 1850 1442; baseline -0.001 -15"><span class='ocrx_word' id='word_1_82' title='bbox 282 1373 543 1427; x_wconf 86' lang='lat' dir='ltr'><strong>rientium</strong></span> <span class='ocrx_word' id='word_1_83' title='bbox 577 1371 778 1442; x_wconf 90' lang='lat' dir='ltr'><strong>liquido</strong></span> <span class='ocrx_word' id='word_1_84' title='bbox 815 1371 1122 1425; x_wconf 84' lang='lat' dir='ltr'><strong>discernere</strong></span> <span class='ocrx_word' id='word_1_85' title='bbox 1173 1383 1398 1441; x_wconf 82' lang='lat' dir='ltr'><strong>queant;</strong></span> <span class='ocrx_word' id='word_1_86' title='bbox 1434 1383 1634 1441; x_wconf 89' lang='lat' dir='ltr'><strong>quanto</strong></span> <span class='ocrx_word' id='word_1_87' title='bbox 1679 1372 1850 1442; x_wconf 86' lang='lat' dir='ltr'><strong>magis</strong></span> 
     </span>
    </p>
   </div>
   <div class='ocr_carea' id='block_1_15' title="bbox 273 1463 1850 1534">
    <p class='ocr_par' dir='ltr' id='par_1_15' title="bbox 273 1463 1850 1534">
     <span class='ocr_line' id='line_1_15' title="bbox 273 1463 1850 1534; baseline 0.001 -16"><span class='ocrx_word' id='word_1_88' title='bbox 273 1465 402 1534; x_wconf 84' lang='lat' dir='ltr'><strong>jura</strong></span> <span class='ocrx_word' id='word_1_89' title='bbox 430 1464 670 1520; x_wconf 70' lang='lat' dir='ltr'><strong>cmicstia</strong></span> <span class='ocrx_word' id='word_1_90' title='bbox 699 1480 728 1518; x_wconf 89' lang='lat' dir='ltr'><strong>a</strong></span> <span class='ocrx_word' id='word_1_91' title='bbox 751 1479 960 1518; x_wconf 91' lang='lat' dir='ltr'><strong>summo</strong></span> <span class='ocrx_word' id='word_1_92' title='bbox 989 1463 1180 1533; x_wconf 91' lang='lat' dir='ltr'><strong>opiﬁce</strong></span> <span class='ocrx_word' id='word_1_93' title='bbox 1209 1465 1317 1518; x_wconf 89' lang='lat' dir='ltr'><strong>Deo</strong></span> <span class='ocrx_word' id='word_1_94' title='bbox 1346 1466 1582 1520; x_wconf 91' lang='lat' dir='ltr'><strong>omnium</strong></span> <span class='ocrx_word' id='word_1_95' title='bbox 1610 1476 1850 1519; x_wconf 79' lang='lat' dir='ltr'><strong>creatore</strong></span> 
     </span>
    </p>
   </div>
   <div class='ocr_carea' id='block_1_16' title="bbox 283 1555 1853 1626">
    <p class='ocr_par' dir='ltr' id='par_1_16' title="bbox 283 1555 1853 1626">
     <span class='ocr_line' id='line_1_16' title="bbox 283 1555 1853 1626; baseline -0.003 -13"><span class='ocrx_word' id='word_1_96' title='bbox 283 1557 595 1613; x_wconf 86' lang='lat' dir='ltr'><strong>hominibus</strong></span> <span class='ocrx_word' id='word_1_97' title='bbox 647 1556 1000 1626; x_wconf 86' lang='lat' dir='ltr'><strong>promulgata,</strong></span> <span class='ocrx_word' id='word_1_98' title='bbox 1031 1555 1415 1626; x_wconf 82' lang='lat' dir='ltr'><strong>salubriterque</strong></span> <span class='ocrx_word' id='word_1_99' title='bbox 1472 1556 1698 1621; x_wconf 87' lang='lat' dir='ltr'><strong>collata,</strong></span> <span class='ocrx_word' id='word_1_100' title='bbox 1735 1557 1853 1625; x_wconf 89' lang='lat' dir='ltr'><strong>qui-</strong></span> 
     </span>
    </p>
   </div>
   <div class='ocr_carea' id='block_1_17' title="bbox 281 1644 1854 1715">
    <p class='ocr_par' dir='ltr' id='par_1_17' title="bbox 281 1644 1854 1715">
     <span class='ocr_line' id='line_1_17' title="bbox 281 1644 1854 1715; baseline -0.001 -14"><span class='ocrx_word' id='word_1_101' title='bbox 281 1645 386 1702; x_wconf 85' lang='lat' dir='ltr'><strong>bus</strong></span> <span class='ocrx_word' id='word_1_102' title='bbox 424 1646 719 1701; x_wconf 88' lang='lat' dir='ltr'><strong>cavendum</strong></span> <span class='ocrx_word' id='word_1_103' title='bbox 748 1645 946 1698; x_wconf 89' lang='lat' dir='ltr'><strong>malum</strong></span> <span class='ocrx_word' id='word_1_104' title='bbox 970 1685 983 1706; x_wconf 93' lang='lat'><strong>,</strong></span> <span class='ocrx_word' id='word_1_105' title='bbox 1043 1644 1448 1715; x_wconf 80' lang='lat' dir='ltr'><strong>faciendumque</strong></span> <span class='ocrx_word' id='word_1_106' title='bbox 1484 1647 1680 1701; x_wconf 91' lang='lat' dir='ltr'><strong>bonum</strong></span> <span class='ocrx_word' id='word_1_107' title='bbox 1731 1661 1854 1715; x_wconf 91' lang='lat' dir='ltr'><strong>per-</strong></span> 
     </span>
    </p>
   </div>
   <div class='ocr_carea' id='block_1_18' title="bbox 2010 483 3494 554">
    <p class='ocr_par' dir='ltr' id='par_1_18' title="bbox 2010 483 3494 554">
     <span class='ocr_line' id='line_1_18' title="bbox 2010 483 3494 554; baseline 0.001 -15"><span class='ocrx_word' id='word_1_108' title='bbox 2010 486 2100 539; x_wconf 78' lang='lat' dir='ltr'><strong>Ait</strong></span> <span class='ocrx_word' id='word_1_109' title='bbox 2132 492 2307 538; x_wconf 88' lang='lat' dir='ltr'><strong>autem</strong></span> <span class='ocrx_word' id='word_1_110' title='bbox 2330 485 2517 538; x_wconf 86' lang='lat' dir='ltr'><strong>beatus</strong></span> <span class='ocrx_word' id='word_1_111' title='bbox 2536 483 2863 554; x_wconf 72' lang='lat' dir='ltr'><strong>Augustinus</strong></span> <span class='ocrx_word' id='word_1_112' title='bbox 2891 485 2940 538; x_wconf 92' lang='lat' dir='ltr'><strong>in</strong></span> <span class='ocrx_word' id='word_1_113' title='bbox 2961 483 3180 554; x_wconf 78' lang='lat' dir='ltr'><strong>pncfato</strong></span> <span class='ocrx_word' id='word_1_114' title='bbox 3205 484 3340 540; x_wconf 81' lang='lat' dir='ltr'><strong>libro</strong></span> <span class='ocrx_word' id='word_1_115' title='bbox 3381 502 3494 541; x_wconf 86' lang='lat' dir='ltr'><strong>ser—</strong></span> 
     </span>
    </p>
   </div>
   <div class='ocr_carea' id='block_1_19' title="bbox 1942 572 3496 638">
    <p class='ocr_par' dir='ltr' id='par_1_19' title="bbox 1942 572 3496 638">
     <span class='ocr_line' id='line_1_19' title="bbox 1942 572 3496 638; baseline 0.003 -10"><span class='ocrx_word' id='word_1_116' title='bbox 1942 590 2156 629; x_wconf 88' lang='lat' dir='ltr'><strong>monum</strong></span> <span class='ocrx_word' id='word_1_117' title='bbox 2199 575 2226 613; x_wconf 72' lang='lat' dir='ltr'><strong>b</strong></span> <span class='ocrx_word' id='word_1_118' title='bbox 2259 593 2270 627; x_wconf 74' lang='grc' dir='ltr'>ε</span> <span class='ocrx_word' id='word_1_119' title='bbox 2314 593 2332 624; x_wconf 74' lang='grc' dir='ltr'>ι</span> <span class='ocrx_word' id='word_1_120' title='bbox 2366 572 2496 627; x_wconf 88' lang='lat' dir='ltr'><strong>Dico</strong></span> <span class='ocrx_word' id='word_1_121' title='bbox 2526 574 2772 627; x_wconf 77' lang='lat' dir='ltr'><strong>cliaritati</strong></span> <span class='ocrx_word' id='word_1_122' title='bbox 2805 583 3017 637; x_wconf 60' lang='lat' dir='ltr'><strong>vestrae,</strong></span> <span class='ocrx_word' id='word_1_123' title='bbox 3064 574 3274 638; x_wconf 73' lang='lat' dir='ltr'><strong>fratres,</strong></span> <span class='ocrx_word' id='word_1_124' title='bbox 3309 593 3496 633; x_wconf 86' lang='lat' dir='ltr'><strong>omnes</strong></span> 
     </span>
    </p>
   </div>
   <div class='ocr_carea' id='block_1_20' title="bbox 1941 661 3494 730">
    <p class='ocr_par' dir='ltr' id='par_1_20' title="bbox 1941 661 3494 730">
     <span class='ocr_line' id='line_1_20' title="bbox 1941 661 3494 730; baseline 0.002 -13"><span class='ocrx_word' id='word_1_125' title='bbox 1941 663 2065 717; x_wconf 89' lang='lat' dir='ltr'><strong>mali</strong></span> <span class='ocrx_word' id='word_1_126' title='bbox 2096 661 2342 716; x_wconf 82' lang='lat' dir='ltr'><strong>catholici</strong></span> <span class='ocrx_word' id='word_1_127' title='bbox 2371 663 2690 716; x_wconf 89' lang='lat' dir='ltr'><strong>conﬁtentur</strong></span> <span class='ocrx_word' id='word_1_128' title='bbox 2710 661 2978 717; x_wconf 86' lang='lat' dir='ltr'><strong>Christum</strong></span> <span class='ocrx_word' id='word_1_129' title='bbox 3009 664 3059 716; x_wconf 91' lang='lat' dir='ltr'><strong>in</strong></span> <span class='ocrx_word' id='word_1_130' title='bbox 3085 678 3245 718; x_wconf 88' lang='lat' dir='ltr'><strong>carne</strong></span> <span class='ocrx_word' id='word_1_131' title='bbox 3265 667 3494 730; x_wconf 80' lang='lat' dir='ltr'><strong>venisse,</strong></span> 
     </span>
    </p>
   </div>
   <div class='ocr_carea' id='block_1_21' title="bbox 1944 753 3498 826">
    <p class='ocr_par' dir='ltr' id='par_1_21' title="bbox 1944 753 3498 826">
     <span class='ocr_line' id='line_1_21' title="bbox 1944 753 3498 826; baseline 0.003 -18"><span class='ocrx_word' id='word_1_132' title='bbox 1944 755 2099 808; x_wconf 81' lang='lat' dir='ltr'><strong>factis</strong></span> <span class='ocrx_word' id='word_1_133' title='bbox 2130 763 2305 807; x_wconf 88' lang='lat' dir='ltr'><strong>autem</strong></span> <span class='ocrx_word' id='word_1_134' title='bbox 2333 763 2545 824; x_wconf 89' lang='lat' dir='ltr'><strong>negant.</strong></span> <span class='ocrx_word' id='word_1_135' title='bbox 2589 753 2760 808; x_wconf 85' lang='lat' dir='ltr'><strong>Nolite</strong></span> <span class='ocrx_word' id='word_1_136' title='bbox 2808 769 2935 824; x_wconf 82' lang='lat' dir='ltr'><strong>ergo</strong></span> <span class='ocrx_word' id='word_1_137' title='bbox 2961 770 3078 809; x_wconf 88' lang='lat' dir='ltr'><strong>esse</strong></span> <span class='ocrx_word' id='word_1_138' title='bbox 3102 765 3353 826; x_wconf 89' lang='lat' dir='ltr'><strong>tanquam</strong></span> <span class='ocrx_word' id='word_1_139' title='bbox 3397 757 3498 812; x_wconf 88' lang='lat' dir='ltr'><strong>ﬁde</strong></span> 
     </span>
    </p>
   </div>
   <div class='ocr_carea' id='block_1_22' title="bbox 1944 844 3502 916">
    <p class='ocr_par' dir='ltr' id='par_1_22' title="bbox 1944 844 3502 916">
     <span class='ocr_line' id='line_1_22' title="bbox 1944 844 3502 916; baseline 0.004 -16"><span class='ocrx_word' id='word_1_140' title='bbox 1944 846 2157 910; x_wconf 85' lang='lat' dir='ltr'><strong>securi;</strong></span> <span class='ocrx_word' id='word_1_141' title='bbox 2231 844 2498 916; x_wconf 75' lang='lat' dir='ltr'><strong>adjungite</strong></span> <span class='ocrx_word' id='word_1_142' title='bbox 2552 846 2669 900; x_wconf 87' lang='lat' dir='ltr'><strong>ﬁdei</strong></span> <span class='ocrx_word' id='word_1_143' title='bbox 2722 857 2878 901; x_wconf 78' lang='lat' dir='ltr'><strong>recta:</strong></span> <span class='ocrx_word' id='word_1_144' title='bbox 2935 849 3096 902; x_wconf 85' lang='lat' dir='ltr'><strong>vitam</strong></span> <span class='ocrx_word' id='word_1_145' title='bbox 3150 858 3380 916; x_wconf 82' lang='lat' dir='ltr'><strong>rectam;</strong></span> <span class='ocrx_word' id='word_1_146' title='bbox 3441 860 3502 906; x_wconf 92' lang='lat' dir='ltr'><strong>ut</strong></span> 
     </span>
    </p>
   </div>
   <div class='ocr_carea' id='block_1_23' title="bbox 1944 935 3501 1001">
    <p class='ocr_par' dir='ltr' id='par_1_23' title="bbox 1944 935 3501 1001">
     <span class='ocr_line' id='line_1_23' title="bbox 1944 935 3501 1001; baseline 0.003 -11"><span class='ocrx_word' id='word_1_147' title='bbox 1944 935 2214 990; x_wconf 87' lang='lat' dir='ltr'><strong>Christum</strong></span> <span class='ocrx_word' id='word_1_148' title='bbox 2253 936 2610 997; x_wconf 82' lang='lat' dir='ltr'><strong>conﬁteamini</strong></span> <span class='ocrx_word' id='word_1_149' title='bbox 2654 935 2706 989; x_wconf 88' lang='lat' dir='ltr'><strong>in</strong></span> <span class='ocrx_word' id='word_1_150' title='bbox 2733 951 2894 990; x_wconf 86' lang='lat' dir='ltr'><strong>carne</strong></span> <span class='ocrx_word' id='word_1_151' title='bbox 2938 937 3180 1001; x_wconf 69' lang='lat' dir='ltr'><strong>venisse,</strong></span> <span class='ocrx_word' id='word_1_152' title='bbox 3231 946 3282 992; x_wconf 88' lang='lat' dir='ltr'><strong>ct</strong></span> <span class='ocrx_word' id='word_1_153' title='bbox 3323 940 3501 994; x_wconf 78' lang='lat' dir='ltr'><strong>verbis</strong></span> 
     </span>
    </p>
   </div>
   <div class='ocr_carea' id='block_1_24' title="bbox 1945 1025 3578 1090">
    <p class='ocr_par' dir='ltr' id='par_1_24' title="bbox 1945 1025 3578 1090">
     <span class='ocr_line' id='line_1_24' title="bbox 1945 1025 3578 1090; baseline 0.005 -11"><span class='ocrx_word' id='word_1_154' title='bbox 1945 1042 2070 1080; x_wconf 89' lang='lat' dir='ltr'><strong>vera</strong></span> <span class='ocrx_word' id='word_1_155' title='bbox 2101 1026 2346 1090; x_wconf 88' lang='lat' dir='ltr'><strong>dicendo,</strong></span> <span class='ocrx_word' id='word_1_156' title='bbox 2375 1035 2428 1080; x_wconf 90' lang='lat' dir='ltr'><strong>et</strong></span> <span class='ocrx_word' id='word_1_157' title='bbox 2457 1025 2611 1080; x_wconf 79' lang='lat' dir='ltr'><strong>factis</strong></span> <span class='ocrx_word' id='word_1_158' title='bbox 2635 1027 2768 1081; x_wconf 88' lang='lat' dir='ltr'><strong>bene</strong></span> <span class='ocrx_word' id='word_1_159' title='bbox 2797 1028 3041 1081; x_wconf 83' lang='lat' dir='ltr'><strong>vivendo.</strong></span> <span class='ocrx_word' id='word_1_160' title='bbox 3091 1027 3219 1082; x_wconf 80' lang='lat' dir='ltr'><strong>Nam</strong></span> <span class='ocrx_word' id='word_1_161' title='bbox 3247 1031 3290 1085; x_wconf 92' lang='lat' dir='ltr'><strong>si</strong></span> <span class='ocrx_word' id='word_1_162' title='bbox 3338 1032 3503 1086; x_wconf 67' lang='lat' dir='ltr'><strong>conti-</strong></span> <span class='ocrx_word' id='word_1_163' title='bbox 3575 1067 3578 1070; x_wconf 76' lang='lat'><strong><em>~</em></strong></span> 
     </span>
    </p>
   </div>
   <div class='ocr_carea' id='block_1_25' title="bbox 1946 1117 3503 1191">
    <p class='ocr_par' dir='ltr' id='par_1_25' title="bbox 1946 1117 3503 1191">
     <span class='ocr_line' id='line_1_25' title="bbox 1946 1117 3503 1191; baseline 0.002 -19"><span class='ocrx_word' id='word_1_164' title='bbox 1946 1118 2128 1172; x_wconf 87' lang='lat' dir='ltr'><strong>temini</strong></span> <span class='ocrx_word' id='word_1_165' title='bbox 2152 1117 2349 1180; x_wconf 77' lang='lat' dir='ltr'><strong>verbis,</strong></span> <span class='ocrx_word' id='word_1_166' title='bbox 2375 1125 2428 1172; x_wconf 90' lang='lat' dir='ltr'><strong>et</strong></span> <span class='ocrx_word' id='word_1_167' title='bbox 2478 1117 2636 1172; x_wconf 79' lang='lat' dir='ltr'><strong>factis</strong></span> <span class='ocrx_word' id='word_1_168' title='bbox 2691 1119 2926 1188; x_wconf 76' lang='lat' dir='ltr'><strong>negetis,</strong></span> <span class='ocrx_word' id='word_1_169' title='bbox 2959 1120 3088 1174; x_wconf 85' lang='lat' dir='ltr'><strong>ﬁdes</strong></span> <span class='ocrx_word' id='word_1_170' title='bbox 3128 1121 3308 1175; x_wconf 88' lang='lat' dir='ltr'><strong>talium</strong></span> <span class='ocrx_word' id='word_1_171' title='bbox 3338 1137 3503 1191; x_wconf 80' lang='lat' dir='ltr'><strong>prope</strong></span> 
     </span>
    </p>
   </div>
   <div class='ocr_carea' id='block_1_26' title="bbox 1948 1207 3505 1279">
    <p class='ocr_par' dir='ltr' id='par_1_26' title="bbox 1948 1207 3505 1279">
     <span class='ocr_line' id='line_1_26' title="bbox 1948 1207 3505 1279; baseline 0.002 -18"><span class='ocrx_word' id='word_1_172' title='bbox 1948 1207 2080 1262; x_wconf 90' lang='lat' dir='ltr'><strong>ﬁdes</strong></span> <span class='ocrx_word' id='word_1_173' title='bbox 2134 1215 2216 1261; x_wconf 90' lang='lat' dir='ltr'><strong>est</strong></span> <span class='ocrx_word' id='word_1_174' title='bbox 2268 1208 2668 1262; x_wconf 66' lang='lat' dir='ltr'><strong>daemoniorum.</strong></span> <span class='ocrx_word' id='word_1_175' title='bbox 2728 1208 2956 1264; x_wconf 86' lang='lat' dir='ltr'><strong>Jacohus</strong></span> <span class='ocrx_word' id='word_1_176' title='bbox 3009 1212 3188 1278; x_wconf 84' lang='lat' dir='ltr'><strong>itaque</strong></span> <span class='ocrx_word' id='word_1_177' title='bbox 3231 1211 3505 1279; x_wconf 88' lang='lat' dir='ltr'><strong>apostolus</strong></span> 
     </span>
    </p>
   </div>
   <div class='ocr_carea' id='block_1_27' title="bbox 1948 1295 3501 1366">
    <p class='ocr_par' dir='ltr' id='par_1_27' title="bbox 1948 1295 3501 1366">
     <span class='ocr_line' id='line_1_27' title="bbox 1948 1295 3501 1366; baseline 0.001 -16"><span class='ocrx_word' id='word_1_178' title='bbox 1948 1311 2068 1350; x_wconf 90' lang='lat' dir='ltr'><strong>cum</strong></span> <span class='ocrx_word' id='word_1_179' title='bbox 2104 1296 2170 1350; x_wconf 83' lang='lat' dir='ltr'><strong>de</strong></span> <span class='ocrx_word' id='word_1_180' title='bbox 2205 1296 2306 1349; x_wconf 87' lang='lat' dir='ltr'><strong>ﬁde</strong></span> <span class='ocrx_word' id='word_1_181' title='bbox 2332 1303 2386 1348; x_wconf 90' lang='lat' dir='ltr'><strong>et</strong></span> <span class='ocrx_word' id='word_1_182' title='bbox 2431 1295 2683 1364; x_wconf 89' lang='lat' dir='ltr'><strong>operibus</strong></span> <span class='ocrx_word' id='word_1_183' title='bbox 2734 1297 3040 1366; x_wconf 87' lang='lat' dir='ltr'><strong>loqueretur</strong></span> <span class='ocrx_word' id='word_1_184' title='bbox 3086 1299 3339 1351; x_wconf 67' lang='lat' dir='ltr'><strong>adversus</strong></span> <span class='ocrx_word' id='word_1_185' title='bbox 3368 1312 3460 1351; x_wconf 89' lang='lat' dir='ltr'><strong>eos</strong></span> <span class='ocrx_word' id='word_1_186' title='bbox 3486 1338 3501 1361; x_wconf 94' lang='lat'><strong>,</strong></span> 
     </span>
    </p>
   </div>
   <div class='ocr_carea' id='block_1_28' title="bbox 1949 1385 3507 1456">
    <p class='ocr_par' dir='ltr' id='par_1_28' title="bbox 1949 1385 3507 1456">
     <span class='ocr_line' id='line_1_28' title="bbox 1949 1385 3507 1456; baseline 0 -18"><span class='ocrx_word' id='word_1_187' title='bbox 1949 1387 2038 1456; x_wconf 91' lang='lat' dir='ltr'><strong>qui</strong></span> <span class='ocrx_word' id='word_1_188' title='bbox 2077 1386 2173 1440; x_wconf 85' lang='lat' dir='ltr'><strong>sibi</strong></span> <span class='ocrx_word' id='word_1_189' title='bbox 2210 1386 2467 1454; x_wconf 82' lang='lat' dir='ltr'><strong>putabant</strong></span> <span class='ocrx_word' id='word_1_190' title='bbox 2493 1385 2646 1438; x_wconf 89' lang='lat' dir='ltr'><strong>ﬁdem</strong></span> <span class='ocrx_word' id='word_1_191' title='bbox 2691 1385 2954 1450; x_wconf 83' lang='lat' dir='ltr'><strong>suliicere,</strong></span> <span class='ocrx_word' id='word_1_192' title='bbox 2975 1396 3030 1440; x_wconf 91' lang='lat' dir='ltr'><strong>et</strong></span> <span class='ocrx_word' id='word_1_193' title='bbox 3061 1400 3223 1455; x_wconf 84' lang='lat' dir='ltr'><strong>opera</strong></span> <span class='ocrx_word' id='word_1_194' title='bbox 3250 1387 3386 1439; x_wconf 84' lang='lat' dir='ltr'><strong>bona</strong></span> <span class='ocrx_word' id='word_1_195' title='bbox 3413 1386 3507 1439; x_wconf 89' lang='lat' dir='ltr'><strong>ha-</strong></span> 
     </span>
    </p>
   </div>
   <div class='ocr_carea' id='block_1_29' title="bbox 1948 1473 3504 1540">
    <p class='ocr_par' dir='ltr' id='par_1_29' title="bbox 1948 1473 3504 1540">
     <span class='ocr_line' id='line_1_29' title="bbox 1948 1473 3504 1540; baseline -0.001 -10"><span class='ocrx_word' id='word_1_196' title='bbox 1948 1477 2074 1530; x_wconf 89' lang='lat' dir='ltr'><strong>bere</strong></span> <span class='ocrx_word' id='word_1_197' title='bbox 2104 1475 2372 1537; x_wconf 88' lang='lat' dir='ltr'><strong>nolebant,</strong></span> <span class='ocrx_word' id='word_1_198' title='bbox 2405 1475 2513 1528; x_wconf 86' lang='lat' dir='ltr'><strong>ait:</strong></span> <span class='ocrx_word' id='word_1_199' title='bbox 2548 1474 2624 1528; x_wconf 90' lang='lat' dir='ltr'><strong>Tu</strong></span> <span class='ocrx_word' id='word_1_200' title='bbox 2658 1476 2822 1529; x_wconf 84' lang='lat' dir='ltr'><strong>credis</strong></span> <span class='ocrx_word' id='word_1_201' title='bbox 2874 1476 2995 1540; x_wconf 85' lang='lat' dir='ltr'><strong>quia</strong></span> <span class='ocrx_word' id='word_1_202' title='bbox 3042 1491 3175 1528; x_wconf 88' lang='lat' dir='ltr'><strong>unus</strong></span> <span class='ocrx_word' id='word_1_203' title='bbox 3212 1481 3286 1528; x_wconf 90' lang='lat' dir='ltr'><strong>est</strong></span> <span class='ocrx_word' id='word_1_204' title='bbox 3334 1473 3504 1537; x_wconf 85' lang='lat' dir='ltr'><strong>Deus,</strong></span> 
     </span>
    </p>
   </div>
   <div class='ocr_carea' id='block_1_30' title="bbox 1950 1564 3509 1637">
    <p class='ocr_par' dir='ltr' id='par_1_30' title="bbox 1950 1564 3509 1637">
     <span class='ocr_line' id='line_1_30' title="bbox 1950 1564 3509 1637; baseline -0.003 -15"><span class='ocrx_word' id='word_1_205' title='bbox 1950 1569 2072 1622; x_wconf 86' lang='lat' dir='ltr'><strong>bene</strong></span> <span class='ocrx_word' id='word_1_206' title='bbox 2109 1568 2280 1637; x_wconf 85' lang='lat' dir='ltr'><strong>facis:</strong></span> <span class='ocrx_word' id='word_1_207' title='bbox 2320 1577 2365 1620; x_wconf 89' lang='lat' dir='ltr'><strong>et</strong></span> <span class='ocrx_word' id='word_1_208' title='bbox 2407 1567 2664 1620; x_wconf 75' lang='lat' dir='ltr'><strong>dwmones</strong></span> <span class='ocrx_word' id='word_1_209' title='bbox 2715 1564 2963 1631; x_wconf 88' lang='lat' dir='ltr'><strong>credunt,</strong></span> <span class='ocrx_word' id='word_1_210' title='bbox 3009 1576 3057 1620; x_wconf 89' lang='lat' dir='ltr'><strong>et</strong></span> <span class='ocrx_word' id='word_1_211' title='bbox 3109 1567 3509 1620; x_wconf 77' lang='lat' dir='ltr'><strong>contremiscunt</strong></span> 
     </span>
    </p>
   </div>
   <div class='ocr_carea' id='block_1_31' title="bbox 1951 1647 3512 1730">
    <p class='ocr_par' dir='ltr' id='par_1_31' title="bbox 1951 1647 3512 1730">
     <span class='ocr_line' id='line_1_31' title="bbox 1951 1647 3512 1730; baseline 0 -18"><span class='ocrx_word' id='word_1_212' title='bbox 1951 1647 2090 1728; x_wconf 82' lang='lat' dir='ltr'><strong>(Jac.</strong></span> <span class='ocrx_word' id='word_1_213' title='bbox 2141 1675 2222 1723; x_wconf 83' lang='grc' dir='ltr'><strong>ιι,</strong></span> <span class='ocrx_word' id='word_1_214' title='bbox 2278 1657 2384 1730; x_wconf 83' lang='grc'><strong>19).</strong></span> <span class='ocrx_word' id='word_1_215' title='bbox 2443 1659 2689 1728; x_wconf 83' lang='lat' dir='ltr'><strong>Nunquid</strong></span> <span class='ocrx_word' id='word_1_216' title='bbox 2743 1658 2859 1712; x_wconf 89' lang='lat' dir='ltr'><strong>ideo</strong></span> <span class='ocrx_word' id='word_1_217' title='bbox 2907 1657 3174 1712; x_wconf 71' lang='lat' dir='ltr'><strong>diemones</strong></span> <span class='ocrx_word' id='word_1_218' title='bbox 3210 1657 3276 1710; x_wconf 83' lang='lat' dir='ltr'><strong>ab</strong></span> <span class='ocrx_word' id='word_1_219' title='bbox 3309 1665 3512 1712; x_wconf 67' lang='lat' dir='ltr'><strong>mterno</strong></span> 
     </span>
    </p>
   </div>
   <div class='ocr_carea' id='block_1_32' title="bbox 283 1735 1870 1828">
    <p class='ocr_par' dir='ltr' id='par_1_32' title="bbox 283 1735 1852 1804">
     <span class='ocr_line' id='line_1_32' title="bbox 283 1735 1852 1804; baseline -0.002 -12"><span class='ocrx_word' id='word_1_220' title='bbox 283 1738 542 1800; x_wconf 81' lang='lat' dir='ltr'><strong>docetur;</strong></span> <span class='ocrx_word' id='word_1_221' title='bbox 578 1751 694 1804; x_wconf 70' lang='lat' dir='ltr'><strong>quze</strong></span> <span class='ocrx_word' id='word_1_222' title='bbox 718 1735 877 1790; x_wconf 89' lang='lat' dir='ltr'><strong>etiam</strong></span> <span class='ocrx_word' id='word_1_223' title='bbox 913 1744 1205 1790; x_wconf 86' lang='lat' dir='ltr'><strong>sectatores</strong></span> <span class='ocrx_word' id='word_1_224' title='bbox 1240 1750 1364 1789; x_wconf 91' lang='lat' dir='ltr'><strong>suos</strong></span> <span class='ocrx_word' id='word_1_225' title='bbox 1402 1737 1466 1790; x_wconf 90' lang='lat' dir='ltr'><strong>ad</strong></span> <span class='ocrx_word' id='word_1_226' title='bbox 1508 1745 1704 1789; x_wconf 89' lang='lat' dir='ltr'><strong>terram</strong></span> <span class='ocrx_word' id='word_1_227' title='bbox 1729 1751 1852 1804; x_wconf 90' lang='lat' dir='ltr'><strong>pro-</strong></span> 
     </span>
    </p>
   </div>
   <div class='ocr_carea' id='block_1_33' title="bbox 1965 1735 3507 1828">
    <p class='ocr_par' dir='ltr' id='par_1_33' title="bbox 1965 1748 3507 1828">
     <span class='ocr_line' id='line_1_33' title="bbox 1965 1748 3507 1828; baseline -0.002 -27"><span class='ocrx_word' id='word_1_228' title='bbox 1965 1766 2072 1828; x_wconf 51' lang='lat' dir='ltr'><strong>ig&#39;ue</strong></span> <span class='ocrx_word' id='word_1_229' title='bbox 2094 1749 2489 1812; x_wconf 89' lang='lat' dir='ltr'><strong>liberabuntur,</strong></span> <span class='ocrx_word' id='word_1_230' title='bbox 2518 1750 2640 1817; x_wconf 86' lang='lat' dir='ltr'><strong>quia</strong></span> <span class='ocrx_word' id='word_1_231' title='bbox 2665 1749 2889 1803; x_wconf 89' lang='lat' dir='ltr'><strong>credunt</strong></span> <span class='ocrx_word' id='word_1_232' title='bbox 2923 1757 2977 1802; x_wconf 87' lang='lat' dir='ltr'><strong>et</strong></span> <span class='ocrx_word' id='word_1_233' title='bbox 3009 1748 3461 1802; x_wconf 82' lang='lat' dir='ltr'><strong>contremiscunt?</strong></span> <span class='ocrx_word' id='word_1_234' title='bbox 3487 1765 3507 1798; x_wconf 72' lang='grc' dir='ltr'><strong><em>ι</em></strong></span> 
     </span>
    </p>
   </div>
   <div class='ocr_carea' id='block_1_34' title="bbox 282 1822 1853 1888">
    <p class='ocr_par' dir='ltr' id='par_1_34' title="bbox 282 1822 1853 1888">
     <span class='ocr_line' id='line_1_34' title="bbox 282 1822 1853 1888; baseline -0.001 -8"><span class='ocrx_word' id='word_1_235' title='bbox 282 1829 494 1880; x_wconf 83' lang='lat' dir='ltr'><strong>vehunt</strong></span> <span class='ocrx_word' id='word_1_236' title='bbox 519 1825 830 1888; x_wconf 87' lang='lat' dir='ltr'><strong>viventium,</strong></span> <span class='ocrx_word' id='word_1_237' title='bbox 859 1824 1066 1879; x_wconf 90' lang='lat' dir='ltr'><strong>cunctis</strong></span> <span class='ocrx_word' id='word_1_238' title='bbox 1089 1822 1330 1881; x_wconf 91' lang='lat' dir='ltr'><strong>ﬁdelibus</strong></span> <span class='ocrx_word' id='word_1_239' title='bbox 1362 1826 1566 1880; x_wconf 87' lang='lat' dir='ltr'><strong>discere</strong></span> <span class='ocrx_word' id='word_1_240' title='bbox 1611 1833 1666 1879; x_wconf 88' lang='lat' dir='ltr'><strong>et</strong></span> <span class='ocrx_word' id='word_1_241' title='bbox 1695 1825 1853 1879; x_wconf 90' lang='lat' dir='ltr'><strong>intel-</strong></span> 
     </span>
    </p>
   </div>
   <div class='ocr_carea' id='block_1_35' title="bbox 283 1894 1115 1987">
    <p class='ocr_par' dir='ltr' id='par_1_35' title="bbox 283 1894 1115 1987">
     <span class='ocr_line' id='line_1_35' title="bbox 283 1894 1115 1987; baseline -0.004 -17"><span class='ocrx_word' id='word_1_242' title='bbox 283 1916 456 1987; x_wconf 85' lang='lat' dir='ltr'><strong>ligere</strong></span> <span class='ocrx_word' id='word_1_243' title='bbox 480 1914 762 1968; x_wconf 88' lang='lat' dir='ltr'><strong>intentioni</strong></span> <span class='ocrx_word' id='word_1_244' title='bbox 791 1929 908 1968; x_wconf 90' lang='lat' dir='ltr'><strong>esse</strong></span> <span class='ocrx_word' id='word_1_245' title='bbox 939 1894 1115 1968; x_wconf 72' lang='lat' dir='ltr'><strong>debet.</strong></span> 
     </span>
    </p>
   </div>
   <div class='ocr_carea' id='block_1_36' title="bbox 359 2001 1856 2073">
    <p class='ocr_par' dir='ltr' id='par_1_36' title="bbox 359 2001 1856 2073">
     <span class='ocr_line' id='line_1_36' title="bbox 359 2001 1856 2073; baseline 0 -15"><span class='ocrx_word' id='word_1_246' title='bbox 359 2003 472 2058; x_wconf 90' lang='lat' dir='ltr'><strong>Lex</strong></span> <span class='ocrx_word' id='word_1_247' title='bbox 492 2003 675 2072; x_wconf 84' lang='lat' dir='ltr'><strong>itaque</strong></span> <span class='ocrx_word' id='word_1_248' title='bbox 703 2001 902 2057; x_wconf 89' lang='lat' dir='ltr'><strong>Christi</strong></span> <span class='ocrx_word' id='word_1_249' title='bbox 931 2019 1036 2057; x_wconf 90' lang='lat' dir='ltr'><strong>non</strong></span> <span class='ocrx_word' id='word_1_250' title='bbox 1059 2004 1361 2072; x_wconf 84' lang='lat' dir='ltr'><strong>specialiter</strong></span> <span class='ocrx_word' id='word_1_251' title='bbox 1387 2003 1618 2070; x_wconf 85' lang='lat' dir='ltr'><strong>clericis,</strong></span> <span class='ocrx_word' id='word_1_252' title='bbox 1647 2004 1741 2058; x_wconf 92' lang='lat' dir='ltr'><strong>sed</strong></span> <span class='ocrx_word' id='word_1_253' title='bbox 1767 2019 1856 2073; x_wconf 84' lang='lat' dir='ltr'><strong>ge-</strong></span> 
     </span>
    </p>
   </div>
   <div class='ocr_carea' id='block_1_37' title="bbox 286 2095 1856 2161">
    <p class='ocr_par' dir='ltr' id='par_1_37' title="bbox 286 2095 1856 2161">
     <span class='ocr_line' id='line_1_37' title="bbox 286 2095 1856 2161; baseline 0.001 -10"><span class='ocrx_word' id='word_1_254' title='bbox 286 2095 554 2152; x_wconf 80' lang='lat' dir='ltr'><strong>neraliter</strong></span> <span class='ocrx_word' id='word_1_255' title='bbox 582 2095 792 2150; x_wconf 88' lang='lat' dir='ltr'><strong>cunctis</strong></span> <span class='ocrx_word' id='word_1_256' title='bbox 822 2095 1062 2150; x_wconf 89' lang='lat' dir='ltr'><strong>ﬁdelibus</strong></span> <span class='ocrx_word' id='word_1_257' title='bbox 1097 2097 1446 2161; x_wconf 88' lang='lat' dir='ltr'><strong>observanda,</strong></span> <span class='ocrx_word' id='word_1_258' title='bbox 1474 2105 1558 2151; x_wconf 90' lang='lat' dir='ltr'><strong>est</strong></span> <span class='ocrx_word' id='word_1_259' title='bbox 1577 2113 1607 2151; x_wconf 91' lang='lat' dir='ltr'><strong>a</strong></span> <span class='ocrx_word' id='word_1_260' title='bbox 1632 2097 1856 2152; x_wconf 89' lang='lat' dir='ltr'><strong>Domino</strong></span> 
     </span>
    </p>
   </div>
   <div class='ocr_carea' id='block_1_38' title="bbox 286 2171 1856 2256">
    <p class='ocr_par' dir='ltr' id='par_1_38' title="bbox 286 2171 1856 2256">
     <span class='ocr_line' id='line_1_38' title="bbox 286 2171 1856 2256; baseline 0 -17"><span class='ocrx_word' id='word_1_261' title='bbox 286 2186 571 2240; x_wconf 84' lang='lat' dir='ltr'><strong>attributa.</strong></span> <span class='ocrx_word' id='word_1_262' title='bbox 608 2185 759 2241; x_wconf 86' lang='lat' dir='ltr'><strong>Licet</strong></span> <span class='ocrx_word' id='word_1_263' title='bbox 786 2184 837 2239; x_wconf 93' lang='lat' dir='ltr'><strong>in</strong></span> <span class='ocrx_word' id='word_1_264' title='bbox 870 2185 1160 2256; x_wconf 87' lang='lat' dir='ltr'><strong>Evangelio</strong></span> <span class='ocrx_word' id='word_1_265' title='bbox 1193 2171 1434 2256; x_wconf 69' lang='lat' dir='ltr'><strong>quredam</strong></span> <span class='ocrx_word' id='word_1_266' title='bbox 1463 2186 1572 2240; x_wconf 89' lang='lat' dir='ltr'><strong>sint</strong></span> <span class='ocrx_word' id='word_1_267' title='bbox 1594 2195 1856 2256; x_wconf 63' lang='lat' dir='ltr'><strong>praecepta</strong></span> 
     </span>
    </p>
   </div>
   <div class='ocr_carea' id='block_1_39' title="bbox 286 2275 1886 2346">
    <p class='ocr_par' dir='ltr' id='par_1_39' title="bbox 286 2275 1886 2346">
     <span class='ocr_line' id='line_1_39' title="bbox 286 2275 1886 2346; baseline 0.002 -18"><span class='ocrx_word' id='word_1_268' title='bbox 286 2275 570 2346; x_wconf 83' lang='lat' dir='ltr'><strong>specialia,</strong></span> <span class='ocrx_word' id='word_1_269' title='bbox 607 2290 728 2344; x_wconf 71' lang='lat' dir='ltr'><strong>qua:</strong></span> <span class='ocrx_word' id='word_1_270' title='bbox 746 2275 1082 2331; x_wconf 85' lang='lat' dir='ltr'><strong>solummodo</strong></span> <span class='ocrx_word' id='word_1_271' title='bbox 1109 2277 1565 2346; x_wconf 88' lang='lat' dir='ltr'><strong>contemptoribus</strong></span> <span class='ocrx_word' id='word_1_272' title='bbox 1592 2277 1772 2331; x_wconf 86' lang='lat' dir='ltr'><strong>mundi</strong></span> <span class='ocrx_word' id='word_1_273' title='bbox 1804 2284 1886 2331; x_wconf 64' lang='lat' dir='ltr'><strong>et.</strong></span> 
     </span>
    </p>
   </div>
   <div class='ocr_carea' id='block_1_40' title="bbox 287 2365 1859 2438">
    <p class='ocr_par' dir='ltr' id='par_1_40' title="bbox 287 2365 1859 2438">
     <span class='ocr_line' id='line_1_40' title="bbox 287 2365 1859 2438; baseline 0.001 -17"><span class='ocrx_word' id='word_1_274' title='bbox 287 2367 657 2438; x_wconf 81' lang='lat' dir='ltr'><strong>apostolorum</strong></span> <span class='ocrx_word' id='word_1_275' title='bbox 686 2365 1041 2421; x_wconf 84' lang='lat' dir='ltr'><strong>sectatoribus</strong></span> <span class='ocrx_word' id='word_1_276' title='bbox 1065 2369 1414 2434; x_wconf 85' lang='lat' dir='ltr'><strong>conveniant;</strong></span> <span class='ocrx_word' id='word_1_277' title='bbox 1453 2375 1648 2423; x_wconf 62' lang='lat' dir='ltr'><strong>cetera</strong></span> <span class='ocrx_word' id='word_1_278' title='bbox 1679 2375 1859 2422; x_wconf 88' lang='lat' dir='ltr'><strong>tamen</strong></span> 
     </span>
    </p>
   </div>
   <div class='ocr_carea' id='block_1_41' title="bbox 289 2457 1861 2530">
    <p class='ocr_par' dir='ltr' id='par_1_41' title="bbox 289 2457 1861 2530">
     <span class='ocr_line' id='line_1_41' title="bbox 289 2457 1861 2530; baseline 0.003 -18"><span class='ocrx_word' id='word_1_279' title='bbox 289 2458 505 2514; x_wconf 88' lang='lat' dir='ltr'><strong>cunctis</strong></span> <span class='ocrx_word' id='word_1_280' title='bbox 533 2457 794 2521; x_wconf 85' lang='lat' dir='ltr'><strong>ﬁdelibus,</strong></span> <span class='ocrx_word' id='word_1_281' title='bbox 827 2459 1112 2528; x_wconf 89' lang='lat' dir='ltr'><strong>unicuique</strong></span> <span class='ocrx_word' id='word_1_282' title='bbox 1138 2459 1340 2515; x_wconf 85' lang='lat' dir='ltr'><strong>scilicet</strong></span> <span class='ocrx_word' id='word_1_283' title='bbox 1368 2459 1420 2513; x_wconf 92' lang='lat' dir='ltr'><strong>in</strong></span> <span class='ocrx_word' id='word_1_284' title='bbox 1464 2459 1650 2516; x_wconf 87' lang='lat' dir='ltr'><strong>ordine</strong></span> <span class='ocrx_word' id='word_1_285' title='bbox 1670 2474 1776 2530; x_wconf 92' lang='lat' dir='ltr'><strong>quo</strong></span> <span class='ocrx_word' id='word_1_286' title='bbox 1803 2475 1861 2516; x_wconf 87' lang='lat' dir='ltr'><strong>se</strong></span> 
     </span>
    </p>
   </div>
   <div class='ocr_carea' id='block_1_42' title="bbox 289 2536 1859 2614">
    <p class='ocr_par' dir='ltr' id='par_1_42' title="bbox 289 2536 1859 2614">
     <span class='ocr_line' id='line_1_42' title="bbox 289 2536 1859 2614; baseline 0 -10"><span class='ocrx_word' id='word_1_287' title='bbox 289 2549 406 2604; x_wconf 87' lang='lat' dir='ltr'><strong>Deo</strong></span> <span class='ocrx_word' id='word_1_288' title='bbox 431 2548 711 2604; x_wconf 78' lang='lat' dir='ltr'><strong>deservire</strong></span> <span class='ocrx_word' id='word_1_289' title='bbox 759 2549 1006 2614; x_wconf 89' lang='lat' dir='ltr'><strong>devovit,</strong></span> <span class='ocrx_word' id='word_1_290' title='bbox 1041 2548 1494 2605; x_wconf 89' lang='lat' dir='ltr'><strong>indissimulanter</strong></span> <span class='ocrx_word' id='word_1_291' title='bbox 1529 2536 1859 2605; x_wconf 83' lang='lat' dir='ltr'><strong>observanda</strong></span> 
     </span>
    </p>
   </div>
   <div class='ocr_carea' id='block_1_43' title="bbox 290 2639 1864 2712">
    <p class='ocr_par' dir='ltr' id='par_1_43' title="bbox 290 2639 1864 2712">
     <span class='ocr_line' id='line_1_43' title="bbox 290 2639 1864 2712; baseline 0.002 -18"><span class='ocrx_word' id='word_1_292' title='bbox 290 2649 608 2694; x_wconf 82' lang='lat' dir='ltr'><strong>censentur.</strong></span> <span class='ocrx_word' id='word_1_293' title='bbox 649 2639 800 2693; x_wconf 76' lang='lat' dir='ltr'><strong>Multi</strong></span> <span class='ocrx_word' id='word_1_294' title='bbox 831 2655 1062 2710; x_wconf 88' lang='lat' dir='ltr'><strong>namque</strong></span> <span class='ocrx_word' id='word_1_295' title='bbox 1101 2640 1355 2696; x_wconf 86' lang='lat' dir='ltr'><strong>laicorum</strong></span> <span class='ocrx_word' id='word_1_296' title='bbox 1381 2641 1635 2708; x_wconf 84' lang='lat' dir='ltr'><strong>existunt,</strong></span> <span class='ocrx_word' id='word_1_297' title='bbox 1662 2642 1753 2712; x_wconf 91' lang='lat' dir='ltr'><strong>qui</strong></span> <span class='ocrx_word' id='word_1_298' title='bbox 1785 2641 1864 2698; x_wconf 89' lang='lat' dir='ltr'><strong>le-</strong></span> 
     </span>
    </p>
   </div>
   <div class='ocr_carea' id='block_1_44' title="bbox 293 2731 1858 2803">
    <p class='ocr_par' dir='ltr' id='par_1_44' title="bbox 293 2731 1858 2803">
     <span class='ocr_line' id='line_1_44' title="bbox 293 2731 1858 2803; baseline 0.001 -17"><span class='ocrx_word' id='word_1_299' title='bbox 293 2747 418 2802; x_wconf 87' lang='lat' dir='ltr'><strong>gem</strong></span> <span class='ocrx_word' id='word_1_300' title='bbox 439 2731 805 2801; x_wconf 79' lang='lat' dir='ltr'><strong>evangelicam</strong></span> <span class='ocrx_word' id='word_1_301' title='bbox 830 2739 884 2786; x_wconf 87' lang='lat' dir='ltr'><strong>et</strong></span> <span class='ocrx_word' id='word_1_302' title='bbox 905 2732 1253 2803; x_wconf 87' lang='lat' dir='ltr'><strong>apostolicam</strong></span> <span class='ocrx_word' id='word_1_303' title='bbox 1283 2732 1384 2788; x_wconf 84' lang='lat' dir='ltr'><strong>sibi</strong></span> <span class='ocrx_word' id='word_1_304' title='bbox 1409 2733 1587 2788; x_wconf 89' lang='lat' dir='ltr'><strong>datam</strong></span> <span class='ocrx_word' id='word_1_305' title='bbox 1616 2735 1858 2800; x_wconf 90' lang='lat' dir='ltr'><strong>credunt,</strong></span> 
     </span>
    </p>
   </div>
   <div class='ocr_carea' id='block_1_45' title="bbox 292 2821 1863 2894">
    <p class='ocr_par' dir='ltr' id='par_1_45' title="bbox 292 2821 1863 2894">
     <span class='ocr_line' id='line_1_45' title="bbox 292 2821 1863 2894; baseline 0.002 -17"><span class='ocrx_word' id='word_1_306' title='bbox 292 2833 348 2877; x_wconf 86' lang='lat' dir='ltr'><strong>et</strong></span> <span class='ocrx_word' id='word_1_307' title='bbox 396 2821 699 2894; x_wconf 83' lang='lat' dir='ltr'><strong>intelligere</strong></span> <span class='ocrx_word' id='word_1_308' title='bbox 750 2831 1057 2893; x_wconf 85' lang='lat' dir='ltr'><strong>procurant,</strong></span> <span class='ocrx_word' id='word_1_309' title='bbox 1096 2833 1150 2878; x_wconf 90' lang='lat' dir='ltr'><strong>et</strong></span> <span class='ocrx_word' id='word_1_310' title='bbox 1185 2825 1476 2880; x_wconf 89' lang='lat' dir='ltr'><strong>secundum</strong></span> <span class='ocrx_word' id='word_1_311' title='bbox 1529 2839 1648 2880; x_wconf 90' lang='lat' dir='ltr'><strong>eam</strong></span> <span class='ocrx_word' id='word_1_312' title='bbox 1683 2825 1863 2880; x_wconf 86' lang='lat' dir='ltr'><strong>vivere</strong></span> 
     </span>
    </p>
   </div>
   <div class='ocr_carea' id='block_1_46' title="bbox 293 2913 1862 2986">
    <p class='ocr_par' dir='ltr' id='par_1_46' title="bbox 293 2913 1862 2986">
     <span class='ocr_line' id='line_1_46' title="bbox 293 2913 1862 2986; baseline 0.003 -18"><span class='ocrx_word' id='word_1_313' title='bbox 293 2929 397 2983; x_wconf 89' lang='lat' dir='ltr'><strong>pro</strong></span> <span class='ocrx_word' id='word_1_314' title='bbox 427 2913 633 2969; x_wconf 88' lang='lat' dir='ltr'><strong>viribus</strong></span> <span class='ocrx_word' id='word_1_315' title='bbox 673 2914 968 2982; x_wconf 79' lang='lat' dir='ltr'><strong>invigilant.</strong></span> <span class='ocrx_word' id='word_1_316' title='bbox 1001 2913 1136 2969; x_wconf 91' lang='lat' dir='ltr'><strong>Sunt</strong></span> <span class='ocrx_word' id='word_1_317' title='bbox 1173 2915 1262 2969; x_wconf 86' lang='lat' dir='ltr'><strong>alii</strong></span> <span class='ocrx_word' id='word_1_318' title='bbox 1298 2916 1390 2986; x_wconf 91' lang='lat' dir='ltr'><strong>qui</strong></span> <span class='ocrx_word' id='word_1_319' title='bbox 1414 2931 1533 2971; x_wconf 88' lang='lat' dir='ltr'><strong>eam</strong></span> <span class='ocrx_word' id='word_1_320' title='bbox 1562 2916 1662 2972; x_wconf 86' lang='lat' dir='ltr'><strong>sibi</strong></span> <span class='ocrx_word' id='word_1_321' title='bbox 1684 2917 1862 2972; x_wconf 85' lang='lat' dir='ltr'><strong>datam</strong></span> 
     </span>
    </p>
   </div>
   <div class='ocr_carea' id='block_1_47' title="bbox 294 3001 1865 3074">
    <p class='ocr_par' dir='ltr' id='par_1_47' title="bbox 294 3001 1865 3074">
     <span class='ocr_line' id='line_1_47' title="bbox 294 3001 1865 3074; baseline 0.005 -20"><span class='ocrx_word' id='word_1_322' title='bbox 294 3001 545 3066; x_wconf 85' lang='lat' dir='ltr'><strong>credunt,</strong></span> <span class='ocrx_word' id='word_1_323' title='bbox 569 3001 708 3056; x_wconf 88' lang='lat' dir='ltr'><strong>hanc</strong></span> <span class='ocrx_word' id='word_1_324' title='bbox 737 3011 914 3056; x_wconf 87' lang='lat' dir='ltr'><strong>tamen</strong></span> <span class='ocrx_word' id='word_1_325' title='bbox 961 3003 1282 3074; x_wconf 80' lang='lat' dir='ltr'><strong>intelligere,</strong></span> <span class='ocrx_word' id='word_1_326' title='bbox 1321 3013 1377 3059; x_wconf 86' lang='lat' dir='ltr'><strong>et</strong></span> <span class='ocrx_word' id='word_1_327' title='bbox 1427 3005 1716 3060; x_wconf 89' lang='lat' dir='ltr'><strong>secundum</strong></span> <span class='ocrx_word' id='word_1_328' title='bbox 1745 3022 1865 3062; x_wconf 88' lang='lat' dir='ltr'><strong>eam</strong></span> 
     </span>
    </p>
   </div>
   <div class='ocr_carea' id='block_1_48' title="bbox 1952 1833 3515 1907">
    <p class='ocr_par' dir='ltr' id='par_1_48' title="bbox 1952 1833 3515 1907">
     <span class='ocr_line' id='line_1_48' title="bbox 1952 1833 3515 1907; baseline -0.003 -15"><span class='ocrx_word' id='word_1_329' title='bbox 1952 1837 2267 1893; x_wconf 80' lang='lat' dir='ltr'><strong>Miserabilis</strong></span> <span class='ocrx_word' id='word_1_330' title='bbox 2294 1837 2452 1907; x_wconf 89' lang='lat' dir='ltr'><strong>plane</strong></span> <span class='ocrx_word' id='word_1_331' title='bbox 2473 1847 2527 1890; x_wconf 91' lang='lat' dir='ltr'><strong>et</strong></span> <span class='ocrx_word' id='word_1_332' title='bbox 2553 1836 2704 1890; x_wconf 86' lang='lat' dir='ltr'><strong>valde</strong></span> <span class='ocrx_word' id='word_1_333' title='bbox 2728 1837 3063 1889; x_wconf 86' lang='lat' dir='ltr'><strong>lamentanda</strong></span> <span class='ocrx_word' id='word_1_334' title='bbox 3091 1835 3242 1899; x_wconf 88' lang='lat' dir='ltr'><strong>ﬁdes,</strong></span> <span class='ocrx_word' id='word_1_335' title='bbox 3272 1850 3389 1904; x_wconf 69' lang='lat' dir='ltr'><strong>qua:</strong></span> <span class='ocrx_word' id='word_1_336' title='bbox 3409 1833 3515 1888; x_wconf 67' lang='lat' dir='ltr'><strong>dte-</strong></span> 
     </span>
    </p>
   </div>
   <div class='ocr_carea' id='block_1_49' title="bbox 1951 1923 3515 1998">
    <p class='ocr_par' dir='ltr' id='par_1_49' title="bbox 1951 1923 3515 1998">
     <span class='ocr_line' id='line_1_49' title="bbox 1951 1923 3515 1998; baseline -0.003 -16"><span class='ocrx_word' id='word_1_337' title='bbox 1951 1943 2168 1983; x_wconf 88' lang='lat' dir='ltr'><strong>monum</strong></span> <span class='ocrx_word' id='word_1_338' title='bbox 2220 1927 2343 1982; x_wconf 84' lang='lat' dir='ltr'><strong>ﬁdei</strong></span> <span class='ocrx_word' id='word_1_339' title='bbox 2389 1933 2748 1996; x_wconf 89' lang='lat' dir='ltr'><strong>comparatur.</strong></span> <span class='ocrx_word' id='word_1_340' title='bbox 2781 1923 3073 1998; x_wconf 25' lang='lat' dir='ltr'><strong>Apostolus.</strong></span> <span class='ocrx_word' id='word_1_341' title='bbox 3117 1939 3308 1993; x_wconf 87' lang='lat' dir='ltr'><strong>nempe</strong></span> <span class='ocrx_word' id='word_1_342' title='bbox 3355 1923 3515 1978; x_wconf 88' lang='lat' dir='ltr'><strong>ﬁdem</strong></span> 
     </span>
    </p>
   </div>
   <div class='ocr_carea' id='block_1_50' title="bbox 1953 2012 3512 2086">
    <p class='ocr_par' dir='ltr' id='par_1_50' title="bbox 1953 2012 3512 2086">
     <span class='ocr_line' id='line_1_50' title="bbox 1953 2012 3512 2086; baseline -0.003 -14"><span class='ocrx_word' id='word_1_343' title='bbox 1953 2019 2284 2073; x_wconf 89' lang='lat' dir='ltr'><strong>credentium</strong></span> <span class='ocrx_word' id='word_1_344' title='bbox 2315 2033 2344 2071; x_wconf 92' lang='lat' dir='ltr'><strong>a</strong></span> <span class='ocrx_word' id='word_1_345' title='bbox 2374 2013 2476 2072; x_wconf 87' lang='lat' dir='ltr'><strong>ﬁde</strong></span> <span class='ocrx_word' id='word_1_346' title='bbox 2512 2018 2808 2072; x_wconf 76' lang='lat' dir='ltr'><strong>dzemonum</strong></span> <span class='ocrx_word' id='word_1_347' title='bbox 2833 2015 3185 2086; x_wconf 79' lang='lat' dir='ltr'><strong>distinguens,</strong></span> <span class='ocrx_word' id='word_1_348' title='bbox 3211 2015 3323 2068; x_wconf 87' lang='lat' dir='ltr'><strong>ait:</strong></span> <span class='ocrx_word' id='word_1_349' title='bbox 3353 2012 3512 2068; x_wconf 85' lang='lat' dir='ltr'><strong>Fides</strong></span> 
     </span>
    </p>
   </div>
   <div class='ocr_carea' id='block_1_51' title="bbox 1954 2105 3519 2185">
    <p class='ocr_par' dir='ltr' id='par_1_51' title="bbox 1954 2105 3519 2185">
     <span class='ocr_line' id='line_1_51' title="bbox 1954 2105 3519 2185; baseline -0.002 -23"><span class='ocrx_word' id='word_1_350' title='bbox 1954 2125 2068 2180; x_wconf 68' lang='lat' dir='ltr'><strong>quae</strong></span> <span class='ocrx_word' id='word_1_351' title='bbox 2109 2125 2199 2179; x_wconf 85' lang='lat' dir='ltr'><strong>per</strong></span> <span class='ocrx_word' id='word_1_352' title='bbox 2248 2107 2572 2162; x_wconf 83' lang='lat' dir='ltr'><strong>dilectionem</strong></span> <span class='ocrx_word' id='word_1_353' title='bbox 2617 2118 2860 2185; x_wconf 72' lang='lat' dir='ltr'><strong>operatur</strong></span> <span class='ocrx_word' id='word_1_354' title='bbox 2886 2105 3085 2178; x_wconf 80' lang='lat' dir='ltr'><strong>(Calat.</strong></span> <span class='ocrx_word' id='word_1_355' title='bbox 3119 2122 3174 2171; x_wconf 89' lang='lat' dir='ltr'><strong>v,</strong></span> <span class='ocrx_word' id='word_1_356' title='bbox 3207 2106 3283 2178; x_wconf 87' lang='grc'><strong>6).</strong></span> <span class='ocrx_word' id='word_1_357' title='bbox 3338 2105 3519 2161; x_wconf 86' lang='lat' dir='ltr'><strong>Claret</strong></span> 
     </span>
    </p>
   </div>
   <div class='ocr_carea' id='block_1_52' title="bbox 1954 2196 3518 2270">
    <p class='ocr_par' dir='ltr' id='par_1_52' title="bbox 1954 2196 3518 2270">
     <span class='ocr_line' id='line_1_52' title="bbox 1954 2196 3518 2270; baseline -0.001 -17"><span class='ocrx_word' id='word_1_358' title='bbox 1954 2213 2183 2269; x_wconf 88' lang='lat' dir='ltr'><strong>namque</strong></span> <span class='ocrx_word' id='word_1_359' title='bbox 2212 2200 2338 2270; x_wconf 88' lang='lat' dir='ltr'><strong>quia</strong></span> <span class='ocrx_word' id='word_1_360' title='bbox 2369 2199 2498 2254; x_wconf 89' lang='lat' dir='ltr'><strong>ﬁdes</strong></span> <span class='ocrx_word' id='word_1_361' title='bbox 2526 2199 2628 2253; x_wconf 89' lang='lat' dir='ltr'><strong>nisi</strong></span> <span class='ocrx_word' id='word_1_362' title='bbox 2661 2197 2908 2253; x_wconf 76' lang='lat' dir='ltr'><strong>dilexerit</strong></span> <span class='ocrx_word' id='word_1_363' title='bbox 2927 2197 3066 2267; x_wconf 90' lang='lat' dir='ltr'><strong>quod</strong></span> <span class='ocrx_word' id='word_1_364' title='bbox 3107 2196 3307 2262; x_wconf 89' lang='lat' dir='ltr'><strong>credit,</strong></span> <span class='ocrx_word' id='word_1_365' title='bbox 3352 2211 3518 2266; x_wconf 84' lang='lat' dir='ltr'><strong>seque</strong></span> 
     </span>
    </p>
   </div>
   <div class='ocr_carea' id='block_1_53' title="bbox 1953 2287 3518 2361">
    <p class='ocr_par' dir='ltr' id='par_1_53' title="bbox 1953 2287 3518 2361">
     <span class='ocr_line' id='line_1_53' title="bbox 1953 2287 3518 2361; baseline -0.004 -15"><span class='ocrx_word' id='word_1_366' title='bbox 1953 2291 2110 2347; x_wconf 89' lang='lat' dir='ltr'><strong>bonis</strong></span> <span class='ocrx_word' id='word_1_367' title='bbox 2161 2291 2412 2361; x_wconf 89' lang='lat' dir='ltr'><strong>operibus</strong></span> <span class='ocrx_word' id='word_1_368' title='bbox 2451 2289 2815 2352; x_wconf 83' lang='lat' dir='ltr'><strong>exornaverit,</strong></span> <span class='ocrx_word' id='word_1_369' title='bbox 2843 2289 3092 2343; x_wconf 89' lang='lat' dir='ltr'><strong>meritum</strong></span> <span class='ocrx_word' id='word_1_370' title='bbox 3125 2287 3248 2342; x_wconf 89' lang='lat' dir='ltr'><strong>ﬁdei</strong></span> <span class='ocrx_word' id='word_1_371' title='bbox 3301 2287 3518 2342; x_wconf 89' lang='lat' dir='ltr'><strong>amittit.</strong></span> 
     </span>
    </p>
   </div>
   <div class='ocr_carea' id='block_1_54' title="bbox 1957 2377 3521 2450">
    <p class='ocr_par' dir='ltr' id='par_1_54' title="bbox 1957 2377 3521 2450">
     <span class='ocr_line' id='line_1_54' title="bbox 1957 2377 3521 2450; baseline -0.003 -14"><span class='ocrx_word' id='word_1_372' title='bbox 1957 2381 2129 2450; x_wconf 84' lang='lat' dir='ltr'><strong>Quam</strong></span> <span class='ocrx_word' id='word_1_373' title='bbox 2179 2379 2330 2436; x_wconf 89' lang='lat' dir='ltr'><strong>multi</strong></span> <span class='ocrx_word' id='word_1_374' title='bbox 2376 2377 2535 2436; x_wconf 81' lang='lat' dir='ltr'><strong>hodie</strong></span> <span class='ocrx_word' id='word_1_375' title='bbox 2581 2380 2633 2435; x_wconf 90' lang='lat' dir='ltr'><strong>in</strong></span> <span class='ocrx_word' id='word_1_376' title='bbox 2656 2379 2894 2434; x_wconf 85' lang='lat' dir='ltr'><strong>Ecclesia</strong></span> <span class='ocrx_word' id='word_1_377' title='bbox 2937 2379 3176 2433; x_wconf 77' lang='lat' dir='ltr'><strong>existunt</strong></span> <span class='ocrx_word' id='word_1_378' title='bbox 3218 2377 3381 2450; x_wconf 89' lang='lat' dir='ltr'><strong>(quod</strong></span> <span class='ocrx_word' id='word_1_379' title='bbox 3411 2389 3521 2432; x_wconf 89' lang='lat' dir='ltr'><strong>non</strong></span> 
     </span>
    </p>
   </div>
   <div class='ocr_carea' id='block_1_55' title="bbox 1957 2467 3518 2540">
    <p class='ocr_par' dir='ltr' id='par_1_55' title="bbox 1957 2467 3518 2540">
     <span class='ocr_line' id='line_1_55' title="bbox 1957 2467 3518 2540; baseline -0.003 -15"><span class='ocrx_word' id='word_1_380' title='bbox 1957 2471 2074 2525; x_wconf 89' lang='lat' dir='ltr'><strong>sine</strong></span> <span class='ocrx_word' id='word_1_381' title='bbox 2121 2483 2314 2540; x_wconf 87' lang='lat' dir='ltr'><strong>magno</strong></span> <span class='ocrx_word' id='word_1_382' title='bbox 2344 2469 2508 2523; x_wconf 89' lang='lat' dir='ltr'><strong>animi</strong></span> <span class='ocrx_word' id='word_1_383' title='bbox 2535 2482 2766 2522; x_wconf 67' lang='lat' dir='ltr'><strong>maerore</strong></span> <span class='ocrx_word' id='word_1_384' title='bbox 2793 2467 3044 2538; x_wconf 89' lang='lat' dir='ltr'><strong>prosequi</strong></span> <span class='ocrx_word' id='word_1_385' title='bbox 3071 2467 3293 2540; x_wconf 73' lang='lat' dir='ltr'><strong>potest);</strong></span> <span class='ocrx_word' id='word_1_386' title='bbox 3323 2467 3413 2537; x_wconf 90' lang='lat' dir='ltr'><strong>qui</strong></span> <span class='ocrx_word' id='word_1_387' title='bbox 3451 2467 3518 2520; x_wconf 88' lang='lat' dir='ltr'><strong>ﬁ-</strong></span> 
     </span>
    </p>
   </div>
   <div class='ocr_carea' id='block_1_56' title="bbox 1959 2558 3522 2630">
    <p class='ocr_par' dir='ltr' id='par_1_56' title="bbox 1959 2558 3522 2630">
     <span class='ocr_line' id='line_1_56' title="bbox 1959 2558 3522 2630; baseline -0.002 -15"><span class='ocrx_word' id='word_1_388' title='bbox 1959 2561 2077 2616; x_wconf 90' lang='lat' dir='ltr'><strong>dem</strong></span> <span class='ocrx_word' id='word_1_389' title='bbox 2091 2558 2290 2615; x_wconf 87' lang='lat' dir='ltr'><strong>Christi</strong></span> <span class='ocrx_word' id='word_1_390' title='bbox 2309 2568 2685 2630; x_wconf 86' lang='lat' dir='ltr'><strong>perceperunt,</strong></span> <span class='ocrx_word' id='word_1_391' title='bbox 2700 2568 2753 2614; x_wconf 91' lang='lat' dir='ltr'><strong>et</strong></span> <span class='ocrx_word' id='word_1_392' title='bbox 2766 2573 2926 2629; x_wconf 91' lang='lat' dir='ltr'><strong>opera</strong></span> <span class='ocrx_word' id='word_1_393' title='bbox 2940 2559 3138 2613; x_wconf 86' lang='lat' dir='ltr'><strong>habere</strong></span> <span class='ocrx_word' id='word_1_394' title='bbox 3152 2566 3522 2621; x_wconf 87' lang='lat' dir='ltr'><strong>contemnunt,</strong></span> 
     </span>
    </p>
   </div>
   <div class='ocr_carea' id='block_1_57' title="bbox 1958 2645 3518 2714">
    <p class='ocr_par' dir='ltr' id='par_1_57' title="bbox 1958 2645 3518 2714">
     <span class='ocr_line' id='line_1_57' title="bbox 1958 2645 3518 2714; baseline -0.001 -10"><span class='ocrx_word' id='word_1_395' title='bbox 1958 2651 2104 2706; x_wconf 87' lang='lat' dir='ltr'><strong>vitiis</strong></span> <span class='ocrx_word' id='word_1_396' title='bbox 2139 2649 2453 2714; x_wconf 85' lang='lat' dir='ltr'><strong>inserviunt,</strong></span> <span class='ocrx_word' id='word_1_397' title='bbox 2481 2657 2536 2703; x_wconf 91' lang='lat' dir='ltr'><strong>et</strong></span> <span class='ocrx_word' id='word_1_398' title='bbox 2560 2647 2978 2704; x_wconf 88' lang='lat' dir='ltr'><strong>Christianitatis</strong></span> <span class='ocrx_word' id='word_1_399' title='bbox 3017 2663 3211 2702; x_wconf 89' lang='lat' dir='ltr'><strong>nomen</strong></span> <span class='ocrx_word' id='word_1_400' title='bbox 3240 2647 3343 2702; x_wconf 89' lang='lat' dir='ltr'><strong>sibi</strong></span> <span class='ocrx_word' id='word_1_401' title='bbox 3369 2645 3518 2702; x_wconf 75' lang='lat' dir='ltr'><strong>suill-</strong></span> 
     </span>
    </p>
   </div>
   <div class='ocr_carea' id='block_1_58' title="bbox 1959 2735 3527 2810">
    <p class='ocr_par' dir='ltr' id='par_1_58' title="bbox 1959 2735 3527 2810">
     <span class='ocr_line' id='line_1_58' title="bbox 1959 2735 3527 2810; baseline -0.001 -14"><span class='ocrx_word' id='word_1_402' title='bbox 1959 2755 2082 2797; x_wconf 78' lang='lat' dir='ltr'><strong>ccre</strong></span> <span class='ocrx_word' id='word_1_403' title='bbox 2132 2747 2340 2810; x_wconf 89' lang='lat' dir='ltr'><strong>putant.</strong></span> <span class='ocrx_word' id='word_1_404' title='bbox 2371 2736 2620 2808; x_wconf 81' lang='lat' dir='ltr'><strong>Nunquid</strong></span> <span class='ocrx_word' id='word_1_405' title='bbox 2673 2737 2785 2792; x_wconf 88' lang='lat' dir='ltr'><strong>sola</strong></span> <span class='ocrx_word' id='word_1_406' title='bbox 2819 2736 2952 2793; x_wconf 87' lang='lat' dir='ltr'><strong>ﬁdes</strong></span> <span class='ocrx_word' id='word_1_407' title='bbox 2980 2735 3258 2808; x_wconf 86' lang='lat' dir='ltr'><strong>superbos,</strong></span> <span class='ocrx_word' id='word_1_408' title='bbox 3283 2737 3527 2803; x_wconf 80' lang='lat' dir='ltr'><strong>invidos,</strong></span> 
     </span>
    </p>
   </div>
   <div class='ocr_carea' id='block_1_59' title="bbox 1961 2825 3526 2898">
    <p class='ocr_par' dir='ltr' id='par_1_59' title="bbox 1961 2825 3526 2898">
     <span class='ocr_line' id='line_1_59' title="bbox 1961 2825 3526 2898; baseline -0.002 -12"><span class='ocrx_word' id='word_1_409' title='bbox 1961 2846 2172 2894; x_wconf 86' lang='lat' dir='ltr'><strong>avaros,</strong></span> <span class='ocrx_word' id='word_1_410' title='bbox 2197 2829 2484 2893; x_wconf 88' lang='lat' dir='ltr'><strong>adulteros,</strong></span> <span class='ocrx_word' id='word_1_411' title='bbox 2513 2826 2779 2898; x_wconf 75' lang='lat' dir='ltr'><strong>periuros,</strong></span> <span class='ocrx_word' id='word_1_412' title='bbox 2819 2835 3101 2898; x_wconf 87' lang='lat' dir='ltr'><strong>raptores,</strong></span> <span class='ocrx_word' id='word_1_413' title='bbox 3149 2825 3526 2893; x_wconf 76' lang='lat' dir='ltr'><strong>fornicatores,</strong></span> 
     </span>
    </p>
   </div>
   <div class='ocr_carea' id='block_1_60' title="bbox 1962 2917 3524 2987">
    <p class='ocr_par' dir='ltr' id='par_1_60' title="bbox 1962 2917 3524 2987">
     <span class='ocr_line' id='line_1_60' title="bbox 1962 2917 3524 2987; baseline -0.003 -9"><span class='ocrx_word' id='word_1_414' title='bbox 1962 2921 2282 2987; x_wconf 85' lang='lat' dir='ltr'><strong>homicidas,</strong></span> <span class='ocrx_word' id='word_1_415' title='bbox 2311 2928 2365 2974; x_wconf 90' lang='lat' dir='ltr'><strong>et</strong></span> <span class='ocrx_word' id='word_1_416' title='bbox 2408 2920 2618 2974; x_wconf 65' lang='lat' dir='ltr'><strong>caeteris</strong></span> <span class='ocrx_word' id='word_1_417' title='bbox 2645 2917 2942 2973; x_wconf 88' lang='lat' dir='ltr'><strong>innumeris</strong></span> <span class='ocrx_word' id='word_1_418' title='bbox 2967 2917 3113 2972; x_wconf 89' lang='lat' dir='ltr'><strong>vitiis</strong></span> <span class='ocrx_word' id='word_1_419' title='bbox 3155 2918 3487 2987; x_wconf 88' lang='lat' dir='ltr'><strong>mancipatos</strong></span> <span class='ocrx_word' id='word_1_420' title='bbox 3507 2957 3524 2979; x_wconf 92' lang='lat'><strong>,</strong></span> 
     </span>
    </p>
   </div>
   <div class='ocr_carea' id='block_1_61' title="bbox 1963 3005 3526 3083">
    <p class='ocr_par' dir='ltr' id='par_1_61' title="bbox 1963 3005 3526 3083">
     <span class='ocr_line' id='line_1_61' title="bbox 1963 3005 3526 3083; baseline -0.004 -15"><span class='ocrx_word' id='word_1_421' title='bbox 1963 3005 2283 3083; x_wconf 85' lang='lat' dir='ltr'><strong>provectura</strong></span> <span class='ocrx_word' id='word_1_422' title='bbox 2315 3015 2396 3064; x_wconf 86' lang='lat' dir='ltr'><strong>est</strong></span> <span class='ocrx_word' id='word_1_423' title='bbox 2437 3008 2505 3063; x_wconf 92' lang='lat' dir='ltr'><strong>ad</strong></span> <span class='ocrx_word' id='word_1_424' title='bbox 2559 3021 2779 3078; x_wconf 85' lang='lat' dir='ltr'><strong>regnum</strong></span> <span class='ocrx_word' id='word_1_425' title='bbox 2825 3005 2960 3072; x_wconf 90' lang='lat' dir='ltr'><strong>Dei,</strong></span> <span class='ocrx_word' id='word_1_426' title='bbox 2999 3021 3124 3060; x_wconf 91' lang='lat' dir='ltr'><strong>cum</strong></span> <span class='ocrx_word' id='word_1_427' title='bbox 3171 3006 3428 3062; x_wconf 89' lang='lat' dir='ltr'><strong>Dominus</strong></span> <span class='ocrx_word' id='word_1_428' title='bbox 3472 3007 3526 3062; x_wconf 91' lang='lat' dir='ltr'><strong>in</strong></span> 
     </span>
    </p>
   </div>
   <div class='ocr_carea' id='block_1_62' title="bbox 295 3091 3527 3174">
    <p class='ocr_par' dir='ltr' id='par_1_62' title="bbox 295 3091 3527 3174">
     <span class='ocr_line' id='line_1_62' title="bbox 295 3091 3527 3174; baseline 0.002 -30"><span class='ocrx_word' id='word_1_429' title='bbox 295 3091 480 3146; x_wconf 83' lang='lat' dir='ltr'><strong>vivere</strong></span> <span class='ocrx_word' id='word_1_430' title='bbox 524 3092 845 3147; x_wconf 87' lang='lat' dir='ltr'><strong>detrectant.</strong></span> <span class='ocrx_word' id='word_1_431' title='bbox 900 3093 972 3148; x_wconf 90' lang='lat' dir='ltr'><strong>De</strong></span> <span class='ocrx_word' id='word_1_432' title='bbox 1006 3093 1202 3148; x_wconf 87' lang='lat' dir='ltr'><strong>talibus</strong></span> <span class='ocrx_word' id='word_1_433' title='bbox 1239 3095 1425 3149; x_wconf 88' lang='lat' dir='ltr'><strong>beatus</strong></span> <span class='ocrx_word' id='word_1_434' title='bbox 1449 3094 1775 3165; x_wconf 84' lang='lat' dir='ltr'><strong>Augustinus</strong></span> <span class='ocrx_word' id='word_1_435' title='bbox 1810 3097 1862 3151; x_wconf 90' lang='lat' dir='ltr'><strong>in</strong></span> <span class='ocrx_word' id='word_1_436' title='bbox 1891 3101 1934 3164; x_wconf 85' lang='lat' dir='ltr'><strong>C</strong></span> <span class='ocrx_word' id='word_1_437' title='bbox 1965 3102 2270 3174; x_wconf 84' lang='lat' dir='ltr'><strong>Evangelio,</strong></span> <span class='ocrx_word' id='word_1_438' title='bbox 2323 3108 2377 3156; x_wconf 89' lang='lat' dir='ltr'><strong>et</strong></span> <span class='ocrx_word' id='word_1_439' title='bbox 2424 3099 2709 3171; x_wconf 84' lang='lat' dir='ltr'><strong>Apostolus</strong></span> <span class='ocrx_word' id='word_1_440' title='bbox 2753 3097 2926 3161; x_wconf 89' lang='lat' dir='ltr'><strong>dicat,</strong></span> <span class='ocrx_word' id='word_1_441' title='bbox 2975 3097 3119 3168; x_wconf 88' lang='lat' dir='ltr'><strong>quod</strong></span> <span class='ocrx_word' id='word_1_442' title='bbox 3160 3095 3527 3166; x_wconf 88' lang='lat' dir='ltr'><strong>hujuscemodi</strong></span> 
     </span>
    </p>
   </div>
   <div class='ocr_carea' id='block_1_63' title="bbox 290 3181 1863 3254">
    <p class='ocr_par' dir='ltr' id='par_1_63' title="bbox 290 3181 1863 3254">
     <span class='ocr_line' id='line_1_63' title="bbox 290 3181 1863 3254; baseline 0.003 -18"><span class='ocrx_word' id='word_1_443' title='bbox 290 3182 438 3236; x_wconf 85' lang='lat' dir='ltr'><strong>libro</strong></span> <span class='ocrx_word' id='word_1_444' title='bbox 491 3181 812 3236; x_wconf 88' lang='lat' dir='ltr'><strong>Sermonum</strong></span> <span class='ocrx_word' id='word_1_445' title='bbox 843 3183 910 3237; x_wconf 92' lang='lat' dir='ltr'><strong>ad</strong></span> <span class='ocrx_word' id='word_1_446' title='bbox 961 3183 1215 3253; x_wconf 88' lang='lat' dir='ltr'><strong>populum</strong></span> <span class='ocrx_word' id='word_1_447' title='bbox 1247 3196 1272 3223; x_wconf 74' lang='grc' dir='ltr'>α</span> <span class='ocrx_word' id='word_1_448' title='bbox 1301 3201 1315 3238; x_wconf 91' lang='lat'><strong>:</strong></span> <span class='ocrx_word' id='word_1_449' title='bbox 1350 3202 1369 3235; x_wconf 83' lang='grc'>‹</span> <span class='ocrx_word' id='word_1_450' title='bbox 1402 3183 1572 3239; x_wconf 80' lang='lat' dir='ltr'><strong>Homo</strong></span> <span class='ocrx_word' id='word_1_451' title='bbox 1597 3226 1613 3250; x_wconf 96' lang='lat'><strong>,</strong></span> <span class='ocrx_word' id='word_1_452' title='bbox 1661 3185 1863 3254; x_wconf 89' lang='lat' dir='ltr'><strong>inquit,</strong></span> 
     </span>
    </p>
   </div>
   <div class='ocr_carea' id='block_1_64' title="bbox 289 3273 1868 3347">
    <p class='ocr_par' dir='ltr' id='par_1_64' title="bbox 289 3273 1868 3347">
     <span class='ocr_line' id='line_1_64' title="bbox 289 3273 1868 3347; baseline 0.001 -17"><span class='ocrx_word' id='word_1_453' title='bbox 289 3275 532 3330; x_wconf 76' lang='lat' dir='ltr'><strong>nimium</strong></span> <span class='ocrx_word' id='word_1_454' title='bbox 583 3273 872 3344; x_wconf 88' lang='lat' dir='ltr'><strong>aliquando</strong></span> <span class='ocrx_word' id='word_1_455' title='bbox 901 3284 1079 3329; x_wconf 88' lang='lat' dir='ltr'><strong>mente</strong></span> <span class='ocrx_word' id='word_1_456' title='bbox 1105 3291 1354 3345; x_wconf 90' lang='lat' dir='ltr'><strong>perversa</strong></span> <span class='ocrx_word' id='word_1_457' title='bbox 1379 3277 1531 3332; x_wconf 90' lang='lat' dir='ltr'><strong>timet</strong></span> <span class='ocrx_word' id='word_1_458' title='bbox 1550 3275 1868 3347; x_wconf 87' lang='lat' dir='ltr'><strong>intelligere,</strong></span> 
     </span>
    </p>
   </div>
   <div class='ocr_carea' id='block_1_65' title="bbox 290 3364 1869 3452">
    <p class='ocr_par' dir='ltr' id='par_1_65' title="bbox 290 3364 1869 3452">
     <span class='ocr_line' id='line_1_65' title="bbox 290 3364 1869 3452; baseline 0 -32"><span class='ocrx_word' id='word_1_459' title='bbox 290 3380 368 3420; x_wconf 87' lang='lat' dir='ltr'><strong>ne</strong></span> <span class='ocrx_word' id='word_1_460' title='bbox 404 3375 630 3435; x_wconf 80' lang='lat' dir='ltr'><strong>cogatur</strong></span> <span class='ocrx_word' id='word_1_461' title='bbox 650 3365 791 3435; x_wconf 88' lang='lat' dir='ltr'><strong>quod</strong></span> <span class='ocrx_word' id='word_1_462' title='bbox 839 3364 1165 3422; x_wconf 85' lang='lat' dir='ltr'><strong>intellexerit</strong></span> <span class='ocrx_word' id='word_1_463' title='bbox 1199 3365 1394 3452; x_wconf 67' lang='lat' dir='ltr'><strong>facere.</strong></span> <span class='ocrx_word' id='word_1_464' title='bbox 1428 3365 1581 3422; x_wconf 89' lang='lat' dir='ltr'><strong>Unde</strong></span> <span class='ocrx_word' id='word_1_465' title='bbox 1617 3368 1695 3422; x_wconf 75' lang='lat' dir='ltr'><strong>ait</strong></span> <span class='ocrx_word' id='word_1_466' title='bbox 1721 3367 1869 3422; x_wconf 86' lang='lat' dir='ltr'><strong>Psal-</strong></span> 
     </span>
    </p>
   </div>
   <div class='ocr_carea' id='block_1_66' title="bbox 293 3454 1865 3528">
    <p class='ocr_par' dir='ltr' id='par_1_66' title="bbox 293 3454 1865 3528">
     <span class='ocr_line' id='line_1_66' title="bbox 293 3454 1865 3528; baseline 0.001 -18"><span class='ocrx_word' id='word_1_467' title='bbox 293 3456 511 3510; x_wconf 82' lang='lat' dir='ltr'><strong>mista:</strong></span> <span class='ocrx_word' id='word_1_468' title='bbox 558 3454 742 3509; x_wconf 80' lang='lat' dir='ltr'><strong>Noluit</strong></span> <span class='ocrx_word' id='word_1_469' title='bbox 790 3455 1072 3526; x_wconf 85' lang='lat' dir='ltr'><strong>intelligere</strong></span> <span class='ocrx_word' id='word_1_470' title='bbox 1095 3495 1111 3520; x_wconf 94' lang='lat'><strong>,</strong></span> <span class='ocrx_word' id='word_1_471' title='bbox 1176 3466 1230 3510; x_wconf 89' lang='lat' dir='ltr'><strong>ut</strong></span> <span class='ocrx_word' id='word_1_472' title='bbox 1284 3456 1408 3512; x_wconf 85' lang='lat' dir='ltr'><strong>bene</strong></span> <span class='ocrx_word' id='word_1_473' title='bbox 1453 3466 1626 3527; x_wconf 83' lang='lat' dir='ltr'><strong>ageret</strong></span> <span class='ocrx_word' id='word_1_474' title='bbox 1676 3456 1865 3528; x_wconf 88' lang='lat' dir='ltr'><strong>(Psal.</strong></span> 
     </span>
    </p>
   </div>
   <div class='ocr_carea' id='block_1_67' title="bbox 293 3531 1868 3617">
    <p class='ocr_par' dir='ltr' id='par_1_67' title="bbox 293 3531 1868 3617">
     <span class='ocr_line' id='line_1_67' title="bbox 293 3531 1868 3617; baseline 0.001 -15"><span class='ocrx_word' id='word_1_475' title='bbox 293 3563 469 3612; x_wconf 67' lang='lat' dir='ltr'><strong>xxxv,</strong></span> <span class='ocrx_word' id='word_1_476' title='bbox 504 3547 583 3617; x_wconf 72' lang='grc'><strong>4).</strong></span> <span class='ocrx_word' id='word_1_477' title='bbox 618 3547 774 3602; x_wconf 84' lang='lat' dir='ltr'><strong>Tales</strong></span> <span class='ocrx_word' id='word_1_478' title='bbox 812 3563 940 3603; x_wconf 87' lang='lat' dir='ltr'><strong>vero</strong></span> <span class='ocrx_word' id='word_1_479' title='bbox 973 3548 1075 3602; x_wconf 92' lang='lat' dir='ltr'><strong>nisi</strong></span> <span class='ocrx_word' id='word_1_480' title='bbox 1128 3531 1603 3617; x_wconf 78' lang='lat' dir='ltr'><strong>impraesentiarum</strong></span> <span class='ocrx_word' id='word_1_481' title='bbox 1652 3565 1711 3604; x_wconf 89' lang='lat' dir='ltr'><strong>se</strong></span> <span class='ocrx_word' id='word_1_482' title='bbox 1747 3564 1868 3604; x_wconf 89' lang='lat' dir='ltr'><strong>cor-</strong></span> 
     </span>
    </p>
   </div>
   <div class='ocr_carea' id='block_1_68' title="bbox 295 3639 1877 3724">
    <p class='ocr_par' dir='ltr' id='par_1_68' title="bbox 295 3639 1877 3724">
     <span class='ocr_line' id='line_1_68' title="bbox 295 3639 1877 3724; baseline 0.001 -29"><span class='ocrx_word' id='word_1_483' title='bbox 295 3640 567 3704; x_wconf 82' lang='lat' dir='ltr'><strong>rexerint,</strong></span> <span class='ocrx_word' id='word_1_484' title='bbox 605 3640 732 3710; x_wconf 90' lang='lat' dir='ltr'><strong>quid</strong></span> <span class='ocrx_word' id='word_1_485' title='bbox 773 3639 932 3695; x_wconf 91' lang='lat' dir='ltr'><strong>eisin</strong></span> <span class='ocrx_word' id='word_1_486' title='bbox 970 3639 1204 3696; x_wconf 84' lang='lat' dir='ltr'><strong>futurum</strong></span> <span class='ocrx_word' id='word_1_487' title='bbox 1236 3641 1515 3712; x_wconf 84' lang='lat' dir='ltr'><strong>proveniat</strong></span> <span class='ocrx_word' id='word_1_488' title='bbox 1552 3641 1598 3696; x_wconf 89' lang='lat' dir='ltr'><strong>si</strong></span> <span class='ocrx_word' id='word_1_489' title='bbox 1626 3642 1877 3724; x_wconf 31' lang='lat' dir='ltr'><strong>animad‘</strong></span> 
     </span>
    </p>
   </div>
   <div class='ocr_carea' id='block_1_69' title="bbox 293 3733 1874 3806">
    <p class='ocr_par' dir='ltr' id='par_1_69' title="bbox 293 3733 1874 3806">
     <span class='ocr_line' id='line_1_69' title="bbox 293 3733 1874 3806; baseline 0.003 -21"><span class='ocrx_word' id='word_1_490' title='bbox 293 3741 519 3786; x_wconf 76' lang='lat' dir='ltr'><strong>vertere</strong></span> <span class='ocrx_word' id='word_1_491' title='bbox 543 3733 870 3798; x_wconf 88' lang='lat' dir='ltr'><strong>curaverint,</strong></span> <span class='ocrx_word' id='word_1_492' title='bbox 897 3741 951 3788; x_wconf 91' lang='lat' dir='ltr'><strong>et</strong></span> <span class='ocrx_word' id='word_1_493' title='bbox 972 3733 1026 3788; x_wconf 92' lang='lat' dir='ltr'><strong>in</strong></span> <span class='ocrx_word' id='word_1_494' title='bbox 1063 3733 1350 3806; x_wconf 76' lang='lat' dir='ltr'><strong>Ev’angelio</strong></span> <span class='ocrx_word' id='word_1_495' title='bbox 1371 3743 1427 3791; x_wconf 89' lang='lat' dir='ltr'><strong>et</strong></span> <span class='ocrx_word' id='word_1_496' title='bbox 1457 3735 1510 3789; x_wconf 91' lang='lat' dir='ltr'><strong>in</strong></span> <span class='ocrx_word' id='word_1_497' title='bbox 1536 3733 1789 3805; x_wconf 83' lang='lat' dir='ltr'><strong>Apostolo</strong></span> <span class='ocrx_word' id='word_1_498' title='bbox 1817 3736 1874 3794; x_wconf 89' lang='lat' dir='ltr'><strong>in</strong></span> 
     </span>
    </p>
   </div>
   <div class='ocr_carea' id='block_1_70' title="bbox 295 3824 1150 3895">
    <p class='ocr_par' dir='ltr' id='par_1_70' title="bbox 295 3824 1150 3895">
     <span class='ocr_line' id='line_1_70' title="bbox 295 3824 1150 3895; baseline -0.004 -17"><span class='ocrx_word' id='word_1_499' title='bbox 295 3833 558 3895; x_wconf 89' lang='lat' dir='ltr'><strong>promptu</strong></span> <span class='ocrx_word' id='word_1_500' title='bbox 589 3824 804 3878; x_wconf 84' lang='lat' dir='ltr'><strong>habent.</strong></span> <span class='ocrx_word' id='word_1_501' title='bbox 838 3842 858 3876; x_wconf 72' lang='grc' dir='ltr'><strong><em>ι</em></strong></span> <span class='ocrx_word' id='word_1_502' title='bbox 1147 3827 1150 3830; x_wconf 80' lang='grc'><strong>’</strong></span> 
     </span>
    </p>
   </div>
   <div class='ocr_carea' id='block_1_71' title="bbox 375 3913 1876 3986">
    <p class='ocr_par' dir='ltr' id='par_1_71' title="bbox 375 3913 1876 3986">
     <span class='ocr_line' id='line_1_71' title="bbox 375 3913 1876 3986; baseline 0.003 -18"><span class='ocrx_word' id='word_1_503' title='bbox 375 3913 550 3968; x_wconf 88' lang='lat' dir='ltr'><strong>Porro</strong></span> <span class='ocrx_word' id='word_1_504' title='bbox 596 3922 722 3969; x_wconf 90' lang='lat' dir='ltr'><strong>sunt</strong></span> <span class='ocrx_word' id='word_1_505' title='bbox 757 3914 846 3968; x_wconf 86' lang='lat' dir='ltr'><strong>alii</strong></span> <span class='ocrx_word' id='word_1_506' title='bbox 878 3923 1040 3970; x_wconf 69' lang='lat' dir='ltr'><strong>tanta:</strong></span> <span class='ocrx_word' id='word_1_507' title='bbox 1066 3917 1353 3982; x_wconf 69' lang='lat' dir='ltr'><strong>vecordite,</strong></span> <span class='ocrx_word' id='word_1_508' title='bbox 1388 3916 1478 3986; x_wconf 91' lang='lat' dir='ltr'><strong>qui</strong></span> <span class='ocrx_word' id='word_1_509' title='bbox 1511 3932 1630 3972; x_wconf 89' lang='lat' dir='ltr'><strong>eam</strong></span> <span class='ocrx_word' id='word_1_510' title='bbox 1658 3931 1766 3972; x_wconf 92' lang='lat' dir='ltr'><strong>non</strong></span> <span class='ocrx_word' id='word_1_511' title='bbox 1807 3917 1876 3972; x_wconf 92' lang='lat' dir='ltr'><strong>ad</strong></span> 
     </span>
    </p>
   </div>
   <div class='ocr_carea' id='block_1_72' title="bbox 299 4005 1874 4078">
    <p class='ocr_par' dir='ltr' id='par_1_72' title="bbox 299 4005 1874 4078">
     <span class='ocr_line' id='line_1_72' title="bbox 299 4005 1874 4078; baseline 0.001 -18"><span class='ocrx_word' id='word_1_512' title='bbox 299 4024 397 4067; x_wconf 84' lang='lat' dir='ltr'><strong>se,</strong></span> <span class='ocrx_word' id='word_1_513' title='bbox 450 4006 548 4060; x_wconf 87' lang='lat' dir='ltr'><strong>sed</strong></span> <span class='ocrx_word' id='word_1_514' title='bbox 602 4005 935 4062; x_wconf 88' lang='lat' dir='ltr'><strong>solummodo</strong></span> <span class='ocrx_word' id='word_1_515' title='bbox 970 4007 1039 4061; x_wconf 87' lang='lat' dir='ltr'><strong>ad</strong></span> <span class='ocrx_word' id='word_1_516' title='bbox 1080 4008 1304 4064; x_wconf 75' lang='lat' dir='ltr'><strong>cleriws</strong></span> <span class='ocrx_word' id='word_1_517' title='bbox 1335 4008 1608 4078; x_wconf 90' lang='lat' dir='ltr'><strong>pertinere</strong></span> <span class='ocrx_word' id='word_1_518' title='bbox 1651 4016 1874 4063; x_wconf 91' lang='lat' dir='ltr'><strong>conten-</strong></span> 
     </span>
    </p>
   </div>
   <div class='ocr_carea' id='block_1_73' title="bbox 301 4095 1880 4170">
    <p class='ocr_par' dir='ltr' id='par_1_73' title="bbox 301 4095 1880 4170">
     <span class='ocr_line' id='line_1_73' title="bbox 301 4095 1880 4170; baseline 0.002 -21"><span class='ocrx_word' id='word_1_519' title='bbox 301 4096 466 4159; x_wconf 83' lang='lat' dir='ltr'><strong>dant;</strong></span> <span class='ocrx_word' id='word_1_520' title='bbox 518 4095 807 4166; x_wconf 86' lang='lat' dir='ltr'><strong>gloriantes</strong></span> <span class='ocrx_word' id='word_1_521' title='bbox 861 4111 918 4152; x_wconf 86' lang='lat' dir='ltr'><strong>se</strong></span> <span class='ocrx_word' id='word_1_522' title='bbox 977 4099 1190 4152; x_wconf 89' lang='lat' dir='ltr'><strong>nomine</strong></span> <span class='ocrx_word' id='word_1_523' title='bbox 1220 4097 1418 4153; x_wconf 88' lang='lat' dir='ltr'><strong>Christi</strong></span> <span class='ocrx_word' id='word_1_524' title='bbox 1473 4099 1787 4170; x_wconf 79' lang='lat' dir='ltr'><strong>insignitos,</strong></span> <span class='ocrx_word' id='word_1_525' title='bbox 1825 4105 1880 4152; x_wconf 91' lang='lat' dir='ltr'><strong>et</strong></span> 
     </span>
    </p>
   </div>
   <div class='ocr_carea' id='block_1_74' title="bbox 301 4184 1877 4258">
    <p class='ocr_par' dir='ltr' id='par_1_74' title="bbox 301 4184 1877 4258">
     <span class='ocr_line' id='line_1_74' title="bbox 301 4184 1877 4258; baseline 0.002 -19"><span class='ocrx_word' id='word_1_526' title='bbox 301 4193 563 4257; x_wconf 81' lang='lat' dir='ltr'><strong>putantes</strong></span> <span class='ocrx_word' id='word_1_527' title='bbox 590 4184 692 4239; x_wconf 75' lang='lat' dir='ltr'><strong>inde</strong></span> <span class='ocrx_word' id='word_1_528' title='bbox 729 4193 881 4241; x_wconf 81' lang='lat' dir='ltr'><strong>tenus</strong></span> <span class='ocrx_word' id='word_1_529' title='bbox 909 4195 1116 4242; x_wconf 84' lang='lat' dir='ltr'><strong>tantum</strong></span> <span class='ocrx_word' id='word_1_530' title='bbox 1148 4187 1346 4243; x_wconf 89' lang='lat' dir='ltr'><strong>salvari</strong></span> <span class='ocrx_word' id='word_1_531' title='bbox 1395 4204 1585 4258; x_wconf 89' lang='lat' dir='ltr'><strong>posse;</strong></span> <span class='ocrx_word' id='word_1_532' title='bbox 1622 4203 1742 4242; x_wconf 91' lang='lat' dir='ltr'><strong>cum</strong></span> <span class='ocrx_word' id='word_1_533' title='bbox 1771 4189 1877 4242; x_wconf 88' lang='lat' dir='ltr'><strong>Do-</strong></span> 
     </span>
    </p>
   </div>
   <div class='ocr_carea' id='block_1_75' title="bbox 303 4267 1880 4351">
    <p class='ocr_par' dir='ltr' id='par_1_75' title="bbox 303 4267 1880 4351">
     <span class='ocr_line' id='line_1_75' title="bbox 303 4267 1880 4351; baseline 0.002 -20"><span class='ocrx_word' id='word_1_534' title='bbox 303 4278 495 4332; x_wconf 82' lang='lat' dir='ltr'><strong>minus</strong></span> <span class='ocrx_word' id='word_1_535' title='bbox 521 4277 576 4330; x_wconf 90' lang='lat' dir='ltr'><strong>in</strong></span> <span class='ocrx_word' id='word_1_536' title='bbox 609 4276 895 4349; x_wconf 79' lang='lat' dir='ltr'><strong>Evangelio</strong></span> <span class='ocrx_word' id='word_1_537' title='bbox 919 4279 1062 4334; x_wconf 86' lang='lat' dir='ltr'><strong>dicat</strong></span> <span class='ocrx_word' id='word_1_538' title='bbox 1092 4297 1105 4334; x_wconf 90' lang='lat'><strong>:</strong></span> <span class='ocrx_word' id='word_1_539' title='bbox 1139 4267 1260 4333; x_wconf 84' lang='lat' dir='ltr'><strong>Non</strong></span> <span class='ocrx_word' id='word_1_540' title='bbox 1293 4281 1458 4334; x_wconf 90' lang='lat' dir='ltr'><strong>omnis</strong></span> <span class='ocrx_word' id='word_1_541' title='bbox 1489 4280 1578 4351; x_wconf 88' lang='lat' dir='ltr'><strong>qui</strong></span> <span class='ocrx_word' id='word_1_542' title='bbox 1605 4280 1727 4334; x_wconf 86' lang='lat' dir='ltr'><strong>dicit</strong></span> <span class='ocrx_word' id='word_1_543' title='bbox 1754 4281 1880 4335; x_wconf 90' lang='lat' dir='ltr'><strong>mihi</strong></span> 
     </span>
    </p>
   </div>
   <div class='ocr_carea' id='block_1_76' title="bbox 309 4369 1905 4442">
    <p class='ocr_par' dir='ltr' id='par_1_76' title="bbox 309 4369 1905 4442">
     <span class='ocr_line' id='line_1_76' title="bbox 309 4369 1905 4442; baseline 0.003 -20"><span class='ocrx_word' id='word_1_544' title='bbox 309 4369 566 4434; x_wconf 83' lang='lat' dir='ltr'><strong>Domine,</strong></span> <span class='ocrx_word' id='word_1_545' title='bbox 622 4369 857 4436; x_wconf 88' lang='lat' dir='ltr'><strong>Domine,</strong></span> <span class='ocrx_word' id='word_1_546' title='bbox 884 4372 1099 4425; x_wconf 88' lang='lat' dir='ltr'><strong>intrabit</strong></span> <span class='ocrx_word' id='word_1_547' title='bbox 1133 4372 1185 4426; x_wconf 92' lang='lat' dir='ltr'><strong>in</strong></span> <span class='ocrx_word' id='word_1_548' title='bbox 1223 4389 1436 4442; x_wconf 87' lang='lat' dir='ltr'><strong>regnum</strong></span> <span class='ocrx_word' id='word_1_549' title='bbox 1474 4371 1716 4426; x_wconf 66' lang='lat' dir='ltr'><strong>calor-um</strong></span> <span class='ocrx_word' id='word_1_550' title='bbox 1742 4386 1761 4424; x_wconf 91' lang='lat'><strong>:</strong></span> <span class='ocrx_word' id='word_1_551' title='bbox 1791 4372 1905 4427; x_wconf 82' lang='lat' dir='ltr'><strong>sed</strong></span> 
     </span>
    </p>
   </div>
   <div class='ocr_carea' id='block_1_77' title="bbox 1967 3188 3531 3268">
    <p class='ocr_par' dir='ltr' id='par_1_77' title="bbox 1967 3188 3531 3268">
     <span class='ocr_line' id='line_1_77' title="bbox 1967 3188 3531 3268; baseline -0.004 -18"><span class='ocrx_word' id='word_1_552' title='bbox 1967 3211 2189 3268; x_wconf 84' lang='lat' dir='ltr'><strong>regnum</strong></span> <span class='ocrx_word' id='word_1_553' title='bbox 2227 3193 2321 3248; x_wconf 92' lang='lat' dir='ltr'><strong>Dei</strong></span> <span class='ocrx_word' id='word_1_554' title='bbox 2353 3207 2462 3247; x_wconf 88' lang='lat' dir='ltr'><strong>non</strong></span> <span class='ocrx_word' id='word_1_555' title='bbox 2497 3190 2823 3262; x_wconf 86' lang='lat' dir='ltr'><strong>possidebit?</strong></span> <span class='ocrx_word' id='word_1_556' title='bbox 2850 3189 3021 3257; x_wconf 84' lang='lat' dir='ltr'><strong>Quam</strong></span> <span class='ocrx_word' id='word_1_557' title='bbox 3047 3188 3198 3244; x_wconf 90' lang='lat' dir='ltr'><strong>multi</strong></span> <span class='ocrx_word' id='word_1_558' title='bbox 3235 3189 3398 3244; x_wconf 88' lang='lat' dir='ltr'><strong>etiam</strong></span> <span class='ocrx_word' id='word_1_559' title='bbox 3437 3191 3531 3259; x_wconf 89' lang='lat' dir='ltr'><strong>qui</strong></span> 
     </span>
    </p>
   </div>
   <div class='ocr_carea' id='block_1_78' title="bbox 1963 3276 3531 3359">
    <p class='ocr_par' dir='ltr' id='par_1_78' title="bbox 1963 3276 3531 3359">
     <span class='ocr_line' id='line_1_78' title="bbox 1963 3276 3531 3359; baseline -0.006 -17"><span class='ocrx_word' id='word_1_560' title='bbox 1963 3276 2182 3359; x_wconf 87' lang='lat' dir='ltr'><strong>propter</strong></span> <span class='ocrx_word' id='word_1_561' title='bbox 2213 3283 2396 3339; x_wconf 91' lang='lat' dir='ltr'><strong>mundi</strong></span> <span class='ocrx_word' id='word_1_562' title='bbox 2444 3296 2699 3342; x_wconf 87' lang='lat' dir='ltr'><strong>amorem,</strong></span> <span class='ocrx_word' id='word_1_563' title='bbox 2725 3279 3063 3336; x_wconf 90' lang='lat' dir='ltr'><strong>dilectionem</strong></span> <span class='ocrx_word' id='word_1_564' title='bbox 3105 3279 3212 3346; x_wconf 89' lang='lat' dir='ltr'><strong>sui,</strong></span> <span class='ocrx_word' id='word_1_565' title='bbox 3247 3279 3531 3350; x_wconf 87' lang='lat' dir='ltr'><strong>parvipen-</strong></span> 
     </span>
    </p>
   </div>
   <div class='ocr_carea' id='block_1_79' title="bbox 1967 3369 3533 3440">
    <p class='ocr_par' dir='ltr' id='par_1_79' title="bbox 1967 3369 3533 3440">
     <span class='ocr_line' id='line_1_79' title="bbox 1967 3369 3533 3440; baseline -0.005 -8"><span class='ocrx_word' id='word_1_566' title='bbox 1967 3377 2100 3432; x_wconf 89' lang='lat' dir='ltr'><strong>dunt</strong></span> <span class='ocrx_word' id='word_1_567' title='bbox 2122 3373 2452 3439; x_wconf 87' lang='lat' dir='ltr'><strong>Creatorem,</strong></span> <span class='ocrx_word' id='word_1_568' title='bbox 2469 3387 2590 3428; x_wconf 89' lang='lat' dir='ltr'><strong>cum</strong></span> <span class='ocrx_word' id='word_1_569' title='bbox 2612 3371 2839 3426; x_wconf 89' lang='lat' dir='ltr'><strong>mundus</strong></span> <span class='ocrx_word' id='word_1_570' title='bbox 2853 3369 3010 3426; x_wconf 88' lang='lat' dir='ltr'><strong>cadat</strong></span> <span class='ocrx_word' id='word_1_571' title='bbox 3025 3377 3079 3424; x_wconf 90' lang='lat' dir='ltr'><strong>et</strong></span> <span class='ocrx_word' id='word_1_572' title='bbox 3103 3370 3533 3440; x_wconf 87' lang='lat' dir='ltr'><strong>concupiscentia</strong></span> 
     </span>
    </p>
   </div>
   <div class='ocr_carea' id='block_1_80' title="bbox 1967 3462 3530 3537">
    <p class='ocr_par' dir='ltr' id='par_1_80' title="bbox 1967 3462 3530 3537">
     <span class='ocr_line' id='line_1_80' title="bbox 1967 3462 3530 3537; baseline -0.004 -15"><span class='ocrx_word' id='word_1_573' title='bbox 1967 3465 2105 3536; x_wconf 84' lang='lat' dir='ltr'><strong>ejus,</strong></span> <span class='ocrx_word' id='word_1_574' title='bbox 2131 3474 2186 3522; x_wconf 88' lang='lat' dir='ltr'><strong>et</strong></span> <span class='ocrx_word' id='word_1_575' title='bbox 2214 3466 2302 3537; x_wconf 90' lang='lat' dir='ltr'><strong>qui</strong></span> <span class='ocrx_word' id='word_1_576' title='bbox 2331 3464 2546 3521; x_wconf 89' lang='lat' dir='ltr'><strong>Christo</strong></span> <span class='ocrx_word' id='word_1_577' title='bbox 2572 3464 2809 3520; x_wconf 62' lang='lat' dir='ltr'><strong>adhaeret</strong></span> <span class='ocrx_word' id='word_1_578' title='bbox 2831 3504 2848 3530; x_wconf 91' lang='lat'><strong>,</strong></span> <span class='ocrx_word' id='word_1_579' title='bbox 2886 3471 3102 3518; x_wconf 88' lang='lat' dir='ltr'><strong>maneat</strong></span> <span class='ocrx_word' id='word_1_580' title='bbox 3149 3462 3204 3517; x_wconf 91' lang='lat' dir='ltr'><strong>in</strong></span> <span class='ocrx_word' id='word_1_581' title='bbox 3231 3471 3490 3517; x_wconf 68' lang='lat' dir='ltr'><strong>aeternum</strong></span> <span class='ocrx_word' id='word_1_582' title='bbox 3514 3478 3530 3526; x_wconf 91' lang='lat'><strong>;</strong></span> 
     </span>
    </p>
   </div>
   <div class='ocr_carea' id='block_1_81' title="bbox 1968 3555 3533 3625">
    <p class='ocr_par' dir='ltr' id='par_1_81' title="bbox 1968 3555 3533 3625">
     <span class='ocr_line' id='line_1_81' title="bbox 1968 3555 3533 3625; baseline -0.004 -12"><span class='ocrx_word' id='word_1_583' title='bbox 1968 3559 2109 3613; x_wconf 88' lang='lat' dir='ltr'><strong>sicut</strong></span> <span class='ocrx_word' id='word_1_584' title='bbox 2126 3566 2181 3613; x_wconf 90' lang='lat' dir='ltr'><strong>et</strong></span> <span class='ocrx_word' id='word_1_585' title='bbox 2203 3557 2448 3614; x_wconf 87' lang='lat' dir='ltr'><strong>Christus</strong></span> <span class='ocrx_word' id='word_1_586' title='bbox 2475 3565 2656 3612; x_wconf 89' lang='lat' dir='ltr'><strong>manet</strong></span> <span class='ocrx_word' id='word_1_587' title='bbox 2694 3556 2747 3610; x_wconf 90' lang='lat' dir='ltr'><strong>in</strong></span> <span class='ocrx_word' id='word_1_588' title='bbox 2782 3563 3063 3621; x_wconf 66' lang='lat' dir='ltr'><strong>aeternum,</strong></span> <span class='ocrx_word' id='word_1_589' title='bbox 3085 3561 3140 3610; x_wconf 90' lang='lat' dir='ltr'><strong>et</strong></span> <span class='ocrx_word' id='word_1_590' title='bbox 3166 3555 3277 3625; x_wconf 89' lang='lat' dir='ltr'><strong>qui,</strong></span> <span class='ocrx_word' id='word_1_591' title='bbox 3308 3556 3424 3624; x_wconf 90' lang='lat' dir='ltr'><strong>ipso</strong></span> <span class='ocrx_word' id='word_1_592' title='bbox 3453 3562 3533 3607; x_wconf 83' lang='lat' dir='ltr'><strong>te-</strong></span> 
     </span>
    </p>
   </div>
   <div class='ocr_carea' id='block_1_82' title="bbox 1970 3644 3540 3715">
    <p class='ocr_par' dir='ltr' id='par_1_82' title="bbox 1970 3644 3540 3715">
     <span class='ocr_line' id='line_1_82' title="bbox 1970 3644 3540 3715; baseline -0.006 -10"><span class='ocrx_word' id='word_1_593' title='bbox 1970 3658 2169 3715; x_wconf 86' lang='lat' dir='ltr'><strong>stante,</strong></span> <span class='ocrx_word' id='word_1_594' title='bbox 2217 3665 2371 3705; x_wconf 88' lang='lat' dir='ltr'><strong>suum</strong></span> <span class='ocrx_word' id='word_1_595' title='bbox 2417 3664 2703 3703; x_wconf 82' lang='lat' dir='ltr'><strong>sennonem</strong></span> <span class='ocrx_word' id='word_1_596' title='bbox 2743 3648 3055 3712; x_wconf 73' lang='lat' dir='ltr'><strong>servaverit,</strong></span> <span class='ocrx_word' id='word_1_597' title='bbox 3086 3653 3302 3700; x_wconf 90' lang='lat' dir='ltr'><strong>mortem</strong></span> <span class='ocrx_word' id='word_1_598' title='bbox 3332 3661 3434 3698; x_wconf 92' lang='lat' dir='ltr'><strong>non</strong></span> <span class='ocrx_word' id='word_1_599' title='bbox 3462 3644 3540 3696; x_wconf 84' lang='lat' dir='ltr'><strong>vi-</strong></span> 
     </span>
    </p>
   </div>
   <div class='ocr_carea' id='block_1_83' title="bbox 1973 3734 3536 3813">
    <p class='ocr_par' dir='ltr' id='par_1_83' title="bbox 1973 3734 3536 3813">
     <span class='ocr_line' id='line_1_83' title="bbox 1973 3734 3536 3813; baseline -0.006 -16"><span class='ocrx_word' id='word_1_600' title='bbox 1973 3743 2112 3797; x_wconf 86' lang='lat' dir='ltr'><strong>debit</strong></span> <span class='ocrx_word' id='word_1_601' title='bbox 2138 3742 2192 3796; x_wconf 89' lang='lat' dir='ltr'><strong>in</strong></span> <span class='ocrx_word' id='word_1_602' title='bbox 2227 3740 2511 3796; x_wconf 65' lang='lat' dir='ltr'><strong>aeternum!</strong></span> <span class='ocrx_word' id='word_1_603' title='bbox 2549 3739 2730 3813; x_wconf 84' lang='lat' dir='ltr'><strong>(Joan.</strong></span> <span class='ocrx_word' id='word_1_604' title='bbox 2756 3755 2874 3805; x_wconf 81' lang='lat' dir='ltr'><strong>vin,</strong></span> <span class='ocrx_word' id='word_1_605' title='bbox 2906 3737 3018 3809; x_wconf 86' lang='grc'><strong>51.)</strong></span> <span class='ocrx_word' id='word_1_606' title='bbox 3039 3736 3128 3792; x_wconf 84' lang='lat' dir='ltr'><strong>Ait</strong></span> <span class='ocrx_word' id='word_1_607' title='bbox 3153 3743 3331 3790; x_wconf 89' lang='lat' dir='ltr'><strong>autem</strong></span> <span class='ocrx_word' id='word_1_608' title='bbox 3356 3734 3536 3788; x_wconf 85' lang='lat' dir='ltr'><strong>Domi-</strong></span> 
     </span>
    </p>
   </div>
   <div class='ocr_carea' id='block_1_84' title="bbox 1975 3826 3620 3902">
    <p class='ocr_par' dir='ltr' id='par_1_84' title="bbox 1975 3826 3620 3902">
     <span class='ocr_line' id='line_1_84' title="bbox 1975 3826 3620 3902; baseline -0.01 -15"><span class='ocrx_word' id='word_1_609' title='bbox 1975 3847 2078 3887; x_wconf 91' lang='lat' dir='ltr'><strong>nus</strong></span> <span class='ocrx_word' id='word_1_610' title='bbox 2125 3845 2220 3902; x_wconf 89' lang='lat' dir='ltr'><strong>per</strong></span> <span class='ocrx_word' id='word_1_611' title='bbox 2247 3830 2570 3901; x_wconf 88' lang='lat' dir='ltr'><strong>Prophetam</strong></span> <span class='ocrx_word' id='word_1_612' title='bbox 2601 3849 2616 3884; x_wconf 90' lang='lat'><strong>:</strong></span> <span class='ocrx_word' id='word_1_613' title='bbox 2649 3829 2930 3896; x_wconf 83' lang='lat' dir='ltr'><strong>Attendite,</strong></span> <span class='ocrx_word' id='word_1_614' title='bbox 2964 3827 3152 3899; x_wconf 76' lang='lat' dir='ltr'><strong>popula</strong></span> <span class='ocrx_word' id='word_1_615' title='bbox 3186 3843 3349 3890; x_wconf 86' lang='lat' dir='ltr'><strong>meus,</strong></span> <span class='ocrx_word' id='word_1_616' title='bbox 3373 3826 3535 3895; x_wconf 86' lang='lat' dir='ltr'><strong>legem</strong></span> <span class='ocrx_word' id='word_1_617' title='bbox 3613 3861 3620 3871; x_wconf 83' lang='lat'><strong>.</strong></span> 
     </span>
    </p>
   </div>
   <div class='ocr_carea' id='block_1_85' title="bbox 1973 3913 3540 3978">
    <p class='ocr_par' dir='ltr' id='par_1_85' title="bbox 1973 3913 3540 3978">
     <span class='ocr_line' id='line_1_85' title="bbox 1973 3913 3540 3978; baseline -0.006 -2"><span class='ocrx_word' id='word_1_618' title='bbox 1973 3934 2183 3976; x_wconf 87' lang='lat' dir='ltr'><strong>meam:</strong></span> <span class='ocrx_word' id='word_1_619' title='bbox 2217 3919 2462 3974; x_wconf 83' lang='lat' dir='ltr'><strong>inclinate</strong></span> <span class='ocrx_word' id='word_1_620' title='bbox 2505 3935 2684 3978; x_wconf 71' lang='lat' dir='ltr'><strong>aurem</strong></span> <span class='ocrx_word' id='word_1_621' title='bbox 2729 3927 2946 3973; x_wconf 82' lang='lat' dir='ltr'><strong>uestram</strong></span> <span class='ocrx_word' id='word_1_622' title='bbox 3001 3918 3056 3971; x_wconf 90' lang='lat' dir='ltr'><strong>in</strong></span> <span class='ocrx_word' id='word_1_623' title='bbox 3101 3916 3252 3969; x_wconf 82' lang='lat' dir='ltr'><strong>verba</strong></span> <span class='ocrx_word' id='word_1_624' title='bbox 3301 3913 3405 3969; x_wconf 86' lang='lat' dir='ltr'><strong>oris</strong></span> <span class='ocrx_word' id='word_1_625' title='bbox 3440 3916 3540 3968; x_wconf 89' lang='lat' dir='ltr'><strong>mei</strong></span> 
     </span>
    </p>
   </div>
   <div class='ocr_carea' id='block_1_86' title="bbox 1977 4006 3542 4085">
    <p class='ocr_par' dir='ltr' id='par_1_86' title="bbox 1977 4006 3542 4085">
     <span class='ocr_line' id='line_1_86' title="bbox 1977 4006 3542 4085; baseline -0.004 -19"><span class='ocrx_word' id='word_1_626' title='bbox 1977 4011 2148 4085; x_wconf 88' lang='lat' dir='ltr'><strong>(Psal.</strong></span> <span class='ocrx_word' id='word_1_627' title='bbox 2178 4028 2379 4078; x_wconf 74' lang='lat' dir='ltr'><strong>LXXVII,</strong></span> <span class='ocrx_word' id='word_1_628' title='bbox 2408 4013 2482 4082; x_wconf 88' lang='grc'><strong>1).</strong></span> <span class='ocrx_word' id='word_1_629' title='bbox 2509 4011 2609 4080; x_wconf 88' lang='lat' dir='ltr'><strong>Qui</strong></span> <span class='ocrx_word' id='word_1_630' title='bbox 2638 4010 2864 4080; x_wconf 92' lang='lat' dir='ltr'><strong>populus</strong></span> <span class='ocrx_word' id='word_1_631' title='bbox 2877 4008 3083 4065; x_wconf 89' lang='lat' dir='ltr'><strong>Domini</strong></span> <span class='ocrx_word' id='word_1_632' title='bbox 3104 4017 3207 4072; x_wconf 89' lang='lat' dir='ltr'><strong>est,</strong></span> <span class='ocrx_word' id='word_1_633' title='bbox 3229 4006 3345 4076; x_wconf 88' lang='lat' dir='ltr'><strong>ejus</strong></span> <span class='ocrx_word' id='word_1_634' title='bbox 3370 4007 3542 4078; x_wconf 88' lang='lat' dir='ltr'><strong>legem</strong></span> 
     </span>
    </p>
   </div>
   <div class='ocr_carea' id='block_1_87' title="bbox 1976 4098 3545 4171">
    <p class='ocr_par' dir='ltr' id='par_1_87' title="bbox 1976 4098 3545 4171">
     <span class='ocr_line' id='line_1_87' title="bbox 1976 4098 3545 4171; baseline -0.006 -13"><span class='ocrx_word' id='word_1_635' title='bbox 1976 4105 2273 4168; x_wconf 86' lang='lat' dir='ltr'><strong>attendere,</strong></span> <span class='ocrx_word' id='word_1_636' title='bbox 2303 4102 2551 4171; x_wconf 87' lang='lat' dir='ltr'><strong>illiusque</strong></span> <span class='ocrx_word' id='word_1_637' title='bbox 2579 4099 2753 4155; x_wconf 86' lang='lat' dir='ltr'><strong>verbis</strong></span> <span class='ocrx_word' id='word_1_638' title='bbox 2775 4114 2956 4154; x_wconf 87' lang='lat' dir='ltr'><strong>aurem</strong></span> <span class='ocrx_word' id='word_1_639' title='bbox 2983 4098 3390 4152; x_wconf 89' lang='lat' dir='ltr'><strong>accommodare</strong></span> <span class='ocrx_word' id='word_1_640' title='bbox 3424 4111 3545 4165; x_wconf 87' lang='lat' dir='ltr'><strong>pro-</strong></span> 
     </span>
    </p>
   </div>
   <div class='ocr_carea' id='block_1_88' title="bbox 1979 4186 3544 4262">
    <p class='ocr_par' dir='ltr' id='par_1_88' title="bbox 1979 4186 3544 4262">
     <span class='ocr_line' id='line_1_88' title="bbox 1979 4186 3544 4262; baseline -0.004 -14"><span class='ocrx_word' id='word_1_641' title='bbox 1979 4200 2160 4249; x_wconf 89' lang='lat' dir='ltr'><strong>curet:</strong></span> <span class='ocrx_word' id='word_1_642' title='bbox 2190 4193 2280 4261; x_wconf 91' lang='lat' dir='ltr'><strong>qui</strong></span> <span class='ocrx_word' id='word_1_643' title='bbox 2307 4199 2486 4245; x_wconf 89' lang='lat' dir='ltr'><strong>autem</strong></span> <span class='ocrx_word' id='word_1_644' title='bbox 2515 4189 2692 4246; x_wconf 82' lang='lat' dir='ltr'><strong>facere</strong></span> <span class='ocrx_word' id='word_1_645' title='bbox 2742 4189 2963 4262; x_wconf 90' lang='lat' dir='ltr'><strong>negligit</strong></span> <span class='ocrx_word' id='word_1_646' title='bbox 2986 4228 3002 4255; x_wconf 91' lang='lat'><strong>,</strong></span> <span class='ocrx_word' id='word_1_647' title='bbox 3051 4188 3305 4259; x_wconf 90' lang='lat' dir='ltr'><strong>populum</strong></span> <span class='ocrx_word' id='word_1_648' title='bbox 3334 4186 3450 4256; x_wconf 89' lang='lat' dir='ltr'><strong>ejus</strong></span> <span class='ocrx_word' id='word_1_649' title='bbox 3485 4203 3544 4242; x_wconf 84' lang='lat' dir='ltr'><strong>se</strong></span> 
     </span>
    </p>
   </div>
   <div class='ocr_carea' id='block_1_89' title="bbox 1978 4278 3148 4338">
    <p class='ocr_par' dir='ltr' id='par_1_89' title="bbox 1978 4278 3148 4338">
     <span class='ocr_line' id='line_1_89' title="bbox 1978 4278 3148 4338; baseline -0.005 0"><span class='ocrx_word' id='word_1_650' title='bbox 1978 4299 2088 4338; x_wconf 90' lang='lat' dir='ltr'><strong>non</strong></span> <span class='ocrx_word' id='word_1_651' title='bbox 2119 4295 2238 4337; x_wconf 88' lang='lat' dir='ltr'><strong>esse</strong></span> <span class='ocrx_word' id='word_1_652' title='bbox 2273 4281 2624 4336; x_wconf 89' lang='lat' dir='ltr'><strong>demonstrat.</strong></span> <span class='ocrx_word' id='word_1_653' title='bbox 3145 4278 3148 4280; x_wconf 61' lang='grc'>⁷</span> 
     </span>
    </p>
   </div>
   <div class='ocr_carea' id='block_1_90' title="bbox 2056 4369 3543 4444">
    <p class='ocr_par' dir='ltr' id='par_1_90' title="bbox 2056 4369 3543 4444">
     <span class='ocr_line' id='line_1_90' title="bbox 2056 4369 3543 4444; baseline -0.005 -15"><span class='ocrx_word' id='word_1_654' title='bbox 2056 4373 2248 4429; x_wconf 86' lang='lat' dir='ltr'><strong>Verum</strong></span> <span class='ocrx_word' id='word_1_655' title='bbox 2273 4381 2396 4429; x_wconf 86' lang='lat' dir='ltr'><strong>sunt</strong></span> <span class='ocrx_word' id='word_1_656' title='bbox 2422 4373 2657 4428; x_wconf 90' lang='lat' dir='ltr'><strong>nonnulli</strong></span> <span class='ocrx_word' id='word_1_657' title='bbox 2681 4373 2770 4444; x_wconf 92' lang='lat' dir='ltr'><strong>qui</strong></span> <span class='ocrx_word' id='word_1_658' title='bbox 2791 4372 2962 4444; x_wconf 82' lang='lat' dir='ltr'><strong>legem</strong></span> <span class='ocrx_word' id='word_1_659' title='bbox 2983 4371 3218 4426; x_wconf 88' lang='lat' dir='ltr'><strong>divinam</strong></span> <span class='ocrx_word' id='word_1_660' title='bbox 3241 4385 3347 4425; x_wconf 88' lang='lat' dir='ltr'><strong>non</strong></span> <span class='ocrx_word' id='word_1_661' title='bbox 3374 4369 3543 4424; x_wconf 89' lang='lat' dir='ltr'><strong>solum</strong></span> 
     </span>
    </p>
   </div>
   <div class='ocr_carea' id='block_1_91' title="bbox 306 4448 3550 4536">
    <p class='ocr_par' dir='ltr' id='par_1_91' title="bbox 306 4448 3550 4536">
     <span class='ocr_line' id='line_1_91' title="bbox 306 4448 3550 4536; baseline 0.001 -22"><span class='ocrx_word' id='word_1_662' title='bbox 306 4461 398 4532; x_wconf 78' lang='lat' dir='ltr'><strong>qui</strong></span> <span class='ocrx_word' id='word_1_663' title='bbox 425 4461 556 4530; x_wconf 78' lang='lat' dir='ltr'><strong>facit</strong></span> <span class='ocrx_word' id='word_1_664' title='bbox 582 4461 895 4516; x_wconf 75' lang='lat' dir='ltr'><strong>voluntatem</strong></span> <span class='ocrx_word' id='word_1_665' title='bbox 937 4460 1114 4517; x_wconf 80' lang='lat' dir='ltr'><strong>Patris</strong></span> <span class='ocrx_word' id='word_1_666' title='bbox 1140 4464 1262 4529; x_wconf 88' lang='lat' dir='ltr'><strong>mei,</strong></span> <span class='ocrx_word' id='word_1_667' title='bbox 1292 4463 1382 4534; x_wconf 85' lang='lat' dir='ltr'><strong>qui</strong></span> <span class='ocrx_word' id='word_1_668' title='bbox 1408 4465 1462 4518; x_wconf 84' lang='lat' dir='ltr'><strong>in</strong></span> <span class='ocrx_word' id='word_1_669' title='bbox 1484 4464 1621 4518; x_wconf 74' lang='lat' dir='ltr'><strong>ctelis</strong></span> <span class='ocrx_word' id='word_1_670' title='bbox 1647 4474 1744 4531; x_wconf 89' lang='lat' dir='ltr'><strong>est,</strong></span> <span class='ocrx_word' id='word_1_671' title='bbox 1774 4465 1882 4534; x_wconf 87' lang='lat' dir='ltr'><strong>ipse</strong></span> <span class='ocrx_word' id='word_1_672' title='bbox 1909 4448 1959 4508; x_wconf 81' lang='lat' dir='ltr'><strong>D</strong></span> <span class='ocrx_word' id='word_1_673' title='bbox 1983 4479 2146 4536; x_wconf 88' lang='lat' dir='ltr'><strong>opere</strong></span> <span class='ocrx_word' id='word_1_674' title='bbox 2176 4465 2445 4536; x_wconf 88' lang='lat' dir='ltr'><strong>complere</strong></span> <span class='ocrx_word' id='word_1_675' title='bbox 2468 4506 2484 4531; x_wconf 93' lang='lat'><strong>,</strong></span> <span class='ocrx_word' id='word_1_676' title='bbox 2526 4465 2619 4520; x_wconf 86' lang='lat' dir='ltr'><strong>sed</strong></span> <span class='ocrx_word' id='word_1_677' title='bbox 2649 4480 2749 4521; x_wconf 90' lang='lat' dir='ltr'><strong>nec</strong></span> <span class='ocrx_word' id='word_1_678' title='bbox 2783 4465 2967 4519; x_wconf 90' lang='lat' dir='ltr'><strong>audire</strong></span> <span class='ocrx_word' id='word_1_679' title='bbox 2997 4464 3305 4535; x_wconf 88' lang='lat' dir='ltr'><strong>dignantur.</strong></span> <span class='ocrx_word' id='word_1_680' title='bbox 3333 4463 3400 4517; x_wconf 87' lang='lat' dir='ltr'><strong>Et</strong></span> <span class='ocrx_word' id='word_1_681' title='bbox 3423 4463 3550 4532; x_wconf 92' lang='lat' dir='ltr'><strong>quid</strong></span> 
     </span>
    </p>
   </div>
   <div class='ocr_carea' id='block_1_92' title="bbox 309 4551 1881 4624">
    <p class='ocr_par' dir='ltr' id='par_1_92' title="bbox 309 4551 1881 4624">
     <span class='ocr_line' id='line_1_92' title="bbox 309 4551 1881 4624; baseline 0.001 -19"><span class='ocrx_word' id='word_1_682' title='bbox 309 4552 530 4607; x_wconf 79' lang='lat' dir='ltr'><strong>intrabit</strong></span> <span class='ocrx_word' id='word_1_683' title='bbox 558 4552 617 4605; x_wconf 89' lang='lat' dir='ltr'><strong>in</strong></span> <span class='ocrx_word' id='word_1_684' title='bbox 649 4567 861 4622; x_wconf 85' lang='lat' dir='ltr'><strong>regnum</strong></span> <span class='ocrx_word' id='word_1_685' title='bbox 885 4551 1127 4607; x_wconf 66' lang='lat' dir='ltr'><strong>calorum</strong></span> <span class='ocrx_word' id='word_1_686' title='bbox 1161 4551 1374 4624; x_wconf 77' lang='lat' dir='ltr'><strong>(Matth.</strong></span> <span class='ocrx_word' id='word_1_687' title='bbox 1404 4567 1499 4618; x_wconf 87' lang='lat' dir='ltr'><strong>vn,</strong></span> <span class='ocrx_word' id='word_1_688' title='bbox 1520 4552 1629 4619; x_wconf 69' lang='lat'><strong>21).</strong></span> <span class='ocrx_word' id='word_1_689' title='bbox 1655 4553 1723 4607; x_wconf 88' lang='lat' dir='ltr'><strong>Et</strong></span> <span class='ocrx_word' id='word_1_690' title='bbox 1754 4569 1881 4624; x_wconf 93' lang='lat' dir='ltr'><strong>apo—</strong></span> 
     </span>
    </p>
   </div>
   <div class='ocr_carea' id='block_1_93' title="bbox 312 4642 1881 4715">
    <p class='ocr_par' dir='ltr' id='par_1_93' title="bbox 312 4642 1881 4715">
     <span class='ocr_line' id='line_1_93' title="bbox 312 4642 1881 4715; baseline 0.001 -17"><span class='ocrx_word' id='word_1_691' title='bbox 312 4645 488 4698; x_wconf 84' lang='lat' dir='ltr'><strong>stolus</strong></span> <span class='ocrx_word' id='word_1_692' title='bbox 514 4642 784 4699; x_wconf 70' lang='lat' dir='ltr'><strong>Iacobus:</strong></span> <span class='ocrx_word' id='word_1_693' title='bbox 816 4642 996 4709; x_wconf 81' lang='lat' dir='ltr'><strong>Fides,</strong></span> <span class='ocrx_word' id='word_1_694' title='bbox 1027 4645 1232 4715; x_wconf 88' lang='lat' dir='ltr'><strong>inquit,</strong></span> <span class='ocrx_word' id='word_1_695' title='bbox 1276 4647 1388 4700; x_wconf 88' lang='lat' dir='ltr'><strong>sine</strong></span> <span class='ocrx_word' id='word_1_696' title='bbox 1434 4645 1678 4715; x_wconf 70' lang='lat' dir='ltr'><strong>operibus&quot;</strong></span> <span class='ocrx_word' id='word_1_697' title='bbox 1715 4642 1881 4699; x_wconf 89' lang='lat' dir='ltr'><strong>otiosa</strong></span> 
     </span>
    </p>
   </div>
   <div class='ocr_carea' id='block_1_94' title="bbox 313 4733 1879 4807">
    <p class='ocr_par' dir='ltr' id='par_1_94' title="bbox 313 4733 1879 4807">
     <span class='ocr_line' id='line_1_94' title="bbox 313 4733 1879 4807; baseline 0 -19"><span class='ocrx_word' id='word_1_698' title='bbox 313 4745 392 4788; x_wconf 81' lang='lat' dir='ltr'><strong>est</strong></span> <span class='ocrx_word' id='word_1_699' title='bbox 425 4734 572 4806; x_wconf 86' lang='lat' dir='ltr'><strong>(Jac.</strong></span> <span class='ocrx_word' id='word_1_700' title='bbox 605 4751 680 4801; x_wconf 85' lang='grc' dir='ltr'><strong>ιι,</strong></span> <span class='ocrx_word' id='word_1_701' title='bbox 721 4733 832 4807; x_wconf 75' lang='grc'><strong>26).</strong></span> <span class='ocrx_word' id='word_1_702' title='bbox 857 4735 1023 4790; x_wconf 83' lang='lat' dir='ltr'><strong>Item:</strong></span> <span class='ocrx_word' id='word_1_703' title='bbox 1055 4733 1193 4801; x_wconf 84' lang='lat' dir='ltr'><strong>Quid</strong></span> <span class='ocrx_word' id='word_1_704' title='bbox 1240 4736 1493 4807; x_wconf 84' lang='lat' dir='ltr'><strong>proderit,</strong></span> <span class='ocrx_word' id='word_1_705' title='bbox 1515 4735 1706 4805; x_wconf 77' lang='lat' dir='ltr'><strong>fratres</strong></span> <span class='ocrx_word' id='word_1_706' title='bbox 1758 4736 1879 4799; x_wconf 89' lang='lat' dir='ltr'><strong>mei,</strong></span> 
     </span>
    </p>
   </div>
   <div class='ocr_carea' id='block_1_95' title="bbox 311 4825 1881 4896">
    <p class='ocr_par' dir='ltr' id='par_1_95' title="bbox 311 4825 1881 4896">
     <span class='ocr_line' id='line_1_95' title="bbox 311 4825 1881 4896; baseline -0.001 -16"><span class='ocrx_word' id='word_1_707' title='bbox 311 4826 362 4880; x_wconf 89' lang='lat' dir='ltr'><strong>si</strong></span> <span class='ocrx_word' id='word_1_708' title='bbox 387 4825 546 4894; x_wconf 79' lang='lat' dir='ltr'><strong>ﬁdem</strong></span> <span class='ocrx_word' id='word_1_709' title='bbox 575 4827 691 4896; x_wconf 88' lang='lat' dir='ltr'><strong>quis</strong></span> <span class='ocrx_word' id='word_1_710' title='bbox 726 4825 866 4878; x_wconf 89' lang='lat' dir='ltr'><strong>dicat</strong></span> <span class='ocrx_word' id='word_1_711' title='bbox 886 4842 940 4879; x_wconf 90' lang='lat' dir='ltr'><strong>se</strong></span> <span class='ocrx_word' id='word_1_712' title='bbox 957 4825 1172 4890; x_wconf 88' lang='lat' dir='ltr'><strong>habere,</strong></span> <span class='ocrx_word' id='word_1_713' title='bbox 1211 4842 1366 4896; x_wconf 86' lang='lat' dir='ltr'><strong>opera</strong></span> <span class='ocrx_word' id='word_1_714' title='bbox 1410 4835 1579 4880; x_wconf 89' lang='lat' dir='ltr'><strong>autem</strong></span> <span class='ocrx_word' id='word_1_715' title='bbox 1628 4842 1731 4879; x_wconf 90' lang='lat' dir='ltr'><strong>non</strong></span> <span class='ocrx_word' id='word_1_716' title='bbox 1779 4825 1881 4879; x_wconf 90' lang='lat' dir='ltr'><strong>ha-</strong></span> 
     </span>
    </p>
   </div>
   <div class='ocr_carea' id='block_1_96' title="bbox 314 4915 1888 4988">
    <p class='ocr_par' dir='ltr' id='par_1_96' title="bbox 314 4915 1888 4988">
     <span class='ocr_line' id='line_1_96' title="bbox 314 4915 1888 4988; baseline -0.001 -17"><span class='ocrx_word' id='word_1_717' title='bbox 314 4917 434 4972; x_wconf 85' lang='lat' dir='ltr'><strong>beat</strong></span> <span class='ocrx_word' id='word_1_718' title='bbox 450 4918 478 4970; x_wconf 78' lang='lat'><strong><em>?</em></strong></span> <span class='ocrx_word' id='word_1_719' title='bbox 503 4917 736 4988; x_wconf 85' lang='lat' dir='ltr'><strong>nunquid</strong></span> <span class='ocrx_word' id='word_1_720' title='bbox 755 4915 885 4986; x_wconf 77' lang='lat' dir='ltr'><strong>fides</strong></span> <span class='ocrx_word' id='word_1_721' title='bbox 912 4917 1094 4986; x_wconf 86' lang='lat' dir='ltr'><strong>poterit</strong></span> <span class='ocrx_word' id='word_1_722' title='bbox 1123 4915 1323 4972; x_wconf 82' lang='lat' dir='ltr'><strong>salvare</strong></span> <span class='ocrx_word' id='word_1_723' title='bbox 1344 4933 1461 4970; x_wconf 91' lang='lat' dir='ltr'><strong>eum</strong></span> <span class='ocrx_word' id='word_1_724' title='bbox 1487 4916 1648 4987; x_wconf 87' lang='lat' dir='ltr'><strong>(Ibid.</strong></span> <span class='ocrx_word' id='word_1_725' title='bbox 1679 4916 1801 4986; x_wconf 61' lang='grc' dir='ltr'>ιω</span> <span class='ocrx_word' id='word_1_726' title='bbox 1822 4916 1888 4970; x_wconf 84' lang='lat' dir='ltr'><strong>Et</strong></span> 
     </span>
    </p>
   </div>
   <div class='ocr_carea' id='block_1_97' title="bbox 313 5004 1889 5078">
    <p class='ocr_par' dir='ltr' id='par_1_97' title="bbox 313 5004 1889 5078">
     <span class='ocr_line' id='line_1_97' title="bbox 313 5004 1889 5078; baseline 0 -18"><span class='ocrx_word' id='word_1_727' title='bbox 313 5006 480 5078; x_wconf 81' lang='lat' dir='ltr'><strong>paulo</strong></span> <span class='ocrx_word' id='word_1_728' title='bbox 513 5015 672 5076; x_wconf 84' lang='lat' dir='ltr'><strong>post:</strong></span> <span class='ocrx_word' id='word_1_729' title='bbox 704 5004 885 5072; x_wconf 83' lang='lat' dir='ltr'><strong>Fides,</strong></span> <span class='ocrx_word' id='word_1_730' title='bbox 918 5007 1124 5076; x_wconf 87' lang='lat' dir='ltr'><strong>inquit,</strong></span> <span class='ocrx_word' id='word_1_731' title='bbox 1180 5008 1227 5062; x_wconf 90' lang='lat' dir='ltr'><strong>si</strong></span> <span class='ocrx_word' id='word_1_732' title='bbox 1261 5024 1362 5061; x_wconf 90' lang='lat' dir='ltr'><strong>non</strong></span> <span class='ocrx_word' id='word_1_733' title='bbox 1407 5007 1644 5061; x_wconf 82' lang='lat' dir='ltr'><strong>habuerit</strong></span> <span class='ocrx_word' id='word_1_734' title='bbox 1701 5023 1889 5076; x_wconf 84' lang='lat' dir='ltr'><strong>opera,</strong></span> 
     </span>
    </p>
   </div>
   <div class='ocr_carea' id='block_1_98' title="bbox 315 5095 1894 5169">
    <p class='ocr_par' dir='ltr' id='par_1_98' title="bbox 315 5095 1894 5169">
     <span class='ocr_line' id='line_1_98' title="bbox 315 5095 1894 5169; baseline -0.001 -18"><span class='ocrx_word' id='word_1_735' title='bbox 315 5108 534 5151; x_wconf 79' lang='lat' dir='ltr'><strong>mortua</strong></span> <span class='ocrx_word' id='word_1_736' title='bbox 569 5107 643 5152; x_wconf 85' lang='lat' dir='ltr'><strong>est</strong></span> <span class='ocrx_word' id='word_1_737' title='bbox 665 5097 720 5150; x_wconf 84' lang='lat' dir='ltr'><strong>in</strong></span> <span class='ocrx_word' id='word_1_738' title='bbox 741 5097 1033 5169; x_wconf 86' lang='lat' dir='ltr'><strong>semetipsa.</strong></span> <span class='ocrx_word' id='word_1_739' title='bbox 1072 5096 1304 5154; x_wconf 80' lang='lat' dir='ltr'><strong>Joannes</strong></span> <span class='ocrx_word' id='word_1_740' title='bbox 1330 5098 1602 5167; x_wconf 89' lang='lat' dir='ltr'><strong>apostolus</strong></span> <span class='ocrx_word' id='word_1_741' title='bbox 1629 5115 1645 5151; x_wconf 88' lang='lat'><strong>:</strong></span> <span class='ocrx_word' id='word_1_742' title='bbox 1680 5095 1782 5162; x_wconf 78' lang='lat' dir='ltr'><strong>Qui</strong></span> <span class='ocrx_word' id='word_1_743' title='bbox 1811 5096 1894 5150; x_wconf 89' lang='lat' dir='ltr'><strong>di-</strong></span> 
     </span>
    </p>
   </div>
   <div class='ocr_carea' id='block_1_99' title="bbox 317 5187 1894 5268">
    <p class='ocr_par' dir='ltr' id='par_1_99' title="bbox 317 5187 1894 5268">
     <span class='ocr_line' id='line_1_99' title="bbox 317 5187 1894 5268; baseline -0.001 -26"><span class='ocrx_word' id='word_1_744' title='bbox 317 5188 418 5252; x_wconf 81' lang='lat' dir='ltr'><strong>cit,</strong></span> <span class='ocrx_word' id='word_1_745' title='bbox 435 5187 713 5256; x_wconf 61' lang='lat' dir='ltr'><strong>inquit,“</strong></span> <span class='ocrx_word' id='word_1_746' title='bbox 750 5204 898 5242; x_wconf 87' lang='lat' dir='ltr'><strong>nosse</strong></span> <span class='ocrx_word' id='word_1_747' title='bbox 924 5187 1090 5242; x_wconf 83' lang='lat' dir='ltr'><strong>Deum</strong></span> <span class='ocrx_word' id='word_1_748' title='bbox 1117 5229 1133 5255; x_wconf 96' lang='lat'><strong>,</strong></span> <span class='ocrx_word' id='word_1_749' title='bbox 1176 5200 1224 5268; x_wconf 81' lang='lat' dir='ltr'><strong>et</strong></span> <span class='ocrx_word' id='word_1_750' title='bbox 1253 5189 1504 5243; x_wconf 86' lang='lat' dir='ltr'><strong>mandata</strong></span> <span class='ocrx_word' id='word_1_751' title='bbox 1529 5188 1644 5258; x_wconf 88' lang='lat' dir='ltr'><strong>ejus</strong></span> <span class='ocrx_word' id='word_1_752' title='bbox 1678 5204 1780 5242; x_wconf 89' lang='lat' dir='ltr'><strong>non</strong></span> <span class='ocrx_word' id='word_1_753' title='bbox 1803 5205 1894 5241; x_wconf 87' lang='lat' dir='ltr'><strong>cu-</strong></span> 
     </span>
    </p>
   </div>
   <div class='ocr_carea' id='block_1_100' title="bbox 320 5278 1893 5352">
    <p class='ocr_par' dir='ltr' id='par_1_100' title="bbox 320 5278 1893 5352">
     <span class='ocr_line' id='line_1_100' title="bbox 320 5278 1893 5352; baseline 0 -19"><span class='ocrx_word' id='word_1_754' title='bbox 320 5280 524 5341; x_wconf 84' lang='lat' dir='ltr'><strong>stodit,</strong></span> <span class='ocrx_word' id='word_1_755' title='bbox 568 5280 795 5333; x_wconf 78' lang='lat' dir='ltr'><strong>mendax</strong></span> <span class='ocrx_word' id='word_1_756' title='bbox 834 5289 945 5346; x_wconf 88' lang='lat' dir='ltr'><strong>est;</strong></span> <span class='ocrx_word' id='word_1_757' title='bbox 979 5291 1056 5334; x_wconf 56' lang='lat' dir='ltr'><strong>‘et</strong></span> <span class='ocrx_word' id='word_1_758' title='bbox 1096 5281 1150 5333; x_wconf 89' lang='lat' dir='ltr'><strong>in</strong></span> <span class='ocrx_word' id='word_1_759' title='bbox 1199 5297 1257 5335; x_wconf 93' lang='lat' dir='ltr'><strong>eo</strong></span> <span class='ocrx_word' id='word_1_760' title='bbox 1301 5281 1487 5334; x_wconf 84' lang='lat' dir='ltr'><strong>veritas</strong></span> <span class='ocrx_word' id='word_1_761' title='bbox 1540 5297 1644 5334; x_wconf 86' lang='lat' dir='ltr'><strong>non</strong></span> <span class='ocrx_word' id='word_1_762' title='bbox 1687 5289 1760 5334; x_wconf 87' lang='lat' dir='ltr'><strong>est</strong></span> <span class='ocrx_word' id='word_1_763' title='bbox 1827 5278 1893 5352; x_wconf 90' lang='grc' dir='ltr'><strong>(Ι</strong></span> 
     </span>
    </p>
   </div>
   <div class='ocr_carea' id='block_1_101' title="bbox 317 5371 1894 5443">
    <p class='ocr_par' dir='ltr' id='par_1_101' title="bbox 317 5371 1894 5443">
     <span class='ocr_line' id='line_1_101' title="bbox 317 5371 1894 5443; baseline -0.001 -17"><span class='ocrx_word' id='word_1_764' title='bbox 317 5371 494 5426; x_wconf 86' lang='lat' dir='ltr'><strong>Joan.</strong></span> <span class='ocrx_word' id='word_1_765' title='bbox 535 5371 696 5443; x_wconf 73' lang='lat'><strong>11,4).</strong></span> <span class='ocrx_word' id='word_1_766' title='bbox 752 5372 992 5429; x_wconf 81' lang='lat' dir='ltr'><strong>Paulus:</strong></span> <span class='ocrx_word' id='word_1_767' title='bbox 1030 5372 1385 5442; x_wconf 83' lang='lat' dir='ltr'><strong>Conﬁtentur,</strong></span> <span class='ocrx_word' id='word_1_768' title='bbox 1418 5373 1622 5443; x_wconf 88' lang='lat' dir='ltr'><strong>inquit,</strong></span> <span class='ocrx_word' id='word_1_769' title='bbox 1667 5389 1722 5427; x_wconf 87' lang='lat' dir='ltr'><strong>se</strong></span> <span class='ocrx_word' id='word_1_770' title='bbox 1747 5388 1894 5426; x_wconf 90' lang='lat' dir='ltr'><strong>nosse</strong></span> 
     </span>
    </p>
   </div>
   <div class='ocr_carea' id='block_1_102' title="bbox 325 5462 1895 5534">
    <p class='ocr_par' dir='ltr' id='par_1_102' title="bbox 325 5462 1895 5534">
     <span class='ocr_line' id='line_1_102' title="bbox 325 5462 1895 5534; baseline -0.001 -18"><span class='ocrx_word' id='word_1_771' title='bbox 325 5463 538 5527; x_wconf 82' lang='lat' dir='ltr'><strong>Deum,</strong></span> <span class='ocrx_word' id='word_1_772' title='bbox 591 5463 744 5532; x_wconf 75' lang='lat' dir='ltr'><strong>[actis</strong></span> <span class='ocrx_word' id='word_1_773' title='bbox 790 5474 959 5517; x_wconf 86' lang='lat' dir='ltr'><strong>autem</strong></span> <span class='ocrx_word' id='word_1_774' title='bbox 1003 5474 1186 5534; x_wconf 88' lang='lat' dir='ltr'><strong>negant</strong></span> <span class='ocrx_word' id='word_1_775' title='bbox 1230 5462 1355 5533; x_wconf 83' lang='lat' dir='ltr'><strong>(Tit.</strong></span> <span class='ocrx_word' id='word_1_776' title='bbox 1391 5478 1428 5527; x_wconf 84' lang='grc' dir='ltr'><strong>ι,</strong></span> <span class='ocrx_word' id='word_1_777' title='bbox 1462 5462 1569 5532; x_wconf 86' lang='grc'><strong>16).</strong></span> <span class='ocrx_word' id='word_1_778' title='bbox 1637 5462 1768 5519; x_wconf 84' lang='lat' dir='ltr'><strong>Item</strong></span> <span class='ocrx_word' id='word_1_779' title='bbox 1795 5462 1895 5515; x_wconf 89' lang='lat' dir='ltr'><strong>ali-</strong></span> 
     </span>
    </p>
   </div>
   <div class='ocr_carea' id='block_1_103' title="bbox 327 5554 1902 5626">
    <p class='ocr_par' dir='ltr' id='par_1_103' title="bbox 327 5554 1902 5626">
     <span class='ocr_line' id='line_1_103' title="bbox 327 5554 1902 5626; baseline -0.001 -17"><span class='ocrx_word' id='word_1_780' title='bbox 327 5555 388 5609; x_wconf 82' lang='lat' dir='ltr'><strong>bi</strong></span> <span class='ocrx_word' id='word_1_781' title='bbox 431 5573 446 5607; x_wconf 87' lang='lat'><strong>:</strong></span> <span class='ocrx_word' id='word_1_782' title='bbox 498 5554 601 5626; x_wconf 80' lang='lat' dir='ltr'><strong>Qui</strong></span> <span class='ocrx_word' id='word_1_783' title='bbox 639 5565 812 5609; x_wconf 85' lang='lat' dir='ltr'><strong>autem</strong></span> <span class='ocrx_word' id='word_1_784' title='bbox 863 5566 982 5610; x_wconf 86' lang='lat' dir='ltr'><strong>sunt</strong></span> <span class='ocrx_word' id='word_1_785' title='bbox 1028 5554 1263 5619; x_wconf 85' lang='lat' dir='ltr'><strong>Christi,</strong></span> <span class='ocrx_word' id='word_1_786' title='bbox 1293 5571 1501 5609; x_wconf 89' lang='lat' dir='ltr'><strong>carnem</strong></span> <span class='ocrx_word' id='word_1_787' title='bbox 1544 5570 1695 5609; x_wconf 87' lang='lat' dir='ltr'><strong>suam</strong></span> <span class='ocrx_word' id='word_1_788' title='bbox 1733 5554 1902 5608; x_wconf 87' lang='lat' dir='ltr'><strong>cruci-</strong></span> 
     </span>
    </p>
   </div>
   <div class='ocr_carea' id='block_1_104' title="bbox 403 5671 1264 5741">
    <p class='ocr_par' dir='ltr' id='par_1_104' title="bbox 403 5671 1264 5741">
     <span class='ocr_line' id='line_1_104' title="bbox 403 5671 1264 5741; baseline -0.006 -14"><span class='ocrx_word' id='word_1_789' title='bbox 403 5685 429 5713; x_wconf 70' lang='grc' dir='ltr'><strong><em>ι</em></strong></span> <span class='ocrx_word' id='word_1_790' title='bbox 469 5671 546 5726; x_wconf 88' lang='lat' dir='ltr'><strong>Dc</strong></span> <span class='ocrx_word' id='word_1_791' title='bbox 577 5671 758 5726; x_wconf 78' lang='lat' dir='ltr'><strong>verbis</strong></span> <span class='ocrx_word' id='word_1_792' title='bbox 785 5683 936 5741; x_wconf 89' lang='lat' dir='ltr'><strong>apost</strong></span> <span class='ocrx_word' id='word_1_793' title='bbox 988 5686 1150 5724; x_wconf 60' lang='lat' dir='ltr'><strong>serui.</strong></span> <span class='ocrx_word' id='word_1_794' title='bbox 1185 5671 1264 5726; x_wconf 78' lang='grc'><strong>15.</strong></span> 
     </span>
    </p>
   </div>
   <div class='ocr_carea' id='block_1_105' title="bbox 1986 4552 3550 4630">
    <p class='ocr_par' dir='ltr' id='par_1_105' title="bbox 1986 4552 3550 4630">
     <span class='ocr_line' id='line_1_105' title="bbox 1986 4552 3550 4630; baseline -0.006 -16"><span class='ocrx_word' id='word_1_795' title='bbox 1986 4574 2117 4630; x_wconf 91' lang='lat' dir='ltr'><strong>rogo</strong></span> <span class='ocrx_word' id='word_1_796' title='bbox 2143 4558 2347 4613; x_wconf 81' lang='lat' dir='ltr'><strong>faciunt</strong></span> <span class='ocrx_word' id='word_1_797' title='bbox 2382 4556 2448 4612; x_wconf 91' lang='lat' dir='ltr'><strong>de</strong></span> <span class='ocrx_word' id='word_1_798' title='bbox 2482 4572 2547 4611; x_wconf 93' lang='lat' dir='ltr'><strong>eo</strong></span> <span class='ocrx_word' id='word_1_799' title='bbox 2575 4557 2715 4625; x_wconf 89' lang='lat' dir='ltr'><strong>quod</strong></span> <span class='ocrx_word' id='word_1_800' title='bbox 2751 4556 3006 4626; x_wconf 87' lang='lat' dir='ltr'><strong>scriptum</strong></span> <span class='ocrx_word' id='word_1_801' title='bbox 3051 4563 3134 4610; x_wconf 90' lang='lat' dir='ltr'><strong>est</strong></span> <span class='ocrx_word' id='word_1_802' title='bbox 3162 4573 3175 4607; x_wconf 92' lang='lat'><strong>:</strong></span> <span class='ocrx_word' id='word_1_803' title='bbox 3206 4552 3308 4620; x_wconf 82' lang='lat' dir='ltr'><strong>Qui</strong></span> <span class='ocrx_word' id='word_1_804' title='bbox 3344 4554 3550 4607; x_wconf 85' lang='lat' dir='ltr'><strong>obturat</strong></span> 
     </span>
    </p>
   </div>
   <div class='ocr_carea' id='block_1_106' title="bbox 1986 4641 3551 4715">
    <p class='ocr_par' dir='ltr' id='par_1_106' title="bbox 1986 4641 3551 4715">
     <span class='ocr_line' id='line_1_106' title="bbox 1986 4641 3551 4715; baseline -0.004 -13"><span class='ocrx_word' id='word_1_805' title='bbox 1986 4664 2165 4703; x_wconf 89' lang='lat' dir='ltr'><strong>aurem</strong></span> <span class='ocrx_word' id='word_1_806' title='bbox 2184 4662 2333 4701; x_wconf 88' lang='lat' dir='ltr'><strong>suam</strong></span> <span class='ocrx_word' id='word_1_807' title='bbox 2351 4662 2429 4701; x_wconf 86' lang='lat' dir='ltr'><strong>ne</strong></span> <span class='ocrx_word' id='word_1_808' title='bbox 2453 4645 2634 4699; x_wconf 88' lang='lat' dir='ltr'><strong>audiat</strong></span> <span class='ocrx_word' id='word_1_809' title='bbox 2680 4644 2864 4715; x_wconf 89' lang='lat' dir='ltr'><strong>legem,</strong></span> <span class='ocrx_word' id='word_1_810' title='bbox 2895 4644 3062 4698; x_wconf 89' lang='lat' dir='ltr'><strong>oratio</strong></span> <span class='ocrx_word' id='word_1_811' title='bbox 3087 4645 3201 4714; x_wconf 87' lang='lat' dir='ltr'><strong>ejus</strong></span> <span class='ocrx_word' id='word_1_812' title='bbox 3221 4641 3551 4697; x_wconf 74' lang='lat' dir='ltr'><strong>exsecrabilis</strong></span> 
     </span>
    </p>
   </div>
   <div class='ocr_carea' id='block_1_107' title="bbox 1987 4732 3552 4807">
    <p class='ocr_par' dir='ltr' id='par_1_107' title="bbox 1987 4732 3552 4807">
     <span class='ocr_line' id='line_1_107' title="bbox 1987 4732 3552 4807; baseline -0.005 -15"><span class='ocrx_word' id='word_1_813' title='bbox 1987 4738 2123 4792; x_wconf 81' lang='lat' dir='ltr'><strong>erit?</strong></span> <span class='ocrx_word' id='word_1_814' title='bbox 2144 4737 2325 4807; x_wconf 87' lang='lat' dir='ltr'><strong>(Prov.</strong></span> <span class='ocrx_word' id='word_1_815' title='bbox 2356 4752 2549 4800; x_wconf 82' lang='lat' dir='ltr'><strong>xxvtn,</strong></span> <span class='ocrx_word' id='word_1_816' title='bbox 2572 4733 2650 4806; x_wconf 90' lang='lat'><strong>9.)</strong></span> <span class='ocrx_word' id='word_1_817' title='bbox 2677 4733 2828 4802; x_wconf 88' lang='lat' dir='ltr'><strong>Quod</strong></span> <span class='ocrx_word' id='word_1_818' title='bbox 2853 4735 2898 4789; x_wconf 92' lang='lat' dir='ltr'><strong>si</strong></span> <span class='ocrx_word' id='word_1_819' title='bbox 2919 4734 3093 4788; x_wconf 87' lang='lat' dir='ltr'><strong>oratio</strong></span> <span class='ocrx_word' id='word_1_820' title='bbox 3121 4733 3292 4802; x_wconf 81' lang='lat' dir='ltr'><strong>legem</strong></span> <span class='ocrx_word' id='word_1_821' title='bbox 3317 4732 3552 4786; x_wconf 88' lang='lat' dir='ltr'><strong>divinam</strong></span> 
     </span>
    </p>
   </div>
   <div class='ocr_carea' id='block_1_108' title="bbox 1989 4821 3556 4892">
    <p class='ocr_par' dir='ltr' id='par_1_108' title="bbox 1989 4821 3556 4892">
     <span class='ocr_line' id='line_1_108' title="bbox 1989 4821 3556 4892; baseline -0.006 -10"><span class='ocrx_word' id='word_1_822' title='bbox 1989 4828 2174 4883; x_wconf 87' lang='lat' dir='ltr'><strong>audire</strong></span> <span class='ocrx_word' id='word_1_823' title='bbox 2215 4826 2444 4882; x_wconf 89' lang='lat' dir='ltr'><strong>nolentis</strong></span> <span class='ocrx_word' id='word_1_824' title='bbox 2497 4831 2851 4890; x_wconf 87' lang='lat' dir='ltr'><strong>exsecratur,</strong></span> <span class='ocrx_word' id='word_1_825' title='bbox 2905 4823 3250 4878; x_wconf 91' lang='lat' dir='ltr'><strong>nihilominus</strong></span> <span class='ocrx_word' id='word_1_826' title='bbox 3304 4821 3423 4892; x_wconf 83' lang='lat' dir='ltr'><strong>ejus</strong></span> <span class='ocrx_word' id='word_1_827' title='bbox 3460 4835 3556 4875; x_wconf 90' lang='lat' dir='ltr'><strong>cor</strong></span> 
     </span>
    </p>
   </div>
   <div class='ocr_carea' id='block_1_109' title="bbox 1991 4911 3553 4988">
    <p class='ocr_par' dir='ltr' id='par_1_109' title="bbox 1991 4911 3553 4988">
     <span class='ocr_line' id='line_1_109' title="bbox 1991 4911 3553 4988; baseline -0.008 -14"><span class='ocrx_word' id='word_1_828' title='bbox 1991 4919 2314 4988; x_wconf 83' lang='lat' dir='ltr'><strong>despicitur;</strong></span> <span class='ocrx_word' id='word_1_829' title='bbox 2341 4918 2387 4972; x_wconf 89' lang='lat' dir='ltr'><strong>si</strong></span> <span class='ocrx_word' id='word_1_830' title='bbox 2412 4915 2527 4984; x_wconf 84' lang='lat' dir='ltr'><strong>ejus</strong></span> <span class='ocrx_word' id='word_1_831' title='bbox 2558 4932 2652 4971; x_wconf 90' lang='lat' dir='ltr'><strong>cor</strong></span> <span class='ocrx_word' id='word_1_832' title='bbox 2683 4915 2994 4984; x_wconf 89' lang='lat' dir='ltr'><strong>despicitur,</strong></span> <span class='ocrx_word' id='word_1_833' title='bbox 3013 4913 3256 4970; x_wconf 87' lang='lat' dir='ltr'><strong>Christus</strong></span> <span class='ocrx_word' id='word_1_834' title='bbox 3283 4912 3337 4967; x_wconf 89' lang='lat' dir='ltr'><strong>in</strong></span> <span class='ocrx_word' id='word_1_835' title='bbox 3362 4927 3428 4966; x_wconf 88' lang='lat' dir='ltr'><strong>eo</strong></span> <span class='ocrx_word' id='word_1_836' title='bbox 3455 4911 3553 4964; x_wconf 85' lang='lat' dir='ltr'><strong>ha—</strong></span> 
     </span>
    </p>
   </div>
   <div class='ocr_carea' id='block_1_110' title="bbox 1990 4999 3555 5074">
    <p class='ocr_par' dir='ltr' id='par_1_110' title="bbox 1990 4999 3555 5074">
     <span class='ocr_line' id='line_1_110' title="bbox 1990 4999 3555 5074; baseline -0.007 -13"><span class='ocrx_word' id='word_1_837' title='bbox 1990 5004 2167 5062; x_wconf 75' lang='lat' dir='ltr'><strong>bitai&#39;e</strong></span> <span class='ocrx_word' id='word_1_838' title='bbox 2193 5005 2526 5074; x_wconf 84' lang='lat' dir='ltr'><strong>dedignatur.</strong></span> <span class='ocrx_word' id='word_1_839' title='bbox 2554 5003 2902 5072; x_wconf 80' lang='lat' dir='ltr'><strong>Nequaquam</strong></span> <span class='ocrx_word' id='word_1_840' title='bbox 2932 5001 3091 5073; x_wconf 90' lang='lat' dir='ltr'><strong>igitur</strong></span> <span class='ocrx_word' id='word_1_841' title='bbox 3112 5001 3178 5056; x_wconf 89' lang='lat' dir='ltr'><strong>ad</strong></span> <span class='ocrx_word' id='word_1_842' title='bbox 3200 4999 3314 5069; x_wconf 89' lang='lat' dir='ltr'><strong>ejus</strong></span> <span class='ocrx_word' id='word_1_843' title='bbox 3342 5013 3438 5052; x_wconf 89' lang='lat' dir='ltr'><strong>cor</strong></span> <span class='ocrx_word' id='word_1_844' title='bbox 3464 5011 3555 5050; x_wconf 85' lang='lat' dir='ltr'><strong>ve-</strong></span> 
     </span>
    </p>
   </div>
   <div class='ocr_carea' id='block_1_111' title="bbox 2002 5086 3554 5166">
    <p class='ocr_par' dir='ltr' id='par_1_111' title="bbox 2002 5086 3554 5166">
     <span class='ocr_line' id='line_1_111' title="bbox 2002 5086 3554 5166; baseline -0.006 -14"><span class='ocrx_word' id='word_1_845' title='bbox 2002 5097 2080 5152; x_wconf 89' lang='lat' dir='ltr'><strong>nit</strong></span> <span class='ocrx_word' id='word_1_846' title='bbox 2120 5099 2208 5166; x_wconf 91' lang='lat' dir='ltr'><strong>qui</strong></span> <span class='ocrx_word' id='word_1_847' title='bbox 2238 5111 2364 5150; x_wconf 89' lang='lat' dir='ltr'><strong>suas</strong></span> <span class='ocrx_word' id='word_1_848' title='bbox 2392 5096 2535 5165; x_wconf 87' lang='lat' dir='ltr'><strong>leges</strong></span> <span class='ocrx_word' id='word_1_849' title='bbox 2564 5093 2709 5158; x_wconf 90' lang='lat' dir='ltr'><strong>odit;</strong></span> <span class='ocrx_word' id='word_1_850' title='bbox 2769 5093 3024 5164; x_wconf 85' lang='lat' dir='ltr'><strong>quoniam</strong></span> <span class='ocrx_word' id='word_1_851' title='bbox 3065 5108 3159 5148; x_wconf 89' lang='lat' dir='ltr'><strong>cor</strong></span> <span class='ocrx_word' id='word_1_852' title='bbox 3185 5086 3554 5160; x_wconf 86' lang='lat' dir='ltr'><strong>hujuscemodi</strong></span> 
     </span>
    </p>
   </div>
   <div class='ocr_carea' id='block_1_112' title="bbox 1993 5189 3631 5262">
    <p class='ocr_par' dir='ltr' id='par_1_112' title="bbox 1993 5189 3631 5262">
     <span class='ocr_line' id='line_1_112' title="bbox 1993 5189 3631 5262; baseline -0.006 -15"><span class='ocrx_word' id='word_1_853' title='bbox 1993 5193 2262 5247; x_wconf 89' lang='lat' dir='ltr'><strong>subditum</strong></span> <span class='ocrx_word' id='word_1_854' title='bbox 2287 5202 2507 5262; x_wconf 87' lang='lat' dir='ltr'><strong>peccato</strong></span> <span class='ocrx_word' id='word_1_855' title='bbox 2555 5199 2763 5244; x_wconf 88' lang='lat' dir='ltr'><strong>tantum</strong></span> <span class='ocrx_word' id='word_1_856' title='bbox 2802 5191 3062 5260; x_wconf 88' lang='lat' dir='ltr'><strong>hospitem</strong></span> <span class='ocrx_word' id='word_1_857' title='bbox 3101 5189 3298 5244; x_wconf 87' lang='lat' dir='ltr'><strong>habere</strong></span> <span class='ocrx_word' id='word_1_858' title='bbox 3319 5199 3423 5239; x_wconf 89' lang='lat' dir='ltr'><strong>non</strong></span> <span class='ocrx_word' id='word_1_859' title='bbox 3447 5196 3553 5238; x_wconf 84' lang='lat' dir='ltr'><strong>mc-</strong></span> <span class='ocrx_word' id='word_1_860' title='bbox 3625 5251 3631 5258; x_wconf 30' lang='lat'><em>.</em></span> 
     </span>
    </p>
   </div>
   <div class='ocr_carea' id='block_1_113' title="bbox 1997 5277 3558 5350">
    <p class='ocr_par' dir='ltr' id='par_1_113' title="bbox 1997 5277 3558 5350">
     <span class='ocr_line' id='line_1_113' title="bbox 1997 5277 3558 5350; baseline -0.008 -12"><span class='ocrx_word' id='word_1_861' title='bbox 1997 5292 2178 5349; x_wconf 91' lang='lat' dir='ltr'><strong>retur,</strong></span> <span class='ocrx_word' id='word_1_862' title='bbox 2212 5282 2490 5350; x_wconf 85' lang='lat' dir='ltr'><strong>Scriptura</strong></span> <span class='ocrx_word' id='word_1_863' title='bbox 2515 5289 2764 5346; x_wconf 91' lang='lat' dir='ltr'><strong>testante,</strong></span> <span class='ocrx_word' id='word_1_864' title='bbox 2803 5295 2921 5350; x_wconf 70' lang='lat' dir='ltr'><strong>qua:</strong></span> <span class='ocrx_word' id='word_1_865' title='bbox 2940 5279 3014 5334; x_wconf 89' lang='lat' dir='ltr'><strong>ait</strong></span> <span class='ocrx_word' id='word_1_866' title='bbox 3044 5297 3058 5332; x_wconf 91' lang='lat'><strong>:</strong></span> <span class='ocrx_word' id='word_1_867' title='bbox 3091 5277 3318 5347; x_wconf 75' lang='lat' dir='ltr'><strong>Spiritus</strong></span> <span class='ocrx_word' id='word_1_868' title='bbox 3348 5283 3558 5329; x_wconf 88' lang='lat' dir='ltr'><strong>sanctus</strong></span> 
     </span>
    </p>
   </div>
   <div class='ocr_carea' id='block_1_114' title="bbox 1995 5367 3560 5444">
    <p class='ocr_par' dir='ltr' id='par_1_114' title="bbox 1995 5367 3560 5444">
     <span class='ocr_line' id='line_1_114' title="bbox 1995 5367 3560 5444; baseline -0.008 -16"><span class='ocrx_word' id='word_1_869' title='bbox 1995 5373 2284 5444; x_wconf 74' lang='lat' dir='ltr'><strong>disciplina:</strong></span> <span class='ocrx_word' id='word_1_870' title='bbox 2329 5373 2537 5442; x_wconf 74' lang='lat' dir='ltr'><strong>e/fugiet</strong></span> <span class='ocrx_word' id='word_1_871' title='bbox 2582 5371 2802 5441; x_wconf 80' lang='lat' dir='ltr'><strong>ﬁctum:</strong></span> <span class='ocrx_word' id='word_1_872' title='bbox 2833 5387 2922 5426; x_wconf 87' lang='lat' dir='ltr'><strong>nec</strong></span> <span class='ocrx_word' id='word_1_873' title='bbox 2965 5368 3214 5423; x_wconf 89' lang='lat' dir='ltr'><strong>habitabit</strong></span> <span class='ocrx_word' id='word_1_874' title='bbox 3252 5367 3308 5420; x_wconf 93' lang='lat' dir='ltr'><strong>in</strong></span> <span class='ocrx_word' id='word_1_875' title='bbox 3348 5380 3560 5434; x_wconf 86' lang='lat' dir='ltr'><strong>corpore</strong></span> 
     </span>
    </p>
   </div>
   <div class='ocr_carea' id='block_1_115' title="bbox 1998 5449 3562 5533">
    <p class='ocr_par' dir='ltr' id='par_1_115' title="bbox 1998 5449 3562 5533">
     <span class='ocr_line' id='line_1_115' title="bbox 1998 5449 3562 5533; baseline -0.007 -15"><span class='ocrx_word' id='word_1_876' title='bbox 1998 5464 2202 5518; x_wconf 87' lang='lat' dir='ltr'><strong>subdito</strong></span> <span class='ocrx_word' id='word_1_877' title='bbox 2227 5463 2446 5533; x_wconf 82' lang='lat' dir='ltr'><strong>peccatis</strong></span> <span class='ocrx_word' id='word_1_878' title='bbox 2469 5459 2620 5531; x_wconf 88' lang='lat' dir='ltr'><strong>(Sap.</strong></span> <span class='ocrx_word' id='word_1_879' title='bbox 2655 5476 2692 5525; x_wconf 81' lang='grc' dir='ltr'><strong>ι,</strong></span> <span class='ocrx_word' id='word_1_880' title='bbox 2719 5460 2796 5531; x_wconf 81' lang='grc'><strong>5).</strong></span> <span class='ocrx_word' id='word_1_881' title='bbox 2819 5449 3050 5513; x_wconf 70' lang='lat' dir='ltr'><strong>Audiant&#39;</strong></span> <span class='ocrx_word' id='word_1_882' title='bbox 3086 5458 3187 5512; x_wconf 89' lang='lat' dir='ltr'><strong>hoc</strong></span> <span class='ocrx_word' id='word_1_883' title='bbox 3208 5455 3280 5511; x_wconf 92' lang='lat' dir='ltr'><strong>illi</strong></span> <span class='ocrx_word' id='word_1_884' title='bbox 3316 5455 3406 5525; x_wconf 88' lang='lat' dir='ltr'><strong>qui</strong></span> <span class='ocrx_word' id='word_1_885' title='bbox 3445 5454 3562 5508; x_wconf 86' lang='lat' dir='ltr'><strong>dies</strong></span> 
     </span>
    </p>
   </div>
   <div class='ocr_carea' id='block_1_116' title="bbox 1999 5546 3555 5622">
    <p class='ocr_par' dir='ltr' id='par_1_116' title="bbox 1999 5546 3555 5622">
     <span class='ocr_line' id='line_1_116' title="bbox 1999 5546 3555 5622; baseline -0.009 -12"><span class='ocrx_word' id='word_1_886' title='bbox 1999 5570 2128 5610; x_wconf 89' lang='lat' dir='ltr'><strong>suos</strong></span> <span class='ocrx_word' id='word_1_887' title='bbox 2155 5554 2209 5608; x_wconf 92' lang='lat' dir='ltr'><strong>in</strong></span> <span class='ocrx_word' id='word_1_888' title='bbox 2238 5552 2471 5622; x_wconf 81' lang='lat' dir='ltr'><strong>peccatis</strong></span> <span class='ocrx_word' id='word_1_889' title='bbox 2496 5551 2718 5615; x_wconf 89' lang='lat' dir='ltr'><strong>ducunt,</strong></span> <span class='ocrx_word' id='word_1_890' title='bbox 2744 5549 2885 5619; x_wconf 92' lang='lat' dir='ltr'><strong>quod</strong></span> <span class='ocrx_word' id='word_1_891' title='bbox 2917 5547 3064 5602; x_wconf 91' lang='lat' dir='ltr'><strong>vitiis</strong></span> <span class='ocrx_word' id='word_1_892' title='bbox 3083 5546 3334 5602; x_wconf 89' lang='lat' dir='ltr'><strong>substrati</strong></span> <span class='ocrx_word' id='word_1_893' title='bbox 3364 5557 3555 5614; x_wconf 85' lang='lat' dir='ltr'><strong>nequa-</strong></span> 
     </span>
    </p>
   </div>
   <div class='ocr_carea' id='block_1_117' title="bbox 2082 5657 3174 5733">
    <p class='ocr_par' dir='ltr' id='par_1_117' title="bbox 2082 5657 3174 5733">
     <span class='ocr_line' id='line_1_117' title="bbox 2082 5657 3174 5733; baseline -0.007 -12"><span class='ocrx_word' id='word_1_894' title='bbox 2082 5667 2108 5707; x_wconf 69' lang='grc' dir='ltr'><strong>ιν</strong></span> <span class='ocrx_word' id='word_1_895' title='bbox 2148 5662 2223 5720; x_wconf 85' lang='lat' dir='ltr'><strong>De</strong></span> <span class='ocrx_word' id='word_1_896' title='bbox 2251 5662 2428 5719; x_wconf 89' lang='lat' dir='ltr'><strong>verbis</strong></span> <span class='ocrx_word' id='word_1_897' title='bbox 2456 5671 2632 5733; x_wconf 83' lang='lat' dir='ltr'><strong>apost.</strong></span> <span class='ocrx_word' id='word_1_898' title='bbox 2659 5676 2820 5716; x_wconf 90' lang='lat' dir='ltr'><strong>serm.</strong></span> <span class='ocrx_word' id='word_1_899' title='bbox 2859 5658 2947 5724; x_wconf 77' lang='lat' dir='ltr'><strong>3i,</strong></span> <span class='ocrx_word' id='word_1_900' title='bbox 2975 5673 3090 5728; x_wconf 89' lang='lat' dir='ltr'><strong>cap.</strong></span> <span class='ocrx_word' id='word_1_901' title='bbox 3125 5657 3174 5713; x_wconf 88' lang='lat'><strong>9.</strong></span> 
     </span>
    </p>
   </div>
  </div>
