4064 6190
524 245 632 303 163

1581 234 1769 301 rosae
1811 234 2349 301 ausumausus
2383 196 2683 300 scissor!

2792 134 2823 171 κ

3621 234 3720 303 tat

525 374 686 433 quam
720 347 975 431 Spiritum
998 347 1237 414 sanctum
1260 354 1613 417 habitaturem
1637 359 1831 414 habere
1847 357 2068 429 possint,
2097 361 2148 421 Α
2175 366 2285 411 tum
2311 355 2451 426 quod
2478 354 2724 420 afferunt,
2752 371 2846 411 nec
2879 356 3002 413 illud
3026 368 3108 435 est
3132 357 3374 415 satiabilc
3394 336 3532 429 quod
3556 377 3722 417 reser-

524 463 581 509 et
616 453 756 524 quod
803 466 957 506 nemo
994 462 1212 522 peccato
1255 452 1574 524 Christoque
1634 455 1839 525 pariter
1868 453 2069 509 servire

521 547 709 618 possit,
733 546 956 601 Domino
988 546 1039 599 in
1082 545 1370 619 “Evangelio
1411 548 1655 602 dicente:
1691 547 1856 601 Nemo
1903 553 2068 615 potest

521 637 719 692 duobus
744 637 965 691 dominis
1003 638 1192 692 servire
1217 620 1425 702 (Matth.
1467 647 1554 701 vt,
1584 635 2063 707 Si;Luc.XVt,l5).

519 717 587 782 Et
610 744 706 798 per
728 723 1047 796 Prophetain
1082 741 1095 779 :
1128 724 1531 796 Coangustatum
1560 736 1633 780 est
1656 736 1897 789 stratum,
1922 725 2066 777 breve

2171 454 2313 500 vant.
2346 446 2488 499 Dixit
2536 454 2713 501 autem
2741 446 2991 502 Dominus
3038 449 3105 503 ad
3157 448 3287 504 Cain
3333 465 3454 505 cum
3504 449 3722 507 offerret

2169 549 2389 589 munera
2414 552 2428 589 :
2463 533 2521 590 Si
2545 545 2715 589 autem
2744 547 2877 591 recte
2906 539 3125 607 offeras,
3166 550 3295 605 recte
3318 551 3491 595 autem
3516 558 3619 597 non
3644 544 3723 596 di-

2165 625 2335 690 vidas,
2359 628 2598 693 peccasti.
2629 626 2844 692 Quiesce
2860 670 2875 693 ,
2896 630 2975 684 sic
2999 639 3075 696 tu,
3099 630 3423 699 Christiane,
3452 643 3598 690 recte
3612 651 3723 691 non

2135 715 2378 804 'dividis,
2417 717 2510 787 qui
2564 718 2629 773 de
2676 727 2824 774 tanto
2870 736 3001 776 auro
3052 731 3144 777 tuo
3197 723 3452 793 majorem
3510 736 3718 795 partem

516 828 591 872 est
615 815 830 888 pallium
860 831 877 869 :
903 827 1175 887 utrumque
1203 816 1400 885 operire
1433 832 1533 868 non
1554 826 1713 885 potest
1738 812 2084 883 (Isai.xxvm,
2155 822 2479 862 mamillan
2503 822 2705 874 servas.
2731 825 2892 879 quam
2922 810 3029 865 Deo
3057 810 3287 882 largiris.
3321 832 3340 864 ι
3426 859 3433 865 ε

515 910 628 983 20).
660 911 737 966 Ac
775 911 821 966 si
849 919 1095 980 patenter
1145 911 1323 965 dicat:
1358 909 1522 964 Nemo
1560 924 1663 971 me,
1689 918 2064 977 auctoremque

513 996 716 1070 peccati
746 1001 798 1054 in
826 1015 934 1055 sua:
972 999 1167 1054 mentis
1201 998 1338 1054 lecto
1366 1000 1566 1068 pariter
1586 999 1820 1071 recipere
1849 1007 2057 1069 potest:

515 1088 646 1154 Quae
671 1090 827 1153 enim,
857 1098 915 1143 ut
941 1076 1225 1158 Apostolus
1245 1090 1342 1153 ait,
1372 1074 1633 1143 conventio
1655 1088 1847 1142 Christi
1869 1086 1938 1141 ad
1962 1087 2058 1140 Be—

515 1181 645 1235 lial?
672 1180 740 1234 Et
785 1197 899 1252 quia
924 1180 1249 1252 participatio
1280 1179 1383 1235 luci
1407 1181 1476 1234 ad
1504 1174 1734 1236 t'enebras
1758 1181 1782 1235 ?
1807 1178 1893 1253 (ΙΙ
1937 1179 2057 1234 Cor.

509 1287 583 1335 v1,
614 1271 724 1343 15.)

579 1361 873 1434 Negligitur
905 1363 1065 1417 etiam
1089 1362 1348 1435 professio
1383 1358 1686 1416 Christiana
1716 1376 1746 1416 a
1776 1361 1973 1420 multis.
2007 1369 2060 1415 ct

508 1456 562 1511 in
587 1436 788 1520 multis,
809 1466 1027 1526 propter
1051 1455 1429 1512 delectationes
1470 1454 1713 1511 carnales
1739 1464 1793 1509 et
1815 1453 2060 1509 diversis-

503 1546 671 1601 simas
714 1545 872 1613 hujus
912 1546 1415 1610 smeuliwanitates;
1465 1545 1656 1614 quibus
1700 1552 1898 1614 quanto
1941 1544 2058 1613 plus

498 1636 665 1706 justo,
683 1637 789 1691 imo
808 1638 1041 1691 inaniter
1071 1637 1386 1702 inserviunt,
1419 1646 1567 1691 tanto
1602 1635 1777 1691 minus
1805 1637 2056 1705 operibus

2231 895 2288 949 ln
2331 896 2622 965 primordio
2651 897 2812 967 igitur
2835 910 3031 955 sancta:
3054 902 3142 956 Dei
3165 903 3413 960 Ecclesia:
3440 906 3582 962 circa
3607 922 3722 962 cre-

2163 984 2348 1039 dentes
2391 987 2552 1040 ardor
2580 987 2701 1042 ﬁdei
2734 989 2805 1043 ita
2844 990 3072 1061 vigebat,
3106 1000 3166 1045 ut
3205 1008 3613 1062 perseverarent
3662 998 3719 1051 in

2161 1074 2400 1130 doctrina
2427 1077 2809 1147 apostolorum,
2845 1088 2898 1133 et
2928 1084 3411 1141 communicatione
3438 1088 3719 1144 fractionis

2158 1167 2333 1236 panis,
2356 1175 2409 1221 et
2439 1152 2791 1234 orationibus,
2816 1180 2869 1225 et
2892 1172 3148 1227 haberent
3178 1175 3354 1228 omnia
3377 1180 3715 1246 communia;

2158 1268 2212 1311 et
2238 1270 2509 1315 sumerent
2530 1262 2706 1317 cibum
2736 1279 2855 1318 cum
2885 1266 3259 1332 exsultatione,
3285 1278 3340 1323 ct
3380 1270 3720 1341 simplicitate

2158 1351 2375 1417 cordis,
2423 1354 2792 1412 collaudantes
2845 1357 3033 1412 Deum.
3084 1357 3235 1415 Nunc
3279 1370 3458 1416 autem
3506 1364 3720 1420 devotio

2157 1442 2574 1502 Christianitatis
2599 1448 2738 1518 apud
2763 1448 3043 1521 plerosque
3069 1452 3222 1524 longe
3251 1454 3405 1509 aliter
3432 1471 3492 1510 se
3516 1456 3713 1513 habet:

2157 1536 2407 1603 quoniam
2440 1553 2470 1591 a
2496 1540 2812 1609 quibusdam
2844 1542 2869 1581 δ
2908 1544 3165 1600 doctrime
3194 1546 3552 1617 apostolorum
3581 1564 3719 1618 pne-

2155 1627 2370 1696 ponitur
2393 1645 2545 1685 amor
2579 1628 2905 1688 terrenoruin
2936 1618 3307 1706 negotiorum;
3347 1641 3713 1696 communica-

500 1730 817 1788 Christianae
842 1732 1189 1802 professionis
1219 1747 1410 1788 vacare
1448 1732 1807 1787 inveniuntur.
1836 1727 1983 1796 Quod
2011 1728 2050 1781 si

2149 1716 2286 1800 gioni
2330 1717 2605 1776 fractionis
2636 1724 2818 1792 panis,
2860 1724 3153 1794 tenacitas;
3189 1718 3374 1801 frigus.
3401 1731 3713 1800 cllaritatis,

501 1821 634 1877 Acta
681 1823 1046 1890 apostolorum
1098 1823 1396 1893 relegamus
1441 1830 1496 1876 et
1538 1821 1870 1877 devotionem
1904 1818 2057 1903 Chri—

499 1912 685 1967 stiana:
714 1912 904 1982 plebis,
930 1928 1054 1982 quze£
1089 1913 1188 1967 sub
1216 1912 1415 1967 eisdem
1446 1910 1698 1983 apostolis
1719 1908 1918 1974 floruit,
1942 1909 2057 1963 dili-

499 2011 687 2073 genter
710 2003 1205 2068 animadvertimus,
1240 2002 1465 2056 multum
1495 2001 1661 2057 nostri
1700 1998 1878 2056 smeuli
1901 1998 2056 2054 Chri-

497 2094 657 2150 stiani
686 2094 865 2164 populi
896 2093 1233 2148 devotionem
1261 2093 1328 2147 ab
1358 2092 1568 2148 illorum
1597 2092 1797 2147 distare
1824 2090 2055 2160 reperie—

497 2202 638 2241 mus.
665 2182 730 2239 Et
755 2195 954 2254 quanto
981 2184 1056 2239 illi
1080 2184 1368 2239 ardentius
1393 2198 1457 2238 ac
1503 2183 1743 2239 devotius
1769 2196 1888 2236 eam
1931 2189 2056 2234 sunt

497 2275 706 2339 sectati,
742 2283 889 2329 tanto
918 2273 1155 2330 nonnulli
1195 2275 1262 2329 ab
1287 2274 1405 2343 eju's
1447 2273 1696 2342 operibus
1738 2272 1892 2343 longe
1931 2278 2055 2326 sunt

408 2378 416 2393 ·
495 2365 765 2433 disgressi.
788 2365 1015 2421 Proinde
1043 2367 1182 2420 sicut
1230 2374 1354 2419 tunc
1384 2364 1536 2419 initio
1572 2364 1841 2418 nascentis
1868 2361 2053 2416 Eccle-

496 2457 590 2512 siae
616 2444 802 2512 eadem
849 2458 980 2512 fides
1031 2457 1281 2526 operibus
1311 2455 1519 2523 ﬂoruit,
1552 2457 1622 2511 ita
1659 2453 1799 2510 nunc
1827 2455 2050 2519 eisdem,

492 2540 770 2616 neglectis,
801 2546 938 2616 apud
962 2547 1216 2616 quosdam
1256 2548 1559 2601 marcescit.
1597 2546 1665 2601 Ut
1706 2545 1847 2600 enim
1879 2544 2053 2599 verbis

490 2635 635 2691 beati
655 2635 932 2705 Augustini
962 2648 984 2676 ο
1018 2645 1161 2711 utpr,
1193 2655 1210 2687 ‹
1245 2635 1490 2692 Christus
1531 2637 1581 2691 in
1607 2636 1761 2691 nobis
1782 2644 1863 2690 est
1888 2634 2050 2699 idem,

490 2722 580 2793 qui
611 2731 665 2778 et
694 2724 745 2778 in
775 2723 907 2801 illis:
935 2726 1121 2780 eadem
1152 2723 1283 2781 tidcs
1312 2726 1363 2780 in
1409 2727 1581 2791 nobis,
1615 2727 1708 2780 sed
1729 2741 1833 2779 non
1863 2723 2050 2780 eadem

490 2816 721 2871 devotio.
748 2816 804 2870 In
835 2816 936 2870 illis
958 2816 1098 2871 enim
1129 2814 1298 2884 major
1336 2826 1453 2871 erat
1495 2816 1804 2871 fraternitas
1832 2811 2046 2878 Christi,

487 2922 644 2977 quam
669 2908 962 2978 sanguinis.
994 2906 1052 2961 ln
1080 2907 1184 2963 illis
1216 2908 1355 2962 sicut
1381 2923 1487 2962 una
1530 2906 1695 2973 ﬁdes,
1742 2908 1814 2962 ita
1841 2915 1959 2962 enat
1997 2914 2051 2961 et

486 3013 592 3052 una
619 2998 948 3064 substantia;
995 3010 1049 3052 et
1075 2998 1268 3067 quibus
1296 3006 1414 3054 erat
1440 2988 1736 3053 communis
1772 2997 2047 3063 Christus,

484 3089 788 3144 communis
816 3087 916 3143 fuit
940 3094 994 3143 et
1014 3096 1272 3159 sumplus.
1296 3084 1456 3157 Nefas
1477 3089 1618 3142 enim
1641 3089 1901 3158 putabant
1927 3104 2048 3144 eum

486 3182 590 3238 sibi
616 3181 931 3252 participem
980 3197 1086 3236 non
1128 3182 1431 3238 adsciscere
1464 3183 1518 3237 in
1564 3183 1861 3238 substantia
1890 3222 1905 3247 ,
1957 3183 2049 3251 qui

487 3276 760 3346 particeps
802 3282 944 3331 esset
982 3274 1033 3329 in
1077 3275 1267 3346 gratia.
1304 3275 1417 3330 Non
1454 3290 1582 3343 ergo
1625 3276 1946 3330 verebantur
1983 3289 2049 3328 ne

480 3365 773 3428 esurirent,
788 3365 879 3419 sed
906 3365 1082 3433 potius
1104 3365 1364 3420 timebant
1383 3380 1449 3418 ne
1476 3363 1564 3418 alii
1586 3364 1855 3418 esurirent
1886 3360 2071 3419 «Nunc

426 3446 441 3460 ⁸
479 3463 685 3521 autem,
714 3464 774 3510 ut
801 3455 939 3511 idem
973 3454 1161 3510 beatus
1211 3453 1539 3527 Augustinus
1575 3455 1671 3520 ait,
1699 3454 1775 3508 ita
1824 3453 1956 3507 alter
1982 3453 2047 3508 de

480 3547 707 3603 alterius
734 3548 910 3619 inopia
938 3561 1043 3602 non
1074 3549 1313 3620 cogitat,
1366 3558 1424 3602 ut
1466 3547 1593 3602 illud
1638 3545 1875 3616 sitquod
1919 3545 2049 3600 dicit

483 3638 808 3708 Apostolus:
840 3637 985 3691 Alius
1008 3637 1213 3708 quidem
1253 3638 1448 3703 esurit,
1482 3636 1618 3691 alius
1662 3647 1832 3690 autem
1877 3634 2047 3688 ebrius

480 3740 556 3786 est
580 3729 630 3805 (Ι
655 3729 776 3785 Cor.
798 3724 884 3795 ἰι,
905 3730 1016 3801 21).
1054 3749 1073 3781 ι
1107 3729 1171 3783 Et
1202 3728 1362 3800 paulo
1392 3737 1548 3798 post:
1585 3748 1603 3779 c
1634 3727 1784 3782 Nunc
1811 3733 1893 3781 est
1919 3723 2047 3780 illud

483 3831 710 3895 tempus,
735 3825 876 3894 quod
904 3822 1158 3877 Dominus
1193 3822 1246 3876 in
1293 3821 1580 3893 Evangelia
1605 3820 1710 3895 ait,
1750 3817 2047 3872 Abundabit

480 3891 1065 3984 iniquitas,—refrigescet
1088 3913 1314 3967 charitas
1344 3891 1868 3983 multorumlMatth.
1898 3924 2043 3973 mv,
2068 3908 2072 3913 ’

482 4004 594 4075 l2).
628 4004 781 4058 Modo
803 4005 944 4058 enim
975 4003 1209 4058 abundat
1244 4003 1466 4059 avaritia
1505 4011 1557 4058 et
1600 4002 1885 4073 iniquitas,
1928 4015 2047 4070 qua:

407 4128 447 4161 ,.
480 4101 604 4148 ante
632 4092 897 4163 largitatis
926 4093 1169 4148 bonitate
1203 4093 1470 4159 cessabat,
1513 4102 1569 4148 et
1601 4091 1902 4163 refrigescit
1939 4090 2044 4160 f:;a-

480 4186 751 4241 ternitatis
770 4188 1030 4253 charitas,
1048 4201 1166 4257 qua:
1184 4187 1332 4257 prius
1353 4200 1538 4241 amore
1556 4184 1755 4240 Christi
1783 4182 2037 4239 fervebat.

402 4270 411 4277 ’
479 4275 630 4331 Tunc
666 4277 808 4330 enim
834 4278 933 4332 sub
958 4276 1211 4347 apostolis
1250 4285 1397 4331 tanta
1447 4276 1797 4331 fraternitatis
1832 4274 2044 4329 dilectio

480 4365 601 4429 fuit,
620 4375 681 4419 ut
702 4368 754 4420 in
791 4376 1057 4421 conventu
1085 4382 1181 4421 suo
1208 4382 1315 4420 non
1355 4366 1687 4421 inveniretur
1729 4365 2038 4436 indigentia.

479 4458 650 4512 Tanta
679 4464 857 4512 autem
903 4457 1061 4512 modo
1096 4457 1517 4513 Christianitatis
1546 4454 1896 4511 dissimulatio
1922 4464 2037 4520 est,

478 4548 612 4601 utin
640 4556 781 4602 coetu
811 4557 997 4603 nostro
1025 4547 1113 4601 vix
1137 4547 1377 4603 invenias
1402 4545 1721 4617 locupletem
1750 4566 1763 4600 :
1808 4545 2041 4617 locuple-

479 4647 584 4692 tem
608 4647 785 4695 autcm
819 4638 907 4692 vix
953 4638 1193 4694 inveniri
1213 4640 1354 4705 dico,
1386 4655 1492 4694 non
1526 4637 1866 4694 facultatibus
1888 4678 1903 4703 ,
1946 4636 2040 4693 sed

477 4714 749 4799 operibus.
775 4729 866 4784 Ait
899 4739 1079 4785 autem
1117 4729 1443 4801 Apostolus:
1479 4730 1672 4784 Divites
1700 4728 1804 4783 sint
1846 4729 1901 4784 in
1923 4745 2041 4797 ope-

477 4818 619 4872 ribus
666 4818 810 4873 bonis
836 4818 888 4891 (1
920 4818 1051 4873 Tim.
1087 4837 1159 4886 v1,
1188 4820 1295 4890 l8).
1325 4818 1673 4891 Locupletem
1711 4820 1856 4877 enim
1887 4818 2039 4873 intel-

476 4906 565 4977 ligi
594 4908 761 4963 voluit
791 4910 843 4964 in
879 4909 1115 4965 Ecclesia
1138 4952 1154 4975 ,
1215 4911 1307 4979 qui
1354 4911 1504 4965 dives
1531 4909 1583 4964 in
1622 4909 1836 4965 Christo
1865 4920 1969 4965 est.
2016 4931 2034 4962 ι

474 4998 543 5052 Ει
574 4999 710 5054 idem
744 5009 863 5070 post
885 5017 1050 5071 pauca
1082 5020 1095 5055 :
1137 5020 1155 5054 ‹
1200 5000 1344 5055 Raro
1370 5002 1531 5069 igitur
1561 5001 1664 5056 hoc
1686 5010 1927 5071 tempore
1954 5001 2038 5055 in-

476 5087 722 5144 venimus
765 5089 816 5144 in
841 5089 1149 5145 Christiano
1175 5089 1368 5160 populo
1398 5089 1745 5159 locupletem;
1777 5100 1833 5144 et
1854 5090 1898 5144 si
1920 5089 2039 5160 ple-

476 5176 630 5246 rique
667 5177 720 5232 in
769 5178 1011 5236 domibus
1043 5195 1176 5234 auro
1207 5181 1314 5235 sint
1359 5180 1572 5257 divites,
1599 5181 1652 5234 in
1692 5178 1928 5235 Ecclesia
1959 5188 2041 5233 ta-

475 5281 596 5321 men
628 5276 753 5322 sunt
780 5270 1030 5326 mendici.
1088 5272 1221 5325 Dum
1265 5271 1408 5328 enim
1455 5271 1597 5325 circa
1638 5286 1898 5341 pauperes
1933 5288 2038 5327 non

475 5369 574 5424 pro
612 5372 677 5411 eo
711 5358 853 5428 quod
887 5359 1176 5430 praevalent
1199 5369 1509 5428 operantur,
1538 5377 1640 5415 nec
1673 5361 1774 5416 hoc
1810 5369 1893 5415 est
1919 5377 2040 5431 gra—

548 5487 802 5563 {Sermo
842 5494 1012 5549 sancti
1053 5492 1268 5549 Maximi
1299 5493 1533 5563 episcopi
1561 5494 1627 5549 de
1650 5495 1848 5551 divers.
1895 5496 2041 5553 inter

474 5554 860 5616 Ambrosianos
885 5565 934 5617 9.

550 5627 577 5666 ιι
617 5627 874 5693 Quoniam
903 5651 933 5686 a
957 5633 1283 5704 quibusdam.
1315 5631 1466 5688 llunc
1493 5632 1667 5689 locum
1708 5634 1862 5691 fmdis
1887 5652 2037 5692 men-

2067 4413 2120 4475 D

2153 1810 2504 1877 et'cupiditas
2531 1814 2823 1879 ambiendus
2851 1817 2926 1871 rei
2957 1819 3165 1883 alienae,
3206 1821 3382 1898 potius
3405 1838 3565 1892 quam
3590 1840 3718 1893 pro.

2151 1899 2281 1969 prius
2303 1900 2617 1972 largiendm;
2669 1906 3003 1964 orationibus
3023 1908 3309 1966 delectatio
3327 1915 3526 1979 carnis,
3540 1917 3717 1971 curio-

2151 1991 2282 2046 sitas
2310 2009 2510 2059 rerum,
2542 1996 2841 2053 sollicitudo
2875 2002 3077 2067 mundi,
3105 2012 3159 2056 et
3210 2005 3521 2061 multimoda
3558 2023 3712 2062 men-

2154 2076 2226 2139 tis
2264 2083 2319 2138 in
2355 2084 2565 2142 diversa
2594 2090 2825 2159 vagatio.
2869 2090 2997 2157 Quae
3040 2101 3218 2149 autem
3254 2094 3359 2151 illis
3384 2105 3539 2151 erant
3568 2113 3716 2153 com-

2151 2177 2353 2259 munia,
2385 2176 2524 2234 nunc
2545 2181 2864 2249 quibusdam
2894 2184 2964 2238 ita
2989 2196 3116 2243 sunt
3139 2188 3373 2257 propria,
3408 2197 3731 2259 utperraro.

2148 2256 2206 2318 in
2236 2264 2459 2322 alterius
2489 2283 2557 2321 ex
2584 2269 2667 2324 bis
2695 2272 2983 2342 quidquam
3011 2282 3386 2346 retorqueatur
3413 2256 3586 2333 usum.
3631 2280 3709 2335 illi

2150 2357 2433 2411 sumebant
2483 2358 2662 2413 cibum
2701 2376 2822 2415 cum
2871 2363 3229 2420 exsultatione
3266 2377 3322 2422 et
3371 2368 3731 2438 simplicitate.

2149 2445 2349 2511 cordis,
2374 2447 2752 2531 ,collaudantes
2791 2451 2990 2519 Deum;
3030 2470 3174 2510 nunc
3201 2465 3377 2512 autem
3407 2458 3496 2512 vix
3526 2475 3559 2513 a
3597 2461 3708 2529 qui-

2148 2534 2373 2591 busdam
2399 2540 2628 2593 sumitur
2650 2541 2801 2596 cibus
2837 2542 2953 2597 sine
2976 2545 3329 2612 detractione,
3345 2549 3463 2604 sine
3488 2532 3708 2605 simula-

2151 2627 2316 2694 tione,
2341 2629 2459 2684 sine
2488 2630 2851 2695 insultatione,
2882 2634 2997 2688 sine
3042 2636 3363 2693 histrionum
3391 2640 3707 2705 saltatione,

2149 2726 2205 2774 et
2229 2719 2460 2774 obscena
2498 2719 2785 2793 joca‘tione,
2817 2732 2867 2777 et
2901 2724 3256 2798 tnrpiloquiis,
3291 2737 3347 2783 et
3373 2732 3713 2789 scurrilitati.

2148 2808 2267 2874 bus,
2300 2819 2355 2866 et
2374 2814 2581 2868 caeteris
2616 2814 2909 2871 innumeris
2940 2819 3285 2887 vanitatibus,
3309 2838 3428 2892 qua:
3471 2825 3707 2881 animum

2149 2898 2511 2957 Christianum
2559 2920 2589 2959 a
2627 2905 2806 2977 vigore
2845 2906 2927 2961 sui
2978 2915 3150 2964 status
3192 2910 3487 2966 emolliunt.
3537 2911 3614 2965 illi
3655 2912 3708 2966 in
3782 2907 3805 2929 ⁸

2151 2993 2489 3063 simplicitate
2512 2996 2708 3062 cordis,
2725 2997 2810 3051 isti
2827 3006 3025 3064 autem,
3049 3014 3079 3053 e
3102 3002 3388 3067 contrario,
3417 3002 3638 3058 subdolo
3655 3012 3713 3057 et

2151 3088 2347 3158 duplici
2374 3090 2573 3154 animo,
2604 3104 2724 3145 cum
2758 3088 3035 3161 Scriptura
3061 3092 3241 3147 dicat:
3280 3091 3478 3148 Sentite
3516 3095 3581 3148 de
3609 3093 3714 3150 Do-

2147 3181 2288 3233 mino
2322 3182 2377 3235 in
2409 3181 2674 3235 bonitate:
2721 3191 2768 3235 et
2813 3183 2869 3236 in
2901 3183 3227 3256 simplicitate
3278 3185 3448 3240 cordis
3496 3186 3731 3257 qua'rite

2147 3266 2295 3325 illum
2322 3268 2465 3340 (Sap.
2493 3286 2532 3335 l,
2558 3258 2632 3339 li.
2663 3270 2739 3325 [lli
2771 3281 3044 3329 sumentes
3089 3273 3287 3338 cibum,
3319 3275 3483 3331 Deum
3510 3276 3713 3337 collau-

2146 3359 2377 3422 dabant;
2410 3360 2496 3416 isti
2518 3361 2854 3416 diversorum
2882 3363 3124 3418 ciborum
3153 3379 3346 3434 genera
3369 3365 3436 3420 ad
3460 3381 3615 3420 suum
3646 3367 3711 3421 li-

2146 3450 2317 3505 bitum
2341 3452 2638 3522 exigentes,
2684 3468 2809 3529 erga
2841 3452 3165 3509 lautissimus
3190 3455 3291 3508 sibi
3321 3454 3470 3511 cibos
3513 3471 3713 3525 przepa-

2146 3550 2293 3597 ratos
2314 3553 2481 3596 artem
2500 3542 2807 3607 collaudant
2834 3559 3126 3614 coquorum
3152 3563 3165 3599 :
3191 3556 3246 3600 et
3280 3545 3401 3601 ideo
3449 3547 3503 3615 in
3533 3562 3734 3603 come-.

2147 3631 2319 3687 dendo
2353 3641 2409 3687 et
2443 3633 2672 3689 bibendo
2715 3634 2867 3691 nimii
2912 3637 3187 3703 existunt,
3254 3646 3313 3695 ut
3354 3638 3710 3699 Nabnzardan
3792 3682 3799 3690 .

2144 3725 2394 3795 princeps
2419 3741 2711 3794 coquorum
2741 3743 2921 3783 muros
2951 3725 3268 3801 Jerusalem,
3298 3729 3351 3786 id
3373 3739 3456 3786 est
3484 3731 3711 3787 virtutes

2145 3815 2442 3881 animarum
2466 3832 2705 3882 suarum,
2729 3819 2987 3874 subruere
3014 3820 3281 3876 videatur.
3335 3822 3446 3877 Nec
3496 3838 3601 3900 pon
3652 3833 3707 3879 et

2146 3903 2286 3971 illius
2319 3904 2607 3977 evangelici
2639 3909 2712 3963 ita
2735 3919 2858 3964 sunt
2893 3910 3235 3990 immemores
3258 3953 3273 3978 ,
3324 3930 3431 3983 quo
3464 3916 3733 3985 mncipia

2145 4004 2232 4051 tur
2254 4015 2269 4050 ;
2313 3993 2490 4052 Videte
2513 4014 2574 4051 ne
2592 4010 2870 4069 graventur
2889 4002 3047 4055 corda
3076 4013 3242 4057 vestra
3263 4006 3318 4057 in
3354 4004 3601 4060 ebrietate
3620 4047 3636 4068 ,
3658 4017 3709 4060 et

2144 4087 2389 4158 crapula,
2421 4099 2467 4143 et
2494 4091 2633 4144 curis
2676 4091 2834 4161 hujus
2879 4094 2998 4147 vita:
3023 4093 3174 4166 (Luc.
3215 4111 3327 4160 XXI,
3354 4096 3466 4165 34),
3493 4105 3552 4150 ut
3577 4096 3710 4155 deli-

2144 4178 2304 4234 ciosis
2329 4179 2462 4234 cibis
2505 4181 2791 4257 ventribus.
2817 4183 3083 4249 distentis,
3110 4194 3168 4239 et
3203 4186 3584 4241 diversissimis
3617 4174 3709 4256 po-

2145 4268 2379 4323 tionibus
2413 4269 2668 4342 irrigatis,
2696 4262 2799 4326 non
2823 4272 2886 4326 ad
2909 4271 3093 4328 laudes
3136 4273 3253 4338 Dei",
3279 4274 3371 4329 sed
3393 4275 3459 4329 ad
3490 4277 3708 4330 cachin—

2143 4360 2389 4415 nationes
2424 4376 2516 4416 ora
2543 4361 2873 4418 dissolvant:
2905 4380 3011 4418 non
3050 4362 3388 4421 attendentes
3411 4367 3537 4421 illud
3565 4354 3709 4437 quod

2148 4451 2404 4507 Dominus
2454 4454 2508 4506 in
2564 4453 2854 4524 Evangelio
2916 4455 3027 4531 ait:
3076 4454 3166 4509 Vw
3203 4457 3343 4512 vobis
3389 4459 3478 4529 qui
3530 4458 3711 4512 ridetis

2148 4563 2283 4600 nunc
2302 4587 2317 4609 ,
2348 4547 2471 4617 quia
2493 4546 2752 4616 lugebitis,
2780 4556 2827 4601 et
2855 4547 3043 4616 ﬂebitis
3071 4546 3232 4618 (Ibid.
3265 4565 3338 4613 γι,
3372 4550 3483 4621 25).
3519 4550 3585 4605 Et
3610 4550 3708 4605 ali-

2144 4634 2200 4691 bi
2232 4636 2509 4708 Scriptura
2536 4638 2706 4693 dicit:
2743 4637 2896 4693 Risus
2933 4639 3112 4707 dolore
3155 4642 3457 4697 miscebitur
3479 4657 3497 4694 :
3524 4653 3572 4696 et
3622 4659 3711 4696 ex.

2146 4742 2310 4786 tremo
2331 4733 2509 4803 gaudii
2530 4732 2701 4786 luctus
2723 4715 2937 4809 occupat
2963 4729 3142 4807 (Prov.
3172 4735 3408 4802 x1v,l5).
3443 4734 3507 4789 Et
3534 4750 3567 4789 c
3588 4749 3711 4788 con-

2150 4823 2341 4887 trario,
2366 4823 2431 4876 de
2445 4821 2642 4890 justis:
2671 4822 2822 4881 Beati
2841 4825 3000 4896 igitur
3018 4825 3108 4895 qui
3126 4825 3322 4896 lugent,
3343 4826 3591 4897 quoniam
3609 4826 3711 4895 ipsi

2143 4914 2547 4971 consolabuntur
2571 4915 2788 4987 (Matth.
2816 4932 2871 4981 ν,
2900 4916 2974 4988 5).
3006 4912 3121 4972 Non
3148 4916 3290 4972 enim
3322 4932 3353 4970 a
3380 4932 3577 4988 magno
3600 4932 3713 4986 my-

2141 5006 2308 5060 sterio
2347 5014 2525 5068 vacat,
2571 5006 2713 5076 quod
2742 5005 2998 5065 Dominus
3048 5016 3230 5062 noster
3278 5005 3435 5062 Jcsns
3461 5006 3733 5071 Christus
3800 5027 3805 5032 '

2140 5096 2373 5161 flevisse,
2406 5113 2510 5152 non
2535 5097 2737 5162 risisse,
2769 5098 2821 5152 in
2844 5098 3134 5171 Evangelio
3157 5098 3386 5169 legitur:
3416 5098 3622 5167 scilicet
3651 5107 3712 5151 nt

2140 5189 2195 5242 in
2226 5187 2350 5253 hoc,
2376 5186 2513 5242 sicut
2536 5197 2590 5242 et
2614 5187 2666 5241 in
2696 5187 2907 5243 cmteris
2944 5188 3201 5244 membris
3245 5189 3357 5243 suis
3403 5187 3708 5256 exemptum

2141 5277 2314 5339 daret,
2335 5276 2476 5346 quod
2511 5277 2565 5330 in
2594 5276 2695 5332 hac
2714 5277 2955 5332 convalle
2975 5267 3332 5349 lacrymtirum
3354 5292 3459 5332 non
3490 5286 3731 5349 propter,

2141 5366 2318 5421 fumea
2343 5379 2397 5421 et
2422 5365 2641 5437 fugitiva
2680 5367 2874 5437 gaudia
2901 5368 3202 5433 ridendum,
3237 5368 3332 5424 sed
3382 5367 3556 5439 magis
3584 5383 3708 5437 pro-

2140 5499 2223 5553 dis
2244 5507 2418 5573 Δειῐιιβξλ
2456 5508 2753 5573 scatentem
2799 5499 3201 5573 emendavimus
3230 5497 3558 5573 conferendo
3584 5513 3708 5573 cuiu

2141 5570 2315 5649 capite
2345 5570 2402 5623 ll
2431 5569 2677 5639 opusculi
2708 5570 2847 5638 quint
2880 5569 3017 5625 infra
3042 5570 3250 5626 edimus
3267 5571 3333 5627 de
3363 5568 3712 5625 Institutione

2145 5655 2306 5712 ιϊειιῑ.
