4008 6192
233 263 335 320 185

1028 320 1049 353 Ν

1202 260 1288 314 DE
1322 255 1799 315 INSTITUTIONE
1834 255 2119 317 LAICALI.‘
2155 289 2228 300 —
2246 257 2393 319 LIB;
2423 258 2462 317 Ι.

3249 247 3276 331 ξ
3336 259 3455 317 tes.

222 389 350 448 pter
379 374 626 430 amissam
653 379 895 426 nostram
938 379 1149 424 mternaa
1174 370 1366 441 patria:
1390 369 1782 431 haereditatem,
1812 370 1860 429 Α
1886 376 1933 420 et
1970 352 2063 437 ego
2097 367 2323 435 reﬁciam
2352 385 2455 423 eos.
2489 369 2554 422 Et
2575 369 2713 423 idem
2739 368 2862 424 alibi
2889 386 2902 422 :
2933 368 3122 423 Discite
3150 385 3287 424 ante
3310 372 3436 442 quia

224 483 257 522 a
282 482 393 537 qua
418 465 505 520 diu
534 463 863 525 exsulamus,
883 460 1038 515 nobis
1061 469 1204 513 esset
1230 457 1546 513 deﬂendam.

300 555 553 612 Terrendi
588 561 714 608 sunt
745 567 876 621 ergo
899 550 1070 621 epulis
1097 548 1537 619 mu’ltiloquioque
1586 561 1786 602 vacan-

225 654 309 700 tes
349 644 683 699 danmatione
722 641 867 696 illius
917 639 1196 710 purpurati
1241 639 1452 704 divitis,
1498 639 1588 709 qui
1621 639 1786 693 micas

220 738 425 792 Lazaro
450 733 735 815 indigenti
785 731 915 786 dare
957 730 1127 784 noluit
1173 728 1320 800 (Luc.
1418 728 1677 800 xvr,2l);
1732 736 1788 783 et

220 828 357 892 ideo,
397 836 457 880 ut
493 824 684 879 beatus
708 820 997 892 Gregorius
1024 819 1119 885 ait,
1142 834 1308 889 usque
1337 819 1402 873 ad
1448 818 1665 873 minima
1700 833 1786 887 pe-

218 919 370 972 tenda
395 915 677 987 pervenit;
708 913 800 982 qui
827 912 1026 992 idcirco
1068 909 1303 981 linguam
1330 908 1432 963 sibi
1477 908 1783 979 refrigerari

220 1006 478 1076 poposcit,
503 1003 629 1073 quia
656 999 990 1070 loquacitati,
1021 1013 1140 1067 qua:
1177 998 1317 1051 inter
1340 996 1524 1066 epulas
1550 996 1784 1077 maxime

220 1097 327 1151 ﬁeri
351 1095 515 1157 solet,
542 1091 839 1147 insolenter
875 1087 1169 1143 inservivit.
1193 1086 1456 1158 Mulcendi
1483 1095 1608 1140 sunt
1634 1101 1778 1151 vero,

218 1196 368 1256 atque
395 1184 463 1238 ad
502 1198 641 1251 opus
691 1178 1072 1235 misericordiae
1120 1176 1483 1247 provocandi,
1538 1176 1782 1256 exemplo

218 1252 347 1330 beati
382 1271 485 1328 Job
513 1272 777 1326 dicentis:
809 1267 867 1324 Si
914 1268 1111 1339 negavi,
1141 1266 1279 1337 quod
1309 1265 1564 1331 volebant,
1589 1252 1784 1337 paupe-

218 1366 368 1430 ribus,
397 1375 449 1419 et
479 1363 662 1418 oculos
682 1362 851 1418 vidtur
874 1370 1169 1431 exspectare
1203 1358 1337 1429 feci:
1362 1360 1407 1413 si
1434 1360 1631 1414 comedi
1661 1359 1784 1415 buc-

216 1455 391 1510 cellam
433 1470 611 1508 meum
646 1452 826 1515 solus,
867 1459 916 1505 et
965 1466 1067 1503 non
1094 1448 1313 1502 comedit
1346 1465 1410 1502 ex
1457 1468 1517 1502 ea
1562 1449 1783 1520 pusillus

216 1546 353 1615 (Job.
376 1559 527 1603 xxxi.
558 1541 668 1614 16).
699 1541 868 1612 Igitur
911 1554 979 1594 ne
1003 1537 1334 1609 multiloquio
1367 1539 1581 1608 impune
1610 1555 1668 1595 se
1694 1555 1783 1595 va-

213 1652 328 1691 care
360 1650 525 1706 posse
544 1634 669 1704 quis
702 1641 872 1703 putet,
899 1630 1079 1684 audiat
1102 1629 1243 1700 quod
1283 1629 1562 1684 Psalmista
1590 1630 1735 1685 canit
1760 1648 1777 1687 :

215 1727 336 1794 Qui:
361 1736 437 1782 est
463 1727 624 1780 homo
646 1726 736 1796 qui
759 1723 861 1778 vult
890 1724 1046 1776 vitam
1072 1761 1089 1787 ,
1136 1720 1304 1792 diligit
1344 1721 1453 1775 dies
1499 1722 1667 1798 cidere
1693 1721 1782 1775 bo-
1808 1712 1855 1771 B

210 1814 612 1873 nos?Coerceat
647 1814 875 1884 linguam
922 1828 1074 1865 suam
1121 1827 1153 1864 a
1186 1809 1354 1877 malo,
1397 1820 1445 1865 et
1478 1810 1619 1865 labia
1665 1813 1800 1888 ejus'

210 1923 268 1960 ne
288 1905 583 1977 loquantur
609 1903 807 1958 dolum.
826 1902 1056 1955 Divertat
1077 1919 1109 1955 a
1130 1900 1268 1955 malo
1302 1911 1349 1955 et
1394 1902 1558 1973 faciat
1592 1901 1778 1956 bonum

210 1995 379 2067 (Psal.
404 2010 602 2060 xnm,
631 1993 737 2067 13).
772 1992 919 2046 Multi
954 2006 1143 2062 nempe
1168 2000 1388 2062 propter
1410 1992 1527 2047 dies
1573 1992 1777 2056 malos,

209 2104 341 2159 quos
379 2087 606 2141 fallente
634 2086 819 2139 mundi
868 2098 1050 2138 amore
1078 2091 1264 2153 putant
1300 2098 1418 2159 esse
1440 2084 1631 2147 bonos.
1659 2097 1781 2154 pcr-

208 2154 335 2234 dunt
359 2177 475 2232 dies
501 2177 670 2232 bonos
692 2183 943 2240 :eternos,
974 2173 1061 2228 ubi
1096 2181 1180 2228 est
1214 2154 1421 2227 summa
1452 2172 1698 2240 felicitas,
1725 2182 1780 2230 et

204 2271 447 2342 perpetui
472 2270 656 2341 gaudii
689 2267 1066 2323 inenarrabilis
1092 2266 1386 2322 beatitudo.
1774 2332 1785 2339 η

266 2362 371 2417 Est
388 2372 445 2417 et
472 2359 617 2415 aliud
643 2362 697 2415 in
721 2359 1021 2415 Christiana
1052 2358 1307 2429 religione
1330 2371 1521 2424 magna
1549 2355 1778 2410 admira-

205 2454 348 2508 tione
369 2453 612 2524 dignum,
637 2467 704 2508 eo
746 2451 887 2521 quod
920 2450 1067 2522 leges
1108 2452 1377 2515 humanae,
1400 2465 1519 2519 qua:
1545 2438 1794 2519 plerum!

204 2560 301 2615 que
329 2558 563 2613 peccare
587 2540 888 2597 volentibus
911 2550 1169 2595 terrorem
1200 2539 1378 2610 potius
1397 2540 1555 2608 quam
1577 2536 1777 2592 Christi

203 2643 470 2705 praecepta
507 2633 812 2696 incutiunt,
848 2630 1104 2699 majorem
1135 2630 1242 2684 vim
1271 2643 1432 2700 quam
1458 2627 1651 2681 divinae
1680 2628 1777 2681 ha-

204 2722 332 2778 bere
364 2723 669 2786 videantur,
687 2736 808 2776 cum
837 2722 1023 2791 utique
1044 2719 1145 2774 illa:
1174 2718 1274 2775 sibi
1296 2725 1572 2789 parentes,
1595 2733 1624 2772 a
1648 2724 1777 2771 tem-

202 2811 396 2882 porali,
428 2813 513 2867 ha:
561 2826 778 2881 quoque
821 2811 889 2865 ab
926 2818 1125 2867 :cterna
1155 2809 1387 2864 liberent
1424 2821 1606 2878 paena.
1642 2806 1775 2862 Cum

202 2903 347 2955 enim
370 2901 641 2972 quispiam
677 2902 835 2972 regiae
882 2910 975 2953 aut
1016 2898 1306 2969 imperialis
1342 2898 1617 2969 dignitatis
1661 2884 1795 2966 api--

202 3008 325 3046 cem
350 2999 561 3055 tenens,
594 2989 904 3045 mortalibus
957 2988 1331 3059 temporaliter
1368 2988 1656 3058 imperans,
1680 2988 1777 3041 ali-

203 3084 348 3154 quod
372 3083 607 3137 edictum
632 3082 901 3152 preponit,
932 3056 1127 3151 quoda
1150 3079 1247 3135 sibi
1275 3056 1503 3136 subditis
1523 3090 1578 3135 et
1604 3079 1774 3135 audiri
1803 3056 1848 3119 Ο

202 3174 527 3245 diligenter,
576 3185 634 3227 et
688 3171 895 3242 impleri
933 3170 1158 3226 fideliter
1199 3169 1567 3241 sagaciterque
1608 3169 1807 3235 velit,*

201 3269 351 3337 quis,
381 3282 533 3337 rogo,
558 3250 896 3339 subditorum
946 3279 1051 3319 non
1080 3264 1347 3319 inhianter
1385 3262 1439 3318 id
1473 3263 1677 3327 audire,
1707 3263 1775 3318 il-

202 3356 416 3425 liusque
457 3355 789 3423 jussionibus
811 3352 1039 3409 ﬁdeliter
1063 3353 1326 3409 accelerat
1358 3354 1777 3424 obtemperare?

202 3445 341 3512 Quis
367 3446 419 3499 in
447 3452 649 3499 tantam
675 3460 803 3499 vero
831 3444 1107 3498 audaciam
1155 3458 1504 3515 prorumpere
1544 3443 1779 3500 audeat?

201 3536 339 3602 Quis
377 3535 429 3589 id
458 3533 564 3589 nisi
608 3534 676 3588 ad
717 3534 801 3589 sui
848 3533 1136 3588 discrimen
1179 3541 1521 3588 contemnere
1570 3547 1774 3603 prmsu-

202 3628 356 3682 mat?
382 3624 516 3681 Cum
547 3627 665 3680 haec
686 3626 880 3696 quippe
901 3626 1042 3690 dico,
1068 3635 1253 3695 stupor
1288 3634 1342 3680 et
1373 3616 1657 3680 ineﬂ'abilis
1683 3624 1777 3679 ad-

202 3717 423 3772 miratio
454 3717 691 3795 gignitur
733 3716 785 3770 in
829 3716 1006 3771 animo
1051 3731 1209 3771 meo:
1248 3714 1491 3771 homines
1536 3713 1776 3770 condunt

201 3809 388 3879 leges,
456 3816 513 3863 et
553 3823 584 3861 a
645 3804 873 3861 subditis
923 3807 1332 3861 custodiuntur:
1366 3805 1507 3860 Deus
1565 3812 1777 3860 creator

201 3899 446 3955 omnium
482 3895 813 3952 aeternaliter
845 3896 1131 3966 imperans,
1164 3895 1255 3966 qui
1283 3903 1467 3951 nostro
1492 3903 1776 3966 augmento

200 4008 312 4045 non
345 3990 567 4053 crescit,
589 4002 690 4043 nec
714 3997 901 4043 nostro
921 3988 1237 4043 detrimento
1261 3987 1544 4051 decrescit,
1591 3988 1643 4041 in
1682 4002 1778 4042 cu-

195 4097 290 4151 ius
317 4095 483 4134 manu
506 4080 581 4134 ita
603 4093 789 4134 sumus
812 4078 965 4148 quasi
992 4077 1159 4132 lutum
1175 4078 1230 4132 in
1252 4093 1411 4131 manu
1440 4076 1602 4149 ﬁguli,
1629 4077 1777 4132 dedit

201 4173 271 4226 ob
301 4169 531 4225 salutem
555 4168 857 4222 animarum
891 4167 1273 4237 capescendam
1305 4166 1569 4236 legem,et
1586 4166 1774 4223 audire

201 4259 600 4320 contemnitur;
628 4264 682 4312 et
701 4257 749 4312 si
773 4270 905 4312 aure
926 4256 1164 4326 corporis
1190 4241 1424 4322 auditur,
1444 4270 1573 4311 aure
1599 4254 1776 4312 cordis

1888 456 2025 509 mitis
2046 472 2161 510 sum
2187 465 2235 510 et
2263 456 2471 510 humilis
2498 458 2671 520 corde.
2706 469 2753 512 et
2786 458 3048 513 invenietis
3073 461 3293 530 requiem
3320 462 3437 514 ani-

1884 546 2065 599 mabus
2092 547 2271 600 vestris
2295 559 2314 597 :
2339 547 2526 617 jugum
2548 548 2679 601 enim
2706 564 2874 602 meum
2907 565 3063 621 suave
3105 559 3179 604 est
3217 558 3264 603 et
3305 567 3435 605 onus

1884 634 2061 690 meum
2074 632 2179 691 leve
2195 635 2406 710 (Matth.
2430 637 2730 708 x1,28-30).
2759 639 2824 693 Et
2838 640 3017 695 venire
3043 640 3108 694 ad
3134 639 3291 695 talem
3311 647 3432 694 tan-

1882 737 2103 797 tumque
2128 737 2423 793 vocantem,
2453 738 2507 783 et
2529 727 2596 781 ab
2622 743 2687 782 eo
2709 729 3085 793 humilitatem,
3112 737 3169 785 et
3188 744 3432 784 mansue-

1884 812 2122 872 tudinem
2144 818 2368 884 discere,
2407 817 2625 888 ejusque
2640 818 2823 889 jugum
2850 820 3117 889 suscipere
3138 828 3430 874 recusatur.

1883 907 1995 963 Hoc
2032 909 2121 978 qui
2151 909 2370 973 faciunt,
2390 909 2518 978 quid
2560 909 2704 964 aliud
2745 907 2977 973 faciunt,
3032 907 3133 964 nisi
3180 924 3212 962 a
3253 908 3437 962 Isalute

1880 1000 2095 1069 propria
2124 1000 2419 1055 delicium?
2453 998 2601 1066 Quod
2630 1014 2788 1069 quam
2821 999 3121 1054 miserabile
3146 1008 3202 1053 et
3237 999 3430 1053 exitia-

1881 1088 1988 1144 bile
2009 1089 2080 1144 sit
2103 1089 2355 1158 explicari
2380 1104 2486 1143 non
2513 1098 2704 1159 potest.
2899 1104 2908 1114 ·
3074 1106 3085 1119 ~
3241 1072 3255 1087 ⁸

1950 1179 2343 1236 Providendum
2372 1186 2457 1236 est
2490 1197 2618 1252 ergo
2646 1181 2897 1236 omnibus
2922 1180 3182 1245 ﬁdelibus,
3215 1188 3275 1235 ut
3301 1181 3435 1235 divi-

1880 1271 1967 1326 nis
1987 1271 2194 1342 legibus
2215 1272 2490 1334 humanas,
2510 1280 2566 1326 et
2583 1272 2759 1327 divino
2776 1270 2943 1326 amori
2970 1271 3150 1326 mundi
3175 1286 3278 1323 non
3299 1285 3434 1338 prat-

1880 1369 2086 1432 ponant
2121 1376 2380 1416 amorem.
2410 1362 2751 1430 Amatoribus
2776 1376 3005 1430 namque
3034 1360 3213 1415 mundi
3242 1360 3349 1413 lata
3382 1367 3438 1413 et

1880 1453 2115 1523 spatiosa
2152 1452 2239 1507 via
2260 1460 2362 1516 est,
2391 1467 2508 1521 qua:
2542 1452 2689 1507 ducit
2718 1452 2783 1507 ad
2815 1459 3042 1506 mortem
3071 1468 3084 1503 :
3108 1450 3433 1505 amatoribus

1880 1560 2008 1599 vero
2036 1543 2257 1608 Christi,
2295 1554 2443 1598 arcta
2467 1553 2523 1597 et
2548 1534 2775 1612 angusta
2798 1541 2883 1596 via
2922 1550 3025 1608 est,
3055 1557 3173 1611 qua:
3198 1542 3344 1596 ducit
3366 1541 3432 1595 ad
3526 1550 3529 1555 '

1878 1637 2064 1691 vitam.
2095 1636 2309 1705 Majoris
2338 1636 2533 1705 quippe
2570 1633 2778 1689 numeri
2810 1641 2935 1687 sunt
2973 1633 3141 1707 hodie.
3165 1632 3219 1687 in
3254 1632 3449 1715 Eccle-p

1881 1726 1980 1792 sia,
2009 1726 2147 1796 quod
2176 1725 2332 1779 valde
2362 1724 2582 1795 lugubre
2619 1731 2721 1787 est,
2763 1722 2853 1792 qui
2884 1738 2979 1792 per
3003 1721 3169 1777 latam
3211 1731 3266 1777 et
3304 1738 3430 1792 spa-

1881 1819 2071 1873 tiosam
2125 1819 2300 1884 viam,
2346 1834 2464 1888 qua:
2514 1818 2660 1874 ducit
2706 1817 2772 1872 ad
2820 1824 3079 1880 mortem,
3127 1814 3428 1873 ambulare.

1880 1925 2039 1980 quam
2062 1911 2149 1980 qui
2177 1925 2274 1980 per
2302 1920 2504 1963 arctam
2553 1916 2605 1962 et
2647 1915 2925 1977 angustam
2952 1905 3116 1969 viam,
3140 1920 3258 1974 quae
3288 1904 3434 1958 ducit
3527 1938 3534 1945 η

1880 1993 1947 2057 ad
1992 2005 2174 2069 vitam,
2220 1988 2546 2064 contendant
2585 2002 2805 2056 intrare.
2853 2000 2921 2055 Et
2965 1999 3070 2054 hoc
3110 1997 3312 2053 idcirco
3350 1995 3461 2055 til..

1878 2096 2005 2167 quia
2034 2097 2243 2151 videtur
2262 2095 2393 2150 illud
2423 2094 2699 2165 impletum
2734 2108 2853 2149 esse
2880 2094 3022 2163 quod
3056 2090 3342 2161 Apostolus
3364 2090 3432 2144 ad
3476 2109 3490 2126 ·

1880 2186 2216 2242 Timotheum
2264 2184 2630 2242 scribitzlloc
2668 2194 2839 2241 autem
2889 2184 3014 2249 scio,
3052 2183 3248 2252 inquit.
3293 2181 3431 2251 quod

1877 2274 1931 2329 iu
1961 2275 2139 2330 diebus
2167 2276 2453 2330 novissimis
2480 2275 2743 2329 instabunt
2771 2284 3000 2332 temore
3027 2272 3315 2343 periculosa
3339 2288 3356 2335 ,'
3384 2282 3429 2324 et
3457 2258 3463 2275 ’

1875 2378 2026 2419 erunt
2055 2365 2284 2420 homines
2312 2366 2504 2435 seipsos
2526 2372 2782 2429 amantes,
2809 2372 2863 2418 et
2884 2372 3076 2417 caetera
3107 2377 3227 2431 quae
3254 2361 3306 2413 in
3336 2376 3430 2415 ea-

1875 2452 1994 2508 dem
2025 2448 2365 2524 prosequitur
2400 2454 2633 2524 Epistola
2679 2453 2763 2525 (II
2801 2452 2933 2506 Tim.
2963 2467 3044 2517 ιιι,
3074 2452 3149 2523 1).
3182 2452 3248 2505 Et
3290 2450 3428 2504 idem

1877 2543 2003 2597 alibi
2030 2563 2043 2597 :
2070 2542 2261 2599 Omnes
2286 2544 2422 2598 enim
2442 2561 2537 2598 sua
2564 2552 2824 2613 quarunt,
2855 2559 2957 2595 non
2984 2556 3099 2612 quae
3123 2539 3247 2595 Jesu
3276 2539 3431 2597 Chri-

1880 2632 1947 2687 sti
1972 2631 2137 2704 (Phil.
2166 2650 2229 2697 ιι,
2267 2634 2379 2704 2|).
2418 2632 2704 2702 Perspicuc
2727 2647 2855 2688 sane
2880 2631 3253 2697 animadverti,
3288 2631 3429 2700 quod

1875 2723 2137 2794 professio
2166 2723 2472 2780 Christiana
2500 2723 2771 2778 modernis
2803 2722 3130 2792 temporibus
3171 2738 3202 2775 a
3237 2722 3427 2792 pleris-

1876 2831 1981 2889 que
2009 2832 2115 2870 non
2141 2817 2223 2871 sic
2247 2816 2437 2873 devote
2471 2830 2534 2869 ac
2565 2815 2808 2885 religiose
2841 2814 3056 2878 colitur,
3093 2814 3230 2870 sicut
3257 2830 3287 2867 a
3314 2814 3445 2882 pri--

1877 2904 1983 2959 scis
2011 2904 2287 2960 colebatur
2312 2904 2658 2960 Christianis.

1949 2990 2098 3053 lianc
2126 2999 2307 3069 itaque
2334 2997 2457 3053 fidei
2501 2996 2739 3065 regulam
2767 2996 2854 3069 (de
2894 3010 2998 3066 qua
3032 2996 3274 3068 superius
3305 2997 3444 3061 bro:

1879 3087 2035 3154 viter,
2059 3096 2115 3143 et
2155 3088 2209 3143 in
2238 3089 2548 3144 memoratis
2582 3087 2806 3144 Actibus
2845 3089 3207 3159 apostolorum
3235 3089 3437 3160 plenis-

1873 3176 2007 3246 sime
2040 3176 2245 3232 dictum
2274 3176 2377 3249 est)
2408 3164 2654 3249 apostoli,
2705 3178 2814 3233 imo
2850 3193 2948 3248 per
2975 3178 3247 3249 apostolos
3277 3178 3434 3237 Chri.

1873 3273 1989 3320 stus
2008 3264 2291 3320 tenendam
2321 3265 2565 3322 ﬁdelibus
2587 3267 2815 3322 censuit.
2848 3266 2906 3323 Si
2926 3254 3090 3339 igitui'
3112 3268 3253 3323 hanc
3274 3267 3432 3323 Chri-
3520 3278 3523 3283 '

1873 3365 1988 3412 stus
2009 3356 2210 3424 docuit,
2244 3357 2354 3413 imo
2395 3358 2520 3428 quia
2550 3357 2753 3420 docuit,
2787 3348 2999 3428 utquid
3043 3367 3122 3413 tot
3160 3361 3429 3428 tantisque

1874 3450 2351 3507 consuetudinibus
2374 3452 2442 3507 ad
2463 3459 2644 3506 votum
2665 3451 3020 3522 quorumdam
3047 3452 3273 3521 repertis
3297 3468 3419 3506 con-

1873 3544 2130 3598 temnitur
2158 3544 2181 3598 ‘l
2207 3543 2336 3612 Qua:
2381 3544 2647 3613 quamvis,
2698 3543 2809 3599 Deo
2848 3553 3136 3609 annuente,
3168 3544 3430 3599 veraciter

1871 3635 2222 3705 percipiatur,
2265 3635 2517 3706 operibus
2543 3642 2723 3690 tamen
2767 3650 2798 3691 a
2841 3635 3112 3691 nonnullis
3135 3634 3438 3693 diversissi-

1874 3726 1978 3781 mis
2007 3727 2295 3799 negligitur
2319 3727 2510 3783 modis.
2544 3727 2612 3782 Et
2641 3729 2743 3783 hoc
2770 3728 2970 3783 idcirco
2998 3727 3257 3783 accidisse
3282 3742 3425 3791 reor,

1873 3818 2001 3888 quia
2040 3817 2257 3887 irrepsit
2287 3818 2432 3873 inter
2473 3818 2732 3888 quosdam
2768 3816 2935 3871 laicos
2981 3815 3205 3871 nimium
3246 3814 3428 3883 deplo-

1873 3913 2042 3967 randa
2079 3912 2411 3968 consuetudo
2436 3930 2450 3966 :
2473 3912 2565 3981 qui
2599 3911 2786 3981 utique
2825 3910 3030 3981 legibus
3063 3908 3274 3970 divinis,
3309 3907 3428 3977 qui-

1871 4001 1973 4057 bus
1994 4017 2054 4058 se
2077 4018 2174 4073 per
2205 4002 2359 4058 (idem
2387 3990 2761 4065 subdiderunt,
2791 4016 2897 4055 non
2919 4009 2980 4055 ut
3004 4006 3213 4069 oportet
3255 4002 3428 4054 anim-

1877 4096 2140 4161 adversis,
2168 4111 2274 4151 non
2302 4095 2474 4150 solum
2502 4095 2645 4163 quod
2673 4094 2803 4149 libet
2828 4102 2883 4147 et
2924 4092 3128 4161 licitum
3173 4106 3279 4146 non
3317 4099 3421 4156 est,

1874 4185 1969 4241 sed
1995 4195 2049 4239 et
2080 4185 2131 4240 id
2158 4185 2299 4254 quod
2326 4183 2473 4248 licet,
2517 4198 2622 4239 non
2656 4191 2830 4237 tamen
2853 4182 3086 4251 expedit,
3126 4182 3295 4252 legem
3322 4181 3422 4236 sibi

1874 4274 2103 4341 faciunt;
2134 4284 2190 4329 et
2232 4267 2525 4329 secundum
2546 4272 2600 4329 id
2625 4273 2768 4342 quod
2799 4280 2977 4327 tamen
3003 4272 3210 4327 libitum
3241 4270 3419 4337 fuerit,

198 4367 311 4407 nos:
338 4350 662 4422 percipitur,
705 4363 868 4420 opere
920 4364 1028 4404 non
1061 4348 1396 4431 adimpletur.
1440 4345 1576 4414 Quid
1598 4356 1775 4401 autem

208 4440 871 4461 _#_,,AA.9A,!-DL._'-.2-_2
900 4439 1122 4461 n-_:_-
1152 4439 1339 4461 ,ΩΑ-..Α
1378 4446 1624 4461 ..ΑιΑ-..-ι
1684 4436 1769 4461 ...ηε

1876 4368 2057 4421 vivere
2100 4381 2160 4422 se
2202 4380 2360 4435 posse
2402 4363 2798 4436 inculpabiliter
2833 4358 3056 4419 credunt
3080 4379 3094 4416 :
3118 4362 3259 4432 quod
3295 4361 3421 4433 quia

199 4442 568 4497 cstationis
582 4440 874 4495 Christiani
899 4439 1127 4495 Domino
1150 4439 1342 4494 atl'erre
1378 4446 1647 4507 poterunt,
1679 4436 1771 4507 qui

201 4533 485 4588 mundana:
501 4531 637 4604 legis
650 4546 933 4585 censuram
958 4531 1027 4585 ob
1044 4529 1364 4585 mundialem
1384 4537 1584 4583 metum
1600 4527 1771 4583 susci-

200 4623 380 4692 piunt;
411 4632 468 4678 et
492 4620 629 4692 jugo
655 4620 879 4686 Christi,
908 4620 1052 4689 quod
1077 4619 1193 4675 leve
1217 4626 1272 4673 et
1301 4634 1467 4673 suave
1488 4627 1594 4682 est,
1618 4626 1674 4671 et
1698 4617 1770 4672 ad

202 4715 362 4770 vitam
387 4717 538 4770 ducit
566 4723 847 4780 teternam,
872 4713 1007 4769 colla
1035 4714 1349 4770 submittere
1379 4710 1628 4768 renuunt.
1661 4713 1773 4768 Do-.

203 4808 373 4864 minus
393 4809 558 4865 dicit:
583 4805 761 4875 Venite
770 4805 841 4861 ad
854 4822 959 4875 me,
972 4805 1058 4877 qui
1072 4804 1319 4861 laboratis
1331 4814 1378 4860 et
1394 4804 1594 4859 onerati
1606 4804 1728 4859 estis
1749 4818 1768 4856 :

342 5092 362 5121 Ι

1876 4456 1964 4512 hic
1991 4471 2090 4527 per
2133 4456 2343 4527 singula
2389 4469 2457 4509 ex
2502 4454 2734 4510 oraculis
2779 4454 2992 4519 divinis,
3022 4462 3078 4508 et
3114 4462 3420 4508 sanctorum

1873 4546 2093 4602 Patrum
2118 4547 2397 4602 sententiis
2422 4548 2705 4601 ostendere
2718 4560 2935 4617 magna:
2970 4552 3054 4603 est
3077 4544 3418 4615 prolixitatis,

1874 4638 1933 4692 in
1971 4637 2338 4707 sequentibus,
2382 4646 2542 4707 prout
2571 4637 2713 4693 Deus
2747 4651 2907 4707 posse
2949 4636 3173 4699 dederit,
3204 4617 3416 4692 dcmo'n'

1874 4728 2133 4783 strabitur
2165 4726 2428 4798 capitulis.
