4064 6190
527 273 629 332 067

940 387 2675 412 W

1592 261 1780 321 JON£
1813 259 2355 320 AURELIANENSIS
2391 239 2691 316 EPlSCOPl

3617 254 3637 307 Ι
3648 253 3717 309 68

2682 370 3713 412 --'—e—-—-—-—-I-—-—-—-’

1658 493 1754 568 LI
1772 490 1952 566 BER
2029 487 2575 566 SECUNDUS.

1021 683 1242 742 CAPUT
1281 662 1564 738 Paruum.

531 803 682 871 Quod
710 799 1008 868 conjugium
1027 814 1057 848 a
1071 794 1182 871 Dea
1208 795 1274 871 sit
1301 793 1626 871 institutum;
1651 802 1697 844 et
1714 809 1816 847 non
1832 804 1898 847 stt
1925 812 2079 864 appe-

603 861 821 924 tendum'
857 861 1014 921 causa
1063 863 1285 916 luxuria:
1303 882 1325 928 ·,
1371 862 1459 915 sed
1507 861 1783 914 liberorum
1831 861 2078 932 procrea-

599 942 732 994 tioue
763 950 812 991 α.

596 1049 728 1104 Cum
760 1047 901 1100 Deus
924 1057 1130 1115 summe
1153 1041 1346 1103 bonus,
1388 1048 1579 1094 cuncta
1611 1055 1730 1108 qua:
1753 1039 1899 1114 fecit,
1936 1040 2073 1094 bona

528 1141 636 1195 sint
661 1138 831 1201 valde,
878 1137 1085 1190 dicente
1118 1132 1397 1202 Scriptura
1423 1149 1436 1184 :
1467 1131 1530 1184 Et
1559 1131 1684 1185 vidit
1728 1130 1866 1186 Deus
1896 1142 2080 1186 cuncta

529 1247 643 1301 qua:
672 1229 813 1298 fecit,
848 1236 892 1279 et
919 1234 1064 1278 erant
1095 1222 1239 1276 valde
1265 1223 1397 1275 bona
1423 1219 1574 1292 (Gen.
1599 1237 1637 1284 ι,
1677 1220 1768 1277 '51)
1797 1236 1812 1273 :
1837 1222 2079 1290 plerique

540 1319 858 1391 quibusdam
899 1316 1056 1370 bonis
1089 1330 1118 1368 a
1165 1313 1273 1366 Deo
1303 1313 1440 1366 bono
1463 1311 1680 1374 creatis,
1721 1310 1914 1379 quibus
1944 1311 2080 1364 male

529 1418 774 1474 utuntur,
807 1408 858 1461 in
890 1405 1083 1460 malum
1121 1403 1221 1457 sibi
1247 1403 1432 1455 eadem
1473 1401 1609 1454 bona
1637 1410 1955 1454 convertere
1984 1416 2082 1454 no-

530 1509 772 1558 scuntur.
819 1493 1230 1550 Innumerabilia
1266 1491 1460 1561 quippe
1501 1499 1646 1554 sunt,
1702 1497 1756 1542 et
1795 1488 2082 1543 inell‘abilia

530 1588 648 1658 ejus
677 1591 846 1650 bona;
885 1586 1024 1639 inter
1047 1598 1165 1652 qua:
1199 1583 1397 1636 bonum
1435 1595 1554 1634 esse
1589 1577 1912 1648 coniugium,
1942 1588 1995 1633 et
2029 1579 2080 1632 in

531 1679 754 1734 exordio
784 1674 1070 1731 creationis
1113 1673 1356 1726 humanae
1399 1686 1428 1723 a
1458 1668 1569 1723 Deo
1604 1685 1722 1723 esse
1761 1669 2081 1732 institutum,

535 1786 658 1825 cum
680 1769 814 1822 liber
836 1767 1163 1820 demonstrat
1179 1760 1467 1824 Geneseos’,
1495 1760 1547 1812 in
1570 1775 1674 1828 quo
1697 1759 1888 1829 legitur
1911 1776 1924 1812 :
1953 1758 2085 1812 Pro-

530 1869 645 1930 pter
685 1856 781 1909 hac
810 1854 1059 1923 relinquet
1099 1851 1251 1904 homo
1275 1860 1474 1921 patrem
1507 1864 1660 1903 suum
1686 1859 1734 1903 et
1771 1859 2008 1913 matrem,
2036 1857 2083 1902 et

532 1949 814 2005 adhwrebit
864 1946 1017 2000 uxori
1065 1960 1214 2007 sum;
1253 1953 1299 1997 et
1345 1951 1493 1996 erunt
1525 1941 1628 1994 duo
1675 1942 1730 1994 in
1776 1957 1929 1994 carne
1978 1957 2083 1993 una

2095 692 2145 750 Α
2176 705 2192 737 ι
2228 685 2536 739 lllud'nunc
2564 682 2788 743 dicimus
2831 679 3120 735 secundum
3166 680 3322 733 istam
3366 677 3724 733 conditionem

2177 775 2426 830 nascendi
2451 783 2504 828 et
2529 771 2788 826 moriendi
2809 785 2967 840 quam
2993 770 3256 833 novimus,
3283 777 3338 822 et
3358 769 3410 821 in
3433 782 3536 836 qua
3557 769 3726 822 creati

2175 882 2380 928 sumus,
2410 864 2606 934 aliquid
2646 863 2769 918 boni
2820 876 2937 916 esse
2980 859 3282 930 coniugium
3312 861 3534 915 masculi
3571 869 3624 914 et
3655 859 3731 914 le-

2176 958 2333 1012 minm
2357 973 2370 1010 :
2398 954 2548 1023 cujus
2591 969 2650 1008 se
2677 953 3059 1008 detractionem
3082 951 3110 990 ι)
3135 951 3207 1004 ita
3235 950 3411 1003 divina
3448 948 3727 1018 Scriptura

2149 1048 2534 1109 ,commendat,
2568 1055 2626 1099 ut
2657 1061 2755 1099 nec
2784 1044 3018 1098 dimissae
3039 1059 3067 1096 a
3095 1043 3211 1096 viro
3239 1043 3440 1096 nubere
3469 1042 3626 1095 liceat
3654 1041 3729 1095 al-

2178 1137 2302 1200 teri,
2332 1136 2564 1206 quandiu
2597 1137 2676 1188 vir
2706 1135 2821 1204 eius
2855 1134 3002 1192 vivit.
3034 1149 3132 1186 nec
3154 1133 3374 1186 dimisso
3392 1133 3459 1186 ab
3487 1147 3653 1186 uxore
3673 1131 3727 1185 li-

2177 1236 2297 1282 ceat
2337 1227 2559 1280 alteram
2589 1226 2803 1285 ducere,
2834 1224 2938 1278 nisi
2970 1231 3175 1278 mortua
3219 1221 3377 1275 fuerit
3409 1237 3526 1290 quae
3556 1237 3734 1276 reces-

2179 1319 2268 1372 sit.
2307 1317 2508 1370 Bonum
2541 1331 2670 1385 ergo
2708 1315 3032 1384 coniugium,
3081 1313 3223 1382 quod
3272 1311 3433 1366 etiam
3473 1311 3732 1366 Dominus

2180 1392 2232 1463 in
2272 1406 2554 1477 Evangelio
2586 1404 2945 1468 conﬁrmavit,
2978 1418 3083 1458 non
3119 1401 3287 1456 solum
3312 1401 3434 1470 quia
3461 1399 3734 1478 prohibuit

2182 1498 2450 1552 dimittere
2478 1510 2698 1550 uxorem
2739 1495 2841 1548 nisi
2877 1501 3096 1562 excepta
3135 1506 3295 1546 causa
3341 1491 3729 1555 fornicationis,

2181 1573 2274 1640 sed
2301 1587 2478 1640 etiam
2525 1585 2648 1654 quia
2696 1584 2950 1637 invitatus
2991 1583 3056 1636 ad
3095 1583 3305 1651 nuptias
3342 1583 3505 1635 venit.
3540 1600 3558 1632 ι
3602 1580 3732 1635 Item

2184 1675 2320 1730 idem
2371 1676 2421 1728 in
2447 1676 2633 1729 eodem
2659 1689 2673 1727 :
2703 1692 2720 1724 ι
2750 1672 2858 1728 Cur
2879 1672 2949 1727 sit
2983 1672 3178 1726 bonum
3207 1671 3508 1742 coniugium
3541 1672 3734 1726 merito

2185 1766 2464 1835 quzeritur.
2510 1763 2660 1831 Quod
2689 1764 2818 1818 mibi
2863 1779 2966 1818 non
2997 1762 3206 1816 videtur
3237 1771 3455 1830 propter
3479 1761 3644 1815 solam
3673 1761 3735 1816 ﬁ-

2185 1855 2378 1910 liorum
2415 1855 2862 1924 procreationem,
2892 1854 2983 1908 sed
3009 1842 3230 1923 propter
3259 1854 3427 1923 ipsam
3456 1855 3618 1908 etiam
3649 1871 3735 1907 na-
3759 1851 3772 1864 '

2185 1945 2410 2010 turalem
2455 1945 2508 1999 in
2553 1945 2765 1999 diverso
2807 1960 2935 1998 sexu
2965 1944 3293 1998 societatem.
3339 1942 3586 2012 Alioquin
3627 1960 3733 1997 non

533 2040 694 2115 (Ibid.
724 2037 919 2102 ψει).
951 2037 1079 2090 item
1123 2035 1198 2115 ibi
1238 2033 1342 2088 :Et
1369 2033 1486 2102 fecit
1531 2032 1669 2086 Deus
1708 2031 1985 2096 hominem,
2015 2030 2084 2083 ad
2111 2047 2158 2106 Β
2179 2036 2290 2106 iam
2336 2036 2606 2090 diceretur
2645 2033 2948 2104 coniugium
2981 2034 3033 2088 in
3081 2034 3317 2098 senibus,
3355 2035 3650 2104 pra'sertim
3691 2035 3734 2088 si

511 2130 808 2200 .imaginem
833 2126 931 2180 Dei
954 2126 1070 2195 fecit
1095 2114 1212 2178 eum
1233 2137 1252 2175 :
1273 2123 1560 2177 masculum
1583 2131 1630 2176 et
1664 2121 1908 2191 feminam
1936 2137 2083 2174 crea-

533 2221 604 2274 vit
633 2235 740 2281 eos,
772 2226 818 2270 et
849 2214 1105 2269 benedixit
1157 2213 1229 2267 eis
1257 2212 1429 2266 dicens
1454 2225 1472 2263 :
1504 2210 1728 2265 Crescite
1750 2221 1799 2264 et
1837 2208 2087 2279 multipli—

531 2297 744 2370 camiﬁi,
776 2315 825 2359 et
851 2303 1037 2371 replete
1063 2313 1255 2356 terram
1287 2300 1446 2373 (Ibid.
1477 2317 1515 2366 ι,
1549 2301 1661 2371 27).
1700 2301 1766 2354 Et
1794 2299 2081 2354 Salomon:

534 2397 576 2451 Α
600 2397 728 2460 Deo,
761 2395 954 2463 inquit,
984 2375 1311 2463 prwparatiir
1338 2393 1444 2445 viro
1469 2408 1606 2446 uxor
1625 2388 1806 2464 (Prov.
1832 2407 1944 2454 nx,
1975 2388 2082 2461 Η).

534 2488 602 2543 Et
646 2487 700 2541 in
749 2483 1073 2555 Evangelio:
1102 2481 1224 2536 Non
1263 2480 1477 2552 legistis,
1511 2481 1634 2552 quia
1669 2480 1759 2552 qui
1797 2479 1985 2534 creavit
2022 2477 2086 2532 ab

485 2592 494 2603 ο
533 2576 684 2630 initio
712 2573 998 2629 masculum
1032 2581 1080 2625 et
1131 2570 1374 2637 feminam
1407 2571 1596 2624 creavit
1637 2569 1760 2624 eos?
1789 2567 1938 2634 Quod
1966 2582 2087 2636 ergo

535 2659 676 2718 Deus
715 2663 1003 2734 conjunxit,
1050 2661 1200 2714 homo
1240 2676 1340 2714 non
1381 2669 1579 2729 separet
1613 2657 1827 2731 (Matth.
1863 2674 1976 2723 nx,
2008 2657 2085 2730 6).

535 2753 601 2809 Et
623 2752 816 2824 Paulus
837 2751 903 2805 ad
925 2749 1232 2805 Corinthios
1258 2766 1272 2803 :
1297 2747 1359 2804 Si
1378 2760 1548 2804 autem
1571 2749 1826 2820 acceperis
1849 2737 2087 2815 uxorem,

536 2859 642 2897 non
667 2842 927 2912 peccasti:
943 2849 991 2894 et
1025 2842 1071 2894 si
1099 2841 1326 2910 nupserit
1343 2840 1506 2910 virgo,
1528 2856 1632 2894 non
1650 2841 1874 2910 peccavit
1895 2839 1946 2910 (Ι
1965 2839 2086 2894 Cor.

534 2948 627 2995 vn,
667 2931 779 3004 28).
826 2931 957 2986 Item
991 2931 1130 2986 idem
1183 2931 1252 2985 ad
1299 2929 1978 2996 Hebrazos:Honorabiles,
2011 2931 2100 2988 ius

473 3064 476 3067 .
535 3022 670 3091 quit,
702 3021 916 3090 nuptiae,
951 3031 997 3074 et
1039 3018 1204 3074 cubile
1228 3019 1615 3074 immaculatum
1638 3019 1826 3089 (Hebr.
1865 3036 1982 3086 χιιι,
2011 3020 2086 3094 4).

534 3109 686 3176 Quod
716 3117 894 3163 autem
919 3108 964 3163 si
1006 3124 1167 3164 causa
1203 3108 1460 3176 libidinis,
1490 3118 1545 3165 et
1577 3126 1681 3165 non
1709 3112 1888 3181 potius
1908 3111 2089 3167 fructu

537 3199 842 3272 propaginis
893 3207 1208 3270 appetatur,
1263 3208 1469 3254 tantum
1523 3199 1720 3256 bonum
1773 3202 1826 3256 in
1879 3203 2087 3274 culpam

536 3297 903 3351 convertatur,
934 3289 1102 3344 habes
1130 3289 1183 3344 in
1211 3289 1346 3344 libro
1376 3290 1518 3344 beati
1543 3290 1825 3362 Augustini
1851 3293 1915 3348 de
1944 3293 2090 3350 Bono

541 3377 807 3449 coniugali
831 3376 982 3449 (Cap.
1011 3378 1097 3450 t9)
1124 3393 1139 3433 :
1173 3397 1192 3430 ε
1221 3379 1425 3434 Bonum
1451 3395 1598 3452 ergo,
1627 3382 1816 3452 inquit,
1846 3392 1971 3438 sunt
1996 3401 2094 3440 nu-

536 3469 680 3540 ptius,
704 3470 755 3523 in
777 3469 968 3539 quibus
986 3477 1133 3525 tanto
1161 3470 1404 3526 meliores
1429 3483 1550 3528 sunt
1572 3471 1862 3547 coniugati,
1891 3484 2090 3545 quanto

534 3559 797 3614 castiores
823 3575 888 3614 ac
935 3559 1219 3628 ﬁdeliores,
1248 3563 1292 3617 si
1319 3564 1484 3619 Deum
1529 3565 1740 3631 timent,
1787 3569 2020 3622 maxime
2045 3568 2089 3623 si

537 3648 696 3713 ﬁlios,
728 3664 860 3718 quos
895 3649 1191 3713 carnaliter,
1212 3651 1536 3719 desiderant,
1585 3655 1745 3709 etiam
1777 3657 2092 3726 Spiritaliter

537 3739 800 3793 nutriant.
837 3759 856 3790 ι
905 3738 1038 3793 Item
1077 3740 1218 3794 idem
1265 3744 1320 3795 in
1358 3743 1543 3797 eodem
1577 3743 1724 3814 (Cap.
1753 3745 1806 3816 9)
1843 3763 1855 3798 :
1895 3762 1914 3796 ι
1949 3745 2090 3802 Sane

536 3831 820 3896 videndum
862 3838 945 3886 est
995 3831 1099 3885 alia
1145 3833 1284 3887 bona
1337 3834 1490 3889 nobis
1534 3835 1703 3890 Deum
1753 3837 1914 3899 dare,
1972 3852 2090 3906 qua:

534 3930 753 3992 propter
799 3921 973 3990 seipsa
1013 3924 1306 3992 expetenda
1343 3933 1488 3989 sunt,
1517 3927 1658 3981 sicut
1696 3928 1976 3997 sapientia,
2005 3944 2090 3983 sa-

534 4011 642 4076 lus,
681 4013 952 4079 amicitia;
994 4015 1094 4070 alia
1126 4031 1244 4085 quae
1267 4025 1488 4087 propter
1525 4018 1728 4089 aliquid
1753 4028 1877 4074 sunt
1906 4035 2092 4078 neces-

535 4104 697 4167 saria,
727 4103 866 4162 sicut
895 4105 1158 4172 doctrina,
1189 4108 1360 4174 cibus,
1410 4118 1587 4178 potus,
1633 4125 1871 4176 somnus,
1897 4108 2088 4182 conju-

537 4193 704 4264 gium,
732 4195 1068 4250 concubitus.
1101 4195 1302 4251 Horum
1327 4198 1469 4252 enim
1485 4200 1729 4273 quamam
1755 4209 1882 4255 sunt
1903 4217 2089 4257 neces-

535 4287 678 4340 saria
707 4274 927 4355 propter
964 4287 1302 4356 sapientiam,
1352 4287 1492 4342 sicut
1533 4289 1809 4355 doctrina;
1839 4292 2086 4360 qumdam

534 4382 752 4443 propter
781 4375 1028 4439 salutem,
1069 4375 1207 4428 sicut
1241 4375 1415 4439 cibus,
1445 4385 1621 4446 potus,
1657 4393 1910 4443 somnus;
1939 4396 2085 4448 qua:-

535 4464 654 4516 dam
697 4472 915 4534 propter
947 4464 1260 4529 amicitiam,
1301 4465 1439 4519 sicut
1465 4467 1680 4534 nuptiae,
1727 4467 1810 4520 vel
1843 4469 2091 4524 concubi-

535 4561 637 4606 tus.
667 4553 801 4608 llinc
829 4553 971 4607 enim
1000 4555 1243 4609 subsistit
1270 4556 1583 4626 propagatio
1608 4559 1817 4627 generis
1844 4557 2084 4625 humani,

536 4641 587 4694 in
626 4658 732 4711 quo
761 4643 991 4697 societas
1035 4643 1271 4699 amicalis
1313 4659 1560 4714 magnum
1607 4646 1804 4700 bonum
1847 4654 1949 4702 est.
1993 4645 2085 4704 His
2138 4672 2141 4675 ·

2185 2127 2266 2182 vel
2301 2128 2608 2182 amisissent
2651 2127 2809 2192 ﬁlios,
2838 2127 2921 2182 vel
2965 2127 3185 2182 minime
3229 2129 3552 2198 genuissent.
3586 2128 3736 2184 Nunc

2183 2229 2311 2269 vero
2346 2215 2400 2268 in
2431 2215 2592 2280 bono,
2621 2214 2747 2269 licet
2787 2213 2986 2269 annoso
3029 2210 3294 2287 coniugio,
3343 2216 3444 2271 etsi
3479 2218 3738 2272 emarcuit

2185 2306 2347 2360 ardor
2385 2306 2648 2372 castitatis
2691 2307 3165 2376 intermasculum
3191 2317 3245 2362 et
3281 2306 3554 2374 feminam,
3594 2309 3738 2379 viget

2185 2403 2362 2451 tamen
2405 2397 2537 2452 ordo
2562 2397 2845 2453 charitatis
2871 2399 3012 2453 inter
3043 2399 3216 2454 virum
3242 2409 3295 2454 et
3319 2415 3540 2454 uxorem
3566 2417 3580 2454 :
3613 2401 3735 2469 quia

2186 2499 2386 2561 quanto
2411 2491 2657 2546 meliores
2678 2499 2822 2556 sunt,
2851 2499 3000 2547 tanto
3023 2493 3284 2548 maturius
3310 2509 3338 2547 a
3368 2494 3737 2548 commistione

2186 2581 2365 2637 carnis
2405 2597 2513 2636 suae
2553 2581 2669 2651 pari
2698 2597 2960 2638 consensu
3003 2599 3062 2638 se
3105 2583 3379 2639 continere
3419 2594 3732 2654 coeperunt;

2186 2690 2293 2731 non
2319 2683 2378 2729 ut
2403 2675 2736 2730 necessitatis
2775 2685 2919 2730 esset
2945 2686 3131 2746 postea
3158 2692 3262 2730 non
3290 2677 3447 2748 pbsse
3471 2679 3611 2747 quod
3632 2677 3739 2733 vel-

2187 2765 2320 2832 lent,
2362 2767 2454 2822 sed
2499 2775 2558 2820 ut
2609 2767 2782 2822 laudis
2809 2776 2951 2823 esset
2991 2769 3140 2838 prius
3168 2768 3399 2823 noluisse
3425 2769 3566 2837 quod
3611 2784 3746 2839 pos.-,

2187 2867 2324 2930 sent.
2359 2879 2378 2912 ι
2413 2857 2613 2914 Scribit
2634 2860 2794 2914 etiam
2824 2859 2962 2914 idem
2990 2861 3178 2916 beatus
3201 2859 3527 2930 Augustinus
3552 2861 3617 2916 ad
3641 2851 3744 2915 Val

2188 2947 2378 3004 lerium
2403 2949 2652 3004 comitem
2677 2959 2699 2988 ο
2727 2967 2740 3002 :
2771 2967 2792 3001 ι
2819 2947 3096 3020 COpulatio
3133 2951 3298 3006 maris
3325 2958 3380 3024 et
3399 2951 3608 3007 leminze
3644 2968 3738 3024 ge-

2185 3032 2409 3112 nerandi
2444 3054 2605 3093 causa
2647 3038 2843 3094 bonum
2883 3048 2966 3095 est
2992 3039 3234 3096 naturale
3275 3041 3578 3111 nuptiarum
3606 3059 3621 3107 ;
3648 3044 3741 3097 sed

2189 3129 2292 3183 isto
2329 3130 2470 3184 bono
2497 3129 2634 3184 male
2658 3129 2847 3195 utitur,
2891 3130 2982 3200 qui
3020 3129 3312 3186 bestialiter
3368 3132 3556 3195 utitur,
3585 3142 3644 3186 ut
3673 3134 3742 3187 sit

2188 3213 2303 3290 eius
2332 3219 2556 3274 intentio
2582 3220 2636 3274 in
2662 3220 2932 3289 voluptate
2958 3220 3212 3286 libidinis,
3240 3237 3346 3276 non
3377 3221 3432 3276 in
3461 3222 3743 3278 voluntate

2189 3313 2514 3386 propaginis.
2547 3330 2568 3364 ›
2599 3311 2664 3366 Ει
2692 3311 2850 3382 paulo
2872 3320 3025 3382 post:
3059 3331 3076 3362 ι
3103 3312 3303 3368 .Verum
3347 3313 3488 3382 quod
3530 3313 3636 3366 dixi
3674 3314 3739 3366 ad

2118 3392 2161 3454 (Σ
2191 3417 2437 3464 naturam
2484 3406 2752 3476 pertinere
2791 3407 3114 3476 nuptiarum,
3165 3416 3224 3461 ut
3268 3409 3535 3463 masculus
3569 3418 3625 3463 et
3667 3408 3743 3462 fe-

2191 3497 2336 3552 mina
2371 3495 2658 3567 generandi
2686 3496 2940 3551 societate
2960 3496 3274 3566 iungantur,
3312 3506 3367 3552 et
3395 3498 3468 3552 ita
3515 3498 3742 3552 invicem

2187 3601 2294 3639 non
2344 3584 2612 3650 fraudem,
2661 3585 2798 3639 sicut
2850 3589 3023 3642 omnis
3071 3589 3298 3642 societas
3345 3577 3740 3643 fraudulentum

2189 3678 2391 3732 socium
2429 3677 2744 3732 naturaliter
2783 3679 2893 3748 pati
2921 3695 3027 3734 non
3063 3679 3209 3734 vult:
3236 3681 3337 3736 hoc
3381 3691 3484 3734 tam
3523 3682 3744 3757 evidens

2187 3767 2410 3833 bonum,
2441 3783 2562 3823 cum
2594 3766 2835 3822 inﬁdeles
2865 3768 3084 3835 habent,
3112 3772 3236 3841 quia
3276 3765 3559 3828 inﬁdeliter
3585 3783 3745 3827 utun-

2188 3865 2294 3919 tur,
2359 3856 2412 3909 in
2470 3855 2669 3910 malum
2722 3866 3107 3930 peccatumque
3147 3871 3483 3916 convertunt.
3515 3882 3534 3914 ι
3597 3863 3741 3946 Idem

2187 3954 2307 4021 post
2345 3961 2514 4015 pauca
2561 3944 2710 4016 (Cap.
2740 3947 2793 4018 7)
2824 3965 2836 4000 :
2868 3965 2886 3996 ι
2918 3947 3148 4005 Proinde
3184 3952 3378 4020 nuptias
3421 3952 3544 4020 quia
3578 3944 3739 4007 etiam
3785 3965 3787 3968 ‘

2187 4038 2252 4092 de
2287 4037 2375 4090 illo
2412 4037 2550 4093 malo
2585 4037 2785 4106 aliquid
2823 4037 2948 4092 boni
2993 4037 3208 4100 faciunt.
3252 4040 3575 4111 gloriantur;
3615 4043 3740 4111 quia

2185 4141 2314 4180 vero
2341 4127 2455 4181 sine
2483 4127 2572 4181 illo
2609 4127 2723 4182 ﬁeri
2748 4143 2853 4182 non
2878 4137 3072 4196 potest,
3099 4129 3424 4184 erubescunt
3448 4149 3461 4184 :
3489 4141 3738 4201 tanquam

2187 4217 2230 4272 si
2267 4202 2528 4286 quispiam
2570 4217 2704 4286 pede
2747 4217 2935 4273 vitiato
2983 4219 3046 4273 ad
3093 4219 3305 4290 aliquod
3348 4221 3543 4276 bonum
3579 4223 3738 4276 etiam

2187 4305 2536 4361 claudicando
2579 4308 2906 4376 perveniat;,
2935 4323 3035 4364 nec
3078 4317 3295 4377 propter
3335 4310 3739 4365 claudicationis

2185 4395 2384 4450 malum
2423 4392 2560 4448 mala
2587 4405 2670 4450 est
2700 4396 2785 4450 illa
2809 4397 3107 4466 perventio,
3143 4412 3242 4451 nec
3274 4408 3492 4468 propter
3517 4415 3741 4468 perven-

2187 4485 2347 4539 tionis
2385 4487 2607 4549 bonum,“
2636 4487 2774 4540 bona
2805 4496 2890 4541 est
2926 4487 3263 4542 claudicatio.
3293 4489 3365 4542 ita
3397 4506 3496 4544 nec
3523 4499 3742 4559 propter

2186 4573 2420 4630 libidinis
2447 4577 2667 4639 malum,
2715 4579 2926 4646 nuptias
2954 4578 3340 4644 condemnare;
3392 4595 3492 4634 nec
3522 4589 3740 4650 pr0pter

2186 4665 2491 4735 nuptiarum
2517 4657 2732 4730 bonum,
2768 4666 3042 4722 libidinem
3069 4667 3286 4722 laudare
3310 4670 3583 4724 debemus.
3617 4690 3636 4722 ι

535 4731 712 4800 “aqua
738 4730 916 4798 bonis:
947 4747 1065 4801 (Ιυεε
1093 4742 1312 4802 Propter
1339 4733 1440 4787 alia
1472 4736 1774 4790 necessaria
1815 4746 1959 4802 ευηῐ»
1992 4739 2083 4807 (lui
2110 4727 2161 4786 Β
2213 4757 2218 4762 ’
2257 4727 2491 4810 lsidorus
2545 4771 2598 4810 In
2623 4727 2758 4809 libro
2777 4755 2803 4794 τι
2828 4755 3132 4811 Olliciorum
3158 4776 3172 4812 :
3211 4778 3228 4808 ι
3257 4757 3438 4813 lllmsa:
3467 4769 3609 4821 sunt,
3655 4759 3738 4814 in-

532 4838 639 4876 non
666 4823 734 4877 ad
761 4823 864 4877 hoc
884 4824 1073 4888 utitur,
1102 4826 1320 4894 propter
1338 4825 1478 4894 quod
1508 4825 1755 4880 instituta
1784 4835 1927 4890 sunt,
1956 4843 2084 4897 pec-

531 4923 622 4967 cat
640 4913 774 4968 alias
796 4914 1094 4978 venialiter,
1117 4914 1250 4970 alias
1269 4915 1660 4971 damnabiliter.
1683 4916 1938 4986 Quisquis
1958 4934 2086 4974 vero

529 5006 611 5060 eis
639 5013 857 5075 propter
881 5005 982 5060 hoc
1012 5007 1196 5072 utitur,
1219 5016 1438 5078 propter
1463 5008 1603 5078 quod
1633 5009 1754 5064 data
1781 5020 1923 5077 sunt,
1950 5013 2086 5066 bene

532 5095 680 5151 fau’t.
717 5095 813 5150 Cui
846 5111 978 5166 ergo,
1002 5112 1107 5152 non
1148 5106 1273 5152 sunt
1304 5100 1703 5164 necessaria,.si
1740 5115 1846 5155 non
1872 5102 1951 5156 eis
1974 5103 2083 5156 uti-

531 5193 638 5253 tur,
684 5185 873 5241 melius
913 5184 1063 5240 facit.
1096 5206 1116 5239 ι
1147 5187 1277 5242 Item
1311 5187 1450 5243 idem
1493 5189 1545 5242 in
1584 5190 1772 5245 eodem
1795 5189 1944 5262 (Cap.
1975 5192 2030 5263 5)
2063 5211 2076 5246 :

603 5291 950 5368 {Liberorum
990 5295 1361 5368 pulcer-caligine.
1419 5295 1486 5352 Ut
1515 5297 1568 5350 in
1611 5297 1786 5368 indice
1823 5301 2089 5368 capitum,

533 5360 607 5436 ita
635 5361 720 5417 hic
741 5362 792 5416 in
819 5360 1002 5436 codice
1029 5362 1181 5436 Cla_r._
1202 5365 1427 5436 additur,
1459 5367 1660 5436 etquod
1684 5360 1930 5422 bonorum
1959 5360 2080 5423 con;

524 5429 829 5507 jugatorum
854 5435 954 5507 vita
978 5449 1070 5507 per
1093 5431 1192 5486 Job
1217 5433 1281 5486 sit
1303 5429 1617 5507 signiﬁcata,
1659 5439 1798 5505 quod
1828 5440 1879 5491 in
1913 5440 2078 5507 priori

535 5492 764 5553 editione
794 5501 930 5576 haud
946 5492 1146 5576 mirum
1158 5511 1256 5576 est
1281 5492 1510 5576 defuisse
1533 5523 1546 5576 ς
1579 5492 1773 5576 quippe
1791 5492 2082 5575 qum-ador;

536 5575 659 5644 nata
686 5571 865 5644 estad
890 5570 1046 5625 ﬁdem
1073 5572 1291 5644 codicis,
1319 5574 1371 5627 in
1394 5588 1498 5642 quo
1516 5570 1915 5630 desiderabatur
1927 5577 2078 5644 quid-

533 5637 661 5704 quid
687 5637 752 5692 de
772 5636 903 5695 Jobo
926 5642 1241 5714 exscripturi
1270 5636 1452 5699 sumus
1476 5660 1541 5699 ex
1562 5646 1746 5702 codice
1773 5636 2001 5702 Claram.

2186 4845 2322 4914 quit,
2350 4855 2500 4899 certe
2543 4846 2760 4915 nuptiae,
2791 4863 2909 4916 quae
2936 4847 2988 4901 in
3020 4849 3268 4919 coniugio
3296 4867 3398 4904 non
3439 4851 3736 4917 libidinem,

2186 4935 2279 4989 sed
2303 4934 2506 5004 prolem
2555 4945 2872 5006 requirunt;
2923 4954 3095 5008 neque
3157 4941 3297 4993 enim
3351 4940 3429 4994 sic
3482 4923 3740 4996 instituta;-

2185 5031 2332 5086 sunt,
2358 5031 2414 5076 ut
2443 5022 2624 5078 carnis
2655 5025 3016 5100 voluptatibus
3035 5027 3288 5094 serviant,
3313 5028 3405 5082 sed
3443 5037 3649 5083 tantum
3680 5037 3740 5085 ut

2183 5110 2414 5166 fructum
2451 5113 2760 5183 pr0paginis
2793 5126 3054 5184 qumrant.
3101 5115 3232 5171 Nam
3277 5125 3336 5171 ut
3366 5117 3492 5188 ipsa:
3531 5119 3738 5176 dotales

2183 5199 2376 5255 tabula:
2418 5201 2676 5267 indicant,
2728 5218 2891 5259 causa
2945 5205 3394 5275 procreandorum
3447 5207 3738 5264 liberorum

2255 5310 2470 5400 litiujus
2508 5330 2562 5367 se
2609 5315 3017 5400 detractionem.‘
3044 5317 3304 5400 A‘cberius
3334 5319 3448 5392 hoc
3483 5317 3601 5400 loco
3633 5318 3736 5400 legi

2181 5392 2429 5458 oportere
2471 5393 2672 5458 censet,
2708 5387 2857 5458 cujus
2891 5387 3371 5456 confmderationem
3394 5402 3413 5440 :
3437 5388 3575 5458 quod
3615 5387 3736 5458 qui-

2180 5451 2299 5505 dem
2309 5467 2449 5527 _non_
2469 5453 2714 5527 displicet
2741 5451 2897 5510 modo
2920 5451 3188 5511 scribatur
3211 5475 3454 5527 quorum.

2257 5531 2280 5597 «ξ
2304 5521 2381 5597 pe
2409 5521 2566 5591 Nupt.
2598 5531 2651 5576 et
2676 5522 2909 5597 Concup.
2942 5541 3058 5597 cap.
3081 5527 3132 5582 4.

2255 5589 2280 5629 ά
2306 5590 2421 5646 Lib.
2453 5589 2512 5658 ιι)
2543 5607 2658 5662 cap.
2691 5594 2773 5649 £9.
