4064 6190
382 342 483 398 169

1371 338 1458 393 DE
1491 336 1971 393 INSTITUTIONE
2011 332 2296 389 LAICALI.
2330 363 2387 373 —
2422 332 2545 387 LIB.
2582 333 2647 387 ll.

3508 333 3606 386 I70

376 455 597 511 ducitur
622 444 772 508 uxor.
821 452 1044 518 Quando
1085 466 1214 522 ergo
1240 451 1465 521 quisque
1504 450 1775 504 luxuriose
1810 448 1941 501 vivit
1968 454 2017 509 Α
2043 446 2098 499 in
2138 460 2266 518 agro
2291 446 2718 514 prmpositorum,
2739 452 2800 505 in
2825 445 3030 500 duabus
3056 459 3181 500 vero
3204 445 3527 503 molentibus
3554 449 3605 503 in

375 548 627 616 amplius,
658 561 815 614 quam
846 546 1137 600 necessitas
1165 544 1616 614 procreandorum
1653 542 1941 596 liberorum

376 638 543 705 cogit,
571 633 685 702 iam
714 645 991 703 peccatum
1023 641 1126 689 est.
1159 654 1177 686 ι
1211 633 1358 688 Bona
1406 634 1571 704 igitur
1609 643 1734 688 sunt
1757 633 1944 702 coniu-

376 724 487 793 gia,
525 724 622 777 sed
666 723 807 776 bono
837 721 1081 793 virginali
1109 731 1164 778 et
1206 723 1549 777 continentia:
1584 722 1784 777 viduali
1834 736 1942 777 non

377 826 504 871 sunt
536 817 879 884 comquanda.
925 815 1015 868 Ait
1053 824 1231 869 autem
1271 814 1507 870 Isidorus
1549 815 1602 868 in
1650 813 1841 869 eodem
1881 813 1945 867 li-

376 905 559 960 bello:
595 922 613 955 ι
643 904 899 978 coniugia
930 913 1134 958 tantum
1161 920 1260 974 per
1288 920 1347 959 se
1386 905 1525 959 bona
1571 913 1718 970 sunt,
1754 920 1850 975 per
1879 920 1942 959 ea

373 1013 508 1052 vero
532 1012 651 1066 qute
692 998 837 1050 circa
872 1011 935 1049 ea
972 1004 1117 1058 sunt,
1149 995 1288 1050 mala
1316 996 1467 1050 ﬁunt.
1496 998 1596 1049 Per
1623 996 1675 1050 id
1713 1009 1944 1064 namque

375 1089 519 1143 mala
556 1097 700 1151 sunt,
733 1104 831 1159 per
858 1089 912 1143 id
939 1089 1082 1158 quod
1120 1088 1254 1143 dicit
1284 1088 1571 1158 Apostolus
1596 1105 1609 1140 :
1640 1087 1743 1153 Qui
1768 1097 1942 1140 autem

374 1195 496 1231 cum
539 1178 701 1231 uiatore
744 1187 844 1241 est,
889 1177 1079 1248 cogitat
1104 1194 1165 1230 ea
1208 1193 1325 1247 qua:
1364 1186 1481 1230 sunt
1516 1176 1717 1233 mundi.
1746 1176 1811 1229 Et.
1844 1176 1943 1230 ite-

375 1285 498 1323 rum
530 1286 543 1322 :
573 1267 791 1337 Propter
812 1267 1208 1336 fornicationem
1246 1276 1421 1319 autem
1447 1266 1798 1336 unusquisque
1820 1281 1948 1318 uxo-

374 1377 487 1414 rem
515 1376 667 1414 suam
695 1359 881 1413 habeat
923 1357 973 1431 (1
1004 1356 1127 1412 Cor.
1147 1353 1411 1423 vu,2,54).
1437 1358 1587 1425 Quod
1627 1367 1806 1412 autem
1837 1372 1943 1411 non

376 1468 520 1507 unus
564 1460 621 1507 et
660 1452 862 1515 multa}.
907 1451 1001 1506 scd
1034 1466 1172 1505 unus
1207 1458 1263 1505 et
1306 1452 1410 1504 una
1445 1449 1789 1519 copulantur,
1833 1450 1945 1519 ipsa

374 1547 611 1616 primum
643 1545 896 1599 divinitus
927 1544 1065 1598 facta
1096 1543 1400 1611 coniunctio
1428 1542 1481 1597 in
1508 1541 1811 1611 exemplum
1841 1550 1942 1595 est.

376 1636 516 1690 Nam
554 1651 674 1690 cum
716 1633 976 1689 Dominus
1024 1634 1295 1689 hominem
1326 1633 1629 1704 figurasset,
1667 1633 1824 1702 eique
1855 1647 1947 1700 pa-

378 1743 495 1782 rem
520 1727 879 1795 necessariam
909 1726 1294 1794 prospexisset,
1330 1741 1494 1780 unam
1526 1725 1593 1779 de
1638 1725 1806 1780 costis
1832 1723 1948 1791 ejus

2043 551 2209 589 ultum
2255 535 2659 606 coniugatorum
2705 538 2814 591 vita
2861 536 3277 590 demonstratur.
3326 537 3399 592 De
3449 538 3607 594 tertio

2043 626 2225 696 itaque
2265 626 2454 681 ordine
2502 626 2575 680 ita
2609 623 2941 680 Venerabilis
2988 624 3126 680 Beda
3164 624 3445 698 presbyter
3476 630 3610 683 scri-

2043 718 2125 772 bit
2164 736 2176 769 :
2210 736 2228 769 ‹
2260 716 2446 779 Erunt,
2480 716 2674 785 inquit,
2701 715 2821 768 dum
2844 713 3088 769 molentes
3117 716 3173 769 in
3199 732 3380 769 unum.
3414 715 3630 773 Moleu—.

2046 815 2126 862 tes
2153 806 2384 877 appellat
2407 821 2521 868 eos,
2551 806 2642 876 qui
2670 805 2723 858 in
2771 804 3012 875 plebibus
3036 806 3330 860 constituti
3355 816 3613 876 reguntur

2044 912 2073 950 a
2110 896 2437 960 doctoribus,
2485 907 2709 965 agentes
2744 910 2807 949 ea
2837 911 2956 964 qua:
2984 905 3110 950 sunt
3152 897 3329 951 saeculi
3357 916 3370 952 :
3395 914 3531 976 quos
3557 909 3612 954 et

2047 985 2366 1040 feminarum
2407 985 2623 1040 nomine
2675 984 3015 1055 Significavit,
3060 986 3186 1053 quia
3232 987 3494 1054 consiliis,
3551 998 3613 1042 ut

2045 1075 2178 1139 dixi,
2206 1075 2499 1144 peritorum
2548 1074 2660 1143 regi
2688 1088 2781 1128 eos
2825 1073 3067 1143 expedit;
3101 1083 3155 1128 et
3181 1075 3445 1132 molentes
3477 1078 3612 1133 dixit

2046 1177 2264 1237 propter
2290 1167 2660 1237 temporalium
2690 1166 3245 1236 negotiorumorbem
3297 1177 3459 1238 atque
3502 1171 3612 1225 cir-

2046 1260 2281 1325 cuitum;
2327 1275 2460 1329 quas
2490 1270 2668 1314 tamen
2721 1258 2775 1312 in
2824 1274 2987 1313 unum
3035 1259 3296 1316 molentes
3343 1261 3495 1325 dixit,
3558 1263 3610 1316 in

2046 1358 2305 1420 quantum
2351 1350 2417 1404 de
2454 1350 2585 1419 ipsis
2630 1350 2791 1403 rebus
2836 1358 2891 1404 et
2931 1350 3160 1421 negotiis
3203 1351 3316 1406 suis
3344 1354 3614 1422 praebetur

2046 1440 2233 1495 usibus
2279 1438 2550 1494 Ecclesiae.
2618 1438 2962 1508 Unaquaeque
3006 1440 3149 1494 enim
3212 1440 3371 1509 hujus
3427 1443 3611 1496 mundi

2048 1534 2188 1587 actio
2229 1531 2369 1586 mola
2411 1540 2523 1596 est,
2571 1545 2690 1600 quae
2731 1531 2858 1585 dum
2893 1532 3089 1587 multas
3140 1548 3297 1589 curas
3347 1536 3612 1604 congerit,

2051 1622 2310 1676 humanas
2355 1629 2564 1675 mentes
2602 1620 2754 1689 quasi
2786 1636 2885 1690 per
2908 1637 3101 1693 gyrum
3128 1623 3309 1689 vertit,
3359 1633 3520 1694 atque
3546 1641 3613 1681 ex

2050 1728 2108 1768 se
2131 1712 2273 1766 velut
2300 1710 2502 1765 farinas
2527 1711 2760 1781 proiicit,
2792 1712 2919 1780 quia
2961 1713 3198 1783 inquieto
3224 1715 3373 1769 cordi
3403 1730 3615 1786 semper

373 1826 677 1882 mutuatus,
701 1833 862 1872 unam
891 1817 963 1871 illi
996 1817 1249 1871 feminam
1280 1816 1452 1870 ﬁnxit.
1480 1816 1678 1887 Sicque
1701 1816 1872 1872 Adam
1892 1826 1948 1870 et
1976 1823 2022 1882 Β
2051 1803 2437 1858 minutissimas
2465 1802 2819 1872 cogitationes
2846 1803 3034 1872 signis
3072 1802 3188 1858 Una
3216 1816 3529 1872 assumatur.
3566 1820 3612 1860 ει

377 1909 577 1963 mulier
602 1909 710 1962 Eva
738 1908 879 1962 inter
915 1922 974 1962 se
1014 1908 1214 1975 nuptiis
1241 1906 1429 1971 functi,
1462 1905 1687 1961 formam
1710 1907 1944 1961 homini-

374 2002 482 2055 hus
510 2002 578 2055 de
610 2000 834 2070 originis
879 1999 1220 2063 auctoritate,
1251 2008 1307 2054 et
1330 2000 1498 2070 prima
1544 2000 1636 2055 Dei
1676 1998 1948 2053 voluntate

372 2096 698 2143 sanxerunt.
732 2108 750 2140 Ι

449 2177 713 2232 Praefatus
738 2193 950 2247 quoque
977 2176 1304 2248 Augustinus
1335 2178 1388 2231 in
1419 2177 1559 2232 libro
1585 2194 1895 2234 sermonum
1921 2193 1947 2221 ι

374 2270 455 2320 ita
498 2267 687 2321 scribit
734 2267 801 2322 de
847 2266 1004 2321 laude
1059 2265 1507 2337 coniugatorum:
1539 2284 1558 2316 ι
1590 2266 1703 2333 Est,
1752 2267 1947 2338 inquit,

372 2356 679 2425 cuujugalis
710 2356 818 2410 vita
840 2355 1142 2420 laudabilis,
1167 2363 1221 2411 et
1252 2355 1415 2409 habet
1449 2356 1504 2410 in
1536 2370 1761 2425 corpore
1791 2356 1949 2412 Chri-

373 2448 447 2501 sti
480 2447 655 2501 locum
683 2461 859 2501 suum.
892 2464 910 2495 ›
946 2445 1013 2499 Ει
1050 2444 1210 2514 paulo
1240 2454 1398 2515 post:
1438 2456 1456 2496 ι
1484 2444 1741 2501 Novimus
1772 2463 1952 2502 mem—

374 2538 475 2590 bra
523 2534 723 2590 Christi
768 2550 890 2591 esse
926 2551 1045 2605 qua:
1074 2534 1424 2606 coniugalem
1465 2545 1632 2608 agunt
1673 2537 1872 2603 vitam;
1904 2539 1950 2593 si

375 2626 624 2681 membra
649 2626 850 2683 Christi
885 2636 1031 2692 sunt,
1062 2627 1116 2682 id
1137 2636 1241 2693 est,
1288 2629 1332 2683 si
1371 2627 1554 2684 fideles
1583 2637 1728 2684 sunt.
1765 2650 1784 2681 ι
1818 2629 1949 2684 Item

372 2717 563 2773 idem:
592 2735 612 2769 ι
644 2717 849 2783 Audeo,
885 2718 1086 2787 inquit,
1125 2718 1306 2795 dicere
1351 2718 1682 2790 coniugalem
1731 2730 1953 2791 agentes

369 2808 570 2873 vitam,
598 2808 641 2864 si
670 2816 851 2863 tenent
874 2809 1253 2875 humilitatem,
1294 2810 1541 2879 superbis
1576 2811 1741 2867 castis
1770 2812 1952 2869 melio-

374 2912 691 2955 resesse.»

450 2989 550 3043 llis
582 2999 639 3045 et
672 2990 884 3047 caeteris
916 2991 1216 3047 innumeris
1260 2992 1597 3048 documentis
1639 2992 1954 3049 manifesta-

380 3095 471 3136 tur
517 3081 845 3153 coniugium,
893 3083 960 3140 de
1010 3099 1117 3155 quo
1146 3095 1333 3141 sancta
1381 3094 1435 3140 et
1469 3087 1686 3142 humilis
1714 3088 1955 3143 nascitur

2047 1895 2215 1949 altera
2238 1894 2575 1965 relinquetur.
2604 1895 2923 1950 Assumetur
2951 1909 3014 1949 ea
3047 1911 3176 1966 pars
3201 1911 3321 1965 quae
3349 1899 3612 1953 connubia

2047 1992 2255 2038 tantum
2303 1992 2523 2054 pr0pter
2569 1997 2807 2038 amorem
2850 1986 3063 2054 generis
3087 1989 3412 2054 exercuerit,
3444 1997 3612 2044 terre-

2048 2088 2279 2143 namque
2302 2074 2654 2129 substantiam
2683 2074 2753 2129 ob
2780 2076 3106 2146 acquirenda
3134 2078 3373 2133 cmlestia
3402 2080 3616 2150 dispen«

2046 2166 2284 2221 saverit:
2319 2165 2649 2235 relinquetur
2693 2175 2870 2222 autem
2911 2182 3098 2238 quae...
3147 2169 3381 2241 coniugii
3437 2171 3507 2225 ob
3556 2171 3614 2225 il-

2046 2257 2286 2311 lecebras
2314 2256 2495 2311 carnis
2513 2256 2759 2312 servierit
2788 2276 2801 2309 :
2831 2265 3042 2313 terrena
3068 2274 3198 2315 vero
3219 2259 3264 2314 si
3289 2276 3395 2329 qua
3423 2260 3607 2317 Eccle-

2046 2351 2140 2404 siae
2170 2347 2255 2403 vel
2300 2349 2626 2419 pauperibus
2669 2350 2936 2417 tribuerit,
2966 2351 3088 2407 ideo
3123 2351 3312 2407 fecerit
3343 2354 3495 2422 quasi
3529 2369 3616 2408 re-

2047 2439 2262 2510 dempto
2306 2439 2532 2495 Domino
2559 2439 2645 2495 bis
2681 2440 2910 2510 amplius
2940 2442 3195 2496 abundat.
3231 2462 3250 2495 ι
3278 2442 3469 2513 Liquet
3513 2444 3611 2515 igi-

2048 2538 2137 2584 tur
2187 2530 2312 2600 quia
2350 2527 2507 2599 iuxta
2551 2530 2852 2587 Ezechielis
2890 2533 3166 2602 prophetae
3213 2534 3524 2590 vaticinium
3559 2546 3614 2590 et

2048 2622 2412 2692 evangelicum
2440 2623 2816 2679 documentum
2858 2632 2971 2680 tres
3005 2634 3127 2680 sunt
3170 2626 3225 2680 in
3262 2627 3499 2684 Ecclesia
3527 2645 3645 2684 or»

2049 2713 2203 2769 dines
2238 2728 2304 2768 ac
2339 2714 2713 2770 distinctiones
2756 2715 3012 2770 fidelium.
3039 2716 3212 2781 Unde,
3258 2719 3384 2788 quia
3413 2718 3480 2774 de
3520 2734 3612 2774 or—

2050 2805 2176 2862 dine
2195 2805 2599 2877 coniugatorum
2620 2808 2707 2863 hic
2732 2808 2929 2878 agitur,
2960 2824 3296 2877 summopere
3320 2809 3402 2865 eis
3425 2812 3628 2880 praevi-

2052 2895 2284 2950 deudum
2316 2904 2419 2959 est,
2452 2902 2512 2950 ut
2538 2896 2617 2952 sic
2645 2911 2710 2951 ea
2744 2912 2865 2967 qua:
2902 2897 3083 2953 mundi
3121 2900 3246 2953 sunt
3271 2909 3451 2971 agant,
3482 2916 3615 2970 qua-

2052 2994 2208 3042 tenus
2259 2987 2521 3042 conditori
2571 3003 2670 3043 suo
2723 2987 2944 3061 minime
2990 2989 3325 3060 displiceant.
3383 2990 3621 3047 Caveant

2053 3092 2184 3150 ergo
2212 3080 2568 3145 relictionem,
2594 3095 2713 3149 quae
2742 3080 3015 3135 aDomino
3044 3081 3355 3137 terribiliter
3383 3081 3620 3138 intermi-

374 3172 689 3243 virginitas,
715 3174 915 3229 bonum
938 3189 1057 3231 esse
1082 3184 1138 3232 et
1172 3178 1477 3242 honestum,
1517 3178 1562 3232 si
1600 3186 1776 3239 tamen
1801 3190 1949 3235 caste

2052 3180 2231 3234 natur,
2260 3176 2315 3225 et
2353 3170 2746 3240 amplectantur
2786 3172 3230 3242 assumptionem,
3257 3188 3375 3244 qum
3404 3174 3474 3230 ab
3524 3189 3618 3231 eo-

378 3269 585 3314 ntatur.
613 3261 680 3315 Et
702 3262 948 3333 quisquis
980 3263 1111 3318 illud
1135 3279 1234 3335 pro
1253 3279 1319 3321 eo
1344 3264 1487 3335 quod
1514 3267 1817 3322 institutum
1847 3276 1948 3333 est,

376 3350 607 3420 appetit,
633 3351 775 3406 bono
800 3351 939 3408 bene
963 3354 1173 3417 utitur;
1205 3355 1448 3425 quisquis
1477 3371 1543 3412 eo
1588 3357 1728 3413 male
1758 3359 1949 3425 utitur,

378 3438 573 3508 procul
621 3438 782 3495 dubio
824 3442 1023 3497 bonum
1067 3443 1169 3499 sibi
1212 3448 1266 3498 in
1312 3456 1590 3515 peccatum
1638 3459 1952 3504 convertere

376 3533 662 3603 probatur.
688 3533 767 3589 Ac
791 3549 887 3604 per
913 3536 1015 3592 hoc
1044 3547 1254 3608 oportet
1300 3547 1359 3593 ut
1400 3541 1670 3612 coniugati
1705 3542 1953 3612 huiusce-

379 3626 531 3681 modi
568 3624 859 3683 admissum
889 3629 1206 3703 intelligant,
1247 3647 1578 3705 caveantque
1606 3651 1675 3691 ne
1708 3635 1762 3691 id
1806 3635 1951 3706 quod

381 3716 597 3772 licitum
623 3724 725 3781 est,
751 3733 911 3774 causa
944 3721 1182 3778 libidinis
1209 3725 1309 3779 sibi
1337 3725 1389 3780 in
1420 3735 1696 3795 peccatum
1731 3742 1955 3783 conver-

383 3820 524 3867 tant.
556 3812 658 3880 Qui
694 3825 872 3870 autem
900 3816 1044 3872 thori
1087 3818 1387 3891 coniugalis
1411 3821 1724 3891 pudicitiam
1768 3821 1945 3891 huius

381 3907 593 3963 cemodi
626 3908 1026 3965 incontinentiaa
1057 3913 1237 3968 .naevis
1274 3913 1622 3981 fuscaveriut,
1651 3916 1705 3970 id
1730 3930 1953 3971 necesse

381 4009 467 4055 est
487 4001 817 4070 quotidianis
838 4001 1298 4073 eleemosynarum
1326 4003 1718 4076 largitionibus,
1750 4006 1953 4061 oratio-

382 4106 514 4144 num
532 4091 753 4162 iugibus
782 4093 1056 4161 precibus,
1083 4094 1417 4163 poenitentiue
1453 4094 1727 4167 lacrymis,
1759 4105 1816 4152 et
1843 4112 1951 4152 ca:-

384 4181 519 4235 teris
545 4180 702 4235 bonis
724 4180 976 4251 Operibus
1001 4182 1205 4237 diluere
1236 4191 1503 4255 satagant.

454 4268 633 4341 [Illud
685 4286 916 4340 namque
958 4285 1066 4325 non
1116 4272 1408 4343 incongrue
1454 4275 1507 4328 in
1552 4261 1670 4331 'hoc
1715 4276 1954 4348 capitulo

381 4357 814 4429 subiungendum
838 4358 961 4426 fuit,
995 4362 1137 4429 quod
1180 4361 1429 4417 Ezechiel
1455 4366 1716 4434 propheta
1757 4375 1870 4421 tres
1896 4366 1955 4421 li-

382 4450 604 4515 beratos
630 4450 777 4504 viros
798 4465 857 4504 se
886 4451 1101 4507 audisse
1125 4453 1341 4518 asserit,
1374 4452 1485 4508 Noe
1511 4454 1735 4522 scilicet,
1759 4455 1952 4510 Danie-

382 4537 490 4593 lem
549 4549 605 4594 et
653 4539 773 4594 Joh.
827 4540 895 4594 Et
939 4555 1060 4595 cum
1117 4557 1214 4612 per
1262 4542 1487 4598 Noe.....
1542 4546 1971 4616 praepositorum

384 4627 538 4693 ordo,
560 4644 660 4699 per
676 4628 778 4684 Job
796 4644 1009 4699 quoque
1035 4631 1295 4686 bonorum
1323 4631 1606 4702 coniugum
1633 4635 1741 4688 vita
1767 4637 1951 4705 signa-

387 4730 496 4782 tur,
525 4730 695 4775 restat
722 4730 781 4775 ut
806 4720 1075 4793 coniugati
1121 4732 1280 4778 tantm
1304 4725 1609 4794 probitatis,
1653 4734 1731 4780 tot
1757 4727 1955 4782 tantis-

381 4833 490 4889 quc
516 4827 793 4873 sacrarum
816 4819 1075 4873 virtutum
1104 4819 1385 4890 praeconiis
1425 4835 1455 4874 a
1499 4821 1725 4875 Domino
1749 4821 1952 4877 laudati

380 4908 488 4962 viri
511 4909 675 4962 vitam
708 4916 970 4978 actusque
1013 4923 1112 4978 pro
1149 4911 1374 4983 viribus,
1412 4909 1740 4982 suffragante
1771 4912 1953 4965 divina

380 5000 583 5070 gratia,
613 4999 913 5064 imitentur,
960 5009 1017 5055 ut
1048 5000 1165 5070 eius
1211 5001 1435 5071 collegio
1487 5003 1678 5056 merito
1721 5002 1951 5056 adscisci

380 5096 711 5147 mereantur.
758 5092 891 5145 Nam
939 5101 997 5146 ut
1051 5094 1103 5146 in
1140 5094 1298 5148 domo
1346 5094 1670 5164 nuptiarum,
1707 5108 1826 5162 qua:
1871 5100 1956 5147 est

380 5187 622 5241 Ecclesia
667 5186 899 5250 Christi,
947 5188 1240 5242 triclinium
1293 5202 1415 5242 esse
1458 5186 1806 5253 describitur,
1858 5186 1950 5255 qui

378 5278 639 5331 nimirum
669 5287 778 5332 tres
820 5288 945 5332 sunt
971 5278 1022 5332 in
1050 5277 1290 5332 Ecclesia
1324 5278 1541 5332 ordines
1567 5276 1825 5341 fidelium,
1852 5278 1950 5332 d0—

376 5376 615 5430 ctorum,
649 5368 1054 5432 abstinentium,
1094 5376 1148 5421 et
1175 5367 1597 5438 coniugatorum.
1638 5368 1706 5423 Et
1736 5368 1861 5423 alibi
1898 5369 1950 5424 in

372 5456 675 5523 Evangelio
700 5456 858 5510 iidem
891 5465 1002 5512 tres
1021 5457 1239 5513 ordines
1266 5456 1498 5513 fidelium
1523 5457 1597 5511 ita
1624 5458 1955 5529 distinguun-

374 5556 489 5610 tur,
524 5555 584 5599 ut
618 5547 671 5599 in
705 5546 911 5602 duobus
958 5549 1011 5602 in
1044 5548 1182 5602 lecto
1210 5548 1618 5611 continentium,
1647 5548 1700 5602 in
1744 5549 1952 5604 duobus

449 5673 474 5699 ο
504 5660 582 5729 De
615 5656 805 5729 Verbis
826 5658 1059 5719 Domini,
1088 5675 1253 5719 serm,
1282 5660 1372 5721 55,
1404 5674 1520 5729 cap.
1547 5659 1601 5729 4.

456 5729 481 5767 ι’
522 5728 870 5782 Sacerdomm
926 5730 1229 5783 ministeria.
1295 5731 1369 5783 Ita
1418 5724 1944 5786 emendavimuszex

748 5824 1025 5884 Parum.
1072 5824 1226 5886 CVI.

2051 3261 2172 3316 dem
2204 3261 2431 3317 Domino
2478 3261 2877 3332 pronuntiando
2904 3261 3133 3318 feliciter
3166 3264 3515 3333 promittitur,
3558 3276 3620 3319 ut

2055 3352 2122 3406 ab
2145 3366 2334 3407 eorum
2359 3352 2633 3407 consortio
2653 3353 2745 3424 qui
2766 3354 3102 3424 relinquendi
3124 3364 3248 3410 sunt
3268 3354 3417 3429 (non)
3452 3358 3622 3412 adnu-

2052 3454 2350 3499 merentur.
2384 3445 2452 3500 Ut
2475 3460 2606 3517 ergo
2635 3446 2794 3501 dictis
2827 3446 2971 3502 beati
3007 3446 3251 3519 Gregorii
3282 3456 3406 3503 utar
3440 3449 3494 3504 in
3518 3450 3616 3505 ho-

2050 3537 2196 3591 milia
2242 3536 2540 3598 Ezechielis
2602 3539 2878 3609 propheta:
2925 3551 3138 3605 octava,
3188 3559 3207 3592 (
3238 3541 3313 3599 ita
3356 3544 3617 3599 bonorum

2049 3627 2454 3699 coniugatorum
2478 3630 2588 3685 vita
2612 3630 2668 3684 in
2692 3632 2885 3688 castris
2916 3630 3127 3688 Domini
3158 3634 3488 3690 moderanda
3513 3645 3616 3699 est,

2050 3728 2314 3790 quatenus
2342 3721 2583 3777 viventes
2606 3723 2946 3779 concorditer
2974 3724 3028 3778 in
3053 3739 3237 3780 amore
3272 3726 3615 3795 omnipoten-

2051 3810 2120 3867 tis
2144 3810 2373 3877 Domini,
2404 3812 2481 3868 sic
2503 3813 2737 3868 vicissim
2772 3814 2872 3869 sibi
2902 3815 3083 3871 carnis
3116 3816 3354 3871 debitum
3383 3816 3616 3883 solvant,

2050 3910 2110 3957 ut
2138 3912 2314 3956 tamen
2341 3903 2471 3972 quid
2500 3902 2725 3960 Domino
2759 3904 2827 3959 de
2867 3905 3023 3961 bonis
3076 3905 3330 3976 operibus
3356 3906 3613 3974 debeant,

2050 3992 2355 4048 nullatenus
2400 3992 2805 4059 obliviscantur,
2836 3994 2931 4049 sed
2959 4004 3016 4050 et
3065 3996 3111 4050 si
3142 4011 3247 4065 qua
3287 4005 3347 4050 ut
3372 3996 3620 4055 homines

2050 4083 2381 4153 delinquant,
2422 4084 2537 4138 haec
2555 4082 2886 4139 incessanter
2913 4084 3016 4155 piis
3043 4085 3253 4141 actibus
3275 4086 3559 4144 redimam.
3592 4108 3614 4141 ι

2671 4192 2899 4250 CAPUT
2935 4195 2999 4250 ll.

2055 4282 2120 4339 Ut
2163 4286 2251 4355 qui
2292 4301 2478 4340 uxores
2521 4284 2711 4339 ducere
2751 4284 3030 4352 voluerint,
3053 4287 3188 4341 sicut
3231 4303 3321 4342 ea:
3365 4298 3536 4343 castas
3571 4298 3621 4343 et

2120 4357 2450 4425 incorruptos
2476 4356 2689 4425 cupiunt
2723 4355 2969 4423 invenire,
2995 4358 3071 4410 sic
3101 4357 3169 4411 ad
3190 4374 3279 4412 eas
3300 4360 3432 4413 casti
3458 4369 3504 4413 et
3536 4361 3621 4414 in-

2123 4427 2351 4496 corrupti
2378 4426 2621 4480 studeant
2650 4427 2913 4480 accedere.

2125 4541 2351 4609 Quidam
2397 4541 2658 4596 laicorum
2707 4556 2891 4596 amore
2936 4541 3174 4598 libidinis
3217 4545 3473 4612 superati,
3498 4544 3619 4614 qui-

2036 4635 2177 4715 rdam
2211 4649 2337 4689 vero
2359 4634 2625 4689 ambiendi
2663 4634 2884 4689 honoris
2911 4634 3108 4689 terreni
3132 4635 3423 4706 cupiditate
3449 4636 3619 4701 ducti,

2054 4727 2163 4782 imo
2202 4727 2545 4797 przeswlandi
2589 4736 2818 4796 tempus,
2855 4741 2962 4797 quo
2997 4727 3237 4782 honores
3268 4729 3450 4782 mundi
3481 4744 3617 4783 nan-

2054 4821 2180 4876 cisci
2213 4820 2453 4886 valeant,
2489 4819 2707 4876 interim
2736 4820 2789 4874 in
2818 4833 2975 4874 caeno
3012 4819 3238 4875 luxuriae
3273 4834 3332 4875 se
3368 4820 3618 4875 volutan-

2055 4919 2156 4976 tes,
2180 4918 2465 4980 antequam
2491 4912 2559 4966 ad
2578 4909 2822 4980 c0pulam
2854 4910 3106 4965 connubii
3129 4912 3407 4974 accedant,
3435 4912 3617 4966 diver-

2055 5006 2283 5060 sissimis
2316 5006 2489 5060 modis
2530 5019 2589 5060 se
2628 5012 3010 5073 corrumpunt,
3041 5013 3098 5060 et
3134 5006 3394 5077 virginale
3432 5005 3617 5068 decus,

2055 5094 2196 5164 quod
2225 5110 2393 5164 usque
2419 5095 2485 5149 ad
2531 5102 2741 5164 tempus
2778 5094 3028 5164 legitimae
3071 5096 3254 5149 uxoris
3296 5095 3620 5163 accipiendae

2055 5201 2375 5241 conservare
2410 5185 2724 5248 debuerant,
2751 5186 3023 5251 amittunt,
3061 5201 3160 5241 nec
3189 5202 3294 5240 non
3320 5196 3374 5239 et
3402 5185 3618 5239 benedi-

2055 5277 2250 5341 ctione,
2277 5291 2381 5347 qua
2417 5277 2557 5330 Deus
2582 5274 2782 5344 copula:
2809 5276 3107 5346 primorum
3148 5275 3425 5331 hominum
3456 5276 3618 5330 bene-

2058 5369 2212 5433 dixit,
2242 5378 2297 5425 et
2335 5384 2397 5423 ea
2435 5383 2554 5437 qua:
2599 5384 2743 5423 nunc
2776 5369 2829 5423 in
2873 5368 3109 5423 Ecclesia
3144 5382 3239 5438 per
3280 5368 3616 5422 sacerdotum

2058 5460 2355 5515 ministeria
2378 5460 2403 5500 i
2441 5460 2733 5514 secundum
2779 5460 3089 5514 canonicam
3139 5459 3531 5523 auctoritatem,
3564 5468 3618 5514 et

2059 5563 2256 5606 sancta:
2294 5551 2550 5606 Romana:
2589 5552 2843 5615 Ecclesia:
2884 5566 3087 5605 morem
3122 5551 3366 5620 nupturis
3394 5553 3613 5606 exhibe-

2058 5664 2365 5730 coniectura
2394 5662 2628 5731 quidem,
2664 5663 2755 5717 sed
2786 5675 2903 5730 qua:
2945 5659 3127 5714 fallere
3171 5669 3399 5730 nequeat
3423 5679 3434 5713 :
3460 5672 3614 5715 antea

2059 5735 2331 5801 legebatur
2356 5734 2619 5801 mysteria.

3150 5825 3187 5923 Ἐί
