  <div class='ocr_page' id='page_1' title='image "/cluster/home/n/w/nwhite01/storage/ocr_20150623/106/hvd.32044054759717/091.png"; bbox 0 0 4064 6190; ppageno 0'>
   <div class='ocr_carea' id='block_1_1' title="bbox 421 356 516 416">
    <p class='ocr_par' dir='ltr' id='par_1_1' title="bbox 421 356 516 416">
     <span class='ocr_line' id='line_1_1' title="bbox 421 356 516 416; baseline 0.011 -2"><span class='ocrx_word' id='word_1_1' title='bbox 421 356 516 416; x_wconf 70' lang='lat' dir='ltr'><strong>i7!</strong></span> 
     </span>
    </p>
   </div>
   <div class='ocr_carea' id='block_1_2' title="bbox 1476 343 2590 407">
    <p class='ocr_par' dir='ltr' id='par_1_2' title="bbox 1476 343 2590 407">
     <span class='ocr_line' id='line_1_2' title="bbox 1476 343 2590 407; baseline -0.008 -1"><span class='ocrx_word' id='word_1_2' title='bbox 1476 350 1666 407; x_wconf 43' lang='lat' dir='ltr'><strong>JONrE</strong></span> <span class='ocrx_word' id='word_1_3' title='bbox 1710 352 1749 402; x_wconf 68' lang='grc' dir='ltr'>Α</span> <span class='ocrx_word' id='word_1_4' title='bbox 1762 343 2250 403; x_wconf 72' lang='lat' dir='ltr'><strong>URELIANENSIS</strong></span> <span class='ocrx_word' id='word_1_5' title='bbox 2290 344 2590 400; x_wconf 64' lang='lat' dir='ltr'><strong>EPlSCOl‘l</strong></span> 
     </span>
    </p>
   </div>
   <div class='ocr_carea' id='block_1_3' title="bbox 3560 341 3660 393">
    <p class='ocr_par' dir='ltr' id='par_1_3' title="bbox 3560 341 3660 393">
     <span class='ocr_line' id='line_1_3' title="bbox 3560 341 3660 393; baseline 0 -1"><span class='ocrx_word' id='word_1_6' title='bbox 3560 341 3660 393; x_wconf 67' lang='lat'><strong>172</strong></span> 
     </span>
    </p>
   </div>
   <div class='ocr_carea' id='block_1_4' title="bbox 424 452 3664 539">
    <p class='ocr_par' dir='ltr' id='par_1_4' title="bbox 424 452 3664 539">
     <span class='ocr_line' id='line_1_4' title="bbox 424 452 3664 539; baseline -0.005 -13"><span class='ocrx_word' id='word_1_7' title='bbox 424 481 531 535; x_wconf 90' lang='lat' dir='ltr'><strong>tur,</strong></span> <span class='ocrx_word' id='word_1_8' title='bbox 559 483 619 525; x_wconf 87' lang='lat' dir='ltr'><strong>se</strong></span> <span class='ocrx_word' id='word_1_9' title='bbox 643 468 874 539; x_wconf 88' lang='lat' dir='ltr'><strong>privant.</strong></span> <span class='ocrx_word' id='word_1_10' title='bbox 910 464 1061 520; x_wconf 82' lang='lat' dir='ltr'><strong>Unde</strong></span> <span class='ocrx_word' id='word_1_11' title='bbox 1106 464 1303 517; x_wconf 81' lang='lat' dir='ltr'><strong>ctenim</strong></span> <span class='ocrx_word' id='word_1_12' title='bbox 1334 461 1634 516; x_wconf 78' lang='lat' dir='ltr'><strong>damnanda</strong></span> <span class='ocrx_word' id='word_1_13' title='bbox 1661 456 1992 513; x_wconf 71' lang='lat' dir='ltr'><strong>consuetudo</strong></span> <span class='ocrx_word' id='word_1_14' title='bbox 2019 458 2065 513; x_wconf 78' lang='grc' dir='ltr'>Α</span> <span class='ocrx_word' id='word_1_15' title='bbox 2095 452 2183 506; x_wconf 88' lang='lat' dir='ltr'><strong>ubi</strong></span> <span class='ocrx_word' id='word_1_16' title='bbox 2227 462 2279 507; x_wconf 91' lang='lat' dir='ltr'><strong>te</strong></span> <span class='ocrx_word' id='word_1_17' title='bbox 2318 468 2424 507; x_wconf 91' lang='lat' dir='ltr'><strong>non</strong></span> <span class='ocrx_word' id='word_1_18' title='bbox 2463 454 2656 513; x_wconf 62' lang='lat' dir='ltr'><strong>videat.</strong></span> <span class='ocrx_word' id='word_1_19' title='bbox 2682 463 2733 507; x_wconf 87' lang='lat' dir='ltr'><strong>ct</strong></span> <span class='ocrx_word' id='word_1_20' title='bbox 2779 453 2860 507; x_wconf 85' lang='lat' dir='ltr'><strong>fac</strong></span> <span class='ocrx_word' id='word_1_21' title='bbox 2904 455 3044 523; x_wconf 77' lang='lat' dir='ltr'><strong>quoi</strong></span> <span class='ocrx_word' id='word_1_22' title='bbox 3076 454 3175 507; x_wconf 85' lang='lat' dir='ltr'><strong>vis.</strong></span> <span class='ocrx_word' id='word_1_23' title='bbox 3215 473 3231 503; x_wconf 70' lang='grc' dir='ltr'><strong><em>ι</em></strong></span> <span class='ocrx_word' id='word_1_24' title='bbox 3266 452 3398 507; x_wconf 84' lang='lat' dir='ltr'><strong>item</strong></span> <span class='ocrx_word' id='word_1_25' title='bbox 3442 452 3579 518; x_wconf 77' lang='lat' dir='ltr'><strong>idem</strong></span> <span class='ocrx_word' id='word_1_26' title='bbox 3610 455 3664 509; x_wconf 84' lang='lat' dir='ltr'><strong>in</strong></span> 
     </span>
    </p>
   </div>
   <div class='ocr_carea' id='block_1_5' title="bbox 422 550 1985 627">
    <p class='ocr_par' dir='ltr' id='par_1_5' title="bbox 422 550 1985 627">
     <span class='ocr_line' id='line_1_5' title="bbox 422 550 1985 627; baseline -0.012 -10"><span class='ocrx_word' id='word_1_27' title='bbox 422 560 663 625; x_wconf 85' lang='lat' dir='ltr'><strong>inolevit,</strong></span> <span class='ocrx_word' id='word_1_28' title='bbox 691 567 749 613; x_wconf 91' lang='lat' dir='ltr'><strong>ut</strong></span> <span class='ocrx_word' id='word_1_29' title='bbox 775 568 998 627; x_wconf 88' lang='lat' dir='ltr'><strong>perraro</strong></span> <span class='ocrx_word' id='word_1_30' title='bbox 1041 569 1271 624; x_wconf 86' lang='lat' dir='ltr'><strong>sponsus</strong></span> <span class='ocrx_word' id='word_1_31' title='bbox 1295 561 1351 608; x_wconf 89' lang='lat' dir='ltr'><strong>et</strong></span> <span class='ocrx_word' id='word_1_32' title='bbox 1384 567 1578 623; x_wconf 89' lang='lat' dir='ltr'><strong>sponsa</strong></span> <span class='ocrx_word' id='word_1_33' title='bbox 1610 552 1662 604; x_wconf 88' lang='lat' dir='ltr'><strong>in</strong></span> <span class='ocrx_word' id='word_1_34' title='bbox 1699 550 1985 603; x_wconf 83' lang='lat' dir='ltr'><strong>missarum</strong></span> 
     </span>
    </p>
   </div>
   <div class='ocr_carea' id='block_1_6' title="bbox 426 639 1992 714">
    <p class='ocr_par' dir='ltr' id='par_1_6' title="bbox 426 639 1992 714">
     <span class='ocr_line' id='line_1_6' title="bbox 426 639 1992 714; baseline -0.01 -8"><span class='ocrx_word' id='word_1_35' title='bbox 426 650 803 712; x_wconf 79' lang='lat' dir='ltr'><strong>celebratione,</strong></span> <span class='ocrx_word' id='word_1_36' title='bbox 832 646 1125 701; x_wconf 86' lang='lat' dir='ltr'><strong>secundum</strong></span> <span class='ocrx_word' id='word_1_37' title='bbox 1151 645 1488 714; x_wconf 77' lang='lat' dir='ltr'><strong>przcmissum</strong></span> <span class='ocrx_word' id='word_1_38' title='bbox 1525 641 1795 703; x_wconf 81' lang='lat' dir='ltr'><strong>ordinem,</strong></span> <span class='ocrx_word' id='word_1_39' title='bbox 1824 639 1992 693; x_wconf 89' lang='lat' dir='ltr'><strong>bene-</strong></span> 
     </span>
    </p>
   </div>
   <div class='ocr_carea' id='block_1_7' title="bbox 425 726 1993 805">
    <p class='ocr_par' dir='ltr' id='par_1_7' title="bbox 425 726 1993 805">
     <span class='ocr_line' id='line_1_7' title="bbox 425 726 1993 805; baseline -0.012 -7"><span class='ocrx_word' id='word_1_40' title='bbox 425 742 690 798; x_wconf 84' lang='lat' dir='ltr'><strong>dicantur.</strong></span> <span class='ocrx_word' id='word_1_41' title='bbox 720 737 853 792; x_wconf 86' lang='lat' dir='ltr'><strong>Nam</strong></span> <span class='ocrx_word' id='word_1_42' title='bbox 888 745 943 791; x_wconf 92' lang='lat' dir='ltr'><strong>et</strong></span> <span class='ocrx_word' id='word_1_43' title='bbox 966 735 1080 800; x_wconf 87' lang='lat' dir='ltr'><strong>lilii,</strong></span> <span class='ocrx_word' id='word_1_44' title='bbox 1108 736 1199 805; x_wconf 87' lang='lat' dir='ltr'><strong>qui</strong></span> <span class='ocrx_word' id='word_1_45' title='bbox 1228 749 1294 789; x_wconf 79' lang='lat' dir='ltr'><strong>ex</strong></span> <span class='ocrx_word' id='word_1_46' title='bbox 1317 733 1410 787; x_wconf 90' lang='lat' dir='ltr'><strong>tali</strong></span> <span class='ocrx_word' id='word_1_47' title='bbox 1439 729 1723 801; x_wconf 79' lang='lat' dir='ltr'><strong>concubitu</strong></span> <span class='ocrx_word' id='word_1_48' title='bbox 1753 726 1993 798; x_wconf 76' lang='lat' dir='ltr'><strong>generati</strong></span> 
     </span>
    </p>
   </div>
   <div class='ocr_carea' id='block_1_8' title="bbox 427 816 1995 897">
    <p class='ocr_par' dir='ltr' id='par_1_8' title="bbox 427 816 1995 897">
     <span class='ocr_line' id='line_1_8' title="bbox 427 816 1995 897; baseline -0.014 -8"><span class='ocrx_word' id='word_1_49' title='bbox 427 843 570 894; x_wconf 86' lang='lat' dir='ltr'><strong>sunt,</strong></span> <span class='ocrx_word' id='word_1_50' title='bbox 598 832 724 885; x_wconf 88' lang='lat' dir='ltr'><strong>licet</strong></span> <span class='ocrx_word' id='word_1_51' title='bbox 769 837 992 897; x_wconf 86' lang='lat' dir='ltr'><strong>uterque</strong></span> <span class='ocrx_word' id='word_1_52' title='bbox 1035 841 1231 896; x_wconf 88' lang='lat' dir='ltr'><strong>parens</strong></span> <span class='ocrx_word' id='word_1_53' title='bbox 1267 824 1445 878; x_wconf 74' lang='lat' dir='ltr'><strong>libera:</strong></span> <span class='ocrx_word' id='word_1_54' title='bbox 1472 822 1541 875; x_wconf 90' lang='lat' dir='ltr'><strong>sit</strong></span> <span class='ocrx_word' id='word_1_55' title='bbox 1567 818 1910 880; x_wconf 73' lang='lat' dir='ltr'><strong>conditionis,</strong></span> <span class='ocrx_word' id='word_1_56' title='bbox 1942 816 1995 868; x_wconf 92' lang='lat' dir='ltr'><strong>in</strong></span> 
     </span>
    </p>
   </div>
   <div class='ocr_carea' id='block_1_9' title="bbox 430 907 1998 983">
    <p class='ocr_par' dir='ltr' id='par_1_9' title="bbox 430 907 1998 983">
     <span class='ocr_line' id='line_1_9' title="bbox 430 907 1998 983; baseline -0.012 -5"><span class='ocrx_word' id='word_1_57' title='bbox 430 923 742 978; x_wconf 79' lang='lat' dir='ltr'><strong>Inereditate</strong></span> <span class='ocrx_word' id='word_1_58' title='bbox 778 929 956 973; x_wconf 82' lang='lat' dir='ltr'><strong>tamen</strong></span> <span class='ocrx_word' id='word_1_59' title='bbox 1002 933 1124 973; x_wconf 92' lang='lat' dir='ltr'><strong>cum</strong></span> <span class='ocrx_word' id='word_1_60' title='bbox 1166 915 1422 971; x_wconf 77' lang='lat' dir='ltr'><strong>fratribus</strong></span> <span class='ocrx_word' id='word_1_61' title='bbox 1444 929 1510 968; x_wconf 84' lang='lat' dir='ltr'><strong>ex</strong></span> <span class='ocrx_word' id='word_1_62' title='bbox 1533 911 1775 983; x_wconf 84' lang='lat' dir='ltr'><strong>legitimo</strong></span> <span class='ocrx_word' id='word_1_63' title='bbox 1806 907 1998 962; x_wconf 89' lang='lat' dir='ltr'><strong>matri—</strong></span> 
     </span>
    </p>
   </div>
   <div class='ocr_carea' id='block_1_10' title="bbox 433 1001 2001 1079">
    <p class='ocr_par' dir='ltr' id='par_1_10' title="bbox 433 1001 2001 1079">
     <span class='ocr_line' id='line_1_10' title="bbox 433 1001 2001 1079; baseline -0.011 -11"><span class='ocrx_word' id='word_1_64' title='bbox 433 1014 610 1068; x_wconf 88' lang='lat' dir='ltr'><strong>monio</strong></span> <span class='ocrx_word' id='word_1_65' title='bbox 636 1012 797 1073; x_wconf 87' lang='lat' dir='ltr'><strong>natis,</strong></span> <span class='ocrx_word' id='word_1_66' title='bbox 826 1009 968 1079; x_wconf 81' lang='lat' dir='ltr'><strong>quor!</strong></span> <span class='ocrx_word' id='word_1_67' title='bbox 989 1007 1271 1062; x_wconf 87' lang='lat' dir='ltr'><strong>dolendum</strong></span> <span class='ocrx_word' id='word_1_68' title='bbox 1296 1014 1399 1067; x_wconf 89' lang='lat' dir='ltr'><strong>est,</strong></span> <span class='ocrx_word' id='word_1_69' title='bbox 1424 1003 1645 1058; x_wconf 90' lang='lat' dir='ltr'><strong>minime</strong></span> <span class='ocrx_word' id='word_1_70' title='bbox 1667 1001 1820 1071; x_wconf 85' lang='lat' dir='ltr'><strong>juxta</strong></span> <span class='ocrx_word' id='word_1_71' title='bbox 1846 1014 2001 1052; x_wconf 90' lang='lat' dir='ltr'><strong>mun-</strong></span> 
     </span>
    </p>
   </div>
   <div class='ocr_carea' id='block_1_11' title="bbox 431 1091 2003 1174">
    <p class='ocr_par' dir='ltr' id='par_1_11' title="bbox 431 1091 2003 1174">
     <span class='ocr_line' id='line_1_11' title="bbox 431 1091 2003 1174; baseline -0.01 -16"><span class='ocrx_word' id='word_1_72' title='bbox 431 1104 584 1158; x_wconf 85' lang='lat' dir='ltr'><strong>dame</strong></span> <span class='ocrx_word' id='word_1_73' title='bbox 620 1102 752 1174; x_wconf 88' lang='lat' dir='ltr'><strong>legis</strong></span> <span class='ocrx_word' id='word_1_74' title='bbox 792 1114 1096 1165; x_wconf 86' lang='lat' dir='ltr'><strong>censuram,</strong></span> <span class='ocrx_word' id='word_1_75' title='bbox 1127 1095 1418 1151; x_wconf 83' lang='lat' dir='ltr'><strong>succedere</strong></span> <span class='ocrx_word' id='word_1_76' title='bbox 1444 1093 1642 1147; x_wconf 90' lang='lat' dir='ltr'><strong>valent.</strong></span> <span class='ocrx_word' id='word_1_77' title='bbox 1691 1091 1766 1145; x_wconf 81' lang='lat' dir='ltr'><strong>De</strong></span> <span class='ocrx_word' id='word_1_78' title='bbox 1794 1104 1900 1158; x_wconf 78' lang='lat' dir='ltr'><strong>qua</strong></span> <span class='ocrx_word' id='word_1_79' title='bbox 1942 1103 2003 1142; x_wconf 89' lang='lat' dir='ltr'><strong>re</strong></span> 
     </span>
    </p>
   </div>
   <div class='ocr_carea' id='block_1_12' title="bbox 436 1179 2005 1255">
    <p class='ocr_par' dir='ltr' id='par_1_12' title="bbox 436 1179 2005 1255">
     <span class='ocr_line' id='line_1_12' title="bbox 436 1179 2005 1255; baseline -0.011 -6"><span class='ocrx_word' id='word_1_80' title='bbox 436 1196 624 1248; x_wconf 88' lang='lat' dir='ltr'><strong>beatus</strong></span> <span class='ocrx_word' id='word_1_81' title='bbox 660 1190 978 1247; x_wconf 84' lang='lat' dir='ltr'><strong>Ambrosius</strong></span> <span class='ocrx_word' id='word_1_82' title='bbox 1016 1189 1069 1243; x_wconf 92' lang='lat' dir='ltr'><strong>in</strong></span> <span class='ocrx_word' id='word_1_83' title='bbox 1108 1187 1247 1242; x_wconf 91' lang='lat' dir='ltr'><strong>libro</strong></span> <span class='ocrx_word' id='word_1_84' title='bbox 1276 1186 1471 1255; x_wconf 87' lang='lat' dir='ltr'><strong>primo,</strong></span> <span class='ocrx_word' id='word_1_85' title='bbox 1503 1183 1655 1253; x_wconf 86' lang='lat' dir='ltr'><strong>cujus</strong></span> <span class='ocrx_word' id='word_1_86' title='bbox 1708 1179 1895 1234; x_wconf 84' lang='lat' dir='ltr'><strong>titulus</strong></span> <span class='ocrx_word' id='word_1_87' title='bbox 1921 1186 2005 1232; x_wconf 87' lang='lat' dir='ltr'><strong>est</strong></span> 
     </span>
    </p>
   </div>
   <div class='ocr_carea' id='block_1_13' title="bbox 440 1270 2009 1345">
    <p class='ocr_par' dir='ltr' id='par_1_13' title="bbox 440 1270 2009 1345">
     <span class='ocr_line' id='line_1_13' title="bbox 440 1270 2009 1345; baseline -0.011 -6"><span class='ocrx_word' id='word_1_88' title='bbox 440 1286 513 1339; x_wconf 92' lang='lat' dir='ltr'><strong>De</strong></span> <span class='ocrx_word' id='word_1_89' title='bbox 561 1282 852 1345; x_wconf 84' lang='lat' dir='ltr'><strong>Abraham,</strong></span> <span class='ocrx_word' id='word_1_90' title='bbox 884 1282 957 1335; x_wconf 89' lang='lat' dir='ltr'><strong>ita</strong></span> <span class='ocrx_word' id='word_1_91' title='bbox 1006 1278 1233 1334; x_wconf 83' lang='lat' dir='ltr'><strong>scribit:</strong></span> <span class='ocrx_word' id='word_1_92' title='bbox 1264 1295 1281 1327; x_wconf 80' lang='grc' dir='ltr'>ι</span> <span class='ocrx_word' id='word_1_93' title='bbox 1316 1276 1535 1330; x_wconf 87' lang='lat' dir='ltr'><strong>Discant</strong></span> <span class='ocrx_word' id='word_1_94' title='bbox 1580 1287 1710 1341; x_wconf 84' lang='lat' dir='ltr'><strong>ergo</strong></span> <span class='ocrx_word' id='word_1_95' title='bbox 1761 1270 2009 1326; x_wconf 85' lang='lat' dir='ltr'><strong>homines</strong></span> 
     </span>
    </p>
   </div>
   <div class='ocr_carea' id='block_1_14' title="bbox 440 1364 2009 1448">
    <p class='ocr_par' dir='ltr' id='par_1_14' title="bbox 440 1364 2009 1448">
     <span class='ocr_line' id='line_1_14' title="bbox 440 1364 2009 1448; baseline -0.01 -17"><span class='ocrx_word' id='word_1_96' title='bbox 440 1376 687 1448; x_wconf 75' lang='lat' dir='ltr'><strong>conjugis</strong></span> <span class='ocrx_word' id='word_1_97' title='bbox 729 1390 832 1429; x_wconf 91' lang='lat' dir='ltr'><strong>non</strong></span> <span class='ocrx_word' id='word_1_98' title='bbox 858 1386 1134 1443; x_wconf 90' lang='lat' dir='ltr'><strong>spernere,</strong></span> <span class='ocrx_word' id='word_1_99' title='bbox 1163 1385 1263 1425; x_wconf 91' lang='lat' dir='ltr'><strong>nec</strong></span> <span class='ocrx_word' id='word_1_100' title='bbox 1292 1368 1394 1424; x_wconf 89' lang='lat' dir='ltr'><strong>sibi</strong></span> <span class='ocrx_word' id='word_1_101' title='bbox 1422 1367 1629 1421; x_wconf 85' lang='lat' dir='ltr'><strong>sociare</strong></span> <span class='ocrx_word' id='word_1_102' title='bbox 1662 1364 1914 1432; x_wconf 85' lang='lat' dir='ltr'><strong>impares,</strong></span> <span class='ocrx_word' id='word_1_103' title='bbox 1941 1375 2009 1415; x_wconf 88' lang='lat' dir='ltr'><strong>ne</strong></span> 
     </span>
    </p>
   </div>
   <div class='ocr_carea' id='block_1_15' title="bbox 444 1455 2010 1539">
    <p class='ocr_par' dir='ltr' id='par_1_15' title="bbox 444 1455 2010 1539">
     <span class='ocr_line' id='line_1_15' title="bbox 444 1455 2010 1539; baseline -0.011 -15"><span class='ocrx_word' id='word_1_104' title='bbox 444 1468 747 1539; x_wconf 86' lang='lat' dir='ltr'><strong>bujusmodi</strong></span> <span class='ocrx_word' id='word_1_105' title='bbox 778 1464 1072 1535; x_wconf 83' lang='lat' dir='ltr'><strong>suscipiant</strong></span> <span class='ocrx_word' id='word_1_106' title='bbox 1115 1463 1335 1526; x_wconf 89' lang='lat' dir='ltr'><strong>liberos,</strong></span> <span class='ocrx_word' id='word_1_107' title='bbox 1366 1474 1502 1530; x_wconf 87' lang='lat' dir='ltr'><strong>quos</strong></span> <span class='ocrx_word' id='word_1_108' title='bbox 1544 1456 1783 1513; x_wconf 70' lang='lat' dir='ltr'><strong>bmredes</strong></span> <span class='ocrx_word' id='word_1_109' title='bbox 1810 1455 2010 1509; x_wconf 85' lang='lat' dir='ltr'><strong>habere</strong></span> 
     </span>
    </p>
   </div>
   <div class='ocr_carea' id='block_1_16' title="bbox 445 1548 2011 1627">
    <p class='ocr_par' dir='ltr' id='par_1_16' title="bbox 445 1548 2011 1627">
     <span class='ocr_line' id='line_1_16' title="bbox 445 1548 2011 1627; baseline -0.011 -13"><span class='ocrx_word' id='word_1_110' title='bbox 445 1576 548 1614; x_wconf 87' lang='lat' dir='ltr'><strong>non</strong></span> <span class='ocrx_word' id='word_1_111' title='bbox 581 1558 816 1627; x_wconf 89' lang='lat' dir='ltr'><strong>possint;</strong></span> <span class='ocrx_word' id='word_1_112' title='bbox 851 1566 909 1610; x_wconf 90' lang='lat' dir='ltr'><strong>ut</strong></span> <span class='ocrx_word' id='word_1_113' title='bbox 933 1555 1016 1609; x_wconf 86' lang='lat' dir='ltr'><strong>vel</strong></span> <span class='ocrx_word' id='word_1_114' title='bbox 1052 1551 1488 1608; x_wconf 77' lang='lat' dir='ltr'><strong>transfundendze</strong></span> <span class='ocrx_word' id='word_1_115' title='bbox 1531 1548 1860 1604; x_wconf 78' lang='lat' dir='ltr'><strong>luereditatis</strong></span> <span class='ocrx_word' id='word_1_116' title='bbox 1884 1561 2011 1601; x_wconf 87' lang='lat' dir='ltr'><strong>con-</strong></span> 
     </span>
    </p>
   </div>
   <div class='ocr_carea' id='block_1_17' title="bbox 446 1639 2009 1719">
    <p class='ocr_par' dir='ltr' id='par_1_17' title="bbox 446 1639 2009 1719">
     <span class='ocr_line' id='line_1_17' title="bbox 446 1639 2009 1719; baseline -0.011 -14"><span class='ocrx_word' id='word_1_117' title='bbox 446 1650 810 1719; x_wconf 87' lang='lat' dir='ltr'><strong>templatione,</strong></span> <span class='ocrx_word' id='word_1_118' title='bbox 857 1648 899 1702; x_wconf 93' lang='lat' dir='ltr'><strong>si</strong></span> <span class='ocrx_word' id='word_1_119' title='bbox 954 1645 1096 1700; x_wconf 90' lang='lat' dir='ltr'><strong>nullo</strong></span> <span class='ocrx_word' id='word_1_120' title='bbox 1146 1644 1386 1698; x_wconf 82' lang='lat' dir='ltr'><strong>contuitu</strong></span> <span class='ocrx_word' id='word_1_121' title='bbox 1438 1639 1657 1710; x_wconf 89' lang='lat' dir='ltr'><strong>pudoris</strong></span> <span class='ocrx_word' id='word_1_122' title='bbox 1708 1647 2009 1698; x_wconf 84' lang='lat' dir='ltr'><strong>moventur,</strong></span> 
     </span>
    </p>
   </div>
   <div class='ocr_carea' id='block_1_18' title="bbox 446 1727 2013 1811">
    <p class='ocr_par' dir='ltr' id='par_1_18' title="bbox 446 1727 2013 1811">
     <span class='ocr_line' id='line_1_18' title="bbox 446 1727 2013 1811; baseline -0.01 -16"><span class='ocrx_word' id='word_1_123' title='bbox 446 1742 608 1811; x_wconf 81' lang='lat' dir='ltr'><strong>digno</strong></span> <span class='ocrx_word' id='word_1_124' title='bbox 658 1740 910 1794; x_wconf 83' lang='lat' dir='ltr'><strong>studeant</strong></span> <span class='ocrx_word' id='word_1_125' title='bbox 957 1734 1322 1790; x_wconf 87' lang='lat' dir='ltr'><strong>matrimonio.</strong></span> <span class='ocrx_word' id='word_1_126' title='bbox 1353 1752 1371 1784; x_wconf 75' lang='grc' dir='ltr'><strong>ι</strong></span> <span class='ocrx_word' id='word_1_127' title='bbox 1422 1731 1658 1786; x_wconf 82' lang='lat' dir='ltr'><strong>Audiant</strong></span> <span class='ocrx_word' id='word_1_128' title='bbox 1714 1728 1877 1798; x_wconf 79' lang='lat' dir='ltr'><strong>igitur</strong></span> <span class='ocrx_word' id='word_1_129' title='bbox 1922 1727 2013 1796; x_wconf 85' lang='lat' dir='ltr'><strong>qui</strong></span> 
     </span>
    </p>
   </div>
   <div class='ocr_carea' id='block_1_19' title="bbox 2091 542 3667 611">
    <p class='ocr_par' dir='ltr' id='par_1_19' title="bbox 2091 542 3667 611">
     <span class='ocr_line' id='line_1_19' title="bbox 2091 542 3667 611; baseline 0.001 -16"><span class='ocrx_word' id='word_1_130' title='bbox 2091 556 2339 596; x_wconf 85' lang='lat' dir='ltr'><strong>sermone</strong></span> <span class='ocrx_word' id='word_1_131' title='bbox 2383 543 2450 595; x_wconf 86' lang='lat' dir='ltr'><strong>ad</strong></span> <span class='ocrx_word' id='word_1_132' title='bbox 2495 543 2783 611; x_wconf 89' lang='lat' dir='ltr'><strong>populum,</strong></span> <span class='ocrx_word' id='word_1_133' title='bbox 2815 542 2966 611; x_wconf 83' lang='lat' dir='ltr'><strong>cujus</strong></span> <span class='ocrx_word' id='word_1_134' title='bbox 3014 543 3197 596; x_wconf 86' lang='lat' dir='ltr'><strong>titulus</strong></span> <span class='ocrx_word' id='word_1_135' title='bbox 3239 551 3320 596; x_wconf 85' lang='lat' dir='ltr'><strong>est</strong></span> <span class='ocrx_word' id='word_1_136' title='bbox 3368 543 3434 597; x_wconf 86' lang='lat' dir='ltr'><strong>de</strong></span> <span class='ocrx_word' id='word_1_137' title='bbox 3480 543 3667 597; x_wconf 79' lang='lat' dir='ltr'><strong>decent</strong></span> 
     </span>
    </p>
   </div>
   <div class='ocr_carea' id='block_1_20' title="bbox 2092 630 3671 704">
    <p class='ocr_par' dir='ltr' id='par_1_20' title="bbox 2092 630 3671 704">
     <span class='ocr_line' id='line_1_20' title="bbox 2092 630 3671 704; baseline 0.001 -18"><span class='ocrx_word' id='word_1_138' title='bbox 2092 633 2309 687; x_wconf 79' lang='lat' dir='ltr'><strong>chordis</strong></span> <span class='ocrx_word' id='word_1_139' title='bbox 2327 631 2479 704; x_wconf 84' lang='lat' dir='ltr'><strong>(Cap.</strong></span> <span class='ocrx_word' id='word_1_140' title='bbox 2509 632 2600 702; x_wconf 72' lang='lat'><strong>20)</strong></span> <span class='ocrx_word' id='word_1_141' title='bbox 2631 652 2643 686; x_wconf 90' lang='lat'><strong>:</strong></span> <span class='ocrx_word' id='word_1_142' title='bbox 2676 630 2707 683; x_wconf 82' lang='grc' dir='ltr'><strong>ι’</strong></span> <span class='ocrx_word' id='word_1_143' title='bbox 2725 633 2864 697; x_wconf 79' lang='lat' dir='ltr'><strong>Noli,</strong></span> <span class='ocrx_word' id='word_1_144' title='bbox 2889 634 3083 702; x_wconf 86' lang='lat' dir='ltr'><strong>inquit,</strong></span> <span class='ocrx_word' id='word_1_145' title='bbox 3109 634 3285 688; x_wconf 86' lang='lat' dir='ltr'><strong>dicere</strong></span> <span class='ocrx_word' id='word_1_146' title='bbox 3311 632 3430 697; x_wconf 87' lang='lat' dir='ltr'><strong>tibi,</strong></span> <span class='ocrx_word' id='word_1_147' title='bbox 3455 634 3671 702; x_wconf 85' lang='lat' dir='ltr'><strong>quando</strong></span> 
     </span>
    </p>
   </div>
   <div class='ocr_carea' id='block_1_21' title="bbox 2096 724 3670 796">
    <p class='ocr_par' dir='ltr' id='par_1_21' title="bbox 2096 724 3670 796">
     <span class='ocr_line' id='line_1_21' title="bbox 2096 724 3670 796; baseline 0.001 -19"><span class='ocrx_word' id='word_1_148' title='bbox 2096 724 2232 779; x_wconf 91' lang='lat' dir='ltr'><strong>forte</strong></span> <span class='ocrx_word' id='word_1_149' title='bbox 2276 725 2613 779; x_wconf 83' lang='lat' dir='ltr'><strong>luxurianter</strong></span> <span class='ocrx_word' id='word_1_150' title='bbox 2660 725 2862 795; x_wconf 77' lang='lat' dir='ltr'><strong>aliquid</strong></span> <span class='ocrx_word' id='word_1_151' title='bbox 2891 727 2973 779; x_wconf 87' lang='lat' dir='ltr'><strong>vis</strong></span> <span class='ocrx_word' id='word_1_152' title='bbox 3012 741 3170 796; x_wconf 88' lang='lat' dir='ltr'><strong>agere</strong></span> <span class='ocrx_word' id='word_1_153' title='bbox 3196 725 3420 779; x_wconf 79' lang='lat' dir='ltr'><strong>:Adhue</strong></span> <span class='ocrx_word' id='word_1_154' title='bbox 3447 740 3670 779; x_wconf 77' lang='lat' dir='ltr'><strong>uxorem</strong></span> 
     </span>
    </p>
   </div>
   <div class='ocr_carea' id='block_1_22' title="bbox 2098 816 3673 885">
    <p class='ocr_par' dir='ltr' id='par_1_22' title="bbox 2098 816 3673 885">
     <span class='ocr_line' id='line_1_22' title="bbox 2098 816 3673 885; baseline 0.001 -18"><span class='ocrx_word' id='word_1_155' title='bbox 2098 830 2203 868; x_wconf 92' lang='lat' dir='ltr'><strong>non</strong></span> <span class='ocrx_word' id='word_1_156' title='bbox 2248 816 2444 879; x_wconf 86' lang='lat' dir='ltr'><strong>habeo,</strong></span> <span class='ocrx_word' id='word_1_157' title='bbox 2474 816 2611 870; x_wconf 88' lang='lat' dir='ltr'><strong>facio</strong></span> <span class='ocrx_word' id='word_1_158' title='bbox 2636 817 2779 885; x_wconf 85' lang='lat' dir='ltr'><strong>quod</strong></span> <span class='ocrx_word' id='word_1_159' title='bbox 2808 816 2960 879; x_wconf 85' lang='lat' dir='ltr'><strong>volo;</strong></span> <span class='ocrx_word' id='word_1_160' title='bbox 2996 831 3099 869; x_wconf 91' lang='lat' dir='ltr'><strong>non</strong></span> <span class='ocrx_word' id='word_1_161' title='bbox 3124 816 3267 870; x_wconf 91' lang='lat' dir='ltr'><strong>enim</strong></span> <span class='ocrx_word' id='word_1_162' title='bbox 3293 824 3415 885; x_wconf 89' lang='lat' dir='ltr'><strong>post</strong></span> <span class='ocrx_word' id='word_1_163' title='bbox 3448 831 3673 870; x_wconf 79' lang='lat' dir='ltr'><strong>uxorem</strong></span> 
     </span>
    </p>
   </div>
   <div class='ocr_carea' id='block_1_23' title="bbox 2098 903 3671 976">
    <p class='ocr_par' dir='ltr' id='par_1_23' title="bbox 2098 903 3671 976">
     <span class='ocr_line' id='line_1_23' title="bbox 2098 903 3671 976; baseline -0.002 -16"><span class='ocrx_word' id='word_1_164' title='bbox 2098 921 2274 960; x_wconf 87' lang='lat' dir='ltr'><strong>meam</strong></span> <span class='ocrx_word' id='word_1_165' title='bbox 2314 921 2499 976; x_wconf 88' lang='lat' dir='ltr'><strong>pecco.</strong></span> <span class='ocrx_word' id='word_1_166' title='bbox 2546 905 2664 961; x_wconf 83' lang='lat' dir='ltr'><strong>Jam</strong></span> <span class='ocrx_word' id='word_1_167' title='bbox 2707 907 2846 959; x_wconf 86' lang='lat' dir='ltr'><strong>nosti</strong></span> <span class='ocrx_word' id='word_1_168' title='bbox 2892 905 3121 974; x_wconf 87' lang='lat' dir='ltr'><strong>pretium</strong></span> <span class='ocrx_word' id='word_1_169' title='bbox 3163 914 3342 969; x_wconf 89' lang='lat' dir='ltr'><strong>tuum;</strong></span> <span class='ocrx_word' id='word_1_170' title='bbox 3370 903 3481 972; x_wconf 84' lang='lat' dir='ltr'><strong>jam</strong></span> <span class='ocrx_word' id='word_1_171' title='bbox 3532 904 3671 958; x_wconf 80' lang='lat' dir='ltr'><strong>nosti</strong></span> 
     </span>
    </p>
   </div>
   <div class='ocr_carea' id='block_1_24' title="bbox 2099 982 3676 1066">
    <p class='ocr_par' dir='ltr' id='par_1_24' title="bbox 2099 982 3676 1066">
     <span class='ocr_line' id='line_1_24' title="bbox 2099 982 3676 1066; baseline -0.002 -16"><span class='ocrx_word' id='word_1_172' title='bbox 2099 1010 2207 1065; x_wconf 90' lang='lat' dir='ltr'><strong>quo</strong></span> <span class='ocrx_word' id='word_1_173' title='bbox 2233 995 2625 1066; x_wconf 86' lang='lat' dir='ltr'><strong>accedais,quid</strong></span> <span class='ocrx_word' id='word_1_174' title='bbox 2648 996 2959 1059; x_wconf 84' lang='lat' dir='ltr'><strong>manduces,</strong></span> <span class='ocrx_word' id='word_1_175' title='bbox 2990 996 3115 1064; x_wconf 89' lang='lat' dir='ltr'><strong>quid</strong></span> <span class='ocrx_word' id='word_1_176' title='bbox 3150 996 3334 1050; x_wconf 53' lang='lat' dir='ltr'><strong>.bibas.</strong></span> <span class='ocrx_word' id='word_1_177' title='bbox 3367 982 3593 1049; x_wconf 78' lang='lat' dir='ltr'><strong>Abstine</strong></span> <span class='ocrx_word' id='word_1_178' title='bbox 3623 1004 3676 1049; x_wconf 82' lang='lat' dir='ltr'><strong>te</strong></span> 
     </span>
    </p>
   </div>
   <div class='ocr_carea' id='block_1_25' title="bbox 2103 1085 3677 1141">
    <p class='ocr_par' dir='ltr' id='par_1_25' title="bbox 2103 1085 3677 1141">
     <span class='ocr_line' id='line_1_25' title="bbox 2103 1085 3677 1141; baseline -0.001 0"><span class='ocrx_word' id='word_1_179' title='bbox 2103 1102 2133 1141; x_wconf 87' lang='lat' dir='ltr'><strong>a</strong></span> <span class='ocrx_word' id='word_1_180' title='bbox 2163 1085 2604 1141; x_wconf 89' lang='lat' dir='ltr'><strong>fornicatiouibus</strong></span> <span class='ocrx_word' id='word_1_181' title='bbox 2630 1104 2643 1139; x_wconf 91' lang='lat'><strong>:</strong></span> <span class='ocrx_word' id='word_1_182' title='bbox 2671 1101 2736 1139; x_wconf 90' lang='lat' dir='ltr'><strong>ne</strong></span> <span class='ocrx_word' id='word_1_183' title='bbox 2776 1085 2913 1139; x_wconf 88' lang='lat' dir='ltr'><strong>forte</strong></span> <span class='ocrx_word' id='word_1_184' title='bbox 2940 1087 3089 1140; x_wconf 87' lang='lat' dir='ltr'><strong>dicas</strong></span> <span class='ocrx_word' id='word_1_185' title='bbox 3114 1086 3243 1139; x_wconf 86' lang='lat' dir='ltr'><strong>mihi</strong></span> <span class='ocrx_word' id='word_1_186' title='bbox 3267 1100 3282 1139; x_wconf 90' lang='lat'><strong>:</strong></span> <span class='ocrx_word' id='word_1_187' title='bbox 3303 1085 3383 1139; x_wconf 83' lang='lat' dir='ltr'><strong>Ad</strong></span> <span class='ocrx_word' id='word_1_188' title='bbox 3412 1085 3677 1140; x_wconf 87' lang='lat' dir='ltr'><strong>fornicem</strong></span> 
     </span>
    </p>
   </div>
   <div class='ocr_carea' id='block_1_26' title="bbox 2103 1174 3678 1245">
    <p class='ocr_par' dir='ltr' id='par_1_26' title="bbox 2103 1174 3678 1245">
     <span class='ocr_line' id='line_1_26' title="bbox 2103 1174 3678 1245; baseline -0.001 -16"><span class='ocrx_word' id='word_1_189' title='bbox 2103 1175 2262 1239; x_wconf 90' lang='lat' dir='ltr'><strong>vado,</strong></span> <span class='ocrx_word' id='word_1_190' title='bbox 2288 1175 2353 1228; x_wconf 88' lang='lat' dir='ltr'><strong>ad</strong></span> <span class='ocrx_word' id='word_1_191' title='bbox 2383 1175 2720 1229; x_wconf 85' lang='lat' dir='ltr'><strong>meretricem</strong></span> <span class='ocrx_word' id='word_1_192' title='bbox 2748 1189 2912 1245; x_wconf 84' lang='lat' dir='ltr'><strong>pergo</strong></span> <span class='ocrx_word' id='word_1_193' title='bbox 2932 1215 2946 1238; x_wconf 93' lang='lat'><strong>,</strong></span> <span class='ocrx_word' id='word_1_194' title='bbox 2976 1175 3054 1228; x_wconf 87' lang='lat' dir='ltr'><strong>ad-</strong></span> <span class='ocrx_word' id='word_1_195' title='bbox 3072 1174 3414 1244; x_wconf 90' lang='lat' dir='ltr'><strong>prostitutam</strong></span> <span class='ocrx_word' id='word_1_196' title='bbox 3446 1190 3542 1239; x_wconf 89' lang='lat' dir='ltr'><strong>eo;</strong></span> <span class='ocrx_word' id='word_1_197' title='bbox 3577 1190 3678 1228; x_wconf 90' lang='lat' dir='ltr'><strong>nec</strong></span> 
     </span>
    </p>
   </div>
   <div class='ocr_carea' id='block_1_27' title="bbox 2106 1262 3681 1335">
    <p class='ocr_par' dir='ltr' id='par_1_27' title="bbox 2106 1262 3681 1335">
     <span class='ocr_line' id='line_1_27' title="bbox 2106 1262 3681 1335; baseline -0.001 -15"><span class='ocrx_word' id='word_1_198' title='bbox 2106 1266 2238 1321; x_wconf 90' lang='lat' dir='ltr'><strong>illud</strong></span> <span class='ocrx_word' id='word_1_199' title='bbox 2264 1275 2586 1335; x_wconf 59' lang='lat' dir='ltr'><strong>praeceptum</strong></span> <span class='ocrx_word' id='word_1_200' title='bbox 2612 1265 2754 1319; x_wconf 88' lang='lat' dir='ltr'><strong>violo</strong></span> <span class='ocrx_word' id='word_1_201' title='bbox 2780 1281 2886 1335; x_wconf 89' lang='lat' dir='ltr'><strong>quo</strong></span> <span class='ocrx_word' id='word_1_202' title='bbox 2910 1267 3109 1319; x_wconf 91' lang='lat' dir='ltr'><strong>dictum</strong></span> <span class='ocrx_word' id='word_1_203' title='bbox 3139 1273 3224 1319; x_wconf 92' lang='lat' dir='ltr'><strong>est</strong></span> <span class='ocrx_word' id='word_1_204' title='bbox 3248 1284 3260 1317; x_wconf 90' lang='lat'><strong>:</strong></span> <span class='ocrx_word' id='word_1_205' title='bbox 3288 1262 3411 1318; x_wconf 89' lang='lat' dir='ltr'><strong>Non</strong></span> <span class='ocrx_word' id='word_1_206' title='bbox 3451 1266 3681 1318; x_wconf 73' lang='lat' dir='ltr'><strong>ma’clm-</strong></span> 
     </span>
    </p>
   </div>
   <div class='ocr_carea' id='block_1_28' title="bbox 2110 1355 3678 1428">
    <p class='ocr_par' dir='ltr' id='par_1_28' title="bbox 2110 1355 3678 1428">
     <span class='ocr_line' id='line_1_28' title="bbox 2110 1355 3678 1428; baseline -0.003 -18"><span class='ocrx_word' id='word_1_207' title='bbox 2110 1357 2241 1411; x_wconf 85' lang='lat' dir='ltr'><strong>beris</strong></span> <span class='ocrx_word' id='word_1_208' title='bbox 2271 1355 2470 1427; x_wconf 76' lang='lat' dir='ltr'><strong>(Exod.</strong></span> <span class='ocrx_word' id='word_1_209' title='bbox 2522 1373 2615 1422; x_wconf 86' lang='lat' dir='ltr'><strong>xx,</strong></span> <span class='ocrx_word' id='word_1_210' title='bbox 2651 1356 2763 1428; x_wconf 76' lang='lat' dir='ltr'><strong>M),</strong></span> <span class='ocrx_word' id='word_1_211' title='bbox 2804 1357 2927 1426; x_wconf 89' lang='lat' dir='ltr'><strong>quia</strong></span> <span class='ocrx_word' id='word_1_212' title='bbox 2952 1371 3174 1410; x_wconf 80' lang='lat' dir='ltr'><strong>uxorem</strong></span> <span class='ocrx_word' id='word_1_213' title='bbox 3218 1357 3450 1410; x_wconf 90' lang='lat' dir='ltr'><strong>nondum</strong></span> <span class='ocrx_word' id='word_1_214' title='bbox 3487 1356 3678 1421; x_wconf 65' lang='lat' dir='ltr'><strong>balteo,</strong></span> 
     </span>
    </p>
   </div>
   <div class='ocr_carea' id='block_1_29' title="bbox 2108 1447 3679 1519">
    <p class='ocr_par' dir='ltr' id='par_1_29' title="bbox 2108 1447 3679 1519">
     <span class='ocr_line' id='line_1_29' title="bbox 2108 1447 3679 1519; baseline -0.002 -16"><span class='ocrx_word' id='word_1_215' title='bbox 2108 1464 2211 1503; x_wconf 88' lang='lat' dir='ltr'><strong>nec</strong></span> <span class='ocrx_word' id='word_1_216' title='bbox 2246 1456 2367 1519; x_wconf 88' lang='lat' dir='ltr'><strong>post</strong></span> <span class='ocrx_word' id='word_1_217' title='bbox 2405 1449 2550 1503; x_wconf 86' lang='lat' dir='ltr'><strong>illam</strong></span> <span class='ocrx_word' id='word_1_218' title='bbox 2595 1448 2796 1518; x_wconf 88' lang='lat' dir='ltr'><strong>aliquid</strong></span> <span class='ocrx_word' id='word_1_219' title='bbox 2842 1448 3012 1514; x_wconf 83' lang='lat' dir='ltr'><strong>facio;</strong></span> <span class='ocrx_word' id='word_1_220' title='bbox 3055 1463 3154 1502; x_wconf 89' lang='lat' dir='ltr'><strong>nec</strong></span> <span class='ocrx_word' id='word_1_221' title='bbox 3198 1447 3325 1501; x_wconf 90' lang='lat' dir='ltr'><strong>illud</strong></span> <span class='ocrx_word' id='word_1_222' title='bbox 3356 1457 3679 1517; x_wconf 68' lang='lat' dir='ltr'><strong>praeceptum</strong></span> 
     </span>
    </p>
   </div>
   <div class='ocr_carea' id='block_1_30' title="bbox 2111 1540 3683 1611">
    <p class='ocr_par' dir='ltr' id='par_1_30' title="bbox 2111 1540 3683 1611">
     <span class='ocr_line' id='line_1_30' title="bbox 2111 1540 3683 1611; baseline -0.001 -16"><span class='ocrx_word' id='word_1_223' title='bbox 2111 1541 2271 1604; x_wconf 86' lang='lat' dir='ltr'><strong>violo,</strong></span> <span class='ocrx_word' id='word_1_224' title='bbox 2296 1542 2387 1597; x_wconf 90' lang='lat' dir='ltr'><strong>ubi</strong></span> <span class='ocrx_word' id='word_1_225' title='bbox 2414 1541 2615 1597; x_wconf 87' lang='lat' dir='ltr'><strong>dictum</strong></span> <span class='ocrx_word' id='word_1_226' title='bbox 2642 1550 2725 1595; x_wconf 88' lang='lat' dir='ltr'><strong>est</strong></span> <span class='ocrx_word' id='word_1_227' title='bbox 2754 1560 2766 1594; x_wconf 91' lang='lat'><strong>:</strong></span> <span class='ocrx_word' id='word_1_228' title='bbox 2796 1540 2918 1595; x_wconf 86' lang='lat' dir='ltr'><strong>Non</strong></span> <span class='ocrx_word' id='word_1_229' title='bbox 2958 1541 3284 1611; x_wconf 77' lang='lat' dir='ltr'><strong>concupisces</strong></span> <span class='ocrx_word' id='word_1_230' title='bbox 3304 1556 3529 1593; x_wconf 70' lang='lat' dir='ltr'><strong>uxorem</strong></span> <span class='ocrx_word' id='word_1_231' title='bbox 3562 1557 3683 1611; x_wconf 85' lang='lat' dir='ltr'><strong>pro-</strong></span> 
     </span>
    </p>
   </div>
   <div class='ocr_carea' id='block_1_31' title="bbox 2112 1629 3684 1704">
    <p class='ocr_par' dir='ltr' id='par_1_31' title="bbox 2112 1629 3684 1704">
     <span class='ocr_line' id='line_1_31' title="bbox 2112 1629 3684 1704; baseline -0.004 -16"><span class='ocrx_word' id='word_1_232' title='bbox 2112 1634 2243 1688; x_wconf 80' lang='lat' dir='ltr'><strong>:cimi</strong></span> <span class='ocrx_word' id='word_1_233' title='bbox 2267 1635 2343 1687; x_wconf 87' lang='lat' dir='ltr'><strong>tui</strong></span> <span class='ocrx_word' id='word_1_234' title='bbox 2367 1633 2554 1703; x_wconf 88' lang='lat' dir='ltr'><strong>(Ibid.,</strong></span> <span class='ocrx_word' id='word_1_235' title='bbox 2579 1631 2688 1704; x_wconf 84' lang='grc'>17),</span> <span class='ocrx_word' id='word_1_236' title='bbox 2719 1632 2842 1701; x_wconf 87' lang='lat' dir='ltr'><strong>quia</strong></span> <span class='ocrx_word' id='word_1_237' title='bbox 2873 1630 2940 1685; x_wconf 86' lang='lat' dir='ltr'><strong>ad</strong></span> <span class='ocrx_word' id='word_1_238' title='bbox 2968 1630 3236 1700; x_wconf 82' lang='lat' dir='ltr'><strong>publicum</strong></span> <span class='ocrx_word' id='word_1_239' title='bbox 3263 1630 3431 1695; x_wconf 88' lang='lat' dir='ltr'><strong>vado;</strong></span> <span class='ocrx_word' id='word_1_240' title='bbox 3460 1630 3511 1683; x_wconf 91' lang='lat' dir='ltr'><strong>in</strong></span> <span class='ocrx_word' id='word_1_241' title='bbox 3542 1629 3684 1697; x_wconf 75' lang='lat' dir='ltr'><strong>quod</strong></span> 
     </span>
    </p>
   </div>
   <div class='ocr_carea' id='block_1_32' title="bbox 2113 1726 3679 1797">
    <p class='ocr_par' dir='ltr' id='par_1_32' title="bbox 2113 1726 3679 1797">
     <span class='ocr_line' id='line_1_32' title="bbox 2113 1726 3679 1797; baseline -0.002 -15"><span class='ocrx_word' id='word_1_242' title='bbox 2113 1735 2437 1797; x_wconf 69' lang='lat' dir='ltr'><strong>praaceptum</strong></span> <span class='ocrx_word' id='word_1_243' title='bbox 2476 1727 2726 1782; x_wconf 86' lang='lat' dir='ltr'><strong>incurro?</strong></span> <span class='ocrx_word' id='word_1_244' title='bbox 2753 1726 2867 1781; x_wconf 86' lang='lat' dir='ltr'><strong>Non</strong></span> <span class='ocrx_word' id='word_1_245' title='bbox 2900 1727 3198 1781; x_wconf 86' lang='lat' dir='ltr'><strong>invenimus</strong></span> <span class='ocrx_word' id='word_1_246' title='bbox 3231 1727 3487 1781; x_wconf 86' lang='lat' dir='ltr'><strong>chordam</strong></span> <span class='ocrx_word' id='word_1_247' title='bbox 3517 1741 3679 1794; x_wconf 85' lang='lat' dir='ltr'><strong>quam</strong></span> 
     </span>
    </p>
   </div>
   <div class='ocr_carea' id='block_1_33' title="bbox 446 1815 3678 1897">
    <p class='ocr_par' dir='ltr' id='par_1_33' title="bbox 446 1815 3678 1897">
     <span class='ocr_line' id='line_1_33' title="bbox 446 1815 3678 1897; baseline -0.005 -11"><span class='ocrx_word' id='word_1_248' title='bbox 446 1848 643 1887; x_wconf 82' lang='lat' dir='ltr'><strong>uxores</strong></span> <span class='ocrx_word' id='word_1_249' title='bbox 688 1831 885 1885; x_wconf 88' lang='lat' dir='ltr'><strong>ducere</strong></span> <span class='ocrx_word' id='word_1_250' title='bbox 935 1829 1184 1897; x_wconf 83' lang='lat' dir='ltr'><strong>cupiunt,</strong></span> <span class='ocrx_word' id='word_1_251' title='bbox 1230 1824 1459 1894; x_wconf 85' lang='lat' dir='ltr'><strong>qualiter</strong></span> <span class='ocrx_word' id='word_1_252' title='bbox 1510 1820 1729 1892; x_wconf 79' lang='lat' dir='ltr'><strong>angelus</strong></span> <span class='ocrx_word' id='word_1_253' title='bbox 1774 1818 2014 1889; x_wconf 89' lang='lat' dir='ltr'><strong>Raphael</strong></span> <span class='ocrx_word' id='word_1_254' title='bbox 2042 1824 2088 1882; x_wconf 86' lang='lat' dir='ltr'><strong>B</strong></span> <span class='ocrx_word' id='word_1_255' title='bbox 2116 1827 2415 1889; x_wconf 84' lang='lat' dir='ltr'><strong>tangamus.</strong></span> <span class='ocrx_word' id='word_1_256' title='bbox 2448 1818 2564 1885; x_wconf 92' lang='lat' dir='ltr'><strong>Quo</strong></span> <span class='ocrx_word' id='word_1_257' title='bbox 2584 1834 2749 1873; x_wconf 83' lang='lat' dir='ltr'><strong>nervo</strong></span> <span class='ocrx_word' id='word_1_258' title='bbox 2775 1819 2999 1889; x_wconf 89' lang='lat' dir='ltr'><strong>ligemus</strong></span> <span class='ocrx_word' id='word_1_259' title='bbox 3029 1817 3308 1888; x_wconf 88' lang='lat' dir='ltr'><strong>fugitivum</strong></span> <span class='ocrx_word' id='word_1_260' title='bbox 3336 1817 3534 1871; x_wconf 89' lang='lat' dir='ltr'><strong>istum?</strong></span> <span class='ocrx_word' id='word_1_261' title='bbox 3562 1815 3678 1872; x_wconf 81' lang='lat' dir='ltr'><strong>Non</strong></span> 
     </span>
    </p>
   </div>
   <div class='ocr_carea' id='block_1_34' title="bbox 449 1909 2017 1985">
    <p class='ocr_par' dir='ltr' id='par_1_34' title="bbox 449 1909 2017 1985">
     <span class='ocr_line' id='line_1_34' title="bbox 449 1909 2017 1985; baseline -0.009 -7"><span class='ocrx_word' id='word_1_262' title='bbox 449 1923 671 1978; x_wconf 87' lang='lat' dir='ltr'><strong>Tobiam</strong></span> <span class='ocrx_word' id='word_1_263' title='bbox 702 1921 769 1976; x_wconf 87' lang='lat' dir='ltr'><strong>de</strong></span> <span class='ocrx_word' id='word_1_264' title='bbox 801 1934 970 1974; x_wconf 82' lang='lat' dir='ltr'><strong>uxore</strong></span> <span class='ocrx_word' id='word_1_265' title='bbox 1014 1918 1117 1972; x_wconf 88' lang='lat' dir='ltr'><strong>sibi</strong></span> <span class='ocrx_word' id='word_1_266' title='bbox 1146 1914 1515 1985; x_wconf 69' lang='lat' dir='ltr'><strong>coniungenda</strong></span> <span class='ocrx_word' id='word_1_267' title='bbox 1557 1910 1876 1967; x_wconf 77' lang='lat' dir='ltr'><strong>instruxerit</strong></span> <span class='ocrx_word' id='word_1_268' title='bbox 1902 1927 1916 1961; x_wconf 88' lang='lat'><strong>:</strong></span> <span class='ocrx_word' id='word_1_269' title='bbox 1945 1909 2017 1964; x_wconf 84' lang='lat' dir='ltr'><strong>Hi</strong></span> 
     </span>
    </p>
   </div>
   <div class='ocr_carea' id='block_1_35' title="bbox 450 1999 2017 2082">
    <p class='ocr_par' dir='ltr' id='par_1_35' title="bbox 450 1999 2017 2082">
     <span class='ocr_line' id='line_1_35' title="bbox 450 1999 2017 2082; baseline -0.01 -15"><span class='ocrx_word' id='word_1_270' title='bbox 450 2027 691 2082; x_wconf 79' lang='lat' dir='ltr'><strong>namque,</strong></span> <span class='ocrx_word' id='word_1_271' title='bbox 716 2009 907 2079; x_wconf 89' lang='lat' dir='ltr'><strong>inquit,</strong></span> <span class='ocrx_word' id='word_1_272' title='bbox 923 2008 1009 2079; x_wconf 82' lang='lat' dir='ltr'><strong>qui</strong></span> <span class='ocrx_word' id='word_1_273' title='bbox 1029 2002 1331 2075; x_wconf 71' lang='lat' dir='ltr'><strong>confugium</strong></span> <span class='ocrx_word' id='word_1_274' title='bbox 1350 2005 1424 2058; x_wconf 90' lang='lat' dir='ltr'><strong>ita</strong></span> <span class='ocrx_word' id='word_1_275' title='bbox 1445 2002 1757 2071; x_wconf 76' lang='lat' dir='ltr'><strong>suscipiunt,</strong></span> <span class='ocrx_word' id='word_1_276' title='bbox 1774 2010 1828 2054; x_wconf 89' lang='lat' dir='ltr'><strong>ut</strong></span> <span class='ocrx_word' id='word_1_277' title='bbox 1850 1999 2017 2053; x_wconf 90' lang='lat' dir='ltr'><strong>Deum</strong></span> 
     </span>
    </p>
   </div>
   <div class='ocr_carea' id='block_1_36' title="bbox 451 2093 2018 2160">
    <p class='ocr_par' dir='ltr' id='par_1_36' title="bbox 451 2093 2018 2160">
     <span class='ocr_line' id='line_1_36' title="bbox 451 2093 2018 2160; baseline -0.008 -4"><span class='ocrx_word' id='word_1_278' title='bbox 451 2120 483 2156; x_wconf 91' lang='lat' dir='ltr'><strong>a</strong></span> <span class='ocrx_word' id='word_1_279' title='bbox 512 2118 608 2155; x_wconf 87' lang='lat' dir='ltr'><strong>sua</strong></span> <span class='ocrx_word' id='word_1_280' title='bbox 654 2108 820 2153; x_wconf 79' lang='lat' dir='ltr'><strong>tuente</strong></span> <span class='ocrx_word' id='word_1_281' title='bbox 863 2097 1166 2160; x_wconf 74' lang='lat' dir='ltr'><strong>excludant,</strong></span> <span class='ocrx_word' id='word_1_282' title='bbox 1207 2106 1254 2149; x_wconf 89' lang='lat' dir='ltr'><strong>et</strong></span> <span class='ocrx_word' id='word_1_283' title='bbox 1293 2111 1403 2149; x_wconf 76' lang='lat' dir='ltr'><strong>suo:</strong></span> <span class='ocrx_word' id='word_1_284' title='bbox 1448 2093 1653 2146; x_wconf 78' lang='lat' dir='ltr'><strong>libidini</strong></span> <span class='ocrx_word' id='word_1_285' title='bbox 1691 2095 1766 2146; x_wconf 87' lang='lat' dir='ltr'><strong>ita</strong></span> <span class='ocrx_word' id='word_1_286' title='bbox 1816 2100 2018 2155; x_wconf 78' lang='lat' dir='ltr'><strong>vacent,</strong></span> 
     </span>
    </p>
   </div>
   <div class='ocr_carea' id='block_1_37' title="bbox 452 2183 2021 2263">
    <p class='ocr_par' dir='ltr' id='par_1_37' title="bbox 452 2183 2021 2263">
     <span class='ocr_line' id='line_1_37' title="bbox 452 2183 2021 2263; baseline -0.008 -16"><span class='ocrx_word' id='word_1_287' title='bbox 452 2196 583 2247; x_wconf 88' lang='lat' dir='ltr'><strong>sicut</strong></span> <span class='ocrx_word' id='word_1_288' title='bbox 612 2208 772 2263; x_wconf 81' lang='lat' dir='ltr'><strong>equus</strong></span> <span class='ocrx_word' id='word_1_289' title='bbox 801 2200 847 2245; x_wconf 87' lang='lat' dir='ltr'><strong>et</strong></span> <span class='ocrx_word' id='word_1_290' title='bbox 874 2189 1068 2253; x_wconf 86' lang='lat' dir='ltr'><strong>mulus,</strong></span> <span class='ocrx_word' id='word_1_291' title='bbox 1094 2189 1278 2259; x_wconf 80' lang='lat' dir='ltr'><strong>quibus</strong></span> <span class='ocrx_word' id='word_1_292' title='bbox 1309 2203 1410 2240; x_wconf 85' lang='lat' dir='ltr'><strong>non</strong></span> <span class='ocrx_word' id='word_1_293' title='bbox 1435 2195 1510 2239; x_wconf 87' lang='lat' dir='ltr'><strong>est</strong></span> <span class='ocrx_word' id='word_1_294' title='bbox 1531 2183 1842 2248; x_wconf 85' lang='lat' dir='ltr'><strong>intellectus,</strong></span> <span class='ocrx_word' id='word_1_295' title='bbox 1871 2183 2021 2236; x_wconf 87' lang='lat' dir='ltr'><strong>habet</strong></span> 
     </span>
    </p>
   </div>
   <div class='ocr_carea' id='block_1_38' title="bbox 451 2273 2022 2355">
    <p class='ocr_par' dir='ltr' id='par_1_38' title="bbox 451 2273 2022 2355">
     <span class='ocr_line' id='line_1_38' title="bbox 451 2273 2022 2355; baseline -0.008 -18"><span class='ocrx_word' id='word_1_296' title='bbox 451 2293 755 2355; x_wconf 84' lang='lat' dir='ltr'><strong>potestatem</strong></span> <span class='ocrx_word' id='word_1_297' title='bbox 788 2281 992 2335; x_wconf 74' lang='lat' dir='ltr'><strong>dwmon</strong></span> <span class='ocrx_word' id='word_1_298' title='bbox 1014 2295 1171 2348; x_wconf 83' lang='lat' dir='ltr'><strong>super</strong></span> <span class='ocrx_word' id='word_1_299' title='bbox 1191 2293 1296 2332; x_wconf 91' lang='lat' dir='ltr'><strong>eos.</strong></span> <span class='ocrx_word' id='word_1_300' title='bbox 1332 2275 1408 2330; x_wconf 84' lang='lat' dir='ltr'><strong>Tu</strong></span> <span class='ocrx_word' id='word_1_301' title='bbox 1426 2285 1598 2329; x_wconf 87' lang='lat' dir='ltr'><strong>autem</strong></span> <span class='ocrx_word' id='word_1_302' title='bbox 1627 2291 1744 2327; x_wconf 87' lang='lat' dir='ltr'><strong>cum</strong></span> <span class='ocrx_word' id='word_1_303' title='bbox 1768 2273 2022 2338; x_wconf 86' lang='lat' dir='ltr'><strong>acceperis</strong></span> 
     </span>
    </p>
   </div>
   <div class='ocr_carea' id='block_1_39' title="bbox 454 2366 2023 2444">
    <p class='ocr_par' dir='ltr' id='par_1_39' title="bbox 454 2366 2023 2444">
     <span class='ocr_line' id='line_1_39' title="bbox 454 2366 2023 2444; baseline -0.008 -15"><span class='ocrx_word' id='word_1_304' title='bbox 454 2392 591 2440; x_wconf 84' lang='lat' dir='ltr'><strong>eam,</strong></span> <span class='ocrx_word' id='word_1_305' title='bbox 608 2375 876 2444; x_wconf 64' lang='lat' dir='ltr'><strong>&quot;ingressus</strong></span> <span class='ocrx_word' id='word_1_306' title='bbox 905 2370 1223 2433; x_wconf 80' lang='lat' dir='ltr'><strong>cubiculum,</strong></span> <span class='ocrx_word' id='word_1_307' title='bbox 1245 2385 1336 2439; x_wconf 89' lang='lat' dir='ltr'><strong>per</strong></span> <span class='ocrx_word' id='word_1_308' title='bbox 1358 2378 1460 2422; x_wconf 89' lang='lat' dir='ltr'><strong>tres</strong></span> <span class='ocrx_word' id='word_1_309' title='bbox 1490 2368 1600 2421; x_wconf 88' lang='lat' dir='ltr'><strong>dies</strong></span> <span class='ocrx_word' id='word_1_310' title='bbox 1627 2366 1891 2420; x_wconf 84' lang='lat' dir='ltr'><strong>continens</strong></span> <span class='ocrx_word' id='word_1_311' title='bbox 1917 2374 2023 2418; x_wconf 90' lang='lat' dir='ltr'><strong>esto</strong></span> 
     </span>
    </p>
   </div>
   <div class='ocr_carea' id='block_1_40' title="bbox 457 2456 2023 2528">
    <p class='ocr_par' dir='ltr' id='par_1_40' title="bbox 457 2456 2023 2528">
     <span class='ocr_line' id='line_1_40' title="bbox 457 2456 2023 2528; baseline -0.004 -11"><span class='ocrx_word' id='word_1_312' title='bbox 457 2466 521 2518; x_wconf 89' lang='lat' dir='ltr'><strong>ab</strong></span> <span class='ocrx_word' id='word_1_313' title='bbox 547 2482 607 2519; x_wconf 91' lang='lat' dir='ltr'><strong>ea</strong></span> <span class='ocrx_word' id='word_1_314' title='bbox 633 2479 651 2517; x_wconf 92' lang='lat'><em>:</em></span> <span class='ocrx_word' id='word_1_315' title='bbox 675 2463 806 2518; x_wconf 80' lang='lat' dir='ltr'><strong>nihil</strong></span> <span class='ocrx_word' id='word_1_316' title='bbox 840 2462 987 2517; x_wconf 88' lang='lat' dir='ltr'><strong>aliud</strong></span> <span class='ocrx_word' id='word_1_317' title='bbox 1012 2462 1112 2515; x_wconf 83' lang='lat' dir='ltr'><strong>nisi</strong></span> <span class='ocrx_word' id='word_1_318' title='bbox 1145 2459 1372 2515; x_wconf 79' lang='lat' dir='ltr'><strong>orationi</strong></span> <span class='ocrx_word' id='word_1_319' title='bbox 1400 2460 1607 2514; x_wconf 85' lang='lat' dir='ltr'><strong>vacabis</strong></span> <span class='ocrx_word' id='word_1_320' title='bbox 1637 2475 1753 2512; x_wconf 88' lang='lat' dir='ltr'><strong>cum</strong></span> <span class='ocrx_word' id='word_1_321' title='bbox 1786 2475 1866 2512; x_wconf 85' lang='lat' dir='ltr'><strong>ea.</strong></span> <span class='ocrx_word' id='word_1_322' title='bbox 1900 2456 2023 2528; x_wconf 85' lang='lat' dir='ltr'><strong>Ipsa</strong></span> 
     </span>
    </p>
   </div>
   <div class='ocr_carea' id='block_1_41' title="bbox 457 2550 2023 2621">
    <p class='ocr_par' dir='ltr' id='par_1_41' title="bbox 457 2550 2023 2621">
     <span class='ocr_line' id='line_1_41' title="bbox 457 2550 2023 2621; baseline -0.003 -14"><span class='ocrx_word' id='word_1_323' title='bbox 457 2564 628 2608; x_wconf 79' lang='lat' dir='ltr'><strong>autem</strong></span> <span class='ocrx_word' id='word_1_324' title='bbox 665 2564 834 2617; x_wconf 88' lang='lat' dir='ltr'><strong>nocte,</strong></span> <span class='ocrx_word' id='word_1_325' title='bbox 858 2554 1069 2607; x_wconf 86' lang='lat' dir='ltr'><strong>incenso</strong></span> <span class='ocrx_word' id='word_1_326' title='bbox 1090 2550 1267 2621; x_wconf 86' lang='lat' dir='ltr'><strong>jecore</strong></span> <span class='ocrx_word' id='word_1_327' title='bbox 1298 2551 1478 2621; x_wconf 83' lang='lat' dir='ltr'><strong>piscis,</strong></span> <span class='ocrx_word' id='word_1_328' title='bbox 1505 2550 1771 2620; x_wconf 80' lang='lat' dir='ltr'><strong>fugabitur</strong></span> <span class='ocrx_word' id='word_1_329' title='bbox 1799 2550 2023 2603; x_wconf 66' lang='lat' dir='ltr'><strong>damon.</strong></span> 
     </span>
    </p>
   </div>
   <div class='ocr_carea' id='block_1_42' title="bbox 459 2638 2030 2709">
    <p class='ocr_par' dir='ltr' id='par_1_42' title="bbox 459 2638 2030 2709">
     <span class='ocr_line' id='line_1_42' title="bbox 459 2638 2030 2709; baseline -0.004 -12"><span class='ocrx_word' id='word_1_330' title='bbox 459 2643 703 2697; x_wconf 82' lang='lat' dir='ltr'><strong>Secunda</strong></span> <span class='ocrx_word' id='word_1_331' title='bbox 728 2658 846 2696; x_wconf 85' lang='lat' dir='ltr'><strong>vero</strong></span> <span class='ocrx_word' id='word_1_332' title='bbox 876 2651 1022 2694; x_wconf 86' lang='lat' dir='ltr'><strong>nocte</strong></span> <span class='ocrx_word' id='word_1_333' title='bbox 1048 2642 1102 2694; x_wconf 88' lang='lat' dir='ltr'><strong>in</strong></span> <span class='ocrx_word' id='word_1_334' title='bbox 1129 2638 1786 2709; x_wconf 83' lang='lat' dir='ltr'><strong>copulatione&#39;sanctorum</strong></span> <span class='ocrx_word' id='word_1_335' title='bbox 1808 2638 2030 2709; x_wconf 86' lang='lat' dir='ltr'><strong>patriar-</strong></span> 
     </span>
    </p>
   </div>
   <div class='ocr_carea' id='block_1_43' title="bbox 459 2727 2028 2786">
    <p class='ocr_par' dir='ltr' id='par_1_43' title="bbox 459 2727 2028 2786">
     <span class='ocr_line' id='line_1_43' title="bbox 459 2727 2028 2786; baseline -0.004 -1"><span class='ocrx_word' id='word_1_336' title='bbox 459 2733 675 2786; x_wconf 80' lang='lat' dir='ltr'><strong>charum</strong></span> <span class='ocrx_word' id='word_1_337' title='bbox 707 2731 1018 2785; x_wconf 86' lang='lat' dir='ltr'><strong>admitteris.</strong></span> <span class='ocrx_word' id='word_1_338' title='bbox 1048 2729 1224 2783; x_wconf 87' lang='lat' dir='ltr'><strong>Tertia</strong></span> <span class='ocrx_word' id='word_1_339' title='bbox 1253 2737 1425 2782; x_wconf 87' lang='lat' dir='ltr'><strong>autem</strong></span> <span class='ocrx_word' id='word_1_340' title='bbox 1452 2738 1597 2783; x_wconf 86' lang='lat' dir='ltr'><strong>nocte</strong></span> <span class='ocrx_word' id='word_1_341' title='bbox 1626 2727 2028 2782; x_wconf 80' lang='lat' dir='ltr'><strong>benedictionem</strong></span> 
     </span>
    </p>
   </div>
   <div class='ocr_carea' id='block_1_44' title="bbox 456 2818 2026 2893">
    <p class='ocr_par' dir='ltr' id='par_1_44' title="bbox 456 2818 2026 2893">
     <span class='ocr_line' id='line_1_44' title="bbox 456 2818 2026 2893; baseline -0.004 -17"><span class='ocrx_word' id='word_1_342' title='bbox 456 2823 804 2893; x_wconf 82' lang='lat' dir='ltr'><strong>consequeris,</strong></span> <span class='ocrx_word' id='word_1_343' title='bbox 827 2830 882 2874; x_wconf 91' lang='lat' dir='ltr'><strong>ut</strong></span> <span class='ocrx_word' id='word_1_344' title='bbox 927 2820 1025 2889; x_wconf 79' lang='lat' dir='ltr'><strong>ﬁlii</strong></span> <span class='ocrx_word' id='word_1_345' title='bbox 1068 2835 1132 2873; x_wconf 78' lang='lat' dir='ltr'><strong>ea:</strong></span> <span class='ocrx_word' id='word_1_346' title='bbox 1172 2819 1312 2874; x_wconf 70' lang='lat' dir='ltr'><strong>vobis</strong></span> <span class='ocrx_word' id='word_1_347' title='bbox 1360 2818 1645 2873; x_wconf 85' lang='lat' dir='ltr'><strong>incolumes</strong></span> <span class='ocrx_word' id='word_1_348' title='bbox 1674 2828 2026 2887; x_wconf 71' lang='lat' dir='ltr'><strong>procreantur.</strong></span> 
     </span>
    </p>
   </div>
   <div class='ocr_carea' id='block_1_45' title="bbox 461 2908 2028 2978">
    <p class='ocr_par' dir='ltr' id='par_1_45' title="bbox 461 2908 2028 2978">
     <span class='ocr_line' id='line_1_45' title="bbox 461 2908 2028 2978; baseline -0.003 -13"><span class='ocrx_word' id='word_1_349' title='bbox 461 2912 749 2966; x_wconf 78' lang='lat' dir='ltr'><strong>Transacto</strong></span> <span class='ocrx_word' id='word_1_350' title='bbox 791 2920 965 2964; x_wconf 87' lang='lat' dir='ltr'><strong>autem</strong></span> <span class='ocrx_word' id='word_1_351' title='bbox 994 2911 1146 2963; x_wconf 88' lang='lat' dir='ltr'><strong>tertia</strong></span> <span class='ocrx_word' id='word_1_352' title='bbox 1175 2919 1319 2962; x_wconf 86' lang='lat' dir='ltr'><strong>nocte</strong></span> <span class='ocrx_word' id='word_1_353' title='bbox 1337 2949 1351 2973; x_wconf 95' lang='lat'><strong>,</strong></span> <span class='ocrx_word' id='word_1_354' title='bbox 1382 2909 1602 2978; x_wconf 82' lang='lat' dir='ltr'><strong>accipies</strong></span> <span class='ocrx_word' id='word_1_355' title='bbox 1633 2908 1883 2975; x_wconf 80' lang='lat' dir='ltr'><strong>virginem</strong></span> <span class='ocrx_word' id='word_1_356' title='bbox 1911 2925 2028 2961; x_wconf 85' lang='lat' dir='ltr'><strong>cum</strong></span> 
     </span>
    </p>
   </div>
   <div class='ocr_carea' id='block_1_46' title="bbox 458 2996 2029 3068">
    <p class='ocr_par' dir='ltr' id='par_1_46' title="bbox 458 2996 2029 3068">
     <span class='ocr_line' id='line_1_46' title="bbox 458 2996 2029 3068; baseline -0.001 -15"><span class='ocrx_word' id='word_1_357' title='bbox 458 3004 642 3055; x_wconf 84' lang='lat' dir='ltr'><strong>timore</strong></span> <span class='ocrx_word' id='word_1_358' title='bbox 680 3001 889 3055; x_wconf 84' lang='lat' dir='ltr'><strong>Domini</strong></span> <span class='ocrx_word' id='word_1_359' title='bbox 912 3039 927 3065; x_wconf 92' lang='lat'><strong>,</strong></span> <span class='ocrx_word' id='word_1_360' title='bbox 959 3016 1137 3053; x_wconf 85' lang='lat' dir='ltr'><strong>amore</strong></span> <span class='ocrx_word' id='word_1_361' title='bbox 1164 2998 1395 3067; x_wconf 81' lang='lat' dir='ltr'><strong>ﬁliorum</strong></span> <span class='ocrx_word' id='word_1_362' title='bbox 1425 2999 1591 3067; x_wconf 87' lang='lat' dir='ltr'><strong>magis</strong></span> <span class='ocrx_word' id='word_1_363' title='bbox 1617 3014 1773 3068; x_wconf 85' lang='lat' dir='ltr'><strong>quam</strong></span> <span class='ocrx_word' id='word_1_364' title='bbox 1800 2996 2029 3051; x_wconf 85' lang='lat' dir='ltr'><strong>libidinis</strong></span> 
     </span>
    </p>
   </div>
   <div class='ocr_carea' id='block_1_47' title="bbox 459 3087 2029 3155">
    <p class='ocr_par' dir='ltr' id='par_1_47' title="bbox 459 3087 2029 3155">
     <span class='ocr_line' id='line_1_47' title="bbox 459 3087 2029 3155; baseline -0.002 -10"><span class='ocrx_word' id='word_1_365' title='bbox 459 3092 666 3155; x_wconf 84' lang='lat' dir='ltr'><strong>ductus,</strong></span> <span class='ocrx_word' id='word_1_366' title='bbox 690 3100 747 3144; x_wconf 86' lang='lat' dir='ltr'><strong>ut</strong></span> <span class='ocrx_word' id='word_1_367' title='bbox 791 3091 847 3144; x_wconf 89' lang='lat' dir='ltr'><strong>in</strong></span> <span class='ocrx_word' id='word_1_368' title='bbox 887 3092 1081 3144; x_wconf 83' lang='lat' dir='ltr'><strong>semine</strong></span> <span class='ocrx_word' id='word_1_369' title='bbox 1125 3088 1349 3142; x_wconf 70' lang='lat' dir='ltr'><strong>Abrahae</strong></span> <span class='ocrx_word' id='word_1_370' title='bbox 1387 3088 1788 3142; x_wconf 84' lang='lat' dir='ltr'><strong>benedictionem</strong></span> <span class='ocrx_word' id='word_1_371' title='bbox 1821 3087 1875 3141; x_wconf 87' lang='lat' dir='ltr'><strong>in</strong></span> <span class='ocrx_word' id='word_1_372' title='bbox 1900 3087 2029 3153; x_wconf 79' lang='lat' dir='ltr'><strong>ﬁliis</strong></span> 
     </span>
    </p>
   </div>
   <div class='ocr_carea' id='block_1_48' title="bbox 2116 1897 3685 1980">
    <p class='ocr_par' dir='ltr' id='par_1_48' title="bbox 2116 1897 3685 1980">
     <span class='ocr_line' id='line_1_48' title="bbox 2116 1897 3685 1980; baseline -0.001 -18"><span class='ocrx_word' id='word_1_373' title='bbox 2116 1908 2306 1980; x_wconf 79' lang='lat' dir='ltr'><strong>fugiat,</strong></span> <span class='ocrx_word' id='word_1_374' title='bbox 2337 1910 2498 1963; x_wconf 88' lang='lat' dir='ltr'><strong>habet</strong></span> <span class='ocrx_word' id='word_1_375' title='bbox 2523 1909 2665 1964; x_wconf 90' lang='lat' dir='ltr'><strong>unde</strong></span> <span class='ocrx_word' id='word_1_376' title='bbox 2686 1909 2898 1979; x_wconf 87' lang='lat' dir='ltr'><strong>ligetur.</strong></span> <span class='ocrx_word' id='word_1_377' title='bbox 2933 1897 3126 1962; x_wconf 84' lang='lat' dir='ltr'><strong>Decem</strong></span> <span class='ocrx_word' id='word_1_378' title='bbox 3148 1908 3292 1962; x_wconf 91' lang='lat' dir='ltr'><strong>enim</strong></span> <span class='ocrx_word' id='word_1_379' title='bbox 3322 1915 3589 1977; x_wconf 74' lang='lat' dir='ltr'><strong>prmcepta</strong></span> <span class='ocrx_word' id='word_1_380' title='bbox 3615 1907 3685 1961; x_wconf 87' lang='lat' dir='ltr'><strong>ad</strong></span> 
     </span>
    </p>
   </div>
   <div class='ocr_carea' id='block_1_49' title="bbox 2119 1998 3687 2067">
    <p class='ocr_par' dir='ltr' id='par_1_49' title="bbox 2119 1998 3687 2067">
     <span class='ocr_line' id='line_1_49' title="bbox 2119 1998 3687 2067; baseline -0.001 -14"><span class='ocrx_word' id='word_1_381' title='bbox 2119 1998 2225 2053; x_wconf 91' lang='lat' dir='ltr'><strong>duo</strong></span> <span class='ocrx_word' id='word_1_382' title='bbox 2270 1998 2358 2052; x_wconf 88' lang='lat' dir='ltr'><strong>illa</strong></span> <span class='ocrx_word' id='word_1_383' title='bbox 2404 1998 2729 2062; x_wconf 87' lang='lat' dir='ltr'><strong>referuntur,</strong></span> <span class='ocrx_word' id='word_1_384' title='bbox 2766 1999 2911 2053; x_wconf 87' lang='lat' dir='ltr'><strong>sicut</strong></span> <span class='ocrx_word' id='word_1_385' title='bbox 2958 1998 3280 2063; x_wconf 86' lang='lat' dir='ltr'><strong>audivimus,</strong></span> <span class='ocrx_word' id='word_1_386' title='bbox 3317 2005 3376 2051; x_wconf 90' lang='lat' dir='ltr'><strong>ut</strong></span> <span class='ocrx_word' id='word_1_387' title='bbox 3401 1998 3687 2067; x_wconf 85' lang='lat' dir='ltr'><strong>diligamus</strong></span> 
     </span>
    </p>
   </div>
   <div class='ocr_carea' id='block_1_50' title="bbox 2120 2087 3684 2159">
    <p class='ocr_par' dir='ltr' id='par_1_50' title="bbox 2120 2087 3684 2159">
     <span class='ocr_line' id='line_1_50' title="bbox 2120 2087 3684 2159; baseline 0.001 -19"><span class='ocrx_word' id='word_1_388' title='bbox 2120 2087 2287 2144; x_wconf 80' lang='lat' dir='ltr'><strong>Deum</strong></span> <span class='ocrx_word' id='word_1_389' title='bbox 2304 2089 2691 2159; x_wconf 81' lang='lat' dir='ltr'><strong>etproximum.</strong></span> <span class='ocrx_word' id='word_1_390' title='bbox 2722 2088 2787 2142; x_wconf 87' lang='lat' dir='ltr'><strong>Et</strong></span> <span class='ocrx_word' id='word_1_391' title='bbox 2808 2088 2911 2142; x_wconf 88' lang='lat' dir='ltr'><strong>duo</strong></span> <span class='ocrx_word' id='word_1_392' title='bbox 2938 2087 3048 2153; x_wconf 85' lang='lat' dir='ltr'><strong>illa,</strong></span> <span class='ocrx_word' id='word_1_393' title='bbox 3064 2088 3131 2142; x_wconf 92' lang='lat' dir='ltr'><strong>ad</strong></span> <span class='ocrx_word' id='word_1_394' title='bbox 3155 2102 3317 2140; x_wconf 90' lang='lat' dir='ltr'><strong>unum</strong></span> <span class='ocrx_word' id='word_1_395' title='bbox 3342 2087 3488 2141; x_wconf 89' lang='lat' dir='ltr'><strong>illud.</strong></span> <span class='ocrx_word' id='word_1_396' title='bbox 3510 2087 3684 2142; x_wconf 78' lang='lat' dir='ltr'><strong>Uutm</strong></span> 
     </span>
    </p>
   </div>
   <div class='ocr_carea' id='block_1_51' title="bbox 2120 2176 3688 2247">
    <p class='ocr_par' dir='ltr' id='par_1_51' title="bbox 2120 2176 3688 2247">
     <span class='ocr_line' id='line_1_51' title="bbox 2120 2176 3688 2247; baseline -0.002 -14"><span class='ocrx_word' id='word_1_397' title='bbox 2120 2188 2202 2233; x_wconf 88' lang='lat' dir='ltr'><strong>est</strong></span> <span class='ocrx_word' id='word_1_398' title='bbox 2254 2189 2469 2232; x_wconf 88' lang='lat' dir='ltr'><strong>autem:</strong></span> <span class='ocrx_word' id='word_1_399' title='bbox 2498 2177 2648 2243; x_wconf 81' lang='lat' dir='ltr'><strong>Quod</strong></span> <span class='ocrx_word' id='word_1_400' title='bbox 2689 2178 2780 2232; x_wconf 87' lang='lat' dir='ltr'><strong>tibi</strong></span> <span class='ocrx_word' id='word_1_401' title='bbox 2825 2179 2940 2247; x_wconf 77' lang='lat' dir='ltr'><strong>fieri</strong></span> <span class='ocrx_word' id='word_1_402' title='bbox 2983 2196 3087 2232; x_wconf 87' lang='lat' dir='ltr'><strong>non</strong></span> <span class='ocrx_word' id='word_1_403' title='bbox 3128 2178 3219 2241; x_wconf 85' lang='lat' dir='ltr'><strong>vis,</strong></span> <span class='ocrx_word' id='word_1_404' title='bbox 3263 2176 3355 2230; x_wconf 88' lang='lat' dir='ltr'><strong>alii</strong></span> <span class='ocrx_word' id='word_1_405' title='bbox 3402 2193 3464 2230; x_wconf 85' lang='lat' dir='ltr'><strong>ne</strong></span> <span class='ocrx_word' id='word_1_406' title='bbox 3504 2176 3688 2246; x_wconf 76' lang='lat' dir='ltr'><strong>feceris</strong></span> 
     </span>
    </p>
   </div>
   <div class='ocr_carea' id='block_1_52' title="bbox 2125 2266 3687 2339">
    <p class='ocr_par' dir='ltr' id='par_1_52' title="bbox 2125 2266 3687 2339">
     <span class='ocr_line' id='line_1_52' title="bbox 2125 2266 3687 2339; baseline 0.006 -19"><span class='ocrx_word' id='word_1_407' title='bbox 2125 2266 2337 2338; x_wconf 79' lang='lat' dir='ltr'><strong>(Matth.</strong></span> <span class='ocrx_word' id='word_1_408' title='bbox 2363 2285 2459 2331; x_wconf 86' lang='lat' dir='ltr'><strong>vn,</strong></span> <span class='ocrx_word' id='word_1_409' title='bbox 2493 2269 2600 2339; x_wconf 77' lang='lat' dir='ltr'><strong>M).</strong></span> <span class='ocrx_word' id='word_1_410' title='bbox 2648 2268 2916 2339; x_wconf 84' lang='lat' dir='ltr'><strong>lntelligat</strong></span> <span class='ocrx_word' id='word_1_411' title='bbox 2939 2270 3201 2324; x_wconf 86' lang='lat' dir='ltr'><strong>sanctitas</strong></span> <span class='ocrx_word' id='word_1_412' title='bbox 3227 2278 3427 2324; x_wconf 88' lang='lat' dir='ltr'><strong>vestra.</strong></span> <span class='ocrx_word' id='word_1_413' title='bbox 3477 2272 3687 2329; x_wconf 87' lang='lat' dir='ltr'><strong>Etenim</strong></span> 
     </span>
    </p>
   </div>
   <div class='ocr_carea' id='block_1_53' title="bbox 2124 2358 3690 2435">
    <p class='ocr_par' dir='ltr' id='par_1_53' title="bbox 2124 2358 3690 2435">
     <span class='ocr_line' id='line_1_53' title="bbox 2124 2358 3690 2435; baseline 0.005 -24"><span class='ocrx_word' id='word_1_414' title='bbox 2124 2360 2264 2427; x_wconf 85' lang='lat' dir='ltr'><strong>quod</strong></span> <span class='ocrx_word' id='word_1_415' title='bbox 2297 2358 2410 2414; x_wconf 89' lang='lat' dir='ltr'><strong>fieri</strong></span> <span class='ocrx_word' id='word_1_416' title='bbox 2442 2361 2536 2414; x_wconf 86' lang='lat' dir='ltr'><strong>tibi</strong></span> <span class='ocrx_word' id='word_1_417' title='bbox 2568 2376 2672 2415; x_wconf 92' lang='lat' dir='ltr'><strong>non</strong></span> <span class='ocrx_word' id='word_1_418' title='bbox 2700 2361 2813 2427; x_wconf 86' lang='lat' dir='ltr'><strong>vis,</strong></span> <span class='ocrx_word' id='word_1_419' title='bbox 2843 2361 2935 2415; x_wconf 88' lang='lat' dir='ltr'><strong>alii</strong></span> <span class='ocrx_word' id='word_1_420' title='bbox 2964 2377 3032 2416; x_wconf 89' lang='lat' dir='ltr'><strong>ne</strong></span> <span class='ocrx_word' id='word_1_421' title='bbox 3072 2361 3286 2427; x_wconf 82' lang='lat' dir='ltr'><strong>feceris,</strong></span> <span class='ocrx_word' id='word_1_422' title='bbox 3320 2363 3389 2417; x_wconf 91' lang='lat' dir='ltr'><strong>ad</strong></span> <span class='ocrx_word' id='word_1_423' title='bbox 3417 2363 3522 2419; x_wconf 89' lang='lat' dir='ltr'><strong>duo</strong></span> <span class='ocrx_word' id='word_1_424' title='bbox 3549 2381 3690 2435; x_wconf 75' lang='lat' dir='ltr'><strong>pra:-</strong></span> 
     </span>
    </p>
   </div>
   <div class='ocr_carea' id='block_1_54' title="bbox 2124 2451 3689 2526">
    <p class='ocr_par' dir='ltr' id='par_1_54' title="bbox 2124 2451 3689 2526">
     <span class='ocr_line' id='line_1_54' title="bbox 2124 2451 3689 2526; baseline 0.005 -23"><span class='ocrx_word' id='word_1_425' title='bbox 2124 2460 2279 2519; x_wconf 85' lang='lat' dir='ltr'><strong>cepta</strong></span> <span class='ocrx_word' id='word_1_426' title='bbox 2308 2451 2557 2519; x_wconf 84' lang='lat' dir='ltr'><strong>pertinet.</strong></span> <span class='ocrx_word' id='word_1_427' title='bbox 2592 2452 2648 2507; x_wconf 94' lang='lat' dir='ltr'><strong>Si</strong></span> <span class='ocrx_word' id='word_1_428' title='bbox 2675 2454 2879 2508; x_wconf 86' lang='lat' dir='ltr'><strong>homini</strong></span> <span class='ocrx_word' id='word_1_429' title='bbox 2910 2470 3013 2508; x_wconf 91' lang='lat' dir='ltr'><strong>non</strong></span> <span class='ocrx_word' id='word_1_430' title='bbox 3042 2454 3235 2511; x_wconf 80' lang='lat' dir='ltr'><strong>feceris</strong></span> <span class='ocrx_word' id='word_1_431' title='bbox 3261 2456 3402 2525; x_wconf 89' lang='lat' dir='ltr'><strong>quod</strong></span> <span class='ocrx_word' id='word_1_432' title='bbox 3432 2458 3539 2526; x_wconf 89' lang='lat' dir='ltr'><strong>pati</strong></span> <span class='ocrx_word' id='word_1_433' title='bbox 3583 2474 3689 2511; x_wconf 88' lang='lat' dir='ltr'><strong>non</strong></span> 
     </span>
    </p>
   </div>
   <div class='ocr_carea' id='block_1_55' title="bbox 2125 2541 3690 2618">
    <p class='ocr_par' dir='ltr' id='par_1_55' title="bbox 2125 2541 3690 2618">
     <span class='ocr_line' id='line_1_55' title="bbox 2125 2541 3690 2618; baseline 0.007 -25"><span class='ocrx_word' id='word_1_434' title='bbox 2125 2542 2207 2595; x_wconf 88' lang='lat' dir='ltr'><strong>vis</strong></span> <span class='ocrx_word' id='word_1_435' title='bbox 2237 2541 2303 2594; x_wconf 90' lang='lat' dir='ltr'><strong>ab</strong></span> <span class='ocrx_word' id='word_1_436' title='bbox 2330 2541 2564 2608; x_wconf 86' lang='lat' dir='ltr'><strong>homine,</strong></span> <span class='ocrx_word' id='word_1_437' title='bbox 2595 2543 2662 2598; x_wconf 91' lang='lat' dir='ltr'><strong>ad</strong></span> <span class='ocrx_word' id='word_1_438' title='bbox 2708 2546 2935 2613; x_wconf 75' lang='lat' dir='ltr'><strong>proximi</strong></span> <span class='ocrx_word' id='word_1_439' title='bbox 2976 2556 3304 2616; x_wconf 62' lang='lat' dir='ltr'><strong>praeceptum</strong></span> <span class='ocrx_word' id='word_1_440' title='bbox 3348 2549 3597 2618; x_wconf 88' lang='lat' dir='ltr'><strong>pertinet.</strong></span> <span class='ocrx_word' id='word_1_441' title='bbox 3632 2550 3690 2604; x_wconf 91' lang='lat' dir='ltr'><strong>Si</strong></span> 
     </span>
    </p>
   </div>
   <div class='ocr_carea' id='block_1_56' title="bbox 2128 2630 3692 2710">
    <p class='ocr_par' dir='ltr' id='par_1_56' title="bbox 2128 2630 3692 2710">
     <span class='ocr_line' id='line_1_56' title="bbox 2128 2630 3692 2710; baseline 0.005 -23"><span class='ocrx_word' id='word_1_442' title='bbox 2128 2642 2304 2688; x_wconf 89' lang='lat' dir='ltr'><strong>autem</strong></span> <span class='ocrx_word' id='word_1_443' title='bbox 2334 2636 2475 2704; x_wconf 79' lang='lat' dir='ltr'><strong>quad</strong></span> <span class='ocrx_word' id='word_1_444' title='bbox 2503 2651 2610 2690; x_wconf 91' lang='lat' dir='ltr'><strong>non</strong></span> <span class='ocrx_word' id='word_1_445' title='bbox 2632 2636 2713 2691; x_wconf 87' lang='lat' dir='ltr'><strong>vis</strong></span> <span class='ocrx_word' id='word_1_446' title='bbox 2741 2630 2852 2707; x_wconf 82' lang='lat' dir='ltr'><strong>pati</strong></span> <span class='ocrx_word' id='word_1_447' title='bbox 2882 2638 2949 2692; x_wconf 90' lang='lat' dir='ltr'><strong>ab</strong></span> <span class='ocrx_word' id='word_1_448' title='bbox 2976 2639 3214 2705; x_wconf 86' lang='lat' dir='ltr'><strong>homine,</strong></span> <span class='ocrx_word' id='word_1_449' title='bbox 3246 2641 3344 2710; x_wconf 90' lang='lat' dir='ltr'><strong>ipsi</strong></span> <span class='ocrx_word' id='word_1_450' title='bbox 3371 2642 3481 2697; x_wconf 90' lang='lat' dir='ltr'><strong>Deo</strong></span> <span class='ocrx_word' id='word_1_451' title='bbox 3509 2643 3588 2696; x_wconf 85' lang='lat' dir='ltr'><strong>vis</strong></span> <span class='ocrx_word' id='word_1_452' title='bbox 3615 2641 3692 2695; x_wconf 84' lang='lat' dir='ltr'><strong>fa-</strong></span> 
     </span>
    </p>
   </div>
   <div class='ocr_carea' id='block_1_57' title="bbox 2128 2728 3695 2801">
    <p class='ocr_par' dir='ltr' id='par_1_57' title="bbox 2128 2728 3695 2801">
     <span class='ocr_line' id='line_1_57' title="bbox 2128 2728 3695 2801; baseline 0.003 -19"><span class='ocrx_word' id='word_1_453' title='bbox 2128 2743 2271 2791; x_wconf 91' lang='lat' dir='ltr'><strong>cere,</strong></span> <span class='ocrx_word' id='word_1_454' title='bbox 2305 2745 2481 2784; x_wconf 89' lang='lat' dir='ltr'><strong>nonne</strong></span> <span class='ocrx_word' id='word_1_455' title='bbox 2519 2728 2651 2784; x_wconf 88' lang='lat' dir='ltr'><strong>facis</strong></span> <span class='ocrx_word' id='word_1_456' title='bbox 2678 2730 2832 2784; x_wconf 85' lang='lat' dir='ltr'><strong>alteri</strong></span> <span class='ocrx_word' id='word_1_457' title='bbox 2863 2733 3015 2800; x_wconf 90' lang='lat' dir='ltr'><strong>quod</strong></span> <span class='ocrx_word' id='word_1_458' title='bbox 3033 2732 3142 2801; x_wconf 87' lang='lat' dir='ltr'><strong>pati</strong></span> <span class='ocrx_word' id='word_1_459' title='bbox 3175 2748 3282 2788; x_wconf 88' lang='lat' dir='ltr'><strong>non</strong></span> <span class='ocrx_word' id='word_1_460' title='bbox 3312 2734 3430 2789; x_wconf 88' lang='lat' dir='ltr'><strong>vis?</strong></span> <span class='ocrx_word' id='word_1_461' title='bbox 3463 2733 3695 2789; x_wconf 87' lang='lat' dir='ltr'><strong>Charior</strong></span> 
     </span>
    </p>
   </div>
   <div class='ocr_carea' id='block_1_58' title="bbox 2128 2819 3690 2896">
    <p class='ocr_par' dir='ltr' id='par_1_58' title="bbox 2128 2819 3690 2896">
     <span class='ocr_line' id='line_1_58' title="bbox 2128 2819 3690 2896; baseline 0.005 -22"><span class='ocrx_word' id='word_1_462' title='bbox 2128 2820 2225 2874; x_wconf 85' lang='lat' dir='ltr'><strong>tibi</strong></span> <span class='ocrx_word' id='word_1_463' title='bbox 2255 2819 2428 2875; x_wconf 88' lang='lat' dir='ltr'><strong>factus</strong></span> <span class='ocrx_word' id='word_1_464' title='bbox 2455 2830 2538 2877; x_wconf 89' lang='lat' dir='ltr'><strong>est</strong></span> <span class='ocrx_word' id='word_1_465' title='bbox 2558 2823 2718 2878; x_wconf 92' lang='lat' dir='ltr'><strong>homo</strong></span> <span class='ocrx_word' id='word_1_466' title='bbox 2745 2838 2906 2892; x_wconf 90' lang='lat' dir='ltr'><strong>quam</strong></span> <span class='ocrx_word' id='word_1_467' title='bbox 2935 2823 3097 2879; x_wconf 89' lang='lat' dir='ltr'><strong>Deus.</strong></span> <span class='ocrx_word' id='word_1_468' title='bbox 3127 2825 3266 2894; x_wconf 82' lang='lat' dir='ltr'><strong>Ergo</strong></span> <span class='ocrx_word' id='word_1_469' title='bbox 3297 2828 3563 2895; x_wconf 83' lang='lat' dir='ltr'><strong>quomodo</strong></span> <span class='ocrx_word' id='word_1_470' title='bbox 3593 2828 3690 2896; x_wconf 80' lang='lat' dir='ltr'><strong>ipsi</strong></span> 
     </span>
    </p>
   </div>
   <div class='ocr_carea' id='block_1_59' title="bbox 2130 2910 3691 2987">
    <p class='ocr_par' dir='ltr' id='par_1_59' title="bbox 2130 2910 3691 2987">
     <span class='ocr_line' id='line_1_59' title="bbox 2130 2910 3691 2987; baseline 0.004 -22"><span class='ocrx_word' id='word_1_471' title='bbox 2130 2910 2294 2975; x_wconf 85' lang='lat' dir='ltr'><strong>facio,</strong></span> <span class='ocrx_word' id='word_1_472' title='bbox 2322 2912 2520 2982; x_wconf 87' lang='lat' dir='ltr'><strong>inquis,</strong></span> <span class='ocrx_word' id='word_1_473' title='bbox 2551 2914 2693 2968; x_wconf 89' lang='lat' dir='ltr'><strong>Deo?</strong></span> <span class='ocrx_word' id='word_1_474' title='bbox 2717 2913 3028 2985; x_wconf 86' lang='lat' dir='ltr'><strong>Corrumpis</strong></span> <span class='ocrx_word' id='word_1_475' title='bbox 3056 2917 3302 2987; x_wconf 86' lang='lat' dir='ltr'><strong>teipsum.</strong></span> <span class='ocrx_word' id='word_1_476' title='bbox 3348 2918 3415 2972; x_wconf 86' lang='lat' dir='ltr'><strong>Et</strong></span> <span class='ocrx_word' id='word_1_477' title='bbox 3445 2920 3583 2975; x_wconf 81' lang='lat' dir='ltr'><strong>unde.</strong></span> <span class='ocrx_word' id='word_1_478' title='bbox 3609 2922 3691 2972; x_wconf 90' lang='lat' dir='ltr'><strong>in-</strong></span> 
     </span>
    </p>
   </div>
   <div class='ocr_carea' id='block_1_60' title="bbox 2123 3000 3695 3078">
    <p class='ocr_par' dir='ltr' id='par_1_60' title="bbox 2123 3000 3695 3078">
     <span class='ocr_line' id='line_1_60' title="bbox 2123 3000 3695 3078; baseline 0.004 -25"><span class='ocrx_word' id='word_1_479' title='bbox 2123 3000 2320 3072; x_wconf 87' lang='lat' dir='ltr'><strong>juriam</strong></span> <span class='ocrx_word' id='word_1_480' title='bbox 2353 3001 2464 3057; x_wconf 90' lang='lat' dir='ltr'><strong>Deo</strong></span> <span class='ocrx_word' id='word_1_481' title='bbox 2492 3001 2648 3066; x_wconf 90' lang='lat' dir='ltr'><strong>facio,</strong></span> <span class='ocrx_word' id='word_1_482' title='bbox 2674 3004 2796 3073; x_wconf 87' lang='lat' dir='ltr'><strong>quia</strong></span> <span class='ocrx_word' id='word_1_483' title='bbox 2826 3020 3111 3074; x_wconf 89' lang='lat' dir='ltr'><strong>corrumpo</strong></span> <span class='ocrx_word' id='word_1_484' title='bbox 3140 3007 3439 3076; x_wconf 85' lang='lat' dir='ltr'><strong>meipsum?</strong></span> <span class='ocrx_word' id='word_1_485' title='bbox 3464 3009 3695 3078; x_wconf 82' lang='lat' dir='ltr'><strong>Aposto-</strong></span> 
     </span>
    </p>
   </div>
   <div class='ocr_carea' id='block_1_61' title="bbox 2129 3095 3696 3174">
    <p class='ocr_par' dir='ltr' id='par_1_61' title="bbox 2129 3095 3696 3174">
     <span class='ocr_line' id='line_1_61' title="bbox 2129 3095 3696 3174; baseline 0.007 -26"><span class='ocrx_word' id='word_1_486' title='bbox 2129 3095 2238 3149; x_wconf 91' lang='lat' dir='ltr'><strong>lum</strong></span> <span class='ocrx_word' id='word_1_487' title='bbox 2267 3097 2391 3151; x_wconf 87' lang='lat' dir='ltr'><strong>audi</strong></span> <span class='ocrx_word' id='word_1_488' title='bbox 2416 3115 2427 3149; x_wconf 91' lang='lat'>:</span> <span class='ocrx_word' id='word_1_489' title='bbox 2455 3096 2679 3152; x_wconf 84' lang='lat' dir='ltr'><strong>Nescitis</strong></span> <span class='ocrx_word' id='word_1_490' title='bbox 2699 3100 2819 3170; x_wconf 85' lang='lat' dir='ltr'><strong>quia</strong></span> <span class='ocrx_word' id='word_1_491' title='bbox 2849 3100 3093 3170; x_wconf 82' lang='lat' dir='ltr'><strong>templum</strong></span> <span class='ocrx_word' id='word_1_492' title='bbox 3120 3100 3221 3155; x_wconf 86' lang='lat' dir='ltr'><strong>Dei</strong></span> <span class='ocrx_word' id='word_1_493' title='bbox 3241 3104 3385 3169; x_wconf 85' lang='lat' dir='ltr'><strong>estis,</strong></span> <span class='ocrx_word' id='word_1_494' title='bbox 3408 3116 3454 3157; x_wconf 87' lang='lat' dir='ltr'><strong>et</strong></span> <span class='ocrx_word' id='word_1_495' title='bbox 3479 3107 3696 3174; x_wconf 79' lang='lat' dir='ltr'><strong>spiritus</strong></span> 
     </span>
    </p>
   </div>
   <div class='ocr_carea' id='block_1_62' title="bbox 461 3176 3696 3261">
    <p class='ocr_par' dir='ltr' id='par_1_62' title="bbox 461 3176 3696 3261">
     <span class='ocr_line' id='line_1_62' title="bbox 461 3176 3696 3261; baseline -0.002 -8"><span class='ocrx_word' id='word_1_496' title='bbox 461 3182 792 3252; x_wconf 64' lang='lat' dir='ltr'><strong>consequaris</strong></span> <span class='ocrx_word' id='word_1_497' title='bbox 820 3179 975 3252; x_wconf 79' lang='lat' dir='ltr'><strong>(Tob-</strong></span> <span class='ocrx_word' id='word_1_498' title='bbox 1002 3195 1079 3242; x_wconf 71' lang='grc' dir='ltr'><strong>νιν</strong></span> <span class='ocrx_word' id='word_1_499' title='bbox 1106 3179 1215 3250; x_wconf 75' lang='grc'>16)-</span> <span class='ocrx_word' id='word_1_500' title='bbox 1264 3176 1321 3232; x_wconf 79' lang='lat' dir='ltr'><strong>Si</strong></span> <span class='ocrx_word' id='word_1_501' title='bbox 1367 3178 1459 3247; x_wconf 76' lang='lat' dir='ltr'><strong>qui</strong></span> <span class='ocrx_word' id='word_1_502' title='bbox 1506 3178 1642 3232; x_wconf 75' lang='lat' dir='ltr'><strong>forte</strong></span> <span class='ocrx_word' id='word_1_503' title='bbox 1683 3184 1809 3231; x_wconf 82' lang='lat' dir='ltr'><strong>sunt</strong></span> <span class='ocrx_word' id='word_1_504' title='bbox 1854 3176 2027 3245; x_wconf 77' lang='lat' dir='ltr'><strong>quiin</strong></span> <span class='ocrx_word' id='word_1_505' title='bbox 2055 3180 2100 3242; x_wconf 91' lang='lat' dir='ltr'><strong>C</strong></span> <span class='ocrx_word' id='word_1_506' title='bbox 2130 3185 2226 3239; x_wconf 88' lang='lat' dir='ltr'><strong>Dei</strong></span> <span class='ocrx_word' id='word_1_507' title='bbox 2254 3186 2450 3241; x_wconf 86' lang='lat' dir='ltr'><strong>habitat</strong></span> <span class='ocrx_word' id='word_1_508' title='bbox 2479 3187 2533 3241; x_wconf 89' lang='lat' dir='ltr'><strong>in</strong></span> <span class='ocrx_word' id='word_1_509' title='bbox 2561 3189 2743 3243; x_wconf 75' lang='lat' dir='ltr'><strong>vobis?</strong></span> <span class='ocrx_word' id='word_1_510' title='bbox 2769 3189 2823 3260; x_wconf 85' lang='grc'><strong>(1</strong></span> <span class='ocrx_word' id='word_1_511' title='bbox 2851 3188 2970 3244; x_wconf 89' lang='lat' dir='ltr'><strong>Cor.</strong></span> <span class='ocrx_word' id='word_1_512' title='bbox 3004 3204 3082 3255; x_wconf 81' lang='grc' dir='ltr'><strong>ιιι,</strong></span> <span class='ocrx_word' id='word_1_513' title='bbox 3108 3191 3218 3261; x_wconf 78' lang='lat' dir='ltr'><strong>is.)</strong></span> <span class='ocrx_word' id='word_1_514' title='bbox 3247 3192 3359 3248; x_wconf 83' lang='lat' dir='ltr'><strong>Hoc</strong></span> <span class='ocrx_word' id='word_1_515' title='bbox 3377 3194 3506 3249; x_wconf 88' lang='lat' dir='ltr'><strong>dicit</strong></span> <span class='ocrx_word' id='word_1_516' title='bbox 3536 3194 3696 3250; x_wconf 84' lang='lat' dir='ltr'><strong>Chri-</strong></span> 
     </span>
    </p>
   </div>
   <div class='ocr_carea' id='block_1_63' title="bbox 463 3266 2032 3349">
    <p class='ocr_par' dir='ltr' id='par_1_63' title="bbox 463 3266 2032 3349">
     <span class='ocr_line' id='line_1_63' title="bbox 463 3266 2032 3349; baseline -0.004 -23"><span class='ocrx_word' id='word_1_517' title='bbox 463 3271 786 3341; x_wconf 81' lang='lat' dir='ltr'><strong>accipiendis</strong></span> <span class='ocrx_word' id='word_1_518' title='bbox 832 3278 982 3326; x_wconf 88' lang='lat' dir='ltr'><strong>caste</strong></span> <span class='ocrx_word' id='word_1_519' title='bbox 1024 3268 1282 3324; x_wconf 75' lang='lat' dir='ltr'><strong>uxoribus</strong></span> <span class='ocrx_word' id='word_1_520' title='bbox 1312 3267 1698 3349; x_wconf 81' lang='lat' dir='ltr'><strong>sacerdotalem</strong></span> <span class='ocrx_word' id='word_1_521' title='bbox 1747 3266 2032 3336; x_wconf 84' lang='lat' dir='ltr'><strong>parvipen-</strong></span> 
     </span>
    </p>
   </div>
   <div class='ocr_carea' id='block_1_64' title="bbox 464 3361 2032 3430">
    <p class='ocr_par' dir='ltr' id='par_1_64' title="bbox 464 3361 2032 3430">
     <span class='ocr_line' id='line_1_64' title="bbox 464 3361 2032 3430; baseline -0.004 -11"><span class='ocrx_word' id='word_1_522' title='bbox 464 3366 590 3419; x_wconf 77' lang='lat' dir='ltr'><strong>dere</strong></span> <span class='ocrx_word' id='word_1_523' title='bbox 632 3365 898 3417; x_wconf 88' lang='lat' dir='ltr'><strong>voluerint</strong></span> <span class='ocrx_word' id='word_1_524' title='bbox 936 3361 1375 3424; x_wconf 86' lang='lat' dir='ltr'><strong>admonitionem,</strong></span> <span class='ocrx_word' id='word_1_525' title='bbox 1422 3374 1640 3430; x_wconf 87' lang='lat' dir='ltr'><strong>prorsus</strong></span> <span class='ocrx_word' id='word_1_526' title='bbox 1685 3373 1906 3414; x_wconf 87' lang='lat' dir='ltr'><strong>necesse</strong></span> <span class='ocrx_word' id='word_1_527' title='bbox 1946 3367 2032 3413; x_wconf 90' lang='lat' dir='ltr'><strong>est</strong></span> 
     </span>
    </p>
   </div>
   <div class='ocr_carea' id='block_1_65' title="bbox 465 3452 1742 3526">
    <p class='ocr_par' dir='ltr' id='par_1_65' title="bbox 465 3452 1742 3526">
     <span class='ocr_line' id='line_1_65' title="bbox 465 3452 1742 3526; baseline -0.005 -18"><span class='ocrx_word' id='word_1_528' title='bbox 465 3466 524 3509; x_wconf 91' lang='lat' dir='ltr'><strong>ut</strong></span> <span class='ocrx_word' id='word_1_529' title='bbox 550 3455 843 3526; x_wconf 84' lang='lat' dir='ltr'><strong>angelicam</strong></span> <span class='ocrx_word' id='word_1_530' title='bbox 872 3453 1285 3524; x_wconf 86' lang='lat' dir='ltr'><strong>maguipendant</strong></span> <span class='ocrx_word' id='word_1_531' title='bbox 1314 3452 1742 3505; x_wconf 89' lang='lat' dir='ltr'><strong>instructionem.</strong></span> 
     </span>
    </p>
   </div>
   <div class='ocr_carea' id='block_1_66' title="bbox 536 3541 2033 3613">
    <p class='ocr_par' dir='ltr' id='par_1_66' title="bbox 536 3541 2033 3613">
     <span class='ocr_line' id='line_1_66' title="bbox 536 3541 2033 3613; baseline -0.004 -12"><span class='ocrx_word' id='word_1_532' title='bbox 536 3546 636 3613; x_wconf 89' lang='lat' dir='ltr'><strong>Qui</strong></span> <span class='ocrx_word' id='word_1_533' title='bbox 684 3554 864 3599; x_wconf 88' lang='lat' dir='ltr'><strong>autem</strong></span> <span class='ocrx_word' id='word_1_534' title='bbox 902 3543 1102 3612; x_wconf 86' lang='lat' dir='ltr'><strong>impuri</strong></span> <span class='ocrx_word' id='word_1_535' title='bbox 1149 3552 1205 3597; x_wconf 88' lang='lat' dir='ltr'><strong>et</strong></span> <span class='ocrx_word' id='word_1_536' title='bbox 1250 3557 1355 3596; x_wconf 90' lang='lat' dir='ltr'><strong>non</strong></span> <span class='ocrx_word' id='word_1_537' title='bbox 1396 3541 1550 3605; x_wconf 87' lang='lat' dir='ltr'><strong>casti,</strong></span> <span class='ocrx_word' id='word_1_538' title='bbox 1583 3549 1765 3596; x_wconf 88' lang='lat' dir='ltr'><strong>castas</strong></span> <span class='ocrx_word' id='word_1_539' title='bbox 1787 3548 1841 3596; x_wconf 86' lang='lat' dir='ltr'><strong>et</strong></span> <span class='ocrx_word' id='word_1_540' title='bbox 1867 3555 2033 3609; x_wconf 90' lang='lat' dir='ltr'><strong>puras</strong></span> 
     </span>
    </p>
   </div>
   <div class='ocr_carea' id='block_1_67' title="bbox 465 3631 2036 3703">
    <p class='ocr_par' dir='ltr' id='par_1_67' title="bbox 465 3631 2036 3703">
     <span class='ocr_line' id='line_1_67' title="bbox 465 3631 2036 3703; baseline -0.002 -16"><span class='ocrx_word' id='word_1_541' title='bbox 465 3636 653 3690; x_wconf 87' lang='lat' dir='ltr'><strong>volunt</strong></span> <span class='ocrx_word' id='word_1_542' title='bbox 676 3635 874 3690; x_wconf 88' lang='lat' dir='ltr'><strong>ducere</strong></span> <span class='ocrx_word' id='word_1_543' title='bbox 910 3648 1108 3688; x_wconf 79' lang='lat' dir='ltr'><strong>uxores</strong></span> <span class='ocrx_word' id='word_1_544' title='bbox 1126 3672 1142 3699; x_wconf 90' lang='lat'><strong>,</strong></span> <span class='ocrx_word' id='word_1_545' title='bbox 1168 3633 1389 3688; x_wconf 87' lang='lat' dir='ltr'><strong>audiant</strong></span> <span class='ocrx_word' id='word_1_546' title='bbox 1417 3633 1546 3703; x_wconf 90' lang='lat' dir='ltr'><strong>quid</strong></span> <span class='ocrx_word' id='word_1_547' title='bbox 1572 3633 1759 3686; x_wconf 88' lang='lat' dir='ltr'><strong>beatus</strong></span> <span class='ocrx_word' id='word_1_548' title='bbox 1786 3631 2036 3703; x_wconf 86' lang='lat' dir='ltr'><strong>Augusti-</strong></span> 
     </span>
    </p>
   </div>
   <div class='ocr_carea' id='block_1_68' title="bbox 464 3723 2033 3793">
    <p class='ocr_par' dir='ltr' id='par_1_68' title="bbox 464 3723 2033 3793">
     <span class='ocr_line' id='line_1_68' title="bbox 464 3723 2033 3793; baseline -0.001 -14"><span class='ocrx_word' id='word_1_549' title='bbox 464 3741 568 3781; x_wconf 88' lang='lat' dir='ltr'><strong>nus</strong></span> <span class='ocrx_word' id='word_1_550' title='bbox 607 3727 660 3780; x_wconf 92' lang='lat' dir='ltr'><strong>in</strong></span> <span class='ocrx_word' id='word_1_551' title='bbox 703 3724 841 3779; x_wconf 91' lang='lat' dir='ltr'><strong>libro</strong></span> <span class='ocrx_word' id='word_1_552' title='bbox 879 3723 1199 3785; x_wconf 85' lang='lat' dir='ltr'><strong>Sermonum</strong></span> <span class='ocrx_word' id='word_1_553' title='bbox 1227 3736 1253 3764; x_wconf 74' lang='grc' dir='ltr'>α</span> <span class='ocrx_word' id='word_1_554' title='bbox 1282 3724 1465 3778; x_wconf 87' lang='lat' dir='ltr'><strong>dicat:</strong></span> <span class='ocrx_word' id='word_1_555' title='bbox 1503 3744 1520 3774; x_wconf 73' lang='grc' dir='ltr'>ι</span> <span class='ocrx_word' id='word_1_556' title='bbox 1556 3724 1662 3779; x_wconf 78' lang='lat' dir='ltr'><strong>Vos</strong></span> <span class='ocrx_word' id='word_1_557' title='bbox 1700 3725 1790 3793; x_wconf 90' lang='lat' dir='ltr'><strong>qui</strong></span> <span class='ocrx_word' id='word_1_558' title='bbox 1820 3724 2033 3778; x_wconf 89' lang='lat' dir='ltr'><strong>ducturi</strong></span> 
     </span>
    </p>
   </div>
   <div class='ocr_carea' id='block_1_69' title="bbox 465 3813 2032 3880">
    <p class='ocr_par' dir='ltr' id='par_1_69' title="bbox 465 3813 2032 3880">
     <span class='ocr_line' id='line_1_69' title="bbox 465 3813 2032 3880; baseline 0.001 -13"><span class='ocrx_word' id='word_1_559' title='bbox 465 3816 598 3870; x_wconf 87' lang='lat' dir='ltr'><strong>estis</strong></span> <span class='ocrx_word' id='word_1_560' title='bbox 642 3829 859 3880; x_wconf 80' lang='lat' dir='ltr'><strong>uxores,</strong></span> <span class='ocrx_word' id='word_1_561' title='bbox 889 3820 1101 3870; x_wconf 87' lang='lat' dir='ltr'><strong>servate</strong></span> <span class='ocrx_word' id='word_1_562' title='bbox 1144 3828 1240 3869; x_wconf 88' lang='lat' dir='ltr'><strong>vos</strong></span> <span class='ocrx_word' id='word_1_563' title='bbox 1266 3814 1524 3868; x_wconf 86' lang='lat' dir='ltr'><strong>uxoribus</strong></span> <span class='ocrx_word' id='word_1_564' title='bbox 1575 3814 1788 3868; x_wconf 87' lang='lat' dir='ltr'><strong>vestris.</strong></span> <span class='ocrx_word' id='word_1_565' title='bbox 1837 3813 2032 3880; x_wconf 86' lang='lat' dir='ltr'><strong>Quales</strong></span> 
     </span>
    </p>
   </div>
   <div class='ocr_carea' id='block_1_70' title="bbox 464 3904 2029 3976">
    <p class='ocr_par' dir='ltr' id='par_1_70' title="bbox 464 3904 2029 3976">
     <span class='ocr_line' id='line_1_70' title="bbox 464 3904 2029 3976; baseline 0 -17"><span class='ocrx_word' id='word_1_566' title='bbox 464 3920 558 3959; x_wconf 88' lang='lat' dir='ltr'><strong>eas</strong></span> <span class='ocrx_word' id='word_1_567' title='bbox 583 3904 746 3960; x_wconf 91' lang='lat' dir='ltr'><strong>vultis</strong></span> <span class='ocrx_word' id='word_1_568' title='bbox 768 3905 1029 3970; x_wconf 88' lang='lat' dir='ltr'><strong>invenire,</strong></span> <span class='ocrx_word' id='word_1_569' title='bbox 1046 3904 1181 3959; x_wconf 87' lang='lat' dir='ltr'><strong>tales</strong></span> <span class='ocrx_word' id='word_1_570' title='bbox 1206 3920 1303 3959; x_wconf 92' lang='lat' dir='ltr'><strong>vos</strong></span> <span class='ocrx_word' id='word_1_571' title='bbox 1323 3905 1520 3961; x_wconf 89' lang='lat' dir='ltr'><strong>debent</strong></span> <span class='ocrx_word' id='word_1_572' title='bbox 1539 3914 1594 3960; x_wconf 90' lang='lat' dir='ltr'><strong>et</strong></span> <span class='ocrx_word' id='word_1_573' title='bbox 1620 3906 1747 3976; x_wconf 79' lang='lat' dir='ltr'><strong>ipsae</strong></span> <span class='ocrx_word' id='word_1_574' title='bbox 1769 3906 2029 3961; x_wconf 88' lang='lat' dir='ltr'><strong>invenire.</strong></span> 
     </span>
    </p>
   </div>
   <div class='ocr_carea' id='block_1_71' title="bbox 467 3991 2032 4062">
    <p class='ocr_par' dir='ltr' id='par_1_71' title="bbox 467 3991 2032 4062">
     <span class='ocr_line' id='line_1_71' title="bbox 467 3991 2032 4062; baseline 0.001 -15"><span class='ocrx_word' id='word_1_575' title='bbox 467 3992 599 4059; x_wconf 81' lang='lat' dir='ltr'><strong>Quis</strong></span> <span class='ocrx_word' id='word_1_576' title='bbox 614 3991 829 4060; x_wconf 86' lang='lat' dir='ltr'><strong>juvenis</strong></span> <span class='ocrx_word' id='word_1_577' title='bbox 868 4003 951 4049; x_wconf 88' lang='lat' dir='ltr'><strong>est</strong></span> <span class='ocrx_word' id='word_1_578' title='bbox 985 3994 1075 4062; x_wconf 90' lang='lat' dir='ltr'><strong>qui</strong></span> <span class='ocrx_word' id='word_1_579' title='bbox 1107 4008 1211 4047; x_wconf 92' lang='lat' dir='ltr'><strong>non</strong></span> <span class='ocrx_word' id='word_1_580' title='bbox 1260 4002 1463 4048; x_wconf 88' lang='lat' dir='ltr'><strong>castam</strong></span> <span class='ocrx_word' id='word_1_581' title='bbox 1506 3993 1634 4048; x_wconf 91' lang='lat' dir='ltr'><strong>velit</strong></span> <span class='ocrx_word' id='word_1_582' title='bbox 1673 3994 1869 4048; x_wconf 91' lang='lat' dir='ltr'><strong>ducere</strong></span> <span class='ocrx_word' id='word_1_583' title='bbox 1897 4010 2032 4048; x_wconf 78' lang='lat' dir='ltr'><strong>uxo-</strong></span> 
     </span>
    </p>
   </div>
   <div class='ocr_carea' id='block_1_72' title="bbox 468 4081 2034 4153">
    <p class='ocr_par' dir='ltr' id='par_1_72' title="bbox 468 4081 2034 4153">
     <span class='ocr_line' id='line_1_72' title="bbox 468 4081 2034 4153; baseline 0.002 -18"><span class='ocrx_word' id='word_1_584' title='bbox 468 4081 614 4136; x_wconf 85' lang='lat' dir='ltr'><strong>rem?</strong></span> <span class='ocrx_word' id='word_1_585' title='bbox 640 4081 708 4135; x_wconf 84' lang='lat' dir='ltr'><strong>Et</strong></span> <span class='ocrx_word' id='word_1_586' title='bbox 747 4081 792 4135; x_wconf 90' lang='lat' dir='ltr'><strong>si</strong></span> <span class='ocrx_word' id='word_1_587' title='bbox 837 4092 1156 4152; x_wconf 86' lang='lat' dir='ltr'><strong>accepturus</strong></span> <span class='ocrx_word' id='word_1_588' title='bbox 1185 4091 1268 4138; x_wconf 88' lang='lat' dir='ltr'><strong>est</strong></span> <span class='ocrx_word' id='word_1_589' title='bbox 1304 4083 1586 4153; x_wconf 85' lang='lat' dir='ltr'><strong>virginem,</strong></span> <span class='ocrx_word' id='word_1_590' title='bbox 1615 4084 1734 4152; x_wconf 86' lang='lat' dir='ltr'><strong>quis</strong></span> <span class='ocrx_word' id='word_1_591' title='bbox 1762 4098 1866 4138; x_wconf 93' lang='lat' dir='ltr'><strong>non</strong></span> <span class='ocrx_word' id='word_1_592' title='bbox 1897 4085 2034 4139; x_wconf 87' lang='lat' dir='ltr'><strong>inta-</strong></span> 
     </span>
    </p>
   </div>
   <div class='ocr_carea' id='block_1_73' title="bbox 467 4173 2031 4243">
    <p class='ocr_par' dir='ltr' id='par_1_73' title="bbox 467 4173 2031 4243">
     <span class='ocr_line' id='line_1_73' title="bbox 467 4173 2031 4243; baseline 0.002 -16"><span class='ocrx_word' id='word_1_593' title='bbox 467 4182 609 4227; x_wconf 87' lang='lat' dir='ltr'><strong>ctam</strong></span> <span class='ocrx_word' id='word_1_594' title='bbox 652 4173 956 4228; x_wconf 82' lang='lat' dir='ltr'><strong>desiderat?</strong></span> <span class='ocrx_word' id='word_1_595' title='bbox 1005 4175 1264 4229; x_wconf 88' lang='lat' dir='ltr'><strong>lntactam</strong></span> <span class='ocrx_word' id='word_1_596' title='bbox 1316 4175 1552 4243; x_wconf 81' lang='lat' dir='ltr'><strong>quaeris,</strong></span> <span class='ocrx_word' id='word_1_597' title='bbox 1608 4176 1838 4231; x_wconf 89' lang='lat' dir='ltr'><strong>intactus</strong></span> <span class='ocrx_word' id='word_1_598' title='bbox 1895 4189 2031 4232; x_wconf 88' lang='lat' dir='ltr'><strong>esto.</strong></span> 
     </span>
    </p>
   </div>
   <div class='ocr_carea' id='block_1_74' title="bbox 471 4264 2036 4335">
    <p class='ocr_par' dir='ltr' id='par_1_74' title="bbox 471 4264 2036 4335">
     <span class='ocr_line' id='line_1_74' title="bbox 471 4264 2036 4335; baseline 0.001 -18"><span class='ocrx_word' id='word_1_599' title='bbox 471 4264 663 4318; x_wconf 80' lang='lat' dir='ltr'><strong>Puram</strong></span> <span class='ocrx_word' id='word_1_600' title='bbox 693 4265 908 4333; x_wconf 68' lang='lat' dir='ltr'><strong>qumris,</strong></span> <span class='ocrx_word' id='word_1_601' title='bbox 935 4265 1043 4319; x_wconf 88' lang='lat' dir='ltr'><strong>noli</strong></span> <span class='ocrx_word' id='word_1_602' title='bbox 1070 4281 1187 4319; x_wconf 83' lang='lat' dir='ltr'><strong>esse</strong></span> <span class='ocrx_word' id='word_1_603' title='bbox 1211 4266 1469 4335; x_wconf 88' lang='lat' dir='ltr'><strong>impurus.</strong></span> <span class='ocrx_word' id='word_1_604' title='bbox 1510 4264 1624 4319; x_wconf 91' lang='lat' dir='ltr'><strong>Non</strong></span> <span class='ocrx_word' id='word_1_605' title='bbox 1654 4267 1796 4319; x_wconf 89' lang='lat' dir='ltr'><strong>enim</strong></span> <span class='ocrx_word' id='word_1_606' title='bbox 1825 4266 1911 4320; x_wconf 89' lang='lat' dir='ltr'><strong>illa</strong></span> <span class='ocrx_word' id='word_1_607' title='bbox 1942 4282 2036 4334; x_wconf 87' lang='lat' dir='ltr'><strong>po-</strong></span> 
     </span>
    </p>
   </div>
   <div class='ocr_carea' id='block_1_75' title="bbox 470 4352 2036 4429">
    <p class='ocr_par' dir='ltr' id='par_1_75' title="bbox 470 4352 2036 4429">
     <span class='ocr_line' id='line_1_75' title="bbox 470 4352 2036 4429; baseline 0.001 -23"><span class='ocrx_word' id='word_1_608' title='bbox 470 4363 595 4416; x_wconf 88' lang='lat' dir='ltr'><strong>test,</strong></span> <span class='ocrx_word' id='word_1_609' title='bbox 622 4363 676 4407; x_wconf 87' lang='lat' dir='ltr'><strong>et</strong></span> <span class='ocrx_word' id='word_1_610' title='bbox 714 4363 771 4407; x_wconf 92' lang='lat' dir='ltr'><strong>tu</strong></span> <span class='ocrx_word' id='word_1_611' title='bbox 798 4370 903 4409; x_wconf 92' lang='lat' dir='ltr'><strong>non</strong></span> <span class='ocrx_word' id='word_1_612' title='bbox 941 4362 1112 4424; x_wconf 87' lang='lat' dir='ltr'><strong>potes.</strong></span> <span class='ocrx_word' id='word_1_613' title='bbox 1161 4352 1218 4406; x_wconf 90' lang='lat' dir='ltr'><strong>Si</strong></span> <span class='ocrx_word' id='word_1_614' title='bbox 1260 4354 1379 4408; x_wconf 82' lang='lat' dir='ltr'><strong>fieri</strong></span> <span class='ocrx_word' id='word_1_615' title='bbox 1428 4369 1535 4425; x_wconf 91' lang='lat' dir='ltr'><strong>non</strong></span> <span class='ocrx_word' id='word_1_616' title='bbox 1582 4354 1769 4423; x_wconf 90' lang='lat' dir='ltr'><strong>possit,</strong></span> <span class='ocrx_word' id='word_1_617' title='bbox 1804 4370 1903 4429; x_wconf 78' lang='lat' dir='ltr'><strong>nec</strong></span> <span class='ocrx_word' id='word_1_618' title='bbox 1949 4355 2036 4407; x_wconf 82' lang='lat' dir='ltr'><strong>illa</strong></span> 
     </span>
    </p>
   </div>
   <div class='ocr_carea' id='block_1_76' title="bbox 472 4444 2037 4513">
    <p class='ocr_par' dir='ltr' id='par_1_76' title="bbox 472 4444 2037 4513">
     <span class='ocr_line' id='line_1_76' title="bbox 472 4444 2037 4513; baseline 0.001 -16"><span class='ocrx_word' id='word_1_619' title='bbox 472 4453 668 4513; x_wconf 81' lang='lat' dir='ltr'><strong>posset.</strong></span> <span class='ocrx_word' id='word_1_620' title='bbox 716 4445 851 4511; x_wconf 80' lang='lat' dir='ltr'><strong>Quia</strong></span> <span class='ocrx_word' id='word_1_621' title='bbox 893 4460 1020 4499; x_wconf 83' lang='lat' dir='ltr'><strong>vero</strong></span> <span class='ocrx_word' id='word_1_622' title='bbox 1071 4444 1161 4497; x_wconf 89' lang='lat' dir='ltr'><strong>illa</strong></span> <span class='ocrx_word' id='word_1_623' title='bbox 1203 4451 1397 4512; x_wconf 89' lang='lat' dir='ltr'><strong>potest,</strong></span> <span class='ocrx_word' id='word_1_624' title='bbox 1430 4444 1619 4497; x_wconf 85' lang='lat' dir='ltr'><strong>doceat</strong></span> <span class='ocrx_word' id='word_1_625' title='bbox 1662 4452 1713 4498; x_wconf 90' lang='lat' dir='ltr'><strong>te</strong></span> <span class='ocrx_word' id='word_1_626' title='bbox 1754 4446 1877 4513; x_wconf 87' lang='lat' dir='ltr'><strong>quia</strong></span> <span class='ocrx_word' id='word_1_627' title='bbox 1922 4445 2037 4498; x_wconf 83' lang='lat' dir='ltr'><strong>ﬁeri</strong></span> 
     </span>
    </p>
   </div>
   <div class='ocr_carea' id='block_1_77' title="bbox 2133 3275 3698 3354">
    <p class='ocr_par' dir='ltr' id='par_1_77' title="bbox 2133 3275 3698 3354">
     <span class='ocr_line' id='line_1_77' title="bbox 2133 3275 3698 3354; baseline 0.008 -27"><span class='ocrx_word' id='word_1_628' title='bbox 2133 3275 2343 3339; x_wconf 86' lang='lat' dir='ltr'><strong>stianis,</strong></span> <span class='ocrx_word' id='word_1_629' title='bbox 2368 3277 2468 3330; x_wconf 87' lang='lat' dir='ltr'><strong>hoc</strong></span> <span class='ocrx_word' id='word_1_630' title='bbox 2497 3277 2626 3331; x_wconf 88' lang='lat' dir='ltr'><strong>dicit</strong></span> <span class='ocrx_word' id='word_1_631' title='bbox 2649 3276 2890 3334; x_wconf 86' lang='lat' dir='ltr'><strong>fidelibus</strong></span> <span class='ocrx_word' id='word_1_632' title='bbox 2917 3297 2929 3333; x_wconf 77' lang='grc' dir='ltr'>ε</span> <span class='ocrx_word' id='word_1_633' title='bbox 2956 3279 3014 3335; x_wconf 89' lang='lat' dir='ltr'><strong>Si</strong></span> <span class='ocrx_word' id='word_1_634' title='bbox 3041 3282 3157 3352; x_wconf 85' lang='lat' dir='ltr'><strong>quis</strong></span> <span class='ocrx_word' id='word_1_635' title='bbox 3187 3285 3430 3354; x_wconf 84' lang='lat' dir='ltr'><strong>templum</strong></span> <span class='ocrx_word' id='word_1_636' title='bbox 3458 3285 3555 3339; x_wconf 79' lang='lat' dir='ltr'><strong>Dei</strong></span> <span class='ocrx_word' id='word_1_637' title='bbox 3583 3304 3698 3340; x_wconf 83' lang='lat' dir='ltr'><strong>cor-</strong></span> 
     </span>
    </p>
   </div>
   <div class='ocr_carea' id='block_1_78' title="bbox 2134 3364 3700 3449">
    <p class='ocr_par' dir='ltr' id='par_1_78' title="bbox 2134 3364 3700 3449">
     <span class='ocr_line' id='line_1_78' title="bbox 2134 3364 3700 3449; baseline 0.009 -33"><span class='ocrx_word' id='word_1_638' title='bbox 2134 3364 2293 3434; x_wconf 85' lang='lat' dir='ltr'><strong>rupit,</strong></span> <span class='ocrx_word' id='word_1_639' title='bbox 2316 3364 2607 3437; x_wconf 85' lang='lat' dir='ltr'><strong>corrumpet</strong></span> <span class='ocrx_word' id='word_1_640' title='bbox 2631 3368 2779 3422; x_wconf 87' lang='lat' dir='ltr'><strong>illum</strong></span> <span class='ocrx_word' id='word_1_641' title='bbox 2813 3369 2955 3425; x_wconf 89' lang='lat' dir='ltr'><strong>Deus</strong></span> <span class='ocrx_word' id='word_1_642' title='bbox 2989 3371 3174 3441; x_wconf 87' lang='lat' dir='ltr'><strong>(Ibid.,</strong></span> <span class='ocrx_word' id='word_1_643' title='bbox 3200 3374 3307 3448; x_wconf 84' lang='grc'>17).</span> <span class='ocrx_word' id='word_1_644' title='bbox 3338 3377 3542 3432; x_wconf 75' lang='lat' dir='ltr'><strong>Videtis</strong></span> <span class='ocrx_word' id='word_1_645' title='bbox 3570 3395 3700 3449; x_wconf 86' lang='lat' dir='ltr'><strong>quo-</strong></span> 
     </span>
    </p>
   </div>
   <div class='ocr_carea' id='block_1_79' title="bbox 2134 3457 3698 3536">
    <p class='ocr_par' dir='ltr' id='par_1_79' title="bbox 2134 3457 3698 3536">
     <span class='ocr_line' id='line_1_79' title="bbox 2134 3457 3698 3536; baseline 0.01 -27"><span class='ocrx_word' id='word_1_646' title='bbox 2134 3457 2291 3512; x_wconf 86' lang='lat' dir='ltr'><strong>modo</strong></span> <span class='ocrx_word' id='word_1_647' title='bbox 2341 3458 2608 3513; x_wconf 86' lang='lat' dir='ltr'><strong>minatur?</strong></span> <span class='ocrx_word' id='word_1_648' title='bbox 2652 3460 2766 3516; x_wconf 87' lang='lat' dir='ltr'><strong>Non</strong></span> <span class='ocrx_word' id='word_1_649' title='bbox 2812 3464 2893 3518; x_wconf 90' lang='lat' dir='ltr'><strong>vis</strong></span> <span class='ocrx_word' id='word_1_650' title='bbox 2940 3466 3210 3536; x_wconf 90' lang='lat' dir='ltr'><strong>corrumpi</strong></span> <span class='ocrx_word' id='word_1_651' title='bbox 3258 3468 3475 3523; x_wconf 89' lang='lat' dir='ltr'><strong>domum</strong></span> <span class='ocrx_word' id='word_1_652' title='bbox 3525 3480 3698 3535; x_wconf 87' lang='lat' dir='ltr'><strong>tuam,</strong></span> 
     </span>
    </p>
   </div>
   <div class='ocr_carea' id='block_1_80' title="bbox 2133 3551 3701 3630">
    <p class='ocr_par' dir='ltr' id='par_1_80' title="bbox 2133 3551 3701 3630">
     <span class='ocr_line' id='line_1_80' title="bbox 2133 3551 3701 3630; baseline 0.008 -29"><span class='ocrx_word' id='word_1_653' title='bbox 2133 3563 2298 3617; x_wconf 88' lang='lat' dir='ltr'><strong>quare</strong></span> <span class='ocrx_word' id='word_1_654' title='bbox 2318 3551 2619 3620; x_wconf 89' lang='lat' dir='ltr'><strong>corrumpis</strong></span> <span class='ocrx_word' id='word_1_655' title='bbox 2648 3552 2862 3608; x_wconf 90' lang='lat' dir='ltr'><strong>domum</strong></span> <span class='ocrx_word' id='word_1_656' title='bbox 2891 3554 3020 3609; x_wconf 84' lang='lat' dir='ltr'><strong>Dei?</strong></span> <span class='ocrx_word' id='word_1_657' title='bbox 3044 3554 3200 3610; x_wconf 88' lang='lat' dir='ltr'><strong>Certe</strong></span> <span class='ocrx_word' id='word_1_658' title='bbox 3221 3555 3354 3613; x_wconf 89' lang='lat' dir='ltr'><strong>facis</strong></span> <span class='ocrx_word' id='word_1_659' title='bbox 3376 3559 3531 3613; x_wconf 89' lang='lat' dir='ltr'><strong>alicui</strong></span> <span class='ocrx_word' id='word_1_660' title='bbox 3557 3561 3701 3630; x_wconf 88' lang='lat' dir='ltr'><strong>quod</strong></span> 
     </span>
    </p>
   </div>
   <div class='ocr_carea' id='block_1_81' title="bbox 2132 3639 3702 3716">
    <p class='ocr_par' dir='ltr' id='par_1_81' title="bbox 2132 3639 3702 3716">
     <span class='ocr_line' id='line_1_81' title="bbox 2132 3639 3702 3716; baseline 0.01 -25"><span class='ocrx_word' id='word_1_661' title='bbox 2132 3639 2244 3708; x_wconf 88' lang='lat' dir='ltr'><strong>pati</strong></span> <span class='ocrx_word' id='word_1_662' title='bbox 2289 3655 2394 3694; x_wconf 92' lang='lat' dir='ltr'><strong>non</strong></span> <span class='ocrx_word' id='word_1_663' title='bbox 2434 3641 2535 3695; x_wconf 90' lang='lat' dir='ltr'><strong>vis.</strong></span> <span class='ocrx_word' id='word_1_664' title='bbox 2568 3640 2684 3696; x_wconf 83' lang='lat' dir='ltr'><strong>Non</strong></span> <span class='ocrx_word' id='word_1_665' title='bbox 2727 3652 2811 3698; x_wconf 88' lang='lat' dir='ltr'><strong>est</strong></span> <span class='ocrx_word' id='word_1_666' title='bbox 2850 3661 2979 3716; x_wconf 87' lang='lat' dir='ltr'><strong>ergo</strong></span> <span class='ocrx_word' id='word_1_667' title='bbox 3006 3660 3112 3716; x_wconf 86' lang='lat' dir='ltr'><strong>quo</strong></span> <span class='ocrx_word' id='word_1_668' title='bbox 3138 3647 3414 3703; x_wconf 87' lang='lat' dir='ltr'><strong>evadatur.</strong></span> <span class='ocrx_word' id='word_1_669' title='bbox 3466 3650 3702 3707; x_wconf 81' lang='lat' dir='ltr'><strong>Tenetur</strong></span> 
     </span>
    </p>
   </div>
   <div class='ocr_carea' id='block_1_82' title="bbox 2134 3730 3527 3807">
    <p class='ocr_par' dir='ltr' id='par_1_82' title="bbox 2134 3730 3527 3807">
     <span class='ocr_line' id='line_1_82' title="bbox 2134 3730 3527 3807; baseline 0.007 -23"><span class='ocrx_word' id='word_1_670' title='bbox 2134 3730 2222 3784; x_wconf 89' lang='lat' dir='ltr'><strong>ille</strong></span> <span class='ocrx_word' id='word_1_671' title='bbox 2243 3731 2334 3800; x_wconf 91' lang='lat' dir='ltr'><strong>qui</strong></span> <span class='ocrx_word' id='word_1_672' title='bbox 2360 3746 2420 3786; x_wconf 89' lang='lat' dir='ltr'><strong>se</strong></span> <span class='ocrx_word' id='word_1_673' title='bbox 2444 3733 2612 3786; x_wconf 89' lang='lat' dir='ltr'><strong>teneri</strong></span> <span class='ocrx_word' id='word_1_674' title='bbox 2638 3749 2745 3789; x_wconf 90' lang='lat' dir='ltr'><strong>non</strong></span> <span class='ocrx_word' id='word_1_675' title='bbox 2770 3736 3013 3805; x_wconf 86' lang='lat' dir='ltr'><strong>putabat.</strong></span> <span class='ocrx_word' id='word_1_676' title='bbox 3045 3757 3062 3789; x_wconf 73' lang='grc' dir='ltr'><strong><em>ι</em></strong></span> <span class='ocrx_word' id='word_1_677' title='bbox 3524 3802 3527 3807; x_wconf 24' lang='grc'><strong>1</strong></span> 
     </span>
    </p>
   </div>
   <div class='ocr_carea' id='block_1_83' title="bbox 2205 3820 3701 3903">
    <p class='ocr_par' dir='ltr' id='par_1_83' title="bbox 2205 3820 3701 3903">
     <span class='ocr_line' id='line_1_83' title="bbox 2205 3820 3701 3903; baseline 0.007 -29"><span class='ocrx_word' id='word_1_678' title='bbox 2205 3820 2299 3875; x_wconf 85' lang='lat' dir='ltr'><strong>llis</strong></span> <span class='ocrx_word' id='word_1_679' title='bbox 2330 3822 2491 3891; x_wconf 84' lang='lat' dir='ltr'><strong>igitur</strong></span> <span class='ocrx_word' id='word_1_680' title='bbox 2518 3841 2639 3894; x_wconf 67' lang='lat' dir='ltr'><strong>qua}</strong></span> <span class='ocrx_word' id='word_1_681' title='bbox 2689 3828 2965 3896; x_wconf 72' lang='lat' dir='ltr'><strong>prmlibata</strong></span> <span class='ocrx_word' id='word_1_682' title='bbox 3007 3840 3131 3884; x_wconf 88' lang='lat' dir='ltr'><strong>sunt</strong></span> <span class='ocrx_word' id='word_1_683' title='bbox 3175 3830 3459 3903; x_wconf 88' lang='lat' dir='ltr'><strong>diligenter</strong></span> <span class='ocrx_word' id='word_1_684' title='bbox 3485 3849 3701 3903; x_wconf 58' lang='lat' dir='ltr'><strong>persim-</strong></span> 
     </span>
    </p>
   </div>
   <div class='ocr_carea' id='block_1_84' title="bbox 2133 3912 3698 3999">
    <p class='ocr_par' dir='ltr' id='par_1_84' title="bbox 2133 3912 3698 3999">
     <span class='ocr_line' id='line_1_84' title="bbox 2133 3912 3698 3999; baseline 0.006 -33"><span class='ocrx_word' id='word_1_685' title='bbox 2133 3912 2266 3975; x_wconf 89' lang='lat' dir='ltr'><strong>ctis,</strong></span> <span class='ocrx_word' id='word_1_686' title='bbox 2309 3927 2648 3982; x_wconf 89' lang='lat' dir='ltr'><strong>summopere</strong></span> <span class='ocrx_word' id='word_1_687' title='bbox 2690 3916 3008 3973; x_wconf 88' lang='lat' dir='ltr'><strong>studendum</strong></span> <span class='ocrx_word' id='word_1_688' title='bbox 3048 3929 3130 3974; x_wconf 87' lang='lat' dir='ltr'><strong>est</strong></span> <span class='ocrx_word' id='word_1_689' title='bbox 3176 3922 3407 3993; x_wconf 87' lang='lat' dir='ltr'><strong>conjugii</strong></span> <span class='ocrx_word' id='word_1_690' title='bbox 3454 3924 3698 3999; x_wconf 80' lang='lat' dir='ltr'><strong>copulam</strong></span> 
     </span>
    </p>
   </div>
   <div class='ocr_carea' id='block_1_85' title="bbox 2134 4001 3703 4077">
    <p class='ocr_par' dir='ltr' id='par_1_85' title="bbox 2134 4001 3703 4077">
     <span class='ocr_line' id='line_1_85' title="bbox 2134 4001 3703 4077; baseline 0.01 -24"><span class='ocrx_word' id='word_1_691' title='bbox 2134 4001 2474 4069; x_wconf 89' lang='lat' dir='ltr'><strong>adeuntibus,</strong></span> <span class='ocrx_word' id='word_1_692' title='bbox 2501 4014 2561 4059; x_wconf 92' lang='lat' dir='ltr'><strong>ut</strong></span> <span class='ocrx_word' id='word_1_693' title='bbox 2602 4021 2700 4060; x_wconf 80' lang='lat' dir='ltr'><strong>nec</strong></span> <span class='ocrx_word' id='word_1_694' title='bbox 2740 4006 2983 4063; x_wconf 87' lang='lat' dir='ltr'><strong>clanculo</strong></span> <span class='ocrx_word' id='word_1_695' title='bbox 3028 4026 3146 4064; x_wconf 91' lang='lat' dir='ltr'><strong>cum</strong></span> <span class='ocrx_word' id='word_1_696' title='bbox 3177 4014 3571 4077; x_wconf 89' lang='lat' dir='ltr'><strong>meretricibus,</strong></span> <span class='ocrx_word' id='word_1_697' title='bbox 3604 4031 3703 4069; x_wconf 84' lang='lat' dir='ltr'><strong>nec</strong></span> 
     </span>
    </p>
   </div>
   <div class='ocr_carea' id='block_1_86' title="bbox 2133 4090 3709 4168">
    <p class='ocr_par' dir='ltr' id='par_1_86' title="bbox 2133 4090 3709 4168">
     <span class='ocr_line' id='line_1_86' title="bbox 2133 4090 3709 4168; baseline 0.01 -26"><span class='ocrx_word' id='word_1_698' title='bbox 2133 4090 2311 4158; x_wconf 83' lang='lat' dir='ltr'><strong>palam</strong></span> <span class='ocrx_word' id='word_1_699' title='bbox 2357 4107 2480 4146; x_wconf 90' lang='lat' dir='ltr'><strong>cum</strong></span> <span class='ocrx_word' id='word_1_700' title='bbox 2524 4095 2818 4160; x_wconf 89' lang='lat' dir='ltr'><strong>ancillulis,</strong></span> <span class='ocrx_word' id='word_1_701' title='bbox 2849 4106 3133 4168; x_wconf 88' lang='lat' dir='ltr'><strong>antequam</strong></span> <span class='ocrx_word' id='word_1_702' title='bbox 3174 4102 3363 4155; x_wconf 86' lang='lat' dir='ltr'><strong>uxorio</strong></span> <span class='ocrx_word' id='word_1_703' title='bbox 3402 4103 3613 4157; x_wconf 88' lang='lat' dir='ltr'><strong>vinculo</strong></span> <span class='ocrx_word' id='word_1_704' title='bbox 3641 4091 3709 4157; x_wconf 23' lang='lat' dir='ltr'><strong>se.</strong></span> 
     </span>
    </p>
   </div>
   <div class='ocr_carea' id='block_1_87' title="bbox 2135 4181 3701 4261">
    <p class='ocr_par' dir='ltr' id='par_1_87' title="bbox 2135 4181 3701 4261">
     <span class='ocr_line' id='line_1_87' title="bbox 2135 4181 3701 4261; baseline 0.01 -28"><span class='ocrx_word' id='word_1_705' title='bbox 2135 4181 2442 4247; x_wconf 89' lang='lat' dir='ltr'><strong>innectant,</strong></span> <span class='ocrx_word' id='word_1_706' title='bbox 2475 4197 2925 4256; x_wconf 89' lang='lat' dir='ltr'><strong>corrumpantur:</strong></span> <span class='ocrx_word' id='word_1_707' title='bbox 2952 4198 3010 4243; x_wconf 91' lang='lat' dir='ltr'><strong>ut</strong></span> <span class='ocrx_word' id='word_1_708' title='bbox 3054 4191 3258 4246; x_wconf 88' lang='lat' dir='ltr'><strong>scilicet</strong></span> <span class='ocrx_word' id='word_1_709' title='bbox 3303 4193 3425 4261; x_wconf 89' lang='lat' dir='ltr'><strong>quia</strong></span> <span class='ocrx_word' id='word_1_710' title='bbox 3474 4196 3701 4249; x_wconf 82' lang='lat' dir='ltr'><strong>centesi-</strong></span> 
     </span>
    </p>
   </div>
   <div class='ocr_carea' id='block_1_88' title="bbox 2136 4273 3701 4352">
    <p class='ocr_par' dir='ltr' id='par_1_88' title="bbox 2136 4273 3701 4352">
     <span class='ocr_line' id='line_1_88' title="bbox 2136 4273 3701 4352; baseline 0.01 -29"><span class='ocrx_word' id='word_1_711' title='bbox 2136 4287 2280 4325; x_wconf 90' lang='lat' dir='ltr'><strong>nnnn</strong></span> <span class='ocrx_word' id='word_1_712' title='bbox 2303 4273 2626 4343; x_wconf 85' lang='lat' dir='ltr'><strong>virginitatis</strong></span> <span class='ocrx_word' id='word_1_713' title='bbox 2654 4289 2941 4346; x_wconf 87' lang='lat' dir='ltr'><strong>nequeunt,</strong></span> <span class='ocrx_word' id='word_1_714' title='bbox 2973 4280 3147 4335; x_wconf 85' lang='lat' dir='ltr'><strong>saltim</strong></span> <span class='ocrx_word' id='word_1_715' title='bbox 3172 4291 3317 4336; x_wconf 82' lang='lat' dir='ltr'><strong>caste</strong></span> <span class='ocrx_word' id='word_1_716' title='bbox 3346 4284 3576 4352; x_wconf 81' lang='lat' dir='ltr'><strong>copulati</strong></span> <span class='ocrx_word' id='word_1_717' title='bbox 3608 4286 3701 4339; x_wconf 89' lang='lat' dir='ltr'><strong>tri-</strong></span> 
     </span>
    </p>
   </div>
   <div class='ocr_carea' id='block_1_89' title="bbox 2136 4362 3538 4440">
    <p class='ocr_par' dir='ltr' id='par_1_89' title="bbox 2136 4362 3538 4440">
     <span class='ocr_line' id='line_1_89' title="bbox 2136 4362 3538 4440; baseline 0.008 -24"><span class='ocrx_word' id='word_1_718' title='bbox 2136 4362 2394 4418; x_wconf 88' lang='lat' dir='ltr'><strong>cesimum</strong></span> <span class='ocrx_word' id='word_1_719' title='bbox 2426 4364 2659 4421; x_wconf 88' lang='lat' dir='ltr'><strong>fructum</strong></span> <span class='ocrx_word' id='word_1_720' title='bbox 2690 4383 2719 4420; x_wconf 90' lang='lat' dir='ltr'><strong>a</strong></span> <span class='ocrx_word' id='word_1_721' title='bbox 2756 4368 2980 4423; x_wconf 91' lang='lat' dir='ltr'><strong>Domino</strong></span> <span class='ocrx_word' id='word_1_722' title='bbox 3004 4366 3278 4440; x_wconf 77' lang='lat' dir='ltr'><strong>percipere</strong></span> <span class='ocrx_word' id='word_1_723' title='bbox 3308 4374 3538 4428; x_wconf 86' lang='lat' dir='ltr'><strong>valeant.</strong></span> 
     </span>
    </p>
   </div>
   <div class='ocr_carea' id='block_1_90' title="bbox 2743 4478 3088 4537">
    <p class='ocr_par' dir='ltr' id='par_1_90' title="bbox 2743 4478 3088 4537">
     <span class='ocr_line' id='line_1_90' title="bbox 2743 4478 3088 4537; baseline 0.003 -4"><span class='ocrx_word' id='word_1_724' title='bbox 2743 4478 2975 4537; x_wconf 72' lang='lat' dir='ltr'><strong>CAPUT.</strong></span> <span class='ocrx_word' id='word_1_725' title='bbox 3004 4480 3088 4534; x_wconf 81' lang='grc' dir='ltr'><strong>ΙΙΙ.</strong></span> 
     </span>
    </p>
   </div>
   <div class='ocr_carea' id='block_1_91' title="bbox 472 4524 2022 4642">
    <p class='ocr_par' dir='ltr' id='par_1_91' title="bbox 472 4526 2022 4606">
     <span class='ocr_line' id='line_1_91' title="bbox 472 4526 2022 4606; baseline 0.002 -18"><span class='ocrx_word' id='word_1_726' title='bbox 472 4544 665 4605; x_wconf 83' lang='lat' dir='ltr'><strong>potest.</strong></span> <span class='ocrx_word' id='word_1_727' title='bbox 715 4536 785 4590; x_wconf 84' lang='lat' dir='ltr'><strong>Et</strong></span> <span class='ocrx_word' id='word_1_728' title='bbox 809 4544 868 4589; x_wconf 91' lang='lat' dir='ltr'><strong>ut</strong></span> <span class='ocrx_word' id='word_1_729' title='bbox 894 4536 981 4589; x_wconf 87' lang='lat' dir='ltr'><strong>illa</strong></span> <span class='ocrx_word' id='word_1_730' title='bbox 1011 4536 1197 4604; x_wconf 88' lang='lat' dir='ltr'><strong>possit,</strong></span> <span class='ocrx_word' id='word_1_731' title='bbox 1230 4534 1370 4590; x_wconf 88' lang='lat' dir='ltr'><strong>Deus</strong></span> <span class='ocrx_word' id='word_1_732' title='bbox 1398 4536 1551 4606; x_wconf 84' lang='lat' dir='ltr'><strong>regit.</strong></span> <span class='ocrx_word' id='word_1_733' title='bbox 1606 4535 1710 4590; x_wconf 89' lang='lat' dir='ltr'><strong>Sed</strong></span> <span class='ocrx_word' id='word_1_734' title='bbox 1756 4547 1811 4590; x_wconf 88' lang='lat' dir='ltr'><strong>tu</strong></span> <span class='ocrx_word' id='word_1_735' title='bbox 1839 4526 2022 4605; x_wconf 82' lang='lat' dir='ltr'><strong>glorio-</strong></span> 
     </span>
    </p>
   </div>
   <div class='ocr_carea' id='block_1_92' title="bbox 2123 4524 3704 4642">
    <p class='ocr_par' dir='ltr' id='par_1_92' title="bbox 2142 4560 3704 4642">
     <span class='ocr_line' id='line_1_92' title="bbox 2142 4560 3704 4642; baseline 0.011 -28"><span class='ocrx_word' id='word_1_736' title='bbox 2142 4560 2295 4628; x_wconf 84' lang='lat' dir='ltr'><strong>Quod</strong></span> <span class='ocrx_word' id='word_1_737' title='bbox 2334 4565 2625 4634; x_wconf 81' lang='lat' dir='ltr'><strong>conjugatis</strong></span> <span class='ocrx_word' id='word_1_738' title='bbox 2655 4567 2856 4619; x_wconf 83' lang='lat' dir='ltr'><strong>carnali</strong></span> <span class='ocrx_word' id='word_1_739' title='bbox 2889 4569 3087 4642; x_wconf 66' lang='lat' dir='ltr'><strong>copula:</strong></span> <span class='ocrx_word' id='word_1_740' title='bbox 3119 4571 3478 4642; x_wconf 75' lang='lat' dir='ltr'><strong>indi/ferenter</strong></span> <span class='ocrx_word' id='word_1_741' title='bbox 3513 4578 3704 4631; x_wconf 81' lang='lat' dir='ltr'><strong>servire</strong></span> 
     </span>
    </p>
   </div>
   <div class='ocr_carea' id='block_1_93' title="bbox 471 4625 2036 4698">
    <p class='ocr_par' dir='ltr' id='par_1_93' title="bbox 471 4625 2036 4698">
     <span class='ocr_line' id='line_1_93' title="bbox 471 4625 2036 4698; baseline 0.001 -17"><span class='ocrx_word' id='word_1_742' title='bbox 471 4627 582 4681; x_wconf 88' lang='lat' dir='ltr'><strong>sior</strong></span> <span class='ocrx_word' id='word_1_743' title='bbox 604 4627 732 4693; x_wconf 89' lang='lat' dir='ltr'><strong>eris,</strong></span> <span class='ocrx_word' id='word_1_744' title='bbox 762 4626 810 4682; x_wconf 85' lang='lat' dir='ltr'><strong>si</strong></span> <span class='ocrx_word' id='word_1_745' title='bbox 840 4625 1054 4681; x_wconf 87' lang='lat' dir='ltr'><strong>feceris.</strong></span> <span class='ocrx_word' id='word_1_746' title='bbox 1103 4626 1281 4693; x_wconf 82' lang='lat' dir='ltr'><strong>Quare</strong></span> <span class='ocrx_word' id='word_1_747' title='bbox 1324 4627 1643 4697; x_wconf 86' lang='lat' dir='ltr'><strong>gloriosior?</strong></span> <span class='ocrx_word' id='word_1_748' title='bbox 1670 4627 1815 4682; x_wconf 84' lang='lat' dir='ltr'><strong>illam</strong></span> <span class='ocrx_word' id='word_1_749' title='bbox 1840 4631 2036 4698; x_wconf 89' lang='lat' dir='ltr'><strong>premit</strong></span> 
     </span>
    </p>
   </div>
   <div class='ocr_carea' id='block_1_94' title="bbox 473 4715 2033 4797">
    <p class='ocr_par' dir='ltr' id='par_1_94' title="bbox 473 4715 2033 4797">
     <span class='ocr_line' id='line_1_94' title="bbox 473 4715 2033 4797; baseline 0.001 -26"><span class='ocrx_word' id='word_1_750' title='bbox 473 4727 753 4787; x_wconf 83' lang='lat' dir='ltr'><strong>parentum</strong></span> <span class='ocrx_word' id='word_1_751' title='bbox 791 4717 1050 4797; x_wconf 81' lang='lat' dir='ltr'><strong>custodia,</strong></span> <span class='ocrx_word' id='word_1_752' title='bbox 1086 4715 1321 4770; x_wconf 76' lang='lat' dir='ltr'><strong>refrenat</strong></span> <span class='ocrx_word' id='word_1_753' title='bbox 1352 4717 1665 4772; x_wconf 83' lang='lat' dir='ltr'><strong>infirmioris</strong></span> <span class='ocrx_word' id='word_1_754' title='bbox 1710 4734 1871 4773; x_wconf 79' lang='lat' dir='ltr'><strong>sexus</strong></span> <span class='ocrx_word' id='word_1_755' title='bbox 1919 4720 2033 4789; x_wconf 89' lang='lat' dir='ltr'><strong>ipsa</strong></span> 
     </span>
    </p>
   </div>
   <div class='ocr_carea' id='block_1_95' title="bbox 474 4805 2029 4877">
    <p class='ocr_par' dir='ltr' id='par_1_95' title="bbox 474 4805 2029 4877">
     <span class='ocr_line' id='line_1_95' title="bbox 474 4805 2029 4877; baseline 0.003 -17"><span class='ocrx_word' id='word_1_756' title='bbox 474 4808 813 4863; x_wconf 85' lang='lat' dir='ltr'><strong>verecundia.</strong></span> <span class='ocrx_word' id='word_1_757' title='bbox 842 4805 1119 4861; x_wconf 83' lang='lat' dir='ltr'><strong>Postremo</strong></span> <span class='ocrx_word' id='word_1_758' title='bbox 1140 4806 1284 4877; x_wconf 86' lang='lat' dir='ltr'><strong>leges</strong></span> <span class='ocrx_word' id='word_1_759' title='bbox 1305 4807 1627 4876; x_wconf 86' lang='lat' dir='ltr'><strong>timet,quas</strong></span> <span class='ocrx_word' id='word_1_760' title='bbox 1647 4816 1701 4861; x_wconf 90' lang='lat' dir='ltr'><strong>tu</strong></span> <span class='ocrx_word' id='word_1_761' title='bbox 1723 4824 1827 4861; x_wconf 90' lang='lat' dir='ltr'><strong>non</strong></span> <span class='ocrx_word' id='word_1_762' title='bbox 1857 4810 2029 4864; x_wconf 90' lang='lat' dir='ltr'><strong>times.</strong></span> 
     </span>
    </p>
   </div>
   <div class='ocr_carea' id='block_1_96' title="bbox 470 4896 2032 4968">
    <p class='ocr_par' dir='ltr' id='par_1_96' title="bbox 470 4896 2032 4968">
     <span class='ocr_line' id='line_1_96' title="bbox 470 4896 2032 4968; baseline 0.002 -16"><span class='ocrx_word' id='word_1_763' title='bbox 470 4897 594 4952; x_wconf 85' lang='lat' dir='ltr'><strong>Ideo</strong></span> <span class='ocrx_word' id='word_1_764' title='bbox 635 4897 918 4967; x_wconf 87' lang='lat' dir='ltr'><strong>gloriosior</strong></span> <span class='ocrx_word' id='word_1_765' title='bbox 959 4898 1069 4951; x_wconf 90' lang='lat' dir='ltr'><strong>eris</strong></span> <span class='ocrx_word' id='word_1_766' title='bbox 1113 4898 1159 4952; x_wconf 90' lang='lat' dir='ltr'><strong>si</strong></span> <span class='ocrx_word' id='word_1_767' title='bbox 1205 4896 1426 4963; x_wconf 86' lang='lat' dir='ltr'><strong>feceris;</strong></span> <span class='ocrx_word' id='word_1_768' title='bbox 1457 4899 1580 4968; x_wconf 84' lang='lat' dir='ltr'><strong>quia</strong></span> <span class='ocrx_word' id='word_1_769' title='bbox 1617 4908 1672 4952; x_wconf 91' lang='lat' dir='ltr'><strong>tu</strong></span> <span class='ocrx_word' id='word_1_770' title='bbox 1721 4900 1766 4954; x_wconf 91' lang='lat' dir='ltr'><strong>si</strong></span> <span class='ocrx_word' id='word_1_771' title='bbox 1806 4899 2032 4966; x_wconf 88' lang='lat' dir='ltr'><strong>feceris,</strong></span> 
     </span>
    </p>
   </div>
   <div class='ocr_carea' id='block_1_97' title="bbox 471 4986 2033 5058">
    <p class='ocr_par' dir='ltr' id='par_1_97' title="bbox 471 4986 2033 5058">
     <span class='ocr_line' id='line_1_97' title="bbox 471 4986 2033 5058; baseline 0.001 -16"><span class='ocrx_word' id='word_1_772' title='bbox 471 4987 638 5042; x_wconf 88' lang='lat' dir='ltr'><strong>Deum</strong></span> <span class='ocrx_word' id='word_1_773' title='bbox 655 4989 830 5042; x_wconf 86' lang='lat' dir='ltr'><strong>times.</strong></span> <span class='ocrx_word' id='word_1_774' title='bbox 857 4986 1034 5040; x_wconf 81' lang='lat' dir='ltr'><strong>Habet</strong></span> <span class='ocrx_word' id='word_1_775' title='bbox 1049 4987 1134 5041; x_wconf 87' lang='lat' dir='ltr'><strong>illa</strong></span> <span class='ocrx_word' id='word_1_776' title='bbox 1150 4987 1315 5041; x_wconf 84' lang='lat' dir='ltr'><strong>multa</strong></span> <span class='ocrx_word' id='word_1_777' title='bbox 1332 5002 1450 5057; x_wconf 67' lang='lat' dir='ltr'><strong>qua:</strong></span> <span class='ocrx_word' id='word_1_778' title='bbox 1467 4988 1616 5042; x_wconf 89' lang='lat' dir='ltr'><strong>timet</strong></span> <span class='ocrx_word' id='word_1_779' title='bbox 1634 4997 1829 5058; x_wconf 57' lang='lat' dir='ltr'><strong>praeter</strong></span> <span class='ocrx_word' id='word_1_780' title='bbox 1842 4989 2033 5057; x_wconf 89' lang='lat' dir='ltr'><strong>Deum,</strong></span> 
     </span>
    </p>
   </div>
   <div class='ocr_carea' id='block_1_98' title="bbox 458 5078 2037 5153">
    <p class='ocr_par' dir='ltr' id='par_1_98' title="bbox 458 5078 2037 5153">
     <span class='ocr_line' id='line_1_98' title="bbox 458 5078 2037 5153; baseline 0.002 -18"><span class='ocrx_word' id='word_1_781' title='bbox 458 5090 527 5135; x_wconf 87' lang='lat' dir='ltr'><strong>tu</strong></span> <span class='ocrx_word' id='word_1_782' title='bbox 549 5080 721 5135; x_wconf 88' lang='lat' dir='ltr'><strong>solum</strong></span> <span class='ocrx_word' id='word_1_783' title='bbox 748 5078 915 5132; x_wconf 88' lang='lat' dir='ltr'><strong>Deum</strong></span> <span class='ocrx_word' id='word_1_784' title='bbox 940 5079 1114 5134; x_wconf 88' lang='lat' dir='ltr'><strong>times.</strong></span> <span class='ocrx_word' id='word_1_785' title='bbox 1147 5079 1252 5134; x_wconf 90' lang='lat' dir='ltr'><strong>Sed</strong></span> <span class='ocrx_word' id='word_1_786' title='bbox 1286 5089 1338 5134; x_wconf 91' lang='lat' dir='ltr'><strong>tu</strong></span> <span class='ocrx_word' id='word_1_787' title='bbox 1366 5096 1526 5149; x_wconf 87' lang='lat' dir='ltr'><strong>quem</strong></span> <span class='ocrx_word' id='word_1_788' title='bbox 1554 5082 1728 5146; x_wconf 86' lang='lat' dir='ltr'><strong>times,</strong></span> <span class='ocrx_word' id='word_1_789' title='bbox 1756 5084 1926 5153; x_wconf 88' lang='lat' dir='ltr'><strong>major</strong></span> <span class='ocrx_word' id='word_1_790' title='bbox 1953 5092 2037 5138; x_wconf 90' lang='lat' dir='ltr'><strong>est</strong></span> 
     </span>
    </p>
   </div>
   <div class='ocr_carea' id='block_1_99' title="bbox 474 5167 2035 5247">
    <p class='ocr_par' dir='ltr' id='par_1_99' title="bbox 474 5167 2035 5247">
     <span class='ocr_line' id='line_1_99' title="bbox 474 5167 2035 5247; baseline 0.004 -20"><span class='ocrx_word' id='word_1_791' title='bbox 474 5172 719 5227; x_wconf 89' lang='lat' dir='ltr'><strong>omnibus</strong></span> <span class='ocrx_word' id='word_1_792' title='bbox 751 5167 901 5244; x_wconf 87' lang='lat' dir='ltr'><strong>(Cap.</strong></span> <span class='ocrx_word' id='word_1_793' title='bbox 926 5172 1003 5245; x_wconf 80' lang='grc'>5).</span> <span class='ocrx_word' id='word_1_794' title='bbox 1030 5171 1147 5241; x_wconf 88' lang='lat' dir='ltr'><strong>Ipse</strong></span> <span class='ocrx_word' id='word_1_795' title='bbox 1173 5174 1439 5230; x_wconf 88' lang='lat' dir='ltr'><strong>timendus</strong></span> <span class='ocrx_word' id='word_1_796' title='bbox 1464 5184 1547 5230; x_wconf 86' lang='lat' dir='ltr'><strong>est</strong></span> <span class='ocrx_word' id='word_1_797' title='bbox 1575 5176 1627 5230; x_wconf 92' lang='lat' dir='ltr'><strong>in</strong></span> <span class='ocrx_word' id='word_1_798' title='bbox 1656 5177 1892 5247; x_wconf 86' lang='lat' dir='ltr'><strong>publico,</strong></span> <span class='ocrx_word' id='word_1_799' title='bbox 1923 5179 2035 5247; x_wconf 86' lang='lat' dir='ltr'><strong>ipse</strong></span> 
     </span>
    </p>
   </div>
   <div class='ocr_carea' id='block_1_100' title="bbox 475 5262 2035 5333">
    <p class='ocr_par' dir='ltr' id='par_1_100' title="bbox 475 5262 2035 5333">
     <span class='ocr_line' id='line_1_100' title="bbox 475 5262 2035 5333; baseline 0.004 -18"><span class='ocrx_word' id='word_1_800' title='bbox 475 5262 526 5315; x_wconf 91' lang='lat' dir='ltr'><strong>in</strong></span> <span class='ocrx_word' id='word_1_801' title='bbox 552 5275 780 5319; x_wconf 89' lang='lat' dir='ltr'><strong>secreto.</strong></span> <span class='ocrx_word' id='word_1_802' title='bbox 807 5263 1323 5330; x_wconf 77' lang='lat' dir='ltr'><strong>Prbcedis,videris;</strong></span> <span class='ocrx_word' id='word_1_803' title='bbox 1349 5267 1539 5331; x_wconf 89' lang='lat' dir='ltr'><strong>intras,</strong></span> <span class='ocrx_word' id='word_1_804' title='bbox 1566 5268 1794 5333; x_wconf 88' lang='lat' dir='ltr'><strong>videris;</strong></span> <span class='ocrx_word' id='word_1_805' title='bbox 1817 5268 2035 5322; x_wconf 88' lang='lat' dir='ltr'><strong>lucerna</strong></span> 
     </span>
    </p>
   </div>
   <div class='ocr_carea' id='block_1_101' title="bbox 476 5352 2034 5423">
    <p class='ocr_par' dir='ltr' id='par_1_101' title="bbox 476 5352 2034 5423">
     <span class='ocr_line' id='line_1_101' title="bbox 476 5352 2034 5423; baseline 0.006 -21"><span class='ocrx_word' id='word_1_806' title='bbox 476 5352 642 5417; x_wconf 89' lang='lat' dir='ltr'><strong>ardet,</strong></span> <span class='ocrx_word' id='word_1_807' title='bbox 666 5354 813 5409; x_wconf 88' lang='lat' dir='ltr'><strong>videt</strong></span> <span class='ocrx_word' id='word_1_808' title='bbox 854 5365 935 5421; x_wconf 88' lang='lat' dir='ltr'><strong>te;</strong></span> <span class='ocrx_word' id='word_1_809' title='bbox 970 5354 1183 5409; x_wconf 87' lang='lat' dir='ltr'><strong>lucerna</strong></span> <span class='ocrx_word' id='word_1_810' title='bbox 1228 5356 1490 5410; x_wconf 81' lang='lat' dir='ltr'><strong>exstincta</strong></span> <span class='ocrx_word' id='word_1_811' title='bbox 1533 5366 1636 5423; x_wconf 91' lang='lat' dir='ltr'><strong>est,</strong></span> <span class='ocrx_word' id='word_1_812' title='bbox 1664 5357 1812 5411; x_wconf 88' lang='lat' dir='ltr'><strong>videt</strong></span> <span class='ocrx_word' id='word_1_813' title='bbox 1850 5365 1934 5421; x_wconf 88' lang='lat' dir='ltr'><strong>te;</strong></span> <span class='ocrx_word' id='word_1_814' title='bbox 1981 5358 2034 5411; x_wconf 92' lang='lat' dir='ltr'><strong>in</strong></span> 
     </span>
    </p>
   </div>
   <div class='ocr_carea' id='block_1_102' title="bbox 476 5441 2037 5510">
    <p class='ocr_par' dir='ltr' id='par_1_102' title="bbox 476 5441 2037 5510">
     <span class='ocr_line' id='line_1_102' title="bbox 476 5441 2037 5510; baseline 0.006 -18"><span class='ocrx_word' id='word_1_815' title='bbox 476 5441 775 5497; x_wconf 84' lang='lat' dir='ltr'><strong>cubiculum</strong></span> <span class='ocrx_word' id='word_1_816' title='bbox 814 5445 1002 5510; x_wconf 86' lang='lat' dir='ltr'><strong>intras,</strong></span> <span class='ocrx_word' id='word_1_817' title='bbox 1034 5446 1179 5499; x_wconf 88' lang='lat' dir='ltr'><strong>videt</strong></span> <span class='ocrx_word' id='word_1_818' title='bbox 1212 5453 1296 5510; x_wconf 87' lang='lat' dir='ltr'><strong>te;</strong></span> <span class='ocrx_word' id='word_1_819' title='bbox 1328 5446 1379 5498; x_wconf 88' lang='lat' dir='ltr'><strong>in</strong></span> <span class='ocrx_word' id='word_1_820' title='bbox 1423 5448 1586 5500; x_wconf 87' lang='lat' dir='ltr'><strong>corde</strong></span> <span class='ocrx_word' id='word_1_821' title='bbox 1615 5447 1866 5510; x_wconf 87' lang='lat' dir='ltr'><strong>versaris,</strong></span> <span class='ocrx_word' id='word_1_822' title='bbox 1892 5446 2037 5501; x_wconf 89' lang='lat' dir='ltr'><strong>videt</strong></span> 
     </span>
    </p>
   </div>
   <div class='ocr_carea' id='block_1_103' title="bbox 479 5529 2036 5603">
    <p class='ocr_par' dir='ltr' id='par_1_103' title="bbox 479 5529 2036 5603">
     <span class='ocr_line' id='line_1_103' title="bbox 479 5529 2036 5603; baseline 0.006 -22"><span class='ocrx_word' id='word_1_823' title='bbox 479 5536 550 5582; x_wconf 86' lang='lat' dir='ltr'><strong>te.</strong></span> <span class='ocrx_word' id='word_1_824' title='bbox 597 5529 772 5598; x_wconf 87' lang='lat' dir='ltr'><strong>Ipsum</strong></span> <span class='ocrx_word' id='word_1_825' title='bbox 812 5535 939 5589; x_wconf 88' lang='lat' dir='ltr'><strong>time</strong></span> <span class='ocrx_word' id='word_1_826' title='bbox 962 5576 975 5600; x_wconf 93' lang='lat'><strong>,</strong></span> <span class='ocrx_word' id='word_1_827' title='bbox 1007 5536 1150 5589; x_wconf 90' lang='lat' dir='ltr'><strong>illum</strong></span> <span class='ocrx_word' id='word_1_828' title='bbox 1183 5536 1269 5589; x_wconf 91' lang='lat' dir='ltr'><strong>cui</strong></span> <span class='ocrx_word' id='word_1_829' title='bbox 1309 5552 1434 5590; x_wconf 87' lang='lat' dir='ltr'><strong>cura</strong></span> <span class='ocrx_word' id='word_1_830' title='bbox 1479 5546 1562 5590; x_wconf 83' lang='lat' dir='ltr'><strong>est</strong></span> <span class='ocrx_word' id='word_1_831' title='bbox 1588 5545 1646 5589; x_wconf 91' lang='lat' dir='ltr'><strong>ut</strong></span> <span class='ocrx_word' id='word_1_832' title='bbox 1674 5537 1851 5592; x_wconf 87' lang='lat' dir='ltr'><strong>videat</strong></span> <span class='ocrx_word' id='word_1_833' title='bbox 1880 5549 1950 5603; x_wconf 88' lang='lat' dir='ltr'><strong>te,</strong></span> <span class='ocrx_word' id='word_1_834' title='bbox 1982 5546 2036 5591; x_wconf 89' lang='lat' dir='ltr'><strong>et</strong></span> 
     </span>
    </p>
   </div>
   <div class='ocr_carea' id='block_1_104' title="bbox 480 5619 2033 5699">
    <p class='ocr_par' dir='ltr' id='par_1_104' title="bbox 480 5619 2033 5699">
     <span class='ocr_line' id='line_1_104' title="bbox 480 5619 2033 5699; baseline 0.008 -28"><span class='ocrx_word' id='word_1_835' title='bbox 480 5619 561 5673; x_wconf 82' lang='lat' dir='ltr'><strong>vel</strong></span> <span class='ocrx_word' id='word_1_836' title='bbox 605 5622 838 5675; x_wconf 86' lang='lat' dir='ltr'><strong>timendo</strong></span> <span class='ocrx_word' id='word_1_837' title='bbox 875 5631 1053 5681; x_wconf 82' lang='lat' dir='ltr'><strong>castus</strong></span> <span class='ocrx_word' id='word_1_838' title='bbox 1077 5637 1210 5681; x_wconf 86' lang='lat' dir='ltr'><strong>esto.</strong></span> <span class='ocrx_word' id='word_1_839' title='bbox 1260 5626 1366 5679; x_wconf 79' lang='lat' dir='ltr'><strong>Aut</strong></span> <span class='ocrx_word' id='word_1_840' title='bbox 1393 5627 1438 5681; x_wconf 89' lang='lat' dir='ltr'><strong>si</strong></span> <span class='ocrx_word' id='word_1_841' title='bbox 1467 5642 1690 5697; x_wconf 52' lang='lat' dir='ltr'><strong>peccare</strong></span> <span class='ocrx_word' id='word_1_842' title='bbox 1732 5630 1829 5693; x_wconf 86' lang='lat' dir='ltr'><strong>vis,</strong></span> <span class='ocrx_word' id='word_1_843' title='bbox 1856 5646 2033 5699; x_wconf 69' lang='lat' dir='ltr'><strong>qumre</strong></span> 
     </span>
    </p>
   </div>
   <div class='ocr_carea' id='block_1_105' title="bbox 549 5731 1620 5808">
    <p class='ocr_par' dir='ltr' id='par_1_105' title="bbox 549 5731 1620 5808">
     <span class='ocr_line' id='line_1_105' title="bbox 549 5731 1620 5808; baseline 0.007 -24"><span class='ocrx_word' id='word_1_844' title='bbox 549 5744 574 5770; x_wconf 76' lang='grc' dir='ltr'><strong>ει</strong></span> <span class='ocrx_word' id='word_1_845' title='bbox 614 5731 688 5785; x_wconf 85' lang='lat' dir='ltr'><strong>De</strong></span> <span class='ocrx_word' id='word_1_846' title='bbox 719 5732 903 5787; x_wconf 82' lang='lat' dir='ltr'><strong>Verbis</strong></span> <span class='ocrx_word' id='word_1_847' title='bbox 926 5738 1073 5792; x_wconf 80' lang='lat' dir='ltr'><strong>Doni.</strong></span> <span class='ocrx_word' id='word_1_848' title='bbox 1107 5755 1269 5794; x_wconf 81' lang='lat' dir='ltr'><strong>scrin.</strong></span> <span class='ocrx_word' id='word_1_849' title='bbox 1301 5739 1539 5808; x_wconf 46' lang='lat' dir='ltr'><strong>attineat).</strong></span> <span class='ocrx_word' id='word_1_850' title='bbox 1571 5740 1620 5792; x_wconf 64' lang='grc' dir='ltr'><strong>ἐξ.</strong></span> 
     </span>
    </p>
   </div>
   <div class='ocr_carea' id='block_1_106' title="bbox 2715 4641 3128 4694">
    <p class='ocr_par' dir='ltr' id='par_1_106' title="bbox 2715 4641 3128 4694">
     <span class='ocr_line' id='line_1_106' title="bbox 2715 4641 3128 4694; baseline 0.012 -5"><span class='ocrx_word' id='word_1_851' title='bbox 2715 4653 2817 4690; x_wconf 86' lang='lat' dir='ltr'><strong>non</strong></span> <span class='ocrx_word' id='word_1_852' title='bbox 2843 4641 3128 4694; x_wconf 86' lang='lat' dir='ltr'><strong>conveniat.</strong></span> 
     </span>
    </p>
   </div>
   <div class='ocr_carea' id='block_1_107' title="bbox 2211 4726 3703 4809">
    <p class='ocr_par' dir='ltr' id='par_1_107' title="bbox 2211 4726 3703 4809">
     <span class='ocr_line' id='line_1_107' title="bbox 2211 4726 3703 4809; baseline 0.007 -27"><span class='ocrx_word' id='word_1_853' title='bbox 2211 4726 2345 4782; x_wconf 89' lang='lat' dir='ltr'><strong>Sunt</strong></span> <span class='ocrx_word' id='word_1_854' title='bbox 2393 4728 2636 4798; x_wconf 88' lang='lat' dir='ltr'><strong>plerique</strong></span> <span class='ocrx_word' id='word_1_855' title='bbox 2679 4730 3010 4800; x_wconf 86' lang='lat' dir='ltr'><strong>conjugalem</strong></span> <span class='ocrx_word' id='word_1_856' title='bbox 3058 4735 3312 4793; x_wconf 91' lang='lat' dir='ltr'><strong>ducentes</strong></span> <span class='ocrx_word' id='word_1_857' title='bbox 3368 4740 3565 4805; x_wconf 89' lang='lat' dir='ltr'><strong>vitam,</strong></span> <span class='ocrx_word' id='word_1_858' title='bbox 3611 4743 3703 4809; x_wconf 90' lang='lat' dir='ltr'><strong>qui</strong></span> 
     </span>
    </p>
   </div>
   <div class='ocr_carea' id='block_1_108' title="bbox 2141 4819 3694 4899">
    <p class='ocr_par' dir='ltr' id='par_1_108' title="bbox 2141 4819 3694 4899">
     <span class='ocr_line' id='line_1_108' title="bbox 2141 4819 3694 4899; baseline 0.01 -31"><span class='ocrx_word' id='word_1_859' title='bbox 2141 4825 2381 4886; x_wconf 87' lang='lat' dir='ltr'><strong>tempora</strong></span> <span class='ocrx_word' id='word_1_860' title='bbox 2409 4819 2634 4873; x_wconf 89' lang='lat' dir='ltr'><strong>coeundi</strong></span> <span class='ocrx_word' id='word_1_861' title='bbox 2666 4828 2717 4873; x_wconf 91' lang='lat' dir='ltr'><strong>et</strong></span> <span class='ocrx_word' id='word_1_862' title='bbox 2746 4836 2851 4873; x_wconf 89' lang='lat' dir='ltr'><strong>non</strong></span> <span class='ocrx_word' id='word_1_863' title='bbox 2873 4824 3096 4878; x_wconf 90' lang='lat' dir='ltr'><strong>coeundi</strong></span> <span class='ocrx_word' id='word_1_864' title='bbox 3121 4839 3242 4879; x_wconf 91' lang='lat' dir='ltr'><strong>cum</strong></span> <span class='ocrx_word' id='word_1_865' title='bbox 3269 4829 3528 4883; x_wconf 87' lang='lat' dir='ltr'><strong>uxoribus</strong></span> <span class='ocrx_word' id='word_1_866' title='bbox 3549 4831 3694 4899; x_wconf 78' lang='lat' dir='ltr'><strong>pndi-</strong></span> 
     </span>
    </p>
   </div>
   <div class='ocr_carea' id='block_1_109' title="bbox 2139 4904 3707 4990">
    <p class='ocr_par' dir='ltr' id='par_1_109' title="bbox 2139 4904 3707 4990">
     <span class='ocr_line' id='line_1_109' title="bbox 2139 4904 3707 4990; baseline 0.01 -30"><span class='ocrx_word' id='word_1_867' title='bbox 2139 4907 2357 4961; x_wconf 82' lang='lat' dir='ltr'><strong>cissiine</strong></span> <span class='ocrx_word' id='word_1_868' title='bbox 2404 4906 2710 4964; x_wconf 87' lang='lat' dir='ltr'><strong>discernere</strong></span> <span class='ocrx_word' id='word_1_869' title='bbox 2753 4911 2997 4975; x_wconf 84' lang='lat' dir='ltr'><strong>student;</strong></span> <span class='ocrx_word' id='word_1_870' title='bbox 3042 4925 3168 4970; x_wconf 89' lang='lat' dir='ltr'><strong>sunt</strong></span> <span class='ocrx_word' id='word_1_871' title='bbox 3212 4918 3371 4972; x_wconf 89' lang='lat' dir='ltr'><strong>etiam</strong></span> <span class='ocrx_word' id='word_1_872' title='bbox 3410 4920 3500 4988; x_wconf 91' lang='lat' dir='ltr'><strong>qui</strong></span> <span class='ocrx_word' id='word_1_873' title='bbox 3548 4904 3707 4990; x_wconf 82' lang='lat' dir='ltr'><strong>hujus</strong></span> 
     </span>
    </p>
   </div>
   <div class='ocr_carea' id='block_1_110' title="bbox 2139 4997 3705 5081">
    <p class='ocr_par' dir='ltr' id='par_1_110' title="bbox 2139 4997 3705 5081">
     <span class='ocr_line' id='line_1_110' title="bbox 2139 4997 3705 5081; baseline 0.01 -31"><span class='ocrx_word' id='word_1_874' title='bbox 2139 4997 2477 5052; x_wconf 88' lang='lat' dir='ltr'><strong>discretionis</strong></span> <span class='ocrx_word' id='word_1_875' title='bbox 2507 5000 2719 5053; x_wconf 89' lang='lat' dir='ltr'><strong>modum</strong></span> <span class='ocrx_word' id='word_1_876' title='bbox 2750 5017 2854 5056; x_wconf 91' lang='lat' dir='ltr'><strong>non</strong></span> <span class='ocrx_word' id='word_1_877' title='bbox 2884 5002 3054 5058; x_wconf 90' lang='lat' dir='ltr'><strong>solum</strong></span> <span class='ocrx_word' id='word_1_878' title='bbox 3077 5006 3276 5063; x_wconf 86' lang='lat' dir='ltr'><strong>habere</strong></span> <span class='ocrx_word' id='word_1_879' title='bbox 3302 5019 3553 5076; x_wconf 88' lang='lat' dir='ltr'><strong>renuunt,</strong></span> <span class='ocrx_word' id='word_1_880' title='bbox 3576 5014 3705 5081; x_wconf 86' lang='lat' dir='ltr'><strong>quin</strong></span> 
     </span>
    </p>
   </div>
   <div class='ocr_carea' id='block_1_111' title="bbox 2140 5090 3708 5171">
    <p class='ocr_par' dir='ltr' id='par_1_111' title="bbox 2140 5090 3708 5171">
     <span class='ocr_line' id='line_1_111' title="bbox 2140 5090 3708 5171; baseline 0.012 -30"><span class='ocrx_word' id='word_1_881' title='bbox 2140 5090 2314 5159; x_wconf 89' lang='lat' dir='ltr'><strong>potius</strong></span> <span class='ocrx_word' id='word_1_882' title='bbox 2336 5105 2395 5144; x_wconf 90' lang='lat' dir='ltr'><strong>se</strong></span> <span class='ocrx_word' id='word_1_883' title='bbox 2420 5092 2804 5161; x_wconf 75' lang='lat' dir='ltr'><strong>castigantibus</strong></span> <span class='ocrx_word' id='word_1_884' title='bbox 2824 5104 2880 5149; x_wconf 89' lang='lat' dir='ltr'><strong>et</strong></span> <span class='ocrx_word' id='word_1_885' title='bbox 2903 5097 3345 5168; x_wconf 86' lang='lat' dir='ltr'><strong>redargueutibus</strong></span> <span class='ocrx_word' id='word_1_886' title='bbox 3370 5104 3708 5171; x_wconf 84' lang='lat' dir='ltr'><strong>impudenter</strong></span> 
     </span>
    </p>
   </div>
   <div class='ocr_carea' id='block_1_112' title="bbox 2140 5177 3707 5266">
    <p class='ocr_par' dir='ltr' id='par_1_112' title="bbox 2140 5177 3707 5266">
     <span class='ocr_line' id='line_1_112' title="bbox 2140 5177 3707 5266; baseline 0.013 -35"><span class='ocrx_word' id='word_1_887' title='bbox 2140 5177 2377 5246; x_wconf 86' lang='lat' dir='ltr'><strong>objicere</strong></span> <span class='ocrx_word' id='word_1_888' title='bbox 2403 5180 2592 5235; x_wconf 89' lang='lat' dir='ltr'><strong>solent.</strong></span> <span class='ocrx_word' id='word_1_889' title='bbox 2624 5181 2851 5252; x_wconf 76' lang='lat' dir='ltr'><strong>Uxores,</strong></span> <span class='ocrx_word' id='word_1_890' title='bbox 2882 5187 3148 5258; x_wconf 87' lang='lat' dir='ltr'><strong>inquiunt,</strong></span> <span class='ocrx_word' id='word_1_891' title='bbox 3184 5202 3380 5247; x_wconf 68' lang='lat' dir='ltr'><strong>nostra:</strong></span> <span class='ocrx_word' id='word_1_892' title='bbox 3409 5196 3562 5250; x_wconf 89' lang='lat' dir='ltr'><strong>nobis</strong></span> <span class='ocrx_word' id='word_1_893' title='bbox 3591 5197 3707 5266; x_wconf 79' lang='lat' dir='ltr'><strong>lege</strong></span> 
     </span>
    </p>
   </div>
   <div class='ocr_carea' id='block_1_113' title="bbox 2132 5276 3707 5355">
    <p class='ocr_par' dir='ltr' id='par_1_113' title="bbox 2132 5276 3707 5355">
     <span class='ocr_line' id='line_1_113' title="bbox 2132 5276 3707 5355; baseline 0.012 -33"><span class='ocrx_word' id='word_1_894' title='bbox 2132 5276 2440 5337; x_wconf 67' lang='lat' dir='ltr'><strong>conjuncta:</strong></span> <span class='ocrx_word' id='word_1_895' title='bbox 2474 5284 2628 5340; x_wconf 88' lang='lat' dir='ltr'><strong>sunt;</strong></span> <span class='ocrx_word' id='word_1_896' title='bbox 2674 5276 2717 5329; x_wconf 91' lang='lat' dir='ltr'><strong>si</strong></span> <span class='ocrx_word' id='word_1_897' title='bbox 2746 5293 2847 5346; x_wconf 86' lang='lat' dir='ltr'><strong>pro</strong></span> <span class='ocrx_word' id='word_1_898' title='bbox 2892 5279 3044 5335; x_wconf 86' lang='lat' dir='ltr'><strong>libitu</strong></span> <span class='ocrx_word' id='word_1_899' title='bbox 3076 5292 3261 5339; x_wconf 87' lang='lat' dir='ltr'><strong>nostro</strong></span> <span class='ocrx_word' id='word_1_900' title='bbox 3291 5286 3368 5339; x_wconf 87' lang='lat' dir='ltr'><strong>eis</strong></span> <span class='ocrx_word' id='word_1_901' title='bbox 3396 5288 3610 5355; x_wconf 83' lang='lat' dir='ltr'><strong>quando</strong></span> <span class='ocrx_word' id='word_1_902' title='bbox 3651 5298 3707 5342; x_wconf 67' lang='lat' dir='ltr'><strong>et</strong></span> 
     </span>
    </p>
   </div>
   <div class='ocr_carea' id='block_1_114' title="bbox 2141 5362 3708 5448">
    <p class='ocr_par' dir='ltr' id='par_1_114' title="bbox 2141 5362 3708 5448">
     <span class='ocr_line' id='line_1_114' title="bbox 2141 5362 3708 5448; baseline 0.015 -37"><span class='ocrx_word' id='word_1_903' title='bbox 2141 5362 2377 5429; x_wconf 84' lang='lat' dir='ltr'><strong>qualiter</strong></span> <span class='ocrx_word' id='word_1_904' title='bbox 2420 5364 2696 5433; x_wconf 85' lang='lat' dir='ltr'><strong>volumus,</strong></span> <span class='ocrx_word' id='word_1_905' title='bbox 2723 5369 3097 5435; x_wconf 79' lang='lat' dir='ltr'><strong>utimur,~non</strong></span> <span class='ocrx_word' id='word_1_906' title='bbox 3132 5391 3437 5443; x_wconf 89' lang='lat' dir='ltr'><strong>peccamus.</strong></span> <span class='ocrx_word' id='word_1_907' title='bbox 3490 5379 3708 5448; x_wconf 71' lang='lat' dir='ltr'><strong>Maioris</strong></span> 
     </span>
    </p>
   </div>
   <div class='ocr_carea' id='block_1_115' title="bbox 2142 5458 3709 5541">
    <p class='ocr_par' dir='ltr' id='par_1_115' title="bbox 2142 5458 3709 5541">
     <span class='ocr_line' id='line_1_115' title="bbox 2142 5458 3709 5541; baseline 0.013 -35"><span class='ocrx_word' id='word_1_908' title='bbox 2142 5462 2319 5508; x_wconf 85' lang='lat' dir='ltr'><strong>autem</strong></span> <span class='ocrx_word' id='word_1_909' title='bbox 2346 5458 2595 5514; x_wconf 84' lang='lat' dir='ltr'><strong>criminis</strong></span> <span class='ocrx_word' id='word_1_910' title='bbox 2616 5463 2694 5516; x_wconf 88' lang='lat' dir='ltr'><strong>rei</strong></span> <span class='ocrx_word' id='word_1_911' title='bbox 2726 5461 3007 5529; x_wconf 86' lang='lat' dir='ltr'><strong>ellicimur,</strong></span> <span class='ocrx_word' id='word_1_912' title='bbox 3033 5467 3075 5519; x_wconf 93' lang='lat' dir='ltr'><strong>si</strong></span> <span class='ocrx_word' id='word_1_913' title='bbox 3105 5468 3172 5521; x_wconf 90' lang='lat' dir='ltr'><strong>ab</strong></span> <span class='ocrx_word' id='word_1_914' title='bbox 3198 5485 3422 5524; x_wconf 79' lang='lat' dir='ltr'><strong>uxorum</strong></span> <span class='ocrx_word' id='word_1_915' title='bbox 3452 5473 3709 5541; x_wconf 79' lang='lat' dir='ltr'><strong>amplexi-</strong></span> 
     </span>
    </p>
   </div>
   <div class='ocr_carea' id='block_1_116' title="bbox 2141 5545 3701 5627">
    <p class='ocr_par' dir='ltr' id='par_1_116' title="bbox 2141 5545 3701 5627">
     <span class='ocr_line' id='line_1_116' title="bbox 2141 5545 3701 5627; baseline 0.015 -30"><span class='ocrx_word' id='word_1_916' title='bbox 2141 5545 2242 5599; x_wconf 88' lang='lat' dir='ltr'><strong>bus</strong></span> <span class='ocrx_word' id='word_1_917' title='bbox 2269 5548 2623 5615; x_wconf 86' lang='lat' dir='ltr'><strong>abstinemus,</strong></span> <span class='ocrx_word' id='word_1_918' title='bbox 2653 5561 2706 5605; x_wconf 88' lang='lat' dir='ltr'><strong>et</strong></span> <span class='ocrx_word' id='word_1_919' title='bbox 2756 5554 2909 5617; x_wconf 82' lang='lat' dir='ltr'><strong>filios,</strong></span> <span class='ocrx_word' id='word_1_920' title='bbox 2935 5572 3068 5624; x_wconf 91' lang='lat' dir='ltr'><strong>quos</strong></span> <span class='ocrx_word' id='word_1_921' title='bbox 3098 5573 3357 5627; x_wconf 85' lang='lat' dir='ltr'><strong>generare</strong></span> <span class='ocrx_word' id='word_1_922' title='bbox 3402 5564 3701 5626; x_wconf 86' lang='lat' dir='ltr'><strong>debuimus.</strong></span> 
     </span>
    </p>
   </div>
   <div class='ocr_carea' id='block_1_117' title="bbox 2143 5644 3701 5722">
    <p class='ocr_par' dir='ltr' id='par_1_117' title="bbox 2143 5644 3701 5722">
     <span class='ocr_line' id='line_1_117' title="bbox 2143 5644 3701 5722; baseline 0.012 -32"><span class='ocrx_word' id='word_1_923' title='bbox 2143 5653 2251 5691; x_wconf 80' lang='lat' dir='ltr'><strong>non</strong></span> <span class='ocrx_word' id='word_1_924' title='bbox 2271 5655 2605 5707; x_wconf 85' lang='lat' dir='ltr'><strong>generamus.</strong></span> <span class='ocrx_word' id='word_1_925' title='bbox 2631 5644 2780 5710; x_wconf 82' lang='lat' dir='ltr'><strong>Quod</strong></span> <span class='ocrx_word' id='word_1_926' title='bbox 2806 5648 2943 5710; x_wconf 86' lang='lat' dir='ltr'><strong>dico,</strong></span> <span class='ocrx_word' id='word_1_927' title='bbox 2967 5646 3258 5717; x_wconf 56' lang='lat' dir='ltr'><strong>sepissime</strong></span> <span class='ocrx_word' id='word_1_928' title='bbox 3281 5654 3408 5707; x_wconf 90' lang='lat' dir='ltr'><strong>mihi</strong></span> <span class='ocrx_word' id='word_1_929' title='bbox 3436 5654 3701 5722; x_wconf 78' lang='lat' dir='ltr'><strong>objectniu</strong></span> 
     </span>
    </p>
   </div>
  </div>
