4008 6192
369 315 460 371 1ἷὸ

1340 313 1424 370 ΠΕ
1462 313 1940 372 INSTITCTlOL‘iE
1981 311 2261 371 LMCALL
2295 349 2361 357 —
2386 313 2511 374 LIB.
2533 321 2592 374 Π.

3491 317 3580 378 Ιτιῑ

366 439 470 488 est;
491 437 705 494 quorum
747 418 1233 492 impudentissimae
1259 425 1574 487 asscrtioni.
1609 426 1716 480 imo
1747 425 1920 480 libidi-
1951 429 1994 485 Α
2024 427 2112 494 qui
2143 427 2222 482 sic
2247 443 2344 496 per
2385 429 2532 484 illam
2579 433 2778 488 carnali
2803 430 3166 491 consolatione
3199 441 3382 507 utitur,
3418 447 3476 490 ιιι
3509 450 3587 492 ta-

365 525 500 569 nosaa
517 514 794 577 voluntati,
821 529 987 582 quam
1015 515 1114 568 sibi
1141 515 1504 583 hujuscemodi
1535 515 1712 570 facere
1743 517 1912 585 legem

360 606 595 675 gestiunt,
625 604 887 657 renititur
927 603 1282 658 Ecclesiastes
1307 604 1526 658 dicens:
1552 603 1772 676 Tempus
1801 623 1918 658 am-

355 693 608 762 ;lea'andi,
627 705 676 746 et
705 705 907 763 tempus
935 693 1086 764 longe
1123 694 1238 764 ﬁeri
1261 712 1293 749 a
1315 697 1665 766 complexibus
1689 697 1914 767 (Eccles.

351 801 434 849 ιιι,
459 785 531 854 5).
560 784 625 838 Et
664 784 960 854 Apostolus
985 803 998 838 :
1027 785 1268 856 Tempus,
1297 787 1488 855 inquit,
1515 789 1665 841 breve
1697 798 1805 852 est;
1838 804 1916 841 re-

349 879 543 946 liquum
567 887 665 941 est,
691 887 750 930 ut
774 879 866 942 qui
889 879 1078 932 habent
1103 895 1310 942 uxores,
1335 889 1584 949 tanquam
1611 897 1712 933 non
1733 879 1920 932 haben-

347 977 422 1020 tes
463 968 600 1030 sint;
645 977 694 1020 et
738 968 828 1039 qui
869 977 1093 1022 utuntur
1116 971 1208 1022 hoc
1255 969 1448 1022 mundo
1474 1009 1488 1030 ,
1523 979 1771 1038 tanquam
1811 985 1917 1022 non

344 1065 592 1118 utantur;
623 1065 671 1108 et
713 1057 804 1126 qui
828 1057 1078 1126 gaudent,
1101 1067 1349 1128 tanquam
1389 1073 1490 1110 non
1523 1056 1837 1126 gaudentes;
1866 1068 1914 1112 et

343 1144 430 1210 qui
466 1154 668 1208 emunt,
695 1155 944 1213 tan1uam
975 1162 1078 1198 non
1123 1146 1462 1213 possidentes.
1510 1145 1914 1201 Prwterit'enim

339 1237 514 1304 ﬁgure:
541 1236 702 1306 hujus
729 1236 910 1290 mundi
935 1231 985 1304 (1
1015 1236 1134 1290 Cor.
1170 1251 1262 1300 vn,
1291 1230 1400 1306 50).

411 1323 642 1394 [Scribit
691 1325 872 1394 itaque
917 1325 1270 1396 Hieronymus
1313 1329 1367 1381 in
1403 1327 1748 1397 Expositione
1785 1330 1912 1383 Eze-

340 1413 530 1468 rbieiis
579 1415 892 1484 prophetat:
925 1433 944 1464 ι
978 1415 1292 1486 Ρικιεοίιιίιιιι·
1339 1431 1496 1488 ergo,
1527 1419 1725 1487 inquit,
1753 1419 1906 1483 viris,

340 1510 395 1553 ut
420 1515 530 1554 non
557 1501 732 1556 solum
759 1502 810 1556 in
841 1503 1032 1558 alienis
1075 1505 1407 1570 mulieribus,
1433 1507 1526 1561 sed
1555 1508 1606 1560 in
1635 1508 1748 1562 suis
1771 1524 1908 1578 quo-

336 1605 464 1658 que,
483 1590 678 1659 quibus
698 1592 950 1647 videntur
967 1593 1082 1663 lege
1098 1593 1344 1664 conjungi
1367 1595 1643 1664 Scriptura
1664 1597 1902 1652 dicente:

335 1680 590 1746 Crescite,
619 1693 668 1736 es
694 1683 1144 1754 multiplicamini,
1174 1694 1223 1739 et
1261 1686 1448 1754 replete
1472 1696 1663 1742 terram
1685 1686 1838 1758 (Gen.
1865 1705 1902 1750 ι,

2020 527 2140 570 men
2185 533 2457 586 nunquam
2487 521 2537 574 iu
2569 537 2728 590 prava
2758 539 2920 592 opera
2953 542 2980 580 a
3004 527 3240 582 melioris
3268 529 3586 586 intentionis

2019 607 2340 663 rectitudine
2364 611 2481 680 ejus
2509 627 2688 668 amore
2719 614 2978 670 ﬂectatur.
3025 618 3254 674 Uxorem
3286 623 3439 691 quasi
3473 641 3578 679 non

2022 699 2267 756 habendo
2293 701 2474 767 habet,
2516 705 2607 773 qui
2645 707 2952 761 transitoria
2989 723 3181 764 cuncta
3215 728 3336 768 esse
3369 719 3579 785 conspi-

2019 791 2384 851 cie'ns,curam
2409 795 2586 850 carnis
2606 812 2671 850 ex
2695 799 3014 853 necessitate
3041 802 3250 865 tolerat,
3267 805 3360 859 scd
3383 817 3580 862 :eterna

2017 883 2207 950 gaudia
2252 885 2469 952 spiritus
2501 903 2564 940 ex
2605 889 2871 944 desiderio
2908 903 3201 962 exspectat.
3247 896 3362 952 Non
3407 900 3581 954 lien-io

2014 968 2144 1026 ﬂere
2190 984 2288 1032 est.
2324 975 2403 1029 sic
2442 979 2708 1032 exteriora
2750 980 2972 1036 adversa
3016 985 3285 1056 plangere,
3313 999 3369 1044 ut
3400 1001 3576 1048 tamen

2016 1064 2224 1116 noverit
2243 1075 2457 1120 aeternae
2483 1069 2593 1138 spei
2617 1072 2978 1128 consolatione
2999 1079 3252 1144 gaudere.
3281 1081 3344 1136 Et
3367 1099 3576 1140 rursum

2015 1163 2122 1204 non
2142 1155 2420 1220 gaudendo
2446 1159 2676 1228 gaudere
2699 1171 2800 1226 est,
2818 1164 2897 1218 sic
2926 1167 2991 1220 de
3015 1167 3213 1224 inlimis
3241 1173 3475 1229 animum
3503 1188 3580 1231 at-

2015 1241 2220 1308 tollere,
2247 1255 2305 1298 ut
2331 1255 2506 1303 tamen
2529 1265 2798 1320 nunquam
2820 1254 3024 1310 desinat
3047 1273 3252 1316 summa
3267 1261 3573 1320 formidare.

2015 1329 2114 1385 Ubi
2149 1345 2270 1403 apte
2298 1351 2510 1407 quoque
2534 1341 2693 1408 paulo
2722 1353 2845 1412 post
2868 1345 3137 1400 subdidit:
3165 1347 3404 1405 Praeterit
3437 1357 3574 1408 enim

2010 1423 2180 1511 ﬁgura
2206 1425 2363 1497 hujus
2387 1433 2566 1487 mundi
2596 1434 2919 1507 (Ibid.,5l);
2955 1455 3018 1493 ac
3049 1441 3092 1494 si
3125 1453 3307 1511 aperte
3327 1445 3532 1501 diceret
3557 1467 3568 1499 :

2009 1509 2184 1568 Nolite
2215 1511 2536 1575 constanter
2583 1525 2834 1578 mundum
2867 1526 3104 1596 diligere,
3134 1509 3348 1598 quando
3380 1543 3434 1588 et
3459 1535 3570 1605 ipse

2009 1618 2116 1658 non
2142 1617 2336 1675 potest,
2369 1626 2527 1680 quem
2562 1615 2800 1684 diligitis,
2825 1628 2988 1672 stare.
3019 1621 3293 1678 Incassum
3314 1641 3443 1696 ergo
3480 1646 3576 1682 cor

2008 1697 2159 1762 quasi
2202 1714 2421 1755 manens
2463 1701 2642 1771 ﬁgitis,
2671 1706 2796 1759 dum
2847 1709 2981 1776 fugit
3019 1709 3134 1779 ipse
3159 1727 3318 1783 quem
3349 1719 3564 1774 amatis.

331 1770 443 1839 ⁴28),
463 1781 618 1826 certa
646 1775 966 1830 concubitus
987 1775 1166 1830 norint
1195 1783 1456 1844 tempora,
1474 1778 1686 1846 quando
1707 1793 1894 1834 coeunt

2006 1785 2338 1842 Admonendi
2365 1800 2492 1846 sunt
2529 1795 2888 1864 conjugesmt
2917 1815 2978 1853 ea
3025 1801 3078 1854 in
3111 1803 3306 1871 quibus
3333 1807 3431 1861 sibi
3475 1811 3574 1864 alie

331 1862 484 1926 dum,
509 1863 831 1932 quandoque
857 1865 925 1920 ab
953 1865 1212 1920 uxoribus
1233 1865 1305 1938 sit
1332 1865 1726 1922 abstinendum.
1756 1868 1910 1936 Quod

328 1949 549 2016 quidem
579 1959 636 2004 et
664 1951 1014 2008 Ecclesiastes
1059 1963 1250 2008 sonat:
1281 1953 1532 2024 Tempus,
1573 1956 1766 2024 inquit,
1797 1973 1908 2010 am-

327 2039 602 2106 plexandi,
629 2050 678 2095 et
704 2052 903 2112 tempus
929 2042 1077 2113 longe
1095 2044 1213 2113 ﬁeri
1241 2045 1306 2098 ab
1329 2045 1653 2115 amplexibus
1679 2041 1902 2119 (Eccles.

329 2144 408 2192 ιιι,
443 2130 528 2202 5).
577 2131 776 2186 Caveat
818 2149 948 2204 ergo
989 2149 1125 2189 uxor
1166 2151 1232 2191 ne
1275 2134 1414 2194 forte
1465 2139 1606 2194 victa
1640 2141 1906 2196 desiderio

327 2223 595 2288 meandi,
629 2223 767 2280 celet
812 2225 985 2282 virum
1025 2239 1074 2291 ιι,
1112 2237 1168 2283 et
1213 2229 1438 2284 maritus
1479 2246 1546 2285 ne
1588 2231 1696 2286 vim
1747 2231 1906 2288 faciat

328 2313 510 2378 uxori,
531 2323 732 2384 putans
765 2315 911 2370 ontui
954 2325 1191 2386 tempore
1232 2317 1529 2386 subjectum
1573 2321 1674 2375 sibi
1711 2323 1903 2378 debere

323 2420 444 2460 csse
477 2405 714 2476 coniugii
739 2407 1088 2478 voluptatem.
1111 2408 1160 2480 ι]

392 2495 545 2564 Papa
574 2499 718 2550 enim
741 2495 1034 2568 Gregorius
1054 2499 1108 2552 in
1138 2499 1276 2555 libro
1317 2500 1582 2558 Pastorali
1613 2502 1787 2574 (Part.
1816 2521 1897 2571 ιιι,

321 2603 436 2656 cap.
470 2585 599 2655 28):
628 2607 646 2639 ι
679 2587 1021 2646 Admo‘nendi
1059 2586 1290 2662 namque
1313 2605 1439 2650 sunt
1466 2596 1728 2668 coujugiis
1765 2599 1900 2654 obli-

321 2678 461 2748 gati,
492 2687 551 2732 ut
573 2696 700 2734 cum
731 2681 966 2736 vicissim
993 2698 1112 2752 quae
1135 2694 1260 2740 sunt
1289 2687 1512 2744 alterius
1537 2693 1792 2761 cogitant,
1820 2695 1901 2748 sic

322 2789 513 2828 eorum
541 2776 774 2845 quisque
815 2779 1028 2832 studeat
1055 2779 1268 2850 placere
1305 2781 1544 2855 coniugi,
1575 2795 1636 2840 ut
1659 2803 1762 2843 non
1793 2789 1900 2842 dis-

322 2865 520 2933 pliceat
540 2869 807 2924 conditori
823 2888 836 2923 :
852 2871 930 2926 sic
951 2887 1014 2926 ea
1033 2889 1150 2942 qua:
1173 2873 1329 2942 huius
1348 2877 1532 2931 mundi
1556 2889 1700 2944 sunt,
1715 2891 1896 2950 agant,

323 2965 378 3010 ut
407 2965 593 3013 tamen
613 2968 870 3030 appetere
897 2978 1019 3032 quae
1055 2963 1146 3019 Dei
1191 2976 1338 3032 sunt,
1369 2983 1476 3024 non
1507 2970 1776 3026 emittant.
1805 2971 1896 3027 Sic

322 3048 386 3102 de
412 3049 575 3104 bonis
598 3054 959 3120 praesentibus
978 3056 1265 3126 gaudeant,
1281 3067 1339 3112 ut
1370 3067 1548 3112 tamen
1599 3060 1898 3116 intentione

324 3139 548 3194 sollicita
604 3142 744 3196 mala
793 3150 994 3199 aeterna
1038 3147 1439 3215 pertimescant.
1493 3149 1586 3204 Sic
1632 3151 1698 3205 de
1733 3151 1888 3208 malis
1919 3136 1964 3198 C

323 3232 704 3300 temporalibus
731 3233 965 3304 lugeant,
991 3245 1046 3290 ut
1073 3246 1249 3294 tamen
1291 3241 1657 3309 consolatione
1681 3243 1886 3313 integra

321 3337 466 3389 spem
498 3322 528 3362 ιι
584 3323 641 3376 in
691 3323 848 3380 bonis
892 3326 1087 3382 futuris
1113 3329 1605 3398 ligant:quatenus
1651 3331 1778 3386 dum
1833 3333 1885 3386 in

323 3414 552 3468 transitu
581 3427 915 3485 cognoscunt
937 3433 1053 3473 csse
1080 3419 1111 3452 "
1133 3421 1274 3489 quod
1313 3431 1497 3490 agunt,
1527 3423 1580 3476 in
1609 3423 1886 3478 mansione

321 3506 459 3572 quod
508 3505 792 3575 appetunt,
837 3525 937 3564 nec
977 3511 1117 3564 mala
1161 3514 1340 3567 mundi
1386 3529 1480 3568 cor
1525 3515 1884 3586 confringant,

317 3610 439 3649 cum
469 3611 616 3666 ‘spes
662 3597 925 3653 bonorum
977 3601 1272 3656 antestium
1319 3605 1562 3670 roborat;
1587 3619 1708 3660 .nec
1749 3607 1886 3662 bona

319 3685 602 3752 pmsentis
630 3685 756 3742 vitae
785 3687 1074 3758 decipiant,
1095 3706 1216 3746 cum
1240 3701 1486 3762 suspecta
1513 3695 1888 3765 subsequentis

313 3776 500 3844 judicii
529 3777 670 3832 mala
700 3781 1038 3836 contristant.
1082 3782 1268 3852 itaque
1306 3785 1522 3839 animus
1553 3785 1885 3843 Christiano-

320 3881 432 3919 rum
474 3865 864 3938 conjugumet
907 3871 1151 3928 inﬁrmus
1183 3884 1238 3928 et
1271 3873 1474 3942 ﬁdelis,
1503 3878 1594 3948 qui
1642 3887 1697 3934 et
1733 3879 1887 3949 plene

317 3959 638 4027 temporalia
664 3959 940 4029 despicere
973 3979 1077 4017 non
1106 3964 1276 4030 valet,
1307 3975 1361 4020 et
1385 3975 1562 4023 tamen
1593 3985 1652 4024 se
1681 3971 1887 4024 contin-

318 4061 443 4114 gcre
462 4049 495 4080 *
512 4063 612 4118 per
639 4049 968 4106 desiderium
1001 4053 1160 4120 valet,
1176 4056 1424 4125 quamvis
1453 4057 1505 4110 in
1533 4059 1887 4114 delectatione

315 4143 498 4196 rantis
527 4142 742 4196 interim
764 4142 964 4211 jaceat,
1009 4161 1252 4216 superna:
1289 4149 1401 4217 spei
1434 4149 1724 4207 refectione
1761 4168 1887 4208 con-

317 4231 573 4287 valescat.
604 4232 670 4288 Et
698 4234 742 4288 si
767 4235 928 4290 habet
951 4252 1069 4306 qua:
1089 4241 1272 4294 mundi
1297 4249 1424 4296 sunt
1451 4241 1504 4295 in
1526 4258 1624 4296 usu
1657 4243 1882 4308 itineris,

313 4325 672 4393 scrvct‘qute
698 4323 793 4379 Dei
824 4335 950 4380 sunt
982 4326 1034 4380 iu
1063 4327 1236 4383 fructu
1259 4331 1641 4399 perventionis.
1671 4331 1779 4388 Nec
1805 4343 1886 4388 to-

315 4416 425 4462 tum
447 4425 513 4464 se
540 4410 594 4463 in
621 4411 725 4466 hoc
749 4415 890 4482 quod
926 4415 1036 4484 agit
1065 4415 1279 4482 inierat,
1305 4433 1405 4474 nec
1443 4419 1514 4474 ab
1539 4434 1604 4475 eo
1631 4423 1769 4490 quod
1799 4437 1884 4476 ro-

2007 1878 2220 1943 quando
2249 1879 2550 1948 displicent,
2581 1892 2636 1940 et
2677 1887 2943 1956 patienter
2981 1891 3206 1948 invicem
3235 1897 3488 1964 tolerent,
3515 1914 3570 1958 et

2007 1966 2354 2024 exhortantes
2375 1971 2602 2028 invicem
2629 1975 2852 2032 salvent.
2885 1979 3154 2052 Scriptum
3183 2000 3416 2057 namque
3441 2002 3524 2046 est
3550 2011 3562 2046 :

2007 2052 2236 2110 Invicem
2257 2055 2414 2115 onera
2443 2075 2607 2118 vestra
2631 2076 2850 2135 portate,
2866 2081 2910 2122 et
2939 2071 3013 2124 sic
3031 2052 3378 2150 adimplebitis
3402 2079 3561 2150 legem

2005 2142 2200 2200 Christi
2223 2145 2363 2218 (Gal.
2387 2167 2462 2216 vn,
2483 2152 2558 2224 2).
2593 2155 2695 2209 Lex
2719 2158 2913 2228 quippe
2940 2144 3140 2216 Christi
3167 2142 3404 2224 charitas
3439 2142 3523 2226 est
3553 2192 3564 2226 :

2003 2239 2128 2310 quia
2157 2256 2222 2296 ex
2265 2242 2354 2299 illo
2383 2249 2532 2302 nobis
2557 2258 2612 2304 et
2630 2251 2919 2323 largienter
2941 2272 3035 2312 sua
3069 2261 3210 2316 bona
3234 2265 3482 2328 contulit,
3513 2274 3567 2319 et

2000 2331 2373 2398 atquanitniter
2394 2335 2532 2390 mala
2556 2347 2739 2394 nostra
2767 2345 3021 2411 portavit.
3054 2349 3204 2406 Tunc
3223 2366 3352 2423 ergo
3394 2353 3563 2425 legem

1999 2418 2200 2476 Christi
2227 2431 2278 2477 et
2305 2422 2421 2492 eius
2441 2429 2686 2486 mandata
2715 2431 2972 2491 imitando
2985 2418 3332 2509 complemus,
3349 2418 3562 2516 quando

2001 2517 2053 2562 et
2099 2521 2282 2568 nostra
2329 2515 2468 2572 bona
2507 2519 2738 2592 benigne
2782 2525 3130 2595 conferimus,
3158 2540 3214 2586 et
3257 2548 3564 2604 nostrorum

1999 2601 2136 2656 mala
2168 2604 2252 2672 pie
2273 2609 2619 2667 sustinemus.
2651 2633 2669 2666 ι

2069 2693 2160 2749 llis
2185 2710 2313 2766 ergo
2338 2713 2458 2768 qua:
2493 2717 2654 2773 supra
2695 2719 2989 2767 memorata
3027 2723 3153 2768 sunt
3191 2718 3408 2783 auditis,
3436 2720 3565 2776 dili-.

1999 2795 2292 2858 genterque
2339 2795 2659 2861 perspectis,
2690 2799 2942 2855 emittant
2990 2803 3240 2873 impudici
3288 2809 3559 2880 coniugati

1999 2876 2368 2946 voluptuosum
2413 2882 2620 2938 libitum
2669 2903 2824 2943 suum
2875 2891 2977 2946 sibi
3031 2892 3208 2950 facere
3247 2876 3417 2970 legem
3505 2915 3556 2957 et

1997 2969 2204 3025 discant
2235 2987 2298 3026 ex
2327 2976 2619 3043 put-missis
2660 2982 3096 3049 auctoritatibus,
3129 2989 3270 3057 quod
3315 2969 3410 3046 eos
3454 3008 3557 3048 non

1996 3069 2240 3128 oporteat
2268 3064 2378 3118 suis
2408 3066 2757 3125 immoderate
2787 3073 2860 3126 uti
2885 3073 3079 3130 debere
3101 3079 3377 3136 muribus.

2604 3179 2830 3236 CAPUT
2863 3183 2948 3239 iV.

1995 3261 2436 3352 Dc‘conserrvanda
2458 3269 2560 3352 ﬁde
2574 3270 2706 3324 inter
2725 3273 2890 3352 vit-unt
2907 3285 2955 3328 et
2979 3289 3188 3352 uxorem
3204 3279 3441 3352 :etquod
3455 3297 3554 3336 non

2059 3334 2208 3388 liceat
2235 3337 2416 3408 [neque
2433 3334 2688 3409 pellicem,
2709 3342 2889 3414 neque]
2917 3346 3254 3402 concubinam
3276 3334 3531 3405 habere;

2057 3423 2171 3480 Non
2199 3431 2451 3482 convenit
2477 3429 2795 3488 Christiame
2821 3435 3059 3506 religioni
3097 3447 3155 3494 ut
3179 3457 3316 3498 unus
3337 3444 3550 3506 multas.

1989 3523 2080 3568 aut
2121 3530 2229 3568 una
2271 3516 2512 3572 diversos
2549 3518 2603 3572 in
2637 3535 2744 3574 uno
2783 3535 3006 3592 corpore
3037 3527 3222 3583 societ.
3261 3529 3418 3600 Apud
3455 3531 3546 3586 Ju-

1988 3603 2132 3659 datos
2153 3619 2340 3674 nempe
2372 3615 2428 3660 et
2455 3608 2713 3676 quosdam
2739 3611 2874 3667 alios
2907 3613 3210 3672 incredulos
3238 3619 3354 3674 haec
3381 3621 3554 3691 impu»

1989 3692 2108 3748 (lica
2123 3695 2458 3750 consuetudo
2499 3697 2769 3766 perdurat.
2801 3698 2916 3755 Non
2947 3703 3089 3757 enim
3125 3703 3207 3760 fas
3230 3713 3336 3770 est,
3376 3723 3550 3778 neque

1987 3781 2144 3836 decet
2169 3784 2554 3850 Christianum,
2579 3788 2764 3843 relicta
2803 3789 3098 3880 conjugalis
3131 3797 3272 3850 thori
3303 3797 3428 3862 ﬁde,
3455 3814 3550 3868 per

1988 3869 2196 3924 diversa
2218 3880 2396 3926 scorta
2425 3873 2622 3942 vagari.
2651 3873 2800 3942 Quod
2819 3869 3070 3932 etiam'ea
3091 3895 3209 3949 quae
3229 3897 3548 3953 sequuntur,

1989 3961 2104 4028 ﬁeri
2147 3978 2252 4016 non
2299 3963 2493 4020 debere
2537 3965 2922 4022 demonstrant.
2961 3969 3052 4024 Ait
3085 3982 3266 4028 autem
3291 3971 3561 4034 Dominus

1987 4065 2082 4118 per
2117 4049 2431 4106 Malachiam
2461 4071 2473 4105 :
2499 4053 2616 4108 Hoc
2653 4072 2834 4111 rursus
2873 4045 3086 4126 fecistis.
3121 4061 3442 4132 Operiebatis
3470 4070 3550 4123 (ad

1987 4143 2176 4210 crgmis
2215 4143 2380 4197 altare
2405 4143 2640 4212 Domini,
2663 4149 2788 4216 fieu
2819 4161 2866 4204 et
2897 4153 3121 4221 gemitu;
3151 4156 3226 4208 ita
3257 4169 3310 4210 ut
3338 4175 3441 4214 non
3471 4179 3548 4216 res

1985 4233 2202 4302 spiciam
2229 4233 2300 4286 ad
2327 4235 2674 4302 sacri/icium,
2699 4255 2789 4294 nec
2831 4245 3084 4315 accipiam
3125 4245 3380 4316 placabile
3421 4253 3547 4322 quid

1985 4321 2049 4376 de
2073 4339 2230 4376 manu
2259 4334 2445 4378 vestra.
2481 4323 2548 4378 Et
2582 4325 2790 4384 dixistis
2813 4345 2831 4381 .'
2856 4331 3027 4397 Quam
3052 4336 3114 4388 ob
3136 4340 3388 4392 causam?
3410 4321 3547 4407 Quid

1987 4411 2239 4477 Dominus
2277 4416 2582 4486 testiﬁcatus
2617 4430 2691 4473 est
2721 4421 2858 4476 inter
2875 4432 2924 4476 te
2951 4435 2999 4478 et
3023 4441 3236 4482 uxorem
3263 4429 3547 4498 pubertatis

313 4506 469 4559 ιηιειε
498 4519 725 4575 sperare
764 4483 1232 4586 dabamfundijus
1265 4511 1424 4566 cadat
1447 4529 1460 4564 ε
1486 4515 1627 4583 quod
1649 4483 1791 4571 bene
1821 4529 1884 4571 ac
1912 4483 1962 4542 ι)
1986 4512 2112 4566 tute,
2133 4521 2289 4574 quam
2315 4516 2372 4560 tu
2395 4507 2690 4580 despexisti.
2719 4509 2785 4564 Et
2807 4513 2918 4566 tunc
2942 4516 3194 4586 particeps
3219 4527 3390 4581 tua,et
3415 4531 3547 4576 uxor

311 4594 551 4649 breviter
567 4595 766 4651 Paulus
785 4599 1060 4666 exprimit,
1085 4579 1271 4656 dicens
1295 4615 1309 4656 :
1335 4601 1438 4668 Qui
1457 4579 1645 4660 habent
1673 4622 1879 4670 uxores,

313 4694 566 4755 tanquam
593 4701 699 4740 non
721 4687 964 4743 habentes
989 4691 1126 4756 sint;
1153 4701 1200 4746 et
1223 4693 1314 4763 qui
1333 4695 1480 4763 ﬂent,
1504 4703 1750 4765 tanquam
1780 4713 1882 4751 non

309 4776 527 4843 ﬂentes;
549 4786 598 4831 et
617 4779 707 4848 qui
726 4781 978 4848 gaudent,
995 4791 1244 4854 tanquam
1265 4800 1370 4840 non
1386 4785 1665 4855 gaudentes
1686 4784 1738 4855 (Ι
1757 4784 1879 4840 Cor.

308 4876 402 4927 vu,
432 4864 549 4935 50).
587 4865 820 4922 Uxorem
863 4870 1058 4940 quippe
1086 4871 1239 4940 quasi
1281 4887 1387 4928 non
1423 4873 1667 4929 habendo
1699 4875 1881 4938 habet,

377 5005 404 5032 ι
440 4991 586 5048 Celet
609 4995 789 5050 virum.
828 4996 886 5050 lu
915 4998 998 5052 bis
1020 4999 1368 5054 emendandis
1396 5001 1494 5055 etsi
1530 5001 1667 5054 haud
1697 5001 1879 5055 admo-

309 5062 890 5140 dum_u_tilem_operam
922 5079 1159 5140 nostram
1201 5069 1566 5138 intelligimus,
1596 5081 1876 5140 propterea

309 5132 452 5199 quod
494 5133 636 5209 inter
658 5132 889 5192 lectores
924 5139 1233 5207 paucissimi
1261 5132 1420 5194 eruit
1442 5132 1576 5209 quos
1596 5132 1724 5194 talia
1762 5151 1878 5196 tan-

309 5211 468 5278 gant;
496 5205 623 5272 quia
651 5215 828 5261 tamen
859 5205 1016 5272 nihil,
1043 5209 1128 5263 cui
1157 5210 1370 5278 quidem
1401 5205 1658 5264 medelam
1687 5212 1876 5268 all'errc

309 5275 616 5350 possimus,
665 5289 976 5350 corruptum
1035 5275 1338 5350 relinquere
1391 5281 1602 5335 animus
1653 5293 1756 5343 est,
1807 5298 1873 5336 ex

311 5343 645 5432 ineptissime
679 5343 946 5429 sententia
978 5343 1384 5432 idoneatuelllci
1412 5366 1566 5418 posse
1597 5367 1873 5432 monemus

308 5413 467 5468 unius
497 5415 647 5469 verbi
679 5419 1010 5500 mutatione;
1041 5435 1162 5498 nam
1191 5419 1234 5472 si
1267 5413 1473 5486 legatur
1498 5435 1644 5490 cogat
1677 5422 1870 5501 virum,

307 5493 531 5560 apparet
576 5497 852 5560 umente
897 5489 1172 5558 scriptoris
1218 5505 1399 5560 parem
1448 5489 1571 5560 esse
1594 5491 1789 5560 mariti
1818 5501 1874 5543 et

307 5555 491 5608 uxoris
533 5555 895 5613 conditionem
943 5555 1198 5626 quantum
1219 5555 1302 5613 'ad
1335 5560 1384 5614 id
1413 5559 1553 5630 quod
1580 5559 1742 5614 Paulo
1783 5576 1872 5614 aue

306 5633 458 5678 emre
499 5629 826 5683 matrimonii
859 5630 1096 5682 debitum
1126 5640 1350 5692 vocant,
1385 5629 1458 5684 ac
1493 5632 1661 5684 neutri
1707 5631 1868 5686 licere

309 5695 358 5744 ιλ
397 5697 466 5748 ab
508 5699 698 5760 altero,
727 5702 890 5753 certis
917 5700 1130 5767 quidem
1163 5702 1509 5770 temporibus.
1553 5702 1865 5768 importuni—

1985 4591 2193 4661 focderis
2219 4597 2314 4649 tui.
2360 4597 2546 4654 Nonne
2577 4617 2712 4655 unus
2735 4601 2877 4670 fecit,
2906 4613 2953 4656 et
2982 4606 3245 4661 residuum
3279 4611 3394 4680 ejus
3431 4614 3542 4682 spi-

1985 4685 2159 4738 ritus?
2182 4685 2250 4739 Et
2283 4687 2408 4757 quid
2445 4691 2798 4760 unusquisque
2823 4693 3040 4762 qua’rit,
3069 4695 3172 4750 nisi
3197 4713 3370 4752 semen
3410 4697 3546 4754 Dei?

1984 4773 2250 4830 Custodite
2284 4778 2523 4848 spiritum
2564 4789 2782 4834 vestrum
2803 4823 2818 4847 ,
2854 4792 2901 4836 et
2931 4799 3144 4838 uxorem
3183 4788 3544 4844 adolescentia:

1983 4877 2087 4919 tum
2127 4866 2232 4920 noli
2269 4867 2527 4939 despicere
2575 4869 2794 4942 (Μαίας.
2825 4888 2892 4937 ιι,
2940 4873 3046 4946 l3).
3110 4876 3176 4930 Et
3215 4878 3499 4946 Apostolus
3525 4893 3548 4938 π.

1981 5009 2110 5096 tate,
2133 5001 2220 5096 ’vel
2245 5015 2340 5096 per
2359 5003 2464 5083 vim
2487 5005 2925 5096 corporiillatam
2953 5010 3423 5096 exigerc._lnfmc.
3443 5011 3534 5096 ο,

1979 5071 2076 5146 ubi
2097 5071 2522 5146 idemeloquium
2547 5071 2890 5146 eiscribitur,
2919 5071 3099 5134 monét
3121 5079 3380 5146 Acherjns
3405 5071 3538 5134 alias

1975 5140 2100 5218 legi,
2124 5140 2530 5218 illiciarvirum,
2555 5145 2694 5218 quod
2716 5161 2825 5218 non
2853 5149 3118 5218 dispticet.
3259 5149 3272 5158 ’

2048 5212 2074 5250 b
2113 5209 2180 5262 In
2222 5211 2366 5262 bonis
2412 5209 2622 5279 futuris.
2665 5215 2842 5280 Alias,
2880 5209 2954 5272 aii
2989 5217 3264 5279 Acherius,
3292 5233 3342 5268 ιη
3388 5223 3533 5274 bonis

1973 5279 2314 5354 perennibus;
2344 5281 2484 5346 quod
2510 5283 2683 5354 magis
2725 5279 2919 5354 plaeet.
2951 5287 3143 5340 Statim
3193 5286 3433 5343 voculam
3480 5309 3535 5346 se

1975 5351 2334 5423 expunximus
2355 5351 3073 5423 postverbum—cognosrunt.
3099 5355 3249 5409 [laud
3267 5357 3338 5411 ita
3368 5360 3534 5414 multo

1976 5429 2120 5494 post,
2151 5419 2242 5472 ubi
2281 5435 2334 5494 se
2360 5421 2651 5494 contingere
2697 5419 2944 5486 habetur,
2975 5425 3114 5478 haud
3154 5426 3312 5494 paulo
3347 5431 3535 5486 melior

1977 5489 2132 5543 lectio
2157 5497 2288 5566 crat_
2314 5489 2369 5541 in
2416 5489 2658 5562 tuargiue
2703 5495 2909 5566 tuleritis
2946 5510 3000 5548 se
3037 5489 3377 5566 conjungere;
3406 5500 3529 5556 item

1975 5559 2132 5624 infra,
2149 5571 2254 5625 quo
2276 5557 2708 5648 locosenvétqute
2731 5561 2826 5614 Dei
2851 5573 3012 5648 ξεινικ-
3031 5557 3152 5646 natu
3181 5557 3288 5648 illic
3310 5557 3528 5624 verbum
3609 5635 3618 5648 θ

1972 5637 2158 5696 speret,
2173 5628 2312 5711 quod
2335 5628 2468 5684 alias
2491 5628 2667 5711 reperi
2691 5634 2899 5688 monuit
2919 5634 3198 5702 Acherius,
3217 5647 3326 5694 tum
3348 5647 3528 5711 aptum

1920 5743 1922 5748 .
1973 5713 2054 5755 est
2083 5715 2242 5770 quam
2271 5700 2371 5754 hoc
2393 5711 2549 5753 servet
2579 5702 2834 5771 ineptum.
