4008 6192
417 341 519 401 ’ίἾῖ

1479 334 1674 391 ,ΙΟΝιιΕ
1715 335 2265 391 AURELIANENSIS
2304 336 2607 393 EPISCOPI

3559 337 3655 389 ι’ῖιί

421 456 607 521 Uxori,
635 456 835 525 inquit,
864 454 938 507 vir
975 450 1202 504 debitum
1241 448 1422 501 reddat
1466 460 1482 496 :
1523 445 1762 499 similiter
1786 454 1832 498 et
1857 460 1989 497 uxor
2016 449 2061 506 Α
2091 445 2186 498 tibi
2215 445 2357 501 enim
2389 445 2536 508 facit,
2561 446 2700 508 dole,
2732 447 2824 500 sed
2852 447 3023 516 ipsum
3056 448 3159 501 noli
3190 448 3409 511 imitari,
3437 458 3492 501 ut
3518 452 3658 503 maEe

418 551 526 604 viro
558 549 605 619 (Ι
650 549 772 601 Cor.
815 561 912 607 vn,
949 542 1025 613 5).
1072 542 1137 595 Et
1165 540 1323 611 paulo
1366 547 1525 608 post:
1554 537 1751 600 Nolite,
1793 536 1986 606 inquit,

421 641 670 701 fraudare
697 638 909 691 invicem
937 653 952 688 :
977 634 1076 685 nisi
1111 633 1243 701 forte
1274 646 1339 684 ex
1375 644 1627 682 consensu
1653 628 1723 680 ad
1765 636 1985 695 tempus,

419 741 474 784 ut
498 731 682 785 vacetis
709 726 954 781 orationi.
1003 723 1068 776 Et
1105 722 1292 775 iterum
1325 717 1638 772 revertimini
1663 718 1717 769 in
1741 715 1985 785 idipsum,

421 839 483 874 ne
511 828 662 873 tentet
684 832 775 871 vos
802 814 1052 877 Satanas,
1078 820 1286 882 propter
1317 807 1745 862 incontinentiam
1768 816 1990 860 vestram

422 913 611 980 (lbid.,
639 910 716 979 5).
746 909 879 963 Item
916 907 1057 961 idem
1083 922 1096 957 :
1127 901 1339 963 Mulier,
1373 900 1563 970 inquit,
1597 915 1700 953 non
1730 898 1879 951 habet
1907 897 1990 951 sui

420 1001 650 1071 corporis
671 1005 993 1064 potestatem,
1020 994 1109 1047 sed
1134 992 1230 1047 vir.
1259 990 1329 1043 Et
1350 990 1429 1043 vir
1450 1005 1553 1043 non
1589 987 1738 1041 habet
1765 986 1846 1040 sui
1876 1001 1991 1039 cor-

419 1092 559 1162 poris
588 1097 908 1160 potestatem,
939 1084 1027 1138 sed
1055 1083 1246 1137 mulier
1273 1080 1460 1152 (Ibid.,
1491 1078 1569 1150 4).

489 1180 817 1251 Augustinus
847 1177 901 1231 in
931 1175 1070 1229 libro
1102 1172 1171 1227 de
1206 1173 1354 1226 Bono
1379 1166 1646 1238 coniugali
1673 1164 1827 1237 (Cap.
1856 1164 1946 1235 il)
1973 1182 1984 1217 :

424 1293 444 1323 ι
480 1274 652 1327 Decus
689 1283 819 1340 ergo
862 1264 1141 1336 coniugale
1178 1271 1262 1318 est
1307 1262 1529 1317 castitas
1572 1259 1912 1329 procreandi,
1939 1264 1992 1312 et

423 1359 677 1415 reddendi
708 1356 943 1412 carnalis
964 1354 1128 1409 debiti
1154 1352 1348 1417 fidem;
1381 1353 1483 1406 hoc
1509 1359 1593 1404 est
1629 1364 1766 1419 opus
1790 1349 1995 1418 nuptia-

423 1468 563 1517 rum,
603 1452 707 1506 hoc
747 1449 814 1504 ab
849 1447 996 1503 omni
1039 1444 1267 1500 crimine
1306 1442 1545 1498 defendit
1585 1441 1872 1511 Apostolus
1907 1441 1992 1495 di-

421 1538 722 1595 cendo:Et
766 1539 809 1591 si
856 1534 1112 1606 acceperis
1159 1549 1392 1598 uxorem,
1439 1549 1543 1586 non
1580 1531 1841 1602 peccasti;
1872 1540 1919 1584 et
1946 1532 1995 1583 si

421 1631 648 1703 nupserit
678 1630 841 1700 virgo,
870 1644 972 1681 non
1012 1635 1223 1697 peccat;
1245 1633 1294 1678 et
1339 1623 1481 1694 quod
1518 1623 1625 1676 vult
1669 1621 1855 1691 faciat,
1890 1637 1995 1675 non

418 1728 591 1789 peccat
613 1719 657 1773 si
688 1717 845 1770 nubat
865 1715 917 1785 (1
940 1712 1061 1769 Cor.
1090 1730 1187 1778 vn,
1208 1711 1320 1783 28).
1344 1710 1602 1781 Exigendi
1625 1718 1802 1764 autem
1828 1708 1993 1764 debiti

2091 536 2293 603 facias;
2320 537 2411 590 sed
2436 537 2548 607 ipse
2571 547 2622 591 te
2648 538 2885 592 imitetur
2910 539 2961 592 in
2990 540 3145 593 bono.
3176 539 3307 593 Nam
3340 540 3394 594 in
3422 556 3487 594 eo
3513 544 3660 611 quin!

2090 626 2230 680 male
2274 626 2437 690 facit,
2471 626 2577 681 noli
2608 642 2730 681 enm
2776 636 2967 697 putare
3009 637 3169 697 caput
3207 639 3376 693 tuum,
3410 632 3503 684 sed
3548 647 3654 685 me.

2089 716 2224 771 Nam
2247 718 2291 771 si
2324 718 2376 771 in
2407 733 2473 771 eo
2499 719 2641 786 quod
2670 717 2809 771 male
2843 717 2992 781 facit,
3020 729 3179 788 caput
3212 728 3316 782 est,
3345 729 3659 774 secuturum

2088 816 2172 862 cst
2210 822 2407 876 corpus
2446 816 2607 876 caput
2634 823 2820 871 suum;
2853 817 2982 862 eunt
3015 809 3172 863 ambo
3199 808 3251 862 in
3282 824 3539 880 princeps.
3589 810 3663 865 Ut

2089 904 2266 951 autem
2313 911 2418 951 non
2461 905 2719 966 sequatur
2744 896 2943 950 malum
2972 905 3132 966 caput
3172 913 3345 957 suum.
3390 909 3570 954 teneat
3600 914 3662 954 se

2090 987 2158 1041 ad
2184 996 2346 1057 caput
2374 986 2624 1041 Ecclesiae
2647 986 2939 1041 Christum.
2983 987 3118 1042 IIuic
3143 988 3303 1043 debet
3331 990 3657 1045 charitatem

2090 1094 2270 1142 suam,
2298 1079 2422 1132 huic
2460 1078 2633 1133 defert
2674 1079 2931 1132 honorem
2974 1094 3149 1132 suum.
3188 1077 3398 1133 Absens
3437 1080 3509 1133 sit
3550 1081 3659 1143 vir,

2091 1184 2325 1239 priesens
2372 1169 2444 1223 sit
2484 1169 2588 1232 vir,
2618 1184 2727 1222 non
2755 1177 2943 1238 peccat
2973 1169 3080 1233 illa,
3112 1169 3235 1239 quia
3280 1185 3551 1238 nunquam
3576 1178 3666 1224 est

2091 1259 2315 1325 absens,
2339 1260 2427 1313 cui
2455 1259 2612 1313 debet
2637 1267 2696 1312 ut
2721 1274 2826 1313 non
2853 1268 3056 1329 peccet.
3079 1278 3097 1310 ι

2160 1349 2293 1404 Item
2321 1349 2462 1404 idem
2498 1349 2552 1403 in
2594 1349 2732 1403 libro
2775 1351 2840 1404 de
2868 1349 3181 1423 adulterinis
3229 1350 3661 1422 conjugiis(Lib.

2093 1456 2155 1504 ιι,
2185 1456 2301 1509 cap.
2330 1440 2409 1510 8).
2441 1439 2550 1503 Illi,
2603 1439 2793 1508 inquit,
2838 1441 3035 1509 quibus
3088 1440 3356 1510 displicet,
3404 1453 3463 1496 ut
3519 1444 3668 1498 inter

2094 1534 2269 1586 virum
2295 1541 2350 1587 et
2372 1547 2597 1587 uxorem
2648 1548 2747 1602 par
2776 1533 3049 1603 pudicitia:
3095 1531 3266 1587 forma
3297 1543 3560 1594 servetur.
3605 1543 3664 1589 et

2093 1624 2273 1693 potius
2294 1623 2499 1694 eligunt
2523 1623 2881 1693 .maximeque
2910 1624 2963 1677 in
3002 1624 3102 1679 hac
3129 1640 3290 1679 causa
3321 1626 3503 1679 mundi
3536 1626 3670 1697 legi-

2097 1714 2198 1770 bus
2224 1713 2423 1768 subditi
2453 1728 2573 1770 esse
2610 1728 2773 1782 quam
2801 1712 3024 1779 Christi,
3063 1723 3241 1785 .egant
3273 1715 3400 1785 quid
3431 1715 3667 1786 impera-

420 1809 901 1865 abaltcrutrosexu
921 1804 1321 1859 immoderatior
1338 1800 1993 1873 progressio,propterilla
2022 1809 2070 1869 Β
2097 1814 2186 1861 tor
2229 1805 2515 1869 Antonius,
2566 1818 2671 1858 non
2707 1803 2892 1873 utique
2932 1804 3291 1869 Christianus,
3338 1805 3406 1859 de
3459 1806 3559 1860 hac
3605 1822 3668 1862 re

418 1916 536 1969 qua:
557 1913 717 1969 supra
747 1897 996 1957 diximus,
1031 1893 1321 1950 secundum
1362 1893 1575 1948 veniam
1601 1892 1933 1947 conceditur.
1962 1912 1983 1944 ι

421 1993 546 2048 Item
598 1993 738 2045 idem
786 1989 842 2042 in
890 1986 1077 2042 eodem
1129 1983 1288 2057 (Cap.
1328 1983 1469 2057 23):
1502 2002 1521 2035 ‹
1553 1981 1635 2037 Ad
1686 1982 1990 2037 castitatem

421 2095 648 2150 namque
674 2062 905 2150 pertinet
946 2090 1052 2131 non
1081 2074 1354 2141 fornicari,
1383 2089 1488 2130 non
1516 2073 1802 2137 maechari,
1838 2072 1990 2128 nullo

421 2171 606 2227 illicito
640 2169 926 2226 concubitu
953 2167 1212 2224 maculari
1240 2187 1254 2221 :
1278 2183 1397 2236 quae
1426 2166 1518 2237 qui
1543 2182 1650 2221 non
1679 2166 1987 2231 observant,

421 2272 610 2319 contra
638 2269 965 2332 prmceptum
992 2259 1204 2314 Domini
1232 2257 1466 2323 faciunt,
1490 2267 1546 2312 et
1578 2259 1649 2313 ob
1675 2259 1777 2313 hoc
1807 2267 1991 2312 extor-

429 2372 518 2414 res
542 2365 667 2413 sunt
688 2371 720 2410 a
745 2356 943 2410 virtute
965 2351 1301 2407 obedientiae.
1330 2370 1348 2403 »
1382 2350 1514 2405 Item
1541 2347 1690 2422 (Cap.
1721 2348 1775 2417 6)
1802 2366 1813 2401 :
1841 2366 1859 2398 ‹
1889 2348 1992 2402 Dc-

431 2450 557 2503 bent
585 2461 714 2517 ergo
739 2446 838 2501 sibi
869 2441 1136 2513 coniugati
1168 2458 1273 2496 non
1316 2441 1487 2496 solum
1522 2440 1689 2510 ipsius
1716 2454 1877 2494 sexus
1904 2438 1991 2493 sui

418 2538 805 2596 commiscendi
831 2535 991 2590 ﬁdem
1012 2534 1300 2589 liberorum
1326 2531 1780 2603 procreandorum
1801 2546 1990 2597 causa,

412 2648 541 2705 quae
568 2632 740 2702 prima
784 2640 869 2686 est
909 2630 1127 2685 humani
1168 2628 1383 2700 generis
1420 2628 1476 2683 in
1516 2626 1619 2682 ista
1659 2627 1993 2682 mortalitate

422 2723 654 2781 societas
677 2762 693 2787 ,
740 2735 921 2775 verum
967 2718 1132 2773 etiam
1186 2716 1514 2771 infirmitatis
1568 2715 1797 2771 invicem
1840 2716 1993 2771 excl-

408 2814 645 2886 qiiendze,
674 2813 741 2868 ad
790 2811 1003 2868 illicitos
1047 2809 1364 2867 concubitus
1408 2808 1694 2874 vitandos,
1748 2817 1989 2863 mutuam

421 2903 812 2974 quodammodo
846 2901 1191 2965 servitutem;
1223 2910 1276 2954 ut
1308 2908 1365 2954 et
1394 2899 1437 2954 si
1465 2899 1622 2955 alteri
1651 2912 1839 2953 eorum
1868 2913 1984 2968 per-

416 3002 579 3063 petua
604 2992 930 3047 continentia
962 2990 1198 3061 placeat,
1225 2988 1330 3044 nisi
1361 3004 1429 3043 ex
1455 2987 1677 3043 alterius
1717 3002 1987 3043 consensu

422 3099 526 3139 non
556 3081 743 3153 possit.
776 3081 843 3135 Et
870 3079 935 3137 ad
965 3082 1067 3135 hoc
1090 3079 1236 3135 enim
1270 3092 1406 3132 uxor
1425 3094 1533 3133 non
1560 3078 1722 3133 habet
1750 3086 1988 3147 potesta-

2092 1894 2450 1951 constituerit.
2500 1893 2586 1948 Ait
2613 1893 2756 1949 enim
2789 1894 2932 1949 inter
2956 1894 3158 1965 reliqua
3192 1913 3204 1949 :
3251 1915 3269 1946 ι
3314 1894 3666 1964 Periniquunt

2096 2007 2115 2039 ι
2154 1988 2302 2041 enim
2348 1985 2480 2040 mihi
2527 1985 2740 2039 videtur
2790 2000 2931 2051 esse,
2981 1994 3040 2039 ut
3100 1987 3411 2055 pudicitiam
3466 1988 3551 2041 vir
3593 1988 3670 2041 ab

2096 2098 2114 2131 ι
2157 2093 2325 2135 uxore
2367 2078 2566 2149 exigat,
2608 2094 2769 2148 quam
2818 2078 2930 2149 ipse
2971 2095 3077 2133 non
3131 2079 3386 2145 exhibet;
3425 2095 3545 2149 quae
3575 2096 3669 2135 res

2095 2189 2115 2221 ς
2155 2177 2332 2240 potest
2355 2177 2409 2225 et
2442 2169 2618 2223 virum
2640 2168 2917 2233 damnare,
2950 2178 3004 2224 et
3026 2170 3095 2224 ob
3122 2168 3518 2225 confessionem
3544 2186 3669 2223 mn-

2094 2279 2115 2312 ι
2160 2260 2237 2314 tui
2269 2258 2509 2313 criminis
2550 2273 2666 2314 rem
2711 2259 2852 2312 inter
2880 2266 3166 2328 utrumque
3194 2274 3549 2330 componere,
3578 2260 3671 2314 vel

2083 2370 2115 2401 ι(
2158 2364 2376 2404 causam
2406 2348 2534 2404 facti
2565 2348 2771 2404 tollere.
2810 2370 2828 2402 ι
2877 2369 2894 2401 ι
2935 2349 2993 2405 Si
3023 2352 3140 2406 haec
3169 2350 3501 2407 observanda
3536 2363 3700 2415 sunt-

2090 2450 2309 2513 propter
2361 2442 2525 2496 decus
2558 2449 2788 2497 terrenae
2838 2441 3093 2507 civitatis,
3141 2452 3345 2512 quanto
3399 2442 3672 2498 castiores

2091 2533 2285 2604 quaerit
2304 2531 2540 2587 caelestis
2574 2532 2749 2601 patria
2780 2541 2834 2586 et
2858 2533 3091 2588 societas
3112 2533 3448 2605 angelorum!
3478 2553 3496 2584 ι

2162 2624 2303 2679 Beda
2327 2626 2379 2678 in
2402 2623 2746 2693 Expositione
2762 2623 3170 2679 Proverbiorum
3194 2642 3207 2679 :
3238 2644 3255 2676 ‹
3286 2622 3447 2678 Cerva
3471 2624 3677 2678 charis.

2089 2714 2242 2779 sima,
2271 2722 2320 2767 et
2349 2713 2677 2784 gratissimus
2722 2712 2971 2767 liinnulus
3002 2711 3187 2782 (Prov.
3214 2730 3264 2778 ν,
3296 2715 3407 2783 19).
3438 2714 3554 2778 Illa,
3586 2715 3671 2767 in-

2090 2806 2229 2876 quit,
2260 2805 2333 2861 sit
2379 2805 2476 2859 tibi
2528 2820 2741 2875 semper
2778 2805 3097 2859 charissima
3125 2804 3342 2874 coniux,
3378 2821 3497 2875 quze
3521 2807 3674 2861 sicut

2090 2910 2247 2952 cerva
2278 2904 2571 2965 serpentes.
2614 2896 2685 2949 ita
2708 2904 3063 2965 persequatur
3090 2906 3291 2960 scorta,
3310 2907 3363 2950 et
3387 2897 3500 2951 suis
3526 2896 3671 2950 cffu-

2089 2976 2284 3058 get'ab
2327 2987 2551 3042 (edibus.
2592 3006 2609 3038 ι
2646 2986 3001 3058 Hieronymus
3038 2989 3091 3041 in
3122 2988 3462 3058 Epistolade
3489 2999 3676 3043 morte

2090 3080 2321 3135 Fabiolae
2344 3079 2535 3152 (Epist.
2576 3078 2667 3151 50)
2701 3098 2712 3133 :
2748 3099 2766 3130 ε
2805 3079 3095 3150 Quidquid,
3126 3081 3321 3150 inquit,
3347 3081 3478 3135 viris
3498 3079 3674 3147 iube-

416 3183 528 3229 tem
577 3172 821 3241 corporis
865 3170 968 3233 sui,
1009 3169 1104 3224 sed
1146 3168 1248 3222 vir.
1283 3188 1301 3220 ι
1329 3167 1462 3222 Item
1505 3168 1645 3222 idem
1696 3168 1752 3223 in
1799 3169 1986 3224 eodem
2015 3163 2059 3225 C
2091 3181 2199 3235 tur,
2229 3172 2332 3226 hoc
2376 3181 2766 3240 consequenter
2808 3172 3071 3225 redundat
3096 3171 3164 3225 ad
3206 3170 3451 3226 feminas.
3479 3170 3677 3241 Neque.

419 3265 569 3333 (Cap.
600 3262 656 3333 5)
682 3280 696 3315 :
725 3281 744 3310 ι
774 3259 831 3314 Si
859 3274 985 3330 ergo
1028 3266 1272 3312 servatur
1312 3257 1445 3313 ﬁdes
1488 3257 1728 3322 honoris,
1762 3266 1817 3313 et
1838 3260 1988 3314 obse-

421 3355 669 3424 quiorum
698 3352 927 3408 invicem
951 3350 1249 3407 debitorum
1273 3352 1341 3405 ab
1361 3350 1619 3405 alterutro
1647 3366 1799 3417 sexu,
1823 3352 1986 3406 etiam

421 3446 466 3499 si
500 3442 998 3515 languescentibus,
1024 3450 1078 3497 et
1121 3457 1287 3512 prope
1325 3442 1663 3498 cadaverinis
1706 3444 1987 3514 utriusque

424 3534 697 3598 membris,
722 3532 1025 3586 animorum
1055 3539 1231 3586 tamen
1259 3533 1360 3587 rite
1384 3531 1811 3603 coniugatorum,
1836 3543 1989 3589 tanto

420 3623 686 3678 sincerior
711 3632 914 3692 quanto
937 3624 1222 3691 potentior,
1244 3630 1300 3678 et
1323 3631 1471 3679 tanto
1498 3625 1757 3688 securior,
1787 3635 1989 3695 quanto

426 3715 688 3784 placidior
732 3716 955 3770 castitas
1004 3706 1327 3785 perseveret.
1353 3736 1371 3768 ι
1419 3716 1550 3771 Item
1595 3716 1733 3771 idem
1768 3719 1818 3771 in
1848 3715 1989 3773 libro

421 3806 489 3861 de
518 3807 702 3861 decem
742 3806 960 3861 chordis
996 3805 1148 3878 (Cap.
1177 3805 1270 3875 9):
1302 3827 1321 3859 ‹
1353 3806 1637 3862 Intuemini
1681 3792 1987 3864 sermonem

425 3898 517 3953 Dei
541 3916 555 3952 :
583 3896 704 3952 Non
750 3897 1083 3952 maecltaberis
1114 3897 1309 3964 (Exod.
1339 3914 1407 3951 xx
1429 3939 1444 3963 ,
1472 3896 1579 3970 14).
1629 3897 1803 3953 Nolite
1850 3914 1989 3954 mte-

419 3988 573 4042 chari
609 3994 727 4057 post
759 4001 954 4041 uxores
986 3995 1212 4050 vestras,
1240 3987 1365 4056 quia
1413 4002 1519 4041 non
1565 3986 1728 4042 vultis
1762 3997 1821 4042 ut
1848 4000 1986 4042 moc-
2028 4018 2031 4021 -

422 4080 650 4134 chentur
676 4086 800 4148 post
833 4094 928 4133 vos
955 4094 1153 4134 uxores
1180 4087 1393 4133 vestrm.
1439 4078 1614 4133 Nolite
1648 4079 1727 4134 ire
1754 4095 1850 4134 vos
1881 4096 1950 4149 qu
1970 4095 1989 4134 ι

423 4170 575 4240 sequi
600 4184 704 4223 non
736 4169 1071 4224 vultisuSine
1095 4184 1255 4223 causa
1281 4183 1377 4223 vos
1404 4183 1668 4224 excusare
1693 4171 1985 4236 conamini,

423 4258 636 4326 quando
660 4258 839 4312 dicitis
861 4275 875 4310 :
897 4256 1143 4326 Nunquid
1169 4273 1233 4311 eo
1262 4258 1330 4312 ad
1360 4271 1583 4313 uxorem
1613 4257 1879 4313 alienam?
1905 4260 1986 4313 Ad

425 4348 673 4403 ancillam
696 4363 868 4403 meam
900 4363 985 4402 eo.
1014 4348 1107 4402 Vis
1132 4355 1188 4400 ut
1214 4348 1358 4425 dicat
1382 4364 1519 4403 uxor
1545 4358 1634 4403 tua
1665 4350 1759 4403 tibi
1787 4368 1800 4403 :
1842 4350 1988 4404 Nun-

425 4441 554 4509 quid
594 4455 659 4494 eo
697 4439 766 4493 ad
811 4438 981 4491 virum
1026 4436 1283 4502 alienum,
1317 4437 1385 4492 ad
1427 4451 1642 4492 servum
1684 4455 1863 4494 meum
1887 4441 1988 4496 eo?

2088 3266 2233 3318 enim
2272 3262 2517 3317 adultera
2548 3277 2686 3317 uxor
2714 3262 3029 3316 dimittenda
3052 3270 3171 3328 est;
3213 3271 3269 3317 et
3294 3264 3377 3317 vir
3417 3264 3676 3318 mtechns

2091 3351 2354 3406 tenendus
2387 3369 2400 3405 :
2438 3351 2484 3406 si
2512 3351 2634 3422 quis
2675 3351 2947 3406 meretrici
2972 3350 3239 3421 iungitur,
3265 3368 3431 3407 unum
3463 3368 3675 3423 corpus

2088 3441 2236 3496 facit.
2290 3442 2430 3512 Ergo
2477 3456 2595 3510 qua:
2660 3441 2975 3507 scortatori,
3029 3442 3348 3512 iinpuroque
3399 3443 3672 3508 sociatur,

2088 3549 2253 3587 unum
2278 3548 2400 3587 cum
2430 3548 2496 3588 en
2523 3547 2719 3601 corpus
2744 3530 2989 3587 elIicitur.
3014 3532 3145 3586 Alia:
3168 3541 3290 3586 sunt
3315 3532 3460 3603 leges
3483 3532 3674 3587 Ciesa-

2088 3639 2232 3687 rum,
2286 3623 2404 3678 alia:
2461 3632 2586 3677 sunt
2645 3622 2867 3677 Christi.
2894 3623 3053 3678 Aliud
3109 3622 3465 3693 Papinianus,
3514 3623 3672 3680 aliud

2088 3718 2286 3773 Paulus
2316 3726 2499 3773 noster
2548 3717 2812 3787 praecipit.
2854 3718 3010 3788 Apud
3062 3717 3183 3771 illos
3226 3717 3357 3772 viris
3388 3718 3676 3787 pudicitiae

2089 3810 2254 3865 frtena
2277 3810 2527 3864 laxantur
2553 3826 2566 3874 ;
2599 3818 2654 3863 et
2680 3809 2796 3863 solo
2823 3819 3008 3878 stupro
3036 3818 3199 3878 atque
3241 3807 3501 3863 adulterio
3531 3824 3672 3863 con-

2087 3899 2359 3962 demnato,
2387 3899 2590 3969 passim
2636 3913 2733 3968 per
2758 3898 3037 3968 lupanaria
3081 3907 3136 3952 et
3186 3897 3464 3952 ancillulas
3495 3897 3674 3953 libido

2087 3990 2415 4062 permittitur
2460 4004 2474 4044 :
2524 3989 2676 4059 quasi
2701 3993 2914 4059 culpam
2937 3988 3172 4060 dignitas
3204 3988 3385 4051 faciat,
3420 4003 3526 4042 non
3566 4005 3674 4043 vo.-

2087 4080 2283 4152 luptas.
2315 4080 2469 4151 Apud
2493 4094 2592 4134 nos
2627 4078 2770 4148 quod
2801 4093 2906 4133 non
2933 4079 3061 4134 licet
3096 4077 3333 4140 feminis.
3368 4093 3521 4148 atque
3547 4095 3668 4135 non

2088 4172 2215 4229 licet
2235 4173 2366 4228 viris
2387 4188 2401 4203 '
2431 4172 2618 4227 eadem
2643 4171 2877 4227 servitus
2908 4172 3024 4242 pari
3052 4172 3359 4227 conditione
3382 4182 3666 4229 censetur.

2159 4266 2358 4321 Scribit
2381 4274 2562 4321 autem
2598 4274 2654 4319 et
2693 4264 3007 4320 Lactantius
3030 4278 3055 4304 δ
3085 4283 3097 4318 :
3128 4284 3145 4315 ι
3180 4264 3312 4319 Cum
3343 4264 3464 4333 quis
3496 4264 3672 4320 habet

2087 4370 2332 4421 uxorem,
2377 4370 2552 4426 neque
2600 4370 2812 4411 servam
2865 4370 3038 4425 neque
3078 4355 3301 4408 liberam
3333 4354 3531 4409 habere
3568 4346 3685 4424 μοί

2088 4448 2234 4512 terit,
2263 4455 2324 4502 ut
2378 4447 2722 4503 matrimonio
2762 4446 2921 4500 fidem
2970 4455 3166 4500 servet.
3194 4444 3377 4514 Neque
3405 4445 3574 4509 enim,
3598 4455 3668 4501 ut

430 4532 571 4586 Dicis
593 4545 608 4584 :
632 4530 747 4585 Non
775 4540 857 4584 est
884 4545 1017 4583 uxor
1057 4527 1228 4583 aliena
1256 4529 1321 4583 ad
1348 4544 1511 4599 quam
1556 4529 1711 4584 vado.
1746 4531 1901 4586 Absit
1927 4542 1986 4587 ut
2011 4538 2063 4598 D
2089 4538 2219 4591 viris
2261 4536 2551 4606 publicatio
2600 4544 2703 4600 est,
2728 4535 2840 4591 sola
2874 4535 3065 4589 mulier
3106 4534 3349 4589 adultera
3400 4542 3503 4601 est,
3534 4550 3681 4603 qum-

426 4623 568 4677 dicat
619 4622 722 4675 hoc
760 4619 879 4686 illa;
940 4618 1130 4674 melius
1162 4619 1304 4674 enim
1335 4628 1394 4673 ut
1422 4619 1599 4675 doleat
1631 4622 1697 4677 de
1731 4629 1783 4677 te
1823 4638 1985 4692 quam

426 4716 661 4770 imitetur
684 4723 753 4769 te.
781 4712 873 4767 Illa
903 4714 1044 4767 enim
1070 4722 1217 4767 casta
1240 4722 1297 4767 et
1324 4722 1511 4769 sancta
1538 4713 1758 4782 femina,
1775 4724 1831 4771 et
1857 4731 1984 4770 vere

423 4808 722 4864 Christiana
749 4814 851 4868 est,
881 4820 998 4874 quae
1023 4803 1166 4860 dolet
1189 4804 1540 4861 fornica'item
1568 4808 1766 4873 virum,
1793 4798 1982 4862 etnon

422 4900 567 4956 dolet
588 4906 807 4969 propter
832 4912 1068 4960 carnem,
1100 4898 1193 4952 sed
1216 4906 1434 4967 propter
1473 4898 1791 4953 charitatem
1818 4899 1979 4954 dolet.

424 4992 536 5045 Non
566 4991 683 5044 ideo
709 5002 814 5043 non
845 4987 957 5041 vult
991 4996 1047 5040 ut
1077 4986 1261 5051 facias,
1288 4988 1413 5057 quia
1442 4996 1497 5041 et
1526 4988 1640 5057 ipsa
1682 4996 1797 5043 non
1832 4989 1981 5055 facit,

423 5084 513 5135 sed
561 5082 683 5150 quia
732 5078 829 5133 tibi
869 5092 974 5133 non
1013 5078 1258 5148 expedit;
1290 5093 1415 5132 nam
1462 5078 1505 5132 si
1554 5088 1834 5148 propterea
1877 5096 1983 5134 non

424 5170 568 5233 facit,
601 5178 658 5223 ut
698 5184 803 5223 non
835 5166 1023 5231 facias,
1048 5167 1092 5220 si
1122 5166 1336 5232 feceris,
1368 5166 1544 5222 faciet.
1578 5169 1634 5223 Si
1664 5178 1841 5223 autem
1872 5170 1982 5224 Deo

423 5261 547 5314 illud
574 5261 783 5326 debeat,
809 5260 852 5315 si
884 5258 1099 5315 Christo
1133 5258 1263 5313 illud
1289 5260 1500 5325 debeat,
1530 5258 1673 5330 quod
1701 5270 1757 5315 tu
1786 5248 1978 5331 exigis,

418 5359 473 5405 et
516 5353 634 5406 ideo
678 5352 875 5417 reddit,
897 5351 1021 5422 quia
1060 5349 1214 5418 iubet
1263 5350 1368 5415 ille,
1396 5351 1495 5405 etsi
1532 5350 1831 5407 fornicatur
1874 5353 1978 5417 vir,

422 5441 722 5495 mstitatcm
750 5442 839 5496 illa
866 5441 974 5497 Deo
1001 5441 1239 5496 exhibet.
1288 5440 1534 5496 Christus
1559 5444 1702 5496 enim
1746 5442 1983 5511 loquitur

424 5533 475 5584 in
510 5531 759 5587 cordibus
783 5533 1042 5587 bonarum
1069 5530 1422 5596 feminarum;
1455 5531 1687 5602 loquitur
1717 5533 1860 5587 intus
1889 5535 1984 5587 hu-

420 5620 646 5687 iusmodi
688 5622 863 5677 verbis
888 5642 900 5676 :
924 5625 999 5677 De
1027 5623 1235 5693 iniuriis
1262 5623 1362 5676 viri
1394 5623 1470 5675 tui
1511 5625 1812 5692 torqueris:
1838 5625 1978 5692 quod

2087 4627 2261 4681 virum
2290 4626 2493 4681 habens
2537 4625 2606 4679 ab
2646 4624 2816 4679 altero
2862 4624 3121 4695 polluitur
3150 4642 3162 4677 :
3192 4623 3319 4678 dum
3358 4624 3537 4678 divina
3568 4624 3665 4681 lex

2089 4718 2163 4772 ita
2204 4717 2337 4772 duos
2367 4716 2420 4771 in
2449 4716 2605 4771 unius
2646 4716 2974 4770 matrimonii
3020 4730 3246 4785 corpore
3290 4714 3663 4783 coniunxerit,

2089 4820 2148 4862 ut
2175 4807 2385 4863 adulter
2413 4808 2483 4863 sit
2504 4807 2746 4876 quisquis
2765 4821 3075 4877 compagem
3097 4808 3339 4878 corporis
3361 4809 3412 4865 in
3439 4808 3665 4864 diversa

2090 4898 2402 4953 detraxerit.
2435 4896 2677 4965 Iniquum
2734 4905 2818 4951 est
2852 4897 2995 4951 enim
3044 4906 3103 4951 ut
3148 4898 3234 4951 vir
3278 4897 3331 4952 id
3369 4898 3552 4968 exigat
3584 4900 3664 4955 ab

2090 5004 2276 5052 uxore,
2327 4987 2468 5057 quod
2506 4995 2762 5056 pmstare
2806 5002 2911 5041 non
2963 4990 3153 5057 possit.
3182 5007 3200 5038 ι
3231 4988 3546 5043 Ambrosius
3594 4990 3663 5046 in

2088 5080 2226 5134 libro
2246 5079 2311 5133 de
2349 5079 2617 5133 Abraham
2646 5078 2783 5149 (Lib.
2814 5096 2850 5143 ι,
2892 5095 3005 5151 cap.
3034 5081 3090 5151 5)
3117 5098 3130 5134 :
3168 5101 3185 5131 ι
3223 5080 3496 5135 Imitemur
3519 5097 3665 5161 qrgo

2087 5173 2380 5235 Abraham,
2406 5181 2465 5226 ut
2488 5172 2724 5227 lueredes
2744 5172 2911 5228 simus
2934 5182 3089 5229 terrae
3109 5188 3202 5244 per
3216 5173 3478 5245 iustitiam
3501 5174 3661 5241 fidei,

2087 5279 2184 5333 per
2205 5278 2364 5331 quam
2400 5263 2487 5318 ille
2525 5264 2705 5317 mundi
2734 5264 2907 5320 hmres
2944 5265 3116 5322 factus
3146 5277 3247 5321 est.
3287 5265 3391 5320 Sed
3414 5265 3665 5324 fortasse

2084 5352 2229 5406 dicat
2257 5353 2451 5423 aliquis
2486 5372 2498 5406 :
2530 5353 2806 5420 Quomodo
2847 5355 3117 5411 Abraham
3144 5357 3298 5413 nobis
3327 5357 3659 5415 imitandum

2085 5443 2357 5513 proponis,
2380 5459 2503 5497 cum
2524 5444 2589 5498 de
2617 5444 2807 5498 ancilla
2837 5446 3129 5514 susceperit
3155 5445 3358 5498 filium?
3391 5446 3496 5499 Aut
3517 5447 3663 5514 quid

2087 5535 2186 5588 sibi
2216 5535 2317 5588 hoc
2355 5535 2486 5600 vult,
2536 5542 2594 5588 ut
2643 5544 2823 5588 tantus
2861 5535 2941 5588 vir
2984 5536 3106 5588 huic
3149 5536 3318 5589 errori
3347 5536 3507 5590 fuerit
3547 5538 3665 5591 ob-

2086 5626 2300 5687 noxius,
2324 5624 2475 5695 cuius
2502 5634 2647 5679 tanta
2684 5640 2845 5694 Opera
2891 5624 3181 5678 miramur?
3212 5625 3314 5679 Sed
3340 5628 3661 5682 considere-

493 5751 517 5778 ι
550 5737 616 5789 Et
650 5734 967 5788 Lactantius.
1000 5736 1123 5791 Haec
1162 5751 1290 5792 sane
1320 5735 1651 5801 Lactantius,
1684 5737 1749 5790 de
1776 5753 1902 5791 vero
1937 5737 2114 5805 Cultu,
2146 5738 2235 5792 lib.
2263 5753 2333 5799 vi,
2356 5753 2472 5807 cap.
2496 5736 2588 5801 ‘23,
2616 5736 2707 5790 sed
2736 5751 2839 5789 non
2863 5734 3049 5787 iisdem
3072 5734 3263 5789 verbis.
