4064 6190
410 316 512 370 1ἲῖ

1400 302 1486 379 ne
1525 324 2005 383 lNSTlTUTlONE
2041 328 2338 388 LAICALI.
2367 364 2437 374 —
2468 334 2594 389 ue.
2637 338 2711 392 ιι.

3450 361 3464 374 ’
3524 348 3649 405 178τ

407 442 537 482 inus
574 429 831 530 primum,
855 430 982 530 quia
1014 430 1287 530 Abraham
1331 446 1456 489 ante
1492 435 1663 511 legem
1698 435 1887 505 Moysi.
1925 444 1978 489 cl
2007 443 2172 502 Aoiri
2222 448 2403 502 debent
2433 449 2648 519 diligere
2693 469 2878 508 uxores
2909 472 3056 521 suos,
3087 458 3219 511 sicut
3249 447 3470 530 corpora
3531 480 3647 517 sua

406 529 540 576 ante
582 521 927 593 Evangelinm
952 521 1086 589 fuit;
1124 526 1357 580 nondum
1395 527 1737 583 interdictum
1773 529 1977 583 adulte-

406 612 552 665 rium
600 611 898 667 videbatur.
938 612 1103 666 Poena
1152 614 1394 669 criminis
1443 631 1509 669 ex
1556 623 1794 686 tempore
1844 619 1977 690 legis

400 711 488 756 est
511 718 630 771 qua:
679 704 886 757 crimen
930 704 1194 770 inhibuit;
1241 720 1341 759 nec
1389 715 1514 760 ante
1542 705 1714 775 legem
1756 708 1860 762 ulla
1892 719 1976 764 est

404 794 483 848 rei
508 794 801 857 damnatio,
841 794 934 849 sed
971 807 1038 849 ex
1081 794 1215 866 lege.
1251 796 1393 852 Deus
1444 798 1498 852 in
1545 799 1796 867 paradiso
1846 799 1972 855 licet

307 922 311 924 ν
400 879 710 957 coniugium
752 886 1069 951 laudaverit,
1102 904 1209 943 non
1253 889 1574 944 adulterium
1603 891 1969 946 damnaverat.

400 978 581 1033 llabes
602 994 763 1033 unam
790 977 1020 1032 Abrahae
1048 977 1436 1034 defensionem.
1462 979 1726 1036 ‘Secunda
1754 981 1841 1035 illa
1866 990 1972 1047 est,

395 1071 544 1141 quod
570 1087 678 1126 non
708 1071 902 1125 ardore
954 1070 1136 1141 aliquo
1184 1088 1332 1143 vagae
1371 1090 1663 1130 succensus
1714 1074 1969 1141 libidinis,

397 1182 507 1220 non
535 1165 833 1235 petulantis
862 1164 1049 1220 formae
1077 1176 1268 1236 captus
1313 1168 1526 1232 decore,
1553 1167 1760 1222 ancilla:
1779 1179 1970 1222 contu-

398 1257 589 1311 bernio
616 1255 950 1327 coniugalem
978 1257 1287 1326 posthabuit
1327 1265 1526 1322 torum,
1555 1258 1648 1313 sed
1669 1258 1849 1313 studio
1877 1274 1972 1328 po-

395 1346 681 1409 steritatis,
713 1355 767 1400 et
793 1346 1149 1417 propagandae
1187 1347 1405 1403 sobolis.
1444 1349 1636 1404 Adhuc
1682 1359 1803 1418 post
1825 1349 1968 1404 dilu—

396 1439 547 1492 vium
593 1439 789 1492 raritas
838 1448 955 1492 erat
991 1440 1204 1508 generis
1248 1440 1488 1494 humani.
1530 1439 1661 1494 Erat
1691 1439 1855 1494 etiam
1880 1455 1969 1494 re-

394 1530 613 1603 ligionis
639 1546 711 1586 ne
758 1531 881 1600 quis
925 1548 1029 1585 non
1081 1530 1379 1587 reddidisse
1428 1531 1702 1586 videretur
1729 1531 1968 1587 debitum

393 1632 626 1676 natura}.
668 1642 686 1672 ι

466 1711 577 1767 Vos
619 1728 750 1783 ergo
801 1728 1017 1777 moneo,
1051 1713 1153 1767 viri
1201 1714 1452 1775 maxime,
1476 1714 1574 1783 qui
1627 1714 1695 1768 ad
1735 1714 1965 1785 gratiam

2077 534 2232 599 (Ibid.
2264 536 2382 608 ‘29).
2403 537 2734 609 Augustinus
2761 557 2979 613 quoque
3005 547 3057 601 in
3089 547 3227 602 libro
3253 550 3318 604 ad
3356 549 3627 605 Valerium

2075 636 2261 681 contra
2292 627 2566 698 Pelagium
2589 642 2614 670 ι
2654 647 2668 684 :
2709 632 2983 688 «Dubitari
3015 651 3123 690 non
3165 648 3361 705 potest,
3397 643 3630 695 naturali

2075 720 2269 775 ordine
2316 721 2469 777 viros
2517 724 2701 792 potius
2742 724 2980 788 feminis.
3041 745 3202 799 quam
3239 733 3369 786 viris
3401 718 3632 787 femina's

2075 811 2389 881 principari.
2408 812 2558 879 Quod
2574 830 2802 872 servans
2817 821 3108 888 Apostolus
3124 822 3199 876 ait
3220 836 3235 873 :
3258 822 3429 892 Caput
3450 823 3609 895 multa
3621 853 3635 863 -

2031 916 2040 924 ’
2076 900 2237 954 risvir
2254 901 2411 971 (Ibid.
2430 902 2541 974 25).
2564 904 2652 970 Et,
2669 904 2938 971 Mulieres,
2963 909 3185 964 subditis
3203 921 3362 966 estote
3390 914 3515 966 viris
3541 928 3628 965 ve-

2075 995 2199 1046 stris
2215 991 2437 1063 (Coloss.
2461 1010 2544 1063 Ill,
2572 994 2682 1063 18).
2703 999 2769 1052 Ει
2786 1000 3064 1066 apostolus
3088 1002 3280 1056 Petrus
3304 1020 3318 1055 :
3341 1003 3632 1068 Quomodo.

2070 1077 2261 1148 inquit,
2311 1076 2450 1132 Sara
2505 1078 2878 1150 obsequebatur
2922 1080 3166 1142 Abralur.
3224 1082 3486 1137 dominum
3524 1102 3643 1139 eum

2069 1185 2258 1223 vocans
2285 1167 2337 1239 (1
2363 1168 2507 1223 Pe.'r.
2534 1169 2725 1240 1",,6).
2757 1170 2913 1237 Quod
2941 1172 3069 1226 licet
3116 1173 3188 1226 ita
3243 1190 3301 1227 se
3332 1174 3545 1237 habeat,
3585 1188 3643 1231 nt

2073 1269 2264 1314 natura
2314 1261 2703 1330 principiorum
2749 1271 2896 1316 amet
2955 1263 3406 1334 singularitatem,
3432 1266 3647 1322 facilius

2070 1358 2249 1405 tamen
2274 1351 2638 1422 pluralitatem
2664 1351 2919 1411 videmus
2943 1352 2996 1406 in
3024 1354 3287 1420 subditis;
3316 1363 3495 1410 tamen
3525 1357 3641 1426 plu-

2068 1457 2156 1496 res
2174 1440 2387 1496 femina:
2412 1442 2502 1496 uni
2530 1442 2645 1496 viro
2667 1457 2940 1512 nunquam
2971 1436 3116 1498 licite
3137 1441 3515 1516 iungerentur,
3534 1447 3640 1502 nisi

2067 1548 2132 1586 ex
2155 1534 2258 1587 hoc
2287 1533 2468 1602 plures
2493 1532 2585 1587 filii
2612 1542 2982 1588 nascerentur.
3017 1534 3174 1590 Unde
3197 1535 3241 1589 si
3264 1551 3368 1589 una
3395 1552 3648 1592 concum-

2068 1624 2159 1678 bat
2188 1640 2311 1679 cum
2342 1624 2605 1694 pluribus,
2630 1625 2755 1694 quia
2781 1640 2887 1679 non
2917 1633 3002 1680 est
3034 1625 3084 1679 ei
3113 1625 3240 1681 hinc
3264 1626 3646 1696 multiplicatio

2066 1715 2251 1784 prolis,
2292 1714 2384 1769 sed
2421 1713 2783 1784 frequentatio
2815 1714 3073 1787 libidinis,
3098 1714 3298 1784 conqu
3334 1733 3442 1771 non
3464 1726 3643 1787 potest

391 1804 608 1858 flumini
650 1804 893 1869 tenditis,
934 1820 1040 1859 non
1085 1804 1338 1874 coniungi
1383 1804 1683 1861 adulterino
1717 1807 1963 1885 corpori;
1995 1794 2040 1853 Β
2066 1824 2203 1871 esse,
2239 1808 2335 1865 sed
2354 1807 2616 1861 meretrix
2644 1804 2799 1878 (Cap.
2823 1806 2931 1877 10).
2959 1806 3223 1874 Quoniam
3252 1823 3386 1863 sane
3405 1825 3511 1863 non
3534 1818 3649 1864 tan-

387 1898 655 1967 qnienim
687 1911 746 1952 se
772 1897 1043 1953 meretrici
1075 1899 1370 1969 coniungit,
1421 1915 1583 1953 unum
1625 1915 1821 1970 corpus
1860 1910 1966 1954 est:

387 1988 504 2043 Nec
535 1989 666 2043 dare
709 1989 851 2044 hanc
878 1990 1218 2045 occasionem
1252 1991 1470 2045 divortii
1505 1991 1841 2046 mulieribus.
1865 1990 1969 2046 Ne-

390 2096 482 2131 mo
504 2078 609 2132 sibi
638 2077 946 2133 blandiatur
987 2079 1053 2133 de
1092 2078 1298 2149 legibus
1322 2078 1595 2133 hominum
1620 2094 1634 2132 :
1658 2094 1819 2134 omne
1857 2087 1970 2133 stu-

386 2190 551 2243 prum
582 2173 905 2228 adulterium
942 2181 1055 2237 est;
1108 2188 1209 2227 nec
1244 2172 1360 2227 viro
1409 2172 1533 2227 licet
1581 2173 1723 2242 quod
1758 2174 1968 2228 mulieri

388 2281 499 2320 non
536 2265 682 2320 licet.
711 2265 913 2320 Eadem
949 2281 981 2318 a
1016 2264 1132 2318 viro
1160 2279 1279 2335 qua:
1305 2264 1373 2317 ab
1407 2279 1573 2318 uxore
1609 2263 1839 2318 debetur
1880 2279 1970 2318 ca-

384 2354 669 2410 stimonia.
700 2354 971 2425 Quidquid
1002 2355 1055 2408 in
1081 2369 1143 2408 ea
1166 2369 1286 2423 qua:
1321 2371 1426 2408 non
1466 2354 1538 2408 sit
1564 2354 1802 2424 legitima
1832 2371 1968 2409 uxor

382 2447 743 2502 commissum
772 2446 953 2512 fuerit,
977 2446 1225 2500 adulterii
1247 2447 1533 2501 danmatur
1556 2447 1801 2502 crimine.
1827 2447 1967 2518 Ergo

381 2540 700 2595 ndvertistis
730 2539 857 2608 quid
886 2539 1126 2594 debeatis
1160 2554 1372 2601 cavere,
1405 2555 1473 2593 ne
1507 2540 1628 2609 quis
1652 2554 1965 2594 sacramen-

385 2633 461 2686 tis
486 2647 548 2685 se
570 2632 847 2701 indignum
882 2632 1136 2700 prazbeat.
1167 2631 1407 2701 Accipite
1444 2632 1605 2687 etiam
1626 2632 1756 2687 illud
1789 2651 1802 2686 :
1840 2633 1965 2702 quia

385 2722 698 2791 huiusmodi
733 2723 1144 2791 intemperantia
1177 2723 1336 2778 solvit
1359 2724 1681 2778 eharitatem
1707 2723 1963 2794 coniugii,

382 2814 654 2885 superbas
695 2814 920 2869 ancillas
946 2812 1095 2879 facit,
1124 2815 1411 2871 iracundas
1431 2823 1730 2882 matronas,
1763 2816 1968 2871 discor-

383 2905 506 2970 des,
555 2916 934 2970 contumaces,
975 2905 1305 2975 concubinas
1332 2920 1624 2977 ,procaees,
1648 2906 1965 2961 inverecun-

384 2998 486 3053 dos
514 2998 760 3052 maritos.
792 2997 961 3051 Simul
992 3005 1050 3051 ut
1071 2997 1138 3051 de
1163 2997 1378 3052 domino
1408 2997 1720 3067 conceperit
1747 2998 1964 3064 ancilla,

383 3089 595 3159 spernit
638 3088 911 3145 dominam
958 3104 1111 3144 suam
1154 3098 1408 3158 tanquam
1455 3088 1619 3142 ditior
1643 3098 1834 3158 partu;
1869 3088 1964 3143 do—

2069 1909 2183 1955 tum
2208 1899 2531 1964 fecunditas,
2559 1896 2713 1966 cuius
2757 1898 2971 1953 fructus
3014 1899 3069 1952 in
3098 1899 3250 1969 prole
3275 1908 3378 1966 est,
3404 1916 3503 1955 nec
3534 1910 3649 1956 tan-

2069 1999 2183 2045 tum
2210 1990 2487 2071 pudicitia,
2515 1989 2670 2061 cuius
2692 1990 2960 2044 vinculum
2981 1997 3066 2045 est
3084 1990 3218 2046 ﬁdes
3237 2040 3249 2057 ,
3270 2006 3460 2046 verum
3483 1992 3646 2047 etiam

2070 2082 2336 2151 quoddam
2354 2096 2503 2136 sacra
2512 2089 2750 2135 mentum
2771 2081 3077 2149 nuptiarum
3094 2081 3508 2136 commendatur
3520 2082 3648 2138 fide-

2069 2169 2542 2242 libusconjugatis.
2575 2170 2732 2226 Unde
2755 2169 2889 2224 dicit
2906 2170 3195 2239 Apostolus
3224 2186 3237 2224 :
3277 2170 3407 2236 Viri,
3439 2172 3644 2242 diligite

2070 2278 2256 2315 uxores
2302 2268 2515 2322 vestras,
2551 2260 2684 2314 sicut
2719 2269 2768 2314 et
2805 2258 3043 2315 Christus
3090 2260 3382 2316 Ecclesium
3419 2260 3642 2333 (Coloss.

2070 2368 2151 2415 ιιι,
2185 2351 2297 2421 l9).
2331 2350 2498 2421 Huius
2532 2351 2714 2421 procul
2746 2352 2908 2406 dubio
2948 2353 3275 2409 sacramenti
3326 2370 3413 2409 res
3454 2365 3558 2421 est,
3586 2363 3648 2410 ut

2070 2443 2341 2499 masculus
2371 2453 2428 2499 ct
2465 2443 2666 2498 femina
2695 2444 2965 2500 connubio
2993 2446 3247 2515 copulati,
3279 2448 3519 2517 quandiu
3558 2449 3640 2503 vi-

2069 2545 2228 2599 vunt,
2248 2534 2677 2604 inseparabiliter
2696 2545 3063 2605 perseverent,
3090 2552 3191 2591 nec
3215 2536 3397 2602 liceat,
3423 2547 3651 2607 excepta.

2069 2643 2232 2683 causa
2286 2625 2680 2690 fornicationis,
2724 2642 2756 2679 a
2810 2626 3039 2697 coniuge
3066 2625 3348 2696 coniugem
3382 2627 3583 2682 dirimi.
3622 2646 3640 2677 ι

2069 2718 2432 2790 Hieronymus
2476 2718 2531 2771 in
2582 2717 2721 2773 libro
2768 2727 2960 2772 contra
3006 2715 3349 2772 Iovinianum
3387 2714 3525 2791 (Lib.
3556 2718 3641 2788 t)’:

2075 2831 2093 2863 ι
2131 2811 2209 2876 Si,
2252 2811 2450 2880 inquit,
2491 2810 2748 2866 Christus
2779 2818 2989 2875 sancte,
3047 2810 3094 2865 si
3156 2818 3330 2877 caste,
3366 2813 3411 2867 si
3442 2811 3647 2881 absque

2070 2902 2174 2955 ulla
2202 2901 2410 2956 macula
2454 2900 2752 2956 Ecclesium
2777 2902 2975 2973 diligit,
3003 2901 3105 2956 viri
3133 2918 3347 2973 quoque
3378 2904 3430 2959 in
3478 2906 3644 2961 casti—

2070 2999 2182 3046 tate
2202 3005 2397 3046 uxores
2424 3007 2550 3046 suas
2570 2991 2825 3062 diligant;
2854 2998 2909 3046 et
2929 2991 3067 3045 sciat
3089 2994 3458 3062 unusquisque
3482 3010 3647 3049 suum

2067 3095 2164 3134 vas
2197 3080 2474 3150 possidere
2506 3079 2562 3133 in
2592 3081 3020 3139 sanctificatione
3052 3090 3103 3136 et
3146 3082 3351 3139 honore
3379 3082 3431 3155 (1
3463 3084 3503 3138 Τ
3504 3085 3653 3141 Itess-

387 3183 535 3238 mina
577 3198 639 3239 se
676 3184 877 3254 despici
925 3183 1098 3247 dolet;
1141 3184 1394 3238 maritum
1433 3192 1713 3266 auctorem
1738 3183 1961 3251 iniuria-

2067 3175 2165 3236 tv).
2198 3147 2221 3222 ὦ
2250 3170 2568 3226 Ambrosius
2612 3171 2666 3225 in
2710 3171 2848 3226 libro
2900 3173 3099 3242 primo,
3126 3173 3280 3242 cuius
3327 3147 3513 3249 titulus
3536 3186 3645 3240 est,

388 3292 506 3330 rum
530 3292 752 3331 suarum
790 3278 985 3348 arguit.
1031 3277 1188 3331 Patet
1214 3291 1402 3347 nempe
1431 3277 1575 3347 quod
1613 3277 1755 3331 inter
1789 3278 1960 3330 virum

385 3375 443 3420 et
480 3382 707 3436 uxorem
739 3367 1146 3437 parpudicitiaa
1192 3366 1385 3431 forma,
1431 3374 1486 3421 et
1533 3365 1829 3437 coniugalis
1861 3365 1963 3419 tori

388 3458 521 3513 fides
555 3459 630 3513 sit
648 3460 1047 3523 conservanda;
1078 3472 1256 3528 neque
1288 3456 1370 3512 fas
1399 3456 1471 3511 sit
1496 3456 1633 3521 viro,
1673 3465 1769 3509 aut
1799 3471 1963 3510 causa

385 3547 574 3617 prolis,
612 3556 706 3603 aut
729 3564 892 3603 causa
922 3547 1150 3602 luxuria:
1177 3563 1299 3601 enm
1320 3547 1514 3612 altera,
1546 3562 1722 3615 neque
1750 3545 1961 3601 mulieri

382 3654 510 3694 cum
538 3639 713 3693 altero
740 3638 1009 3694 vinculum
1032 3637 1315 3709 coniugale
1343 3636 1656 3692 dissolvere.

1005 3749 1232 3805 CAPUT
1276 3749 1340 3803 V.

384 3840 540 3908 Quod
573 3841 670 3896 viri
709 3841 766 3895 in
805 3841 1043 3895 castitate
1069 3857 1257 3894 uxores
1281 3857 1406 3894 suas
1427 3839 1662 3910 diligere,
1690 3840 1866 3910 eisque
1905 3848 1961 3892 ut

449 3922 572 3982 pote
606 3911 716 3966 vasi
741 3911 1020 3980 inﬁrmiori
1046 3911 1294 3965 honorem
1332 3910 1548 3965 debeant
1574 3910 1889 3981 impendere.

450 4027 511 4082 In
541 4025 870 4098 przecedenti
897 4024 1131 4095 capitulo
1161 4024 1228 4078 de
1262 4023 1366 4079 fide
1408 4025 1773 4098 conservanda
1819 4023 1962 4076 inter

379 4118 563 4172 virum
597 4124 653 4170 et
677 4132 900 4171 uxorem
930 4117 1169 4170 breviter
1187 4115 1501 4178 collectum;
1536 4116 1589 4169 in
1616 4095 1721 4168 hoc
1745 4128 1961 4184 quoque

378 4208 633 4277 sequenti
666 4207 733 4262 de
778 4207 1061 4278 diligendis
1083 4222 1113 4260 a
1140 4206 1272 4261 viris
1296 4206 1556 4259 uxoribus
1597 4220 1781 4258 amore
1809 4213 1961 4259 casto

379 4305 553 4354 restat
587 4297 964 4368 colligendum.
996 4297 1217 4367 Legitur
1252 4297 1305 4349 in
1345 4294 1691 4349 Proverbiis:
1725 4293 1804 4349 Sit
1831 4311 1961 4348 vena

376 4401 475 4445 tua
507 4390 799 4454 benedicta,
847 4400 894 4444 et
943 4389 1125 4445 lictore
1175 4406 1293 4443 cum
1335 4387 1553 4442 muliere
1600 4386 1961 4442 adolescentiw

376 4493 507 4535 iure.
570 4478 735 4535 Cerva
797 4480 1133 4545 charissima,
1193 4488 1243 4533 et
1298 4478 1623 4550 gratissimus
1675 4477 1957 4541 hinnulus;

378 4571 544 4624 ubera
598 4570 714 4640 ejus
747 4571 999 4624 inebrient
1050 4579 1097 4622 te
1142 4570 1557 4637 omnitempore,
1609 4575 1657 4620 et
1686 4566 1743 4620 in
1782 4582 1958 4619 amore

379 4663 526 4717 illius
548 4662 804 4717 delectare
819 4663 1021 4733 jugiter
1043 4661 1224 4733 (Prov.
1251 4676 1301 4724 v,
1334 4661 1420 4724 l8,
1455 4659 1562 4723 19).
1594 4658 1660 4713 Et
1689 4658 1742 4713 in
1772 4658 1958 4712 Eccle-

380 4753 549 4807 siaste
582 4771 595 4805 :
622 4751 905 4825 Perfruere
939 4751 1043 4805 rita
1072 4766 1188 4803 cum
1223 4765 1385 4803 uxore
1415 4764 1573 4819 quam
1605 4746 1801 4817 diligis,
1830 4762 1958 4799 cun-

376 4846 479 4896 ctis
505 4842 685 4895 diebus
718 4841 837 4895 vitw
861 4839 1219 4894 instabilitatis
1249 4849 1377 4904 tute,
1413 4839 1502 4908 qui
1551 4838 1663 4891 dati
1701 4846 1820 4890 sunt
1865 4837 1957 4889 tibi

377 4932 478 4985 sub
502 4931 630 4995 sole,
654 4931 796 4984 omni
833 4940 1062 4999 tempore
1090 4929 1333 4984 vanitatis
1381 4940 1485 4982 tua:
1516 4927 1741 4998 (Eccles.
1770 4944 1842 4988 Ix,
1877 4926 1954 4997 9).

380 5024 580 5078 Petrus
612 5038 742 5077 vero
764 5021 1056 5093 Apostolus
1083 5022 1161 5075 ait
1189 5038 1202 5075 ε
1244 5020 1360 5074 Viri
1388 5019 1627 5074 similiter
1653 5019 1960 5073 cohabitan-

377 5124 459 5168 tes
496 5113 783 5167 secundum
808 5112 1105 5176 scientiam,
1147 5112 1297 5182 quasi
1326 5109 1607 5180 inﬁrmiori
1633 5110 1745 5179 vasi
1769 5107 1958 5161 mulie-

377 5206 465 5259 bri
493 5204 840 5274 impertientes
877 5202 1158 5266 honorem;
1190 5214 1437 5272 tanquam
1460 5198 1959 5268 colta’redibusgra-

376 5298 473 5352 tia:
587 5299 725 5360 title,
782 5303 842 5348 ut
895 5310 999 5347 non
1046 5291 1399 5363 impediantur
1450 5289 1709 5343 orationes
1776 5300 1957 5341 vestra:

377 5389 434 5463 (1
461 5386 610 5443 Petr.
634 5403 721 5453 ιιι,
748 5386 825 5459 7).
850 5385 1049 5441 Paulus
1075 5397 1290 5454 quoque
1318 5400 1331 5436 :
1370 5380 1508 5446 Viri,
1532 5379 1724 5448 inquit,
1755 5378 1955 5441 diligite

376 5499 575 5541 uxores
616 5491 833 5547 vestras,
862 5480 995 5535 sicut
1052 5489 1101 5532 et
1143 5473 1380 5529 Christus
1419 5471 1706 5528 Ecclesium
1730 5464 1950 5540 (Ephes.

388 5595 445 5643 v,
476 5576 550 5633 25
578 5572 620 5643 ).
660 5570 814 5637 Item,
866 5570 1004 5625 idem
1036 5585 1048 5621 :
1080 5564 1249 5620 Nemo
1296 5563 1434 5617 enim
1474 5575 1705 5632 unquam
1747 5572 1955 5613 carnem

374 5681 536 5721 suam
577 5662 699 5718 odio
730 5658 1053 5724 habuit.sed
1085 5655 1247 5711 nutrit
1290 5664 1336 5709 et
1377 5653 1508 5725 fovet
1562 5667 1674 5707 eam
1728 5662 1746 5700 :
1790 5648 1864 5702 ita
1906 5656 1953 5702 et

457 5789 484 5817 ⁸
516 5775 593 5833 De
623 5775 780 5847 ant.
805 5786 859 5830 ct
879 5774 1140 5842 Cosmi»,
1165 5784 1283 5839 cap.
1317 5769 1370 5823 9.

1986 4527 2037 4588 D

2064 3262 2140 3316 De
2177 3262 2452 3317 Abraham
2486 3280 2500 3316 :
2532 3262 2621 3317 ubi
2670 3261 2913 3331 eiusdem
2940 3263 3172 3333 Abraha:
3218 3266 3645 3336 hospitalitatem

2062 3369 2224 3423 quam
2267 3352 2472 3424 angelis
2506 3353 2771 3419 exhibuit,
2803 3354 3063 3410 describit
3090 3354 3245 3425 (Cen.
3277 3373 3432 3420 xvut,
3467 3358 3542 3429 6),
3567 3359 3651 3413 ita:

2062 3444 2194 3499 dicit
2217 3443 2354 3515 (Lib.
2392 3460 2435 3509 ι,
2459 3460 2574 3515 cap.
2600 3444 2655 3515 5)
2685 3449 2698 3498 ξ
2734 3465 2751 3495 ι
2788 3446 2856 3500 Ει
2906 3446 3043 3502 dixit
3098 3446 3248 3502 Sara:
3278 3467 3290 3501 :
3325 3447 3564 3513 Festina,
3592 3462 3640 3504 et

2061 3553 2340 3607 consperge
2395 3547 2499 3591 tres
2540 3554 2811 3592 mensuras
2858 3539 3193 3610 similaginis,
3223 3550 3271 3594 et
3298 3541 3385 3611 [ac
3406 3544 3640 3598 subcinc-

2062 3631 2205 3684 ritia.
2222 3630 2400 3685 Bonus
2426 3630 2659 3685 maritus
2687 3640 2960 3686 exsortem
2986 3632 3224 3701 religiosi
3251 3634 3494 3691 muneris
3518 3650 3641 3691 esse

2063 3740 2170 3779 non
2220 3725 2423 3794 patitur
2449 3739 2704 3790 uxorem;
2737 3740 2837 3779 nec
2863 3740 3026 3779 avare
3071 3726 3174 3780 sibi
3228 3734 3401 3781 totum
3443 3744 3641 3782 munus

2061 3827 2304 3888 usurpat.
2336 3817 2502 3872 Recte
2532 3818 2695 3889 igitur
2721 3826 2777 3871 et
2804 3818 3019 3889 pietatis
3041 3827 3098 3873 et
3122 3818 3459 3873 verecundiae
3478 3833 3655 3874 causa.

2062 3920 2327 3966 servatur.
2381 3909 2535 3977 Quod
2590 3910 2806 3981 pietatis
2847 3920 2951 3975 est,
3008 3910 3123 3966 vult
3157 3926 3276 3965 esse
3314 3925 3635 3975 commune;

2062 4002 2202 4072 quod
2227 4002 2448 4072 pudoris
2490 4009 2589 4062 est,
2622 4000 2891 4069 integrum
2931 4008 3113 4054 manet
3136 3998 3311 4054 Sane.
3358 3999 3499 4054 Ante
3559 4008 3639 4053 ta-

2062 4094 2414 4151 bernaculum
2436 4095 2523 4147 vir
2547 4094 2820 4163 hospitum
2847 4093 3095 4165 explorat
3141 4093 3464 4158 adventum;
3496 4093 3643 4147 intra
3695 4107 3701 4113 '

2063 4186 2468 4243 tabernaculum
2497 4186 2630 4241 Sara
2673 4194 2855 4240 tuetur
2892 4186 3104 4241 feminze
3142 4186 3552 4251 verecundiam,
3581 4194 3636 4241 et

2061 4295 2222 4350 opera
2258 4279 2541 4335 muliebria
2582 4287 2697 4335 toto
2727 4288 2946 4334 exercet
2975 4279 3196 4349 pudore.
3225 4278 3380 4336 Foris
3409 4282 3657 4337 maritus.

2062 4372 2275 4436 invitat,
2290 4372 2435 4426 intus
2450 4370 2584 4425 Sara
2605 4371 2834 4425 adornat
2851 4369 3155 4424 convivium
3173 4386 3187 4433 ;
3204 4385 3304 4425 nec
3327 4369 3498 4426 solum
3523 4370 3643 4440 ipse

2065 4465 2280 4519 festinat
2298 4463 2591 4527 Abraham,
2609 4462 2702 4517 sed
2731 4462 2891 4516 etiam
2915 4460 3276 4516 festinandum
3306 4461 3438 4516 dicit
3456 4462 3649 4527 uxori,

2063 4554 2263 4610 sociam
2295 4553 2595 4607 devotionis
2622 4539 2933 4616 ostendens,
2966 4567 3064 4606 nec
3093 4552 3195 4606 lide
3222 4551 3510 4621 disparem.
3540 4572 3560 4604 ι

2134 4645 2236 4713 Qui
2265 4661 2394 4716 ergo
2437 4646 2608 4714 magis
2641 4643 3097 4714 pulchritudinem
3127 4644 3387 4712 corporis,
3413 4652 3469 4699 et
3490 4643 3636 4698 desi-

2062 4738 2272 4794 derium
2309 4736 2600 4806 voluptatis
2636 4751 2798 4804 quam
2839 4734 3089 4789 decorem
3123 4734 3321 4788 montis
3358 4733 3413 4787 in
3456 4733 3638 4787 uxori-

2062 4831 2163 4885 bus
2201 4829 2448 4899 diligunt,
2496 4827 2717 4897 audiant
2753 4825 2882 4895 quid
2928 4822 3183 4894 praefatus
3219 4822 3540 4878 Ambrosius
3582 4824 3634 4877 in

2061 4930 2361 4979 memorato
2379 4920 2552 4991 primo
2568 4920 2705 4973 libro
2728 4918 2872 4972 dicat
2891 4916 3029 4987 (Lib.
3052 4932 3093 4979 ι,
3115 4912 3231 4986 capi
3254 4914 3309 4987 2)
3330 4934 3342 4968 :
3363 4935 3381 4967 ι
3404 4915 3636 4970 Docetur

2060 5017 2287 5086 quisque
2315 5029 2420 5069 non
2451 5026 2776 5083 magnopere
2801 5011 3051 5064 decorem
3072 5008 3422 5078 quaerendum
3446 5003 3634 5072 coniu-

2061 5109 2162 5177 gis,
2205 5106 2296 5176 qui
2325 5105 2442 5160 viro
2468 5103 2783 5174 plerumque
2815 5115 2998 5155 necem
3052 5100 3274 5170 gignere
3324 5097 3483 5153 solet.
3515 5094 3633 5150 Non

2058 5200 2203 5255 enim
2252 5207 2361 5252 tam
2404 5193 2747 5265 pulchritudo
2802 5190 3044 5245 mulieris
3081 5205 3244 5260 quam
3290 5188 3463 5243 virtus
3513 5183 3643 5254 eius

2058 5297 2115 5344 et
2155 5270 2395 5359 gravitas
2440 5284 2669 5341 delectat
2697 5282 2890 5336 virum.
2924 5281 3024 5348 Qui
3068 5280 3390 5336 suavitatem
3438 5276 3636 5347 quierit

2060 5378 2311 5450 coniugii,
2338 5391 2444 5431 non
2472 5373 2805 5445 superiorem
2828 5388 2992 5427 censu
3025 5370 3227 5424 ambiat
3249 5384 3412 5439 quam
3446 5383 3634 5425 neces—

2060 5473 2250 5526 sitates
2276 5484 2381 5523 non
2416 5473 2635 5522 teneant
2672 5463 2978 5527 maritales‘;
3028 5476 3133 5515 non
3164 5459 3454 5515 monilibus
3471 5474 3641 5516 orna-

2063 5574 2195 5627 tam,
2224 5561 2318 5616 sed
2347 5557 2607 5615 moribus.
2639 5574 2657 5608 ι
2685 5553 3017 5625 Augustinus
3044 5551 3098 5605 in
3118 5550 3257 5605 libro
3285 5550 3351 5606 de
3373 5549 3636 5605 Sermone

2014 5654 2018 5658 ’
2064 5653 2271 5712 Domini
2298 5652 2351 5708 in
2367 5658 2550 5707 monte
2579 5647 2730 5722 (Cap.
2764 5644 2851 5712 15)
2886 5663 2899 5699 :
2936 5662 2955 5695 ι
2984 5642 3280 5709 Invenitur,
3312 5643 3503 5706 ἰωῇ-δῖε,
3536 5642 3639 5696 bo~
