4008 6192
420 316 509 374 UO
1472 306 1665 362 305115
1707 304 1991 360 AUREUA

2097 303 2256 359 [NSIS
2296 296 2592 357 l‘lPiSCOl‘l
3558 293 3657 357 l3"

416 446 513 488 nus
538 406 876 481 Christianus
904 423 1127 493 diligere
1181 422 1234 474 in
1273 438 1376 475 una
1425 421 1621 475 femina
1674 426 1981 477 creaturam
2010 421 2058 479 A
2085 432 2299 486 quoque
2338 416 2667 486 Augustinus
2714 417 2766 469 in
2822 416 2958 471 libro
2979 416 3029 481 δ,
3058 432 3214 487 quem
3274 420 3339 471 ad
3395 416 3654 472 Valerium
3745 420 3755 431 '

416 520 528 583 llei,
560 534 719 584 quam
752 515 998 571 renovari
1034 520 1091 567 et
1128 511 1413 567 reformari
1444 511 1750 573 desiderat;
1801 508 1983 563 odisse

412 620 591 665 autem
637 606 1079 675 coniunctionem
1111 603 1619 675 copulationemque
1657 599 1985 669 corruptibi-

410 701 514 755 leni
547 709 708 770 atque
742 695 1049 760 mortalem,
1078 695 1182 750 hoc
1225 704 1311 749 est
1354 693 1579 765 diligere
1622 693 1677 747 in
1733 706 1795 746 ea
1842 690 1985 760 quod

410 791 572 845 homo
609 798 714 854 est,
737 787 918 842 odisse
957 786 1102 857 quod
1149 800 1287 843 uxor
1312 793 1417 840 est.
1451 803 1471 835 ›
1507 784 1575 838 Ει
1618 782 1777 853 paulo
1815 790 1937 851 post
1967 799 1980 835 :

416 902 431 929 ι
468 880 652 935 Potest
673 877 837 949 igitur
861 875 1205 931 Christianus
1231 891 1353 930 cum
1380 872 1609 944 conjuge
1643 871 1985 928 concorditer

410 973 587 1025 virere
609 989 621 1022 :
642 970 757 1025 sive
783 967 1167 1039 indulgentiam
1192 964 1460 1021 carnalem
1483 979 1604 1017 cum
1626 978 1687 1017 ca
1710 959 1981 1030 suppleas,

408 1063 550 1132 quod
595 1061 888 1117 secundum
932 1059 1163 1123 veniam,
1218 1073 1324 1111 non
1375 1055 1668 1110 secundum
1721 1052 1983 1113 debitum,

408 1153 539 1208 dicit
559 1150 880 1223 Apostolus:
925 1150 1039 1204 sive
1074 1147 1308 1203 ﬁliorum
1349 1144 1813 1216 propagationem,
1840 1141 1983 1210 quod

402 1245 518 1317 iam
546 1244 804 1299 nonnullo
838 1244 1005 1312 gradu
1032 1249 1210 1313 potest
1238 1256 1358 1295 esse
1389 1237 1689 1305 laudabile;
1723 1237 1835 1291 sive
1868 1234 1982 1291 fra-

411 1349 618 1394 ternam
644 1339 958 1393 societatem
986 1336 1102 1390 sine
1129 1332 1236 1389 ulla
1260 1347 1546 1404 corporum
1572 1329 1947 1385 commistione
1966 1368 1982 1391 ,

409 1428 612 1483 habens
640 1441 862 1482 uxorem
921 1432 1179 1496 tanquam
1225 1437 1331 1476 non
1363 1421 1590 1487 habens,
1638 1419 1783 1489 quod
1812 1426 1895 1472 est
1931 1419 1983 1472 in

408 1521 658 1592 coniugio
683 1519 1119 1575 Christianorum
1157 1513 1672 1571 excellentissimum
1709 1519 1871 1581 atque
1893 1525 1986 1562 su-

409 1613 571 1668 blime
594 1631 606 1665 :
629 1621 689 1667 ut
729 1622 905 1667 tamen
936 1609 1111 1663 oderit
1142 1609 1194 1661 in
1228 1622 1291 1661 ea
1321 1620 1515 1661 nomen
1544 1602 1864 1672 temporalis
1895 1618 1985 1656 ne-

408 1702 698 1767 cessitatis,
727 1711 781 1756 et
811 1700 996 1770 diligat
1022 1698 1361 1768 sempiternae
1389 1694 1759 1750 beatitudinis.
1794 1713 1811 1743 ι
1840 1692 1985 1747 Scri-

2081 511 2336 567 comitem
2375 510 2583 575 scribit,
2615 525 2891 579 exponens
2932 512 3255 566 sententiam
3299 506 3447 565 Pauli
3480 528 3493 565 :
3526 510 3656 570 "me

2082 612 2159 654 est
2196 601 2331 655 enim
2361 600 2598 655 voluntas
2628 601 2724 654 Dei
2775 603 3120 671 sanctiﬁcatio
3169 613 3356 668 vestra,
3401 603 3659 658 abstinere

2082 708 2167 746 vos
2195 710 2226 745 a
2250 691 2615 763 fornicatione,
2645 701 2701 746 ut
2724 694 2855 746 sciat
2877 695 3229 765 unusquisque
3253 706 3478 749 uestrum
3503 712 3657 750 suum

2082 803 2170 842 vas
2206 784 2470 854 possidere
2527 785 2584 838 in
2629 785 3048 854 sanctiﬁcatione
3080 795 3137 851 ~et
3191 787 3403 850 honore,
3453 804 3557 841 non
3602 790 3659 842 in

2083 877 2261 931 morbo
2295 876 2572 941 desiderii,
2616 877 2751 947 sicut
2777 887 2827 930 et
2862 887 3037 947 gentes
3066 893 3182 947 quae
3206 879 3449 947 ignorant
3489 879 3656 934 Deum

2084 968 2137 1040 (Ι
2164 967 2342 1022 Thess.
2371 985 2442 1033 IV,
2466 966 2521 1037 5)
2559 986 2571 1021 :
2606 968 2681 1022 ita
2710 967 2844 1023 dicit
2876 987 2887 1021 :
2926 987 2943 1017 ‹
2982 966 3098 1021 Non
3127 967 3299 1022 solum
3334 969 3503 1039 igitur
3528 984 3659 1023 con-

2077 1061 2296 1130 iugatus
2329 1059 2500 1115 ﬁdelis
2537 1075 2667 1114 vase
2696 1074 2802 1114 non
2848 1058 3022 1114 utitur
3059 1058 3258 1124 alieno,
3283 1061 3425 1122 quod
3453 1059 3658 1115 faciunt

2084 1169 2114 1208 a
2134 1152 2331 1224 quibus
2365 1167 2563 1207 uxores
2596 1160 2921 1223 appetuntur
2947 1151 3173 1217 alienae;
3219 1152 3312 1207 sed
3350 1168 3449 1208 nec
3483 1153 3656 1223 ipsum

2082 1243 2360 1313 proprium
2407 1243 2462 1299 in
2518 1241 2967 1313 concupiscentiae
3008 1241 3241 1297 carnalis
3278 1242 3471 1296 morbo
3494 1244 3661 1313 possi-

2083 1332 2317 1387 dendum
2343 1331 2501 1386 sciat.
2544 1329 2697 1399 Quod
2719 1346 2826 1386 non
2861 1331 2941 1386 sic
2976 1329 3347 1400 accipiendum
3395 1340 3496 1397 est,
3541 1341 3661 1386 tan-

2084 1437 2245 1492 quam
2291 1423 2627 1492 prohibuerit
2671 1422 2958 1492 Apostolus
3013 1420 3348 1494 coniugalem
3373 1464 3388 1488 ,
3429 1423 3531 1478 hoc
3574 1433 3685 1479 est-

2084 1514 2290 1570 licitum
2321 1515 2712 1583 honestumque
2751 1515 3131 1580 concubitum;
3169 1515 3263 1571 sed
3303 1523 3365 1571 ut
3401 1517 3504 1572 iste
3528 1532 3661 1573 cnn-

2085 1608 2319 1671 cubitus,
2345 1608 2435 1676 qui
2484 1606 2615 1661 nihil
2644 1606 2900 1661 morbida:
2927 1607 3166 1662 libidinis
3216 1607 3443 1663 haberet
3467 1608 3662 1679 adiun-

2093 1709 2256 1758 ctum,
2300 1698 2345 1752 si
2386 1712 2490 1752 non
2535 1697 2870 1765 pmcedente
2899 1705 3120 1767 peccato
3143 1684 3196 1752 in
3225 1713 3291 1753 eo
3318 1699 3570 1769 periisset
3600 1699 3663 1752 li~

408 1792 489 1846 bit
522 1793 686 1847 etiam
710 1792 849 1846 idem
880 1790 947 1844 ad
984 1789 1255 1844 Valerium
1294 1786 1545 1841 comitem
1576 1796 1599 1824 α
1632 1826 1644 1837 .
1676 1784 1831 1838 Absit
1855 1798 1984 1853 ergo
2012 1787 2057 1845 B
2086 1789 2310 1846 hex-tatis
2369 1788 2686 1853 arbitrium;
2728 1787 2870 1857 quod
2928 1803 3071 1843 nunc
3112 1788 3234 1844 ideo
3262 1788 3425 1844 habet
3465 1788 3660 1857 adjun-

412 1890 470 1934 nt
521 1881 695 1937 ﬁdelis
742 1883 925 1945 homo,
958 1895 1080 1935 cum
1129 1878 1278 1933 audit
1331 1879 1399 1933 ab
1458 1874 1736 1947 Apostolo,
1774 1874 1987 1944 Diligite

410 1993 599 2030 uxores
621 1986 818 2030 vestras
853 1973 1072 2046 (Coloss.
1100 1989 1185 2037 ιιι,
1216 1970 1329 2041 19),
1347 1969 1839 2040 concupiscentiam
1868 1982 1987 2020 car-

414 2068 499 2122 nis
546 2067 732 2138 diligat
781 2068 833 2121 in
875 2081 1062 2129 uxore,
1096 2080 1257 2134 quam
1292 2078 1392 2117 nec
1418 2062 1473 2116 in
1507 2062 1683 2131 seipse
1710 2059 1869 2114 debet
1907 2058 1987 2114 di-

412 2162 601 2232 ligcre,
633 2160 857 2215 audiens
905 2158 1135 2215 alterum
1160 2154 1477 2225 Apostolum
1508 2167 1522 2207 :
1556 2150 1735 2205 Nolite
1773 2150 1988 2219 diligere

411 2252 687 2317 "modum,
730 2262 779 2306 et
820 2268 912 2306 nec
960 2266 1022 2304 ea
1076 2265 1193 2319 qua:
1230 2248 1286 2301 in
1328 2245 1524 2300 mundo
1566 2252 1688 2298 sunt
1728 2241 1779 2313 (Ι
1824 2241 1983 2296 Joan.

407 2359 467 2410 tl,
497 2342 607 2414 15).
646 2362 665 2395 ι

480 2432 825 2501 Perpendant
850 2432 1035 2500 itaque
1056 2427 1351 2499 coniugati,
1377 2428 1520 2498 quod
1550 2428 1688 2483 sicut
1706 2428 2010 2498 praemissa,

408 2522 731 2576 documenta
778 2519 1079 2582 declarant,
1110 2518 1352 2574 exterior
1378 2517 1741 2588 pulchritudo,
1778 2528 1834 2574 et
1869 2533 1989 2573 car-

412 2611 551 2667 nalis
576 2627 802 2666 uxorum
826 2610 1132 2676 delectatio,
1155 2624 1343 2664 earum
1366 2609 1610 2664 interiori
1637 2617 1789 2664 casto
1815 2610 1988 2664 amori

410 2704 717 2763 nullatenus
745 2706 815 2762 sit
842 2704 1198 2776 pratferenda.
1232 2703 1350 2761 Non
1386 2712 1511 2759 sunt
1539 2704 1703 2774 igitur
1731 2704 1783 2758 in
1808 2703 1991 2758 uxori-

412 2800 514 2854 bus
542 2799 742 2853 divitia:
775 2808 981 2853 tantum
1012 2806 1065 2853 et
1089 2798 1458 2870 pulchritudo,
1492 2798 1585 2852 sed
1621 2797 1801 2867 potius
1837 2797 1989 2866 pudi-

413 2889 560 2952 citia,
596 2896 650 2947 et
677 2904 887 2949 morum
918 2889 1162 2963 probitas
1190 2888 1501 2958 quaerenda.

1019 2998 1247 3056 CAPUT
1287 2999 1373 3055 Vl.

414 3088 567 3155 Quod
592 3104 712 3142 cum
734 3090 983 3144 uxoribus
1010 3091 1180 3145 carnis
1217 3085 1535 3153 coﬁimistio,
1560 3089 1731 3157 gratia
1757 3088 1872 3157 ﬁeri
1895 3087 1988 3142 de-

818 3161 933 3215 beat
956 3158 1138 3229 prolis,
1172 3176 1275 3215 non
1304 3158 1602 3230 voluptatis.

483 3267 720 3324 Audiant
745 3267 849 3325 hoc
876 3266 1060 3342 ﬁdeles
1103 3265 1399 3338 coniugati,
1447 3265 1591 3338 apud
1632 3283 1768 3340 quos
1794 3269 1848 3323 in
1900 3284 1992 3324 ex-

414 3358 606 3435 plenda
645 3374 770 3412 cum
819 3358 1081 3414 uxoribus
1109 3359 1312 3413 carnali
1338 3360 1631 3429 voluptate,
1657 3376 1795 3430 pene
1835 3361 1991 3430 quid.

415 3449 543 3519 quid
572 3448 787 3504 libitum
828 3457 933 3518 est,
972 3446 1179 3504 licitum
1222 3458 1444 3523 putatur
1476 3470 1488 3505 :
1528 3453 1671 3521 quod
1697 3468 1805 3507 non
1832 3469 1992 3523 expe—

416 3539 529 3593 diat
550 3538 630 3593 eis
652 3538 948 3593 secundum
967 3539 1126 3593 ritum
1144 3539 1382 3610 gentium
1397 3556 1515 3609 qua:
1530 3541 1777 3610 ignorant
1800 3541 1991 3606 Deum,

417 3630 472 3688 in
510 3630 699 3684 morbo
747 3629 1001 3686 desiderii
1030 3646 1156 3689 vasa
1193 3647 1310 3696 sua,
1355 3633 1408 3687 id
1439 3642 1520 3687 est
1552 3632 1806 3703 coniuges
1847 3649 1991 3698 suas,

417 3720 511 3779 sed
538 3721 591 3775 in
620 3722 1050 3778 sanctiﬁcatione
1076 3731 1132 3778 et
1170 3723 1378 3781 honore
1402 3724 1699 3795 possidere,
1728 3725 1870 3780 sicut
1890 3724 1996 3794 ple-

416 3812 639 3867 nissime
681 3823 989 3868 sanctorum
1016 3813 1240 3869 Patrum
1279 3815 1602 3870 documenta
1635 3817 1877 3875 subnexa
1909 3816 1995 3872 de~

417 3911 640 3967 clarant.
713 3910 1071 3982 Hieronymus
1129 3914 1182 3967 in
1251 3913 1588 3982 expositione
1654 3912 1997 3968 Ecclesiastm

419 3998 570 4070 (Cap.
594 4015 676 4064 In,
707 3998 763 4071 5)
794 4019 805 4053 :
851 4020 868 4052 ι
907 4000 1085 4055 Nolite
1107 4000 1380 4069 fraudare,
1409 4002 1604 4072 inquit,
1631 4002 1869 4065 invicem,
1896 4001 1996 4056 nisi

420 4095 551 4165 {orte
601 4112 667 4149 ex
710 4111 963 4149 consensu
1026 4097 1095 4149 ad
1147 4106 1366 4166 tempus,
1425 4105 1480 4150 ut
1531 4096 1718 4149 vacetis
1771 4095 1996 4149 orationi

420 4185 467 4256 (I
495 4183 617 4239 Cor.
652 4202 748 4250 vn,
786 4185 863 4258 5).
891 4186 1102 4240 Liberis
1144 4186 1367 4241 scilicet‘
1390 4186 1620 4241 dandam
1664 4201 1904 4257 operam,
1944 4194 2000 4240 et

425 4285 638 4336 rnrstlm
667 4276 1031 4332 continentiae.
1061 4296 1079 4326 ι
1108 4277 1238 4331 Item
1265 4277 1403 4330 idem
1434 4276 1488 4330 in
1514 4276 1849 4346 expositione
1875 4276 2000 4344 Epi-

424 4364 572 4422 stolas
618 4365 684 4419 ad
729 4365 968 4429 Galatas,
1009 4365 1407 4419 immunditiam
1461 4374 1516 4420 et
1561 4365 1828 4419 luxuriam
1886 4374 1996 4419 tra-

431 4465 605 4519 ctans,
634 4457 708 4509 ita
756 4456 887 4510 dicit
921 4471 936 4508 :
973 4476 990 4506 ι
1034 4454 1288 4524 Sequitur
1325 4456 1467 4509 enim
1496 4456 1888 4513 immunditiam
1911 4471 1999 4510 co-

430 4563 542 4605 mes
570 4548 801 4601 luxuria.
825 4548 1103 4615 Quomodo
1148 4548 1291 4602 enim
1322 4548 1373 4603 in
1401 4548 1566 4602 veteri
1590 4548 1705 4616 lege
1732 4547 1797 4601 de
1816 4547 2001 4603 nel'an-

434 4639 516 4695 dis
543 4638 882 4703 criminibus,
906 4654 1025 4708 ipse
1052 4639 1105 4692 in
1131 4637 1340 4692 occulto
1378 4637 1532 4701 liunt,
1560 4644 1613 4691 et
1634 4653 1695 4691 ea
1720 4636 1999 4692 nominare

430 4728 798 4797 turpissimum
837 4739 938 4794 est,
964 4744 1031 4782 ne
1056 4736 1111 4783 et
1136 4727 1365 4782 dicentis
1393 4743 1454 4782 os
1500 4735 1554 4782 et
1595 4742 1754 4782 aures
1780 4728 2002 4781 audien-

426 4820 556 4877 tium
595 4818 986 4889 polluerentur,
1030 4818 1358 4890 generaliter
1409 4818 1687 4887 Scriptura
1720 4818 2000 4889 complexa

426 4921 507 4972 est
543 4913 775 4968 dicens:
816 4911 1166 4977 l’erecundos,
1216 4912 1291 4967 vel
1334 4921 1616 4965 reverentes
1664 4911 1820 4980 facile
1859 4910 1997 4978 ﬁlios

430 5004 601 5064 Israel
629 5006 694 5060 ab
725 5004 865 5058 onmi
891 5004 1224 5058 immunditia
1257 5018 1274 5055 :
1304 4996 1381 5058 sic
1417 5004 1469 5056 in
1498 5002 1601 5061 hoc
1635 5003 1752 5057 loco
1774 5012 1999 5057 ceteras

426 5094 887 5153 extraordinarias
936 5094 1258 5164 voluptates,
1288 5093 1527 5163 ipsarum
1570 5107 1785 5162 quoque
1831 5106 1997 5161 opera

422 5186 758 5260 nuptiarum,
790 5184 833 5239 si
861 5200 964 5238 non
987 5183 1292 5239 verecunde
1313 5192 1509 5237 etcum
1543 5182 1825 5237 honestate
1846 5181 2000 5249 quasi

427 5281 527 5338 sub
555 5279 724 5335 oculis
773 5278 866 5332 Dei
921 5279 1073 5340 ﬁant,
1123 5285 1181 5330 ut
1235 5282 1444 5330 tantum
1485 5273 1668 5329 liberis
1706 5273 1994 5334 serviatur,

430 5373 850 5436 immunditiam,
883 5381 938 5427 et
968 5369 1235 5425 luxuriam
1283 5367 1603 5422 nominavit.
1643 5387 1660 5417 ι
1696 5365 2000 5419 Notandum

426 5470 568 5543 quod
606 5470 780 5524 coitus
831 5485 951 5523 cum
985 5482 1174 5530 uxore,
1204 5465 1307 5519 nisi
1356 5479 1516 5518 causa
1560 5461 1727 5532 prolis
1768 5458 1880 5521 ﬁat,
1912 5457 2006 5511 im-

429 5561 692 5625 munditia
737 5569 794 5614 et
833 5560 1043 5613 luxuria
1080 5559 1146 5611 ab
1172 5554 1429 5627 Apostolo
1454 5555 1778 5608 nominetur.
1803 5549 2005 5606 Beatus

500 5688 526 5716 ε
550 5677 621 5727 De
654 5673 812 5741 Nupt.
847 5684 901 5727 et
934 5671 1196 5739 Concup.,
1228 5685 1348 5739 cap.
1388 5667 1474 5741 l8.

500 5746 534 5794 ι
559 5746 632 5809 De
660 5739 869 5821 Nuptiis
897 5754 951 5804 et
978 5742 1239 5813 C0ncup.,
1274 5754 1392 5811 cap.
1425 5739 1476 5793 8.

2090 1888 2257 1942 ctum,
2289 1887 2476 1933 utnon
2506 1879 2577 1933 sit
2603 1870 2773 1933 causa
2794 1878 3107 1948 voluptatis,
3145 1880 3241 1934 sed
3287 1880 3658 1947 necessitatis;

2090 1969 2223 2033 sine
2254 1984 2359 2038 qua
2411 1978 2589 2023 tamen
2631 1968 2685 2022 in
2735 1970 3085 2038 procreandis
3133 1969 3257 2029 ﬁliis
3305 1972 3374 2026 ad
3420 1970 3660 2027 fructum

2090 2060 2363 2131 perveniri
2387 2075 2493 2115 non
2510 2069 2690 2130 potest
2712 2061 2880 2131 ipsius
2902 2061 3223 2117 voluntatis:
3240 2062 3617 2133 quzevolnptas
3635 2076 3658 2103 ε

2090 2153 2144 2207 in
2175 2152 2459 2207 connubiis
2491 2151 2752 2218 ﬁdelium,
2789 2163 2892 2207 non
2920 2167 2986 2207 eo
3011 2153 3118 2208 ﬁne
3158 2155 3577 2215 determinatur,
3608 2165 3669 2211 ut
3694 2184 3707 2195 ι

2091 2241 2369 2295 transituri
2412 2240 2506 2297 ﬁlii
2557 2250 2849 2296 nascantur
2896 2243 2953 2298 in
3012 2244 3208 2301 szeeulo
3264 2246 3412 2311 isto,
3467 2246 3560 2300 sed
3607 2256 3671 2301 ut

2090 2334 2429 2403 permansuri
2470 2342 2825 2389 renascantur
2859 2335 2914 2389 in
2943 2334 3179 2392 Christo.
3209 2336 3361 2406 Quod
3402 2338 3447 2392 si
3473 2353 3667 2408 prove-

2092 2423 2253 2489 nerit,
2285 2439 2494 2481 merces
2522 2425 2628 2479 erit
2658 2424 2726 2480 de
2751 2426 2999 2498 coniugio
3042 2427 3214 2499 plenae
3260 2429 3567 2495 ﬁdelitatis;
3617 2432 3670 2485 si

2091 2525 2269 2573 autem
2292 2534 2396 2574 non
2418 2520 2750 2589 provenerit,
2774 2536 2880 2592 pax
2905 2523 3011 2577 erit
3043 2522 3359 2593 coniugibus
3395 2527 3551 2581 bonae
3573 2542 3673 2580 vo-

2090 2610 2330 2665 luntatis.
2361 2609 2473 2667 Hac
2498 2610 2794 2667 intentione
2827 2614 3007 2669 cordis
3028 2616 3118 2685 qui
3156 2632 3311 2670 suum
3358 2633 3454 2672 vas
3492 2618 3670 2687 possi-

2091 2702 2203 2767 det,
2236 2702 2289 2757 id
2316 2713 2400 2758 est
2431 2704 2713 2775 coniugem
2736 2721 2913 2770 suam,
2944 2708 3130 2776 procul
3165 2708 3326 2764 dubio
3355 2708 3459 2767 non
3486 2711 3669 2780 possi—

2091 2794 2184 2851 det
2213 2796 2265 2850 in
2297 2797 2488 2851 morbo
2528 2797 2777 2851 desiderii
2806 2798 2947 2852 sicut
3001 2808 3211 2871 gentes,
3254 2817 3373 2871 qua:
3417 2802 3676 2872 ignorant

2092 2877 2282 2951 Deum,
2308 2886 2402 2942 scd
2426 2887 2478 2941 in
2508 2886 2939 2943 sanctiﬁcatione
2964 2899 3019 2943 et
3043 2891 3270 2957 honore,
3290 2889 3432 2945 sicut
3458 2889 3668 2954 ﬁdeles,

2092 2979 2184 3052 qui
2225 2987 2447 3048 sperant
2486 2978 2538 3031 in
2576 2978 2765 3033 Deum.
2816 2979 2911 3034 lllo
2958 2981 3154 3051 quippe
3214 2982 3679 3052 concupiscentia:

2092 3072 2235 3128 malo
2264 3071 2436 3127 utitur
2466 3072 2651 3136 homo,
2685 3088 2791 3127 non
2826 3073 3080 3138 vincitur,
3109 3074 3327 3143 quando
3374 3089 3495 3128 eam
3526 3074 3679 3128 inor—

2019 3156 2063 3218 C
2095 3165 2294 3221 dinatis
2342 3173 2503 3235 atque
2533 3163 2804 3219 indecoris
2848 3164 3082 3219 motibus
3126 3154 3443 3221 aestuantem
3489 3163 3684 3221 frenat

2091 3267 2145 3312 et
2185 3256 2436 3321 cohibet;
2496 3271 2599 3310 nec
2647 3255 2749 3309 nisi
2790 3256 3073 3326 prepagini
3128 3256 3416 3311 consulens
3464 3256 3684 3311 relaxat

2092 3358 2255 3419 atque
2286 3346 2522 3412 adhibet,
2550 3355 2612 3400 ut
2649 3346 2969 3417 spiritaliter
3004 3348 3344 3418 generandos
3377 3348 3683 3403 carnaliter

2093 3441 2293 3510 gignat,
2325 3455 2431 3494 non
2462 3448 2522 3492 ut
2541 3438 2789 3507 spiritum
2821 3438 2972 3493 carni
2998 3437 3214 3494 sordida
3254 3438 3514 3495 servitute
3539 3438 3680 3491 sub-

2089 3533 2261 3606 iiciat.
2296 3553 2313 3584 ι

2163 3626 2295 3680 Item
2329 3624 2469 3680 idem
2511 3624 2566 3678 in
2603 3622 2744 3678 libro
2784 3623 2849 3678 de
2888 3622 3039 3676 Bono
3063 3622 3328 3705 coniugali
3358 3620 3507 3694 (Cap.
3540 3620 3632 3692 10)
3665 3641 3682 3679 z

2100 3737 2118 3769 ι
2154 3716 2485 3772 Concubitus
2532 3714 2677 3769 enim
2729 3714 3069 3769 necessarius
3121 3728 3284 3767 causa
3333 3712 3684 3782 generandi,

2096 3804 2464 3876 inculpabilis,
2504 3813 2559 3858 et
2589 3803 2735 3858 solus
2766 3803 2882 3872 ipse
2918 3803 3196 3873 nuptialis.
3247 3801 3337 3857 Ille
3369 3811 3547 3856 autem
3580 3803 3689 3871 qui

2094 3895 2235 3948 ultra
2281 3896 2441 3949 istam
2486 3893 2863 3948 necessitatem
2904 3893 3265 3965 progreditur,
3310 3891 3423 3961 iam
3451 3908 3557 3948 non
3590 3909 3693 3948 ra-

2097 3984 2248 4047 tioni,
2272 3984 2365 4039 sed
2394 3983 2601 4037 libidini
2628 3982 2963 4052 obsequitur.
2990 4001 3008 4032 ι
3040 3981 3173 4037 [tem
3199 3982 3340 4036 idem
3369 3982 3420 4036 in
3447 3981 3641 4036 eodem
3672 4004 3686 4037 :

2102 4098 2121 4129 ι
2156 4077 2473 4147 Nuptiarum
2504 4078 2701 4147 quippe
2730 4092 2861 4131 usus
2890 4076 2966 4130 ita
2995 4091 3053 4130 se
3083 4076 3276 4141 habet,
3306 4084 3363 4130 ut
3391 4076 3436 4130 si
3464 4077 3593 4144 quid
3627 4077 3695 4132 in

2098 4169 2177 4224 eis
2219 4186 2317 4239 per
2359 4169 2539 4226 carnis
2582 4169 3014 4224 eommistionem
3056 4167 3197 4238 quod
3240 4168 3471 4223 excedat
3509 4184 3683 4237 gene-

2100 4260 2253 4315 randi
2291 4260 2673 4316 necessitatem
2692 4299 2708 4325 ,
2735 4259 2985 4329 quamvis
3012 4258 3297 4314 venialiter
3326 4258 3527 4315 factum
3558 4258 3690 4311 fui:—

2100 4354 2209 4415 rit,
2260 4351 2651 4407 contaminatio
2701 4351 2790 4406 sit.
2825 4371 2843 4402 ι
2905 4351 2970 4405 Ει
3012 4351 3173 4420 paulo
3216 4360 3337 4421 post
3381 4349 3530 4421 (Cap.
3575 4351 3637 4420 ti)
3677 4371 3693 4405 :

2108 4463 2125 4494 ι
2158 4441 2463 4513 Coniugalis
2494 4442 2641 4498 enim
2677 4443 2996 4499 concubitus
3032 4443 3327 4512 generandi
3356 4441 3534 4512 gratia
3572 4458 3697 4500 non

2026 4513 2077 4573 D
2106 4535 2268 4588 lmbet
2298 4534 2550 4603 culpam;
2596 4532 3050 4602 concupiscentize
3080 4547 3210 4587 vero
3247 4532 3537 4596 satiandm,
3586 4536 3696 4588 sed

2105 4641 2227 4678 cum
2268 4624 2496 4693 coniuge
2531 4631 2751 4693 propter
2781 4623 2919 4677 thori
2962 4623 3155 4688 ﬁdem,
3203 4623 3472 4679 venialem
3518 4622 3703 4683 habet

2107 4715 2355 4784 Culpam:
2386 4713 2709 4768 adulterium
2738 4728 2898 4776 vero,
2949 4714 3061 4767 sive
3089 4710 3400 4777 fornicatio,
3430 4712 3700 4768 lethalem

2108 4807 2272 4862 habet
2303 4805 2534 4873 culpam.
2584 4804 2660 4858 Ac
2701 4819 2797 4874 per
2834 4806 2934 4859 hoc
2975 4803 3167 4859 melior
3191 4805 3408 4873 quidem
3441 4804 3507 4857 ab
3536 4808 3701 4861 enini

2109 4897 2398 4951 co;;cul;i'.u
2426 4896 2777 4961 centiucntia,
2810 4912 2972 4965 quam
2999 4896 3081 4951 vel
3123 4892 3237 4967 ipse
3275 4897 3707 4955 matrimonialis

2106 4989 2464 5053 concubitus,
2512 4988 2604 5056 qui
2652 4988 2711 5041 ﬁt
2754 5005 2913 5043 causa
2959 4990 3209 5058 gignendi
3265 4988 3414 5060 (Cap.
3443 4988 3521 5054 7).
3580 4988 3707 5049 Sed

2106 5080 2231 5149 quia
2274 5079 2357 5132 illa
2394 5079 2733 5134 continentia
2765 5080 2942 5135 meriti
2976 5081 3255 5151 amplioris
3288 5090 3369 5136 est
3393 5123 3405 5142 ,
3460 5082 3711 5140 reddere

2107 5186 2235 5224 vero
2258 5170 2495 5225 debitum
2521 5168 2801 5241 coniugale
2832 5173 3030 5229 nullius
3071 5182 3154 5227 est
3173 5173 3445 5237 criminis;
3472 5172 3716 5242 exigere

2108 5274 2290 5319 autem
2316 5264 2456 5319 ultra
2481 5263 2776 5334 generandi
2803 5265 3210 5329 necessitatem,
3235 5264 3404 5333 culpae
3428 5264 3711 5333 veniatis;

2110 5358 2368 5413 fornicari
2399 5372 2594 5428 porro,
2640 5357 2724 5412 vel
2766 5354 3055 5421 mwchari,
3102 5358 3357 5427 puniendi
3396 5356 3707 5420 criminis;

2110 5467 2302 5507 cavere
2322 5451 2480 5506 debet
2501 5451 2667 5505 chara
2695 5452 2940 5515 castitas,
2966 5468 3033 5506 ne
3055 5452 3181 5505 dum
3211 5452 3310 5505 sibi
3333 5449 3529 5520 quzcrit
3552 5453 3716 5508 unde

2111 5544 2342 5615 amplius
2368 5544 2685 5607 houoretur,
2715 5542 2931 5613 coniugi
2963 5541 3129 5596 faciat
3154 5543 3299 5596 unde
3325 5541 3642 5597 damnetur.
3688 5564 3705 5590 ι

2187 5674 2207 5700 c
2243 5658 2374 5725 Ome
2404 5657 2652 5724 voluptas.
2708 5654 2871 5725 Lege,
2902 5665 2959 5708 ut
2991 5656 3041 5710 in
3080 5655 3323 5724 margine
3358 5654 3555 5723 prioris
3585 5656 3712 5711 mii-

2115 5734 2275 5790 tinnis
2306 5728 2585 5802 legendum
2616 5737 2897 5785 monuerat
2928 5728 3211 5792 Agim-ius,
3242 5743 3356 5793 (μην
3389 5727 3665 5785 rotantes,
