4064 6190
394 265 492 320 181

1386 258 1474 313 DE
1510 251 1995 312 INSTITUTIONE
2033 248 2321 305 LAlCALl.
2352 279 2420 289 —
2447 247 2570 301 LIB.
2598 246 2654 300 ll.

3545 234 3643 288 lii“!

392 376 531 428 Item
580 374 719 428 idem
761 372 818 427 in
867 372 968 426 eod
1005 387 1058 425 in
1103 371 1254 443 (Cap.
1296 372 1382 440 16)
1412 391 1423 425 :
1459 392 1476 421 ι
1509 369 1663 437 Quod
1705 368 1848 422 enim
1890 373 1973 420 cst
2000 366 2048 424 A
2077 367 2128 420 in
2156 381 2346 437 magna
2370 364 2648 417 honestate
2671 357 2904 429 coniugii
2931 355 3130 424 aliquid
3156 354 3222 409 de
3249 353 3515 422 voluptate
3542 354 3646 407 lar-

398 465 557 518 citius
598 463 665 517 ad
708 461 938 516 salutem
973 462 1228 524 hominis,
1272 455 1376 517 hoc
1422 471 1506 514 est
1547 458 1866 513 concubitus
1906 455 1975 509 ad

395 555 630 608 salutem
658 555 876 625 generis
902 571 916 607 :
948 562 1003 607 et
1030 564 1320 623 utrumque
1347 569 1453 606 non
1489 560 1574 605 est
1601 551 1717 604 sine
1743 549 1977 604 delecta-

398 647 547 700 tione
574 644 797 699 carnali.
831 644 959 711 Quze
985 653 1162 698 tamen
1189 643 1514 705 modiﬁcata,
1539 653 1593 697 et
1622 640 1976 711 temperantia

399 736 712 792 refrenante
758 736 811 789 in
857 751 1012 789 usum
1058 734 1357 789 naturalem
1393 734 1631 797 redacta,
1661 730 1828 786 libido
1858 744 1979 783 esse

398 843 510 883 non
540 834 737 895 potest.
795 825 951 892 Quod
995 832 1079 879 est
1126 834 1307 878 autem
1354 823 1408 877 in
1455 821 1806 877 sustentando
1834 818 1981 872 victu

402 918 627 971 illicitus
652 916 828 980 cibus,
860 916 963 970 hoc
987 924 1072 969 est
1095 913 1150 967 in
1174 913 1463 983 qumrenda
1485 911 1634 980 prole
1659 907 1981 963 fornicarius

402 1006 489 1062 vel
521 1005 859 1060 adulterinus
893 988 1255 1059 concubitus.
1288 1002 1355 1055 Et
1388 1002 1531 1071 quod
1566 1007 1650 1054 est
1688 1000 1743 1053 in
1771 995 1982 1053 luxuria

403 1100 616 1153 ventris
645 1106 700 1152 et
726 1098 961 1169 gutturis
987 1095 1210 1150 illicitus
1237 1095 1413 1159 cibus,
1443 1095 1545 1148 hoc
1570 1101 1655 1148 est
1683 1093 1739 1147 in
1764 1091 1984 1145 libidine

402 1189 607 1245 nullam
632 1187 837 1257 prolem
856 1195 1133 1257 qumrente
1152 1176 1374 1239 illicitus
1395 1184 1731 1240 concubitus.
1757 1183 1823 1236 Et
1844 1181 1985 1252 quod

405 1290 491 1335 est
527 1280 580 1333 in
611 1280 732 1334 cibo
757 1278 905 1333 licito
936 1276 1340 1333 immoderatior
1365 1275 1653 1345 appetitus,
1684 1274 1786 1327 hoc
1818 1280 1903 1326 est
1932 1271 1984 1325 in

403 1371 728 1443 coniugibus
752 1369 977 1425 venialis
1004 1369 1092 1423 ille
1120 1367 1459 1422 concubitus.
1491 1364 1645 1420 Sicut
1665 1378 1794 1433 ergo
1818 1363 1989 1418 satius

2075 456 2298 525 giretur,
2335 453 2493 523 paulo
2520 460 2643 521 post
2671 449 2942 520 adiungit:
2976 447 3089 501 Hoc
3116 455 3291 500 autem
3315 444 3432 499 dico
3461 460 3646 498 securi-

2077 549 2199 602 dum
2225 546 2617 617 indulgentiam,
2646 559 2747 597 non
2767 541 3049 596 secundum
3072 539 3344 608 imperium
3361 535 3551 607 (Ibid,
3567 536 3645 605 6).

2077 638 2244 707 Culpa
2279 637 2475 707 quippe
2513 650 2633 690 esse
2672 633 2930 694 innuitur,
2972 631 3115 700 quod
3153 628 3428 697 indulgere
3465 630 3651 699 prohi-

2079 733 2255 787 betur.
2309 729 2415 784 Sed
2443 744 2562 798 quae
2592 736 2739 780 tanto
2768 725 2928 779 citius
2970 722 3262 787 relaxetur,
3302 728 3505 789 quanto
3542 734 3647 774 non

2078 839 2174 893 per
2216 824 2355 877 hanc
2397 820 2643 874 illicitum
2688 816 2817 886 quid
2862 823 3084 885 agatur;
3132 813 3225 869 sed
3260 813 3361 867 hoc
3391 812 3535 882 quod
3567 821 3651 867 est

2081 913 2309 975 licitum,
2349 910 2449 965 sub
2478 907 2843 963 moderamine
2868 920 2973 958 non
3007 911 3238 957 tenetur.
3269 921 3287 955 ›
3336 899 3663 972 Exemplum

2080 1002 2240 1066 Loth,
2266 1000 2358 1071 qui
2378 1014 2446 1053 ne
2470 1013 2593 1053 cum
2618 995 2866 1051 Sodomis
2887 992 3047 1065 quasi
3072 993 3126 1046 in
3150 991 3398 1047 incendio
3420 990 3657 1045 libidinis

2084 1092 2374 1163 deperiret,
2399 1105 2506 1145 non
2537 1086 2604 1143 ad
2626 1094 2862 1142 montem
2888 1084 3156 1139 castitatis
3182 1074 3529 1142 conscendit,
3559 1079 3655 1133 sed

2084 1185 2138 1240 in
2168 1184 2342 1253 Segor
2370 1181 2568 1237 mansit
2602 1177 2833 1249 coniugii
2868 1173 3019 1248 (Gen.
3048 1175 3186 1245 xxx).
3236 1172 3459 1242 Legitur
3491 1172 3655 1225 etiam

2085 1276 2141 1330 in
2185 1274 2414 1329 historia
2454 1271 2748 1343 Anglorum
2770 1270 2823 1334 1),
2868 1269 2945 1322 ita
2978 1269 3198 1321 beatum
3234 1263 3551 1334 Gregorium
3592 1261 3659 1315 ad

2086 1367 2331 1424 consulta
2353 1363 2635 1435 Augustini
2661 1361 2979 1432 scripsisse:
3017 1378 3036 1409 ι
3069 1358 3294 1428 Oportet
3320 1357 3500 1425 itaque
3527 1352 3658 1424 legi-

403 1475 495 1519 est
522 1465 659 1519 mori
686 1462 827 1518 fame
855 1478 1015 1533 quam
1047 1459 1360 1530 idolothytis
1386 1458 1562 1523 vesci,
1601 1457 1675 1511 ita
1708 1456 1878 1511 satius
1907 1462 1990 1509 est
2088 1458 2219 1513 tima
2248 1458 2429 1513 carnis
2456 1456 2649 1527 copula
2681 1462 2742 1508 ut
2776 1468 2939 1508 causa
2970 1452 3042 1507 sit
3069 1449 3258 1521 prolis,
3287 1463 3396 1503 non
3419 1446 3665 1516 volupta—
3736 1456 3745 1465 ‘

405 1557 629 1627 defungi
659 1557 776 1611 sine
802 1555 988 1609 liberis
1016 1568 1177 1623 quam
1217 1567 1282 1606 ex
1326 1550 1514 1605 illicito
1543 1548 1836 1628 concubitu
1864 1547 1990 1600 stir—
2088 1553 2189 1616 tis;
2231 1559 2283 1606 et
2309 1551 2492 1605 carnis
2517 1547 2855 1612 commistio,
2884 1544 3341 1615 procreandorum
3366 1541 3662 1597 liberorum

408 1663 533 1717 pem
562 1660 826 1716 qumrere.
867 1644 1240 1712 Undeeunque
1277 1649 1456 1696 autem
1496 1647 1791 1694 nascantur
1815 1639 1991 1693 homi—

2092 1643 2163 1696 sit
2190 1641 2391 1712 gratia,
2441 1655 2550 1694 non
2581 1637 2880 1693 satisfactio
2907 1636 3184 1690 vitiorum.
3225 1633 3359 1689 Cum
3386 1648 3521 1688 vero
3556 1647 3664 1687 non

408 1754 532 1803 nes,
562 1737 608 1792 si
638 1745 921 1807 parentum
947 1736 1079 1789 vitia
1106 1750 1214 1789 non
1242 1734 1539 1797 sectentur,
1571 1738 1625 1786 et
1651 1730 1819 1784 Deum
1846 1736 1992 1782 recte
2020 1716 2065 1773 Β
2093 1749 2247 1787 amur
2278 1730 2624 1801 procreanda:
2655 1727 2885 1793 sobolis,
2932 1727 3027 1781 sed
3066 1725 3315 1795 voluptas
3357 1723 3669 1778 dominatur

406 1832 621 1895 colant,
651 1828 862 1885 honesti
893 1836 947 1883 et
975 1827 1108 1883 salvi
1139 1832 1297 1880 erunt
1323 1842 1336 1878 :
1369 1838 1553 1878 semen
1576 1822 1727 1887 enim
1757 1817 1993 1875 hominis

407 1937 481 1975 ex
507 1919 871 1989 qualicunque
898 1916 1115 1971 homine
1143 1914 1238 1969 Dei
1263 1922 1512 1969 creatura
1542 1920 1654 1978 est;
1686 1919 1828 1966 eteo
1856 1908 1993 1963 male

409 2009 724 2073 utentibus.
774 2007 914 2062 male
943 2007 1050 2061 erit
1069 2047 1081 2068 ,
1132 2021 1240 2060 non
1271 2005 1445 2074 ipsum
1473 2002 1763 2073 aliquando
1793 2001 1994 2054 malum

402 2103 540 2157 erit.
576 2100 730 2156 Sicut
755 2110 935 2154 autem
963 2098 1060 2153 ﬁlii
1089 2097 1213 2152 boni
1243 2095 1613 2150 adulterorum
1639 2091 1786 2146 nulla
1812 2090 1995 2146 defen—

408 2191 499 2247 sio
527 2199 611 2245 est
644 2188 1059 2252 adulteriorum,
1105 2186 1185 2241 sic
1228 2184 1357 2239 mali
1404 2182 1502 2237 ﬁlii
1549 2181 1994 2251 coniugatorum,

410 2282 622 2337 nullum
650 2281 853 2335 crimen
889 2287 973 2334 est
1008 2278 1338 2347 nuptiarum.
1371 2293 1388 2325 ι
1428 2274 1558 2327 Item
1592 2272 1733 2325 idem
1771 2269 1823 2323 in
1860 2268 1997 2323 libro

411 2372 484 2427 de
518 2371 775 2426 Doctrina
804 2368 1107 2423 Christiana
1145 2364 1283 2437 (Lib.
1314 2380 1395 2429 ιιι,
1426 2379 1542 2432 cap.
1575 2359 1697 2431 l8):
1731 2378 1749 2411 ι
1781 2356 1916 2411 Nam
1951 2358 1998 2411 si

412 2463 602 2517 multis
630 2462 889 2515 uxoribus
918 2468 1067 2514 caste
1096 2459 1172 2512 uti
1200 2457 1483 2526 quisquam
1510 2468 1609 2523 pro
1637 2460 1880 2520 tempore
1904 2464 1999 2519 po-

415 2553 556 2617 tuit,
590 2560 770 2622 potest
799 2552 936 2605 alius
963 2566 1070 2604 una
1103 2548 1406 2603 libidinose.
1458 2544 1626 2616 Magis
1654 2544 1799 2598 enim
1830 2542 2001 2612 probo

419 2643 720 2720 multarum
764 2639 1096 2697 fecunditate
1140 2646 1379 2694 utentem
1424 2646 1645 2707 propter
1671 2632 1813 2688 aliud
1839 2647 1999 2701 quam

418 2736 583 2789 unius
608 2749 772 2788 carne
801 2731 1069 2787 fruentem
1098 2737 1320 2801 propter
1347 2729 1537 2798 ipsam.
1582 2726 1658 2781 lbi
1686 2724 1829 2779 enim
1856 2739 2002 2794 qua:-

422 2826 565 2879 ritur
593 2824 795 2877 utilitas
831 2832 1133 2892 temporum
1181 2803 1675 2888 Opportunitatibus
1724 2828 1962 2883 congrua
1984 2850 2000 2876 ,

421 2917 515 2970 hic
542 2915 770 2969 satiatur
798 2912 1063 2982 cupiditas
1089 2906 1475 2980 temporalibus
1507 2903 1873 2974 voluptatibus
1903 2903 2004 2956 im-

419 3008 657 3078 plicata;
700 3004 1081 3072 inferiorisque
1107 3001 1305 3071 gradus
1333 2998 1399 3054 ad
1426 3000 1592 3054 Deum
1626 3005 1778 3060 sunt,
1811 2996 2005 3066 quibus

422 3099 726 3155 secundum
754 3097 965 3151 veniam
997 3093 1242 3149 concedit
1268 3089 1557 3161 Apostolus
1581 3088 1853 3145 carnalem
1881 3104 2003 3143 cum

424 3192 655 3263 singulis
682 3187 1000 3259 coniugibus
1026 3183 1468 3240 consuetudinem
1494 3189 1717 3251 propter
1742 3180 2006 3247 intempe-

428 3284 663 3340 rantiam
692 3296 917 3342 eorum,
965 3291 1126 3346 quam
1171 3274 1246 3328 illi
1290 3272 1381 3342 qui
1427 3270 1607 3340 plures
1648 3268 1842 3339 singuli
1881 3283 2005 3323 cum

429 3375 717 3437 haberent,
744 3371 887 3425 sicut
912 3368 1125 3438 sapiens
1152 3366 1206 3420 in
1230 3364 1351 3419 cibo
1380 3371 1433 3417 et
1456 3371 1584 3433 potu
1608 3376 1713 3415 non
1738 3360 1840 3414 nisi
1868 3360 2010 3413 salu-

430 3476 541 3520 tem
562 3464 825 3536 corporis,
844 3462 993 3517 sicin
1016 3457 1306 3515 concubitu
1326 3471 1431 3511 non
1455 3455 1555 3510 nisi
1578 3454 2006 3525 procreationem

428 3557 668 3613 [Iliorum
699 3555 1067 3609 intuebantur.
1101 3570 1120 3601 ι

504 3648 800 3719 Gregorius
847 3647 901 3700 in
949 3645 1086 3699 libro
1119 3640 1381 3697 Pastorali
1411 3638 1588 3712 (Part.
1618 3655 1699 3703 ιιι,
1731 3655 1845 3709 cap.
1874 3637 1964 3709 ‘28)
1992 3653 2007 3691 :

436 3758 457 3791 ο
489 3737 823 3792 Admonendi
854 3744 979 3791 sunt
1011 3735 1292 3804 coniuges,
1340 3743 1400 3786 ut
1441 3730 1794 3799 suscipiendae
1836 3730 2005 3799 prolis

430 3846 495 3885 se
514 3829 860 3885 meminerint
880 3842 1041 3883 causa
1066 3826 1404 3897 coniunctos,
1428 3832 1482 3877 et
1506 3838 1628 3876 cum
1658 3820 2011 3875 immoderate

429 3923 745 3979 admistioni
791 3922 1120 3993 servientes,
1163 3914 1574 3995 propagationis
1621 3911 1909 3967 articulum
1956 3913 2009 3965 in

430 4032 592 4071 usum
620 4012 956 4069 transferunt
977 4009 1284 4081 voluptatis,
1307 4006 1660 4079 pel-pendant,
1683 4012 1743 4057 ut
1766 4017 1863 4071 per
1889 4003 2008 4065 hoc,

427 4107 578 4178 quod
606 4107 731 4160 licet
758 4112 911 4160 extra
939 4118 1044 4158 non
1072 4109 1288 4167 exeant,
1320 4099 1374 4153 in
1404 4099 1520 4168 ipso
1550 4105 1729 4149 tamen
1763 4091 2011 4161 coniugio

428 4207 487 4253 et
522 4196 756 4267 coniugii
784 4194 908 4263 iura
940 4191 1342 4248 transcendant.
1383 4187 1534 4243 Unde
1557 4197 1782 4240 necesse
1809 4189 1922 4245 est,
1957 4188 2013 4234 ut

429 4289 644 4345 crebris
673 4285 1077 4342 exorationibus
1112 4282 1365 4345 deﬂeant,
1413 4277 1555 4348 quod
1596 4274 1876 4346 pulchram
1920 4288 2010 4327 co—

436 4380 581 4452 pulte
624 4378 860 4450 speciem
900 4375 1152 4429 admistis
1186 4370 1551 4441 voluptatibus
1593 4365 1835 4430 ﬁndant;
1882 4362 2010 4418 hinc

425 4480 518 4524 est
542 4470 686 4525 enim
719 4467 860 4537 quod
892 4467 1099 4536 peritus
1131 4462 1408 4517 medicina:
1436 4456 1673 4514 caelestis
1697 4453 2005 4524 Apostolus,

431 4576 542 4614 non
571 4568 680 4613 tam
705 4573 865 4613 sanos
892 4556 1142 4619 instituit,
1166 4567 1329 4624 quam
1360 4549 1587 4604 inﬁrmis
1613 4547 2008 4602 medicamenta

432 4649 777 4714 monstravit,
802 4648 1017 4702 dicens:
1050 4646 1124 4699 De
1142 4644 1326 4715 quibus
1351 4641 1625 4706 scripsistis
1650 4637 1798 4701 mihi,
1821 4636 2012 4689 bonum

429 4751 508 4795 est
539 4740 737 4794 homini
762 4737 1033 4811 mulierem
1061 4751 1164 4788 non
1192 4744 1421 4803 tangere.
1459 4728 1680 4796 Propter
1708 4727 2014 4795 fornicatio-

430 4849 553 4886 uem
580 4839 753 4897 auten;
781 4828 1132 4897 unusquisque
1155 4839 1303 4877 suam
1332 4834 1544 4876 uxorem
1563 4818 1782 4880 habeat;
1810 4825 1855 4868 et
1880 4829 2013 4868 una-

431 4937 654 4994 qua’que
680 4935 834 4974 suum
866 4918 1032 4972 virum
1059 4914 1245 4969 habeat
1275 4912 1324 4985 (Ι
1352 4911 1471 4966 Cor.
1498 4925 1596 4974 vn,
1626 4907 1700 4975 l).
1737 4904 1840 4973 Qui
1868 4904 2011 4956 enim

435 5011 813 5067 fornicationis
850 5016 1054 5063 metum
1093 5006 1339 5077 permisit
1361 5018 1409 5069 η,
1448 5002 1693 5073 profecto
1723 5014 1829 5053 non
1861 5007 2009 5050 stan-

437 5105 586 5158 tibus
608 5109 938 5171 prazceptum
962 5099 1223 5161 contulit;
1257 5096 1348 5151 sed
1380 5111 1446 5149 ne
1474 5092 1703 5146 fortas‘se
1728 5092 1780 5143 in
1810 5098 2010 5143 terram

435 5199 693 5256 ruerent,
735 5191 937 5246 lectum
975 5187 1293 5243 cadentibus
1330 5183 1585 5239 ostendit.
1640 5179 1792 5235 Unde
1835 5178 2014 5231 adhuc

433 5284 845 5341 inﬁrmantibus
888 5280 1071 5336 subdit
1107 5295 1120 5333 :
1172 5275 1333 5331 Uxori
1384 5277 1458 5329 vir
1501 5273 1732 5350 debitum
1780 5269 1960 5323 reddat
1994 5283 2011 5319 :

432 5374 684 5432 similiter
710 5384 885 5427 autem
928 5381 976 5425 et
1019 5366 1156 5424 uxor
1182 5369 1288 5422 viro
1321 5364 1509 5436 (1ὺὶά.,
1535 5362 1612 5432 '5).
1656 5360 1863 5427 Quibus
1886 5359 2014 5409 dum

512 5524 540 5551 ει
568 5511 761 5565 Metam
783 5508 1034 5577 permisit.
1056 5503 1318 5577 Acherius
1343 5501 1395 5555 in
1413 5500 1659 5577 margine
1681 5501 1862 5549 monet
1886 5492 2017 5577 alias

437 5582 546 5706 leg}
581 5565 852 5650 pra'mis'it,
880 5593 998 5645 qua:
1027 5576 1243 5646 quidem
1275 5581 1381 5625 tam
1413 5565 1678 5629 bona'cst,
1713 5581 1873 5636 quam
1905 5565 2018 5618 lucc

439 5672 525 5706 ma
552 5671 602 5706 ιι.

439 5671 602 5708 ιιυιιιι.

2031 3057 2076 3119 C

2094 1822 2147 1875 ill
2187 1836 2351 1891 opere
2398 1817 2822 1881 commistionis,
2862 1814 3063 1868 habent
3101 1811 3358 1883 coniuges
3394 1811 3560 1865 etiam
3598 1809 3667 1865 dc

2092 1928 2192 1967 sua
2225 1908 2600 1965 commistione
2634 1906 2777 1976 quod
2814 1903 3069 1960 deﬂeant.
3105 1922 3122 1954 ι

2164 2002 2318 2070 Quod
2340 2002 2467 2071 quia
2493 1998 2798 2054 dedendum
2818 2011 2943 2051 esse
2964 2004 3044 2050 tot
3069 2001 3324 2062 tantaque
3346 1990 3670 2055 documenta

2096 2099 2411 2170 perhibent,
2453 2094 2634 2151 caveri
2672 2108 2899 2164 prorsus
2934 2099 3167 2163 oportet.
3222 2089 3562 2158 Quapropter
3589 2093 3674 2142 at—

2100 2191 2318 2247 tendant
2360 2188 2629 2260 coniugati
2672 2187 2816 2256 quod
2864 2187 2977 2256 ipse
3016 2185 3193 2240 coitus
3237 2197 3359 2237 cum
3392 2195 3582 2245 uxore,
3623 2179 3668 2233 si

2098 2298 2205 2339 non
2239 2296 2424 2337 amore
2459 2279 2817 2350 suscipienda:
2846 2279 3049 2349 prolis,
3093 2276 3186 2332 sed
3229 2288 3393 2330 causa
3434 2271 3674 2327 libidinis

2099 2374 2305 2440 existit,
2332 2372 2458 2428 ﬁetu
2485 2386 2619 2441 opus
2646 2371 2866 2426 habeat.

2692 2480 2920 2539 CAPUT
2956 2479 3068 2533 Vl].

2102 2578 2296 2633 Contra
2324 2592 2410 2630 eos
2455 2575 2543 2646 qui
2575 2591 2607 2646 a
2633 2573 2773 2646 coitu
2800 2586 3025 2646 umorum
3054 2566 3436 2646 praegnantium
3486 2580 3541 2618 se
3568 2564 3681 2616 mi-

2384 2637 2522 2699 nime
2547 2643 2805 2697 abstinere
2829 2641 3014 2701 debere
3041 2637 3380 2693 contendunt.

2175 2738 2233 2792 Si
2266 2752 2430 2795 causa
2458 2734 2626 2806 prolis
2654 2749 2793 2787 uxor
2820 2731 3052 2794 ducitur,
3083 2736 3140 2783 et
3164 2725 3469 2783 commistio
3510 2723 3682 2778 maris

2105 2839 2159 2882 et
2185 2826 2397 2881 feminae
2419 2838 2605 2879 amore
2635 2822 2886 2886 ﬁliorum,
2912 2835 3016 2874 non
3044 2818 3235 2873 ardore
3258 2814 3495 2871 libidinis
3520 2813 3679 2868 debet

2105 2920 2371 2983 exerceri,
2403 2926 2689 2988 postquam
2720 2912 2956 2967 fructum
2984 2908 3226 2965 oriundae
3253 2905 3422 2976 prolis
3448 2900 3686 2958 tumefa-

2107 3020 2225 3068 ctus
2273 3009 2458 3064 uxoris
2505 3013 2694 3061 venter
2740 3001 3099 3065 indicaverit,
3152 2998 3279 3068 quid
3327 2996 3503 3051 coitus
3553 3009 3676 3049 cum

2107 3118 2294 3165 uxore,
2321 3100 2434 3170 iam
2460 3098 2571 3153 nisi
2597 3107 2788 3153 aestum
2810 3092 3059 3150 libidinis
3087 3086 3462 3146 demonstrat?
3489 3083 3681 3139 Nonne

2108 3195 2175 3249 ab
2198 3189 2568 3261 huiuscemodi
2593 3189 2738 3245 coitu
2765 3186 3036 3242 abstinere
3058 3180 3259 3241 nolenti
3286 3177 3681 3252 quodammodo

2108 3292 2240 3348 dicit
2265 3290 2525 3345 Dominus
2550 3306 2564 3342 :
2600 3285 2659 3342 Si
2685 3300 2847 3342 causa
2874 3283 3169 3338 liberorum
3198 3291 3426 3334 uxorem
3454 3272 3679 3333 duxisti.

2106 3387 2219 3457 iam
2256 3399 2344 3438 me
2379 3387 2639 3451 operante
2667 3378 2891 3447 adeptus
2929 3390 2989 3430 es
3017 3372 3161 3444 quod
3188 3367 3442 3432 voluisti;
3492 3364 3680 3433 utquid

2107 3454 2257 3547 operi
2291 3488 2413 3529 meo
2445 3470 2705 3527 morbidae
2736 3466 2973 3524 libidinis
2999 3463 3292 3534 quidquam
3323 3454 3685 3528 superaddere

2109 3563 2533 3638 praesumpsisti?
2558 3560 2628 3615 Hi
2654 3568 2835 3615 autem
2861 3557 2952 3626 qui
2979 3570 3101 3610 cum
3126 3548 3527 3623 praegnantibus
3549 3559 3675 3598 uxo-

2110 3658 2261 3712 ribus
2288 3656 2512 3710 licenter
2537 3652 2681 3707 coire
2705 3663 2864 3719 posse
2887 3644 3238 3707 contendunt,
3261 3641 3443 3710 legant
3468 3639 3684 3691 beatum

2112 3745 2477 3819 [Ambrosium
2523 3743 2577 3797 in
2624 3739 2973 3810 Expositione
3020 3735 3180 3789 Lucae
3223 3727 3564 3798 evangelista
3608 3726 3680 3779 ita

2112 3815 2434 3893 scribentem
2462 3852 2475 3888 :
2509 3852 2527 3884 ι
2561 3830 2701 3899 Quid
2730 3830 2962 3892 mirum,
3002 3823 3209 3894 inquit,
3250 3820 3317 3875 de
3356 3815 3687 3877 hominibus,

2112 3928 2155 3982 si
2202 3926 2433 3996 pecudes
2472 3936 2685 3994 quoque
2723 3928 2872 3975 muto
2908 3916 3141 3987 quodam
3174 3926 3338 3982 opere
3370 3908 3687 3977 loquuntur,

2111 4016 2399 4087 generandi
2422 4000 2522 4068 sibi
2545 4011 2801 4075 studium,
2819 4024 2924 4063 non
2946 4003 3268 4060 desiderium
3288 4014 3409 4055 esse
3429 3996 3679 4052 coeundi.

2115 4108 2387 4177 Siquidem
2418 4105 2507 4159 ubi
2537 4102 2704 4159 semel
2734 4115 2951 4172 gravem
2978 4097 3156 4151 alvum
3187 4093 3289 4149 sibi
3316 4090 3605 4150 senserint,
3631 4097 3688 4141 ct

2113 4197 2330 4268 genitali
2361 4194 2482 4249 alvo
2509 4208 2696 4248 semen
2725 4197 3068 4261 perceptum,
3101 4186 3211 4257 iam
3245 4198 3345 4237 nec
3378 4178 3682 4236 concubitui

2113 4289 2414 4359 indulgent,
2447 4302 2548 4341 nec
2575 4283 2853 4339 lasciviam
2882 4286 3086 4342 amant,
3115 4274 3209 4331 sed
3237 4288 3421 4329 curam
3448 4269 3686 4341 parentis

2116 4387 2417 4436 assumunt.
2466 4376 2537 4429 At
2562 4390 2694 4429 vero
2721 4372 2968 4429 homines
3002 4384 3100 4424 nec
3134 4363 3431 4435 conceptis,
3462 4375 3559 4416 nec
3584 4360 3687 4414 Dn-

2118 4475 2265 4530 mino
2290 4479 2521 4543 parcunt
2547 4487 2560 4523 :
2597 4467 2715 4522 illos
2744 4464 3134 4525 contaminant,
3165 4460 3311 4514 hunc
3338 4460 3682 4525 exasperant.

2120 4567 2468 4637 Priusquam,
2498 4561 2702 4630 inquit,
2731 4568 2780 4613 te
2808 4557 3089 4627 formarem
3116 4552 3171 4605 in
3200 4560 3366 4614 utero,
3398 4546 3517 4600 novi
3544 4553 3614 4607 te,
3640 4550 3689 4595 et

2115 4663 2171 4716 in
2215 4635 2364 4715 vuiva
2412 4652 2733 4723 sanctiﬁcavi
2786 4660 2834 4703 te
2883 4647 3014 4719 (Jer.
3048 4661 3063 4698 ι
3092 4682 3109 4709 ,
3134 4642 3291 4713 5).Ad
3334 4635 3684 4695 collibeudam

2118 4747 2469 4821 petulantiam
2509 4754 2657 4798 tuam
2691 4754 2883 4796 manus
2922 4737 3191 4807 quondam
3234 4731 3310 4786 tui
3350 4727 3588 4786 auctoris
3631 4726 3684 4779 in

2118 4850 2274 4896 utero
2301 4838 2576 4894 hominem
2606 4832 2887 4888 formantis
2912 4824 3190 4883 advertis?
3220 4823 3310 4877 ille
3336 4828 3610 4891 operatur,
3633 4823 3688 4869 et

2114 4941 2171 4986 tu
2196 4929 2335 4985 uteri
2363 4935 2629 4983 secretum
2654 4924 2889 4978 incestas
2911 4916 3129 4971 libidine
3152 4933 3165 4969 :
3200 4912 3283 4967 vcl
3308 4908 3539 4981 pecudes
3567 4904 3687 4959 illii-

2116 5031 2249 5085 tare,
2280 5018 2365 5073 vel
2401 5016 2683 5070 Dominum
2716 5005 3031 5083 (reverere).
3092 5004 3230 5072 Quid
3276 5003 3340 5057 de
3388 4996 3678 5069 pecudibus

2116 5111 2348 5182 loquar?
2382 5119 2523 5183 terra
2556 5107 2669 5175 ipsa
2700 5120 2730 5156 a
2763 5098 3056 5172 generandi
3084 5110 3247 5166 opere
3276 5106 3416 5160 saepe
3446 5088 3688 5156 requies-

2117 5177 2211 5268 cit,
2248 5214 2302 5257 et
2329 5201 2374 5256 si
2402 5180 2702 5269 impatienti
2736 5194 3012 5248 hominum
3041 5185 3308 5245 desiderio
3328 5180 3550 5250 iactatis
3572 5177 3684 5232 fre-

2118 5303 2345 5367 quenter
2388 5288 2681 5346 seminibus
2728 5292 3042 5354 occupetur,
3093 5272 3512 5347 imprudentiam
3551 5269 3688 5324 mul-

2117 5364 2230 5441 ctat
2277 5381 2524 5450 agricola:
2552 5420 2566 5443 ,
2620 5375 3003 5432 fecunditatem
3045 5365 3330 5423 sterilitate
3368 5364 3684 5416 commutat.

2118 5499 2218 5623 Ἷι»
2239 5494 2398 5622 Interim
2428 5490 2565 5548 Hist.
2594 5489 2746 5561 Angl.
2777 5487 2871 5541 lib.
2902 5501 2940 5550 ι,
2969 5496 3086 5552 cap.
3108 5478 3217 5553 27;
3250 5485 3304 5533 et
3328 5472 3493 5546 Greg.
3525 5470 3679 5544 epist.

2120 5591 2151 5623 ο
2191 5611 2204 5623 .
2260 5585 2272 5620 l
2318 5603 2333 5619 .
2360 5579 2455 5618 xu.

2120 5579 2204 5634 at,
2242 5579 2333 5622 nn.
2360 5579 2455 5618 xu.
